4158 6370
250 390 309 445 45
949 393 1007 446 S.
1048 390 1324 447 MAXIMI
1364 391 1671 447 SCHOLIA
1707 391 1781 443 IN
1820 389 1954 444 LIB.
1998 394 2093 447 DE
2130 396 2449 455 C(ELEBTI
2492 399 2960 455 HIERARCHIA.
3590 403 3659 458 46

252 506 375 581 ὅλης
410 507 780 584 διακόσμησις
839 506 1056 585 ἅμυδρά
1108 533 1233 567 τινα
1289 511 1378 567 καὶ
1438 507 1645 580 σκιώδη
1677 510 1903 584 ἀπηχή-

2023 515 2163 572 teria
2192 520 2507 592 descriptio
2530 521 2807 577 obscuras
2827 521 3114 594 quasdam
3146 526 3205 579 et
3234 523 3545 581 umbrosas
3566 524 3659 580 in-

257 620 386 673 ματα
435 604 547 654 τῶν
611 604 817 675 νοερῶν
876 596 995 674 ἔχει
1030 620 1042 633 '
1100 600 1283 675 ὥσπερ
1341 601 1443 677 γὰρ
1503 597 1786 670 ἐπιτήδεια
1840 599 1908 653 τὰ

253 688 400 764 νοερὰ
439 687 520 751 εἷς
571 685 887 764 ὑποδοχὴν,
920 691 994 752 ὡς
1046 689 1284 768 ἐφικτὸν,
1322 694 1429 745 τῶν
1470 688 1531 744 έκ
1582 693 1716 745 Θεοῦ
1772 708 1907 763 προ-

254 782 513 847 νοητικῶν
546 776 825 854 προόδων,
856 780 949 834 καὶ
990 780 1102 848 ζωή
1137 776 1283 850 ὅντα,
1320 784 1580 849 ζωοῦνται
1619 779 1765 853 παρὰ
1810 780 1907 832 τοῦ

258 868 376 940 ὗπὶρ
408 872 586 921 πᾶσαν
643 869 788 936 ζωὴν
836 864 1039 943 [ὄντος]
1090 867 1224 924 Θεοῦ
1259 889 1271 901 ⁶
1306 868 1395 923 καὶ
1437 865 1692 941 δυνάμεις
1742 861 1906 941 ἔχου-⁹

257 977 328 1011 σιν
385 957 464 1018 εἷς
538 956 847 1033 εὐεργεσίαν
921 957 1294 1032 ἐνεργητικὰς,
1348 959 1436 1013 καὶ
1514 955 1724 1026 κίνησίν
1791 974 1909 1009 τινα

260 1044 619 1120 ὑπερκόσμιον
654 1063 668 1077 ⁸
705 1044 850 1101 οὕτω
879 1045 969 1101 καὶ
1020 1047 1087 1100 τὰ
1144 1045 1307 1101 ὑλαῖα
1336 1046 1512 1101 πάντα
1559 1045 1700 1118 ὁμοῦ
1731 1064 1790 1098 τε
1817 1042 1907 1097 καὶ

253 1134 380 1189 κατᾶ
412 1136 600 1211 μέρος,
632 1136 733 1206 τήν
766 1154 827 1190 τε
873 1134 1140 1210 πρόνοιαν
1188 1138 1285 1189 τοῦ
1334 1139 1468 1190 Θεοῦ
1520 1131 1737 1195 οίκείως
1786 1132 1905 1186 Eatu-

251 1229 359 1286 τοῖς
394 1221 670 1299 δέχεσθαι,
705 1221 1035 1295 ἐπιτηδείως
1080 1220 1325 1300 ἔχουσιν,
1356 1224 1446 1279 καὶ
1498 1226 1787 1293 ζωοῦσθαι,
1819 1220 1908 1276 καὶ

256 1314 360 1383 ζωὴ
411 1312 654 1388 γίνεσθαι
724 1310 998 1383 δύνανται,
1046 1314 1121 1376 ὡς
1188 1313 1251 1369 τό
1284 1332 1298 1346 ⁸
1351 1313 1689 1390 Ἐξαγαγέτω
1738 1314 1774 1381 ἡ
1834 1317 1905 1386 γῆ

253 1403 435 1478 ψυχὴν
518 1407 690 1471 ζῶσαν
726 1421 739 1434 ·
800 1404 887 1457 καὶ
964 1401 1117 1465 αὖθις
1154 1423 1165 1437 ·
1230 1401 1571 1477 Ἐξαγαγέτω
1624 1402 1692 1456 τὰ
1744 1399 1911 1455 ὕδατα

253 1491 445 1565 ἑρπετᾶ
490 1494 687 1567 ψυχῶν
738 1496 926 1561 ζωσῶν
967 1511 979 1525 ⁸
1036 1489 1182 1547 ἀλλᾶ
1235 1491 1325 1546 καὶ
1385 1489 1637 1564 δυνάμεις
1696 1489 1910 1564 εὐεργε-

251 1580 397 1642 τικᾶς
425 1586 544 1643 τοῖς
573 1581 679 1635 ἀπὸ
722 1587 827 1655 γῆς
859 1582 1132 1653 πνέουσιν,
1167 1581 1242 1643 ὡς
1298 1578 1558 1651 δηλοῦσιν
1608 1576 1662 1633 α⁹ί
1715 1598 1773 1632 τε
1821 1575 1910 1632 διὰ

257 1670 492 1746 βοτανῶν
525 1671 613 1724 καὶ
664 1673 774 1726 τῶν
825 1669 1166 1744 μεταλλικῶν
1213 1668 1473 1749 ὠφέλειαι
1507 1690 1520 1703 ·
1571 1668 1659 1723 καὶ
1700 1666 1910 1737 κίνησιν

255 1756 308 1814 δέ
331 1756 688 1830 κατάλληλον
718 1760 786 1815 τὰ
818 1758 983 1815 ὑλαῖα
1011 1755 1128 1836 ἔχει
1157 1760 1258 1829 τήν
1304 1759 1381 1822 εἷς
1431 1758 1636 1834 γένεσιν
1681 1759 1909 1833 προϊοῦ-

257 1869 341 1903 σαν
398 1848 491 1903 καὶ
549 1847 797 1926 φθορᾶν’
830 1851 919 1904 καί
977 1849 1124 1919 τάξιν
1180 1847 1395 1924 δέχεται
1449 1849 1552 1917 τὴν
1609 1844 1756 1919 παρὰ
1809 1847 1907 1899 τοῦ
1938 1885 1985 1951 Β

260 1943 287 1951 -
354 1942 380 1951 ..
475 1935 493 1951 .
634 1947 649 1951 ,
688 1943 712 1951 ..
760 1936 771 1951 .
1087 1937 1100 1951 ι
1180 1935 1194 1951 ς
1334 1947 1347 1951 _
1521 1937 1531 1951 .
1725 1932 1899 1951 .-με

254 1942 385 1993 Θεοῦ
474 1935 806 2001 ἰπιτεθεῑσάν
882 1957 942 1992 τε
1014 1937 1104 1992 καὶ
1175 1935 1662 2009 ἐπιτεθησομένην.
1725 1932 1909 1990 Ἀλλᾶ

252 2027 335 2082 καὶ
368 2026 694 2104 φωτίζεσθαι
746 2026 949 2104 πέφυκε
1004 2024 1274 2102 παρουσίᾳ
1311 2030 1515 2101 νοερῶν
1570 2022 1851 2095 δυνάμεων
1888 2041 1902 2055 ’

253 2117 322 2178 ὡς
369 2114 460 2170 ἐπὶ
499 2119 600 2171 τοῦ
642 2116 782 2170 κατὰ
826 2118 927 2186 τὴν
975 2116 1257 2171 ἀνάστασιν
1309 2119 1405 2170 τοῦ
1450 2113 1652 2190 Κυρίου
1707 2112 1906 2188 ἀστρά-

253 2225 480 2269 ⁴ιι-τοντος
509 2204 773 2281 ἀγγέλου,
804 2203 895 2260 καὶ
945 2204 1276 2280 φωτίζοντος
1322 2205 1384 2259 τὸ
1432 2204 1715 2280 περιέχον.
1746 2203 1907 2278 Ἔχει

254 2292 307 2350 δὲ
355 2298 526 2350 ταῦτα
581 2296 616 2363 ἡ
676 2293 786 2365 ὕλη
847 2294 1158 2369 πάσχουσα,
1209 2293 1272 2349 οὗ
1332 2294 1439 2367 μὴν
1500 2294 1574 2355 ὡς
1628 2292 1696 2347 τὰ
1743 2292 1908 2366 νοερὰ

251 2384 572 2459 ἐνεργοῦντα
603 2401 616 2414 ·
677 2380 765 2437 διὸ
847 2382 966 2437 κατ’
1024 2380 1252 2458 ἔσχατον
1339 2382 1619 2457 ἀπήχημα
1695 2379 1905 2455 λέγεται

250 2477 410 2527 ταῦτα
456 2466 604 2547 ἔχειν
640 2489 652 2503 ⁸
703 2471 759 2527 τί
811 2468 868 2527 δέ
924 2471 1066 2526 ἐστιν
1118 2471 1396 2545 ἀπήχημα
1434 2464 1688 2545 ἔσχατον,
1720 2468 1771 2522 ἐν
1825 2472 1906 2540 τῷ

253 2564 375 2637 Περὶ
449 2561 605 2616 θείων
694 2559 979 2634 ὀνομάτων
1054 2557 1205 2635 λόγῳ
1277 2558 1557 2637 σαφηνίσω
1613 2560 1659 2594 ³³
1715 2556 1765 2613 ἐν
1822 2576 1908 2611 κε-

253 2650 380 2725 φαλ.
416 2647 485 2706 δ’.

320 2831 420 2885 Καὶ
470 2833 576 2886 τῶν
619 2830 823 2886 αὐτῶν.
872 2829 1215 2903 Σημείωσαι,
1249 2828 1325 2890 ὡς
1381 2833 1555 2882 πᾶσαν
1612 2827 1712 2896 τὴν
1768 2825 1906 2897 ὕλην

252 2920 310 2976 οὗ
366 2921 503 2989 φησί
560 2919 745 2996 νοεράν
775 2938 789 2952 ·
824 2921 1022 2975 οὐκοῦν
1082 2918 1172 2974 καί
1221 2919 1273 2973 o't
1315 2918 1529 2994 ἀστέρες
1557 2915 1765 2993 δίψυχοι
1798 2934 1811 2947 '
1846 2914 1907 2971 οὔ

249 3012 351 3085 γὰρ
408 3008 601 3085 ἔχουσι
651 3013 797 3067 νοῦν,
861 3008 923 3067 Ei
986 3008 1077 3063 καί
1126 3009 1193 3063 τὰ
1247 3006 1383 3063 αὐτὰ
1429 3006 1668 3081 ὀνόμοτά
1724 3026 1907 3084 φησιν,

249 3097 374 3155 ἀλλ’
428 3100 538 3176 οὐχ
593 3099 805 3173 ὁμοίως
858 3092 1233 3171 λαμϐάνονται
1268 3114 1281 3129 ·
1340 3096 1476 3171 πρὸς
1531 3098 1632 3166 τήν
1678 3096 1911 3173 φυσικὴν

248 3187 304 3244 δὲ
362 3187 615 3259 ἰδιότητα
658 3192 757 3244 τοῦ
808 3187 1169 3261 ὑποκειμένου
1216 3187 1307 3242 καὶ
1355 3185 1626 3262 ὁρίζονται
1676 3184 1766 3241 καὶ
1824 3205 1909 3240 νο-

248 3282 407 3334 οῦντα
416 3300 457 3337 ι.

315 3371 433 3439 δν.
485 3371 838 3442 Θεαρχικαῖς.
889 3368 936 3402 ³³
986 3366 1244 3422 ’τουτέστι
1289 3368 1409 3427 τοῖς
1456 3364 1576 3438 περὶ
1634 3367 1769 3419 Θεοῦ
1818 3385 1909 3421 νο-

248 3459 449 3531 ήμασι.

315 3550 439 3601 Τῶν
500 3544 840 3622 φαινομένων
923 3542 1147 3616 τιμίων.
1219 3542 1535 3615 Σημείωσαι
1620 3540 1741 3595 τίνα
1808 3560 1910 3595 κα-

252 3634 339 3692 λεῖ
393 3633 578 3706 τίμια,
630 3633 707 3695 ὡς
786 3630 947 3701 ἥλιον
996 3631 1087 3703 καὶ
1143 3630 1269 3693 τοὺς
1328 3631 1592 3702 ἀστέρας’
1647 3630 1736 3685 καὶ
1791 3628 1912 3685 τίνα

254 3726 411 3796 μέσα,
464 3728 572 3797 πῦρ
616 3722 707 3777 καὶ
757 3718 903 3799 ὕδωρ
933 3740 947 3754 ’
996 3721 1088 3776 καὶ
1144 3719 1262 3776 τίνα
1305 3716 1527 3795 ἔσχατα,
1577 3719 1650 3780 ὡς
1700 3718 1907 3794 μύρον³

243 3814 331 3868 καὶ
387 3812 515 3869 τίνα
566 3810 754 3885 ἄτιμα,
813 3811 885 3874 ὡς
929 3810 1093 3887 θηρία
1139 3810 1230 3865 καὶ
1292 3807 1586 3878 σκώληκας
1621 3827 1633 3840 ·
1678 3809 1763 3863 καὶ
1825 3806 1909 3862 ὅτι

242 3901 329 3958 ἐπὶ
379 3906 519 3958 Θεοῦ
560 3902 646 3957 καὶ
692 3900 758 3956 τὰ
805 3898 1052 3976 Θηριώδη
1117 3896 1371 3973 σύμϐολα
1432 3896 1665 3973 εἷ’ρηται,
1697 3897 1789 3953 καὶ
1843 3898 1910 3955 τὰ

242 3990 291 4061 ἕξ
348 3990 493 4062 ὕλης
526 4010 539 4023 ’
596 3989 689 4046 καὶ
745 3990 815 4046 τὰ
868 3989 1028 4063 τίμια
1083 3986 1161 4059 δὲ,
1216 3990 1305 4045 καὶ
1364 3988 1434 4044 τὰ
1493 3989 1648 4063 μέσα,
1698 3988 1787 4043 καὶ
1844 3990 1909 4044 τὰ

242 4078 449 4154 ἄτιμα.

307 4169 539 4227 Ἥλιον.
596 4166 801 4226 ’Ἡλιον
853 4165 1206 4239 δικαιοσύνης
1262 4164 1640 4243 Μαλαχίαςιὸ
1691 4168 1908 4242 προφή-

234 4280 336 4328 της
372 4260 659 4332 ὀνομάζει.
694 4259 757 4315 Ὁ
789 4254 847 4313 δὲ
878 4262 1022 4322 θεῖος
1058 4256 1260 4335 Πέτρος
1289 4256 1341 4312 ἐν
1395 4259 1464 4331 τῇ
1495 4254 1762 4330 καθολικῇ
1814 4254 1906 4309 αὐ-

235 4353 337 4403 τοῦ
420 4346 729 4422 ἐπιστολῇ·
788 4348 931 4411 Ἕως
994 4347 1060 4401 οὗ
1147 4345 1436 4424 φωσφόρος
1518 4342 1771 4419 ἀνατείλῃ
1854 4342 1906 4399 ἐν

234 4443 357 4500 ταῖς
407 4433 666 4513 καρδίαις
724 4436 903 4510 ὑμῶν,
962 4434 1049 4491 καὶ
1094 4434 1163 4490 τὰ
1219 4436 1341 4505 ἑξῆς
1376 4455 1389 4469 ο
1425 4433 1582 4495 οὗτος
1631 4434 1732 4509 γάρ
1763 4432 1903 4488 ἐστιν

236 4529 265 4583 ὁ
299 4528 442 4599 ἑῷος
497 4526 691 4598 ἀστήρ.
722 4526 784 4584 Ὁ
843 4523 902 4580 δὶ
959 4526 1205 4593 Μωϋσῆς
1241 4542 1254 4555 ·
1291 4524 1378 4580 'Ev
1437 4526 1506 4596 τῇ
1570 4521 1717 4597 βάτῳ
1774 4526 1903 4596 πῦρ,

2016 603 2477 677 telligentiarum
2500 610 2676 666 habet
2706 615 2908 677 notas;
2954 612 3452 682 quemadmodum
3503 612 3661 669 enim

2016 708 2083 747 ea
2125 710 2254 766 quae
2294 697 2633 771 intelligunt
2676 698 2810 770 apta
2858 704 3017 771 sunt,
3067 705 3350 771 quantum
3400 701 3553 771 licet,
3588 702 3660 757 ad

2018 786 2450 855 susceptionem
2513 789 2886 859 providarum
2936 805 3003 844 ex
3047 789 3163 845 Deo
3196 790 3659 863 processionum,

2018 875 2188 942 atque
2214 890 2344 929 cum
2371 876 2493 931 sint
2523 876 2664 947 vita,
2684 876 3054 934 viviﬁcantur
3083 895 3116 934 a
3145 879 3262 935 Deo
3292 879 3395 951 qui
3424 896 3660 937 omnem

2015 960 2194 1017 vitam
2228 969 2485 1034 superat,
2503 970 2560 1020 et
2584 965 2805 1022 habent
2824 966 3071 1023 virtutes
3102 968 3171 1023 ad
3198 968 3344 1024 bene
3363 971 3661 1041 agendum

2018 1051 2363 1123 operativas,
2401 1058 2459 1109 et
2503 1059 2726 1111 motum
2762 1057 3080 1128 quemdam
3114 1057 3399 1114 terminos
3455 1057 3664 1115 mundi

2016 1137 2310 1195 inferioris
2342 1143 2751 1212 excedentem;
2788 1146 2868 1199 ita
2898 1146 3075 1200 etiam
3108 1144 3435 1202 materialia
3458 1146 3661 1204 omnia

2019 1228 2237 1298 pariter
2260 1235 2316 1285 et
2343 1230 2576 1288 divisim
2614 1234 2708 1288 Dei
2750 1234 3178 1305 providentiam
3213 1252 3316 1306 pro
3349 1239 3524 1307 captu
3554 1253 3663 1293 suo

2018 1320 2297 1390 accipere,
2331 1324 2465 1391 apta
2496 1325 2656 1389 sunt,
2675 1323 2981 1391 vivificari,
3006 1328 3062 1379 et
3083 1324 3200 1379 vita
3232 1341 3362 1381 esse
3392 1329 3661 1396 possunt,

2019 1406 2103 1461 uti
2136 1407 2278 1463 illud
2314 1426 2326 1463 :
2363 1410 2630 1465 Producal
2659 1415 2805 1467 terra
2837 1414 3088 1467 animam
3117 1414 3391 1468 viventem
3439 1414 3550 1485 (0);
3604 1417 3665 1468 et

2020 1512 2257 1551 rursum
2283 1499 2631 1554 :Producant
2660 1516 2815 1570 aqua:
2846 1500 3047 1571 reptile
3077 1503 3281 1556 anima:
3300 1503 3534 1558 viventis
3554 1501 3663 1573 (p);

2019 1584 2137 1639 imo
2196 1586 2373 1641 etiam
2428 1589 2676 1646 virtutes
2720 1589 3001 1645 beniﬁcas
3052 1590 3298 1646 terrenis
3359 1588 3663 1659 exhalant,

2018 1674 2169 1729 sicut
2189 1674 2489 1731 declarant
2528 1679 2838 1734 commoda
2868 1695 2994 1749 quis
3025 1679 3097 1735 ab
3128 1678 3327 1735 herbis
3356 1684 3415 1735 et
3457 1678 3665 1735 metal-

2016 1760 2145 1818 licis
2177 1764 2936 1838 capiuntur.l-labentporro
2968 1766 3141 1824 etiam
3176 1767 3505 1824 materialia
3534 1783 3664 1825 mu-

2016 1855 2185 1907 tuum
2219 1853 2289 1908 ad
2322 1854 2760 1925 generationem
2805 1859 2862 1911 et
2886 1856 3320 1928 corruptionem
3370 1857 3664 1929 prodeun-

2018 1943 2137 1996 tem
2170 1946 2502 2009 motum,et
2532 1942 2800 1998 ordinem
2845 1943 3141 2015 accipiunt
3184 1961 3217 1999 a
3260 1948 3371 2000 Deo
3420 1943 3665 2015 imposi-

2016 2032 2141 2085 tum
2173 2034 2229 2084 et
2258 2030 2706 2101 imponendum,
2730 2031 2832 2087 sed
2863 2036 2921 2088 et
2949 2031 3271 2088 illuminari
3303 2049 3338 2088 a
3358 2032 3668 2105 praesentia

2017 2118 2475 2190 intelligentiam
2492 2120 2777 2175 virtutum
2797 2124 2934 2175 nata
2963 2126 3122 2191 sunt,
3155 2121 3662 2192 quemadmodum

2016 2208 2443 2263 resurrectione
2466 2208 2699 2263 Domini
2727 2214 3074 2265 coruscante
3096 2210 3303 2281 angelo
3325 2214 3381 2264 et
3408 2210 3661 2265 circum-

2016 2296 2173 2353 circa
2214 2296 2607 2353 illuminante.
2664 2298 2789 2352 Haec
2836 2302 3033 2353 autem
3060 2298 3233 2353 habet
3265 2298 3512 2354 materia
3555 2313 3665 2369 pa-

2016 2386 2190 2455 tiens,
2228 2403 2340 2441 non
2376 2402 2507 2441 vero
2540 2386 2694 2442 sicut
2724 2386 3118 2457 intelligentia
3151 2386 3662 2458 operativaz,ideo-

2016 2491 2129 2546 que
2176 2476 2502 2531 secundum
2545 2479 2868 2531 extremam
2900 2475 3294 2531 resonantiam
3326 2490 3431 2531 seu
3465 2478 3665 2532 notam

2016 2563 2137 2619 haec
2168 2564 2382 2620 habere
2412 2565 2629 2620 dicitur
2663 2581 2674 2618 :
2710 2566 2852 2636 quid
2886 2581 3056 2636 porro
3104 2563 3181 2620 sit
3212 2566 3538 2620 resonantia
3565 2579 3669 2620 ex-

2014 2657 2193 2710 trema
2250 2653 2550 2726 explicabo
2603 2653 2663 2709 in
2718 2655 2906 2727 capite
2953 2657 3166 2728 quarto
3193 2653 3329 2709 libri
3358 2655 3433 2710 De
3460 2652 3671 2710 divinis

2015 2745 2353 2800 nominibus.

2086 2835 2154 2889 Et
2182 2836 2419 2889 easdem.
2442 2836 2593 2890 Nota
2621 2833 2778 2889 haud
2813 2848 3074 2889 asserere
3096 2831 3405 2888 materiam
3428 2846 3666 2888 omnem

2018 2939 2147 2979 esse
2176 2922 2539 2995 intelligendi
2589 2939 2886 2995 capacem,
2936 2923 3201 2993 adeoque
3245 2928 3303 2977 et
3349 2925 3508 2978 astra
3536 2921 3670 2977 ina-

2018 3012 2217 3078 nima;
2251 3028 2441 3085 neque
2464 3011 2622 3067 enim
2655 3015 2915 3068 mentem
2962 3011 3221 3067 habent:
3253 3014 3312 3066 et
3333 3010 3385 3065 si
3427 3009 3671 3067 nomina

2018 3100 2223 3156 eadem
2252 3099 2427 3171 dicat,
2460 3102 2561 3156 sed
2587 3117 2702 3155 non
2726 3098 3002 3156 similiter
3026 3098 3400 3171 accipiuntur
3422 3118 3436 3167 ;
3458 3102 3520 3155 at
3558 3114 3666 3170 pro

2022 3188 2275 3245 naturali
2326 3190 2681 3261 proprietate
2724 3188 2977 3259 subjecti
3007 3193 3067 3244 et
3095 3188 3463 3244 deﬁniuntur
3490 3191 3548 3243 et
3575 3188 3666 3244 in-

2021 3278 2387 3351 telliguntur.

2090 3368 2211 3437 §V.
2245 3370 2345 3426 Dei
2370 3367 2792 3441 principalibns.
2824 3369 3173 3440 Θεαρχικαῖς,
3197 3365 3309 3422 hoc
3337 3369 3424 3422 est
3451 3366 3665 3439 cogita-

2020 3458 2279 3514 tionibus
2311 3458 2382 3513 de
2416 3459 2551 3512 Deo.

2092 3548 2221 3616 Quae
2249 3553 2515 3618 apparent
2542 3546 2803 3617 pretiosa.
2835 3545 2983 3602 Nota
3012 3560 3286 3618 quamam
3333 3548 3501 3600 vocet
3530 3560 3661 3616 pre-

2020 3636 2190 3705 tiosa,
2222 3636 2402 3691 veluti
2452 3635 2635 3691 solem
2681 3639 2740 3689 et
2788 3639 2994 3703 astra;
3045 3638 3103 3690 et
3145 3650 3413 3706 quaenam
3448 3632 3664 3702 media,

2020 3725 2174 3781 sicut
2200 3724 2395 3795 ignem
2423 3728 2480 3779 et
2510 3740 2723 3795 aquam
2748 3728 2805 3779 et
2837 3740 3103 3795 quaenam
3136 3726 3419 3792 extrema,
3452 3727 3516 3777 ut
3546 3739 3658 3778 un-

2017 3819 2323 3887 guentum;
2372 3818 2429 3869 et
2464 3830 2735 3884 quisnam
2777 3812 2940 3883 vilia,
2978 3813 3131 3869 sicut
3172 3811 3442 3867 Ilferas
3464 3815 3521 3866 et
3541 3827 3661 3867 ver-

2019 3919 2165 3972 mes,
2187 3908 2243 3958 et
2277 3903 2433 3974 quod
2475 3903 2544 3957 de
2580 3907 2691 3958 Deo
2723 3902 2991 3973 quaedam
3044 3901 3215 3973 signa
3244 3901 3503 3955 ferarum
3534 3916 3666 3971 spe-

2018 3993 2165 4049 ciem
2198 3992 2505 4047 referentia
2536 3991 2692 4047 dicta
2722 3996 2882 4059 sunt,
2902 3996 2959 4047 et
2981 3988 3313 4046 materialia
3334 3994 3390 4045 et
3410 3989 3667 4060 pretiosa

2018 4082 2217 4147 etiam,
2241 4085 2413 4151 atque
2446 4079 2636 4135 media
2667 4083 2724 4134 et
2744 4080 2903 4134 vilia.

2089 4172 2283 4226 Solem.
2311 4170 2492 4225 Solem
2515 4169 2751 4237 justitiw
2791 4167 3115 4223 Malachias
3150 4167 3434 4239 propheta
3463 4164 3665 4239 appel-

2018 4259 2156 4315 lavit
2177 4262 2274 4329 (q).
2304 4257 2543 4313 Divinus
2565 4261 2762 4312 autem
2787 4257 2994 4312 Petrus
3017 4255 3076 4311 in
3098 4255 3390 4312 catholica
3417 4270 3525 4309 sua
3541 4253 3667 4324 Epi-

2015 4347 2167 4404 stola
2198 4365 2210 4401 :
2246 4348 2423 4403 Donec
2453 4347 2651 4416 lucifer
2678 4347 2901 4401 oriatur
2929 4347 2988 4401 in
3017 4345 3273 4401 cordibus
3303 4342 3669 4414 vestris(r),et

2016 4452 2142 4507 quae
2176 4438 2531 4506 sequuntur.
2582 4434 2684 4489 Hic
2730 4434 2890 4491 enim
2934 4438 3023 4491 est
3052 4434 3224 4490 Stella
3266 4432 3544 4488 matutina
3577 4430 3668 4504 (s).

2017 4526 2244 4598 Moyses
2274 4530 2471 4580 autem
2499 4542 2511 4579 :
2535 4525 2698 4597 Ignis
2730 4525 2790 4579 in
2816 4524 2951 4579 rubo
2968 4525 3199 4579 minime
3227 4523 3553 4579 comburens
3574 4520 3663 4592 (t),

235 4616 432 4694 φησὶν,
488 4616 553 4671 οὗ
603 4620 915 4682 κατακαῖον,
957 4614 986 4668 ’ὀ
1044 4612 1184 4668 ἑστιν
1236 4606 1494 4675 ἀϐλαϐως
1544 4610 1795 4689 φωτίζον.
1837 4612 1896 4668 Ὀ

2023 4616 2165 4687 quod
2192 4619 2299 4683 est,
2349 4615 2477 4669 sine
2498 4614 2713 4670 damno
2750 4613 3118 4670 illuminans.
3150 4612 3443 4668 Jeremias
3474 4616 3670 4666 autem

237 4703 297 4760 δὲ
346 4704 616 4778 Ἱερεμίας
666 4700 812 4778 ὕδωρ
862 4701 1057 4777 λέγει’
1114 4701 1245 4775 Ἐμὲ
1310 4699 1667 4777 ἐγκατέλιπον
1722 4702 1907 4776 πηγὴν

238 4793 442 4857 ὕδατος
477 4798 681 4864 ζῶντος
708 4812 722 4825 ·
756 4792 845 4849 καὶ
876 4789 1044 4848 ἄλλοι
1077 4788 1135 4846 δὲ
1191 4788 1338 4847 ἄλλα
1366 4812 1379 4824 ’
1425 4789 1515 4846 καὶ
1576 4791 1603 4845 ὁ
1662 4789 1860 4867 Κύριος
1893 4810 1906 4823 ο

237 4884 501 4958 Ποταμοῖ
571 4882 629 4937 έκ
682 4888 782 4952 τῆς
858 4880 1075 4943 κοιλίας
1154 4880 1321 4935 αὐτοῦ
1378 4878 1657 4956 ῥεύσουσιν
1716 4877 1909 4942 ὕδατος

240 4979 452 5044 ζῶντος
485 4992 499 5005 ’
535 4973 564 5027 ὁ
596 4970 654 5027 δὶ
685 4970 956 5043 Σολομῶν
1002 4969 1054 5025 ἐν
1086 4974 1165 5041 τῷ
1194 4972 1434 5041 ”ᾼσματι
1488 4972 1594 5024 τῶν
1650 4969 1906 5043 ᾀσμάτων

241 5063 421 5140 μύρον
482 5063 664 5141 φησί’
725 5060 913 5137 Μόρον
973 5057 1261 5123 ἐκκενωθὶν
1317 5053 1493 5131 ὄνομά
1541 5078 1657 5113 σου’
1709 5059 1794 5115 Ἐν
1852 5055 1908 5113 δε

232 5158 356 5217 τοῖς
387 5150 603 5208 δώδεκα
636 5150 947 5229 προφήταις
980 5148 1141 5220 Ὠσηὲ
1195 5148 1286 5202 καὶ
1345 5145 1593 5222 Μιχαίας
1642 5149 1708 5202 τὰ
1754 5145 1905 5223 εἰρη-

2021 4720 2234 4775 aquam
2261 4703 2403 4758 dicit
2427 4720 2440 4759 :
2469 4709 2551 4760 Me
2579 4703 2932 4774 deliquerunt
2971 4704 3176 4773 fontem
3198 4716 3361 4773 aqua:
3394 4702 3531 4755 vivae
3559 4699 3665 4770 (ιι),

2019 4797 2077 4848 et
2106 4793 2203 4848 alii
2233 4792 2368 4861 alia,
2421 4798 2476 4848 et
2535 4794 2815 4848 Dominus
2850 4810 2862 4848 :
2896 4792 3156 4847 Flumina
3211 4790 3274 4847 de
3314 4797 3504 4845 ventre
3549 4786 3669 4857 ejus

2017 4883 2190 4952 ﬂuent
2212 4898 2368 4953 aquae
2398 4882 2646 4953 viv&?(v).
2668 4880 2939 4938 Salomon
2972 4884 3169 4935 autem
3195 4879 3255 4933 in
3273 4876 3509 4933 Cantica
3529 4890 3667 4929 can-

2017 4971 2289 5041 ticorum,
2352 4974 2716 5042 unguentum
2761 4970 2962 5026 dicit:
3028 4969 3377 5037 Unguentum
3435 4964 3670 5035 eﬂusum

2016 5076 2221 5115 nomen
2251 5068 2406 5114 tuum
2426 5059 2522 5130 (re).
2546 5058 2609 5113 In
2635 5058 2945 5114 duodecim
2970 5054 3298 5129 prophetis,
3322 5052 3469 5108 Osee
3486 5056 3545 5108 et
3561 5051 3668 5109 Mi-

2018 5148 2207 5204 chaeas
2238 5147 2424 5204 dictas
2458 5150 2566 5204 hoc
2595 5147 2722 5203 loco
2752 5148 2903 5202 feras
2957 5146 3268 5200 recensent
3314 5142 3374 5197 in
3420 5141 3492 5197 iis
3539 5156 3671 5212 quae

307 5308 385 5437 (ο)
417 5310 542 5364 Gen
573 5324 616 5371 1,
645 5306 739 5361 24.
815 5304 905 5449 ἓρᾶ
921 5302 1068 5359 Ibid.
1098 5304 1190 5358 20.
1269 5301 1344 5374 (q)
1374 5302 1512 5372 Cap.
1542 5318 1622 5369 v1,
1655 5317 1710 5356 ν.
1741 5301 1798 5355 2.
1876 5302 1908 5373 (2

307 5381 320 5450 >
387 5396 468 5437 er.
501 5396 565 5450 11,
600 5379 689 5434 13.
769 5376 823 5450 (υ
911 5392 1044 5433 oan.
1073 5390 1177 5447 v11,
1200 5374 1290 5431 38.
1369 5374 1448 5447 (ω)
1480 5373 1652 5429 Cant.
1683 5390 1725 5440 1,
1758 5373 1814 5428 2.

2023 5302 2028 5356 :
2073 5301 2221 5355 Petr.
2276 5315 2318 5363 ι,
2370 5299 2457 5353 19.
2535 5301 2597 5371 (3)
2633 5301 2808 5369 Apoc.
2846 5312 2985 5366 xxii,
3017 5295 3105 5348 16.
3183 5293 3242 5365 (t)
3269 5268 3448 5348 Exod.
3484 5305 3581 5361 111,
3609 5292 3667 5346 2.

790 5394 823 5433 υ

911 5392 1044 5433 oan.
1073 5390 1177 5447 vn,
1200 5373 1314 5431 38.7
1369 5374 1448 5447 (ω)
1480 5373 1652 5429 Cant.
1683 5390 1725 5440 1,
1758 5373 1814 5428 2.

236 5379 320 5454 (ιι)
349 5379 468 5437 Jer.
501 5396 565 5452 11,
600 5379 689 5434 13.

1270 5525 1503 5584 νΑιιΙίΕ
1542 5525 1928 5582 LECTIONES
1965 5525 2055 5581 ET
2090 5522 2661 5582 CORREGTIONES.

317 5652 365 5738 ’ξ
392 5647 825 5738 ἆσαφηνίσὶαμεν,
854 5644 1259 5738 εφρίξριιίηιιεε.
1335 5642 1380 5738 ’ξ
1430 5644 1747 5738 θεριρχικαῖξ
1793 5638 2194 5738 έξφαντορίαις,
2223 5638 2291 5694 τὰ
2343 5636 2466 5713 περὶ
2507 5640 2642 5693 Θεοῦ
2689 5634 2941 5710 νοήματά
2999 5654 3180 5711 φησιν.
3212 5626 3679 5715 Θεαρχικάς,,εθιι

248 5726 353 5783 Dei
373 5714 729 5801 principales
757 5714 1183 5778 el'ucidationes
1212 5716 1381 5773 vocat
1410 5714 1680 5771 notiones
1712 5714 1784 5770 de
1818 5714 1955 5772 Deo.
