4158 6370
476 338 542 394 47
1300 341 1665 393 APPENDIX
1704 340 1799 391 AD
1838 336 2078 390 OPERA
2113 336 2171 387 8.
2213 333 2532 387 DIONYSII
2573 335 3072 390 AREOI‘AGITB.
3818 337 3888 393 48

468 466 543 522 de
578 470 689 521 Deo
726 462 1147 537 praedicuntur.
1181 463 1361 519 David
1408 467 1603 519 autem
1637 463 1833 535 ipsum
1864 474 2119 516 vermem

2256 456 2377 510 ιένα
2424 454 2532 510 ὦδε
2606 456 2769 531 θηρία
2830 454 3218 534 καταλέγουσιν
3285 457 3339 513 έν
3395 462 3511 521 τοῖς
3569 461 3693 535 περὶ
3751 465 3888 517 Θεοῦ

475 556 617 610 dicit
649 570 661 607 :
700 556 814 625 Ego
843 570 961 609 sum
992 556 1202 609 vermis
1233 556 1284 607 et
1313 568 1427 609 non
1460 552 1620 608 homo
1652 551 1733 623 (y)
1780 567 1848 605 ex
1879 564 2125 620 persona

471 642 737 714 Domini;
787 649 890 698 aut
936 643 1131 714 ipsum
1183 644 1360 698 vermi
1412 640 1790 712 comparavit,
1839 642 2123 710 tanquam

472 732 714 787 minime
753 748 822 786 ex
865 732 1088 787 semine
1136 732 1399 801 genitum
1441 730 1617 785 sicuti
1664 745 1802 795 nos;
1851 727 1952 782 sed
1999 725 2127 781 sine

478 821 740 877 semine:
778 820 957 875 veluti
992 836 1242 889 vermes,
1292 820 1393 891 qui
1443 836 1557 875 non
1591 834 1657 873 ex
1678 816 1901 873 semine
1949 830 2122 887 gene-

473 912 699 979 rantur,
750 910 852 965 sed
904 924 973 965 ex
1018 914 1174 965 terra
1218 914 1323 964 aut
1353 907 1700 980 putredine;
1746 904 1893 959 illud
1919 903 2122 959 enim:

2231 547 2735 623 προφητευομένοις
2770 569 2781 580 ·
2836 547 2863 601 6
2916 544 2972 601 δέ
3030 546 3191 603 Δαυίδ
3245 545 3510 618 σκώληκα
3565 549 3721 605 αὐτὸν
3794 550 3885 607 λέ-

2230 652 2361 710 γει·
2416 636 2559 710 Ἐγώ
2637 636 2751 708 εἰμι
2829 636 3049 707 σκώληξ
3120 639 3211 693 καὶ
3291 638 3388 693 οὐκ
3467 636 3771 715 ἄνθρωπος,
3831 639 3889 696 ἐκ

2233 726 2531 799 προσώπου
2580 729 2676 779 τοῦ
2735 725 2937 800 Κυρίου
2970 728 3005 797 ἢ
3052 725 3301 797 σκωληκι
3353 728 3513 783 αὐτὸν
3546 728 3886 803 παρείκασεν,

2234 813 2306 874 ὡς
2362 814 2437 885 μὴ
2494 814 2599 867 ἀπὸ
2653 814 2962 887 σπέρματος
2987 817 3330 889 γεννηθέντα,
3365 817 3438 878 ὡς
3495 820 3660 889 ἡμεῖς
3694 838 3707 851 ⁸
3744 818 3889 875 ἀλλά

2235 903 2545 974 σπέρματος
2576 903 2774 977 χωρὶς,
2806 904 2882 964 ὡς
2936 905 2992 957 οἳ
3039 905 3345 977 σκώληκες,
3381 904 3577 967 οίίτινες
3629 906 3726 961 οὐκ
3782 907 3887 962 ἀπὸ

469 999 584 1067 Ego
613 1015 735 1054 sum
764 1000 969 1054 vermis
995 1006 1046 1053 et
1074 1014 1185 1054 non
1232 998 1410 1063 homo,
1442 1003 1725 1067 tanquam
1757 1011 1825 1050 ex
1878 1009 2127 1065 persona

2256 992 2541 1063 ιπέρματος
2571 992 2871 1063 τίκτοιται,
2900 991 3026 1048 ἀλλ’
3066 992 3173 1048 ἀπὸ
3221 1001 3323 1069 γῆς
3370 995 3405 1063 ἢ
3456 995 3562 1050 ἀπὸ
3619 996 3837 1069 σήψεως
3870 1015 3883 1029 '

473 1087 578 1143 Dei
610 1088 902 1143 incarnati
934 1087 1174 1155 dicitur,
1205 1088 1316 1143 etsi
1350 1103 1465 1142 non
1490 1085 1817 1140 secundum
1849 1081 2126 1138 divinita-

472 1180 653 1232 talem
685 1177 972 1247 capiatur,
1006 1177 1109 1231 sed
1141 1176 1470 1231 secundum
1505 1178 1887 1246 apparentem
1933 1171 2127 1226 carnis

475 1264 892 1320 humilitatem.
962 1262 1287 1339 [Θεοσόφους
1331 1265 1516 1319 divine
1544 1266 1819 1330 sapientes
1849 1261 2126 1332 interpre-

472 1359 563 1409 tes
593 1353 735 1407 dicit
761 1340 1103 1425 prophetas:
1141 1353 1467 1408 Simulacra
1496 1353 1653 1408 enim
1685 1351 1948 1423 quaedam
1984 1366 2126 1421 prae-

476 1443 641 1502 misit
670 1444 730 1498 in
764 1444 913 1499 libro
947 1445 1020 1498 De
1048 1444 1256 1498 divinis
1285 1443 1645 1509 nominibus].

549 1712 1006 1768 Simulum-orum.
1059 1713 1333 1776 Quaenam
1381 1710 1789 1783 signiﬁcentur
1830 1707 2128 1764 recondita

2232 1080 2295 1133 τὸ
2339 1081 2484 1153 γάρ·
2535 1080 2680 1154 Ἐγώ
2734 1080 2845 1153 εἰμι
2907 1079 3128 1155 σκώληξ
3182 1082 3272 1137 καὶ
3327 1082 3425 1138 οὐκ
3471 1080 3779 1157 ἄνθρωπος,
3813 1084 3888 1144 ὡς

2238 1168 2297 1222 ἐκ
2327 1170 2624 1243 προσώπου
2682 1173 2778 1224 τοῦ
2827 1170 3200 1243 σαρκωθέντος
3252 1176 3385 1227 Θεοῢ
3434 1170 3675 1246 λέγεται,
3706 1173 3749 1227 εἰ
3799 1172 3887 1227 καὶ

2242 1259 2317 1331 μὴ
2367 1257 2501 1312 κατὰ
2550 1258 2648 1326 τὴν
2705 1259 2935 1329 θεότητα
2970 1254 3409 1334 λαμϐανόμενον,
3445 1260 3591 1316 ἀλλά
3641 1261 3776 1316 κατὰ
3823 1261 3886 1316 τὸ

2238 1347 2562 1424 φαινόμενον
2623 1350 2875 1403 ταπεινὸν
2932 1357 3034 1420 τῆς
3110 1351 3328 1425 σαρκός.
3376 1350 3705 1426 [Θεοσόφους
3764 1352 3892 1405 ὐπο-

2238 1440 2411 1510 φήτεις
2485 1435 2613 1497 τοὺς
2683 1440 2967 1515 προφήτας
3042 1440 3225 1517 φησίν.
3286 1440 3423 1497 Τινά
3482 1440 3586 1515 γὰρ
3646 1439 3892 1514 ἀγάλμα-

2236 1548 2303 1581 τα
2359 1523 2466 1596 ἤδη
2520 1526 2933 1600 προπαρέθηκεν
2990 1528 3043 1583 έν
3087 1534 3167 1601 τῷ
3217 1529 3347 1603 Περὶ
3398 1529 3555 1593 θείων
3606 1528 3889 1602 ὀνομάτων

2238 1618 2435 1693 λόγφο]

2311 1711 2694 1786 Ἀγαλμάτων.
2743 1712 2872 1765 Τίνα
2936 1708 3199 1779 δηλοῦται
3278 1706 3669 1781 ἐναποκείμενα
3723 1707 3891 1784 ἀγάλ-

479 1800 819 1868 simulacra,
873 1801 1237 1857 declaratum
1269 1804 1361 1856 est
1389 1800 1447 1855 in
1498 1800 1646 1856 libro
1678 1800 1751 1855 De
1779 1800 1996 1854 divinis
2026 1814 2124 1854 no-

2256 1822 2403 1867 ιατα,
2462 1808 2578 1863 τοῖς
2665 1799 2986 1877 λεγομένοις
3066 1798 3118 1853 ἰν
3176 1802 3255 1869 τῷ
3317 1797 3445 1871 Περὶ
3478 1796 3633 1852 θείων
3689 1796 3893 1870 ὀνομά-

476 1892 742 1957 minibus,
772 1891 833 1945 in
865 1890 1155 1962 principio
1181 1889 1395 1961 capitis
1429 1890 1589 1944 noni.

553 2070 950 2138 Vestigiorum.
986 2069 1260 2125 Extrema
1313 2069 1415 2124 Dei
1466 2069 1842 2141 vestigiorum
1875 2068 1933 2123 in
1966 2085 2128 2124 crea-

483 2160 642 2214 tione
674 2158 815 2213 dicit
844 2174 971 2229 quse
1022 2162 1194 2213 antea
1241 2158 1390 2212 dixit
1420 2158 1724 2213 vilisssima
1748 2158 2132 2213 materialium

486 2247 938 2319 descriptionum.
971 2246 1267 2310 Quomodo
1313 2250 1509 2302 autem
1560 2245 1681 2301 haec
1732 2247 2005 2302 dicantur
2034 2263 2131 2300 ex-

486 2338 742 2391 tremum
776 2334 1108 2406 vestigium,
1152 2334 1332 2390 fuisse
1364 2352 1397 2390 a
1429 2335 1598 2391 nobis
1647 2335 1862 2390 dicitur
1896 2339 1951 2390 in
1984 2334 2131 2389 libro

483 2427 561 2483 De
589 2424 789 2481 divinis
818 2424 1150 2494 nominibus,
1183 2424 1369 2495 capite
1402 2425 1453 2479 4.

553 2533 677 2588 Nisi
702 2532 1044 2603 deformitas.
1078 2531 1387 2599 Deformis,
1430 2530 1693 2601 intellige
1736 2532 1987 2587 ferarum
2018 2532 2129 2587 for-

486 2637 645 2676 mam
677 2626 733 2676 et
763 2636 1038 2692 pecorum
1073 2620 1549 2686 similitudinem,
1592 2637 1769 2691 quam
1805 2622 1876 2676 de
1908 2621 2131 2691 angelis

485 2710 787 2780 Scriptura
809 2709 951 2764 dicit
979 2726 991 2763 :
1020 2709 1162 2763 illud
1198 2714 1417 2775 autem,
1437 2710 1813 2779 declarativae,
1839 2710 2133 2780 signiﬁcat

486 2798 869 2854 manifestum
899 2798 1166 2852 facientis
1198 2813 1299 2851 seu
1333 2797 1817 2853 demonstrantis.

559 2904 976 2974 Angeliformes.
1013 2902 1279 2957 Pulchrae
1310 2904 1648 2975 ﬁgurativas
1677 2903 2129 2967 delineationes;

490 3008 640 3063 quas
669 2990 825 3046 enim
855 2996 990 3046 ante
1022 2990 1187 3056 dixit,
1237 3008 1351 3046 non
1404 2991 1720 3062 angelicas,
1771 2994 1869 3048 sed
1921 2994 2130 3063 angeli-

489 3083 692 3151 formes
722 3078 1075 3146 nominavit;
1129 3096 1243 3133 non
1290 3080 1445 3133 enim
1502 3080 1757 3150 ipsorum
1792 3081 2132 3152 angelorum

2234 1911 2342 1945 των
2405 1887 2558 1967 λόγῳ
2629 1890 2680 1945 έν
2758 1893 2826 1963 τῇ
2902 1888 3049 1963 ἀρχῇ
3119 1891 3216 1941 τοῦ
3276 1893 3318 1949 θ’
3367 1884 3667 1963 κεφαλαίου
3736 1883 3895 1956 δεδή-

2237 1977 2433 2037 λωται.

2307 2068 2749 2145 Ἀπηχημάτων.
2783 2071 3029 2143 ’Έσχατα
3080 2070 3188 2121 τῶν
3244 2070 3341 2121 τοῦ
3390 2070 3523 2121 Θεοῦ
3582 2064 3895 2140 ἀπηχημά-

2238 2180 2343 2213 των
2378 2157 2429 2212 έν
2465 2156 2797 2234 δημιουργίᾳ
2829 2156 3015 2235 φησὶν,
3046 2155 3079 2209 ’ἅ
3127 2160 3382 2230 προεῖπεν
3443 2153 3740 2230 ἀτιμότερα
3785 2156 3894 2207 τῶν

2244 2245 2450 2303 ὑλαίων
2486 2245 2929 2321 διακοσμήσεων.
2970 2250 3091 2307 HG);
3126 2242 3183 2299 δέ
3229 2249 3397 2299 ταῦτα
3445 2242 3695 2320 λέγονται
3726 2239 3899 2317 ἔσχα-

2239 2358 2331 2391 τον
2388 2338 2687 2412 ἁπήχημα,
2723 2335 2775 2390 έν
2836 2339 2915 2407 τῷ
2965 2334 3097 2408 Περὶ
3158 2335 3317 2387 θείων
3379 2332 3661 2406 ὀνομάτων
3722 2329 3898 2407 λόγῳ,

2241 2424 2517 2501 κεφαλαίῳ
2548 2422 2611 2493 δ’,
2647 2423 2975 2499 λεχθήσεται
3007 2424 3143 2495 ἡμῖν
3175 2420 3536 2497 πλατύτερον.

2315 2531 2379 2586 Εἴ
2442 2534 2518 2604 μὴ
2575 2532 2638 2586 τὸ
2688 2528 2950 2592 δυσειδές.
2982 2529 3053 2584 Τὸ
3104 2525 3341 2591 δυσειδὲς
3388 2529 3451 2583 τὸ
3509 2527 3889 2606 θηριόμορφον

2239 2620 2437 2690 νόησον
2483 2620 2572 2674 καὶ
2620 2616 2919 2690 κτηνῶδες,
2954 2620 2982 2673 ὃ
3033 2618 3157 2692 περὶ
3204 2622 3311 2672 τῶν
3363 2615 3613 2693 ἀγγέλων
3645 2616 3809 2694 φησὶν
3860 2617 3895 2684 ἡ

2242 2712 2425 2787 Γραφή
2465 2728 2478 2741 ⁸
2537 2710 2599 2763 τὸ
2658 2706 2714 2762 δὲ
2790 2707 3113 2785 έκφαντικῆς
3187 2705 3441 2780 σημαίνει
3508 2713 3608 2775 τῆς
3669 2724 3896 2782 φανερο-

2239 2804 2423 2869 ποιοῦ,
2457 2797 2624 2873 ἤγουν
2655 2804 2754 2866 τῆς
2785 2796 3161 2874 ἐκφαινούσης.

2313 2901 2726 2979 Ἀγγελοειδεῖς.
2815 2900 3012 2963 Καλῶς
3085 2904 3181 2965 τὰς
3263 2901 3491 2963 τυπικὰς
3577 2900 3891 2977 εἷκονογρα-

2243 2994 2391 3071 φίας,
2455 2992 2516 3055 ’ἀς
2574 2994 2664 3047 καὶ
2722 2997 3001 3067 προεῖπεν,
3047 2991 3145 3047 οὐκ
3202 2990 3514 3068 ἂγγελικὰς,
3564 2987 3692 3044 ἀλλ’
3739 2988 3895 3066 ἀγγε-

2246 3079 2476 3144 λοειδεῖς
2509 3081 2789 3154 ὠνόμασεν
2828 3102 2840 3115 °
2877 3080 2938 3135 οὐ
2982 3081 3083 3155 γὰρ
3140 3081 3314 3134 αὐτῶν
3368 3084 3473 3133 τῶν
3524 3077 3792 3153 ἀγγέλων,
3824 3078 3902 3140 ὡς

491 3169 647 3225 sicut
667 3172 827 3237 sunt,
861 3168 1149 3239 imagines
1180 3168 1424 3238 depictas
1455 3177 1612 3235 sunt,
1660 3170 1761 3224 sed
1814 3186 2133 3241 repraasen-

2256 3171 2407 3240 εἰσὶν,
2442 3172 2495 3225 αἱ
2556 3171 2758 3234 εἰκόνες
2814 3168 3121 3247 ἐγράφησαν
3156 3189 3168 3201 ·
3201 3166 3330 3224 ἀλλ’
3361 3164 3588 3247 ἔμφασίν
3642 3188 3765 3222 τινα
3821 3168 3905 3221 εἶ-

491 3256 773 3312 tationem
826 3255 1086 3327 aliquam
1149 3256 1462 3312 ellictionis
1506 3258 1705 3312 forma:
1764 3259 2137 3331 incorporeo-

492 3362 625 3401 rum
656 3346 899 3401 obscure
932 3344 1231 3412 exhibent,
1267 3346 1422 3402 sicut
1446 3346 1572 3417 ipse
1603 3348 1863 3418 seipsum
1897 3348 2145 3421 explica-

489 3436 596 3491 vit.

564 3525 665 3581 12
695 3525 1108 3595 Deﬁniendum,
1143 3526 1238 3579 Gr.
1283 3523 1659 3599 ἀφορίσασθαι.
1710 3527 2022 3581 Consuevit
2052 3527 2143 3583 di-

493 3628 623 3669 cere
653 3610 1009 3685 ἀφορίσασθαι
1043 3614 1113 3667 de
1142 3614 1214 3667 iis
1246 3629 1374 3684 quae
1406 3613 1683 3669 distincte
1704 3615 2069 3672 definiuntur
2089 3621 2147 3672 et

494 3699 905 3771 explanantur.

568 3806 952 3862 Arbitramur.
988 3805 1477 3861 Subaudiendum
1513 3805 1741 3878 οἷ’όμεθα
1777 3826 1788 3863 :
1823 3814 1888 3864 ut
1917 3810 2012 3881 sit,
2046 3828 2141 3866 ar-

498 3895 791 3950 bitramur
818 3895 1208 3950 hierarchiam
1262 3912 1391 3951 esse
1439 3900 1496 3951 et
1535 3896 1895 3953 arbitramur
1924 3899 2141 3956 hierar-

497 3984 640 4043 chas
672 3984 938 4055 quaedam
972 3984 1282 4039 commoda
1313 3984 1575 4057 accipere
1629 4003 1696 4041 ex
1744 3988 1924 4044 sacris
1970 4006 2139 4045 caere-

499 4073 735 4129 maniis.

567 4181 640 4235 Tu
670 4194 812 4251 vero,
835 4196 864 4237 ο
893 4180 997 4251 ﬁli.
1031 4180 1332 4243 Quomodo
1384 4197 1636 4254 magnus
1683 4182 2000 4256 Dionysius
2050 4186 2139 4241 di-

491 4269 693 4326 vinum
722 4268 1096 4324 Timotheum
1130 4273 1293 4325 voce‘t
1340 4268 1550 4336 ﬁlium,
1595 4273 2006 4343 quaerendum;
2041 4280 2143 4329 aut

492 4358 669 4428 enim,
715 4357 890 4413 sicuti
940 4356 1236 4425 existimo,
1280 4358 1389 4412 hoc
1439 4358 1519 4413 ait
1572 4358 1752 4415 veluti
1815 4364 2141 4432 provectior

489 4445 621 4517 ipso
654 4446 844 4509 annis,
878 4449 934 4500 et
965 4446 1021 4499 in
1056 4446 1428 4517 phi1030phia
1460 4448 1853 4520 excellentior,
1883 4452 1964 4506 ita
1990 4455 2137 4509 utab

2256 3258 2503 3321 δοποιίας
2577 3258 2879 3333 ἀσωμάτων
2959 3258 3402 3334 ὑπεμφαίνουσιν,
3457 3258 3530 3319 ὡς
3607 3255 3910 3330 ἐξηγήσατο

2256 3349 2416 3412 αὐτὸς
2451 3350 2636 3404 ἑαυτόν
2648 3394 2660 3407 .

2329 3530 2741 3607 Ἀφορίσασθαι.
2800 3527 2875 3584 Τὸ
2932 3526 3288 3605 ἀφορίσασθαι
3366 3524 3525 3580 εἷ’ωθε
3582 3522 3760 3598 λέγειν
3820 3523 3914 3581 ἰπὶ

2253 3623 2360 3673 τῶν
2413 3615 2842 3693 διακεκριμένως
2900 3616 3235 3689 ὁριζομένων
3293 3615 3384 3670 καὶ
3434 3612 3911 3690 διασαφουμένων.

2325 3811 2587 3884 Οἷόμεθα.
2639 3810 2790 3867 Κατά
2836 3815 3022 3866 κοινοῦ
3084 3812 3147 3866 τὸ
3196 3811 3422 3885 οῗόμεθα
3456 3831 3468 3845 ·
3510 3810 3604 3868 τίνα
3646 3812 3755 3884 εἴη,
3792 3813 3911 3868 οἷό-

2257 3912 2391 3974 μεθα
2445 3901 2726 3977 ἱεραρχίαν
2788 3901 2942 3973 εἶναι,
3001 3900 3092 3955 καί
3147 3922 3265 3955 τινα
3322 3900 3556 3974 οἷ’όμεθα
3617 3903 3911 3973 ἀνήνασθαι

2252 3991 2546 4063 [τουτέστιν
2579 3989 2809 4067 ὠφελεῖν
2864 3986 3142 4062 δύνασθαι]
3172 3988 3297 4053 τοὺς
3349 3990 3612 4066 ἱεράρχας
3662 3988 3751 4045 διὰ
3800 3996 3915 4046 τῶν

2252 4079 2413 4153 ἰερῶν
2442 4077 2698 4135 τελετῶν.

2324 4188 2398 4242 Σὺ
2454 4185 2531 4253 δὲ,
2565 4187 2608 4240 ὦ
2667 4191 2787 4242 παῖ.
2820 4190 2946 4249 Πῶς
3003 4184 3173 4241 παῖδα
3228 4185 3388 4242 καλεῖ
3438 4189 3528 4244 τὸν
3563 4192 3705 4253 θεῖον
3739 4188 3919 4261 Τιμό-

2252 4288 2367 4339 θεον
2404 4278 2430 4329 ὁ
2468 4275 2633 4350 μέγας
2684 4275 2986 4345 Διονύσιος,
3013 4277 3275 4347 ζητητέον
3309 4296 3322 4310 ·
3373 4280 3408 4348 ἢ
3457 4279 3582 4353 γὰρ,
3616 4278 3691 4341 ὡς
3734 4276 3916 4350 οἶμαι,

2251 4367 2340 4420 ἅτε
2383 4359 2746 4438 προϐεϐηκὼς
2797 4365 2958 4419 αὐτὸν
3008 4371 3126 4429 τοῖς
3184 4365 3343 4439 ἔτεσι,
3393 4366 3553 4421 τοῦτό
3598 4387 3755 4443 φησι,
3815 4365 3915 4420 καὶ

2246 4458 2314 4527 τῇ
2365 4453 2664 4532 φιλοσοφίᾳ
2713 4456 2989 4529 προέχων,
3050 4455 3125 4517 ὡς
3173 4454 3262 4509 καὶ
3310 4457 3721 4531 προερωτᾶσθαι
3779 4475 3893 4528 παρ

491 4552 561 4591 eo
592 4536 1003 4606 interrogetur,
1029 4537 1555 4607 quemadmodum,
1589 4539 1687 4609 qui
1723 4556 1839 4611 prae
1866 4544 2133 4598 manibus

2256 4543 2433 4615 αὐτοῦ,
2488 4543 2627 4606 καθά
2686 4540 2853 4612 δηλοῖ
2906 4543 2973 4597 τὰ
3024 4543 3158 4616 μετά
3206 4549 3397 4620 χεῖρας
3452 4545 3856 4621 συγγράμματα
3890 4553 3906 4578 ‘

490 4624 648 4692 libri,
672 4624 1002 4692 declarant;
1035 4624 1144 4679 etsi
1176 4624 1330 4679 enim
1357 4630 1489 4680 ante
1512 4626 1772 4682 divinum
1798 4629 2139 4703 Dionysium

490 4713 804 4768 crediderit
833 4717 1081 4768 sanctus
1128 4713 1496 4783 Timotheus,
1530 4716 1685 4771 sicut
1732 4722 1875 4774 Acta
1906 4726 2135 4777 sancto-

489 4818 620 4857 rum
655 4801 1057 4873 apostolorum
1088 4801 1427 4871 declarant;
1470 4820 1674 4859 verum
1722 4822 1973 4878 magnus
2008 4810 2139 4865 Dio-

488 4891 694 4962 nysius
724 4889 926 4947 eratin
956 4891 1198 4962 profana
1228 4890 1543 4962 disciplina
1566 4891 1694 4964 ipso
1728 4898 2097 4965 prestantior
2123 4917 2136 4956 :

487 4983 589 5034 aut
619 4980 804 5035 tilium
837 4979 1030 5051 ipsum
1066 4984 1251 5048 vocat,
1300 4984 1584 5051 tanquam
1614 4981 1905 5040 imitando
1938 4987 2138 5044 Domi-

486 5084 629 5122 num
663 5069 953 5124 dicentem
990 5084 1001 5123 ε
1036 5068 1231 5135 Pueri,
1274 5068 1530 5139 nunquid
1555 5071 1996 5140 pulmentarium
2036 5078 2140 5131 ha-

489 5155 749 5227 betis(z.)?
774 5156 861 5211 vel
908 5156 1180 5228 quoniam
1235 5172 1333 5213 eos
1379 5158 1478 5228 qui
1513 5159 1974 5236 simplicitatem,
2010 5182 2139 5238 qum

552 5334 633 5409 (ν)
664 5334 816 5392 Psal.
848 5351 963 5406 xxi,
995 5334 1051 5392 7.
1127 5335 1207 5409 (z)
1236 5335 1407 5393 Joan.
1438 5354 1554 5409 xxx,
1586 5338 1641 5394 5.

2251 4633 2344 4688 κᾶν
2385 4633 2485 4709 γὰρ
2530 4632 2635 4708 πρὸ
2682 4636 2780 4686 τοῦ
2834 4634 2984 4696 θείου
3026 4633 3306 4688 Διονυσίου
3352 4632 3654 4689 ἐπίστευσεν
3688 4634 3716 4688 6
3749 4634 3910 4708 ἅγιος

2246 4722 2537 4794 Τιμόθεος,
2567 4722 2639 4779 ὡς
2701 4722 2756 4775 αἱ
2802 4721 3025 4797 Πράξεις
3075 4726 3183 4776 τῶν
3233 4721 3401 4798 ἁγίων
3447 4721 3770 4778 ἀποστόλων
3805 4720 3908 4794 δη-

2249 4810 2455 4881 λοῦσιν,
2489 4810 2615 4866 ἀλλ’
2650 4807 2740 4864 οὖν
2789 4810 2887 4879 τὴν
2939 4807 3040 4881 ἔξω
3089 4808 3334 4866 παιδείαν
3370 4810 3698 4883 ἱκανώτερος
3754 4812 3822 4879 ἧν
3879 4814 3909 4866 ὁ

2254 4902 2423 4975 μέγας
2474 4898 2757 4962 Διονύσιος
2792 4919 2805 4931 '
2861 4898 2896 4967 ἢ
2946 4897 3115 4954 παῖδα
3162 4898 3323 4954 καλεῖ
3367 4899 3545 4971 αὐτὸν,
3579 4902 3653 4962 ὡς
3704 4900 3913 4974 μιμού-

2255 5010 2413 5062 μενος
2464 4990 2559 5043 τὸν
2604 4988 2805 5065 Κύριον
2859 4987 3090 5063 λέγοντα
3119 5007 3132 5021 ·
3183 4987 3401 5059 Παιδία,
3440 4992 3514 5062 μή
3562 5011 3614 5045 τι
3664 4988 3915 5065 προσφά-

2249 5100 2368 5154 γιον
2428 5072 2621 5154 ἕχετε;
2674 5078 2707 5147 ἢ
2764 5073 2950 5145 ἐπειδὴ
3010 5076 3137 5139 τοὺς
3196 5079 3331 5133 κατὰ
3379 5080 3425 5114 ’⁸
3480 5079 3608 5133 Θεὸν
3682 5078 3915 5134 ἀκακίαν

2252 5169 2543 5232 ἀσκοῦντας
2601 5164 2799 5228 παῖδας
2863 5162 3117 5236 ἐκάλουν,
3175 5167 3252 5229 ὡς
3320 5168 3406 5223 καὶ
3469 5166 3679 5231 Παπίας
3740 5165 3919 5235 δηλοῖ

1473 5520 1714 5581 νΑΒΙιΕ
1754 5524 2151 5588 LECTIONES
2189 5532 2280 5591 ET
2317 5530 2875 5591 CORBECTIONES.

548 5640 597 5682 ³⁸
624 5633 733 5701 διά.
