4158 6370
244 447 304 504 49
888 522 897 529 ν
961 455 1020 508 8.
1060 453 1331 509 MAXIM!
1371 454 1681 509 SCHOLIA
1716 456 1793 509 IN
1830 456 1965 510 LIB.
2004 458 2103 511 DE
2139 458 2469 515 CCELESTI
2506 464 2976 519 HIERARCHIA.
3607 465 3679 519 5O

252 567 444 645 βιϐλίῳ
474 571 695 649 πρώτῳ
725 578 836 630 τῶν
869 577 1149 649 Κυριακῶν
1186 573 1523 650 ἐξηγήσεων,
1554 578 1643 631 καὶ
1674 575 1911 649 Κλήμης

2056 582 2351 637 ocundum
2386 584 2565 640 Deum
2600 589 2708 653 est,
2736 590 3241 654 exercent,pueros
3273 587 3667 659 appellabant,

257 665 282 717 ὁ
309 658 702 737 Ἀλεξανδρεὺς
737 662 790 719 ἐν
820 668 901 736 τῷ
933 661 1303 739 Παιδαγωγῷ.

323 929 598 1001 Πληθόος.
654 930 803 1006 Πρὸς
853 930 914 984 τὸ
965 927 1214 999 πληθύος
1266 931 1329 985 τὸ
1378 928 1590 1001 ἐνοειδῆ
1645 930 1909 1008 ἐπήγαγε·

257 1020 319 1075 τὶ
370 1021 465 1093 μὶν
509 1018 611 1095 γὰρ
661 1020 795 1094 ἅγια
842 1020 1119 1073 ὲνοποιεῖ·
1175 1020 1243 1073 τὰ
1291 1017 1348 1075 δὲ
1408 1015 1618 1095 βὲϐηλα
1665 1020 1756 1074 καὶ
1808 1027 1911 1090 τῆς

259 1109 524 1184 ἁμαρτίας
574 1103 706 1162 ὄντα
764 1108 840 1170 εἰς
889 1105 1079 1162 πολλὰ
1126 1105 1215 1162 διὰ
1266 1116 1365 1178 τῆς
1418 1106 1729 1182 διαιρέσεως
1762 1108 1910 1179 πλη-

258 1199 424 1263 θύνει.
475 1201 649 1253 Τοῦτο
695 1201 828 1273 γοῦν
856 1200 946 1251 νῦν
995 1196 1154 1253 καλεῖ
1200 1196 1441 1270 πλῆθος,
1486 1199 1551 1254 τὸ
1601 1200 1766 1254 οἱονεὶ
1821 1199 1912 1274 pt-

259 1283 461 1358 ϐηλον.

758 1400 871 1450 ΕΙΣ
901 1395 993 1452 ΤΟ
1036 1397 1305 1452 ΚΕΦΑΛ.
1337 1395 1410 1451 Γ’.

324 1503 484 1558 ’Ἐστι
514 1501 610 1574 μὶν
639 1501 915 1577 ὶεραρχία.
946 1504 1109 1575 Ὄρος
1141 1499 1448 1577 ἱεραρχίας.

324 1597 411 1653 Ὦς
442 1589 680 1669 ἐφικτόν.
716 1592 806 1654 Ὠς
840 1588 1089 1647 δυνατον.

329 1769 766 1847 Τελεταρχικόν.
799 1770 998 1847 Ἦγουν
1030 1769 1372 1826 τελειποιοῦν
1388 1772 1453 1827 ³⁸.

2024 669 2176 724 sicut
2206 675 2262 725 et
2293 671 2501 742 Papias
2532 672 2789 728 declarat
2818 675 2965 731 libro
3017 676 3206 747 primo
3263 677 3679 732 Dominicarum

2022 762 2443 830 expositionum,
2508 767 2564 817 et
2628 762 2895 819 Clemens
2967 764 3399 821 Alexandrinus
3449 766 3507 820 in
3556 768 3676 820 Pa:-

2023 847 2253 917 dagogo.

2092 938 2461 994 Multitudine.
2495 939 2587 1009 Τῷ
2617 941 2977 996 multitudine
3024 941 3086 995 τὸ
3140 944 3451 1012 uniformia
3494 960 3674 1014 oppo—

2023 1026 2179 1093 suit;
2214 1032 2416 1082 sancta
2464 1029 2621 1083 enim
2690 1046 2873 1084 unum
2928 1030 3196 1099 faciunt;
3250 1032 3495 1103 profana
3540 1048 3673 1086 vero

2022 1120 2078 1170 et
2109 1131 2236 1185 quae
2269 1116 2487 1185 peccati
2511 1121 2671 1188 sunt,
2704 1117 2764 1172 in
2798 1118 2985 1173 multa
3015 1135 3116 1191 per
3147 1120 3495 1176 divisionem
3530 1120 3679 1175 mul-

2022 1202 2515 1275 tiplicantur.Hoc
2546 1204 2725 1278 igitur
2746 1223 2898 1262 nunc
2920 1208 3178 1281 appellat
3210 1208 3674 1279 multitudinem,

2022 1294 2177 1365 quod
2206 1292 2430 1349 scilicet
2458 1296 2796 1367 profanum.

2642 1401 2717 1457 IN
2755 1403 2914 1460 CAP.
2951 1404 3050 1460 ΙΙΙ.

2096 1510 2189 1563 Est
2218 1506 2438 1577 quidem
2467 1508 2806 1563 hierarchia.
2842 1509 3112 1566 Deﬁnitio
3143 1510 3509 1568 hierarchiaa.

2097 1596 2375 1664 Quantum
2420 1598 2506 1666 fas
2553 1600 2652 1665 est,
2715 1598 2811 1652 Gr.
2867 1597 2941 1658 ὡς
2991 1596 3231 1674 ἐφικτόν,
3277 1601 3430 1657 sicut
3481 1602 3677 1674 possi-

2024 1684 2163 1739 bile.

2100 1774 2270 1846 0rigo
2309 1775 2685 1846 perfectionis,
2741 1775 2838 1831 Gr.
2884 1773 3292 1851 τελειαρχικόν,
3344 1793 3446 1833 seu
3481 1778 3672 1850 perfe-

2027 1867 2188 1918 ctum
2223 1862 2466 1918 faciens.

333 1952 571 2028 ⁹Αμιγὲς
608 1950 722 2007 ἐστι
770 1951 1032 2017 καθόλου.
1084 1952 1404 2026 Ὁμοιότης,
1441 1952 1528 2006 καὶ
1561 1951 1770 2023 ἳσότης,
1824 1952 1914 2007 καὶ

2092 1952 2442 2023 lmpermista
2471 1956 2553 2007 est
2580 1953 2824 2008 omnino.
2865 1952 3228 2025 similitudo,
3262 1958 3319 2010 et
3366 1954 3673 2027 aequalitas

260 2040 529 2112 ταυτότης
559 2041 624 2096 τὸ
670 2038 724 2096 ἓν
774 2040 864 2096 καὶ
896 2042 1167 2114 ἑνοποιὸν,
1223 2042 1314 2096 ἅτε
1343 2039 1551 2097 ἁπλοῦν
1598 2040 1688 2097 καὶ
1722 2042 1917 2117 ἀμιγὲς

259 2130 352 2185 καὶ
412 2130 699 2185 ἀσύνθετον
764 2129 1032 2187 καλεῖται·
1109 2130 1368 2203 ἀνόμοιον
1430 2127 1523 2198 δὲ,
1574 2132 1662 2185 καὶ
1713 2129 1916 2200 ἄνισον,

258 2219 351 2273 καὶ
409 2218 724 2293 ἑτερότητα,
756 2218 846 2274 καὶ
881 2220 1090 2292 μικτὸν,
1123 2221 1212 2274 καὶ
1243 2218 1296 2274 ἐν
1334 2214 1615 2293 μεταϐολῇ
1658 2220 1719 2275 τὸ
1750 2219 1919 2294 πρόσ-

260 2306 398 2362 υλόν
430 2330 584 2385 φασι.
620 2309 699 2365 Τὸ
730 2309 822 2363 οὖν
853 2304 907 2363 ἓν
943 2309 971 2363 ὁ
1002 2308 1130 2371 Θεὸς
1164 2308 1333 2363 νοοῖτ’
1364 2305 1446 2363 ἂν.

331 2488 636 2552 Θιασώτας.
670 2486 865 2549 Θίασος
922 2487 1015 2560 μὲν
1063 2488 1269 2562 κυρίως
1320 2487 1348 2541 ὁ
1398 2506 1590 2562 χορος.
1652 2488 1920 2551 θιασώτας

258 2574 315 2632 δὶ
355 2576 587 2639 ἐνταῦθα
632 2575 763 2638 τοὺς
811 2577 933 2652 περὶ
979 2578 1047 2631 τὰ
1078 2580 1195 2640 θεῖα
1226 2576 1730 2654 ἀναστρεφομένους
1762 2598 1915 2653 φησι.

262 2664 612 2721 Διειόἑστατα
695 2666 793 2739 μὲν
877 2664 1127 2742 λαμπρὰ,
1196 2662 1423 2740 διαυγῆ·
1484 2662 1806 2737 ἀκηλίδωτα
1864 2663 1921 2720 δὲ

262 2754 565 2831 ἀρῥόπωτα
582 2757 649 2812 ³⁸.

337 2935 704 3008 Ἑνεργῆσαι.
765 2937 943 2988 Ταῦτα
989 2933 1200 3006 νομίζω
1259 2930 1492 3005 δηλοῦν,
1539 2932 1622 2987 ὅτι
1683 2932 1744 2988 οὐ
1807 2934 1919 3008 χρή

261 3044 385 3077 τινα
431 3024 542 3077 τῶν
595 3022 647 3076 ἐν
700 3023 957 3097 ἱερατικῷ
992 3023 1186 3097 βαθμῷ
1235 3021 1689 3097 καταλεγομένων
1741 3022 1923 3094 μεῖζόν

261 3133 313 3166 τι
366 3119 469 3181 τῆς
524 3112 725 3173 οῗκείας
771 3112 973 3184 τάξεως
1018 3116 1217 3165 ποιεῖν·
1260 3110 1405 3166 ἀλλὰ
1431 3112 1493 3166 τὸ
1523 3106 1823 3166 ἐπιϐάλλον
1854 3117 1924 3185 τῇ

265 3201 446 3272 οἰκείᾳ
503 3201 627 3272 ἀξίᾳ
688 3201 854 3275 μόνον
913 3199 1148 3276 ἆνεργεῖν
1202 3198 1294 3254 καί
1350 3198 1707 3275 παραδιδόναι
1775 3199 1924 3255 διδά-

2029 2040 2373 2096 etidentitas
2400 2059 2581 2096 unum
2598 2047 2849 2097 etunum
2871 2043 3402 2114 faciens,tanquam
3426 2043 3676 2115 simplex

2029 2133 2087 2186 et
2118 2147 2263 2201 pura
2294 2135 2352 2184 et
2382 2131 2624 2186 minime
2655 2131 2985 2203 composita
3015 2131 3365 2203 appellatur.
3380 2132 3673 2188 Dissimile

2029 2236 2181 2286 vero,
2216 2224 2271 2274 et
2300 2220 2605 2291 inaequale,
2655 2226 2711 2275 et
2753 2220 3075 2287 diversum,
3123 2226 3180 2276 et
3232 2222 3498 2293 mistum,
3530 2226 3587 2278 et
3613 2223 3674 2278 in

2030 2309 2356 2364 mutatione
2404 2310 2703 2365 materiale
2753 2310 2979 2366 dicunt.
3028 2310 3219 2366 Unum
3271 2311 3470 2383 igitur,
3520 2312 3677 2368 Deus

2031 2397 2416 2470 intelligatur.

2100 2488 2317 2542 Divinos
2346 2490 2436 2542 sui
2482 2494 2771 2557 consortes,
2824 2490 2920 2544 Gr.
2976 2488 3265 2551 θιασώτας.
3316 2489 3508 2552 Θίασος
3542 2508 3681 2562 pro-

2030 2577 2153 2648 prie
2185 2577 2421 2647 quidem
2454 2576 2670 2633 cborus
2698 2595 2712 2645 ;
2746 2578 3013 2640 θιασώτας
3035 2582 3257 2650 autem,
3291 2579 3399 2636 hoc
3439 2580 3499 2634 in
3529 2579 3679 2645 loco,

2030 2682 2128 2722 eos
2168 2665 2269 2737 qui
2314 2666 2469 2721 circa
2510 2666 2709 2721 divina
2758 2672 3067 2722 versantur
3113 2668 3278 2724 dicit.
3340 2664 3684 2721 Διειδέστατα

2031 2755 2272 2827 quidem
2304 2755 2637 2826 splendida,
2671 2755 2989 2827 pellucida,
3019 2753 3343 2827 ἀκηλίδωτα
3372 2774 3529 2826 vero,
3562 2774 3678 2813 non

2033 2844 2292 2899 sordida.

2104 2933 2493 3004 Operarillaec
2515 2932 2768 2988 arbitror
2796 2932 3279 3005 declarare,quod
3313 2952 3427 2991 non
3452 2937 3677 3007 oportet

2033 3022 2292 3093 aliquem
2324 3022 2383 3075 in
2434 3038 2601 3076 sacro
2648 3022 2835 3092 gradu
2886 3022 3409 3078 adnumeratorum
3456 3023 3681 3095 aliquid

2035 3128 2215 3182 supra
2246 3111 2547 3181 proprium
2581 3111 2845 3165 ordinem
2875 3111 3096 3179 facere;
3131 3112 3230 3167 sed
3263 3118 3490 3167 tantum
3524 3114 3680 3184 quod

2035 3199 2278 3271 propriae
2302 3200 2589 3254 incumbit
2611 3199 2881 3270 dignitati
2904 3200 3217 3266 efﬁcere,et
3236 3201 3537 3257 docentem
3564 3206 3683 3257 tra-

272 3311 496 3356 σκοντα,
562 3290 636 3361 μή
699 3292 812 3363 μὴν
870 3288 1167 3364 ἐπιχειρεῖν
1206 3288 1283 3351 εἷς
1331 3290 1398 3343 τὰ
1461 3290 1591 3363 ὑπὲρ
1621 3291 1719 3359 τὴν
1752 3290 1920 3360 ἀξίαν·

2053 3290 2204 3357 iere;
2240 3306 2352 3343 non
2387 3305 2514 3344 vero
2532 3305 2772 3344 manum
2789 3290 3097 3345 admovere
3120 3290 3191 3344 iis
3215 3292 3316 3345 13
3344 3308 3470 3362 quae
3495 3291 3686 3363 digni-

269 3382 429 3448 οἷον,
490 3377 619 3440 τοὺς
676 3373 1074 3453 πρεσϐυτέρους
1132 3375 1424 3446 διδάσκειν,
1482 3379 1573 3433 καὶ
1630 3379 1690 3433 τὸ
1748 3376 1923 3453 δῶρον

264 3467 681 3543 προσκομίζειν,
743 3466 806 3521 οὖ
1008 3466 1098 3522 καὶ
1130 3473 1487 3542 χειροτονεῖν·
1532 3465 1813 3530 διακόνους
1844 3465 1926 3522 δι-

268 3555 523 3628 δάσκειν,
586 3557 650 3611 οὗ
724 3558 835 3629 μὴν
890 3555 980 3611 καὶ
1043 3557 1352 3632 βαπτίζειν·
1411 3556 1473 3610 οὗ
1526 3557 1629 3632 γὰρ
1690 3553 1925 3611 δώσουσι

266 3651 494 3719 Πνεῦμα
545 3646 724 3721 ἅγιον,
770 3646 845 3708 ὡς
875 3642 1003 3699 οὐδὲ
1050 3646 1078 3699 ὁ
1112 3643 1396 3706 Φίλιππος
1431 3643 1483 3699 ἐν
1540 3650 1661 3707 ταῖς
1694 3644 1923 3721 Ηράξεσι

264 3740 371 3790 τῶν
434 3734 607 3809 ἆγίων
641 3731 984 3789 ἀποστόλων.
1030 3735 1058 3787 ὁ
1091 3731 1375 3794 διάκονος·
1411 3730 1555 3787 ἀλλὰ
1591 3735 1729 3806 μήτε
1758 3753 1924 3808 προσ-

266 3825 469 3902 φέρειν·
500 3822 593 3877 καὶ
626 3822 801 3884 οὕτως
834 3822 1043 3899 ἐφεξῆς·
1079 3819 1224 3876 ἀλλὰ
1264 3820 1354 3875 καὶ
1385 3820 1511 3883 τοὺς
1559 3819 1925 3895 τελουμένους

262 3917 328 3970 τὲ
358 3915 676 3985 καθήκοντα
710 3910 875 3985 μόνον
909 3913 1188 3988 πράσσειν,
1236 3909 1330 3965 ’ίνα
1381 3910 1708 3989 φυλάττοιτο
1739 3911 1922 3975 καλῶς

265 4004 325 4058 τὸ
354 4003 508 4075 παρὰ
533 4005 614 4073 τῷ
646 4000 775 4073 θείῳ
805 3999 1029 4073 Παύλῳ·
1060 4002 1325 4063 Ἕκαστος
1357 3999 1409 4055 ἰν
1440 4001 1485 4072 ᾧ
1537 3998 1744 4071 ἐκλήθη
1796 4002 1923 4076 βαθ-

274 4092 359 4163 μῷ
393 4111 490 4163 μεν
499 4090 624 4144 ἐτω-

335 4178 723 4254 Τελεταρχίας.
757 4176 1019 4235 Τουτὲστι
1054 4176 1412 4241 τελειώσεως.

332 4357 553 4431 Τάξεσι.
596 4356 745 4414 Κατὰ
790 4355 852 4411 τὸ
903 4352 1163 4431 διάφορον
1189 4358 1291 4431 γὰρ
1323 4356 1412 4411 καὶ
1459 4352 1929 4429 ὑπεραναϐεϐηκὸς

261 4451 369 4502 τῶν
402 4444 633 4517 τᾶξεων,
660 4446 752 4501 καὶ
781 4446 843 4500 τὸ
873 4444 1297 4519 ἐπιστημονικὸν
1332 4446 1469 4501 εἶναι
1501 4442 1602 4503 δεῖ.

335 4623 798 4701 Κεκληρωμὲνων
856 4627 891 4694 ἡ
968 4622 1293 4687 τελείωσις.
1376 4624 1693 4698 Σημείωσαι
1746 4625 1829 4688 τίς
1885 4627 1918 4696 ἡ

2037 3383 2219 3434 tatem
2252 3382 2535 3448 superant
2556 3378 2730 3431 sicuti
2763 3378 3131 3450 presbyteros
3154 3379 3444 3447 docere,et
3461 3381 3684 3435 donum

2034 3467 2260 3536 offerre,
2296 3484 2407 3520 non
2443 3471 2634 3520 autem
2671 3465 2962 3520 ordinare.
3004 3466 3292 3523 Diaconos
3326 3469 3550 3534 docere,
3568 3486 3684 3523 non

2036 3561 2230 3611 autem
2263 3555 2437 3610 etiam
2472 3554 2921 3625 baptizare.Non
2955 3554 3112 3610 enim
3144 3556 3370 3611 dabunt
3399 3556 3681 3627 Spiritum

2035 3650 2331 3710 sanctum,
2365 3644 2519 3698 sicut
2552 3660 2740 3713 neque
2772 3642 3078 3715 Philippus
3110 3644 3413 3712 diaconus,
3435 3645 3493 3701 in
3526 3646 3686 3702 Actis

2034 3739 2372 3789 sanctorum
2441 3734 2841 3803 apostolorum
2876 3749 2889 3787 :
2924 3732 3026 3787 sed
3061 3750 3175 3788 non
3226 3734 3403 3789 etiam
3453 3736 3679 3802 offerre,

2034 3826 2091 3879 et
2119 3823 2201 3878 ita
2229 3821 2523 3893 deinceps,
2565 3821 2665 3877 sed
2699 3826 2754 3877 et
2797 3821 3084 3892 perfectos
3146 3839 3274 3894 quas
3325 3824 3502 3879 ofﬁcii
3548 3829 3682 3880 tan-

2033 3917 2161 3968 tum
2195 3916 2335 3966 sunt
2364 3911 2574 3977 facere,
2609 3915 2673 3965 ut
2702 3910 3066 3966 custodiatur
3113 3911 3261 3968 bene
3312 3912 3457 3968 illud
3492 3916 3682 3970 sancti

2034 4001 2200 4057 Pauli
2235 4017 2247 4057 :
2285 4002 2660 4072 Unusquisque
2692 4002 2751 4055 in
2800 4016 2902 4071 quo
2952 4005 3177 4056 vocatus
3223 4007 3301 4056 est
3342 4004 3527 4074 gradu
3557 4020 3679 4059 ma-

2034 4096 2161 4147 neat
2191 4090 2288 4162 (a).

2109 4180 2493 4236 Ordinationis
2537 4179 2829 4249 principii,
2878 4177 2975 4233 Gr.
3022 4173 3401 4252 τελεταρχίας,
3450 4180 3560 4236 hoc
3593 4184 3682 4236 est

2035 4268 2433 4343 perfectionis.

2110 4359 2426 4415 Ordinibus.
2461 4357 2797 4412 Secundum
2830 4356 3218 4413 differentiam
3251 4356 3428 4427 enim,
3462 4361 3519 4413 et
3540 4358 3685 4413 cmi-

2037 4448 2299 4505 nentiam
2331 4446 2607 4502 ordinum
2640 4445 2817 4501 etiam
2865 4445 3086 4501 sciendi
3120 4445 3463 4503 facultatem
3490 4447 3686 4504 inesse

2038 4541 2286 4610 oportet.

2109 4628 2329 4695 Eorum,
2361 4626 2457 4696 qui
2486 4623 2738 4680 ordinem
2787 4626 2971 4680 sortiti
3009 4632 3160 4689 sunt,
3204 4627 3485 4696 per/eetio.
3538 4626 3689 4684 Nota

261 4720 369 4770 τῶν
423 4716 702 4791 ἱεραρχῶν
760 4714 1065 4784 τελείωσις,
1093 4713 1184 4768 καὶ
1215 4718 1332 4776 πῶς
1366 4718 1498 4770 Θεοῦ
1547 4713 1649 4768 εἰσι
1680 4716 1921 4791 συνεργοὶ

2053 4733 2157 4788 [uae
2191 4716 2268 4770 sit
2312 4693 2734 4786 episcoporum
2782 4715 3083 4786 perfectio,
3138 4693 3537 4787 cat—quomodo
3589 4716 3687 4771 Dei

261 4806 400 4860 κατᾶ
429 4806 523 4860 τὸν
559 4807 701 4860 θεῖον
737 4801 1097 4862 Ἀπόστολον.

335 4897 455 4964 Τὴν
508 4894 655 4958 θείαν
704 4893 997 4970 ἐνέργειαν.
1057 4891 1318 4951 Τουτὲστι
1376 4892 1442 4947 τὰ
1490 4897 1587 4948 τοῦ
1615 4897 1748 4949 Θεοῦ
1796 4891 1929 4968 ἔργα

2035 4806 2155 4861 sint
2185 4810 2592 4876 cooperatores
2625 4805 2952 4860 secundum
2986 4803 3248 4859 divinum
3281 4804 3543 4860 Paulum.

2111 4895 2365 4949 Divinam
2395 4895 2783 4965 operationem.
2818 4894 2935 4949 Hoc
2966 4898 3055 4949 est
3086 4894 3282 4965 ipsum
3314 4910 3548 4965 quoque
3588 4895 3689 4952 Dei

266 4983 357 5038 καὶ
407 4982 571 5039 αὐτὸν
622 4982 1004 5060 ἐργαζόμενον,
1056 4983 1391 5057 σοφίζοντα,
1450 4980 1784 5053 τελειοῦντα,
1842 4984 1922 5038 καῖ

2053 5000 2219 5055 opera
2246 4987 2609 5053 operantem,
2641 4983 2968 5046 docentem,
3000 4982 3419 5053 perﬁcientem,
3441 4988 3500 5037 et
3531 4982 3689 5039 simi-

266 5073 335 5127 τᾶ
366 5074 561 5145 ὅμοια,
621 5072 696 5134 εἰς
755 5070 883 5134 τοὺς
941 5068 1511 5147 παιδαγωγουμένους
1543 5074 1676 5126 κατὰ
1708 5070 1922 5146 δύναμιι

2053 5074 2126 5129 lia
2154 5072 2212 5127 in
2245 5072 2317 5127 iis
2348 5071 2448 5143 qui
2482 5072 2769 5126 docentur
2799 5087 2902 5143 pro
2933 5071 3156 5126 viribus
3188 5069 3513 5127 facientem.

277 5161 689 5237 ὶργαζόμενον.

364 5249 599 5319 Ἐπειδὴ
657 5251 830 5321 τάξις.
883 5249 1201 5324 Σημείωσαι
1256 5250 1355 5319 τὴν
1386 5248 1530 5322 τάξιν
1584 5249 1673 5304 καὶ
1730 5250 1792 5305 τὸ
1846 5255 1946 5317 τῆς

2129 5251 2263 5306 Cum
2291 5251 2443 5306 ordo.
2473 5251 2620 5306 Nota
2651 5250 2915 5306 ordinem
2942 5253 2999 5304 et
3027 5248 3365 5304 hierarchia
3388 5252 3695 5322 perfectio-

278 5340 583 5416 ἱεραρχίας
644 5337 1014 5412 ἀποτέλεσμα,
1069 5338 1158 5393 καὶ
1188 5340 1269 5392 ὅτι
1328 5337 1457 5402 τοὺς
1512 5338 1838 5414 προσιόντας
1868 5338 1922 5395 δε

2060 5358 2218 5406 nem,
2268 5344 2328 5395 et
2357 5340 2511 5412 quod
2563 5341 2903 5395 accedentes
2953 5340 3179 5409 oportet
3222 5338 3411 5410 primo
3460 5343 3700 5415 purgari

262 5434 486 5504 πρῶτον
522 5427 879 5503 καθαίρεσθαι
927 5432 997 5501 τῇ
1054 5424 1379 5498 διδασκαλίᾳ
1433 5431 1545 5481 τῶν
1608 5424 1949 5505 διαιρετικῶν

350 5585 431 5654 (a)
468 5583 491 5639 Ι
520 5587 661 5639 ('or.
694 5599 799 5650 vn,
828 5582 919 5637 24.

2063 5429 2330 5486 doctrina
2372 5445 2577 5485 eorum
2628 5445 2756 5500 quae
2824 5425 3142 5482 dissolvere
3202 5432 3421 5499 queant
3480 5432 3701 5501 peccati

1297 5679 1538 5737 VARI.’E
1576 5681 1971 5740 LECTIONES
2010 5683 2104 5740 ET
2146 5678 2690 5740 CORRECTIONES

351 5800 402 5836 ³⁸
432 5794 844 5857 τελειοποιοῦν.
923 5795 970 5833 ³⁸
996 5791 1231 5874 cippum.
