4158 6370
443 415 513 473 51
1276 404 1638 461 APPENDIX
1673 404 1772 459 AD
1808 399 2049 457 OPERA
2083 398 2118 452 ε

2243 396 2498 453 [ONYSII
2539 401 3049 461 ΔΒΕΟΡΔΘΙΤΕ.
3800 407 3877 464 52

450 535 893 595 commistiones
920 551 934 604 ;
962 530 1172 588 deinde
1204 527 1489 584 illustrari
1523 542 1625 599 per
1654 522 2048 597 cognitionem
2077 536 2110 573 a

2243 522 2320 586 τῆς
2353 518 2618 596 ἁμαρτίας
2678 524 3059 602 συμφύρσεωψ
3096 527 3212 581 εἶτα
3242 522 3566 605 φωτίζεσθαι
3606 530 3676 602 τῇ
3726 528 3876 605 γνώ-

458 627 577 683 Deo
626 625 1050 697 inspiratarum
1079 619 1515 691 Scripturarum
1546 616 1605 670 in
1639 611 1885 670 decretis
1915 611 1986 666 de
2017 608 2119 664 Dei

461 716 810 789 cognitione,
841 716 899 768 et
927 715 1054 767 tum
1102 709 1303 782 perfici
1354 703 1816 780 regenerationis
1864 700 2111 756 lavacro.

526 894 630 949 Hos
659 891 879 964 quidem
906 889 1199 945 illustrari.
1228 886 1377 943 Nota
1409 885 1564 956 quod
1612 878 1927 938 illustratio
1961 893 2109 950 prae-

468 983 637 1040 cedat
667 982 1051 1053 baptismum.

1048 1093 1257 1150 Divina
1289 1091 1529 1147 beatitas

2227 627 2304 661 σει
2363 608 2471 662 τῶν
2533 611 2903 674 θεοπνεύστων
2972 620 3200 692 Γραφῶν
3243 616 3310 671 τὰ
3361 615 3486 690 περὶ
3547 616 3877 694 θεογνωσίας

2227 693 2495 773 δόγματα,
2523 702 2609 755 καὶ
2643 702 2765 758 τότε
2802 702 3140 769 τελειοῦσθαι
3198 709 3276 778 τῷ
3306 712 3407 777 τῆς
3462 693 3876 782 παλιγγενεσίας

2225 782 2463 840 λουτοῶ.

2265 808 2463 864 ουτρῳ.

2296 876 2429 940 Τοὺς
2464 879 2558 951 μὲν
2605 881 2951 957 φωτίζεσθαι.
2999 883 3341 957 Σημείωσαι,
3375 883 3457 941 ὅτι
3508 885 3571 941 τὸ
3619 886 3879 964 φώτισμα

2223 966 2330 1040 πρὸ
2358 972 2455 1021 τοῦ
2490 969 2863 1044 βαπτίσματός
2895 971 3058 1028 ἑστιν.

2756 1088 2821 1145 Ἡ
2851 1087 2966 1152 θεία
2999 1088 3342 1164 μακαριότης

602 1211 807 1276 purgat
815 1226 830 1272 ε
1160 1200 1430 1263 iltustrat,
1734 1194 1969 1265 perﬁcit,

2260 1189 2526 1267 καθαίρει,
2927 1197 3173 1271 φωτίζει,
3606 1195 3839 1269 τελειοῖ,

458 1274 676 1353 docens
707 1296 986 1361 mentem,
1048 1306 1289 1347 sursum
1317 1289 1561 1357 ducens,
1612 1285 1798 1341 Deum
1828 1282 2112 1340 efﬁciens.

2243 1276 2550 1335 ῑιδάσκουσα
2871 1284 2931 1340 ἄν
2940 1286 3165 1361 άγουσα,
3525 1293 3880 1352 θεοποιοῦσα.

1051 1406 1258 1463 Divina
1292 1404 1520 1459 beatitas

2757 1399 2821 1453 Ἠ
2852 1399 2969 1456 θεία
3003 1400 3336 1478 μακαριότης

601 1517 882 1589 purgatio,
1121 1512 1449 1581 illustratio,
1689 1507 1969 1580 perfectio.

2328 1500 2607 1580 κάθαρσις,
2876 1509 3158 1584 φωτισμὸς
3176 1556 3193 1582 ,
3461 1506 3764 1572 τελείωσις.

1035 1649 1257 1705 Divina?
1288 1645 1565 1701 beatitatis

2669 1624 2785 1692 Τῆς
2827 1623 2974 1687 θείας
3017 1624 3424 1700 μακαριότητος

464 1740 773 1798 hierarclw
827 1740 957 1812 qui—
1174 1734 1479 1793 hierarchis
1509 1736 1690 1789 autem
1720 1730 1949 1802 subjecti

2243 1727 2279 1780 ai
2314 1726 2407 1801 μὶν
2446 1726 2626 1803 ἱεράρ-
3059 1731 3112 1787 οἱ
3144 1728 3202 1787 δὶ
3232 1730 3682 1808 ἱεραρχοόμενοι,

2412 1837 2486 1883 αι,

535 1830 813 1991 ρυῖἓῗξιι,
944 1916 1004 1971 hi
1038 1914 1278 1987 quidem
1379 1912 1479 1969 isti
1508 1928 1640 1968 vero
1671 1909 1742 1965 il-
1817 1909 1902 1966 illi
1922 1912 2118 1966 autem

2296 1835 2637 1980 καθῗίιρουσι,
2751 1908 2803 1961 οἱ
2834 1908 2927 1981 μὶν
2961 1929 3053 1963 κα·
3161 1910 3214 1964 οἱ
3246 1908 3304 1966 δὲ
3330 1907 3494 1988 φωτί·
3606 1910 3663 1965 οἱ
3714 1906 3772 1966 δὲ
3800 1931 3889 1966 τε-

533 2007 855 2077 illustrant,
934 2007 1305 2078 purgantur;
1382 2002 1731 2071 lustrantur;
1811 2000 2118 2073 perﬁciun-

2300 1995 2616 2073 φωτίζουσι,
2755 1996 3052 2072 θαίρονται,
3167 2004 3369 2071 ζονται,
3581 1999 3881 2058 λειοῦνται.

536 2095 860 2169 perﬁciunt
892 2111 905 2150 :
1816 2096 1933 2145 tur.

537 2182 696 2246 Νοός.
732 2183 929 2240 Ionica
968 2200 1115 2240 usus
1168 2186 1259 2239 est
1292 2180 1541 2239 dialecto
1575 2181 1602 2234 ὁ
1634 2182 1779 2249 νοῦς,
1827 2182 1923 2233 τοῦ
1970 2179 2116 2248 νοὸς,

466 2273 520 2328 οἱ
548 2272 690 2334 νόες.
722 2274 936 2329 Dicunt
964 2272 1123 2329 enim
1156 2271 1355 2338 Attici,
1389 2270 1416 2323 6
1448 2273 1593 2338 νοῦς,
1628 2272 1723 2322 τοῦ
1750 2272 1868 2334 νοῦ,
1900 2272 1958 2324 et
1986 2269 2115 2340 plu-

464 2364 671 2421 raliter
700 2362 750 2417 οἳ
777 2366 884 2431 νοῖ,
916 2364 1022 2415 τῶν
1059 2364 1186 2427 νῶν,
1219 2366 1279 2416 et
1307 2356 1467 2413 νοισί.

537 2454 567 2527 §
600 2454 697 2510 III.
744 2456 836 2509 14
867 2452 1215 2523 Expiatores.
1243 2450 1360 2505 Hoc
1392 2449 1518 2504 loco
1553 2449 1624 2504 de
1651 2448 1800 2520 ipsis
1829 2447 2120 2521 episcOpis

466 2541 623 2615 agit;
660 2543 720 2597 in
753 2540 1219 2612 praecedentibus
1249 2540 1319 2594 de
1349 2538 1422 2595 iis
1452 2538 1551 2610 qui
1582 2538 1874 2609 episcopis
1904 2535 2123 2593 subditi

468 2636 609 2688 sunt
651 2630 921 2697 locutus;
970 2628 1272 2684 declarans
1318 2633 1374 2683 et
1418 2628 1671 2692 ordines,
1721 2631 1778 2682 et
1826 2626 2119 2698 quomodo

480 2722 794 2792 expiatore:
824 2720 1062 2790 quidem
1087 2717 1395 2773 inferiores
1426 2716 1566 2783 sint,
1609 2716 1761 2771 sicut
1789 2715 1829 2769 ii
1861 2714 1961 2787 qui
1991 2714 2120 2770 dia-

471 2810 637 2866 bolos
670 2808 1146 2880 adjurationibus
1197 2806 1472 2876 ejiciunt;
1524 2805 1891 2860 illuminativi
1920 2809 2117 2860 autem

469 2898 805 2970 superiores
837 2897 1104 2952 doctrina
1135 2895 1438 2959 sint,sicut
1472 2894 1794 2966 presbyteri
1816 2894 2118 2949 etdiaconi

466 2988 760 3060 perfectivi
790 2989 983 3041 autem
1018 2985 1137 3040 sint
1166 2983 1205 3037 ii
1237 2983 1335 3055 qui
1361 2999 1463 3054 per
1485 2983 1846 3054 baptismum
1870 2982 2122 3055 implent

469 3076 690 3148 Spiritu
722 3079 949 3140 sancto,
981 3072 1481 3143 quemadmodum
1521 3071 1799 3141 episcopi.
1835 3072 1985 3126 Dicit
2016 3089 2121 3127 au-

473 3169 593 3221 tem
626 3165 828 3220 eadem
859 3163 1012 3217 infra
1041 3161 1188 3217 libro
1217 3162 1291 3216 L‘e
1323 3160 1647 3216 hierarchia
1667 3162 2047 3217 ecclesiastica.

538 3254 887 3309 Naturaliter
915 3260 967 3309 et
993 3252 1499 3323 supernaturaliter
1545 3250 1753 3305 insunt.
1797 3252 1958 3316 Quod
2010 3269 2113 3308 na-

2302 3251 2556 3309 Φυσικῶς
2639 3247 2729 3302 καὶ
2816 3249 3102 3323 ὑπερφυῶς
3166 3247 3370 3305 ἐνόντα.
3436 3251 3561 3305 ’Ότι

468 3342 744 3401 turaliter
773 3347 830 3398 et
859 3340 1388 3413 supernaturaliter
1407 3339 1588 3395 insint
1616 3357 1741 3412 quae
1774 3341 1843 3395 ad
1868 3341 2121 3398 salutem

469 3432 772 3488 illustrare
808 3431 1057 3503 possint.
1097 3429 1339 3486 Pulchre
1385 3434 1583 3486 autem
1636 3431 1902 3486 ordinem
1946 3449 2122 3488 sacras

471 3522 829 3594 operationis
862 3520 1268 3576 ecclesiasticas
1300 3519 1649 3590 explanavit,
1687 3525 1749 3575 ut
1805 3521 1992 3592 primo
2024 3523 2124 3593 qui

473 3610 547 3665 ad
578 3610 843 3665 divinum
876 3609 1173 3680 baptisma
1202 3609 1488 3663 accedunt
1518 3610 1748 3680 purgati
1796 3610 2125 3667 valedicant

471 3700 692 3755 mundo
721 3716 734 3763 ;
768 3703 971 3768 postea
1002 3697 1270 3752 doctrina
1299 3696 1695 3763 illustrentur,
1721 3698 2123 3755 sacerdotibus

468 3788 542 3843 ad
576 3787 684 3841 hoc
716 3785 1041 3852 institutis;
1077 3783 1224 3840 tales
1268 3788 1465 3839 autem
1504 3785 1863 3855 purgativos,
1914 3787 2124 3858 dignos

465 3890 596 3931 esse
627 3874 729 3945 qui
759 3873 893 3929 aliis
925 3874 1299 3929 sanctitatem
1332 3872 1790 3943 communicent,
1824 3879 2002 3945 atque
2046 3876 2123 3931 ita

470 3967 675 4035 postea
719 3962 1027 4035 episcopos
1078 3961 1413 4032 baptizare;
1447 3961 1607 4032 ipsos
1659 3961 1817 4017 enim
1866 3963 2124 4035 appellat

462 4053 812 4126 perfectivos.
865 4055 1031 4105 Hunc
1085 4054 1279 4105 autem
1349 4049 1619 4105 ordinem
1681 4051 1976 4108 custodire
2022 4069 2121 4109 ne-

470 4156 635 4198 cesse
663 4143 773 4197 est.

1111 4246 1181 4301 IN
1215 4244 1371 4302 CAP.
1405 4247 1481 4302 IV

538 4366 566 4432 §
610 4363 652 4419 Ῑ.
700 4363 777 4418 Ad
824 4361 1294 4418 commnnionem.
1346 4363 1495 4419 Nota
1548 4363 1837 4420 rationem
1887 4370 2124 4438 prepter

471 4471 650 4526 quam
686 4460 835 4509 Deus
866 4452 1062 4508 omnia
1086 4452 1455 4523 produxit,ut
1488 4454 1806 4526 unicuique
1833 4472 1965 4511 cum
1986 4475 2118 4529 pro-

470 4543 736 4616 portione
767 4544 837 4598 de
870 4559 979 4597 sua
1010 4542 1270 4598 bonitate
1300 4544 1800 4615 communicaret;
1835 4546 1939 4602 hoc
1963 4548 2118 4603 enim

2295 2085 2587 2143 τελειοῦσι.

2298 2175 2461 2237 Νοός.
2495 2177 2746 2239 Ἰωνικῶς
2786 2177 3059 2253 ἐχρήσατο
3092 2177 3119 2232 6
3144 2182 3291 2249 νοῦς,
3338 2183 3437 2235 τοῦ
3468 2179 3616 2247 νοὸς,
3650 2179 3703 2234 οἱ
3732 2177 3881 2241 νόες·

2228 2265 2355 2342 φασὶ
2386 2267 2489 2340 γὰρ
2517 2266 2568 2319 οἱ
2602 2267 2860 2334 Ἀττικοὶ,
2890 2267 2918 2321 6
2949 2270 3100 2339 νοῦς,
3126 2271 3224 2323 τοῦ
3244 2272 3339 2324 νοῦ
3369 2267 3459 2323 καὶ
3489 2268 3884 2339 πληθυντικῶς

2229 2355 2281 2408 οἱ
2312 2360 2418 2421 νοῖ,
2448 2359 2555 2409 τῶν
2588 2360 2718 2423 νῶν,
2750 2355 2840 2410 καὶ
2867 2355 3026 2412 νοισί.

2302 2447 2461 2514 §III.
2512 2443 2899 2518 Καθαρτικούς·
2952 2446 3209 2500 Ἐνταῦθα
3262 2446 3387 2521 περὶ
3445 2450 3550 2501 τῶν
3602 2446 3883 2522 ἲεραρχῶν

2234 2532 2410 2588 αὐτῶν
2471 2554 2624 2609 φησι,
2683 2534 2749 2588 τὰ
2811 2533 2918 2609 πρὸ
2964 2533 3171 2589 τούτων
3200 2534 3325 2610 περὶ
3355 2540 3465 2592 τῶν
3517 2536 3886 2612 ἳεραρχουμὲ-

2230 2643 2336 2677 νων
2399 2621 2589 2694 εἰπὼν,
2646 2619 2981 2698 παραδηλῶν
3015 2624 3220 2687 καὶτὰς
3264 2625 3458 2698 τάξεις
3503 2623 3595 2680 καὶ
3626 2623 3777 2687 ὅπως
3828 2628 3881 2681 οἱ

2234 2713 2326 2784 μὲν
2387 2711 2702 2786 καθαρτικοὶ
2765 2706 3168 2783 ὑποϐεϐήκασιν
3202 2757 3216 2783 ,
3284 2714 3361 2778 ὡς
3434 2714 3487 2769 οἱ
3562 2714 3882 2790 ἐπορκισταί

2230 2796 2401 2863 ὄντες
2459 2802 2511 2855 οἱ
2572 2798 2628 2855 δὲ
2683 2797 3465 2879 φωτιστικοὶέπαναϐεϐήκασι
3520 2807 3589 2878 τῇ
3622 2800 3883 2859 διδασκα-

2230 2886 2346 2961 λίᾳ,
2404 2890 2518 2944 οἷον
2576 2891 2627 2943 οἱ
2658 2886 3011 2966 πρεσϐύτεροι
3044 2889 3133 2946 καὶ
3168 2892 3219 2946 οἱ
3248 2890 3511 2947 διάκονοι*
3555 2893 3608 2947 οἱ
3638 2889 3696 2949 δὶ
3723 2890 3885 2948 τελε-

2229 2981 2496 3052 σιουργοὶ,
2547 2980 2599 3034 οἱ
2644 2984 2722 3052 τῷ
2779 2980 3108 3054 βαπτίσματι
3162 2980 3477 3055 Πνεῦματος
3531 2980 3883 3058 πληροῦντες

2231 3068 2409 3142 ἁγίου,
2461 3069 2534 3130 ὡς
2574 3070 2625 3123 οἱ
2674 3068 2982 3126 ἐπίσκοποι.
3029 3071 3190 3144 Λὲγει
3238 3068 3296 3125 δὲ
3323 3074 3492 3126 ταῦτα
3520 3072 3608 3126 καὶ
3642 3073 3790 3126 κάτω
3821 3068 3879 3127 ἐν

2229 3162 2308 3229 τῷ
2340 3156 2469 3232 Περὶ
2501 3157 2956 3228 ἐκκλησιαπικῆς
2986 3160 3276 3235 ἰεραρχίας
3305 3158 3482 3235 λόγῳ.

3639 3250 3884 3327 φυσικῶς

2230 3337 2320 3392 καὶ
2380 3337 2664 3414 ὑπερφυῶς
2723 3332 2893 3392 ἔνεστι
2948 3340 3014 3393 τὰ
3069 3338 3206 3413 πρὸς
3238 3336 3510 3414 σωτηρίαν
3555 3341 3885 3414 φωτιστικά.

2234 3426 2425 3489 Καλῶς
2478 3424 2535 3480 δὲ
2582 3427 2679 3495 τὴν
2720 3427 2865 3497 τάξιν
2919 3424 3208 3506 διεσάφησε
3263 3435 3362 3498 τῆς
3421 3426 3887 3500 ἑκκλησιαστικῆς

2231 3515 2558 3592 ἱερουργίας,
2613 3518 2727 3570 οἷον
2780 3513 2872 3571 ἵνα
2925 3520 3143 3592 πρῶτον
3202 3517 3254 3571 οἱ
3299 3516 3721 3592 προσιόντεςτῷ
3752 3518 3885 3591 θείῳ

2238 3606 2571 3680 βαπτίσματι
2630 3605 3040 3661 ἀποτάττωνται
3097 3605 3503 3682 καθαιρόμενοι·
3562 3608 3673 3663 εἶτα
3704 3609 3885 3684 φωτί-

2235 3700 2431 3764 ζωνται
2460 3699 2528 3768 τῇ
2563 3692 2888 3767 διδασκαλίᾳ
2914 3700 3021 3751 τῶν
3054 3690 3432 3772 πρεσϐυτέρων
3463 3696 3539 3760 εἰς
3585 3701 3747 3752 τοῦτο
3780 3717 3886 3753 πε-

2231 3785 2571 3856 ποιημένων·
2636 3785 2920 3848 τοιούτους
2977 3782 3035 3839 δὲ
3092 3786 3222 3841 εἶναι
3280 3784 3411 3841 τοὺς
3460 3784 3889 3862 καθαρτικοὺςπ

2231 3872 2408 3942 ἀξίους
2439 3876 2536 3927 τοῦ
2588 3870 2911 3945 μεταδοῦναι
2969 3874 3171 3947 ἑτέροις
3220 3876 3531 3949 ἁγιότητος·
3584 3875 3672 3930 καὶ
3734 3873 3882 3931 οὕτω

2233 3959 2426 4016 λοιπὸν
2458 3961 2585 4024 τοὺς
2643 3961 2971 4025 ἐπισκόπους
3034 3963 3335 4036 βαπτίζεινο
3359 3962 3555 4026 αὐτοὺς
3585 3964 3690 4040 γὰρ
3720 3963 3887 4020 καλεῖ

2230 4048 2659 4127 τελεσιουργούς.
2693 4049 2909 4121 Ταύτην
2940 4047 3022 4105 δεῖ
3046 4051 3146 4121 τὴν
3175 4052 3324 4122 τάξιν
3356 4052 3741 4131 φυλάττεσθαι.

2729 4253 2844 4303 ΕΙΣ
2884 4248 2976 4306 ΤΟ
3014 4250 3273 4306 ΚΕΦΑΛ.
3308 4250 3381 4305 Δ’.

2303 4370 2329 4435 §
2362 4370 2405 4420 Ι.
2436 4364 2507 4418 Τὸ
2537 4364 2676 4439 πρὸς
2705 4364 3013 4421 κοινωνίαν.
3039 4365 3361 4438 Σημείωσαι
3382 4364 3475 4420 τὸν
3510 4363 3782 4442 λογισμὸν
3816 4365 3892 4423 δι’

2231 4454 2289 4508 ’ὸν
2344 4453 2410 4508 τὰ
2464 4452 2637 4507 πάντα
2668 4454 2982 4528 παρήγαγεν
3018 4455 3044 4509 6
3076 4454 3231 4525 Θεὸς,
3249 4452 3343 4509 ’ίνα
3370 4457 3752 4525 κοινωνήσωσι
3783 4463 3889 4526 τῆς

2230 4541 2393 4597 αὐτοῦ
2442 4543 2775 4616 ἂγαθότητος
2807 4540 3091 4618 ἀναλόγως
3136 4539 3382 4599 ἕκαστον
3431 4548 3593 4598 τοῦτο
3651 4544 3753 4620 γὰρ
3787 4543 3889 4617 δη-

468 4631 786 4703 signiﬁcat,
816 4630 1119 4686 Mansiones
1149 4632 1343 4689 multa!
1371 4632 1518 4704 apud
1550 4634 1776 4689 Patrem
1805 4634 1902 4707 (b).
1937 4635 2118 4693 Unus-

2243 4632 2326 4687 λοῖ
2380 4630 2464 4703 τὸ,
2526 4632 2703 4687 Μοναῖ
2752 4629 2962 4686 πολλαὶ
2993 4638 3139 4708 παρὰ
3193 4637 3273 4705 τῷ
3300 4632 3489 4708 Πατρί·
3526 4631 3748 4696 ἕκαστος
3780 4635 3885 4711 γὰρ

464 4721 716 4793 quisque
748 4720 905 4775 enim
939 4721 1267 4776 secundum
1302 4738 1451 4792 opus
1478 4723 1777 4793 proprium
1809 4724 2123 4799 participa-

464 4809 553 4867 bit
582 4810 653 4865 de
684 4809 872 4882 ipsius
903 4808 1161 4865 bonitate
1198 4826 1211 4864 :
1245 4809 1329 4865 ita
1359 4810 1535 4865 etiam
1582 4812 1752 4867 Titus
1786 4813 1929 4868 dicit
1961 4813 2017 4869 in
2052 4814 2124 4869 li-

470 4900 594 4956 bris
626 4899 828 4955 Contra
859 4899 1205 4954 Manicth

538 4990 762 5043 Rerum.
794 4988 1005 5043 Omnia
1029 4987 1140 5043 hoc
1171 4987 1297 5044 loco
1330 4992 1525 5045 creata
1570 4988 1860 5046 collectim
1892 5007 1995 5063 per
2024 5009 2125 5049 no-

466 5094 599 5133 men
632 5072 800 5130 ὄντων
826 5076 1122 5149 signiﬁcat
1152 5080 1208 5132 et
1238 5077 1633 5149 intelligibilia
1650 5084 1706 5133 et
1737 5080 1988 5136 visibilis
2008 5099 2128 5137 om-

474 5166 613 5234 nia;
650 5170 863 5221 cuncta
907 5166 1064 5221 enim
1113 5167 1264 5221 Deus
1308 5183 1378 5221 ex
1430 5167 1617 5221 nihilo
1662 5169 1815 5235 fecit,
1853 5172 2127 5243 utipsius

475 5255 735 5313 bonitate
764 5255 1132 5324 fruerentur;
1167 5255 1655 5312 fruunturautem
1687 5272 1789 5329 per
1820 5261 2128 5331 providen-

541 5410 618 5481 (b)
647 5409 817 5467 Joan.
848 5426 965 5481 xxv,
998 5412 1054 5466 2.

2234 4719 2369 4775 κατᾶ
2395 4720 2456 4774 τὸ
2490 4717 2627 4774 ἴδιον
2658 4717 2811 4796 ἔργον
2844 4722 3162 4793 κοινωνήσει
3192 4723 3291 4791 τῆς
3326 4722 3488 4778 αὐτοῦ
3518 4722 3885 4799 ἆγαθότητοςο

2236 4808 2378 4865 οὕτω
2409 4808 2498 4863 καὶ
2530 4809 2697 4871 Τίτος
2729 4809 2893 4883 φησὶν
2939 4808 2991 4865 ἐν
3049 4816 3169 4876 τοῖς
3224 4813 3375 4870 Κατὰ
3429 4812 3753 4888 Μανιχαίων
3784 4811 3889 4869 λό-

2235 4921 2375 4975 γοις.

2306 4994 2539 5047 Ὄντων.
2572 4992 2834 5055 Ἐνταῦθα
2863 4991 3038 5047 πάντα
3081 4987 3400 5063 συλλήϐδην
3432 4992 3501 5048 τὰ
3529 4991 3583 5048 ἒν
3615 4990 3889 5069 δημιουρ-

2236 5080 2330 5155 γίᾳ
2361 5077 2528 5149 δηλοῖ
2557 5077 2647 5134 διὰ
2675 5084 2772 5135 τοῦ
2806 5079 3077 5153 ὀνόματος
3104 5085 3212 5135 τῶν
3242 5076 3435 5153 ὄντων,
3466 5082 3556 5137 καὶ
3581 5082 3754 5152 νοητὰ
3795 5083 3890 5139 καὶ

2238 5171 2405 5244 ὁρατὰ
2470 5170 2677 5224 πάντα·
2742 5170 2949 5223 ἅπαντα
3014 5169 3117 5245 γὰρ
3176 5170 3205 5224 6
3276 5172 3407 5232 Θεὸς
3465 5170 3525 5226 ἐκ
3578 5172 3655 5244 μὴ
3713 5167 3888 5229 ὄντων

2237 5259 2488 5330 ἐποίησεν
2520 5256 2634 5332 [διὰ
2660 5261 2825 5313 τοῦτο
2877 5257 2967 5314 καὶ
3021 5259 3231 5333 μόνον],
3276 5258 3368 5315 ’ίνα
3416 5266 3517 5332 τῆς
3548 5260 3713 5317 αὐτοῦ
3760 5261 3892 5338 ἀγα-

1470 5537 1715 5595 VARIIE
1758 5539 2159 5600 LECTIONES
2201 5543 2293 5599 ET
2333 5541 2876 5600 CORRECTIONES

538 5651 581 5686 ﬂ
614 5647 772 5735 ἴσως,
800 5650 1185 5735 φωτιστιικούς,
1214 5655 1347 5726 quia
1370 5670 1482 5712 non
1506 5662 1590 5713 est
1607 5659 1969 5731 καθαρτικῶν,
2002 5660 2102 5717 sed

2243 5662 2481 5713 τιστικῶν
2514 5660 2722 5731 docere,
2752 5659 2895 5717 sicut
2919 5662 3097 5718 etiam
3126 5661 3215 5718 hic
3252 5658 3553 5728 indicatur,
3601 5664 3769 5733 atque
3814 5663 3886 5720 ab

467 5722 554 5779 his
586 5724 655 5778 ad
682 5722 967 5796 episeopo:
996 5724 1131 5780 itur.
