4158 6370
252 429 318 484 53
975 426 1037 480 Β.
1075 426 1344 480 MAXIM!
1380 423 1688 480 BCHOLIA
1723 420 1798 475 IN
1836 417 1969 472 LIB.
2010 418 2108 471 DE
2145 418 2468 472 C(ELEBTI
2505 414 2978 470 HIERARCHIA.
3612 414 3683 469 54

259 549 479 621 οᾶτητος
531 545 898 604 ἀπολαύοιεν.
948 544 1318 604 Ἀπολαύουσι
1378 543 1435 601 δὲ
1494 542 1585 599 διὰ
1645 544 1746 607 τῆς
1786 559 1924 615 προ-

2048 539 2184 595 tiam
2217 542 2389 611 prout
2420 538 2653 611 singula
2688 538 2899 593 idonea
2930 539 3099 607 sunt;
3148 535 3505 609 principium
3525 537 3682 597 enim

265 641 423 708 νοίας,
468 639 545 701 ὡς
593 635 825 693 ’ἑκαστον
875 633 1201 707 ἐπιτηδείως
1250 633 1369 710 ἔχει
1402 655 1414 667 ·
1466 634 1615 711 ἀρχὴ
1666 631 1768 707 γάρ
1812 630 1921 685 ἐστι

266 736 357 798 τῆς
383 731 493 783 τῶν
533 722 713 781 ὄντων
746 724 931 788 οὐσίας
959 727 995 795 ἠ
1028 728 1125 780 τοῦ
1156 728 1289 781 Θιοῦ
1319 723 1566 800 πρόνοια.

328 815 509 872 Πάντα
564 815 661 889 μὶν
719 813 812 869 οὖν
859 814 927 869 τὰ
956 809 1102 868 ὅντα.
1138 816 1264 870 ’Ότι
1306 813 1480 867 πάντα
1526 812 1593 866 τὰ
1640 806 1767 863 ὄντα
1820 813 1923 877 τῆς

260 912 348 964 τοῦ
378 910 514 962 Θεοῦ
545 904 813 979 προνοίας
849 904 1069 978 μετέχει
1104 922 1117 936 ’
1156 900 1280 959 οὐδὲ
1308 903 1413 978 γὰρ
1446 898 1567 956 οὔτε
1596 898 1650 955 ἐν
1681 904 1798 961 τοῖς
1829 896 1920 952 οὗ·

264 999 339 1052 σίν
373 996 487 1051 ἐστι
516 995 581 1050 τὸ
618 995 696 1068 μὴ
733 994 964 1068 μετέχον
992 996 1091 1048 τοῦ
1121 996 1255 1047 θεοῦ
1287 1011 1299 1024 ·
1355 990 1494 1047 ὥστε
1552 988 1916 1045 ἀνυπόστατον

260 1089 317 1141 τὸ
363 1085 553 1153 κακὸν,
606 1082 799 1152 ἐπειδὴ
861 1083 938 1156 μή
1003 1082 1221 1157 μετέχει
1268 1086 1363 1137 τοῦ
1420 1085 1554 1136 Θεοῦ
1612 1079 1748 1135 κατὰ
1800 1076 1916 1132 στέ-

260 1196 411 1251 ρησιν
465 1171 626 1246 ἕξεως
672 1172 1028 1248 φαινόμενον.
1069 1170 1228 1229 Ἀλλ’
1279 1172 1383 1225 οὐκ
1431 1168 1582 1240 αὑτὸ,
1634 1167 1916 1242 πρωτοτό-

263 1285 376 1327 πως
405 1264 466 1317 ὃν
500 1261 554 1317 ἐν
584 1261 743 1333 οὐσίᾳ
775 1279 786 1292 ·
823 1260 966 1316 οὕτω
995 1258 1247 1324 πλατέως
1294 1258 1517 1333 εἷ’πομεν
1567 1255 1677 1312 ἄνω
1728 1255 1779 1311 ἐν
1838 1258 1918 1327 τῷ

262 1351 562 1428 προσφόρῳ
586 1348 894 1430 κεφαλαίῳ.

925 1557 1052 1612 Τῶν
1089 1549 1259 1610 ὄντων

261 1648 325 1705 Ἡ
359 1644 619 1719 ἄζωάᾷεἲ-
692 1647 794 1719 ’ξΗΔ
829 1648 1061 1719 ζῶντα,
1137 1645 1238 1719 ’ῘΗΔ
1332 1642 1493 1719 νοερὰ
1564 1648 1647 1719 Ἣ⁸
1719 1642 1920 1719 λογικᾶ

264 1740 366 1793 σιν,
393 1720 427 1773 ’ἆ
456 1717 618 1793 καλεῖ
687 1718 753 1793 ᾖ-
782 1715 931 1793 λέγει
1136 1716 1398 1793 ᾀσώματα
1426 1714 1489 1793 ⁷-,
1564 1714 1654 1770 καὶ
1751 1714 1917 1793 ἐν’σώξ

268 1785 431 1863 μόνον
531 1785 609 1843 ὅνο
687 1785 872 1865 λόγως
939 1791 1054 1861 ζῇν,
1132 1789 1208 1851 ὡς
1237 1785 1303 1845 τὰ
1329 1785 1488 1864 οὐράς
1566 1806 1707 1860 ματα
1759 1831 1773 1859 ,
1886 1786 1919 1841 ἃ

268 1864 491 1914 τα-οἷον
517 1861 605 1914 οὗ·
678 1863 795 1914 οἷον
863 1859 931 1914 τὰ
986 1863 1044 1914 ἆ·
1118 1880 1228 1914 νιαο
1552 1856 1714 1913 καλεῖ
1802 1860 1918 1914 καθ’

1554 1933 1725 2006 ἡμᾶς·

263 1861 491 1931 τα,οἷον
517 1861 605 1917 οὗ·
678 1861 795 1916 οἷον
863 1861 931 1915 τὰ
986 1863 1044 1914 ἆ·
1118 1880 1228 1915 νιαο

266 1935 416 2007 ρανοὶ
513 1931 606 1989 καὶ
682 1931 820 2011 λογα
885 1935 997 2002 ζῶα
1028 1951 1041 1965 ο

264 2025 384 2083 γη·

336 2183 416 2241 Οὖ
475 2182 578 2259 γὰρ
640 2183 701 2239 ἂν
752 2182 844 2253 ἦν.
875 2184 966 2241 Ἐν
1014 2184 1233 2247 τούτοις
1282 2177 1411 2239 ὄντα
1449 2184 1518 2238 τὰ
1572 2187 1685 2247 θεῖα
1740 2187 1920 2253 καΛεῖ,

265 2276 514 2330 τουτέστι
567 2274 669 2342 τήν
728 2271 878 2349 ἁγίαν
955 2271 1183 2345 Τριάδα,
1240 2273 1387 2343 ἥτις,
1434 2276 1541 2327 τῶν
1609 2272 1921 2346 κτισμάτων

266 2362 401 2419 οὖσα
461 2360 803 2437 δημιουργὸς
830 2362 919 2417 καὶ
977 2363 1149 2437 ἀρχὴ,
1207 2360 1378 2437 ἤγουν
1438 2361 1604 2430 αἰτία,
1636 2360 1687 2433 ἐξ
1745 2362 1919 2417 αὐτῶν

264 2457 372 2508 τῶν
404 2458 536 2519 παρ’
566 2452 736 2522 αὐτῆς
784 2451 861 2514 εἷς
910 2451 1095 2508 οὐσίαν
1146 2450 1411 2516 ἐλθόντων
1461 2450 1777 2526 μετέχεσοαι
1830 2449 1923 2506 λέ-

267 2563 445 2615 γεται.

336 2632 419 2689 Τὰ
454 2631 550 2703 μὲν
581 2628 677 2685 οὖν
720 2628 889 2699 ἅζωα.
917 2632 1041 2687 "Ott
1090 2630 1181 2685 καὶ
1228 2630 1298 2685 τὰ
1344 2631 1494 2699 ἄζωα
1552 2632 1769 2705 μετέχει
1822 2637 1925 2700 τῆς

265 2717 529 2792 προνοίας
554 2722 653 2774 τοῦ
685 2723 819 2775 Θεοῦ
851 2720 967 2773 κατ’
994 2718 1125 2773 αὐτὸ
1153 2719 1215 2773 τὸ
1246 2718 1378 2773 εἶναι
1414 2736 1426 2750 ⁸
1466 2720 1614 2788 ἄζωα
1657 2716 1714 2773 δέ
1769 2719 1923 2789 εἰσιν,

268 2810 381 2862 οἷον
417 2805 565 2862 λίθοι
597 2807 687 2863 καὶ
719 2808 890 2864 πάντα
916 2808 984 2862 τὰ
1017 2808 1091 2882 μή
1124 2807 1392 2883 προϊόντα
1422 2806 1499 2871 ε’ίς
1540 2807 1775 2882 γένεσιν.

341 2990 529 3041 Ζῶντα
575 2991 679 3056 τῆς
726 2985 917 3051 αὐτῆς.
952 2987 1102 3043 Κατὰ
1155 2989 1342 3042 κοινοῦ
1393 2985 1481 3040 ἐπὶ
1539 2986 1763 3043 έκάστου
1817 2990 1925 3042 τῶν

272 3074 689 3151 ἐπιφερομένων
749 3074 1185 3153 προσυπακούιιν
1248 3074 1349 3149 δεῖ,
1409 3073 1478 3131 δι’
1535 3076 1606 3131 ὢν
1666 3075 1926 3151 προνοίας

274 3166 517 3241 μετέχει.

1948 1912 1996 1977 Β

2035 629 2302 686 essentiae
2337 644 2533 684 rerum
2565 631 2656 683 est
2687 626 2789 683 Dei
2820 625 3209 699 providentia.

2105 811 2292 878 Quare
2320 825 2406 864 res
2435 823 2641 863 omnes.
2674 806 2835 871 Quod
2859 804 3054 862 omnia
3075 805 3233 860 entia
3255 805 3678 876 providentiam

2032 899 2134 955 Dei
2168 899 2547 970 participant;
2580 913 2771 967 neque
2800 896 2955 951 enim
2986 894 3209 966 aliquid
3245 895 3484 950 omnino
3509 900 3598 951 est
3619 894 3678 950 in

2032 989 2206 1043 rebus
2239 988 2391 1057 quod
2444 1004 2560 1042 non
2615 992 2797 1041 Deum
2846 984 3301 1056 participetzita
3350 988 3415 1038 ut
3453 984 3675 1039 malum

2030 1076 2421 1133 subsistentia
2471 1080 2682 1144 careat,
2730 1074 3209 1144 quandoquidem
3261 1078 3543 1144 appareat
3586 1090 3678 1128 se-

2028 1167 2287 1222 cundum
2342 1166 2662 1219 existentiae
2704 1164 3096 1235 privationem
3158 1163 3403 1217 minime
3452 1162 3522 1217 de
3562 1162 3678 1217 Deo

2027 1255 2399 1329 participare.
2425 1258 2639 1309 Verum
2676 1269 2764 1307 res
2798 1269 2910 1307 non
2934 1253 3012 1307 ita
3043 1268 3104 1306 se
3135 1251 3474 1320 habet,cum
3508 1250 3566 1305 in
3592 1267 3677 1306 es-

2027 1346 2217 1401 sentia
2268 1348 2548 1416 tanquam
2598 1343 2655 1397 in
2691 1342 2879 1414 primo
2910 1340 3226 1413 exemplari
3270 1340 3513 1396 exsistat
3546 1356 3558 1395 :
3592 1339 3675 1396 sic

2028 1436 2155 1491 fuse
2185 1433 2440 1489 diximus
2474 1448 2673 1504 supra,
2706 1430 2762 1486 in
2793 1429 3156 1488 convenienti
3188 1430 3396 1502 capite.

2560 1546 2656 1603 l5
2691 1547 2924 1601 Entium
2949 1546 3142 1617 aliqua

2025 1639 2131 1694 Aut
2158 1638 2273 1692 vita
2320 1652 2415 1691 ca-
2456 1633 2559 1689 Aut
2634 1635 2847 1699 z-ivunt,
2888 1635 2989 1688 Aut
3061 1633 3267 1689 intelli—
3306 1634 3411 1689 Aut
3442 1635 3672 1691 ratioci-

2026 1718 2170 1777 rent,
2192 1724 2424 1779 quaevo-
2462 1724 2590 1778 quae
2614 1705 2757 1779 dicit
2772 1706 2850 1761 si-
2888 1707 3027 1774 gunt
3062 1710 3117 1759 et
3143 1721 3266 1760 cor-
3304 1713 3535 1772 nantur,
3571 1777 3581 1779 _
3613 1710 3670 1761 et

2028 1785 2122 1838 cat
2188 1777 2421 1835 tantum
2463 1777 2535 1834 ne
2630 1777 2854 1833 ratione
2894 1792 3030 1848 pore
3047 1780 3263 1843 carent,
3307 1793 3519 1849 corpus
3569 1777 3670 1833 ha-

2027 1869 2215 1937 entia,
2267 1867 2421 1924 sicut
2457 1866 2645 1923 vivere
2676 1909 2689 1933 ,
2788 1869 2852 1920 ut
2889 1865 3063 1934 sicut,
3103 1865 3276 1922 cmle-
3316 1866 3476 1937 bent,
3541 1882 3671 1937 quae

2028 1936 2414 2009 cmlietterra;
2458 1940 2631 1993 bruta
2713 1937 2841 1992 ani-
2885 1938 3030 2006 stia;
3298 1936 3673 1993 dicunturse-

2457 2010 2631 2066 malia
2659 2026 2672 2077 ;
3306 2009 3568 2065 cundum

3310 2096 3441 2137 nos.

2099 2192 2281 2262 Neque
2307 2189 2458 2244 enim
2486 2192 2685 2244 essent.
2719 2191 2781 2243 In
2813 2187 2907 2243 his
2936 2187 3097 2244 entia
3139 2186 3509 2243 divinitatem
3568 2203 3674 2259 ap-

2031 2278 2229 2351 pellat,
2255 2279 2361 2333 hoc
2387 2278 2509 2333 haec
2532 2280 2796 2332 sanctam
2816 2276 3190 2341 Trinitatem,
3216 2292 3344 2347 quae
3365 2292 3499 2331 cum
3523 2291 3677 2330 crea-

2029 2373 2292 2424 turarum
2322 2368 2565 2423 exsistat
2588 2365 3327 2437 conditrix,etprincipium
3351 2381 3455 2420 seu
3477 2381 3675 2434 causa,

2033 2458 2219 2513 ab-eis
2251 2473 2378 2527 quae
2402 2456 2474 2511 ab
2506 2456 2635 2527 ipsa
2670 2454 2730 2509 in
2762 2454 3081 2510 essentiam
3113 2456 3404 2526 prodeunt
3437 2453 3675 2526 partici-

2032 2547 2158 2619 pari
2190 2546 2425 2601 dicitur.

2107 2638 2234 2705 Quae
2264 2637 2441 2707 igitur
2470 2635 2585 2689 vita
2615 2636 2829 2689 carent.
2864 2633 3027 2699 Quod
3064 2631 3243 2688 etiam
3269 2649 3338 2689 ea
3385 2648 3510 2703 quae
3557 2632 3677 2687 vita

2035 2726 2439 2783 destituuntur
2468 2723 2820 2796 participant
2852 2722 2951 2777 Dei
2979 2721 3426 2793 providentiam,
3468 2737 3677 2776 secun-

2037 2818 2179 2872 dum
2210 2815 2407 2888 ipsum
2440 2829 2608 2869 esse:
2641 2812 2761 2868 vita
2790 2812 3049 2867 carentia
3080 2814 3218 2866 sunt
3248 2810 3401 2866 sicut
3428 2809 3675 2883 lapides,

2037 2911 2095 2962 et
2124 2905 2323 2962 omnia
2352 2920 2477 2975 qua:
2508 2920 2623 2958 non
2664 2902 2954 2974 prodeunt
2982 2900 3043 2957 in
3073 2900 3533 2974 generationem.

2110 2998 2209 3051 Res
2238 2996 2481 3050 viventes
2509 2992 2772 3062 eiusdem.
2802 2992 2881 3047 Ex
2911 2990 3211 3047 communi
3233 2990 3293 3046 in
3327 3002 3681 3061 unoquoque

2040 3085 2195 3158 quod
2228 3082 2469 3138 affertur
2497 3079 2815 3137 subaudire
2845 3084 3091 3151 oportet,
3118 3094 3220 3151 per
3237 3093 3363 3150 quae
3389 3076 3682 3149 providen-

2039 3176 2177 3231 tiam
2204 3172 2570 3243 participant.

336 3256 408 3312 Ai
468 3258 601 3329 γοῦν
664 3255 836 3330 ἅγιαι.
895 3254 1215 3327 Σημείωσαι
1282 3252 1341 3310 δὲ
1408 3256 1533 3329 περὶ
1582 3261 1681 3325 τῆς
1730 3255 1924 3327 τάξεως

2073 3306 2077 3309 -
2111 3264 2449 3333 Quapropter
2475 3263 2703 3315 sanctae.
2734 3257 2883 3313 Nota
2915 3272 3045 3313 vero
3075 3258 3231 3313 circa
3260 3259 3525 3316 ordinem
3555 3261 3684 3318 uni-

268 3349 367 3399 τοῦ
415 3344 622 3407 παντὸς
650 3346 715 3413 ³³,
749 3346 833 3399 ὅτι
892 3342 1145 3423 διάφοροι
1193 3345 1248 3399 αὶ
1300 3348 1408 3399 τῶν
1454 3341 1566 3400 ἅνω
1619 3343 1927 3418 δυνάμεων,

271 3433 446 3488 οὐσίαι
484 3452 497 3464 ⁸
578 3432 727 3509 λέγει
812 3430 872 3489 Si
958 3434 1123 3507 μόνον
1206 3428 1335 3489 ὅντα
1442 3435 1576 3510 ἅπερ
1681 3433 1929 3490 έιάλεσεν

273 3522 442 3593 arma.

342 3613 583 3680 Νοητῶς
631 3612 737 3688 γὰρ
787 3610 876 3667 ἐπὶ
922 3612 985 3667 τὸ
1036 3611 1399 3685 θεομίμητον.
1432 3615 1575 3689 ’Ὀρα
1605 3614 1689 3668 ὅτι
1735 3614 1825 3668 καὶ
1878 3614 1934 3667 αἱ

269 3700 467 3770 νοηταὶ
500 3698 760 3773 δυνάμεις
791 3699 852 3757 έκ
880 3699 1251 3777 προαιρέσεως
1292 3702 1430 3756 κατὰ
1467 3702 1531 3757 τὸ
1577 3701 1745 3756 πλέον
1804 3723 1936 3775 μετ-

274 3790 468 3865 έχουσι
514 3794 613 3845 τοῦ
660 3789 885 3866 ἀγαθοῦ,
934 3789 1012 3852 ὡς
1056 3788 1201 3845 πολὺ
1254 3788 1529 3868 ἐφιέμεναι
1579 3789 1743 3846 αὐτοῦ
1777 3812 1789 3826 ο
1842 3789 1934 3845 λέ-

271 3900 348 3955 γιι
409 3878 542 3954 γὰρ,
575 3879 764 3941 ἑαυτὰς
821 3878 917 3934 ἀπ(
956 3883 1217 3963 ;›ποῦσαι,
1269 3879 1401 3955 ὅπερ
1454 3878 1567 3935 ἐστὶ
1623 3901 1935 3957 προαιρετι-

273 3970 385 4022 κόν·
423 3968 623 4024 οὐκοῦν
655 3966 858 4043 ψευδὴς
886 3964 1119 4045 ιγοςςγος
1161 3970 1189 4023 ὁ
1222 3966 1394 4044 λέγων
1426 3970 1519 4025 τὸν
1555 3966 1813 4024 διάϐολον
1839 3991 1933 4025 πε-

272 4070 380 4120 «civ
410 4065 475 4121 ἐκ
500 4068 609 4120 τῶν
643 4067 888 4140 οὐρανῶν
1212 4067 1314 4141 γὰρ
1368 4066 1445 4128 εἷς
1495 4066 1557 4120 τὸ
1623 4066 1786 4121 κακὸν
1848 4046 1941 4141 ἀφ’

270 4155 487 4210 έαυτοῦ.
521 4159 791 4230 Προεχεῖς
824 4158 871 4193 ²⁹
893 4153 950 4211 Si
986 4154 1104 4211 ἀντὶ
1140 4159 1236 4210 τοῦ
1270 4155 1636 4229 συνημμέναι.

941 4277 1059 4329 Τῶν
1094 4268 1263 4329 ὅντων

268 4364 348 4434 Τὰ
501 4363 597 4434 μὶν
984 4362 1052 4418 τὰ
1082 4359 1140 4419 δὶ
1172 4366 1368 4433 ζῶντα,
1444 4363 1543 4430 ὧν,

268 4431 421 4509 ἔστιν
468 4431 602 4509 ἄλο-ο
676 4435 743 4490 τὰ
795 4452 895 4509 μεν,
925 4431 1243 4507 ἀναίσθητα,
1284 4435 1359 4497 ὡς
1432 4435 1500 4509 τὰ
1536 4433 1593 4491 δὲ
1622 4434 1933 4506 αἰσθητικά,

268 4528 362 4581 γα,
390 4506 471 4585 ὡς
492 4506 607 4585 ’λίς
679 4509 747 4585 τᾲ
776 4506 958 4585 φυτὰ]⁸
1140 4506 1143 4507 ν
1436 4508 1510 4585 ὧν

271 4574 464 4654 ὸοικαὶ
492 4580 609 4635 λοιο
678 4581 748 4635 τὰ
779 4574 873 4654 μὲν
907 4578 1101 4654 ἄλογα,
1436 4574 1590 4654 τὰδὲ
1628 4575 1828 4654 λογικά
1850 4596 1860 4607 ·

270 4652 349 4725 εξτᾶ
388 4650 461 4705 τὰ
495 4674 605 4725 μηο
719 4722 729 4725 _
779 4648 827 4725 ’ξ
914 4722 924 4725 Α
1026 4648 1036 4654 ⁷
1087 4648 1095 4651 ⁷
1442 4648 1791 4725 καὶτούτων..

274 4721 474 4797 Betui;
495 4721 603 4793 ξω.
676 4722 752 4797 τὰ,
777 4723 873 4797 μὶν
903 4722 1169 4797 ἀσώματα

270 4794 593 4872 τιδιῆςένερ-
667 4794 924 4872 λιαὶςὺπὶρ

274 4868 425 4995 {stac
462 4868 591 4940 μετ·
669 4868 837 4941 ἡμᾶς.

301 4960 499 4995 Ἰοντα·

308 4961 499 5016 χοντα·

1435 4793 1524 4849 καὶ
1583 4794 1701 4857 καθ’
1759 4796 1793 4864 ἡ
1805 4798 1931 4867 μᾶς.

350 5100 460 5158 Καὶ
485 5098 793 5177 πολλαχῶς
851 5098 903 5154 ἐν
958 5094 1237 5171 μετουσίᾳ.
1270 5097 1341 5152 Ai
1382 5094 1483 5172 γὰρ
1534 5095 1707 5151 αὐτῶν
1759 5095 1936 5151 οὐσίαι

276 5196 403 5253 νοῦς
466 5189 568 5245 εἶσι
632 5192 759 5259 ζῶν.
822 5186 1141 5261 Σημείωσαι
1201 5182 1277 5258 δὲ,
1332 5183 1416 5240 ὅτι
1462 5184 1529 5240 τὰ
1578 5186 1749 5256 νοητὰ
1803 5184 1937 5240 πάν-

272 5301 344 5335 τα
372 5280 610 5354 πρώτως
647 5277 866 5353 μετέχει
888 5281 987 5333 τοῦ
1017 5279 1170 5333 Θεοῦ.
1205 5274 1620 5351 Ἐκφαντορικαὶ
1676 5274 1753 5343 δὲ,
1784 5296 1938 5330 τουτ-

276 5371 423 5425 έστιν
458 5364 857 5444 έξαγγελτικαί.

351 5462 470 5529 Τῆς
512 5457 812 5533 ἆγγελικῆς
882 5454 1218 5528 ἐπωνυμίας.
1259 5452 1574 5527 Σημείωσαι
1630 5453 1683 5510 τί
1741 5455 1942 5531 κυρίως

282 5547 515 5626 ἅγγελος
548 5567 562 5582 ·
620 5546 713 5603 καὶ
771 5545 853 5603 δτι
911 5547 1011 5616 τήν
1070 5543 1295 5620 πρώτην
1346 5542 1544 5606 αὐτοὺς
1588 5544 1734 5615 τάξιν
1792 5542 1941 5621 λέγει

2040 3352 2215 3418 versi,
2250 3351 2403 3422 quod
2436 3349 2676 3404 diversae
2708 3351 2849 3404 sunt
2881 3346 3254 3417 superiorum
3286 3348 3565 3405 virtutum
3599 3368 3685 3407 es-

2042 3443 2269 3509 sentia;
2306 3440 2447 3495 dicit
2475 3442 2697 3505 autem,
2730 3445 2948 3493 tantum
2996 3438 3148 3492 entia
3186 3453 3313 3507 quae
3344 3439 3683 3510 appellavit,

2039 3534 2153 3587 vita
2181 3532 2455 3586 carentia.

2114 3621 2252 3675 Nam
2282 3615 2740 3673 intellectualiter
2786 3614 2857 3668 ad
2910 3614 3248 3669 imitandum
3294 3617 3487 3672 Deum.
3540 3617 3687 3674 Vide

2044 3709 2200 3782 quod
2233 3704 2632 3777 intelligibiles
2661 3704 2909 3758 virtutes
2940 3719 3008 3758 ex
3035 3704 3592 3779 instituto,amplius
3618 3709 3695 3763 de

2044 3800 2160 3856 Deo
2192 3796 2563 3868 participant,
2598 3797 2663 3848 ut
2684 3809 2810 3865 quae
2835 3792 3090 3849 multum
3115 3793 3311 3865 ipsum
3335 3796 3690 3866 desiderent;

2048 3887 2188 3945 dicit
2216 3886 2395 3955 enim,
2426 3886 2639 3955 seipsas
2664 3884 3067 3953 conﬁrmantes,
3115 3885 3265 3953 quod
3298 3888 3390 3940 est
3418 3885 3692 3943 volunta-

2047 3978 2201 4034 rium
2235 3992 2247 4030 :
2274 3974 2456 4030 falsus
2503 3972 2683 4045 igitur
2713 3976 2802 4027 est
2831 3987 3044 4043 sermo,
3079 3972 3179 4043 qui
3212 3973 3357 4029 dicit
3389 3975 3693 4032 diabolum

2046 4066 2328 4123 cecidisse
2359 4079 2426 4118 ex
2456 4062 2651 4131 oculis;
2694 4078 2900 4117 versus
2945 4061 3101 4117 enim
3133 4062 3245 4117 fuit
3295 4062 3355 4118 in
3407 4064 3628 4122 malum
3658 4083 3691 4123 a

2046 4157 2260 4228 seipso.
2292 4153 2563 4228 Ηροεχεῖς
2593 4153 2810 4218 autem,
2839 4166 2943 4221 pro
2972 4151 3297 4222 conjuncta.

2752 4267 2982 4323 Entium

2044 4361 2171 4419 Alia
2200 4360 2436 4431 quidem
2460 4361 2600 4415 sunt
2708 4356 2831 4431 Alia
2889 4362 3083 4431 autem
3142 4357 3370 4431 vivunt,
3431 4374 3685 4430 quorum

2045 4427 2598 4498 irrationibitia,sic-
2711 4429 2841 4484 Haec
2871 4427 3107 4499 quidem
3139 4430 3228 4483 in.
3304 4428 3409 4484 Illa
3423 4427 3557 4487 vero
3579 4447 3696 4486 sen-

2045 4512 2114 4561 ut
2142 4505 2370 4577 lapides
2414 4508 2473 4559 et
2502 4518 2595 4577 re-
2705 4500 2998 4577 sensibitia
3028 4543 3044 4570 ,
3171 4505 3235 4556 ut
3306 4502 3517 4572 sibilia,
3549 4519 3696 4575 quo-

2046 4571 2221 4649 liqua'
2267 4592 2393 4649 quae
2463 4573 2597 4649 nul-
2709 4571 3020 4649 p_lantae;__
3164 4644 3173 4649 _
3308 4590 3440 4649 rum

1971 4657 2014 4720 D
2047 4643 2163 4705 lein
2196 4643 2430 4703 vitalem
2476 4647 2606 4720 effi-
2713 4643 2844 4720 Haec
2886 4643 3123 4720 quidem
3150 4644 3234 4698 ir-
3310 4645 3426 4720 Illa
3499 4650 3696 4720 autem

1435 4724 1516 4794 τὰ,
1550 4718 1607 4775 δὲ
1651 4719 1936 4794 ἐνσώματα
1972 4718 2001 4720 _
2046 4721 2267 4778 caciam
2362 4718 2599 4789 partici-

2708 4716 3091 4783 rationabilia,
3309 4717 3692 4787 rationabilia;

3315 4793 3371 4843 et
3399 4789 3608 4844 horum

2724 4858 2854 4914 Ilaec
2877 4857 3115 4930 quidem
3147 4859 3236 4913 in-
3309 4859 3416 4915 Jlla
3428 4876 3561 4915 vero
3582 4875 3695 4916 cor-

2719 4946 2981 5002 sorporea
3046 4934 3103 4987 et
3151 4948 3242 4987 su-
3316 4935 3576 5002 porca,et
3595 4947 3696 4988 nos

2719 5001 2828 5074 pra
2856 5018 2975 5059 nos.
3318 5001 3433 5058 illa
3457 5020 3691 5060 sumus.

2120 5098 2194 5152 Et
2226 5094 2668 5166 multiciplicitcr
2706 5093 3071 5164 participant.
3120 5093 3386 5162 Ipsorum
3412 5092 3567 5149 enim
3605 5109 3695 5149 es-

2049 5184 2268 5249 sentiae,
2314 5188 2456 5239 sunt
2503 5198 2671 5237 mens
2715 5180 2863 5236 viva.
2915 5180 3063 5235 Nota
3108 5179 3695 5255 vero,intelligibilia

2050 5273 2467 5344 omnia,primo
2506 5271 2866 5344 participant
2894 5268 3099 5324 Deum.
3132 5268 3551 5346 Ἐκφαντορικαί
3589 5288 3694 5329 au-

2050 5370 2192 5429 tem,
2218 5364 2328 5418 hoc
2358 5366 2448 5418 est
2477 5360 2872 5417 enuntiativae.

2122 5455 2224 5510 16
2256 5452 2573 5523 Angelicum
2606 5464 2921 5521 cognomen.
2954 5448 3107 5507 Nota
3157 5449 3296 5521 quid
3348 5451 3583 5523 proprie
3622 5452 3702 5509 sit

2054 5547 2319 5619 angelus,
2353 5547 2413 5600 et
2444 5541 2599 5613 quod
2630 5540 2790 5612 ipsos
2823 5538 3079 5612 primum
3112 5556 3396 5613 occupare
3430 5542 3698 5600 ordinem

2047 4799 2191 4866 pant

1294 5661 1539 5717 νΑΡιΙιιΕ
1578 5662 1969 5723 LECTIONES
2008 5666 2098 5722 ET
2135 5657 2690 5719 CORRECTIONES.

356 5759 401 5796 ³⁸
430 5763 533 5828 τῆς
559 5753 773 5813 τούτων
803 5752 1023 5826 τάξεως.
1101 5752 1147 5790 ²⁹
1173 5753 1489 5829 προσεχεῖς.
