4158 6370
462 437 534 492 55
1277 440 1657 495 APPENDIX
1696 440 1791 493 AD
1830 438 2073 493 OPERA
2110 428 2177 491 s.
2214 436 2529 493 moust
2569 438 3071 495 AREOPAGITE.
3810 434 3886 490 56

466 564 641 634 dicat,
671 564 912 636 insuper
929 567 1128 620 autem
1148 568 1204 620 et
1226 565 1523 637 quomodo
1548 581 1649 636 per
1668 561 1907 635 angelos
1926 560 2112 617 initie-

2247 553 2374 634 ἷχειν
2411 554 2523 614 ’ἔτι
2574 558 2631 615 δὲ
2677 561 2767 615 καὶ
2810 558 2959 624 ὅπως
3007 558 3077 615 δι’
3123 556 3375 635 ἀγγέλων
3430 557 3712 633 μυούμεθα
3745 576 3759 590 ⁸
3794 559 3883 613 καὶ

467 671 624 722 mur,
648 655 1014 726 etquomodo
1039 671 1140 725 per
1162 655 1321 727 ipsos
1343 655 1477 710 data
1499 654 1577 710 sit
1600 655 1709 720 lex,
1736 658 1792 709 et
1814 654 1966 725 quod
1991 670 2121 709 ma-

458 742 619 813 jores
651 745 887 797 nostros
916 750 971 797 et
992 758 1091 798 eos
1122 743 1222 813 qui
1254 742 1440 814 legem
1460 748 1905 815 praecesserunt,
1941 746 1997 798 et
2021 757 2120 797 eos

471 832 572 902 qui
599 848 725 887 eam
750 831 1052 887 subsecuti
1078 838 1235 901 sunt,
1260 835 1331 887 ad
1356 833 1722 889 divinitatem
1748 834 2063 887 deducunt.

546 916 1692 987 Celebres,Gr.x)ta:v06¢.Gloriosos.lllud
1720 938 1888 993 porro
1910 921 2122 992 facien-

470 1009 621 1075 dum,
656 1009 811 1065 sicut
838 1008 895 1063 in
926 1009 1105 1064 Josue
1152 1009 1272 1064 ﬁlio
1295 1011 1469 1079 Nave,
1502 1017 1557 1066 et
1588 1012 1859 1066 Gedeona
1880 1016 1936 1065 et
1965 1010 2117 1079 aliis;

469 1099 541 1153 ad
571 1104 774 1151 rectam
804 1106 992 1152 autem
1022 1100 1198 1152 vi/am
1231 1115 1265 1153 a
1297 1102 1412 1153 vita
1442 1106 1684 1169 pro/(ma
1717 1099 1872 1154 sicut
1901 1099 1959 1153 in
1984 1104 2121 1155 (loro

470 1185 622 1241 nelio
638 1186 999 1253 centurione;
1027 1187 1251 1258 primus
1281 1189 1436 1243 enim
1480 1204 1547 1242 ex
1567 1188 1905 1243 inﬁdelibus
1933 1188 2121 1260 genti-

478 1276 590 1331 bus
613 1275 1010 1345 transpositus
1032 1281 1148 1331 est:
1174 1276 1393 1330 ordines
1416 1280 1608 1333 autem
1655 1292 1836 1331 sarros
1880 1277 2031 1331 sicut
2061 1276 2120 1330 in

470 1362 710 1418 Daniele
732 1364 823 1435 (α)
849 1388 860 1418 :
885 1364 1065 1419 Decies
1100 1363 1309 1419 millies
1330 1369 1553 1420 centena
1576 1366 1786 1431 millia;
1819 1371 1876 1420 et
1905 1367 1963 1418 in
1989 1366 2121 1420 Eze-

469 1452 617 1508 chiel
637 1444 941 1523 Cherubim,
962 1457 1019 1507 et
1036 1454 1094 1507 in
1118 1454 1291 1521 Isaia,
1315 1455 1595 1526 seraphim
1618 1455 1725 1510 visi
1749 1454 2119 1525 sunt.Super-

469 1542 782 1597 mundanas
801 1548 993 1595 autem
1020 1544 1264 1598 visiones
1298 1544 1455 1598 sicut
1476 1543 1533 1598 in
1558 1544 1738 1600 Paulo
1774 1544 1843 1599 ad
1879 1545 2121 1600 tertium

468 1631 675 1686 coelum
707 1636 872 1701 rapto
893 1630 993 1701 (ά),
1018 1632 1076 1685 in
1095 1631 1445 1703 Apocalypsi
1468 1633 1584 1687 divi
1606 1633 1870 1689 Joannis.

536 1720 565 1792 ξ
595 1720 693 1773 ΙΙΙ.
726 1720 1069 1776 Immediale.
1100 1722 1158 1775 Id
1193 1728 1282 1775 est
1307 1722 1432 1777 sine
1460 1721 1814 1793 angelorum
1854 1722 2125 1778 ministe-

469 1808 585 1864 rio.

538 1899 722 1969 Ipsum
749 1899 925 1966 illud,
947 1898 1087 1969 quod
1122 1904 1220 1954 est.
1251 1898 1387 1954 Vide
1410 1902 1705 1971 quomodo
1728 1899 1969 1972 explicet
2003 1917 2122 1955 ser-

471 2005 708 2043 monem
729 1988 1043 2057 dicentem,
1068 1990 1241 2044 Deum
1264 2006 1423 2045 nemo
1446 1991 1585 2046 vidit
1604 2008 1849 2063 unquam
1880 1992 1947 2063 (e)
1965 1992 2121 2063 quod

468 2078 845 2133 verissimum
884 2093 1114 2146 censeo;
1144 2084 1200 2133 et
1241 2080 1432 2135 sciens
1450 2097 1579 2135 esse
1599 2082 1771 2136 verba
1818 2082 2123 2153 Scriptum

470 2182 598 2237 quas
632 2167 837 2221 dicunt
862 2166 1044 2221 Deum
1069 2167 1259 2223 visum
1318 2186 1449 2224 esse
1472 2169 1834 2237 hominibus,
1863 2170 2015 2225 sicut
2062 2170 2121 2224 in

465 2255 943 2318 Adamo,sicutin
966 2256 1399 2327 paradiso(/),et
1423 2257 1482 2311 in
1507 2258 1885 2327 Abraham,in
1904 2274 2122 2330 quercu

469 2344 733 2399 Mambre
756 2343 856 2414 (g);
881 2349 938 2398 et
959 2346 1115 2415 quod
1151 2346 1207 2399 in
1233 2346 1489 2401 Sodoma
1508 2347 2051 2418 proﬁciscebantur,
2071 2353 2127 2402 et

469 2432 618 2487 Mosi
638 2432 699 2486 in
726 2438 945 2500 monte,
969 2433 1082 2488 etsi
1108 2435 1435 2505 posteriora
1452 2436 1683 2491 dicatur
1706 2436 2004 2507 vidisse(h)
2031 2454 2042 2491 :
2068 2441 2125 2491 et

469 2520 612 2575 dicit
656 2522 838 2590 ipsum
864 2521 1086 2591 quidem
1127 2523 1226 2576 Dei
1255 2524 1547 2590 occultum,
1578 2541 1736 2579 nemo
1767 2526 1921 2591 vidit,
1953 2542 2125 2599 neque

466 2609 691 2675 videbit,
724 2610 877 2679 quod
899 2616 987 2664 est
1028 2612 1159 2681 ejus
1185 2613 1463 2679 essentia;
1494 2620 1595 2668 aut
1625 2616 1777 2685 quod
1819 2615 1993 2669 etiam
2024 2631 2122 2668 su-

467 2697 933 2763 blimius,nullus
962 2702 1201 2770 cogitare
1231 2710 1328 2756 aut
1357 2703 1644 2772 explicare
1671 2706 1843 2773 potest
1874 2705 1956 2757 vel
1984 2712 2125 2773 pole-

469 2790 548 2843 ril
579 2788 708 2857 quid
755 2790 829 2842 sit
858 2790 996 2843 Deus
1026 2806 1038 2843 :
1067 2791 1113 2842 si
1158 2806 1291 2844 vero
1340 2792 1506 2845 factae
1561 2791 1776 2846 iuerint
1823 2791 2124 2862 aliquibus

472 2881 815 2931 sanctorum
848 2877 942 2929 Dei
977 2877 1392 2947 apparitiones,
1414 2880 1603 2951 cogita
1626 2880 1781 2949 quod
1804 2882 2124 2950 unusquis-

473 2981 585 3036 que
618 2981 721 3035 pro
751 2965 959 3019 merito
987 2967 1235 3036 propriae
1260 2967 1392 3021 ﬁdei
1425 2968 1620 3039 aliqua
1642 2969 1857 3040 dignus
1890 2970 2126 3025 habitus

481 3053 560 3108 sit
618 3051 844 3108 visione
881 3054 993 3124 ipsi
1039 3055 1406 3111 divinitatem
1485 3062 1961 3129 repraesentante,
2024 3075 2127 3129 per

475 3157 654 3213 quam
686 3141 1137 3198 illustrationem
1172 3144 1503 3201 divinarum
1546 3148 1618 3202 ad
1650 3147 1846 3219 ipsum
1886 3148 2124 3203 venien-

474 3230 627 3284 tium
659 3230 1064 3301 cognitionum
1090 3233 1465 3304 suscipiebat.

554 3321 844 3389 Tanquam
871 3321 932 3374 in
961 3322 1314 3389 formatione.
1338 3323 1622 3393 Arbitror,
1657 3326 2124 3382 transformatio-
2155 3306 2197 3374 (ἶ

475 3423 610 3463 nem
643 3407 853 3478 dicere,
879 3414 979 3463 aut
1011 3410 1364 3465 miraculum
1408 3412 1465 3466 in
1513 3418 1711 3468 monte
1760 3414 1940 3482 Sinai,
1974 3416 2127 3471 sicut

477 3497 700 3568 ignem.

546 3586 646 3640 Dei
673 3587 1099 3656 apparitionem.
1143 3587 1239 3642 Dei
1286 3590 1711 3659 apparitionem
1736 3607 1885 3662 esse,
1911 3594 2122 3664 inquit,

478 3689 597 3728 non
622 3674 777 3743 quod
803 3678 952 3728 Deus
995 3674 1356 3744 manifestet,
1395 3683 1451 3731 et
1502 3681 1792 3749 ostendat,
1817 3682 1957 3752 quid
2010 3683 2122 3750 sit;

478 3761 588 3816 hoc
604 3761 762 3815 enim
789 3762 908 3815 ﬁeri
934 3763 1265 3833 nequit;sed
1295 3765 1428 3835 quia
1453 3768 1636 3821 sancti
1655 3768 1850 3823 divina
1872 3770 2126 3825 illustra-

476 3851 635 3905 tions
650 3849 812 3921 digni
826 3852 1115 3906 habentur
1129 3869 1231 3923 per
1242 3852 1355 3925 aliq
1368 3872 1470 3909 uas
1484 3856 1736 3912 visiones
1750 3875 1943 3913 sacras
1959 3859 2128 3930 ipsis-

478 3955 589 4009 que
611 3940 1257 4011 proportionatas,quas
1270 3942 1612 4014 angelorum
1634 3962 1808 4015 opera
1824 3948 2123 4005 ﬁeridicit.

548 4026 1001 4095 Legislationem.
1038 4029 1185 4085 Nota
1226 4030 1410 4101 legem
1462 4049 1591 4088 esse
1635 4034 1947 4091 obscuram
1979 4036 2125 4093 alte-
2193 4021 2205 4037 ’

479 4114 602 4170 rius
633 4116 841 4171 divinas
892 4116 1038 4188 legis
1089 4119 1398 4189 positionis
1437 4121 1914 4195 delineationem,
1947 4126 2006 4180 id
2038 4130 2128 4182 est

479 4204 688 4258 divinas
722 4204 778 4258 in
812 4206 1044 4260 Christo
1080 4214 1301 4263 naturai
1347 4209 1619 4265 humanas
1660 4214 2124 4284 assumptionis;

476 4293 632 4363 quod
665 4299 861 4349 autem
896 4312 998 4366 per
1030 4297 1270 4367 angelos
1302 4299 1439 4354 data
1470 4302 1504 4354 I
1526 4302 1561 4353 7
1600 4301 1681 4356 sit
1712 4301 1903 4373 prima
1951 4302 2126 4376 legis-

472 4381 715 4452 positio,
761 4382 1022 4438 declarat
1056 4385 1228 4439 etiam
1263 4390 1502 4441 sanctus
1523 4388 1857 4460 Stephanus
1880 4391 2080 4448 dicens
2109 4410 2122 4449 :

476 4468 580 4536 Qui
617 4472 902 4540 accepistis
933 4472 1106 4540 legem
1148 4475 1208 4527 in
1238 4474 1595 4545 dispositione
1623 4477 2047 4549 angelurorum,
2075 4488 2129 4538 et

473 4572 586 4613 non
614 4558 931 4614 custodistis
962 4562 1049 4628 (ἰ).

550 4651 708 4703 Eam.
746 4648 1193 4719 Legislationem
1226 4651 1468 4708 scilicet.

549 4742 657 4792 Per
686 4738 888 4809 prima.
921 4742 1071 4793 Nota
1103 4743 1418 4811 quomodo,
1447 4759 1549 4813 per
1576 4746 1755 4815 prima
1790 4746 1899 4802 hoc
1922 4751 2029 4818 est,
2061 4765 2129 4805 ea

479 4842 607 4898 quae
668 4828 1180 4897 transcenderunt,
1242 4832 1480 4885 secunda
1530 4835 1658 4904 (pro
1706 4835 1997 4903 inferiora)
2057 4838 2128 4893 ad

477 4916 661 4972 Deum
694 4915 1005 4988 eriguntur
1036 4918 1213 4974 etiam
1246 4936 1351 4992 per
1382 4921 1678 4993 angelicos
1711 4924 1966 4981 ordines.

547 5093 1111 5167 Supersubslanliali,
1173 5096 1270 5152 Gr.
1359 5094 1703 5170 ύπερούσιον.
1785 5102 2129 5172 Ύπερούσιον

474 5178 813 5254 ταξιαρχίαν,
848 5186 1209 5258 principium
1256 5190 1310 5241 et
1350 5203 1588 5244 causam
1622 5190 1940 5247 etl‘ectivam
1971 5193 2126 5248 ordi-

474 5269 570 5326 nis
599 5270 864 5342 ipsorum
896 5274 1059 5330 dicit.

544 5424 613 5495 (e)
636 5428 820 5503 Caput
848 5442 950 5503 vn,
983 5446 1034 5503 ν.
1072 5433 1156 5485 10.
1239 5432 1325 5503 (d)
1354 5432 1401 5488 ΙΙ
1433 5434 1563 5490 Cor.
1593 5452 1695 5503 χιι,
1724 5436 1778 5490 2.

472 5513 672 5564 xxxm,
704 5497 793 5553 23.
871 5500 935 5570 (ἰ)
967 5502 1091 5557 Act.
1125 5520 1223 5569 v11,
1247 5497 1353 5561 '53.

1859 5436 1909 5509 (e
1941 5437 2130 5509 )Joan.
2192 5454 2230 5508 ι,
2276 5438 2363 5492 18.

2228 653 2345 711 πῶς
2402 646 2471 703 δι’
2534 648 2707 704 αὐτῶ)
2769 650 2795 703 0
2827 650 2997 722 νόμος
3052 644 3238 719 ἐδόθη,
3272 649 3357 702 καὶ
3389 645 3471 702 ὅτι
3505 647 3592 702 καὶ
3622 647 3749 710 τοὺς
3778 647 3884 723 πρὸ

2226 736 2401 810 νόμου
2445 738 2534 792 καὶ
2580 738 2715 811 μετὰ
2759 737 2928 811 νόμον
2978 738 3211 811 πατέρας
3257 740 3419 810 ἡμῶν
3477 734 3699 813 ἄγγελοι
3747 738 3885 814 πρὸς

2230 832 2371 890 θεῖον
2406 829 2598 902 ἀνῆγον
2610 872 2621 885 .

2300 915 2581 978 Κλεινούς.
2615 914 2915 987 Ἐνδόξους.
2959 918 3032 974 Τὸ
3085 914 3143 971 δὲ
3191 917 3478 992 πρακτέον,
3525 916 3598 979 ὡς
3648 914 3736 972 ἐπὶ
3768 919 3881 989 Ἰη-

2229 1009 2325 1059 σοῦ
2377 1009 2473 1058 τοῦ
2531 1007 2709 1074 Ναυῆ,
2741 1004 2829 1060 καί
2885 1003 3114 1078 Γεδεὼν,
3168 1004 3254 1060 καὶ
3316 1003 3501 1061 ἄλλων
3535 1024 3548 1038 ⁸
3602 1007 3739 1081 πρὸς
3798 1005 3886 1061 εὖ·

2231 1094 2375 1148 θεῖαν
2410 1092 2467 1148 δὲ
2498 1092 2623 1149 ὁδὸν
2656 1095 2761 1149 ἀπὸ
2804 1095 3022 1170 ἀνιέρου
3058 1100 3221 1163 ζωῆς,
3253 1096 3331 1157 ὡς
3389 1094 3477 1149 ἐπὶ
3532 1099 3629 1149 τοῦ
3679 1102 3889 1171 Κορνη-

2230 1180 2354 1237 λίου
2386 1188 2481 1237 τοῦ
2511 1182 2942 1260 ἐκατοντάρχου’
2979 1188 3198 1259 πρῶτος
3232 1184 3335 1259 γὰρ
3364 1182 3415 1254 ἐξ
3448 1182 3688 1239 ἀπίστων
3722 1183 3891 1239 ἐθνῶν

2234 1274 2490 1345 μετετέθη
2527 1292 2540 1306 ο
2574 1272 2749 1343 τάξεις
2781 1270 2837 1327 δὲ
2881 1274 3050 1348 ἱερὰς,
3087 1273 3159 1333 ὡς
3200 1272 3288 1327 ἐπὶ
3340 1277 3437 1337 τοῦ
3489 1271 3692 1344 Δανιήλ
3719 1290 3732 1305 ·
3769 1275 3887 1330 Μυ-

2232 1361 2340 1437 ρίαι
2377 1359 2633 1435 μυριάδες
2668 1384 2680 1396 ·
2724 1362 2813 1416 καὶ
2868 1366 2965 1417 τοῦ
2998 1360 3289 1432 Ἰεζεκιήλ,
3320 1360 3386 1416 τὰ
3443 1357 3721 1437 χερουὸίμ
3748 1380 3760 1394 ⁶
3795 1363 3888 1417 καὶ

2228 1453 2326 1505 τοῦ
2374 1448 2619 1519 Ἡσαΐου,
2663 1450 2730 1505 τὰ
2774 1452 3011 1528 σεραφῖμ
3066 1447 3345 1529 ὤφθησαν.
3396 1452 3794 1525 ’Υποκοσμίους
3842 1453 3890 1488 ⁸ο

2233 1536 2289 1593 δὲ
2322 1540 2557 1613 ὁράσεις,
2591 1540 2664 1601 ὡς
2700 1539 2787 1594 ἐπὶ
2816 1545 2913 1595 τοῦ
2946 1539 3165 1595 Παύλου
3197 1540 3526 1616 ἁρπαγέντος
3555 1537 3659 1603 ἕως
3694 1540 3888 1614 τρίτου

2232 1628 2483 1702 ούρανοῦσ
2507 1628 2596 1683 καὶ
2627 1628 2713 1683 ἐπὶ
2740 1636 2839 1699 τῆς
2869 1633 2966 1685 τοῦ
2999 1628 3144 1694 θείου
3162 1628 3414 1685 Ἰωάννου
3438 1628 3886 1703 Ἀποκαλύψεως.

2303 1719 2457 1787 §lll.
2492 1719 2757 1791 Ἀμέσως.
2802 1719 3090 1777 Τουτέστιν
3144 1715 3266 1774 ἄνευ
3314 1724 3415 1787 τῆς
3459 1717 3701 1795 ἀγγέλων
3765 1716 3887 1773 δια-

2230 1807 2436 1870 κονίας.

2303 1896 2393 1956 Ὠς
2427 1894 2555 1949 αὐτὸ
2616 1896 2645 1949 0'
2694 1916 2749 1949 1:
2799 1896 2932 1951 ποτέ
2988 1896 3117 1951 ἐστι.
3148 1899 3289 1970 ’Όρα
3338 1900 3456 1958 πῶς
3499 1894 3772 1971 ἐξηγεῖται
3821 1896 3891 1950 τὸ

2235 1983 2398 2061 ῥητὸν
2458 1985 2520 2038 τὸ
2568 1982 2749 2059 λέγον,
2779 1985 2908 2040 Θεὸν
2964 1982 3142 2046 οὐδεὶς
3199 1985 3407 2058 δώρακε
3452 1986 3698 2058 πώποτε,
3756 1986 3893 2061 ὅπερ

2231 2072 2598 2143 ἀληθέστατον
2645 2076 2912 2150 ἡγοῦμαι,
2959 2074 3051 2128 καὶ
3097 2071 3255 2136 εἰδὼς
3324 2072 3407 2129 ὅτι
3476 2072 3579 2129 sici
3651 2076 3898 2153 γραφικὰ

2234 2160 2451 2238 ῥήματα
2499 2160 2749 2237 λέγοντα,
2803 2164 2877 2224 ὡς
2924 2164 2951 2217 0
3001 2164 3130 2225 Θεὸς
3180 2160 3337 2241 ὤφθη
3376 2168 3495 2224 τοῖς
3556 2164 3893 2238 ἀνθρώποις,

2233 2252 2309 2314 ὡς
2366 2249 2452 2305 έπί
2499 2256 2597 2305 τοῦ
2644 2249 2836 2324 Ἀδὰμ,
2880 2252 2957 2315 ὡς
3009 2252 3060 2306 ἐν
3111 2256 3192 2324 τῷ
3240 2249 3551 2328 παραδείσῳ
3585 2271 3598 2285 ο
3646 2252 3739 2306 καὶ
3797 2251 3890 2308 ἐπὶ

2229 2344 2326 2395 τοῦ
2358 2336 2631 2415 Ἀϐραὰμ,
2684 2342 2736 2395 έν
2777 2344 2845 2415 τῇ
2906 2338 3030 2415 δρυῒ
3080 2344 3149 2415 τῇ
3203 2336 3469 2415 Μαμϐρῆ,
3517 2342 3606 2395 καὶ
3669 2339 3758 2396 ὅτε
3810 2342 3890 2405 εἱς

2235 2427 2457 2502 Σόδομα
2484 2429 2804 2503 ἐπορεύοντο
2830 2448 2842 2461 ·
2877 2429 2967 2484 καὶ
2996 2435 3075 2501 τῷ
3114 2434 3300 2485 Μωσεῖ
3330 2430 3407 2493 εἷς
3438 2431 3499 2484 τὸ
3532 2426 3681 2505 ὅρος,
3717 2429 3766 2485 si
3796 2432 3889 2486 xui

2230 2520 2298 2573 τὰ
2351 2519 2573 2573 ὀπίσθια
2631 2517 2843 2592 λέγεται
2900 2520 3194 2594 ἑωρακέναι
3231 2537 3243 2553 ·
3299 2518 3389 2573 καὶ
3436 2518 3583 2594 λέγει
3617 2518 3700 2574 ὅτι
3752 2519 3886 2574 αὐτὸ

2237 2609 2332 2679 μὲν
2388 2608 2450 2661 τὸ
2509 2607 2737 2685 κρύφιον
2811 2612 2908 2661 τοῦ
2984 2612 3118 2663 Θεοῦ
3188 2605 3365 2672 οὐδεὶς
3436 2608 3697 2681 ἑώρακεν,
3756 2607 3891 2665 ούδὶ

2234 2693 2445 2769 ὄψεται,
2477 2694 2609 2770 ὅπερ
2657 2694 2797 2751 ἐστὶν
2848 2696 2999 2751 οὐσία
3051 2697 3215 2751 αὐτοῦ
3248 2716 3261 2730 ·
3294 2696 3329 2766 ἢ
3378 2698 3469 2751 xui
3521 2696 3887 2772 ὑψηλότερον,

2233 2784 2315 2840 0'1:
2380 2782 2558 2847 οὐδεὶς
2624 2793 2955 2854 κατανοῆσαι
3011 2786 3101 2841 καὶ
3161 2786 3359 2861 φράσαι
3433 2783 3652 2841 δύναται
3704 2785 3740 2855 ἢ
3793 2783 3889 2841 δυ-

2232 2875 2474 2943 νήσεται,
2506 2873 2557 2926 τί
2617 2872 2757 2928 ἐστιν
2818 2876 2846 2929 0
2902 2873 3050 2935 Θεός.
3098 2874 3159 2930 Εἰ
3220 2872 3277 2928 δὲ
3332 2874 3422 2929 καὶ
3475 2874 3719 2949 ἐγένοντό
3775 2895 3889 2929 τισι

2233 2962 2536 3039 θεοφάνειαι
2565 2966 2671 3017 τῶν
2722 2962 2913 3038 ἁγίων,
2945 2964 3143 3035 νόησον
3197 2962 3280 3018 0'1:
3330 2960 3616 3038 ἀναλόγως
3662 2960 3892 3027 ἕκαστος

2235 3059 2333 3121 τῆς
2370 3049 2506 3106 ἰδίας
2536 3052 2767 3114 πίστεως
2817 3053 3041 3122 ἡξιοῦτό
3088 3074 3237 3114 τινος
3286 3051 3526 3128 ὁράσεως
3585 3051 3892 3125 ἐμφαινού-

2237 3161 2337 3211 σης
2367 3141 2518 3212 αύτῷ
2547 3140 2609 3196 τὸ
2642 3146 2806 3211 θεῖον,
2844 3138 2913 3195 δι’
2942 3144 3008 3210 ἧς
3039 3143 3137 3211 τὴν
3185 3140 3463 3216 ἕλλαμψιν
3509 3138 3729 3215 ἐδέχετο
3777 3146 3891 3197 τῶν

2237 3229 2311 3291 είς
2342 3229 2501 3284 αὐτὸν
2539 3230 2853 3305 ἐρχομένων
2888 3230 3043 3286 θείων
3077 3231 3355 3306 γνώσεων.

2307 3321 2397 3381 Ὡς
2428 3317 2482 3373 ἐν
2536 3318 2837 3395 μορφώσει.
2870 3320 3062 3392 Οἶμαι,
3094 3321 3194 3389 τὴν
3246 3320 3666 3395 μεταμόρφωσιν
3714 3317 3894 3394 λέγει,

2236 3409 2269 3477 ἢ
2301 3408 2363 3462 τὸ
2393 3406 2446 3461 ἐν
2478 3407 2557 3478 τῷ
2595 3407 2794 3480 Σιναίῳ
2824 3404 2936 3483 ὅρει
2971 3409 3152 3481 θαῦμα
3175 3408 3249 3471 ὡς
3281 3411 3409 3483 πῦρ.

2307 3585 2649 3663 Θεοφάνειαν.
2679 3584 2998 3662 Θεοφάνειαν
3031 3584 3165 3640 εἶναί
3196 3606 3360 3663 φησιν
3390 3584 3451 3639 00
3503 3582 3593 3639 διὰ
3645 3583 3709 3639 τὸ
3764 3582 3892 3662 φαί-

2233 3695 2342 3729 νειν
2398 3676 2492 3731 τὸν
2552 3675 2678 3729 Θεὸν
2738 3673 2827 3729 καὶ
2882 3672 3161 3747 δεικνύειν,
3190 3674 3219 3729 0'
3265 3696 3317 3729 1:
3366 3670 3500 3729 ποτε
3533 3672 3643 3728 ἐστι
3680 3677 3893 3727 ’τοῦτο

2235 3765 2338 3839 γὰρ
2370 3764 2658 3837 ἀμήχανον
2690 3782 2702 3795 ’
2738 3760 2864 3817 ἀλλ’
2910 3763 2992 3817 ὅτι
3045 3765 3192 3828 Θείας
3251 3761 3579 3837 έλλάμψεως
3637 3763 3689 3815 οἱ
3745 3762 3891 3837 ἅγιοι

2236 3852 2506 3922 ἀξιοῦνται
2557 3850 2647 3906 διά
2674 3873 2837 3906 τινων
2881 3852 3115 3927 ὁράσεων
3148 3853 3324 3907 Τὼῶν
3371 3851 3462 3905 καὶ
3520 3849 3705 3912 αὐτοῖς
3762 3848 3893 3903 ἀνα-

2238 3939 2441 4015 λόγων,
2474 3940 2535 4002 ἃς
2576 3938 2645 3993 δι’
2677 3941 2919 4017 ἀγγέλων
2947 3940 3388 4015 γίνὲσίτίζεὶέγει.

2309 4029 2694 4102 Θεσμοθεσίαν.
2729 4028 3333 4103 Σημείωσαιλνῖπάξκαὶ
3393 4030 3421 4083 0
3477 4022 3647 4102 νόμος
3706 4028 3895 4101 ἑτέρας

2309 4060 2405 4085 0ιο
2418 4060 2694 4102 μυυιυιαν.
2729 4060 2807 4099 In"
2819 4060 3050 4102 μιιωσαι
3070 4070 3071 4073 η
3092 4060 3333 4103 νῖηαςιιαι
3393 4060 3421 4083 υ
3479 4060 3645 4102 νυμυς
3706 4060 3893 4101 ιιιγιιε,

2237 4122 2381 4182 θείας
2410 4120 2728 4192 νομοθεσίας
2778 4060 3157 4189 ὑποτύπωσὲγαι
3179 4106 3304 4187 Tu,
3342 4119 3587 4173 τουτέστι
3636 4124 3737 4187 τῆς
3791 4138 3898 4173 κα-

2233 4209 2299 4263 τὰ
2331 4210 2559 4285 Χριστὸν
2602 4207 2747 4272 θείας
2787 4208 3264 4283 ἐνανθρωπήσεως·
3300 4206 3382 4263 0'1:
3423 4205 3481 4263 δέ
3529 4205 3596 4261 δι’
3646 4206 3898 4281 ἀγγέλων

2235 4296 2395 4368 ἐδόθη
2429 4300 2463 4367 ἡ
2496 4298 2687 4372 πρώτη
2714 4298 3030 4371 νομοθεσία,
3066 4295 3232 4367 δηλοῖ
3271 4297 3359 4352 καὶ
3400 4298 3428 4352 0
3474 4296 3629 4371 ἅγιος
3688 4297 3896 4373 Στέφα-

2232 4409 2325 4449 νος
2356 4385 2531 4462 λέγων
2565 4407 2577 4418 ·
2614 4386 2826 4448 Οἲτινες
2878 4381 3101 4441 ἐλάϐετε
3146 4387 3239 4441 τὸν
3286 4386 3454 4460 νόμον
3508 4386 3583 4447 εἰς
3633 4382 3896 4462 διαταγὰς

2237 4476 2501 4553 ἀγγέλων,
2534 4475 2623 4531 xui
2656 4476 2756 4530 οὐκ
2787 4475 3103 4554 ἐφυλάξατε.

2158 4679 2203 4743 D
2306 4656 2515 4743 Αῦτῇν.
2550 4656 2666 4723 Τήν
2701 4652 3051 4727 θεσμοθεσίαν
3088 4651 3369 4743 δηλονότι.

2310 4745 2383 4800 Τὸ
2438 4741 2527 4798 διὰ
2581 4748 2687 4797 τῶν
2747 4744 3001 4818 πρώτων.
3058 4742 3399 4816 Σημείωσαι,
3458 4746 3573 4803 πῶς
3637 4738 3726 4795 διὰ
3782 4747 3893 4796 τῶν

2239 4835 2495 4909 πρώτων,
2552 4832 2797 4887 τουτέστι
2852 4836 2961 4887 τῶν
3039 4827 3476 4901 ἀναϐεϐηκότων,
3533 4831 3599 4884 τὰ
3670 4827 3899 4906 δεύτερα

2238 4923 2375 4996 (ἀντὶ
2410 4927 2505 4977 τοῦ
2546 4924 2614 4977 τὰ
2657 4917 3062 4992 ὑποϐεϐηκότα)
3093 4922 3233 4997 πρὸς
3281 4920 3409 4975 Θεὸν
3464 4920 3746 4995 ἀνάγονται
3801 4920 3899 4975 καὶ

2236 5012 2360 5085 περὶ
2389 5015 2494 5064 τῶν
2525 5011 2828 5087 ἆγγελικῶν
2859 5008 3167 5079 διατάξεων.

2306 5100 2674 5177 ’Υπεγούσιοψ
2748 5098 3093 5173 Ὑπερούσιον
3196 5098 3515 5173 ταξιαρχίαν
3603 5098 3705 5166 τὴν
3789 5104 3899 5168 τῆς

2233 5191 2432 5264 τάξεως
2461 5190 2635 5244 αὐτῶν
2666 5189 2845 5264 ἀρχὴν
2878 5190 2965 5243 xui
2993 5188 3291 5259 ποιητικὴν
3323 5185 3496 5242 αἰτίαν
3529 5180 3656 5263 ἔφη.

2440 5436 2510 5507 (f)
2558 5434 2701 5491 Gen.
2734 5451 2818 5503 ιιι,
2845 5434 2900 5492 9.
2979 5434 3049 5505 (g)
3098 5437 3237 5489 Gen.
3264 5449 3427 5503 xvm,
3461 5432 3513 5488 1.
3594 5432 3675 5504 (Ιι)
3709 5432 3895 5490 Exod.

1500 5629 1741 5688 VARI/13
1784 5632 2175 5691 LECTIONES
2215 5634 2306 5690 ET
2346 5630 2915 5690 CORRECTIONES.

543 5721 587 5757 ⁸ο
620 5719 1039 5794 ὑπερκοσμίους.
