4158 6370
318 405 382 460 57
1028 408 1091 461 S.
1132 405 1408 461 MAXIM]
1445 405 1755 461 SCHOLIA
1792 407 1867 460 ΙΝ
1904 407 1977 460 LI

2094 407 2175 461 DE
2211 406 2533 462 C(ELESTI
2571 408 3044 464 ΗΙΕΒΑΒΟΗῘΔ.
3676 404 3748 463 58

387 530 535 605 §IV.
566 522 852 605 Γαϐριήλ.
916 527 1264 602 Σημείωσαι,
1309 526 1392 584 ὅτι
1440 529 1508 583 τὰ
1558 528 1683 604 περὶ
1712 535 1813 597 τῆς
1846 526 1977 582 ἐναν-

2174 530 2318 597 §IV.
2354 531 2590 587 Gabriel.
2640 534 2806 598 Nota,
2854 531 3077 603 primos
3126 530 3365 604 angelos
3413 531 3605 588 doceri
3658 532 3746 588 in.

320 619 657 695 θρωπήσεως
688 624 907 691 πρῶτοι
948 621 1211 691 μυοῦνται
1271 615 1517 693 ἄγγελοι,
1577 619 1649 678 ὡς
1708 617 1875 686 ὸηλοῖ
1920 616 1988 672 τὰ

323 708 455 765 κατὰ
503 708 598 761 τὸν
660 707 942 771 θειότατον
996 700 1264 783 Γαϐριὴλ,
1320 706 1557 780 μαθόντα
1612 708 1679 761 τὰ
1718 707 1841 781 περὶ
1888 710 1984 761 τοῦ

326 797 478 872 ἁγίου
539 796 841 852 Ἰωάννου*
904 794 1403 871 εὖαγγελισάμενον
1462 792 1519 850 δὲ
1571 795 1660 849 καὶ
1710 798 1778 869 τῇ
1838 800 1985 869 Παρ-

324 887 482 959 θὲνῳ,
545 884 630 940 ὅτι
682 884 743 939 ἐκ
773 883 1083 957 Πνεύματος
1134 884 1290 959 ἁγίου
1348 881 1689 959 συλλήψεται
1750 884 1985 961 σαρκού-

326 997 486 1051 μενον
520 976 612 1030 τὸν
646 975 778 1029 Θεὸν
807 973 1006 1049 Λόγον.

391 1062 710 1139 Ἀνδρικῆς.
783 1060 1049 1139 Ἀνδρική
1122 1062 1373 1139 Θεουργία
1440 1065 1475 1133 ἡ
1535 1066 1775 1138 Χριστοῦ
1834 1061 1980 1117 ἐναν-

320 1155 638 1228 θρώπησις,
689 1154 808 1208 καθ’
869 1153 935 1221 ἦν
997 1152 1124 1214 Θεὸς
1178 1152 1254 1207 ὥν
1308 1150 1359 1206 ἐν
1416 1152 1573 1228 σαρκὶ
1625 1154 1694 1206 τὰ
1723 1157 1839 1215 θεῖα
1870 1151 1982 1226 εἰρ-

318 1246 535 1319 γάζετο.
600 1242 801 1297 Σκόπει
861 1238 943 1308 δὲ,
997 1244 1135 1306 πῶς,
1192 1240 1357 1296 εἰπὼν
1393 1240 1621 1305 ἐνταῦθα
1648 1241 1740 1295 τὸν
1774 1242 1984 1310 Ἰησοῦν

321 1330 585 1407 ἀνδρικὴν
646 1331 953 1406 θεουργίαν,
994 1331 1085 1385 καὶ
1137 1327 1225 1385 διὰ
1282 1333 1375 1404 μὲν
1422 1335 1519 1386 τοῦ
1569 1329 1750 1405 λεγειν
1799 1327 1981 1405 ἅνδρι-

317 1425 445 1493 κήν,
480 1419 688 1491 δηλῶν,
724 1420 807 1475 ὅτι
833 1418 1046 1482 τέλειος
1074 1417 1358 1493 ἄνθρωπος
1386 1420 1596 1495 γέγονε·
1659 1417 1748 1474 διὰ
1800 1417 1857 1473 δὶ
1884 1422 1981 1473 τοῦ

319 1509 626 1586 θεουργίαν,
681 1508 764 1564 ὅτι
826 1509 955 1570 Θεὸς
1012 1507 1104 1562 καὶ
1164 1504 1275 1563 ἔστι
1335 1506 1706 1585 ἅνθρωποςθί,
1745 1508 1773 1563 6
1823 1508 1983 1572 αὐτὸς

316 1601 415 1662 τὰς
464 1597 792 1672 θεοσημείας
842 1596 1231 1672 ἐργασάμενος,
1278 1598 1414 1671 μετὰ
1469 1596 1646 1673 βραχὺ
1700 1597 1977 1674 λέγει,δ’τι

320 1683 734 1761 ἀμετάϐλητος“
799 1682 982 1762 ἔμεινε
1030 1688 1131 1762 γὰρ
1165 1688 1253 1742 καὶ
1314 1687 1343 1742 ’ὸ
1375 1688 1441 1757 ἦν
1502 1686 1604 1744 ἀεί.
1642 1686 1863 1741 Κὰχεῖνο
1924 1685 1981 1742 δὲ

318 1776 486 1832 πάλιν
550 1776 673 1853 δρα,
722 1780 841 1840 πῶς
886 1798 1051 1855 φησιν
1105 1776 1158 1831 ἐν
1216 1780 1286 1851 τῇ
1339 1775 1463 1851 ἁγίᾳ
1520 1776 1767 1849 Θεοτόκῳ
1797 1775 1981 1852 Μαρίᾳ

2094 620 2519 688 carnationem,
2552 620 2704 675 sicut
2732 620 3033 676 declarant
3060 620 3239 676 divini
3273 620 3558 677 Gabrielis
3593 626 3743 693 acta,

2096 708 2194 779 qui
2238 708 2380 763 dicit
2428 725 2494 764 ea
2540 725 2671 779 quas
2717 714 2987 764 sanctum
3034 710 3320 765 Joannem
3369 708 3744 782 (Baptistam)

2094 796 2460 867 spectabant,
2492 797 2865 853 annuntiavit
2892 802 3087 853 autem
3120 797 3296 854 etiam
3327 796 3746 869 Virgini,quod

2093 902 2162 940 ex
2212 886 2429 958 Spiritu
2489 891 2692 943 sancto
2750 886 3082 959 conciperet
3126 886 3498 942 incarnatum
3557 887 3743 943 Deum

2091 975 2376 1033 Verbum.

2162 1066 2457 1123 Humanam
2491 1065 2760 1121 Humana
2815 1065 3012 1122 divina
3065 1065 3325 1138 Operatio
3372 1069 3475 1121 aut
3528 1064 3743 1122 Christi

2092 1168 2229 1208 cum
2258 1152 2598 1209 hominibus
2621 1154 3007 1223 conversatio,
3034 1153 3092 1208 in
3117 1170 3234 1225 qua
3256 1154 3411 1209 Deus
3432 1154 3743 1224 exsistens,

2091 1241 2287 1297 divina
2317 1243 2375 1298 in
2407 1259 2580 1298 carne
2610 1244 2983 1314 operabatur.
3019 1242 3335 1299 Considera
3364 1249 3562 1299 autem
3602 1259 3745 1314 quo-

2091 1331 2285 1397 modo,
2320 1336 2635 1403 postquam
2666 1332 2879 1387 dixerit
2909 1332 3017 1389 hoc
3049 1332 3174 1388 loco
3203 1333 3745 1404 Jesum,humanam

2089 1421 2188 1475 Dei
2211 1423 2590 1492 Operationem
2616 1439 2637 1477 :
2668 1426 2725 1477 et
2754 1421 2993 1493 quidem
3022 1421 3268 1479 dicendo
3307 1422 3611 1478 humanam
3640 1422 3745 1478 de-

2089 1509 2273 1566 olarat
2302 1512 2453 1580 quod
2489 1511 2777 1581 perfectus
2812 1511 2983 1566 homo
3016 1510 3224 1579 fuerit;
3250 1528 3353 1584 per
3380 1527 3577 1567 vocem
3607 1527 3744 1567 vero

2089 1601 2189 1655 Dei
2240 1608 2631 1671 operationem,
2664 1600 2819 1672 quod
2880 1600 2958 1656 sit
3015 1600 3193 1667 Deus,
3243 1605 3302 1656 et
3354 1600 3555 1670 homo,
3584 1599 3745 1656 idem

2087 1688 2217 1759 ipse
2273 1688 2510 1743 deitatis
2568 1689 2736 1760 signa
2793 1693 3108 1759 operatus;
3142 1688 3316 1759 paulo
3377 1694 3511 1760 post
3565 1688 3743 1759 dicat,

2089 1777 2243 1849 quod
2300 1777 2666 1831 immutabilis
2709 1793 2724 1844 ;
2786 1778 3006 1832 mansit
3061 1777 3220 1832 enim
3273 1793 3509 1849 semper
3563 1777 3741 1833 etiam

315 1866 559 1942 γενέσθαι
639 1873 738 1935 τῆς
817 1864 1060 1942 ἆρῥήτου
1142 1863 1502 1929 θεοπλαστίας
1557 1867 1619 1920 τὸ
1686 1865 1977 1940 θεαρχικὸν

2094 1866 2242 1938 quod
2277 1870 2441 1921 erat:
2478 1865 2745 1938 illudque
2794 1883 3001 1921 rursus
3044 1865 3194 1933 vide,
3246 1867 3539 1937 quomodo
3587 1866 3745 1922 dicat

321 1925 645 2028 ίευστήριον.
697 1925 1080 2010 ’Θεοπλιαστίαν
1143 1925 1200 2009 6t
1258 1952 1424 2030 λέγει,
1485 1925 1671 2024 δηλῶν
1723 1925 1975 2016 ὅτιιΝΘεὸς

2094 1925 2143 2011 in
2175 1961 2378 2011 sancta
2412 1925 2666 2028 Deiparal
2687 1956 2869 2011 Maria
2905 1956 3085 2011 fuisse
3134 1925 3449 2011 ineffabilia
3482 1955 3583 2011 Dei
3615 1956 3742 2011 efﬁ-

315 2042 586 2112 ὶπλάσθη,
639 2045 760 2107 καθ’
812 2044 842 2098 ὃ
872 2044 1091 2117 γέγονεν
1124 2041 1433 2117 ἄνθρωπος,
1465 2043 1538 2104 ὡς
1569 2043 1631 2097 τὸ
1663 2042 1778 2119 εῒρη
1791 2044 1973 2116 μὲνονο

2094 2046 2294 2100 clionis
2341 2048 2803 2108 sacramentum,
2839 2045 2995 2116 quod
3033 2062 3066 2100 ιι
3096 2044 3211 2100 Deo
3244 2044 3598 2116 principium
3631 2046 3745 2099 du-

316 2132 381 2190 Ὀ
430 2132 603 2205 Λόγος
661 2131 791 2208 σὰρξ
848 2132 1079 2206 ἐγένετο.
1114 2132 1414 2206 Θεαρχικὸν
1449 2129 1529 2200 δὶ,
1575 2133 1657 2187 ὅτι
1714 2136 1811 2188 τοῦ
1842 2132 1975 2186 Θεοῦ

2094 2136 2188 2190 cit.
2221 2131 2587 2188 Θεοπλαστίαν
2622 2140 2817 2190 autem
2849 2133 3015 2201 dixit,
3047 2134 3355 2189 declarans
3404 2134 3559 2205 quod
3592 2138 3745 2189 Deus

317 2224 416 2275 τοῦ
474 2220 654 2275 αἰτίου
712 2220 802 2275 καὶ
863 2221 1042 2296 ἀρχῆς
1098 2217 1252 2281 ὄντος
1300 2224 1409 2275 τῶν
1456 2219 1761 2295 λεγομὲνων
1818 2225 1975 2290 θεῶν,

2094 2225 2321 2280 efﬁctus
2350 2225 2526 2280 fuerit
2568 2225 2893 2280 secundum
2927 2225 3081 2294 quod
3119 2224 3227 2278 fuit
3257 2224 3456 2288 homo,
3487 2222 3643 2278 sicut
3674 2222 3744 2277 i1-

316 2309 575 2386 ἀγγὲλων
615 2331 666 2365 ιε
694 2311 785 2365 καὶ
819 2307 1045 2365 δικαίων
1091 2309 1413 2379 ἀνθρώπων,
1452 2309 1517 2364 τὸ
1553 2313 1849 2383 μυστήριον
1881 2314 1977 2379 τῆς

2094 2312 2190 2367 Iud
2224 2312 2537 2385 Scriptura;
2571 2330 2583 2367 :
2618 2314 2858 2368 Verbum
2886 2328 3012 2367 caro
3039 2314 3251 2383 factum
3282 2315 3367 2366 est
3395 2310 3743 2385 (Ιε).Θεαρχι-

320 2400 795 2475 ἒνανθρωπησεως
858 2398 948 2469 ἧν,
1015 2399 1072 2453 ὃν
1128 2398 1257 2453 Θεὸν
1295 2398 1507 2469 Ἰησοῦν
1536 2398 1976 2474 προωνόμασε³².

2094 2400 2187 2454 κόν
2221 2407 2441 2469 autem,
2476 2403 2614 2474 quia
2646 2406 2757 2457 Deo
2787 2418 2967 2457 causa
2998 2406 3055 2457 et
3086 2401 3372 2473 principio
3428 2400 3747 2457 exsistente

322 2490 563 2546 illorum
597 2489 697 2563 qui
732 2489 1015 2546 dicuntur
1044 2488 1149 2557 dii,
1180 2488 1524 2562 angelorum
1574 2494 1631 2546 et
1672 2492 1971 2561 justorum
2021 2489 2352 2559 hominum,
2397 2494 2833 2546 sacramentum
2882 2488 3307 2545 incarnationis
3357 2488 3553 2554 ﬂebat,
3586 2489 3743 2561 quod

320 2578 350 2633 J
360 2594 531 2634 esum
562 2578 748 2634 Deum
782 2577 1252 2649 prmnominavit.

392 2666 509 2734 Τὴν
572 2662 631 2720 δὲ
684 2666 934 2739 Μαριάμ.
996 2666 1318 2739 Σημείωσαι
1371 2669 1540 2720 ταῦτα
1594 2666 1731 2721 κατὰ
1776 2667 1978 2723 Νεστο-

322 2758 546 2829 ριανῶν·
608 2752 668 2809 οὗ
715 2755 913 2816 πάντες
970 2751 1029 2809 δὲ
1075 2752 1304 2830 ἄγγελοι
1359 2753 1735 2831 ἐθαρῥήθησαν
1788 2755 1852 2810 τὸ
1886 2776 1981 2828 μυ-

322 2846 550 2918 στήριον
609 2850 710 2913 τῆς
763 2843 1118 2917 οἲκονομίαςι
1170 2843 1306 2915 ἐπεὶ,
1366 2846 1455 2900 δτε
1510 2839 1918 2917 ἀνελαμϐάνετο
1950 2846 1978 2899 6

321 2933 525 3007 Κύριος
561 2932 697 3006 μετᾶ
720 2933 783 2989 τὸ
814 2934 1012 3001 πάθος,
1043 2934 1187 2994 τινες
1244 2933 1379 3003 ἦσαν
1433 2935 1485 2987 οἱ
1539 2932 1814 3009 λέγοντες,
1870 2933 1978 3003 δτι,

318 3021 409 3083 Τίς
484 3020 626 3076 ἐστιν
690 3022 849 3083 οὗτος
924 3023 952 3076 6
1030 3020 1296 3085 Βασιλεὺς
1370 3026 1470 3084 τῆς
1522 3020 1719 3093 δόξης;
1776 3026 1811 3091 ἡ
1872 3023 1975 3098 γὰρ

323 3109 595 3186 ἰρώτησις
644 3111 867 3187 ἄγνοιαν
922 3110 1193 3189 ὶμφαίνει.
1255 3112 1571 3184 Σημείωσαι
1621 3113 1757 3167 κατὰ
1782 3118 1979 3168 Νεστο-

322 3204 521 3275 ριανῶν
580 3200 668 3255 καὶ
731 3199 1068 3278 Ἀκεφάλων,
1121 3201 1203 3256 ὅτι
1260 3200 1353 3255 τὸν
1386 3201 1593 3271 Ἰησοῦν
1656 3200 1973 3276 ὑπεροῦσιον

325 3288 522 3359 αἰτίαν,
580 3290 767 3367 φησὶν,
830 3290 922 3345 ἅτε
976 3290 1217 3361 ποιητὴν
1278 3286 1406 3345 ὅντα
1458 3288 1695 3345 πάντων·
1753 3288 1842 3344 καὶ
1893 3291 1974 3344 δτι

2163 2669 2408 2723 Mariam
2457 2671 2660 2723 autem.
2702 2667 2852 2723 Nota
2900 2666 3020 2722 hec
3068 2670 3270 2722 contra
3318 2666 3746 2736 Nestorianos;

2088 2773 2202 2813 non
2235 2773 2441 2813 omnes
2489 2760 2682 2812 autem
2732 2755 2925 2827 angeli
2976 2771 3182 2812 secure
3234 2771 3337 2810 seu
3371 2756 3595 2827 absque
3624 2754 3743 2811 ullo

2088 2846 2267 2901 dubio
2298 2846 2615 2901 credebant
2645 2845 2992 2915 mysterium
3027 2844 3486 2915 dispensationis
3517 2860 3617 2899 seu
3650 2843 3745 2898 in-

2087 2935 2486 3001 carnationis;
2519 2933 3023 3006 quandoquidem,
3057 2934 3297 3005 quando
3330 2933 3747 2988 assumebatur

2088 3024 2373 3080 Dominus
2407 3030 2535 3093 post
2570 3023 2906 3095 passionem
2938 3021 3117 3093 aliqui
3166 3022 3418 3077 dixerint
3449 3037 3462 3076 ε
3496 3023 3637 3091 Quis
3666 3026 3747 3077 est

2086 3115 2189 3169 iste
2218 3114 2329 3169 Rea:
2356 3114 2551 3181 gloria
2576 3114 2637 3186 (l)
2660 3112 2687 3167 ‘I
2710 3112 3089 3185 interrogatio
3123 3111 3281 3167 enim
3314 3110 3745 3183 ignorationem

2086 3203 2457 3275 arguit.Nota
2477 3206 2681 3257 contra
2705 3201 3080 3258 Nestorianos
3102 3204 3161 3256 et
3181 3198 3508 3269 Acepbalos
3540 3215 3553 3254 :
3587 3200 3745 3271 quod

2082 3293 2284 3348 Jesum
2341 3290 2895 3363 superessentialem
2945 3306 3187 3346 causam
3237 3289 3415 3355 dicat,
3458 3295 3745 3360 tanquam

320 3372 683 3452 ἇμεταϐόλως
744 3377 889 3454 λέγει
919 3376 1077 3434 αὐτὸν
1108 3382 1456 3455 γεγεννῆσθαι
1486 3381 1605 3443 καθ’
1652 3381 1822 3454 ἡμᾶς·
1870 3379 1977 3455 οὐχ

2094 3387 2405 3438 creatorem
2438 3380 2728 3449 omnium,
2756 3381 2907 3451 quod
2942 3380 3118 3434 etiam
3152 3379 3327 3447 dicat,
3361 3394 3492 3433 eum
3523 3378 3747 3433 immu-

322 3467 355 3536 ἦ
386 3468 529 3537 αὐτή
566 3465 622 3522 δὲ
650 3467 740 3522 καὶ
777 3445 874 3542 μία
929 3472 1095 3523 ταῦτα
1122 3445 1337 3542 'quctc,
1397 3468 1442 3524 εἶ
1494 3470 1582 3523 καὶ
1645 3470 1672 3523 6
1697 3445 1881 3531 ἀὐτὸς
1910 3445 1977 3524 τξ

2094 3471 2345 3526 tabiliter
2392 3470 2576 3525 fuisse
2626 3445 2798 3525 nobis
2844 3468 3100 3523 similem
3138 3485 3150 3523 :
3184 3445 3322 3522 non»
3352 3471 3493 3521 sunt
3545 3471 3743 3522 autem

323 3552 440 3610 δύο·
492 3556 583 3611 καὶ
614 3555 697 3611 ὅτι
730 3556 891 3621 αὐτὸς
919 3557 1008 3611 καὶ
1039 3556 1344 3630 νομοθέτης
1377 3557 1465 3613 καὶ
1495 3557 1598 3612 ὑπὸ
1646 3557 1836 3630 νόμον,
1886 3558 1976 3612 καὶ

322 3644 404 3700 ὅτι
438 3645 531 3700 καὶ
563 3646 723 3709 αὐτὸς
756 3646 829 3707 ὡς
881 3644 1165 3721 ἄνθρωπος
1214 3644 1284 3700 ’δι’
1345 3644 1592 3721 ἀγγέλων
1648 3644 1973 3715 διετάττετο,

321 3731 374 3787 ἔν
431 3755 491 3788 τε
660 3735 736 3797 εἷς
794 3733 1069 3808 Αἴγυπτον
1121 3735 1491 3810 ἀναχωρήσει,
1542 3735 1632 3789 καὶ
1691 3734 1742 3790 ἐν
1800 3739 1868 3808 τῇ
1924 3734 1975 3805 ἐξ

320 3824 493 3893 αὐτῆς
552 3822 894 3900 ὖποστροφῇ,
932 3825 1019 3878 καὶ
1076 3823 1157 3879 ὅτι
1218 3823 1377 3886 αὐτός
1435 3824 1576 3878 ἔστιν
1635 3824 1663 3878 6
1718 3824 1807 3878 καὶ
1864 3829 1974 3878 τῶν

319 3912 573 3987 ἀγγέλων
634 3910 998 3989 δημιουργός.
1056 3916 1217 3967 ’Ὠστε
1270 3916 1348 3976 εἷς
1406 3914 1494 3967 καὶ
1553 3912 1712 3975 αὐτὸς
1743 3915 1973 3987 Χριστὸς

319 4000 370 4055 ἐν
405 3999 503 4057 δύο
553 4002 739 4081 φύσεσι
798 4006 861 4057 τὸ
925 4002 1061 4079 μέγα
1102 4005 1201 4072 τῆς
1234 4002 1557 4076 οἷκονομίας
1608 4003 1974 4076 κατεπράξατο

324 4092 649 4167 μυστήριον
702 4089 914 4166 εἴρηται
972 4090 1096 4168 γάρ.
1130 4094 1248 4159 Ὃς,
1309 4090 1360 4145 ἐν
1426 4095 1609 4169 μορφῇ
1642 4096 1774 4147 Θεοῦ
1808 4092 1976 4167 ὑπάρ-

324 4198 441 4255 χων
475 4226 489 4252 ,
552 4180 659 4256 οὐχ
735 4180 1018 4257 ἁρπαγμὸν
1072 4182 1323 4257 ἡγήσατο
1378 4180 1441 4236 τὸ
1499 4182 1631 4236 εἶναι
1693 4178 1781 4235 ἷ¹σα
1834 4186 1969 4255 Θεῷ·

320 4268 449 4325 ἀλλ’
523 4270 709 4325 ἑαυτὸν
798 4270 1061 4341 ἐκένωσε,
1150 4272 1366 4349 μορφὴν
1466 4268 1666 4325 δούλου
1746 4266 1969 4328 λαϐών.

318 4356 461 4415 Ἱδοῦ
524 4356 619 4413 δύο
700 4358 938 4436 μορφαί·
994 4358 1128 4435 ὅπερ
1186 4360 1290 4435 γάρ
1348 4380 1509 4437 φησιν
1569 4357 1817 4428 ἐνταῦθα,
1875 4360 1978 4415 οὐκ

321 4445 604 4519 ἀποπηδᾷ,
663 4448 825 4503 τοῦτό
885 4448 995 4502 ἐστι
1054 4447 1143 4515 τὸ,
1196 4449 1306 4523 οὐχ
1362 4448 1646 4522 ἁρπαγμὸν
1708 4450 1977 4523 ἡγήσατο,

318 4538 597 4594 τουτέστιν
657 4539 755 4595 οὐκ
811 4538 1120 4610 ἀπηξίωσεν
1192 4540 1268 4600 ὡς
1343 4536 1626 4613 ἄνθρωπος
1677 4539 1975 4595 ὑπακοῦσαι

317 4628 408 4683 καὶ
439 4627 726 4702 ἀγγέλοις,
786 4627 1051 4692 εὐπειθῶς
1110 4624 1223 4682 δὶ³³
1270 4628 1621 4683 ὑπο-τάττεται
1704 4634 1821 4690 ταῖς
1878 4632 1975 4684 τοῦ

318 4720 453 4771 Θεοῦ
486 4717 574 4771 ιιαὶ
629 4718 840 4792 Πατρὸς
892 4715 961 4772 δι’
994 4715 1243 4792 ἀγγέλων
1288 4718 1719 4772 ὁποτυπώσεσιν·
1754 4718 1976 4781 αὐτὸς³⁴

314 4805 417 4881 γὰρ
444 4806 605 4867 οὗτος
634 4803 781 4879 ἔταξε
809 4806 873 4861 τὸ
906 4806 1242 4882 ἀνθρώπινον
1274 4806 1431 4881 γένος
1464 4803 1684 4864 διέπειν.

388 4978 801 5057 Ἀμεταϐόλως.
836 4984 914 5043 Οὐ
943 4984 1043 5061 γὰρ
1086 4983 1290 5061 ἐτράπη
1320 4986 1418 5055 τὴν
1451 4984 1597 5040 θείαν
1630 4984 1809 5063 φύσιν.

388 5162 506 5221 Οὐκ
547 5161 829 5236 ἀποπηδᾷ.
888 5164 972 5221 Τὰ
1022 5162 1121 5241 γὰρ
1184 5162 1273 5218 ὑπ’
1333 5160 1499 5218 αὐτοῦ
1554 5163 1844 5238 ταχθέντα,
1902 5161 1967 5234 ἤ-

2085 3560 2209 3616 ὶιεαο
2232 3578 2349 3616 una
2370 3565 2429 3615 et
2449 3561 2650 3617 eadem
2677 3564 2908 3626 natura,
2931 3558 3039 3615 etsi
3058 3558 3215 3614 idem
3239 3558 3365 3629 ipse
3384 3558 3463 3613 sit
3490 3557 3607 3613 duo
3639 3573 3744 3613 seu

2086 3655 2404 3722 utrumque
2431 3668 2443 3716 ;
2468 3654 2524 3705 et
2566 3650 2720 3721 quod
2750 3649 2903 3704 idem
2949 3649 3025 3703 sit
3056 3647 3358 3720 legislator
3377 3650 3434 3701 et
3456 3645 3571 3718 legi
3602 3645 3743 3701 sub-

2077 3739 2269 3810 jectus
2299 3756 2312 3805 ;
2336 3743 2392 3793 et
2415 3738 2568 3809 quod
2594 3738 2843 3802 idem,ut
2863 3737 3171 3807 homo,per
3187 3734 3425 3805 angelos
3447 3733 3744 3807 dirigeba-

2083 3834 2181 3882 tur
2210 3844 2347 3883 cum
2380 3828 2439 3882 in
2464 3844 2699 3882 secessu
2733 3827 2791 3881 in
2824 3827 3289 3898 Egyptum,tum
3332 3824 3425 3879 18
3460 3824 3517 3878 in
3550 3824 3742 3879 reditu

2084 3932 2152 3971 ex
2182 3915 2407 3982 eadem,
2449 3921 2507 3970 et
2538 3916 2692 3986 quod
2743 3915 2897 3970 idem
2931 3915 3056 3985 ipse
3087 3914 3165 3969 sit
3195 3913 3521 3983 angelorum
3547 3911 3744 3968 condi-

2084 4014 2206 4073 tor;
2237 4005 2318 4060 ita
2348 4011 2413 4060 ut
2444 4022 2599 4060 unus
2629 4010 2686 4060 et
2733 4005 2885 4059 idem
2936 4004 3199 4059 Christus
3230 4005 3286 4057 in
3323 4000 3551 4057 naturis
3594 4002 3738 4056 dua-

2084 4095 2219 4163 bus,
2249 4111 2529 4167 magnum
2562 4094 3020 4165 dispensationis
3071 4093 3359 4163 peregerit
3407 4105 3741 4147 sacramen-

2082 4188 2247 4249 tum;
2282 4184 2501 4238 dictum
2535 4183 2829 4254 siquidem
2862 4187 2951 4237 est
2984 4199 2997 4237 :
3033 4182 3139 4249 Qui
3168 4197 3292 4235 eum
3324 4182 3384 4235 in
3423 4182 3613 4251 forma
3641 4180 3745 4235 Dei

2084 4278 2240 4340 esset,
2271 4290 2386 4329 non
2433 4274 2691 4343 rapinam
2742 4273 3041 4326 arbitratus
3088 4274 3169 4326 est
3214 4286 3329 4325 esse
3372 4285 3431 4325 se
3470 4270 3745 4341 aequalem

2083 4364 2191 4419 Deo
2216 4381 2229 4427 ;
2262 4363 2356 4418 sed
2382 4363 2733 4433 semetipsum
2776 4361 3114 4426 exinanivit,
3145 4363 3392 4431 formam
3420 4359 3567 4413 servi
3593 4359 3743 4412 acci-

2080 4456 2240 4527 piens
2267 4455 2390 4526 (ιη).
2422 4455 2566 4509 Ecce
2610 4455 2756 4508 duas
2790 4454 3048 4520 formas;
3080 4453 3237 4523 quod
3268 4451 3423 4507 enim
3454 4450 3550 4506 hic
3579 4448 3741 4519 dicit,

2087 4560 2199 4598 non
2235 4543 2470 4615 refugit,
2502 4542 2558 4597 id
2592 4546 2684 4597 est
2709 4557 2821 4597 non
2854 4543 3117 4613 rapinam
3163 4540 3465 4596 arbitratus
3494 4548 3593 4605 est,
3624 4538 3736 4595 hoc

2087 4636 2175 4688 est
2206 4649 2320 4687 non
2350 4632 2704 4704 dedignatus
2734 4637 2824 4687 est
2855 4637 2920 4685 ut
2951 4631 3148 4697 homo,
3185 4629 3421 4685 obedire
3467 4628 3693 4701 angelis
3725 4642 3740 4683 :

2086 4721 2437 4792 obsequiose
2470 4726 2664 4777 autem
2718 4720 3036 4791 subjicitur
3070 4719 3164 4773 Dei
3197 4726 3246 4774 el
3283 4718 3472 4773 Patris
3506 4733 3609 4789 per
3637 4733 3748 4771 an-

2005 4822 2052 4886 ι)
2084 4810 2243 4881 gelos
2276 4810 2833 4881 informationibus;
2867 4810 2962 4864 hic
3003 4809 3159 4864 enim
3194 4806 3491 4863 ordinavit
3534 4809 3597 4859 ut
3628 4804 3743 4876 ipsi

2082 4916 2271 4971 genus
2299 4899 2629 4956 humanum
2665 4898 3172 4955 administrarent.

2151 4990 2594 5044 Immutabililer.
2630 4988 2829 5059 Neque
2858 4988 3013 5043 enim
3046 5002 3212 5042 versa
3244 4985 3354 5039 fuit
3384 4983 3447 5039 in
3478 4982 3742 5041 divinam

2082 5082 2358 5133 naturam
2388 5102 2402 5145 ;
2436 5078 2696 5133 humana
2726 5076 2951 5132 scilicet
2984 5080 3216 5130 natura.

2150 5167 2268 5222 Non
2297 5168 2519 5239 refugit.
2553 5167 2699 5222 Nam
2733 5166 2806 5222 ab
2837 5166 2966 5237 ipso
3010 5164 3283 5219 ordinata
3314 5179 3420 5220 seu
3471 5162 3739 5236 prmdeﬁ-

390 5336 469 5409 (k)
498 5338 665 5395 Joan.
708 5354 749 5409 ι,
782 5337 870 5395 14.
948 5337 1014 5410 (l)
1042 5337 1194 5395 Psal.
1227 5354 1392 5406 xxm,
1424 5337 1480 5404 8,
1514 5337 1601 5393 10.
1681 5338 1773 5406 (m)
1808 5337 1977 5411 Phili]

2096 5354 2160 5407 ιι,
2191 5339 2283 5394 67.

1331 5572 1567 5631 VARI/ﬁ
1605 5574 2001 5632 LECTIONES
2040 5576 2128 5631 ET
2166 5574 2729 5633 CORRECTIONES.

391 5708 433 5744 ⁸¹
466 5707 596 5771 Θεὸς
625 5705 717 5764 καὶ
752 5704 1068 5784 ἅνθρωπος.
1141 5709 1187 5745 ⁸³
1215 5709 1630 5783 προσωνόμασε.
1710 5711 1756 5747 ³⁸
1784 5708 1907 5787 γάρ.

1983 5711 2031 5748 ⁸⁴
2054 5708 2270 5781 αὐτούς,
2304 5709 2546 5783 respicit
2574 5710 2732 5769 enim
2765 5707 3055 5785 ἀγγέλους.
