  <div class='ocr_page' id='page_1' title='image "/cluster/home/n/w/nwhite01/storage/ocr_20150623/4/mdp.39015078384529/037.png"; bbox 0 0 4158 6370; ppageno 0'>
   <div class='ocr_carea' id='block_1_1' title="bbox 417 314 3027 378">
    <p class='ocr_par' dir='ltr' id='par_1_1' title="bbox 417 314 3027 378">
     <span class='ocr_line' id='line_1_1' title="bbox 417 314 3027 378; baseline 0.002 -5"><span class='ocrx_word' id='word_1_1' title='bbox 417 314 492 373; x_wconf 79' lang='lat'>59</span> <span class='ocrx_word' id='word_1_2' title='bbox 1250 320 1617 375; x_wconf 71' lang='lat' dir='ltr'>APPENDIX</span> <span class='ocrx_word' id='word_1_3' title='bbox 1649 320 1751 374; x_wconf 71' lang='lat' dir='ltr'>AD</span> <span class='ocrx_word' id='word_1_4' title='bbox 1787 315 2030 373; x_wconf 82' lang='lat' dir='ltr'>OPEBA</span> <span class='ocrx_word' id='word_1_5' title='bbox 2063 315 2122 370; x_wconf 83' lang='grc' dir='ltr'>Β.</span> <span class='ocrx_word' id='word_1_6' title='bbox 2162 314 2481 375; x_wconf 83' lang='lat' dir='ltr'>DIONYSII</span> <span class='ocrx_word' id='word_1_7' title='bbox 2522 319 3027 378; x_wconf 67' lang='lat' dir='ltr'>AREOPAGITJE.</span> 
     </span>
    </p>
   </div>
   <div class='ocr_carea' id='block_1_2' title="bbox 3769 324 3848 379">
    <p class='ocr_par' dir='ltr' id='par_1_2' title="bbox 3769 324 3848 379">
     <span class='ocr_line' id='line_1_2' title="bbox 3769 324 3848 379; baseline 0 0"><span class='ocrx_word' id='word_1_8' title='bbox 3769 324 3848 379; x_wconf 91' lang='lat'>60</span> 
     </span>
    </p>
   </div>
   <div class='ocr_carea' id='block_1_3' title="bbox 418 438 2076 521">
    <p class='ocr_par' dir='ltr' id='par_1_3' title="bbox 418 440 2068 515">
     <span class='ocr_line' id='line_1_3' title="bbox 418 440 2068 515; baseline -0.004 -16"><span class='ocrx_word' id='word_1_9' title='bbox 418 442 563 509; x_wconf 84' lang='lat' dir='ltr'>nita,</span> <span class='ocrx_word' id='word_1_10' title='bbox 596 442 723 515; x_wconf 91' lang='lat' dir='ltr'>ipse</span> <span class='ocrx_word' id='word_1_11' title='bbox 752 440 811 496; x_wconf 91' lang='lat' dir='ltr'>in</span> <span class='ocrx_word' id='word_1_12' title='bbox 844 442 1122 499; x_wconf 75' lang='lat' dir='ltr'>extremis</span> <span class='ocrx_word' id='word_1_13' title='bbox 1154 443 1517 515; x_wconf 78' lang='lat' dir='ltr'>assumpsit;</span> <span class='ocrx_word' id='word_1_14' title='bbox 1549 446 1607 499; x_wconf 90' lang='lat' dir='ltr'>et</span> <span class='ocrx_word' id='word_1_15' title='bbox 1636 442 1697 497; x_wconf 92' lang='lat' dir='ltr'>in</span> <span class='ocrx_word' id='word_1_16' title='bbox 1748 441 1943 513; x_wconf 89' lang='lat' dir='ltr'>seipso</span> <span class='ocrx_word' id='word_1_17' title='bbox 1975 454 2068 494; x_wconf 90' lang='lat' dir='ltr'>os-</span> 
     </span>
    </p>
   </div>
   <div class='ocr_carea' id='block_1_4' title="bbox 2192 438 3840 521">
    <p class='ocr_par' dir='ltr' id='par_1_4' title="bbox 2192 441 3840 521">
     <span class='ocr_line' id='line_1_4' title="bbox 2192 441 3840 521; baseline 0.006 -29"><span class='ocrx_word' id='word_1_18' title='bbox 2192 458 2312 510; x_wconf 80' lang='grc' dir='ltr'>γουν</span> <span class='ocrx_word' id='word_1_19' title='bbox 2340 443 2754 515; x_wconf 86' lang='grc' dir='ltr'>προορισθέντα,</span> <span class='ocrx_word' id='word_1_20' title='bbox 2787 441 2947 508; x_wconf 82' lang='grc' dir='ltr'>αὐτὸς</span> <span class='ocrx_word' id='word_1_21' title='bbox 2970 442 3052 499; x_wconf 80' lang='grc' dir='ltr'>ἐπ’</span> <span class='ocrx_word' id='word_1_22' title='bbox 3075 444 3317 521; x_wconf 76' lang='grc' dir='ltr'>έσχάτων</span> <span class='ocrx_word' id='word_1_23' title='bbox 3350 441 3603 518; x_wconf 80' lang='grc' dir='ltr'>ἀνέλαϐε,</span> <span class='ocrx_word' id='word_1_24' title='bbox 3634 446 3727 503; x_wconf 76' lang='grc' dir='ltr'>καὶ</span> <span class='ocrx_word' id='word_1_25' title='bbox 3760 446 3840 510; x_wconf 66' lang='grc' dir='ltr'>εἷς</span> 
     </span>
    </p>
   </div>
   <div class='ocr_carea' id='block_1_5' title="bbox 426 532 632 589">
    <p class='ocr_par' dir='ltr' id='par_1_5' title="bbox 426 532 632 589">
     <span class='ocr_line' id='line_1_5' title="bbox 426 532 632 589; baseline 0 -2"><span class='ocrx_word' id='word_1_26' title='bbox 426 532 632 589; x_wconf 82' lang='lat' dir='ltr'>tendit.</span> 
     </span>
    </p>
   </div>
   <div class='ocr_carea' id='block_1_6' title="bbox 494 619 2081 695">
    <p class='ocr_par' dir='ltr' id='par_1_6' title="bbox 494 619 2081 695">
     <span class='ocr_line' id='line_1_6' title="bbox 494 619 2081 695; baseline -0.004 -15"><span class='ocrx_word' id='word_1_27' title='bbox 494 621 567 657; x_wconf 65' lang='lat'><strong>3“</strong></span> <span class='ocrx_word' id='word_1_28' title='bbox 596 626 667 681; x_wconf 70' lang='grc' dir='ltr'>ιι</span> <span class='ocrx_word' id='word_1_29' title='bbox 695 640 795 695; x_wconf 80' lang='lat' dir='ltr'>per</span> <span class='ocrx_word' id='word_1_30' title='bbox 824 621 1071 692; x_wconf 85' lang='lat' dir='ltr'>angelos.</span> <span class='ocrx_word' id='word_1_31' title='bbox 1085 622 1213 679; x_wconf 80' lang='lat' dir='ltr'>Fuit-</span> <span class='ocrx_word' id='word_1_32' title='bbox 1244 623 1460 679; x_wconf 91' lang='lat' dir='ltr'>etenim</span> <span class='ocrx_word' id='word_1_33' title='bbox 1494 621 1606 677; x_wconf 88' lang='lat' dir='ltr'>sub</span> <span class='ocrx_word' id='word_1_34' title='bbox 1638 619 1918 693; x_wconf 89' lang='lat' dir='ltr'>lege,qua</span> <span class='ocrx_word' id='word_1_35' title='bbox 1949 634 2081 674; x_wconf 89' lang='lat' dir='ltr'>con-</span> 
     </span>
    </p>
   </div>
   <div class='ocr_carea' id='block_1_7' title="bbox 425 710 1882 785">
    <p class='ocr_par' dir='ltr' id='par_1_7' title="bbox 425 710 1882 785">
     <span class='ocr_line' id='line_1_7' title="bbox 425 710 1882 785; baseline -0.003 -18"><span class='ocrx_word' id='word_1_36' title='bbox 425 711 637 769; x_wconf 88' lang='lat' dir='ltr'>stituta</span> <span class='ocrx_word' id='word_1_37' title='bbox 667 713 779 768; x_wconf 84' lang='lat' dir='ltr'>fuit</span> <span class='ocrx_word' id='word_1_38' title='bbox 807 728 911 784; x_wconf 92' lang='lat' dir='ltr'>per</span> <span class='ocrx_word' id='word_1_39' title='bbox 940 711 1181 785; x_wconf 84' lang='lat' dir='ltr'>angelos</span> <span class='ocrx_word' id='word_1_40' title='bbox 1214 712 1273 767; x_wconf 91' lang='lat' dir='ltr'>in</span> <span class='ocrx_word' id='word_1_41' title='bbox 1307 729 1487 767; x_wconf 89' lang='lat' dir='ltr'>manu</span> <span class='ocrx_word' id='word_1_42' title='bbox 1520 710 1882 766; x_wconf 82' lang='lat' dir='ltr'>mediatoris.</span> 
     </span>
    </p>
   </div>
   <div class='ocr_carea' id='block_1_8' title="bbox 494 797 2079 875">
    <p class='ocr_par' dir='ltr' id='par_1_8' title="bbox 494 797 2079 875">
     <span class='ocr_line' id='line_1_8' title="bbox 494 797 2079 875; baseline -0.003 -17"><span class='ocrx_word' id='word_1_43' title='bbox 494 803 560 858; x_wconf 86' lang='lat' dir='ltr'>El</span> <span class='ocrx_word' id='word_1_44' title='bbox 588 802 653 859; x_wconf 86' lang='lat' dir='ltr'>de</span> <span class='ocrx_word' id='word_1_45' title='bbox 684 803 902 875; x_wconf 84' lang='lat' dir='ltr'>angelo.</span> <span class='ocrx_word' id='word_1_46' title='bbox 930 804 1116 874; x_wconf 83' lang='lat' dir='ltr'><strong>Caput</strong></span> <span class='ocrx_word' id='word_1_47' title='bbox 1147 802 1217 858; x_wconf 91' lang='lat' dir='ltr'>de</span> <span class='ocrx_word' id='word_1_48' title='bbox 1249 801 1455 875; x_wconf 84' lang='lat' dir='ltr'>angelo</span> <span class='ocrx_word' id='word_1_49' title='bbox 1485 800 1847 857; x_wconf 78' lang='lat' dir='ltr'>confortante</span> <span class='ocrx_word' id='word_1_50' title='bbox 1877 797 2079 854; x_wconf 91' lang='lat' dir='ltr'>Domi-</span> 
     </span>
    </p>
   </div>
   <div class='ocr_carea' id='block_1_9' title="bbox 424 891 2081 964">
    <p class='ocr_par' dir='ltr' id='par_1_9' title="bbox 424 891 2081 964">
     <span class='ocr_line' id='line_1_9' title="bbox 424 891 2081 964; baseline -0.003 -17"><span class='ocrx_word' id='word_1_51' title='bbox 424 908 590 957; x_wconf 89' lang='lat' dir='ltr'>num,</span> <span class='ocrx_word' id='word_1_52' title='bbox 624 893 779 964; x_wconf 90' lang='lat' dir='ltr'>quod</span> <span class='ocrx_word' id='word_1_53' title='bbox 831 893 891 947; x_wconf 90' lang='lat' dir='ltr'>in</span> <span class='ocrx_word' id='word_1_54' title='bbox 921 896 1075 948; x_wconf 90' lang='lat' dir='ltr'>Luca</span> <span class='ocrx_word' id='word_1_55' title='bbox 1123 892 1391 960; x_wconf 90' lang='lat' dir='ltr'>habetur,</span> <span class='ocrx_word' id='word_1_56' title='bbox 1423 892 1563 947; x_wconf 78' lang='lat' dir='ltr'>citat</span> <span class='ocrx_word' id='word_1_57' title='bbox 1611 891 1786 945; x_wconf 87' lang='lat' dir='ltr'>etiam</span> <span class='ocrx_word' id='word_1_58' title='bbox 1833 905 2081 958; x_wconf 84' lang='lat' dir='ltr'>magnus</span> 
     </span>
    </p>
   </div>
   <div class='ocr_carea' id='block_1_10' title="bbox 396 978 2077 1055">
    <p class='ocr_par' dir='ltr' id='par_1_10' title="bbox 396 978 2077 1055">
     <span class='ocr_line' id='line_1_10' title="bbox 396 978 2077 1055; baseline -0.001 -22"><span class='ocrx_word' id='word_1_59' title='bbox 396 982 742 1055; x_wconf 83' lang='lat' dir='ltr'>Dionysius</span> <span class='ocrx_word' id='word_1_60' title='bbox 770 1001 784 1051; x_wconf 89' lang='lat'><strong>;</strong></span> <span class='ocrx_word' id='word_1_61' title='bbox 819 982 936 1037; x_wconf 91' lang='lat' dir='ltr'>imo</span> <span class='ocrx_word' id='word_1_62' title='bbox 993 982 1073 1038; x_wconf 90' lang='lat' dir='ltr'>ait</span> <span class='ocrx_word' id='word_1_63' title='bbox 1106 981 1248 1037; x_wconf 91' lang='lat' dir='ltr'>illud</span> <span class='ocrx_word' id='word_1_64' title='bbox 1282 981 1415 1048; x_wconf 89' lang='lat' dir='ltr'>sibi,</span> <span class='ocrx_word' id='word_1_65' title='bbox 1439 986 1614 1051; x_wconf 90' lang='lat' dir='ltr'>atque</span> <span class='ocrx_word' id='word_1_66' title='bbox 1648 981 1850 1034; x_wconf 88' lang='lat' dir='ltr'>sancto</span> <span class='ocrx_word' id='word_1_67' title='bbox 1876 978 2077 1032; x_wconf 91' lang='lat' dir='ltr'>Timo-</span> 
     </span>
    </p>
   </div>
   <div class='ocr_carea' id='block_1_11' title="bbox 424 1068 2078 1143">
    <p class='ocr_par' dir='ltr' id='par_1_11' title="bbox 424 1068 2078 1143">
     <span class='ocr_line' id='line_1_11' title="bbox 424 1068 2078 1143; baseline -0.004 -17"><span class='ocrx_word' id='word_1_68' title='bbox 424 1070 561 1126; x_wconf 88' lang='lat' dir='ltr'>theo</span> <span class='ocrx_word' id='word_1_69' title='bbox 619 1072 679 1127; x_wconf 92' lang='lat' dir='ltr'>in</span> <span class='ocrx_word' id='word_1_70' title='bbox 739 1071 1018 1143; x_wconf 84' lang='lat' dir='ltr'>mysterio</span> <span class='ocrx_word' id='word_1_71' title='bbox 1074 1076 1133 1125; x_wconf 92' lang='lat' dir='ltr'>et</span> <span class='ocrx_word' id='word_1_72' title='bbox 1189 1069 1413 1125; x_wconf 85' lang='lat' dir='ltr'>occulte</span> <span class='ocrx_word' id='word_1_73' title='bbox 1466 1068 1748 1123; x_wconf 89' lang='lat' dir='ltr'>traditum</span> <span class='ocrx_word' id='word_1_74' title='bbox 1796 1084 1831 1121; x_wconf 90' lang='lat' dir='ltr'>a</span> <span class='ocrx_word' id='word_1_75' title='bbox 1876 1070 2078 1121; x_wconf 88' lang='lat' dir='ltr'>sancto</span> 
     </span>
    </p>
   </div>
   <div class='ocr_carea' id='block_1_12' title="bbox 426 1155 2078 1232">
    <p class='ocr_par' dir='ltr' id='par_1_12' title="bbox 426 1155 2078 1232">
     <span class='ocr_line' id='line_1_12' title="bbox 426 1155 2078 1232; baseline -0.002 -18"><span class='ocrx_word' id='word_1_76' title='bbox 426 1159 647 1227; x_wconf 89' lang='lat' dir='ltr'>Paulo;</span> <span class='ocrx_word' id='word_1_77' title='bbox 679 1160 869 1231; x_wconf 87' lang='lat' dir='ltr'>ipsius</span> <span class='ocrx_word' id='word_1_78' title='bbox 901 1159 1055 1215; x_wconf 90' lang='lat' dir='ltr'>enim</span> <span class='ocrx_word' id='word_1_79' title='bbox 1090 1158 1560 1232; x_wconf 76' lang='lat' dir='ltr'>praedicationem</span> <span class='ocrx_word' id='word_1_80' title='bbox 1612 1159 1852 1211; x_wconf 89' lang='lat' dir='ltr'>sanctus</span> <span class='ocrx_word' id='word_1_81' title='bbox 1894 1155 2078 1210; x_wconf 89' lang='lat' dir='ltr'>Lucas</span> 
     </span>
    </p>
   </div>
   <div class='ocr_carea' id='block_1_13' title="bbox 426 1242 2076 1320">
    <p class='ocr_par' dir='ltr' id='par_1_13' title="bbox 426 1242 2076 1320">
     <span class='ocr_line' id='line_1_13' title="bbox 426 1242 2076 1320; baseline -0.004 -16"><span class='ocrx_word' id='word_1_82' title='bbox 426 1248 798 1320; x_wconf 86' lang='lat' dir='ltr'>conscripsit.</span> <span class='ocrx_word' id='word_1_83' title='bbox 836 1248 954 1303; x_wconf 91' lang='lat' dir='ltr'>Hoc</span> <span class='ocrx_word' id='word_1_84' title='bbox 1008 1248 1265 1303; x_wconf 84' lang='lat' dir='ltr'>declarat</span> <span class='ocrx_word' id='word_1_85' title='bbox 1310 1261 1467 1313; x_wconf 91' lang='lat' dir='ltr'>vero,</span> <span class='ocrx_word' id='word_1_86' title='bbox 1501 1259 1637 1300; x_wconf 89' lang='lat' dir='ltr'>eum</span> <span class='ocrx_word' id='word_1_87' title='bbox 1685 1249 1965 1315; x_wconf 90' lang='lat' dir='ltr'>tanquam</span> <span class='ocrx_word' id='word_1_88' title='bbox 2016 1242 2076 1298; x_wconf 90' lang='lat' dir='ltr'>in</span> 
     </span>
    </p>
   </div>
   <div class='ocr_carea' id='block_1_14' title="bbox 427 1333 2076 1412">
    <p class='ocr_par' dir='ltr' id='par_1_14' title="bbox 427 1333 2076 1412">
     <span class='ocr_line' id='line_1_14' title="bbox 427 1333 2076 1412; baseline -0.004 -18"><span class='ocrx_word' id='word_1_89' title='bbox 427 1337 705 1412; x_wconf 81' lang='lat' dir='ltr'>mysterio</span> <span class='ocrx_word' id='word_1_90' title='bbox 737 1337 1035 1411; x_wconf 88' lang='lat' dir='ltr'>accepisse</span> <span class='ocrx_word' id='word_1_91' title='bbox 1068 1336 1209 1409; x_wconf 85' lang='lat' dir='ltr'>quia</span> <span class='ocrx_word' id='word_1_92' title='bbox 1237 1335 1380 1391; x_wconf 89' lang='lat' dir='ltr'>dicit</span> <span class='ocrx_word' id='word_1_93' title='bbox 1413 1352 1426 1391; x_wconf 91' lang='lat'><strong>:</strong></span> <span class='ocrx_word' id='word_1_94' title='bbox 1460 1336 1673 1391; x_wconf 84' lang='lat' dir='ltr'>Nostris</span> <span class='ocrx_word' id='word_1_95' title='bbox 1699 1335 1873 1390; x_wconf 81' lang='lat' dir='ltr'>sacris</span> <span class='ocrx_word' id='word_1_96' title='bbox 1902 1333 2076 1388; x_wconf 78' lang='lat' dir='ltr'>tradi-</span> 
     </span>
    </p>
   </div>
   <div class='ocr_carea' id='block_1_15' title="bbox 422 1422 2076 1498">
    <p class='ocr_par' dir='ltr' id='par_1_15' title="bbox 422 1422 2076 1498">
     <span class='ocr_line' id='line_1_15' title="bbox 422 1422 2076 1498; baseline -0.005 -15"><span class='ocrx_word' id='word_1_97' title='bbox 422 1428 665 1483; x_wconf 77' lang='lat' dir='ltr'>tionibus</span> <span class='ocrx_word' id='word_1_98' title='bbox 715 1426 1052 1498; x_wconf 73' lang='lat' dir='ltr'>explanata.</span> <span class='ocrx_word' id='word_1_99' title='bbox 1083 1426 1230 1481; x_wconf 89' lang='lat' dir='ltr'>Vide</span> <span class='ocrx_word' id='word_1_100' title='bbox 1277 1442 1410 1481; x_wconf 91' lang='lat' dir='ltr'>vero</span> <span class='ocrx_word' id='word_1_101' title='bbox 1461 1425 1636 1479; x_wconf 80' lang='lat' dir='ltr'>etiam</span> <span class='ocrx_word' id='word_1_102' title='bbox 1668 1422 1844 1478; x_wconf 88' lang='lat' dir='ltr'>aliam</span> <span class='ocrx_word' id='word_1_103' title='bbox 1894 1422 2076 1477; x_wconf 90' lang='lat' dir='ltr'>inter-</span> 
     </span>
    </p>
   </div>
   <div class='ocr_carea' id='block_1_16' title="bbox 422 1510 2075 1590">
    <p class='ocr_par' dir='ltr' id='par_1_16' title="bbox 422 1510 2075 1590">
     <span class='ocr_line' id='line_1_16' title="bbox 422 1510 2075 1590; baseline -0.004 -18"><span class='ocrx_word' id='word_1_104' title='bbox 422 1514 815 1590; x_wconf 88' lang='lat' dir='ltr'>pretationem</span> <span class='ocrx_word' id='word_1_105' title='bbox 848 1532 976 1587; x_wconf 88' lang='lat' dir='ltr'>qua</span> <span class='ocrx_word' id='word_1_106' title='bbox 1030 1514 1193 1582; x_wconf 89' lang='lat' dir='ltr'>dicit,</span> <span class='ocrx_word' id='word_1_107' title='bbox 1227 1515 1449 1570; x_wconf 91' lang='lat' dir='ltr'>dictum</span> <span class='ocrx_word' id='word_1_108' title='bbox 1480 1512 1630 1568; x_wconf 90' lang='lat' dir='ltr'>enim</span> <span class='ocrx_word' id='word_1_109' title='bbox 1663 1527 1792 1568; x_wconf 91' lang='lat' dir='ltr'>esse</span> <span class='ocrx_word' id='word_1_110' title='bbox 1822 1512 1894 1565; x_wconf 89' lang='lat' dir='ltr'>ab</span> <span class='ocrx_word' id='word_1_111' title='bbox 1926 1510 2075 1567; x_wconf 81' lang='lat' dir='ltr'>Isaia</span> 
     </span>
    </p>
   </div>
   <div class='ocr_carea' id='block_1_17' title="bbox 418 1601 2072 1676">
    <p class='ocr_par' dir='ltr' id='par_1_17' title="bbox 418 1601 2072 1676">
     <span class='ocr_line' id='line_1_17' title="bbox 418 1601 2072 1676; baseline -0.004 -14"><span class='ocrx_word' id='word_1_112' title='bbox 418 1607 612 1676; x_wconf 84' lang='lat' dir='ltr'>magni</span> <span class='ocrx_word' id='word_1_113' title='bbox 659 1607 885 1662; x_wconf 86' lang='lat' dir='ltr'>consilii</span> <span class='ocrx_word' id='word_1_114' title='bbox 931 1606 1197 1675; x_wconf 82' lang='lat' dir='ltr'>angelum</span> <span class='ocrx_word' id='word_1_115' title='bbox 1226 1622 1245 1660; x_wconf 89' lang='lat'><strong><em>:</em></strong></span> <span class='ocrx_word' id='word_1_116' title='bbox 1277 1603 1569 1659; x_wconf 89' lang='lat' dir='ltr'>nominari</span> <span class='ocrx_word' id='word_1_117' title='bbox 1616 1601 1882 1674; x_wconf 88' lang='lat' dir='ltr'>genitum</span> <span class='ocrx_word' id='word_1_118' title='bbox 1932 1617 2072 1673; x_wconf 91' lang='lat' dir='ltr'>pue-</span> 
     </span>
    </p>
   </div>
   <div class='ocr_carea' id='block_1_18' title="bbox 422 1691 2070 1767">
    <p class='ocr_par' dir='ltr' id='par_1_18' title="bbox 422 1691 2070 1767">
     <span class='ocr_line' id='line_1_18' title="bbox 422 1691 2070 1767; baseline -0.004 -16"><span class='ocrx_word' id='word_1_119' title='bbox 422 1711 576 1765; x_wconf 86' lang='lat' dir='ltr'>rum,</span> <span class='ocrx_word' id='word_1_120' title='bbox 607 1694 769 1751; x_wconf 90' lang='lat' dir='ltr'>carni</span> <span class='ocrx_word' id='word_1_121' title='bbox 800 1694 985 1767; x_wconf 88' lang='lat' dir='ltr'>ipsius</span> <span class='ocrx_word' id='word_1_122' title='bbox 1034 1694 1344 1750; x_wconf 87' lang='lat' dir='ltr'>convenire</span> <span class='ocrx_word' id='word_1_123' title='bbox 1376 1693 1537 1762; x_wconf 84' lang='lat' dir='ltr'>dicit,</span> <span class='ocrx_word' id='word_1_124' title='bbox 1569 1698 1626 1749; x_wconf 89' lang='lat' dir='ltr'>et</span> <span class='ocrx_word' id='word_1_125' title='bbox 1656 1696 1892 1764; x_wconf 86' lang='lat' dir='ltr'>propter</span> <span class='ocrx_word' id='word_1_126' title='bbox 1930 1691 2070 1763; x_wconf 89' lang='lat' dir='ltr'>quid</span> 
     </span>
    </p>
   </div>
   <div class='ocr_carea' id='block_1_19' title="bbox 2187 524 2591 602">
    <p class='ocr_par' dir='ltr' id='par_1_19' title="bbox 2187 524 2591 602">
     <span class='ocr_line' id='line_1_19' title="bbox 2187 524 2591 602; baseline 0.015 -20"><span class='ocrx_word' id='word_1_127' title='bbox 2187 527 2374 583; x_wconf 67' lang='grc' dir='ltr'>ἑαυτὸν</span> <span class='ocrx_word' id='word_1_128' title='bbox 2408 524 2591 602; x_wconf 77' lang='grc' dir='ltr'>ἔδειξε.</span> 
     </span>
    </p>
   </div>
   <div class='ocr_carea' id='block_1_20' title="bbox 2258 797 3837 880">
    <p class='ocr_par' dir='ltr' id='par_1_20' title="bbox 2258 797 3837 880">
     <span class='ocr_line' id='line_1_20' title="bbox 2258 797 3837 880; baseline 0.006 -30"><span class='ocrx_word' id='word_1_129' title='bbox 2258 797 2355 851; x_wconf 80' lang='grc' dir='ltr'>Καὶ</span> <span class='ocrx_word' id='word_1_130' title='bbox 2414 798 2537 872; x_wconf 85' lang='grc' dir='ltr'>περὶ</span> <span class='ocrx_word' id='word_1_131' title='bbox 2592 802 2689 855; x_wconf 76' lang='grc' dir='ltr'>τοῦ</span> <span class='ocrx_word' id='word_1_132' title='bbox 2745 798 3001 875; x_wconf 75' lang='grc' dir='ltr'>ἀγγέλου.</span> <span class='ocrx_word' id='word_1_133' title='bbox 3060 802 3182 859; x_wconf 89' lang='grc' dir='ltr'>Ὅτι</span> <span class='ocrx_word' id='word_1_134' title='bbox 3212 800 3273 857; x_wconf 87' lang='grc' dir='ltr'>τὸ</span> <span class='ocrx_word' id='word_1_135' title='bbox 3329 806 3427 858; x_wconf 80' lang='grc' dir='ltr'>τοῦ</span> <span class='ocrx_word' id='word_1_136' title='bbox 3457 802 3837 880; x_wconf 85' lang='grc' dir='ltr'>ένισχύσαντος</span> 
     </span>
    </p>
   </div>
   <div class='ocr_carea' id='block_1_21' title="bbox 2189 885 3840 968">
    <p class='ocr_par' dir='ltr' id='par_1_21' title="bbox 2189 885 3840 968">
     <span class='ocr_line' id='line_1_21' title="bbox 2189 885 3840 968; baseline 0.005 -28"><span class='ocrx_word' id='word_1_137' title='bbox 2189 885 2428 962; x_wconf 87' lang='grc' dir='ltr'>ἀγγέλου</span> <span class='ocrx_word' id='word_1_138' title='bbox 2479 890 2569 944; x_wconf 89' lang='grc' dir='ltr'>τὸν</span> <span class='ocrx_word' id='word_1_139' title='bbox 2629 888 2824 965; x_wconf 81' lang='grc' dir='ltr'>Κύριον</span> <span class='ocrx_word' id='word_1_140' title='bbox 2883 887 3202 965; x_wconf 80' lang='grc' dir='ltr'>κεφάλαιον,</span> <span class='ocrx_word' id='word_1_141' title='bbox 3261 890 3395 968; x_wconf 78' lang='grc' dir='ltr'>ὅπερ</span> <span class='ocrx_word' id='word_1_142' title='bbox 3453 891 3504 946; x_wconf 80' lang='grc' dir='ltr'>έν</span> <span class='ocrx_word' id='word_1_143' title='bbox 3562 897 3643 966; x_wconf 80' lang='grc' dir='ltr'>τῷ</span> <span class='ocrx_word' id='word_1_144' title='bbox 3699 893 3840 949; x_wconf 84' lang='grc' dir='ltr'>κατά</span> 
     </span>
    </p>
   </div>
   <div class='ocr_carea' id='block_1_22' title="bbox 2189 976 3839 1056">
    <p class='ocr_par' dir='ltr' id='par_1_22' title="bbox 2189 976 3839 1056">
     <span class='ocr_line' id='line_1_22' title="bbox 2189 976 3839 1056; baseline 0.004 -24"><span class='ocrx_word' id='word_1_145' title='bbox 2189 980 2393 1032; x_wconf 75' lang='grc' dir='ltr'>Αουκᾶν</span> <span class='ocrx_word' id='word_1_146' title='bbox 2445 976 2682 1053; x_wconf 75' lang='grc' dir='ltr'>φέρεται,</span> <span class='ocrx_word' id='word_1_147' title='bbox 2730 978 2880 1053; x_wconf 87' lang='grc' dir='ltr'>λέγει</span> <span class='ocrx_word' id='word_1_148' title='bbox 2936 979 3027 1034; x_wconf 88' lang='grc' dir='ltr'>καὶ</span> <span class='ocrx_word' id='word_1_149' title='bbox 3085 981 3113 1035; x_wconf 99' lang='lat'>6</span> <span class='ocrx_word' id='word_1_150' title='bbox 3175 981 3341 1056; x_wconf 85' lang='grc' dir='ltr'>μέγας</span> <span class='ocrx_word' id='word_1_151' title='bbox 3399 981 3703 1049; x_wconf 84' lang='grc' dir='ltr'>Διονύσιος,</span> <span class='ocrx_word' id='word_1_152' title='bbox 3744 983 3839 1038; x_wconf 74' lang='grc' dir='ltr'>καὶ</span> 
     </span>
    </p>
   </div>
   <div class='ocr_carea' id='block_1_23' title="bbox 2187 1062 3837 1147">
    <p class='ocr_par' dir='ltr' id='par_1_23' title="bbox 2187 1062 3837 1147">
     <span class='ocr_line' id='line_1_23' title="bbox 2187 1062 3837 1147; baseline 0.004 -28"><span class='ocrx_word' id='word_1_153' title='bbox 2187 1062 2270 1119; x_wconf 76' lang='grc' dir='ltr'>ὅτι</span> <span class='ocrx_word' id='word_1_154' title='bbox 2302 1065 2554 1143; x_wconf 76' lang='grc' dir='ltr'>ἀγράφως</span> <span class='ocrx_word' id='word_1_155' title='bbox 2589 1064 2803 1138; x_wconf 83' lang='grc' dir='ltr'>μᾶλλον</span> <span class='ocrx_word' id='word_1_156' title='bbox 2838 1067 2888 1122; x_wconf 81' lang='grc' dir='ltr'>ἐν</span> <span class='ocrx_word' id='word_1_157' title='bbox 2928 1070 3219 1144; x_wconf 82' lang='grc' dir='ltr'>μυστηρίῳ</span> <span class='ocrx_word' id='word_1_158' title='bbox 3248 1071 3497 1147; x_wconf 80' lang='grc' dir='ltr'>κρυφίως</span> <span class='ocrx_word' id='word_1_159' title='bbox 3526 1072 3659 1125; x_wconf 84' lang='grc' dir='ltr'>αὑτὸ</span> <span class='ocrx_word' id='word_1_160' title='bbox 3690 1091 3837 1144; x_wconf 89' lang='grc' dir='ltr'>παρ-</span> 
     </span>
    </p>
   </div>
   <div class='ocr_carea' id='block_1_24' title="bbox 2188 1151 3837 1232">
    <p class='ocr_par' dir='ltr' id='par_1_24' title="bbox 2188 1151 3837 1232">
     <span class='ocr_line' id='line_1_24' title="bbox 2188 1151 3837 1232; baseline 0.005 -24"><span class='ocrx_word' id='word_1_161' title='bbox 2188 1151 2348 1225; x_wconf 83' lang='grc' dir='ltr'>εδόθη</span> <span class='ocrx_word' id='word_1_162' title='bbox 2403 1154 2547 1226; x_wconf 85' lang='grc' dir='ltr'>αὐτῷ</span> <span class='ocrx_word' id='word_1_163' title='bbox 2609 1155 2698 1210; x_wconf 88' lang='grc' dir='ltr'>καὶ</span> <span class='ocrx_word' id='word_1_164' title='bbox 2753 1161 2834 1229; x_wconf 82' lang='grc' dir='ltr'>τῷ</span> <span class='ocrx_word' id='word_1_165' title='bbox 2890 1156 3030 1232; x_wconf 83' lang='grc' dir='ltr'>ἁγίῳ</span> <span class='ocrx_word' id='word_1_166' title='bbox 3075 1160 3328 1231; x_wconf 89' lang='grc' dir='ltr'>Τιμοθέῳ</span> <span class='ocrx_word' id='word_1_167' title='bbox 3388 1158 3493 1214; x_wconf 81' lang='grc' dir='ltr'>ὑπὸ</span> <span class='ocrx_word' id='word_1_168' title='bbox 3543 1163 3640 1214; x_wconf 80' lang='grc' dir='ltr'>τοῦ</span> <span class='ocrx_word' id='word_1_169' title='bbox 3697 1161 3837 1215; x_wconf 86' lang='grc' dir='ltr'>ἀπο-</span> 
     </span>
    </p>
   </div>
   <div class='ocr_carea' id='block_1_25' title="bbox 2186 1241 3836 1325">
    <p class='ocr_par' dir='ltr' id='par_1_25' title="bbox 2186 1241 3836 1325">
     <span class='ocr_line' id='line_1_25' title="bbox 2186 1241 3836 1325; baseline 0.004 -28"><span class='ocrx_word' id='word_1_170' title='bbox 2186 1241 2387 1298; x_wconf 86' lang='grc' dir='ltr'>στόλου</span> <span class='ocrx_word' id='word_1_171' title='bbox 2420 1242 2659 1300; x_wconf 77' lang='grc' dir='ltr'>Παύλουο</span> <span class='ocrx_word' id='word_1_172' title='bbox 2714 1246 2777 1301; x_wconf 85' lang='grc' dir='ltr'>τὸ</span> <span class='ocrx_word' id='word_1_173' title='bbox 2824 1247 2924 1322; x_wconf 81' lang='grc' dir='ltr'>γὰρ</span> <span class='ocrx_word' id='word_1_174' title='bbox 2978 1247 3145 1301; x_wconf 82' lang='grc' dir='ltr'>αὐτοῦ</span> <span class='ocrx_word' id='word_1_175' title='bbox 3188 1249 3445 1324; x_wconf 87' lang='grc' dir='ltr'>κήρυγμα</span> <span class='ocrx_word' id='word_1_176' title='bbox 3501 1248 3836 1325; x_wconf 82' lang='grc' dir='ltr'>συνέγραψεν</span> 
     </span>
    </p>
   </div>
   <div class='ocr_carea' id='block_1_26' title="bbox 2185 1331 3836 1414">
    <p class='ocr_par' dir='ltr' id='par_1_26' title="bbox 2185 1331 3836 1414">
     <span class='ocr_line' id='line_1_26' title="bbox 2185 1331 3836 1414; baseline 0.002 -25"><span class='ocrx_word' id='word_1_177' title='bbox 2185 1334 2214 1389; x_wconf 86' lang='lat'>6</span> <span class='ocrx_word' id='word_1_178' title='bbox 2246 1339 2472 1396; x_wconf 81' lang='grc' dir='ltr'>Λουκᾶς·</span> <span class='ocrx_word' id='word_1_179' title='bbox 2499 1331 2763 1405; x_wconf 75' lang='grc' dir='ltr'>δηλοῦται</span> <span class='ocrx_word' id='word_1_180' title='bbox 2793 1332 2850 1389; x_wconf 77' lang='grc' dir='ltr'>δὲ</span> <span class='ocrx_word' id='word_1_181' title='bbox 2879 1339 3060 1409; x_wconf 76' lang='grc' dir='ltr'>τοῦτο,</span> <span class='ocrx_word' id='word_1_182' title='bbox 3091 1336 3172 1391; x_wconf 74' lang='grc' dir='ltr'>ὅτι</span> <span class='ocrx_word' id='word_1_183' title='bbox 3196 1340 3269 1398; x_wconf 88' lang='grc' dir='ltr'>ὡς</span> <span class='ocrx_word' id='word_1_184' title='bbox 3300 1335 3351 1390; x_wconf 84' lang='grc' dir='ltr'>ἐν</span> <span class='ocrx_word' id='word_1_185' title='bbox 3381 1336 3663 1413; x_wconf 78' lang='grc' dir='ltr'>μυστηρίῳ</span> <span class='ocrx_word' id='word_1_186' title='bbox 3694 1357 3836 1414; x_wconf 86' lang='grc' dir='ltr'>παρ-</span> 
     </span>
    </p>
   </div>
   <div class='ocr_carea' id='block_1_27' title="bbox 2184 1416 3832 1501">
    <p class='ocr_par' dir='ltr' id='par_1_27' title="bbox 2184 1416 3832 1501">
     <span class='ocr_line' id='line_1_27' title="bbox 2184 1416 3832 1501; baseline 0.002 -23"><span class='ocrx_word' id='word_1_187' title='bbox 2184 1416 2377 1478; x_wconf 80' lang='grc' dir='ltr'>έλαϐεν</span> <span class='ocrx_word' id='word_1_188' title='bbox 2434 1421 2541 1477; x_wconf 84' lang='grc' dir='ltr'>ἀπὸ</span> <span class='ocrx_word' id='word_1_189' title='bbox 2598 1427 2694 1476; x_wconf 78' lang='grc' dir='ltr'>τοῦ</span> <span class='ocrx_word' id='word_1_190' title='bbox 2754 1422 2944 1478; x_wconf 75' lang='grc' dir='ltr'>εἷπεῖν·</span> <span class='ocrx_word' id='word_1_191' title='bbox 3000 1430 3127 1488; x_wconf 87' lang='grc' dir='ltr'>Ταῖς</span> <span class='ocrx_word' id='word_1_192' title='bbox 3177 1426 3474 1501; x_wconf 80' lang='grc' dir='ltr'>ἱερατικαῖς</span> <span class='ocrx_word' id='word_1_193' title='bbox 3503 1427 3661 1500; x_wconf 77' lang='grc' dir='ltr'>ἡμῶν</span> <span class='ocrx_word' id='word_1_194' title='bbox 3721 1444 3832 1481; x_wconf 82' lang='grc' dir='ltr'>πα-</span> 
     </span>
    </p>
   </div>
   <div class='ocr_carea' id='block_1_28' title="bbox 2182 1509 3831 1588">
    <p class='ocr_par' dir='ltr' id='par_1_28' title="bbox 2182 1509 3831 1588">
     <span class='ocr_line' id='line_1_28' title="bbox 2182 1509 3831 1588; baseline 0.001 -21"><span class='ocrx_word' id='word_1_195' title='bbox 2182 1509 2461 1586; x_wconf 81' lang='grc' dir='ltr'>ραδόσεσιν</span> <span class='ocrx_word' id='word_1_196' title='bbox 2522 1510 2915 1588; x_wconf 76' lang='grc' dir='ltr'>έκπεφασμένα.</span> <span class='ocrx_word' id='word_1_197' title='bbox 2991 1516 3127 1587; x_wconf 86' lang='grc' dir='ltr'>Ὅρα</span> <span class='ocrx_word' id='word_1_198' title='bbox 3197 1511 3255 1569; x_wconf 74' lang='grc' dir='ltr'>δὲ</span> <span class='ocrx_word' id='word_1_199' title='bbox 3330 1515 3421 1569; x_wconf 81' lang='grc' dir='ltr'>καὶ</span> <span class='ocrx_word' id='word_1_200' title='bbox 3490 1515 3589 1583; x_wconf 81' lang='grc' dir='ltr'>τὴν</span> <span class='ocrx_word' id='word_1_201' title='bbox 3650 1513 3831 1583; x_wconf 74' lang='grc' dir='ltr'>ἄλλην</span> 
     </span>
    </p>
   </div>
   <div class='ocr_carea' id='block_1_29' title="bbox 2182 1599 3832 1680">
    <p class='ocr_par' dir='ltr' id='par_1_29' title="bbox 2182 1599 3832 1680">
     <span class='ocr_line' id='line_1_29' title="bbox 2182 1599 3832 1680; baseline 0.003 -25"><span class='ocrx_word' id='word_1_202' title='bbox 2182 1599 2494 1676; x_wconf 78' lang='grc' dir='ltr'>ἑρμηνείαν,</span> <span class='ocrx_word' id='word_1_203' title='bbox 2549 1602 2674 1670; x_wconf 77' lang='grc' dir='ltr'>ἥτις</span> <span class='ocrx_word' id='word_1_204' title='bbox 2731 1601 2885 1680; x_wconf 75' lang='grc' dir='ltr'>φησὶ,</span> <span class='ocrx_word' id='word_1_205' title='bbox 2942 1602 3005 1656; x_wconf 85' lang='grc' dir='ltr'>τὸ</span> <span class='ocrx_word' id='word_1_206' title='bbox 3062 1602 3163 1677; x_wconf 79' lang='grc' dir='ltr'>γὰρ</span> <span class='ocrx_word' id='word_1_207' title='bbox 3225 1603 3469 1677; x_wconf 74' lang='grc' dir='ltr'>εἰρῆσθαι</span> <span class='ocrx_word' id='word_1_208' title='bbox 3500 1606 3545 1642; x_wconf 75' lang='grc'>³⁵</span> <span class='ocrx_word' id='word_1_209' title='bbox 3572 1606 3719 1679; x_wconf 86' lang='grc' dir='ltr'>παρά</span> <span class='ocrx_word' id='word_1_210' title='bbox 3749 1609 3832 1677; x_wconf 82' lang='grc' dir='ltr'>τῷ</span> 
     </span>
    </p>
   </div>
   <div class='ocr_carea' id='block_1_30' title="bbox 2179 1688 3834 1767">
    <p class='ocr_par' dir='ltr' id='par_1_30' title="bbox 2179 1688 3834 1767">
     <span class='ocr_line' id='line_1_30' title="bbox 2179 1688 3834 1767; baseline 0.001 -20"><span class='ocrx_word' id='word_1_211' title='bbox 2179 1688 2373 1761; x_wconf 77' lang='grc' dir='ltr'>Ἠσαίᾳ</span> <span class='ocrx_word' id='word_1_212' title='bbox 2441 1696 2541 1760; x_wconf 84' lang='grc' dir='ltr'>τῆς</span> <span class='ocrx_word' id='word_1_213' title='bbox 2621 1688 2865 1767; x_wconf 82' lang='grc' dir='ltr'>μεγάλης</span> <span class='ocrx_word' id='word_1_214' title='bbox 2949 1689 3157 1767; x_wconf 82' lang='grc' dir='ltr'>βουλῆς</span> <span class='ocrx_word' id='word_1_215' title='bbox 3234 1690 3489 1767; x_wconf 67' lang='grc' dir='ltr'>ἄγγελον·</span> <span class='ocrx_word' id='word_1_216' title='bbox 3566 1692 3834 1766; x_wconf 86' lang='grc' dir='ltr'>ὀνομάζε-</span> 
     </span>
    </p>
   </div>
   <div class='ocr_carea' id='block_1_31' title="bbox 420 1777 2076 1880">
    <p class='ocr_par' dir='ltr' id='par_1_31' title="bbox 420 1779 2071 1855">
     <span class='ocr_line' id='line_1_31' title="bbox 420 1779 2071 1855; baseline -0.004 -14"><span class='ocrx_word' id='word_1_217' title='bbox 420 1789 663 1841; x_wconf 88' lang='lat' dir='ltr'>vocatus</span> <span class='ocrx_word' id='word_1_218' title='bbox 710 1786 788 1840; x_wconf 89' lang='lat' dir='ltr'>sit</span> <span class='ocrx_word' id='word_1_219' title='bbox 835 1783 1099 1855; x_wconf 84' lang='lat' dir='ltr'>angelus,</span> <span class='ocrx_word' id='word_1_220' title='bbox 1133 1782 1273 1855; x_wconf 87' lang='lat' dir='ltr'>quia</span> <span class='ocrx_word' id='word_1_221' title='bbox 1322 1783 1511 1838; x_wconf 89' lang='lat' dir='ltr'>Patris</span> <span class='ocrx_word' id='word_1_222' title='bbox 1559 1781 1871 1838; x_wconf 88' lang='lat' dir='ltr'>consilium</span> <span class='ocrx_word' id='word_1_223' title='bbox 1903 1779 2071 1836; x_wconf 90' lang='lat' dir='ltr'>nobis</span> 
     </span>
    </p>
   </div>
   <div class='ocr_carea' id='block_1_32' title="bbox 2192 1777 3832 1880">
    <p class='ocr_par' dir='ltr' id='par_1_32' title="bbox 2192 1777 3832 1858">
     <span class='ocr_line' id='line_1_32' title="bbox 2192 1777 3832 1858; baseline 0.004 -26"><span class='ocrx_word' id='word_1_224' title='bbox 2192 1789 2298 1843; x_wconf 77' lang='grc' dir='ltr'>τθαι</span> <span class='ocrx_word' id='word_1_225' title='bbox 2346 1780 2407 1833; x_wconf 90' lang='grc' dir='ltr'>τὸ</span> <span class='ocrx_word' id='word_1_226' title='bbox 2459 1780 2714 1853; x_wconf 76' lang='grc' dir='ltr'>γεννηθέν</span> <span class='ocrx_word' id='word_1_227' title='bbox 2771 1777 2989 1835; x_wconf 75' lang='grc' dir='ltr'>παιδίον</span> <span class='ocrx_word' id='word_1_228' title='bbox 3042 1783 3111 1855; x_wconf 81' lang='grc' dir='ltr'>τῇ</span> <span class='ocrx_word' id='word_1_229' title='bbox 3169 1781 3324 1857; x_wconf 86' lang='grc' dir='ltr'>σαρκὶ</span> <span class='ocrx_word' id='word_1_230' title='bbox 3382 1780 3547 1837; x_wconf 79' lang='grc' dir='ltr'>αὐτοῦ</span> <span class='ocrx_word' id='word_1_231' title='bbox 3602 1783 3832 1858; x_wconf 90' lang='grc' dir='ltr'>πρέπειν</span> 
     </span>
    </p>
   </div>
   <div class='ocr_carea' id='block_1_33' title="bbox 421 1870 2072 1943">
    <p class='ocr_par' dir='ltr' id='par_1_33' title="bbox 421 1870 2072 1943">
     <span class='ocr_line' id='line_1_33' title="bbox 421 1870 2072 1943; baseline -0.002 -14"><span class='ocrx_word' id='word_1_232' title='bbox 421 1873 793 1930; x_wconf 83' lang='lat' dir='ltr'>annuntiavit</span> <span class='ocrx_word' id='word_1_233' title='bbox 823 1891 837 1928; x_wconf 92' lang='lat'><strong>:</strong></span> <span class='ocrx_word' id='word_1_234' title='bbox 871 1888 1108 1928; x_wconf 88' lang='lat' dir='ltr'>servans</span> <span class='ocrx_word' id='word_1_235' title='bbox 1138 1872 1295 1927; x_wconf 91' lang='lat' dir='ltr'>enim</span> <span class='ocrx_word' id='word_1_236' title='bbox 1328 1889 1436 1928; x_wconf 92' lang='lat' dir='ltr'>nos</span> <span class='ocrx_word' id='word_1_237' title='bbox 1465 1889 1567 1943; x_wconf 90' lang='lat' dir='ltr'>per</span> <span class='ocrx_word' id='word_1_238' title='bbox 1604 1870 1900 1943; x_wconf 85' lang='lat' dir='ltr'>propriam</span> <span class='ocrx_word' id='word_1_239' title='bbox 1932 1886 2072 1940; x_wconf 89' lang='lat' dir='ltr'>pas-</span> 
     </span>
    </p>
   </div>
   <div class='ocr_carea' id='block_1_34' title="bbox 419 1958 2071 2032">
    <p class='ocr_par' dir='ltr' id='par_1_34' title="bbox 419 1958 2071 2032">
     <span class='ocr_line' id='line_1_34' title="bbox 419 1958 2071 2032; baseline -0.002 -15"><span class='ocrx_word' id='word_1_240' title='bbox 419 1961 668 2030; x_wconf 88' lang='lat' dir='ltr'>sionem,</span> <span class='ocrx_word' id='word_1_241' title='bbox 730 1962 991 2017; x_wconf 91' lang='lat' dir='ltr'>ostendit</span> <span class='ocrx_word' id='word_1_242' title='bbox 1050 1965 1272 2016; x_wconf 87' lang='lat' dir='ltr'>Patrem</span> <span class='ocrx_word' id='word_1_243' title='bbox 1330 1961 1596 2032; x_wconf 86' lang='lat' dir='ltr'>ejusdem</span> <span class='ocrx_word' id='word_1_244' title='bbox 1652 1960 1829 2015; x_wconf 88' lang='lat' dir='ltr'>etiam</span> <span class='ocrx_word' id='word_1_245' title='bbox 1889 1958 2071 2014; x_wconf 78' lang='lat' dir='ltr'>fuisse</span> 
     </span>
    </p>
   </div>
   <div class='ocr_carea' id='block_1_35' title="bbox 419 2048 2073 2122">
    <p class='ocr_par' dir='ltr' id='par_1_35' title="bbox 419 2048 2073 2122">
     <span class='ocr_line' id='line_1_35' title="bbox 419 2048 2073 2122; baseline -0.004 -15"><span class='ocrx_word' id='word_1_246' title='bbox 419 2050 649 2107; x_wconf 89' lang='lat' dir='ltr'>consilii</span> <span class='ocrx_word' id='word_1_247' title='bbox 678 2071 692 2120; x_wconf 85' lang='lat'><strong>;</strong></span> <span class='ocrx_word' id='word_1_248' title='bbox 730 2066 921 2122; x_wconf 87' lang='lat' dir='ltr'>neque</span> <span class='ocrx_word' id='word_1_249' title='bbox 950 2049 1105 2105; x_wconf 91' lang='lat' dir='ltr'>enim</span> <span class='ocrx_word' id='word_1_250' title='bbox 1139 2054 1206 2104; x_wconf 88' lang='lat' dir='ltr'>ut</span> <span class='ocrx_word' id='word_1_251' title='bbox 1244 2048 1486 2105; x_wconf 89' lang='lat' dir='ltr'>inferior</span> <span class='ocrx_word' id='word_1_252' title='bbox 1515 2049 1683 2104; x_wconf 87' lang='lat' dir='ltr'>Patre</span> <span class='ocrx_word' id='word_1_253' title='bbox 1711 2052 1954 2104; x_wconf 88' lang='lat' dir='ltr'>vocatus</span> <span class='ocrx_word' id='word_1_254' title='bbox 1984 2050 2073 2101; x_wconf 88' lang='lat' dir='ltr'>est</span> 
     </span>
    </p>
   </div>
   <div class='ocr_carea' id='block_1_36' title="bbox 421 2138 2071 2212">
    <p class='ocr_par' dir='ltr' id='par_1_36' title="bbox 421 2138 2071 2212">
     <span class='ocr_line' id='line_1_36' title="bbox 421 2138 2071 2212; baseline -0.004 -16"><span class='ocrx_word' id='word_1_255' title='bbox 421 2139 668 2212; x_wconf 83' lang='lat' dir='ltr'>angelus</span> <span class='ocrx_word' id='word_1_256' title='bbox 700 2155 714 2194; x_wconf 90' lang='lat'>:</span> <span class='ocrx_word' id='word_1_257' title='bbox 749 2139 859 2195; x_wconf 92' lang='lat' dir='ltr'>hoc</span> <span class='ocrx_word' id='word_1_258' title='bbox 891 2143 981 2194; x_wconf 87' lang='lat' dir='ltr'>est</span> <span class='ocrx_word' id='word_1_259' title='bbox 1008 2142 1211 2194; x_wconf 90' lang='lat' dir='ltr'>contra</span> <span class='ocrx_word' id='word_1_260' title='bbox 1244 2138 1512 2194; x_wconf 79' lang='lat' dir='ltr'>Arianos.</span> <span class='ocrx_word' id='word_1_261' title='bbox 1545 2138 1729 2208; x_wconf 75' lang='lat' dir='ltr'>Caput</span> <span class='ocrx_word' id='word_1_262' title='bbox 1759 2138 1829 2191; x_wconf 88' lang='lat' dir='ltr'>de</span> <span class='ocrx_word' id='word_1_263' title='bbox 1863 2142 2071 2207; x_wconf 86' lang='lat' dir='ltr'>angelo</span> 
     </span>
    </p>
   </div>
   <div class='ocr_carea' id='block_1_37' title="bbox 421 2224 2071 2300">
    <p class='ocr_par' dir='ltr' id='par_1_37' title="bbox 421 2224 2071 2300">
     <span class='ocr_line' id='line_1_37' title="bbox 421 2224 2071 2300; baseline -0.004 -14"><span class='ocrx_word' id='word_1_264' title='bbox 421 2230 810 2286; x_wconf 85' lang='lat' dir='ltr'>conﬁrmante</span> <span class='ocrx_word' id='word_1_265' title='bbox 855 2246 967 2283; x_wconf 90' lang='lat' dir='ltr'>non</span> <span class='ocrx_word' id='word_1_266' title='bbox 1027 2229 1226 2299; x_wconf 87' lang='lat' dir='ltr'>capias</span> <span class='ocrx_word' id='word_1_267' title='bbox 1275 2232 1484 2300; x_wconf 85' lang='lat' dir='ltr'>prater</span> <span class='ocrx_word' id='word_1_268' title='bbox 1512 2231 1725 2283; x_wconf 89' lang='lat' dir='ltr'>sancta</span> <span class='ocrx_word' id='word_1_269' title='bbox 1764 2224 2071 2298; x_wconf 89' lang='lat' dir='ltr'>Scriptura</span> 
     </span>
    </p>
   </div>
   <div class='ocr_carea' id='block_1_38' title="bbox 420 2316 2073 2391">
    <p class='ocr_par' dir='ltr' id='par_1_38' title="bbox 420 2316 2073 2391">
     <span class='ocr_line' id='line_1_38' title="bbox 420 2316 2073 2391; baseline -0.004 -17"><span class='ocrx_word' id='word_1_270' title='bbox 420 2318 991 2391; x_wconf 87' lang='lat' dir='ltr'>interpretationem,</span> <span class='ocrx_word' id='word_1_271' title='bbox 1026 2317 1137 2373; x_wconf 89' lang='lat' dir='ltr'>hoc</span> <span class='ocrx_word' id='word_1_272' title='bbox 1169 2318 1323 2374; x_wconf 92' lang='lat' dir='ltr'>enim</span> <span class='ocrx_word' id='word_1_273' title='bbox 1360 2316 1600 2387; x_wconf 82' lang='lat' dir='ltr'>intelligi</span> <span class='ocrx_word' id='word_1_274' title='bbox 1641 2317 1833 2385; x_wconf 87' lang='lat' dir='ltr'>debet,</span> <span class='ocrx_word' id='word_1_275' title='bbox 1865 2331 2073 2371; x_wconf 87' lang='lat' dir='ltr'>secun-</span> 
     </span>
    </p>
   </div>
   <div class='ocr_carea' id='block_1_39' title="bbox 422 2401 2072 2474">
    <p class='ocr_par' dir='ltr' id='par_1_39' title="bbox 422 2401 2072 2474">
     <span class='ocr_line' id='line_1_39' title="bbox 422 2401 2072 2474; baseline -0.005 -11"><span class='ocrx_word' id='word_1_276' title='bbox 422 2408 564 2463; x_wconf 91' lang='lat' dir='ltr'>dum</span> <span class='ocrx_word' id='word_1_277' title='bbox 630 2422 913 2471; x_wconf 87' lang='lat' dir='ltr'>carnem;</span> <span class='ocrx_word' id='word_1_278' title='bbox 973 2421 1109 2462; x_wconf 86' lang='lat' dir='ltr'>nam</span> <span class='ocrx_word' id='word_1_279' title='bbox 1162 2409 1219 2460; x_wconf 93' lang='lat' dir='ltr'>et</span> <span class='ocrx_word' id='word_1_280' title='bbox 1278 2403 1416 2459; x_wconf 89' lang='lat' dir='ltr'>alibi</span> <span class='ocrx_word' id='word_1_281' title='bbox 1475 2403 1613 2458; x_wconf 83' lang='lat' dir='ltr'>dicit</span> <span class='ocrx_word' id='word_1_282' title='bbox 1668 2401 2072 2474; x_wconf 82' lang='lat' dir='ltr'>Evangelium,</span> 
     </span>
    </p>
   </div>
   <div class='ocr_carea' id='block_1_40' title="bbox 421 2492 2076 2566">
    <p class='ocr_par' dir='ltr' id='par_1_40' title="bbox 421 2492 2076 2566">
     <span class='ocr_line' id='line_1_40' title="bbox 421 2492 2076 2566; baseline -0.003 -15"><span class='ocrx_word' id='word_1_283' title='bbox 421 2498 554 2566; x_wconf 88' lang='lat' dir='ltr'>post</span> <span class='ocrx_word' id='word_1_284' title='bbox 598 2494 950 2550; x_wconf 89' lang='lat' dir='ltr'>tentationes</span> <span class='ocrx_word' id='word_1_285' title='bbox 983 2510 996 2549; x_wconf 86' lang='lat'><strong>:</strong></span> <span class='ocrx_word' id='word_1_286' title='bbox 1028 2493 1351 2550; x_wconf 65' lang='lat' dir='ltr'>Accedentas</span> <span class='ocrx_word' id='word_1_287' title='bbox 1380 2493 1565 2564; x_wconf 79' lang='lat' dir='ltr'>angeli</span> <span class='ocrx_word' id='word_1_288' title='bbox 1590 2492 1991 2547; x_wconf 75' lang='lat' dir='ltr'>ministrabant</span> <span class='ocrx_word' id='word_1_289' title='bbox 2020 2493 2076 2546; x_wconf 82' lang='lat' dir='ltr'>ei</span> 
     </span>
    </p>
   </div>
   <div class='ocr_carea' id='block_1_41' title="bbox 421 2580 2071 2657">
    <p class='ocr_par' dir='ltr' id='par_1_41' title="bbox 421 2580 2071 2657">
     <span class='ocr_line' id='line_1_41' title="bbox 421 2580 2071 2657; baseline -0.003 -18"><span class='ocrx_word' id='word_1_290' title='bbox 421 2584 523 2657; x_wconf 91' lang='lat' dir='ltr'>(n):</span> <span class='ocrx_word' id='word_1_291' title='bbox 545 2588 602 2640; x_wconf 93' lang='lat' dir='ltr'>et</span> <span class='ocrx_word' id='word_1_292' title='bbox 628 2585 782 2655; x_wconf 90' lang='lat' dir='ltr'>quod</span> <span class='ocrx_word' id='word_1_293' title='bbox 801 2586 1073 2653; x_wconf 81' lang='lat' dir='ltr'>fatigatus</span> <span class='ocrx_word' id='word_1_294' title='bbox 1094 2599 1167 2639; x_wconf 73' lang='lat' dir='ltr'>ea:</span> <span class='ocrx_word' id='word_1_295' title='bbox 1194 2584 1484 2653; x_wconf 83' lang='lat' dir='ltr'>itinere,et</span> <span class='ocrx_word' id='word_1_296' title='bbox 1505 2582 1659 2653; x_wconf 90' lang='lat' dir='ltr'>quod</span> <span class='ocrx_word' id='word_1_297' title='bbox 1681 2583 1935 2637; x_wconf 77' lang='lat' dir='ltr'>esurierit</span> <span class='ocrx_word' id='word_1_298' title='bbox 1964 2580 2071 2651; x_wconf 88' lang='lat'>(0):</span> 
     </span>
    </p>
   </div>
   <div class='ocr_carea' id='block_1_42' title="bbox 421 2671 2073 2742">
    <p class='ocr_par' dir='ltr' id='par_1_42' title="bbox 421 2671 2073 2742">
     <span class='ocr_line' id='line_1_42' title="bbox 421 2671 2073 2742; baseline -0.003 -12"><span class='ocrx_word' id='word_1_299' title='bbox 421 2674 544 2730; x_wconf 87' lang='lat' dir='ltr'>hac</span> <span class='ocrx_word' id='word_1_300' title='bbox 558 2673 713 2729; x_wconf 90' lang='lat' dir='ltr'>enim</span> <span class='ocrx_word' id='word_1_301' title='bbox 728 2672 925 2729; x_wconf 88' lang='lat' dir='ltr'>omnia</span> <span class='ocrx_word' id='word_1_302' title='bbox 947 2674 1411 2729; x_wconf 90' lang='lat' dir='ltr'>ostendunteum</span> <span class='ocrx_word' id='word_1_303' title='bbox 1433 2672 1751 2742; x_wconf 80' lang='lat' dir='ltr'>perfectum</span> <span class='ocrx_word' id='word_1_304' title='bbox 1774 2671 2073 2725; x_wconf 88' lang='lat' dir='ltr'>hominem</span> 
     </span>
    </p>
   </div>
   <div class='ocr_carea' id='block_1_43' title="bbox 421 2761 2077 2837">
    <p class='ocr_par' dir='ltr' id='par_1_43' title="bbox 421 2761 2077 2837">
     <span class='ocr_line' id='line_1_43' title="bbox 421 2761 2077 2837; baseline -0.004 -14"><span class='ocrx_word' id='word_1_305' title='bbox 421 2781 556 2823; x_wconf 85' lang='lat' dir='ltr'>cum</span> <span class='ocrx_word' id='word_1_306' title='bbox 598 2764 722 2821; x_wconf 89' lang='lat' dir='ltr'>suis</span> <span class='ocrx_word' id='word_1_307' title='bbox 780 2764 1159 2837; x_wconf 88' lang='lat' dir='ltr'>passionibus</span> <span class='ocrx_word' id='word_1_308' title='bbox 1221 2763 1640 2833; x_wconf 81' lang='lat' dir='ltr'>assumpsisse.</span> <span class='ocrx_word' id='word_1_309' title='bbox 1682 2762 1891 2818; x_wconf 92' lang='lat' dir='ltr'>Verum</span> <span class='ocrx_word' id='word_1_310' title='bbox 1921 2761 2077 2816; x_wconf 85' lang='lat' dir='ltr'>dicet</span> 
     </span>
    </p>
   </div>
   <div class='ocr_carea' id='block_1_44' title="bbox 423 2851 2077 2926">
    <p class='ocr_par' dir='ltr' id='par_1_44' title="bbox 423 2851 2077 2926">
     <span class='ocr_line' id='line_1_44' title="bbox 423 2851 2077 2926; baseline -0.003 -15"><span class='ocrx_word' id='word_1_311' title='bbox 423 2853 658 2926; x_wconf 87' lang='lat' dir='ltr'>aliquis,</span> <span class='ocrx_word' id='word_1_312' title='bbox 686 2854 784 2910; x_wconf 92' lang='lat' dir='ltr'>ubi</span> <span class='ocrx_word' id='word_1_313' title='bbox 816 2852 1131 2909; x_wconf 88' lang='lat' dir='ltr'>necessitas</span> <span class='ocrx_word' id='word_1_314' title='bbox 1153 2853 1262 2908; x_wconf 85' lang='lat' dir='ltr'>fuit</span> <span class='ocrx_word' id='word_1_315' title='bbox 1281 2851 1488 2923; x_wconf 90' lang='lat' dir='ltr'>angelo</span> <span class='ocrx_word' id='word_1_316' title='bbox 1519 2851 1734 2905; x_wconf 86' lang='lat' dir='ltr'>deitate</span> <span class='ocrx_word' id='word_1_317' title='bbox 1748 2856 2030 2923; x_wconf 87' lang='lat' dir='ltr'>prasente</span> <span class='ocrx_word' id='word_1_318' title='bbox 2054 2854 2077 2906; x_wconf 73' lang='grc' dir='ltr'><strong><em>Ρ</em></strong></span> 
     </span>
    </p>
   </div>
   <div class='ocr_carea' id='block_1_45' title="bbox 424 2938 2075 3015">
    <p class='ocr_par' dir='ltr' id='par_1_45' title="bbox 424 2938 2075 3015">
     <span class='ocr_line' id='line_1_45' title="bbox 424 2938 2075 3015; baseline -0.002 -16"><span class='ocrx_word' id='word_1_319' title='bbox 424 2943 691 2999; x_wconf 90' lang='lat' dir='ltr'>Dicimus</span> <span class='ocrx_word' id='word_1_320' title='bbox 742 2942 925 3015; x_wconf 89' lang='lat' dir='ltr'>igitur</span> <span class='ocrx_word' id='word_1_321' title='bbox 973 2941 1157 2996; x_wconf 89' lang='lat' dir='ltr'>Deum</span> <span class='ocrx_word' id='word_1_322' title='bbox 1208 2940 1469 3011; x_wconf 89' lang='lat' dir='ltr'>plurima</span> <span class='ocrx_word' id='word_1_323' title='bbox 1516 2957 1619 3013; x_wconf 92' lang='lat' dir='ltr'>per</span> <span class='ocrx_word' id='word_1_324' title='bbox 1668 2938 1906 3012; x_wconf 91' lang='lat' dir='ltr'>angelos</span> <span class='ocrx_word' id='word_1_325' title='bbox 1960 2940 2075 2995; x_wconf 91' lang='lat' dir='ltr'>mi-</span> 
     </span>
    </p>
   </div>
   <div class='ocr_carea' id='block_1_46' title="bbox 423 3028 2074 3103">
    <p class='ocr_par' dir='ltr' id='par_1_46' title="bbox 423 3028 2074 3103">
     <span class='ocr_line' id='line_1_46' title="bbox 423 3028 2074 3103; baseline -0.003 -15"><span class='ocrx_word' id='word_1_326' title='bbox 423 3030 626 3088; x_wconf 83' lang='lat' dir='ltr'>racula</span> <span class='ocrx_word' id='word_1_327' title='bbox 672 3031 945 3103; x_wconf 85' lang='lat' dir='ltr'>operari:</span> <span class='ocrx_word' id='word_1_328' title='bbox 990 3034 1165 3102; x_wconf 87' lang='lat' dir='ltr'>atque</span> <span class='ocrx_word' id='word_1_329' title='bbox 1212 3030 1317 3086; x_wconf 89' lang='lat' dir='ltr'>hoc</span> <span class='ocrx_word' id='word_1_330' title='bbox 1368 3029 1640 3086; x_wconf 91' lang='lat' dir='ltr'>universa</span> <span class='ocrx_word' id='word_1_331' title='bbox 1690 3028 1831 3085; x_wconf 89' lang='lat' dir='ltr'>dicit</span> <span class='ocrx_word' id='word_1_332' title='bbox 1880 3028 2074 3101; x_wconf 91' lang='lat' dir='ltr'>Scrip-</span> 
     </span>
    </p>
   </div>
   <div class='ocr_carea' id='block_1_47' title="bbox 421 3123 580 3176">
    <p class='ocr_par' dir='ltr' id='par_1_47' title="bbox 421 3123 580 3176">
     <span class='ocr_line' id='line_1_47' title="bbox 421 3123 580 3176; baseline 0.006 -1"><span class='ocrx_word' id='word_1_333' title='bbox 421 3123 580 3176; x_wconf 86' lang='lat' dir='ltr'>tura.</span> 
     </span>
    </p>
   </div>
   <div class='ocr_carea' id='block_1_48' title="bbox 504 3297 2074 3371">
    <p class='ocr_par' dir='ltr' id='par_1_48' title="bbox 504 3297 2074 3371">
     <span class='ocr_line' id='line_1_48' title="bbox 504 3297 2074 3371; baseline -0.001 -16"><span class='ocrx_word' id='word_1_334' title='bbox 504 3299 603 3355; x_wconf 72' lang='grc'>11)</span> <span class='ocrx_word' id='word_1_335' title='bbox 638 3301 1167 3370; x_wconf 72' lang='grc' dir='ltr'>Παηίίθείοιονίιιηι.</span> <span class='ocrx_word' id='word_1_336' title='bbox 1196 3300 1535 3356; x_wconf 83' lang='lat' dir='ltr'>Secundum</span> <span class='ocrx_word' id='word_1_337' title='bbox 1565 3297 1709 3354; x_wconf 88' lang='lat' dir='ltr'>illud</span> <span class='ocrx_word' id='word_1_338' title='bbox 1743 3297 1815 3353; x_wconf 90' lang='lat' dir='ltr'>ab</span> <span class='ocrx_word' id='word_1_339' title='bbox 1844 3298 1971 3371; x_wconf 91' lang='lat' dir='ltr'>ipso</span> <span class='ocrx_word' id='word_1_340' title='bbox 2001 3298 2074 3354; x_wconf 90' lang='lat' dir='ltr'>ad</span> 
     </span>
    </p>
   </div>
   <div class='ocr_carea' id='block_1_49' title="bbox 422 3389 2075 3461">
    <p class='ocr_par' dir='ltr' id='par_1_49' title="bbox 422 3389 2075 3461">
     <span class='ocr_line' id='line_1_49' title="bbox 422 3389 2075 3461; baseline 0.001 -19"><span class='ocrx_word' id='word_1_341' title='bbox 422 3393 649 3446; x_wconf 75' lang='lat' dir='ltr'>Patrem</span> <span class='ocrx_word' id='word_1_342' title='bbox 701 3389 920 3446; x_wconf 81' lang='lat' dir='ltr'>dictum</span> <span class='ocrx_word' id='word_1_343' title='bbox 957 3407 970 3446; x_wconf 89' lang='lat'><strong>:</strong></span> <span class='ocrx_word' id='word_1_344' title='bbox 1002 3390 1351 3461; x_wconf 79' lang='lat' dir='ltr'>Manifestavi</span> <span class='ocrx_word' id='word_1_345' title='bbox 1378 3404 1579 3445; x_wconf 83' lang='lat' dir='ltr'>nomen</span> <span class='ocrx_word' id='word_1_346' title='bbox 1626 3397 1786 3445; x_wconf 74' lang='lat' dir='ltr'>tuum</span> <span class='ocrx_word' id='word_1_347' title='bbox 1832 3389 2075 3445; x_wconf 82' lang='lat' dir='ltr'>homini-</span> 
     </span>
    </p>
   </div>
   <div class='ocr_carea' id='block_1_50' title="bbox 422 3477 647 3551">
    <p class='ocr_par' dir='ltr' id='par_1_50' title="bbox 422 3477 647 3551">
     <span class='ocr_line' id='line_1_50' title="bbox 422 3477 647 3551; baseline -0.004 -17"><span class='ocrx_word' id='word_1_348' title='bbox 422 3478 520 3534; x_wconf 86' lang='lat' dir='ltr'>bus</span> <span class='ocrx_word' id='word_1_349' title='bbox 550 3477 647 3551; x_wconf 89' lang='lat' dir='ltr'>(p).</span> 
     </span>
    </p>
   </div>
   <div class='ocr_carea' id='block_1_51' title="bbox 1066 3567 1433 3624">
    <p class='ocr_par' dir='ltr' id='par_1_51' title="bbox 1066 3567 1433 3624">
     <span class='ocr_line' id='line_1_51' title="bbox 1066 3567 1433 3624; baseline -0.005 -1"><span class='ocrx_word' id='word_1_350' title='bbox 1066 3567 1139 3623; x_wconf 93' lang='lat' dir='ltr'><strong>IN</strong></span> <span class='ocrx_word' id='word_1_351' title='bbox 1178 3568 1332 3624; x_wconf 83' lang='lat' dir='ltr'>CAP.</span> <span class='ocrx_word' id='word_1_352' title='bbox 1366 3567 1433 3621; x_wconf 90' lang='lat' dir='ltr'>V.</span> 
     </span>
    </p>
   </div>
   <div class='ocr_carea' id='block_1_52' title="bbox 494 3655 2077 3727">
    <p class='ocr_par' dir='ltr' id='par_1_52' title="bbox 494 3655 2077 3727">
     <span class='ocr_line' id='line_1_52' title="bbox 494 3655 2077 3727; baseline 0.001 -15"><span class='ocrx_word' id='word_1_353' title='bbox 494 3657 741 3713; x_wconf 69' lang='lat' dir='ltr'>Caicus:</span> <span class='ocrx_word' id='word_1_354' title='bbox 786 3658 1073 3712; x_wconf 80' lang='lat' dir='ltr'>essentias.</span> <span class='ocrx_word' id='word_1_355' title='bbox 1107 3655 1223 3711; x_wconf 87' lang='lat' dir='ltr'>Cur</span> <span class='ocrx_word' id='word_1_356' title='bbox 1278 3672 1471 3727; x_wconf 89' lang='lat' dir='ltr'>porro,</span> <span class='ocrx_word' id='word_1_357' title='bbox 1536 3655 1789 3711; x_wconf 86' lang='lat' dir='ltr'>Ecclesia</span> <span class='ocrx_word' id='word_1_358' title='bbox 1848 3656 2077 3713; x_wconf 90' lang='lat' dir='ltr'>dicente</span> 
     </span>
    </p>
   </div>
   <div class='ocr_carea' id='block_1_53' title="bbox 424 3746 2073 3816">
    <p class='ocr_par' dir='ltr' id='par_1_53' title="bbox 424 3746 2073 3816">
     <span class='ocr_line' id='line_1_53' title="bbox 424 3746 2073 3816; baseline -0.001 -14"><span class='ocrx_word' id='word_1_359' title='bbox 424 3746 729 3802; x_wconf 88' lang='lat' dir='ltr'>universos</span> <span class='ocrx_word' id='word_1_360' title='bbox 788 3750 1025 3801; x_wconf 86' lang='lat' dir='ltr'>sanctos</span> <span class='ocrx_word' id='word_1_361' title='bbox 1086 3748 1331 3816; x_wconf 86' lang='lat' dir='ltr'>angelos,</span> <span class='ocrx_word' id='word_1_362' title='bbox 1366 3750 1543 3800; x_wconf 87' lang='lat' dir='ltr'>untus</span> <span class='ocrx_word' id='word_1_363' title='bbox 1600 3762 1731 3801; x_wconf 89' lang='lat' dir='ltr'>esse</span> <span class='ocrx_word' id='word_1_364' title='bbox 1787 3747 2073 3812; x_wconf 89' lang='lat' dir='ltr'>essentia,</span> 
     </span>
    </p>
   </div>
   <div class='ocr_carea' id='block_1_54' title="bbox 425 3834 2076 3908">
    <p class='ocr_par' dir='ltr' id='par_1_54' title="bbox 425 3834 2076 3908">
     <span class='ocr_line' id='line_1_54' title="bbox 425 3834 2076 3908; baseline -0.002 -15"><span class='ocrx_word' id='word_1_365' title='bbox 425 3835 658 3893; x_wconf 85' lang='lat' dir='ltr'>divinus</span> <span class='ocrx_word' id='word_1_366' title='bbox 687 3835 1006 3908; x_wconf 77' lang='lat' dir='ltr'>Dionysius</span> <span class='ocrx_word' id='word_1_367' title='bbox 1056 3834 1275 3890; x_wconf 86' lang='lat' dir='ltr'>multas</span> <span class='ocrx_word' id='word_1_368' title='bbox 1326 3834 1593 3890; x_wconf 90' lang='lat' dir='ltr'>nominat</span> <span class='ocrx_word' id='word_1_369' title='bbox 1638 3835 1926 3891; x_wconf 87' lang='lat' dir='ltr'>virtutes?</span> <span class='ocrx_word' id='word_1_370' title='bbox 1956 3840 2076 3889; x_wconf 87' lang='lat' dir='ltr'>Ma-</span> 
     </span>
    </p>
   </div>
   <div class='ocr_carea' id='block_1_55' title="bbox 424 3922 2077 3999">
    <p class='ocr_par' dir='ltr' id='par_1_55' title="bbox 424 3922 2077 3999">
     <span class='ocr_line' id='line_1_55' title="bbox 424 3922 2077 3999; baseline 0.001 -18"><span class='ocrx_word' id='word_1_371' title='bbox 424 3941 579 3999; x_wconf 90' lang='lat' dir='ltr'>gnus</span> <span class='ocrx_word' id='word_1_372' title='bbox 607 3924 945 3995; x_wconf 76' lang='lat' dir='ltr'>Dionysius,</span> <span class='ocrx_word' id='word_1_373' title='bbox 975 3922 1337 3980; x_wconf 83' lang='lat' dir='ltr'>Alexandria</span> <span class='ocrx_word' id='word_1_374' title='bbox 1369 3924 1701 3997; x_wconf 78' lang='lat' dir='ltr'>episcopus,</span> <span class='ocrx_word' id='word_1_375' title='bbox 1733 3928 1931 3982; x_wconf 88' lang='lat' dir='ltr'>orator</span> <span class='ocrx_word' id='word_1_376' title='bbox 1958 3924 2077 3993; x_wconf 85' lang='lat' dir='ltr'>ille,</span> 
     </span>
    </p>
   </div>
   <div class='ocr_carea' id='block_1_56' title="bbox 424 4013 2078 4087">
    <p class='ocr_par' dir='ltr' id='par_1_56' title="bbox 424 4013 2078 4087">
     <span class='ocr_line' id='line_1_56' title="bbox 424 4013 2078 4087; baseline 0 -16"><span class='ocrx_word' id='word_1_377' title='bbox 424 4016 486 4071; x_wconf 94' lang='lat' dir='ltr'>in</span> <span class='ocrx_word' id='word_1_378' title='bbox 518 4015 958 4072; x_wconf 85' lang='lat' dir='ltr'>commentariis</span> <span class='ocrx_word' id='word_1_379' title='bbox 1005 4014 1131 4070; x_wconf 90' lang='lat' dir='ltr'>suis</span> <span class='ocrx_word' id='word_1_380' title='bbox 1163 4030 1310 4087; x_wconf 91' lang='lat' dir='ltr'>quos</span> <span class='ocrx_word' id='word_1_381' title='bbox 1359 4013 1419 4068; x_wconf 91' lang='lat' dir='ltr'>in</span> <span class='ocrx_word' id='word_1_382' title='bbox 1469 4014 1704 4070; x_wconf 89' lang='lat' dir='ltr'>beatum</span> <span class='ocrx_word' id='word_1_383' title='bbox 1735 4014 2078 4087; x_wconf 86' lang='lat' dir='ltr'>Dionysium</span> 
     </span>
    </p>
   </div>
   <div class='ocr_carea' id='block_1_57' title="bbox 428 4102 2080 4177">
    <p class='ocr_par' dir='ltr' id='par_1_57' title="bbox 428 4102 2080 4177">
     <span class='ocr_line' id='line_1_57' title="bbox 428 4102 2080 4177; baseline -0.001 -16"><span class='ocrx_word' id='word_1_384' title='bbox 428 4104 543 4161; x_wconf 88' lang='lat' dir='ltr'>sibi</span> <span class='ocrx_word' id='word_1_385' title='bbox 591 4104 1025 4176; x_wconf 89' lang='lat' dir='ltr'>cognominem,</span> <span class='ocrx_word' id='word_1_386' title='bbox 1075 4104 1233 4175; x_wconf 81' lang='lat' dir='ltr'>fecit,</span> <span class='ocrx_word' id='word_1_387' title='bbox 1264 4102 1347 4160; x_wconf 91' lang='lat' dir='ltr'>ita</span> <span class='ocrx_word' id='word_1_388' title='bbox 1395 4103 1583 4159; x_wconf 91' lang='lat' dir='ltr'>dicit:</span> <span class='ocrx_word' id='word_1_389' title='bbox 1617 4105 1781 4169; x_wconf 87' lang='lat' dir='ltr'>Quod</span> <span class='ocrx_word' id='word_1_390' title='bbox 1834 4105 2080 4177; x_wconf 79' lang='lat' dir='ltr'>profana</span> 
     </span>
    </p>
   </div>
   <div class='ocr_carea' id='block_1_58' title="bbox 427 4191 2081 4268">
    <p class='ocr_par' dir='ltr' id='par_1_58' title="bbox 427 4191 2081 4268">
     <span class='ocr_line' id='line_1_58' title="bbox 427 4191 2081 4268; baseline -0.001 -17"><span class='ocrx_word' id='word_1_391' title='bbox 427 4194 720 4267; x_wconf 88' lang='lat' dir='ltr'>sapientia</span> <span class='ocrx_word' id='word_1_392' title='bbox 751 4210 856 4266; x_wconf 94' lang='lat' dir='ltr'>pro</span> <span class='ocrx_word' id='word_1_393' title='bbox 889 4210 1050 4250; x_wconf 91' lang='lat' dir='ltr'>more</span> <span class='ocrx_word' id='word_1_394' title='bbox 1081 4194 1294 4249; x_wconf 90' lang='lat' dir='ltr'>habeat</span> <span class='ocrx_word' id='word_1_395' title='bbox 1344 4192 1642 4266; x_wconf 78' lang='lat' dir='ltr'>appellare</span> <span class='ocrx_word' id='word_1_396' title='bbox 1674 4191 1961 4268; x_wconf 73' lang='grc' dir='ltr'>ἀγέννητον</span> <span class='ocrx_word' id='word_1_397' title='bbox 1994 4194 2081 4250; x_wconf 89' lang='lat' dir='ltr'>in-</span> 
     </span>
    </p>
   </div>
   <div class='ocr_carea' id='block_1_59' title="bbox 426 4282 2082 4354">
    <p class='ocr_par' dir='ltr' id='par_1_59' title="bbox 426 4282 2082 4354">
     <span class='ocr_line' id='line_1_59' title="bbox 426 4282 2082 4354; baseline -0.001 -14"><span class='ocrx_word' id='word_1_398' title='bbox 426 4288 714 4349; x_wconf 87' lang='lat' dir='ltr'>creatum,</span> <span class='ocrx_word' id='word_1_399' title='bbox 748 4284 1082 4339; x_wconf 90' lang='lat' dir='ltr'>universam</span> <span class='ocrx_word' id='word_1_400' title='bbox 1113 4282 1471 4338; x_wconf 89' lang='lat' dir='ltr'>invisibilem</span> <span class='ocrx_word' id='word_1_401' title='bbox 1505 4283 2082 4354; x_wconf 89' lang='lat' dir='ltr'>naturam,similiter</span> 
     </span>
    </p>
   </div>
   <div class='ocr_carea' id='block_1_60' title="bbox 430 4372 2080 4443">
    <p class='ocr_par' dir='ltr' id='par_1_60' title="bbox 430 4372 2080 4443">
     <span class='ocr_line' id='line_1_60' title="bbox 430 4372 2080 4443; baseline -0.001 -13"><span class='ocrx_word' id='word_1_402' title='bbox 430 4378 489 4430; x_wconf 88' lang='lat' dir='ltr'>et</span> <span class='ocrx_word' id='word_1_403' title='bbox 516 4374 804 4429; x_wconf 89' lang='lat' dir='ltr'>essentias</span> <span class='ocrx_word' id='word_1_404' title='bbox 834 4372 1278 4440; x_wconf 85' lang='lat' dir='ltr'>subsistentias,</span> <span class='ocrx_word' id='word_1_405' title='bbox 1309 4378 1486 4443; x_wconf 90' lang='lat' dir='ltr'>atque</span> <span class='ocrx_word' id='word_1_406' title='bbox 1514 4389 1583 4427; x_wconf 83' lang='lat' dir='ltr'>ex</span> <span class='ocrx_word' id='word_1_407' title='bbox 1612 4372 1721 4428; x_wconf 90' lang='lat' dir='ltr'>hoc</span> <span class='ocrx_word' id='word_1_408' title='bbox 1770 4372 1931 4439; x_wconf 85' lang='lat' dir='ltr'>dicit,</span> <span class='ocrx_word' id='word_1_409' title='bbox 1972 4373 2080 4428; x_wconf 90' lang='lat' dir='ltr'>has</span> 
     </span>
    </p>
   </div>
   <div class='ocr_carea' id='block_1_61' title="bbox 429 4460 2080 4535">
    <p class='ocr_par' dir='ltr' id='par_1_61' title="bbox 429 4460 2080 4535">
     <span class='ocr_line' id='line_1_61' title="bbox 429 4460 2080 4535; baseline 0.002 -19"><span class='ocrx_word' id='word_1_410' title='bbox 429 4478 599 4518; x_wconf 89' lang='lat' dir='ltr'>voces</span> <span class='ocrx_word' id='word_1_411' title='bbox 647 4478 716 4518; x_wconf 84' lang='lat' dir='ltr'>ex</span> <span class='ocrx_word' id='word_1_412' title='bbox 766 4479 928 4518; x_wconf 91' lang='lat' dir='ltr'>more</span> <span class='ocrx_word' id='word_1_413' title='bbox 978 4462 1357 4533; x_wconf 87' lang='lat' dir='ltr'>profanorum</span> <span class='ocrx_word' id='word_1_414' title='bbox 1416 4460 1770 4535; x_wconf 91' lang='lat' dir='ltr'>scriptorum</span> <span class='ocrx_word' id='word_1_415' title='bbox 1813 4479 1847 4516; x_wconf 91' lang='lat' dir='ltr'>a</span> <span class='ocrx_word' id='word_1_416' title='bbox 1875 4468 2080 4520; x_wconf 87' lang='lat' dir='ltr'>saneto</span> 
     </span>
    </p>
   </div>
   <div class='ocr_carea' id='block_1_62' title="bbox 430 4550 1382 4624">
    <p class='ocr_par' dir='ltr' id='par_1_62' title="bbox 430 4550 1382 4624">
     <span class='ocr_line' id='line_1_62' title="bbox 430 4550 1382 4624; baseline -0.001 -16"><span class='ocrx_word' id='word_1_417' title='bbox 430 4550 709 4624; x_wconf 81' lang='lat' dir='ltr'>Dionysio</span> <span class='ocrx_word' id='word_1_418' title='bbox 742 4551 985 4607; x_wconf 88' lang='lat' dir='ltr'>abusive</span> <span class='ocrx_word' id='word_1_419' title='bbox 1015 4552 1201 4607; x_wconf 87' lang='lat' dir='ltr'>dictas</span> <span class='ocrx_word' id='word_1_420' title='bbox 1232 4567 1382 4607; x_wconf 90' lang='lat' dir='ltr'>esse.</span> 
     </span>
    </p>
   </div>
   <div class='ocr_carea' id='block_1_63' title="bbox 500 4638 2079 4717">
    <p class='ocr_par' dir='ltr' id='par_1_63' title="bbox 500 4638 2079 4717">
     <span class='ocr_line' id='line_1_63' title="bbox 500 4638 2079 4717; baseline 0 -21"><span class='ocrx_word' id='word_1_421' title='bbox 500 4640 1019 4711; x_wconf 76' lang='lat' dir='ltr'>Mani/estationem,</span> <span class='ocrx_word' id='word_1_422' title='bbox 1066 4644 1162 4695; x_wconf 88' lang='lat' dir='ltr'>Gr.</span> <span class='ocrx_word' id='word_1_423' title='bbox 1214 4638 1622 4717; x_wconf 80' lang='grc' dir='ltr'>Ἐκφαντορίαν,</span> <span class='ocrx_word' id='word_1_424' title='bbox 1656 4639 1713 4696; x_wconf 90' lang='lat' dir='ltr'>id</span> <span class='ocrx_word' id='word_1_425' title='bbox 1756 4643 1847 4696; x_wconf 91' lang='lat' dir='ltr'>est</span> <span class='ocrx_word' id='word_1_426' title='bbox 1892 4639 2079 4697; x_wconf 89' lang='lat' dir='ltr'>eluci-</span> 
     </span>
    </p>
   </div>
   <div class='ocr_carea' id='block_1_64' title="bbox 427 4729 1369 4787">
    <p class='ocr_par' dir='ltr' id='par_1_64' title="bbox 427 4729 1369 4787">
     <span class='ocr_line' id='line_1_64' title="bbox 427 4729 1369 4787; baseline -0.002 -1"><span class='ocrx_word' id='word_1_427' title='bbox 427 4729 723 4787; x_wconf 90' lang='lat' dir='ltr'>dationem</span> <span class='ocrx_word' id='word_1_428' title='bbox 757 4747 856 4786; x_wconf 89' lang='lat' dir='ltr'>seu</span> <span class='ocrx_word' id='word_1_429' title='bbox 890 4729 1369 4786; x_wconf 89' lang='lat' dir='ltr'>declarationem.</span> 
     </span>
    </p>
   </div>
   <div class='ocr_carea' id='block_1_65' title="bbox 498 4818 2077 4893">
    <p class='ocr_par' dir='ltr' id='par_1_65' title="bbox 498 4818 2077 4893">
     <span class='ocr_line' id='line_1_65' title="bbox 498 4818 2077 4893; baseline 0.001 -18"><span class='ocrx_word' id='word_1_430' title='bbox 498 4820 811 4893; x_wconf 80' lang='lat' dir='ltr'>Appellant.</span> <span class='ocrx_word' id='word_1_431' title='bbox 862 4823 1234 4876; x_wconf 88' lang='lat' dir='ltr'>Postremum</span> <span class='ocrx_word' id='word_1_432' title='bbox 1290 4818 1557 4875; x_wconf 90' lang='lat' dir='ltr'>ordinem</span> <span class='ocrx_word' id='word_1_433' title='bbox 1618 4818 2077 4892; x_wconf 89' lang='lat' dir='ltr'>intelligibilium</span> 
     </span>
    </p>
   </div>
   <div class='ocr_carea' id='block_1_66' title="bbox 429 4908 2081 4982">
    <p class='ocr_par' dir='ltr' id='par_1_66' title="bbox 429 4908 2081 4982">
     <span class='ocr_line' id='line_1_66' title="bbox 429 4908 2081 4982; baseline 0 -17"><span class='ocrx_word' id='word_1_434' title='bbox 429 4908 591 4977; x_wconf 88' lang='lat' dir='ltr'>dicit,</span> <span class='ocrx_word' id='word_1_435' title='bbox 645 4910 936 4969; x_wconf 87' lang='lat' dir='ltr'>nominari</span> <span class='ocrx_word' id='word_1_436' title='bbox 985 4911 1221 4982; x_wconf 89' lang='lat' dir='ltr'>proprie</span> <span class='ocrx_word' id='word_1_437' title='bbox 1272 4908 1518 4981; x_wconf 81' lang='lat' dir='ltr'>angelos,</span> <span class='ocrx_word' id='word_1_438' title='bbox 1569 4908 1903 4981; x_wconf 89' lang='lat' dir='ltr'>superiores</span> <span class='ocrx_word' id='word_1_439' title='bbox 1947 4926 2081 4966; x_wconf 89' lang='lat' dir='ltr'>vero</span> 
     </span>
    </p>
   </div>
   <div class='ocr_carea' id='block_1_67' title="bbox 428 4997 2083 5073">
    <p class='ocr_par' dir='ltr' id='par_1_67' title="bbox 428 4997 2083 5073">
     <span class='ocr_line' id='line_1_67' title="bbox 428 4997 2083 5073; baseline 0 -18"><span class='ocrx_word' id='word_1_440' title='bbox 428 4997 636 5067; x_wconf 89' lang='lat' dir='ltr'>aliter;</span> <span class='ocrx_word' id='word_1_441' title='bbox 661 5017 912 5073; x_wconf 83' lang='lat' dir='ltr'>quorum</span> <span class='ocrx_word' id='word_1_442' title='bbox 934 5000 1168 5072; x_wconf 90' lang='lat' dir='ltr'>aliquos</span> <span class='ocrx_word' id='word_1_443' title='bbox 1186 4999 1363 5055; x_wconf 90' lang='lat' dir='ltr'>etiam</span> <span class='ocrx_word' id='word_1_444' title='bbox 1397 4998 1692 5066; x_wconf 90' lang='lat' dir='ltr'>nominat;</span> <span class='ocrx_word' id='word_1_445' title='bbox 1724 4998 1783 5054; x_wconf 90' lang='lat' dir='ltr'>in</span> <span class='ocrx_word' id='word_1_446' title='bbox 1815 5000 2083 5071; x_wconf 91' lang='lat' dir='ltr'>sequenti</span> 
     </span>
    </p>
   </div>
   <div class='ocr_carea' id='block_1_68' title="bbox 426 5087 2081 5162">
    <p class='ocr_par' dir='ltr' id='par_1_68' title="bbox 426 5087 2081 5162">
     <span class='ocr_line' id='line_1_68' title="bbox 426 5087 2081 5162; baseline 0 -17"><span class='ocrx_word' id='word_1_447' title='bbox 426 5104 601 5162; x_wconf 90' lang='lat' dir='ltr'>porro</span> <span class='ocrx_word' id='word_1_448' title='bbox 648 5091 859 5161; x_wconf 82' lang='lat' dir='ltr'>capite,</span> <span class='ocrx_word' id='word_1_449' title='bbox 912 5091 1187 5146; x_wconf 88' lang='lat' dir='ltr'>ordinum</span> <span class='ocrx_word' id='word_1_450' title='bbox 1239 5104 1445 5145; x_wconf 90' lang='lat' dir='ltr'>novem</span> <span class='ocrx_word' id='word_1_451' title='bbox 1500 5087 1745 5160; x_wconf 84' lang='lat' dir='ltr'>mystice</span> <span class='ocrx_word' id='word_1_452' title='bbox 1792 5090 2081 5157; x_wconf 87' lang='lat' dir='ltr'>meminit,</span> 
     </span>
    </p>
   </div>
   <div class='ocr_carea' id='block_1_69' title="bbox 430 5176 2086 5249">
    <p class='ocr_par' dir='ltr' id='par_1_69' title="bbox 430 5176 2086 5249">
     <span class='ocr_line' id='line_1_69' title="bbox 430 5176 2086 5249; baseline -0.001 -15"><span class='ocrx_word' id='word_1_453' title='bbox 430 5194 585 5234; x_wconf 91' lang='lat' dir='ltr'>nunc</span> <span class='ocrx_word' id='word_1_454' title='bbox 619 5183 816 5233; x_wconf 90' lang='lat' dir='ltr'>autem</span> <span class='ocrx_word' id='word_1_455' title='bbox 850 5180 1097 5249; x_wconf 85' lang='lat' dir='ltr'>perfecte</span> <span class='ocrx_word' id='word_1_456' title='bbox 1129 5178 1291 5243; x_wconf 84' lang='lat' dir='ltr'>dicit,</span> <span class='ocrx_word' id='word_1_457' title='bbox 1315 5176 1650 5248; x_wconf 90' lang='lat' dir='ltr'>superiores</span> <span class='ocrx_word' id='word_1_458' title='bbox 1672 5177 1906 5233; x_wconf 91' lang='lat' dir='ltr'>ordines</span> <span class='ocrx_word' id='word_1_459' title='bbox 1937 5178 2086 5234; x_wconf 90' lang='lat' dir='ltr'>scire</span> 
     </span>
    </p>
   </div>
   <div class='ocr_carea' id='block_1_70' title="bbox 429 5264 2083 5339">
    <p class='ocr_par' dir='ltr' id='par_1_70' title="bbox 429 5264 2083 5339">
     <span class='ocr_line' id='line_1_70' title="bbox 429 5264 2083 5339; baseline 0.001 -17"><span class='ocrx_word' id='word_1_460' title='bbox 429 5267 631 5323; x_wconf 88' lang='lat' dir='ltr'>omnia</span> <span class='ocrx_word' id='word_1_461' title='bbox 663 5282 793 5339; x_wconf 85' lang='lat' dir='ltr'>qua</span> <span class='ocrx_word' id='word_1_462' title='bbox 839 5266 1146 5323; x_wconf 87' lang='lat' dir='ltr'>inferiores</span> <span class='ocrx_word' id='word_1_463' title='bbox 1194 5264 1583 5321; x_wconf 87' lang='lat' dir='ltr'>illustrations</span> <span class='ocrx_word' id='word_1_464' title='bbox 1636 5265 1951 5336; x_wconf 88' lang='lat' dir='ltr'>docentur;</span> <span class='ocrx_word' id='word_1_465' title='bbox 1988 5283 2083 5323; x_wconf 91' lang='lat' dir='ltr'>co-</span> 
     </span>
    </p>
   </div>
   <div class='ocr_carea' id='block_1_71' title="bbox 503 5410 1056 5482">
    <p class='ocr_par' dir='ltr' id='par_1_71' title="bbox 503 5410 1056 5482">
     <span class='ocr_line' id='line_1_71' title="bbox 503 5410 1056 5482; baseline 0 -16"><span class='ocrx_word' id='word_1_466' title='bbox 503 5410 587 5482; x_wconf 85' lang='lat' dir='ltr'>(n)</span> <span class='ocrx_word' id='word_1_467' title='bbox 618 5410 823 5468; x_wconf 81' lang='lat' dir='ltr'>Matth.</span> <span class='ocrx_word' id='word_1_468' title='bbox 856 5427 932 5480; x_wconf 84' lang='grc' dir='ltr'>ιν,</span> <span class='ocrx_word' id='word_1_469' title='bbox 969 5415 1056 5466; x_wconf 87' lang='grc'><strong>11.</strong></span> 
     </span>
    </p>
   </div>
   <div class='ocr_carea' id='block_1_72' title="bbox 2180 1865 3835 1948">
    <p class='ocr_par' dir='ltr' id='par_1_72' title="bbox 2180 1865 3835 1948">
     <span class='ocr_line' id='line_1_72' title="bbox 2180 1865 3835 1948; baseline 0.002 -26"><span class='ocrx_word' id='word_1_470' title='bbox 2180 1869 2335 1946; x_wconf 80' lang='grc' dir='ltr'>φησὶ,</span> <span class='ocrx_word' id='word_1_471' title='bbox 2384 1867 2475 1923; x_wconf 84' lang='grc' dir='ltr'>καὶ</span> <span class='ocrx_word' id='word_1_472' title='bbox 2516 1865 2607 1924; x_wconf 80' lang='grc' dir='ltr'>διὰ</span> <span class='ocrx_word' id='word_1_473' title='bbox 2634 1870 2684 1923; x_wconf 90' lang='grc' dir='ltr'>τί</span> <span class='ocrx_word' id='word_1_474' title='bbox 2717 1867 2925 1941; x_wconf 79' lang='grc' dir='ltr'>ἐκλήθη</span> <span class='ocrx_word' id='word_1_475' title='bbox 2956 1866 3207 1946; x_wconf 76' lang='grc' dir='ltr'>ἅγγελος,</span> <span class='ocrx_word' id='word_1_476' title='bbox 3242 1870 3324 1926; x_wconf 75' lang='grc' dir='ltr'>ὅτι</span> <span class='ocrx_word' id='word_1_477' title='bbox 3355 1871 3453 1941; x_wconf 81' lang='grc' dir='ltr'>τὴν</span> <span class='ocrx_word' id='word_1_478' title='bbox 3485 1875 3582 1926; x_wconf 78' lang='grc' dir='ltr'>τοῦ</span> <span class='ocrx_word' id='word_1_479' title='bbox 3612 1872 3835 1948; x_wconf 85' lang='grc' dir='ltr'>Πατρὸς</span> 
     </span>
    </p>
   </div>
   <div class='ocr_carea' id='block_1_73' title="bbox 2184 1954 3831 2036">
    <p class='ocr_par' dir='ltr' id='par_1_73' title="bbox 2184 1954 3831 2036">
     <span class='ocr_line' id='line_1_73' title="bbox 2184 1954 3831 2036; baseline 0.002 -24"><span class='ocrx_word' id='word_1_480' title='bbox 2184 1957 2391 2033; x_wconf 76' lang='grc' dir='ltr'>βουλὴν</span> <span class='ocrx_word' id='word_1_481' title='bbox 2450 1954 2775 2033; x_wconf 82' lang='grc' dir='ltr'>ἀνήγγειλεν</span> <span class='ocrx_word' id='word_1_482' title='bbox 2831 1961 2990 2032; x_wconf 83' lang='grc' dir='ltr'>ἡμῖν·</span> <span class='ocrx_word' id='word_1_483' title='bbox 3038 1960 3216 2022; x_wconf 86' lang='grc' dir='ltr'>σώσας</span> <span class='ocrx_word' id='word_1_484' title='bbox 3266 1961 3367 2036; x_wconf 79' lang='grc' dir='ltr'>γὰρ</span> <span class='ocrx_word' id='word_1_485' title='bbox 3399 1961 3549 2034; x_wconf 76' lang='grc' dir='ltr'>ἡμᾶς</span> <span class='ocrx_word' id='word_1_486' title='bbox 3583 1956 3675 2015; x_wconf 72' lang='grc' dir='ltr'>διὰ</span> <span class='ocrx_word' id='word_1_487' title='bbox 3726 1962 3831 2015; x_wconf 74' lang='grc' dir='ltr'>τοῦ</span> 
     </span>
    </p>
   </div>
   <div class='ocr_carea' id='block_1_74' title="bbox 2180 2043 3834 2125">
    <p class='ocr_par' dir='ltr' id='par_1_74' title="bbox 2180 2043 3834 2125">
     <span class='ocr_line' id='line_1_74' title="bbox 2180 2043 3834 2125; baseline 0.001 -24"><span class='ocrx_word' id='word_1_488' title='bbox 2180 2046 2387 2102; x_wconf 78' lang='grc' dir='ltr'>οἰκείου</span> <span class='ocrx_word' id='word_1_489' title='bbox 2427 2048 2652 2117; x_wconf 82' lang='grc' dir='ltr'>πάθους,</span> <span class='ocrx_word' id='word_1_490' title='bbox 2703 2043 2919 2120; x_wconf 72' lang='grc' dir='ltr'>ἔδειξεν,</span> <span class='ocrx_word' id='word_1_491' title='bbox 2964 2046 3046 2103; x_wconf 81' lang='grc' dir='ltr'>ὅτι</span> <span class='ocrx_word' id='word_1_492' title='bbox 3091 2048 3179 2103; x_wconf 86' lang='grc' dir='ltr'>καὶ</span> <span class='ocrx_word' id='word_1_493' title='bbox 3230 2050 3258 2103; x_wconf 91' lang='grc' dir='ltr'>ὁ</span> <span class='ocrx_word' id='word_1_494' title='bbox 3307 2051 3494 2125; x_wconf 83' lang='grc' dir='ltr'>Πατὴρ</span> <span class='ocrx_word' id='word_1_495' title='bbox 3532 2048 3736 2119; x_wconf 81' lang='grc' dir='ltr'>ταύτης</span> <span class='ocrx_word' id='word_1_496' title='bbox 3762 2050 3834 2119; x_wconf 83' lang='grc' dir='ltr'>ἦν</span> 
     </span>
    </p>
   </div>
   <div class='ocr_carea' id='block_1_75' title="bbox 2179 2132 3833 2213">
    <p class='ocr_par' dir='ltr' id='par_1_75' title="bbox 2179 2132 3833 2213">
     <span class='ocr_line' id='line_1_75' title="bbox 2179 2132 3833 2213; baseline 0.001 -22"><span class='ocrx_word' id='word_1_497' title='bbox 2179 2143 2279 2206; x_wconf 81' lang='grc' dir='ltr'>τῆς</span> <span class='ocrx_word' id='word_1_498' title='bbox 2325 2135 2548 2211; x_wconf 77' lang='grc' dir='ltr'>βουλῆς·</span> <span class='ocrx_word' id='word_1_499' title='bbox 2606 2133 2729 2191; x_wconf 74' lang='grc' dir='ltr'>οὔτε</span> <span class='ocrx_word' id='word_1_500' title='bbox 2766 2138 2868 2213; x_wconf 84' lang='grc' dir='ltr'>γὰρ</span> <span class='ocrx_word' id='word_1_501' title='bbox 2918 2138 2993 2201; x_wconf 82' lang='grc' dir='ltr'>ὡς</span> <span class='ocrx_word' id='word_1_502' title='bbox 3042 2132 3403 2209; x_wconf 77' lang='grc' dir='ltr'>ὑποϐεϐηκὼς</span> <span class='ocrx_word' id='word_1_503' title='bbox 3454 2141 3551 2193; x_wconf 80' lang='grc' dir='ltr'>τοῦ</span> <span class='ocrx_word' id='word_1_504' title='bbox 3615 2138 3833 2206; x_wconf 84' lang='grc' dir='ltr'>Πατρὸς</span> 
     </span>
    </p>
   </div>
   <div class='ocr_carea' id='block_1_76' title="bbox 2182 2224 3836 2301">
    <p class='ocr_par' dir='ltr' id='par_1_76' title="bbox 2182 2224 3836 2301">
     <span class='ocr_line' id='line_1_76' title="bbox 2182 2224 3836 2301; baseline 0.001 -21"><span class='ocrx_word' id='word_1_505' title='bbox 2182 2224 2387 2295; x_wconf 72' lang='grc' dir='ltr'>ἐκλήθη</span> <span class='ocrx_word' id='word_1_506' title='bbox 2436 2224 2686 2301; x_wconf 81' lang='grc' dir='ltr'>ἄγγελος·</span> <span class='ocrx_word' id='word_1_507' title='bbox 2737 2225 2873 2300; x_wconf 89' lang='grc' dir='ltr'>πρὸς</span> <span class='ocrx_word' id='word_1_508' title='bbox 2921 2226 3237 2301; x_wconf 77' lang='grc' dir='ltr'>Ἀρειανοὺς</span> <span class='ocrx_word' id='word_1_509' title='bbox 3284 2231 3466 2286; x_wconf 81' lang='grc' dir='ltr'>τοῦτο.</span> <span class='ocrx_word' id='word_1_510' title='bbox 3499 2228 3579 2285; x_wconf 86' lang='grc' dir='ltr'>Τὸ</span> <span class='ocrx_word' id='word_1_511' title='bbox 3606 2230 3707 2281; x_wconf 81' lang='grc' dir='ltr'>τοῦ</span> <span class='ocrx_word' id='word_1_512' title='bbox 3742 2226 3836 2282; x_wconf 79' lang='grc' dir='ltr'>έν-</span> 
     </span>
    </p>
   </div>
   <div class='ocr_carea' id='block_1_77' title="bbox 2184 2313 3834 2392">
    <p class='ocr_par' dir='ltr' id='par_1_77' title="bbox 2184 2313 3834 2392">
     <span class='ocr_line' id='line_1_77' title="bbox 2184 2313 3834 2392; baseline -0.001 -23"><span class='ocrx_word' id='word_1_513' title='bbox 2184 2315 2505 2390; x_wconf 84' lang='grc' dir='ltr'>ισχύσαντος</span> <span class='ocrx_word' id='word_1_514' title='bbox 2536 2313 2774 2388; x_wconf 78' lang='grc' dir='ltr'>ἀγγέλου</span> <span class='ocrx_word' id='word_1_515' title='bbox 2798 2313 3092 2392; x_wconf 77' lang='grc' dir='ltr'>κεφάλαιον</span> <span class='ocrx_word' id='word_1_516' title='bbox 3132 2318 3205 2388; x_wconf 82' lang='grc' dir='ltr'>μὴ</span> <span class='ocrx_word' id='word_1_517' title='bbox 3237 2316 3384 2392; x_wconf 87' lang='grc' dir='ltr'>παρά</span> <span class='ocrx_word' id='word_1_518' title='bbox 3410 2317 3509 2385; x_wconf 78' lang='grc' dir='ltr'>τὴν</span> <span class='ocrx_word' id='word_1_519' title='bbox 3539 2314 3834 2390; x_wconf 73' lang='grc' dir='ltr'>ἑρμηνείαν</span> 
     </span>
    </p>
   </div>
   <div class='ocr_carea' id='block_1_78' title="bbox 2184 2402 3837 2483">
    <p class='ocr_par' dir='ltr' id='par_1_78' title="bbox 2184 2402 3837 2483">
     <span class='ocr_line' id='line_1_78' title="bbox 2184 2402 3837 2483; baseline 0.001 -25"><span class='ocrx_word' id='word_1_520' title='bbox 2184 2402 2307 2479; x_wconf 79' lang='grc' dir='ltr'>δέξῃ</span> <span class='ocrx_word' id='word_1_521' title='bbox 2356 2410 2456 2473; x_wconf 86' lang='grc' dir='ltr'>τῆς</span> <span class='ocrx_word' id='word_1_522' title='bbox 2508 2405 2663 2480; x_wconf 85' lang='grc' dir='ltr'>ἁγίας</span> <span class='ocrx_word' id='word_1_523' title='bbox 2712 2410 2953 2483; x_wconf 81' lang='grc' dir='ltr'>Γραφῆς·</span> <span class='ocrx_word' id='word_1_524' title='bbox 2997 2405 3135 2477; x_wconf 89' lang='grc' dir='ltr'>πρὸς</span> <span class='ocrx_word' id='word_1_525' title='bbox 3185 2404 3288 2481; x_wconf 79' lang='grc' dir='ltr'>γὰρ</span> <span class='ocrx_word' id='word_1_526' title='bbox 3338 2407 3437 2476; x_wconf 81' lang='grc' dir='ltr'>τὴν</span> <span class='ocrx_word' id='word_1_527' title='bbox 3480 2405 3649 2480; x_wconf 84' lang='grc' dir='ltr'>σάρκα</span> <span class='ocrx_word' id='word_1_528' title='bbox 3680 2404 3837 2483; x_wconf 77' lang='grc' dir='ltr'>ὀφεί-</span> 
     </span>
    </p>
   </div>
   <div class='ocr_carea' id='block_1_79' title="bbox 2184 2491 3838 2570">
    <p class='ocr_par' dir='ltr' id='par_1_79' title="bbox 2184 2491 3838 2570">
     <span class='ocr_line' id='line_1_79' title="bbox 2184 2491 3838 2570; baseline -0.001 -21"><span class='ocrx_word' id='word_1_529' title='bbox 2184 2508 2268 2549; x_wconf 88' lang='grc' dir='ltr'>Λει</span> <span class='ocrx_word' id='word_1_530' title='bbox 2325 2497 2485 2548; x_wconf 79' lang='grc' dir='ltr'>τοῦτο</span> <span class='ocrx_word' id='word_1_531' title='bbox 2532 2498 2795 2557; x_wconf 87' lang='grc' dir='ltr'>νοεῖσθαι·</span> <span class='ocrx_word' id='word_1_532' title='bbox 2845 2493 2936 2548; x_wconf 82' lang='grc' dir='ltr'>καὶ</span> <span class='ocrx_word' id='word_1_533' title='bbox 2988 2491 3241 2570; x_wconf 77' lang='grc' dir='ltr'>ἀλλαχοῦ</span> <span class='ocrx_word' id='word_1_534' title='bbox 3270 2493 3371 2570; x_wconf 91' lang='grc' dir='ltr'>γάρ</span> <span class='ocrx_word' id='word_1_535' title='bbox 3402 2516 3533 2570; x_wconf 79' lang='grc' dir='ltr'>φησι</span> <span class='ocrx_word' id='word_1_536' title='bbox 3563 2495 3625 2549; x_wconf 86' lang='grc' dir='ltr'>τὸ</span> <span class='ocrx_word' id='word_1_537' title='bbox 3657 2495 3838 2569; x_wconf 88' lang='grc' dir='ltr'>Εὐαγ-</span> 
     </span>
    </p>
   </div>
   <div class='ocr_carea' id='block_1_80' title="bbox 2181 2580 3837 2660">
    <p class='ocr_par' dir='ltr' id='par_1_80' title="bbox 2181 2580 3837 2660">
     <span class='ocr_line' id='line_1_80' title="bbox 2181 2580 3837 2660; baseline 0.001 -23"><span class='ocrx_word' id='word_1_538' title='bbox 2181 2582 2363 2659; x_wconf 90' lang='grc' dir='ltr'>γέλιον</span> <span class='ocrx_word' id='word_1_539' title='bbox 2394 2626 2408 2652; x_wconf 84' lang='grc'>,</span> <span class='ocrx_word' id='word_1_540' title='bbox 2485 2583 2619 2656; x_wconf 85' lang='grc' dir='ltr'>μετὰ</span> <span class='ocrx_word' id='word_1_541' title='bbox 2668 2584 2800 2645; x_wconf 79' lang='grc' dir='ltr'>τοὺς</span> <span class='ocrx_word' id='word_1_542' title='bbox 2855 2582 3228 2658; x_wconf 73' lang='grc' dir='ltr'>πειρασμοὺς,</span> <span class='ocrx_word' id='word_1_543' title='bbox 3307 2582 3389 2639; x_wconf 80' lang='grc' dir='ltr'>ὅτι</span> <span class='ocrx_word' id='word_1_544' title='bbox 3438 2580 3837 2660; x_wconf 87' lang='grc' dir='ltr'>προσελθόντες</span> 
     </span>
    </p>
   </div>
   <div class='ocr_carea' id='block_1_81' title="bbox 2184 2666 3836 2746">
    <p class='ocr_par' dir='ltr' id='par_1_81' title="bbox 2184 2666 3836 2746">
     <span class='ocr_line' id='line_1_81' title="bbox 2184 2666 3836 2746; baseline -0.001 -19"><span class='ocrx_word' id='word_1_545' title='bbox 2184 2669 2406 2746; x_wconf 73' lang='grc' dir='ltr'>ἄγγελοι</span> <span class='ocrx_word' id='word_1_546' title='bbox 2467 2666 2752 2742; x_wconf 76' lang='grc' dir='ltr'>διηκὸνουν</span> <span class='ocrx_word' id='word_1_547' title='bbox 2805 2671 2971 2745; x_wconf 79' lang='grc' dir='ltr'>αὐτῷ·</span> <span class='ocrx_word' id='word_1_548' title='bbox 3033 2671 3123 2728; x_wconf 77' lang='grc' dir='ltr'>καὶ</span> <span class='ocrx_word' id='word_1_549' title='bbox 3155 2671 3239 2728; x_wconf 80' lang='grc' dir='ltr'>δτι</span> <span class='ocrx_word' id='word_1_550' title='bbox 3279 2670 3561 2729; x_wconf 79' lang='grc' dir='ltr'>ἐκοπίασεν</span> <span class='ocrx_word' id='word_1_551' title='bbox 3622 2672 3683 2728; x_wconf 87' lang='grc' dir='ltr'>έκ</span> <span class='ocrx_word' id='word_1_552' title='bbox 3733 2674 3836 2742; x_wconf 77' lang='grc' dir='ltr'>τῆς</span> 
     </span>
    </p>
   </div>
   <div class='ocr_carea' id='block_1_82' title="bbox 2184 2757 3839 2839">
    <p class='ocr_par' dir='ltr' id='par_1_82' title="bbox 2184 2757 3839 2839">
     <span class='ocr_line' id='line_1_82' title="bbox 2184 2757 3839 2839; baseline 0.002 -25"><span class='ocrx_word' id='word_1_553' title='bbox 2184 2757 2501 2835; x_wconf 85' lang='grc' dir='ltr'>ὁδοιπορίας</span> <span class='ocrx_word' id='word_1_554' title='bbox 2561 2760 2651 2816; x_wconf 85' lang='grc' dir='ltr'>καὶ</span> <span class='ocrx_word' id='word_1_555' title='bbox 2704 2760 2786 2816; x_wconf 74' lang='grc' dir='ltr'>ὅτι</span> <span class='ocrx_word' id='word_1_556' title='bbox 2830 2760 3100 2833; x_wconf 79' lang='grc' dir='ltr'>ἐπείνησε·</span> <span class='ocrx_word' id='word_1_557' title='bbox 3133 2767 3300 2817; x_wconf 82' lang='grc' dir='ltr'>ταῦτα</span> <span class='ocrx_word' id='word_1_558' title='bbox 3323 2762 3427 2839; x_wconf 75' lang='grc' dir='ltr'>γὰρ</span> <span class='ocrx_word' id='word_1_559' title='bbox 3463 2764 3637 2819; x_wconf 83' lang='grc' dir='ltr'>πάντά</span> <span class='ocrx_word' id='word_1_560' title='bbox 3684 2760 3839 2818; x_wconf 84' lang='grc' dir='ltr'>δείκ-</span> 
     </span>
    </p>
   </div>
   <div class='ocr_carea' id='block_1_83' title="bbox 2181 2845 3840 2928">
    <p class='ocr_par' dir='ltr' id='par_1_83' title="bbox 2181 2845 3840 2928">
     <span class='ocr_line' id='line_1_83' title="bbox 2181 2845 3840 2928; baseline 0.001 -25"><span class='ocrx_word' id='word_1_561' title='bbox 2181 2870 2353 2919; x_wconf 87' lang='grc' dir='ltr'>νυσιν,</span> <span class='ocrx_word' id='word_1_562' title='bbox 2412 2848 2494 2904; x_wconf 78' lang='grc' dir='ltr'>ὅτι</span> <span class='ocrx_word' id='word_1_563' title='bbox 2524 2850 2733 2905; x_wconf 88' lang='grc' dir='ltr'>τέλειον</span> <span class='ocrx_word' id='word_1_564' title='bbox 2762 2845 3018 2906; x_wconf 72' lang='grc' dir='ltr'>ἀνέλαϐεν</span> <span class='ocrx_word' id='word_1_565' title='bbox 3049 2848 3331 2928; x_wconf 75' lang='grc' dir='ltr'>ἄνθρωπον</span> <span class='ocrx_word' id='word_1_566' title='bbox 3369 2852 3502 2926; x_wconf 86' lang='grc' dir='ltr'>μετά</span> <span class='ocrx_word' id='word_1_567' title='bbox 3528 2857 3637 2908; x_wconf 80' lang='grc' dir='ltr'>τῶν</span> <span class='ocrx_word' id='word_1_568' title='bbox 3670 2850 3840 2908; x_wconf 78' lang='grc' dir='ltr'>αὐτοῦ</span> 
     </span>
    </p>
   </div>
   <div class='ocr_carea' id='block_1_84' title="bbox 2183 2937 3837 3018">
    <p class='ocr_par' dir='ltr' id='par_1_84' title="bbox 2183 2937 3837 3018">
     <span class='ocr_line' id='line_1_84' title="bbox 2183 2937 3837 3018; baseline 0.002 -25"><span class='ocrx_word' id='word_1_569' title='bbox 2183 2940 2543 3013; x_wconf 82' lang='grc' dir='ltr'>παθημάτων.</span> <span class='ocrx_word' id='word_1_570' title='bbox 2584 2937 2746 2995; x_wconf 86' lang='grc' dir='ltr'>Ἀλλ’</span> <span class='ocrx_word' id='word_1_571' title='bbox 2796 2939 2909 3016; x_wconf 85' lang='grc' dir='ltr'>έρεῖ</span> <span class='ocrx_word' id='word_1_572' title='bbox 2948 2961 3050 3010; x_wconf 90' lang='grc' dir='ltr'>τις,</span> <span class='ocrx_word' id='word_1_573' title='bbox 3103 2945 3208 2996; x_wconf 83' lang='grc' dir='ltr'>ποῦ</span> <span class='ocrx_word' id='word_1_574' title='bbox 3265 2942 3425 3017; x_wconf 85' lang='grc' dir='ltr'>χρεία</span> <span class='ocrx_word' id='word_1_575' title='bbox 3470 2942 3536 3011; x_wconf 82' lang='grc' dir='ltr'>ἦν</span> <span class='ocrx_word' id='word_1_576' title='bbox 3598 2940 3837 3018; x_wconf 86' lang='grc' dir='ltr'>ἀγγέλου</span> 
     </span>
    </p>
   </div>
   <div class='ocr_carea' id='block_1_85' title="bbox 2184 3028 3838 3105">
    <p class='ocr_par' dir='ltr' id='par_1_85' title="bbox 2184 3028 3838 3105">
     <span class='ocr_line' id='line_1_85' title="bbox 2184 3028 3838 3105; baseline 0.001 -22"><span class='ocrx_word' id='word_1_577' title='bbox 2184 3028 2525 3099; x_wconf 84' lang='grc' dir='ltr'>θειότητος³⁶</span> <span class='ocrx_word' id='word_1_578' title='bbox 2571 3028 2888 3103; x_wconf 74' lang='grc' dir='ltr'>παρούσηςς</span> <span class='ocrx_word' id='word_1_579' title='bbox 2940 3032 3181 3105; x_wconf 84' lang='grc' dir='ltr'>Λέγομεν</span> <span class='ocrx_word' id='word_1_580' title='bbox 3236 3028 3327 3085; x_wconf 76' lang='grc' dir='ltr'>οὖν</span> <span class='ocrx_word' id='word_1_581' title='bbox 3375 3030 3459 3085; x_wconf 75' lang='grc' dir='ltr'>ὅτι</span> <span class='ocrx_word' id='word_1_582' title='bbox 3501 3029 3569 3086; x_wconf 82' lang='grc' dir='ltr'>τὰ</span> <span class='ocrx_word' id='word_1_583' title='bbox 3596 3030 3774 3086; x_wconf 86' lang='grc' dir='ltr'>πλείω</span> <span class='ocrx_word' id='word_1_584' title='bbox 3807 3030 3838 3084; x_wconf 81' lang='lat'>6</span> 
     </span>
    </p>
   </div>
   <div class='ocr_carea' id='block_1_86' title="bbox 2185 3116 3840 3196">
    <p class='ocr_par' dir='ltr' id='par_1_86' title="bbox 2185 3116 3840 3196">
     <span class='ocr_line' id='line_1_86' title="bbox 2185 3116 3840 3196; baseline -0.001 -22"><span class='ocrx_word' id='word_1_585' title='bbox 2185 3119 2313 3181; x_wconf 84' lang='grc' dir='ltr'>Θεὸς</span> <span class='ocrx_word' id='word_1_586' title='bbox 2338 3116 2407 3173; x_wconf 84' lang='grc' dir='ltr'>δι’</span> <span class='ocrx_word' id='word_1_587' title='bbox 2435 3116 2680 3195; x_wconf 88' lang='grc' dir='ltr'>ἀγγέλων</span> <span class='ocrx_word' id='word_1_588' title='bbox 2712 3120 3131 3196; x_wconf 86' lang='grc' dir='ltr'>θαυματουργεῖ·</span> <span class='ocrx_word' id='word_1_589' title='bbox 3164 3120 3255 3175; x_wconf 85' lang='grc' dir='ltr'>καὶ</span> <span class='ocrx_word' id='word_1_590' title='bbox 3282 3124 3444 3175; x_wconf 80' lang='grc' dir='ltr'>τοῦτο</span> <span class='ocrx_word' id='word_1_591' title='bbox 3496 3118 3639 3195; x_wconf 84' lang='grc' dir='ltr'>λέγει</span> <span class='ocrx_word' id='word_1_592' title='bbox 3689 3122 3840 3174; x_wconf 87' lang='grc' dir='ltr'>πασᾶ</span> 
     </span>
    </p>
   </div>
   <div class='ocr_carea' id='block_1_87' title="bbox 2100 3184 2604 3286">
    <p class='ocr_par' dir='ltr' id='par_1_87' title="bbox 2100 3184 2604 3286">
     <span class='ocr_line' id='line_1_87' title="bbox 2100 3184 2604 3286; baseline 0.004 -24"><span class='ocrx_word' id='word_1_593' title='bbox 2100 3184 2143 3252; x_wconf 84' lang='lat' dir='ltr'><strong>C</strong></span> <span class='ocrx_word' id='word_1_594' title='bbox 2181 3212 2217 3279; x_wconf 81' lang='grc' dir='ltr'><strong>ἡ</strong></span> <span class='ocrx_word' id='word_1_595' title='bbox 2250 3209 2367 3263; x_wconf 84' lang='grc' dir='ltr'>θεία</span> <span class='ocrx_word' id='word_1_596' title='bbox 2394 3184 2604 3286; x_wconf 65' lang='grc' dir='ltr'>Γράιρή.</span> 
     </span>
    </p>
   </div>
   <div class='ocr_carea' id='block_1_88' title="bbox 2257 3295 3840 3375">
    <p class='ocr_par' dir='ltr' id='par_1_88' title="bbox 2257 3295 3840 3375">
     <span class='ocr_line' id='line_1_88' title="bbox 2257 3295 3840 3375; baseline -0.003 -21"><span class='ocrx_word' id='word_1_597' title='bbox 2257 3299 2682 3375; x_wconf 79' lang='grc' dir='ltr'>Ἐκφαντορικήν</span> <span class='ocrx_word' id='word_1_598' title='bbox 2725 3341 2739 3353; x_wconf 91' lang='grc'><strong>.</strong></span> <span class='ocrx_word' id='word_1_599' title='bbox 2802 3297 2951 3354; x_wconf 87' lang='grc' dir='ltr'>Κατά</span> <span class='ocrx_word' id='word_1_600' title='bbox 3024 3298 3087 3353; x_wconf 83' lang='grc' dir='ltr'>τὸ</span> <span class='ocrx_word' id='word_1_601' title='bbox 3136 3298 3273 3373; x_wconf 89' lang='grc' dir='ltr'>πρὸς</span> <span class='ocrx_word' id='word_1_602' title='bbox 3330 3295 3426 3352; x_wconf 82' lang='grc' dir='ltr'>τὸν</span> <span class='ocrx_word' id='word_1_603' title='bbox 3482 3295 3690 3373; x_wconf 82' lang='grc' dir='ltr'>Πατέρα</span> <span class='ocrx_word' id='word_1_604' title='bbox 3748 3296 3840 3351; x_wconf 83' lang='grc' dir='ltr'>ὑπ’</span> 
     </span>
    </p>
   </div>
   <div class='ocr_carea' id='block_1_89' title="bbox 2183 3383 3837 3465">
    <p class='ocr_par' dir='ltr' id='par_1_89' title="bbox 2183 3383 3837 3465">
     <span class='ocr_line' id='line_1_89' title="bbox 2183 3383 3837 3465; baseline 0.001 -23"><span class='ocrx_word' id='word_1_605' title='bbox 2183 3388 2351 3442; x_wconf 80' lang='grc' dir='ltr'>αὐτοῦ</span> <span class='ocrx_word' id='word_1_606' title='bbox 2410 3383 2628 3463; x_wconf 84' lang='grc' dir='ltr'>λεχθέν·</span> <span class='ocrx_word' id='word_1_607' title='bbox 2685 3386 3030 3465; x_wconf 71' lang='grc' dir='ltr'>Ἐφανέρωσά</span> <span class='ocrx_word' id='word_1_608' title='bbox 3081 3408 3177 3442; x_wconf 90' lang='grc' dir='ltr'>σου</span> <span class='ocrx_word' id='word_1_609' title='bbox 3232 3386 3294 3442; x_wconf 87' lang='grc' dir='ltr'>τὸ</span> <span class='ocrx_word' id='word_1_610' title='bbox 3347 3383 3523 3462; x_wconf 70' lang='grc' dir='ltr'>ὄνομα</span> <span class='ocrx_word' id='word_1_611' title='bbox 3568 3391 3684 3449; x_wconf 81' lang='grc' dir='ltr'>τοῖς</span> <span class='ocrx_word' id='word_1_612' title='bbox 3742 3384 3837 3443; x_wconf 78' lang='grc' dir='ltr'>ἀν-</span> 
     </span>
    </p>
   </div>
   <div class='ocr_carea' id='block_1_90' title="bbox 2185 3477 2453 3553">
    <p class='ocr_par' dir='ltr' id='par_1_90' title="bbox 2185 3477 2453 3553">
     <span class='ocr_line' id='line_1_90' title="bbox 2185 3477 2453 3553; baseline 0.004 -22"><span class='ocrx_word' id='word_1_613' title='bbox 2185 3477 2453 3553; x_wconf 88' lang='grc' dir='ltr'>θρώποις.</span> 
     </span>
    </p>
   </div>
   <div class='ocr_carea' id='block_1_91' title="bbox 2673 3565 3343 3622">
    <p class='ocr_par' dir='ltr' id='par_1_91' title="bbox 2673 3565 3343 3622">
     <span class='ocr_line' id='line_1_91' title="bbox 2673 3565 3343 3622; baseline 0 -3"><span class='ocrx_word' id='word_1_614' title='bbox 2673 3565 2786 3621; x_wconf 85' lang='grc' dir='ltr'>ΕΙΣ</span> <span class='ocrx_word' id='word_1_615' title='bbox 2828 3565 2922 3622; x_wconf 88' lang='grc' dir='ltr'>ΤΟ</span> <span class='ocrx_word' id='word_1_616' title='bbox 2962 3568 3229 3622; x_wconf 84' lang='grc' dir='ltr'>ΚΕΦΑΔ.</span> <span class='ocrx_word' id='word_1_617' title='bbox 3263 3565 3343 3619; x_wconf 85' lang='grc' dir='ltr'>Ε’·</span> 
     </span>
    </p>
   </div>
   <div class='ocr_carea' id='block_1_92' title="bbox 2255 3649 3835 3729">
    <p class='ocr_par' dir='ltr' id='par_1_92' title="bbox 2255 3649 3835 3729">
     <span class='ocr_line' id='line_1_92' title="bbox 2255 3649 3835 3729; baseline -0.003 -18"><span class='ocrx_word' id='word_1_618' title='bbox 2255 3655 2357 3718; x_wconf 85' lang='grc' dir='ltr'>Τάς</span> <span class='ocrx_word' id='word_1_619' title='bbox 2426 3652 2677 3729; x_wconf 84' lang='grc' dir='ltr'>οὐρανίας</span> <span class='ocrx_word' id='word_1_620' title='bbox 2749 3650 2966 3717; x_wconf 84' lang='grc' dir='ltr'>οὐσίας.</span> <span class='ocrx_word' id='word_1_621' title='bbox 3029 3653 3095 3712; x_wconf 88' lang='grc' dir='ltr'>Τί</span> <span class='ocrx_word' id='word_1_622' title='bbox 3152 3651 3394 3725; x_wconf 84' lang='grc' dir='ltr'>δήποτε,</span> <span class='ocrx_word' id='word_1_623' title='bbox 3466 3656 3594 3726; x_wconf 75' lang='grc' dir='ltr'>μιᾶς</span> <span class='ocrx_word' id='word_1_624' title='bbox 3649 3649 3835 3715; x_wconf 79' lang='grc' dir='ltr'>οὐσίας</span> 
     </span>
    </p>
   </div>
   <div class='ocr_carea' id='block_1_93' title="bbox 2188 3739 3835 3819">
    <p class='ocr_par' dir='ltr' id='par_1_93' title="bbox 2188 3739 3835 3819">
     <span class='ocr_line' id='line_1_93' title="bbox 2188 3739 3835 3819; baseline -0.002 -19"><span class='ocrx_word' id='word_1_625' title='bbox 2188 3746 2320 3801; x_wconf 76' lang='grc' dir='ltr'>εἶναι</span> <span class='ocrx_word' id='word_1_626' title='bbox 2380 3746 2582 3806; x_wconf 83' lang='grc' dir='ltr'>πάντας</span> <span class='ocrx_word' id='word_1_627' title='bbox 2640 3741 2829 3819; x_wconf 80' lang='grc' dir='ltr'>ἁγίους</span> <span class='ocrx_word' id='word_1_628' title='bbox 2896 3742 3030 3807; x_wconf 69' lang='grc' dir='ltr'>τοὺς</span> <span class='ocrx_word' id='word_1_629' title='bbox 3085 3742 3353 3819; x_wconf 73' lang='grc' dir='ltr'>ἀγγέλους</span> <span class='ocrx_word' id='word_1_630' title='bbox 3405 3739 3673 3816; x_wconf 68' lang='grc' dir='ltr'>λεγούσης</span> <span class='ocrx_word' id='word_1_631' title='bbox 3729 3748 3835 3812; x_wconf 84' lang='grc' dir='ltr'>τῆς</span> 
     </span>
    </p>
   </div>
   <div class='ocr_carea' id='block_1_94' title="bbox 2188 3828 3838 3905">
    <p class='ocr_par' dir='ltr' id='par_1_94' title="bbox 2188 3828 3838 3905">
     <span class='ocr_line' id='line_1_94' title="bbox 2188 3828 3838 3905; baseline -0.003 -15"><span class='ocrx_word' id='word_1_632' title='bbox 2188 3831 2597 3905; x_wconf 83' lang='grc' dir='ltr'>Ἐκκλησίας³⁷,</span> <span class='ocrx_word' id='word_1_633' title='bbox 2655 3834 2683 3888; x_wconf 90' lang='lat'>6</span> <span class='ocrx_word' id='word_1_634' title='bbox 2750 3837 2894 3897; x_wconf 81' lang='grc' dir='ltr'>θεῖος</span> <span class='ocrx_word' id='word_1_635' title='bbox 2968 3831 3247 3894; x_wconf 78' lang='grc' dir='ltr'>Διονύσιος</span> <span class='ocrx_word' id='word_1_636' title='bbox 3303 3829 3517 3895; x_wconf 80' lang='grc' dir='ltr'>πολλὰς</span> <span class='ocrx_word' id='word_1_637' title='bbox 3577 3828 3838 3905; x_wconf 81' lang='grc' dir='ltr'>ὀνομάζει</span> 
     </span>
    </p>
   </div>
   <div class='ocr_carea' id='block_1_95' title="bbox 2188 3918 3837 3997">
    <p class='ocr_par' dir='ltr' id='par_1_95' title="bbox 2188 3918 3837 3997">
     <span class='ocr_line' id='line_1_95' title="bbox 2188 3918 3837 3997; baseline -0.002 -19"><span class='ocrx_word' id='word_1_638' title='bbox 2188 3921 2479 3996; x_wconf 86' lang='grc' dir='ltr'>δυνάμεις;</span> <span class='ocrx_word' id='word_1_639' title='bbox 2534 3924 2593 3980; x_wconf 89' lang='grc' dir='ltr'>Ὁ</span> <span class='ocrx_word' id='word_1_640' title='bbox 2647 3926 2776 3997; x_wconf 78' lang='grc' dir='ltr'>γοῦν</span> <span class='ocrx_word' id='word_1_641' title='bbox 2841 3922 3007 3997; x_wconf 81' lang='grc' dir='ltr'>μέγας</span> <span class='ocrx_word' id='word_1_642' title='bbox 3038 3921 3315 3983; x_wconf 72' lang='grc' dir='ltr'>Διονύσιος</span> <span class='ocrx_word' id='word_1_643' title='bbox 3365 3920 3393 3976; x_wconf 87' lang='lat'>6</span> <span class='ocrx_word' id='word_1_644' title='bbox 3426 3918 3837 3997; x_wconf 77' lang='grc' dir='ltr'>’Δλεξανδρείας</span> 
     </span>
    </p>
   </div>
   <div class='ocr_carea' id='block_1_96' title="bbox 2188 4008 3839 4086">
    <p class='ocr_par' dir='ltr' id='par_1_96' title="bbox 2188 4008 3839 4086">
     <span class='ocr_line' id='line_1_96' title="bbox 2188 4008 3839 4086; baseline -0.003 -17"><span class='ocrx_word' id='word_1_645' title='bbox 2188 4012 2508 4082; x_wconf 84' lang='grc' dir='ltr'>ἐπίσκοπος,</span> <span class='ocrx_word' id='word_1_646' title='bbox 2564 4013 2592 4066; x_wconf 90' lang='lat'>6</span> <span class='ocrx_word' id='word_1_647' title='bbox 2650 4011 2755 4065; x_wconf 87' lang='grc' dir='ltr'>ἀπὸ</span> <span class='ocrx_word' id='word_1_648' title='bbox 2789 4010 3057 4086; x_wconf 77' lang='grc' dir='ltr'>ῥητόρων,</span> <span class='ocrx_word' id='word_1_649' title='bbox 3102 4010 3154 4066; x_wconf 85' lang='grc' dir='ltr'>έν</span> <span class='ocrx_word' id='word_1_650' title='bbox 3186 4016 3303 4073; x_wconf 83' lang='grc' dir='ltr'>τοῖς</span> <span class='ocrx_word' id='word_1_651' title='bbox 3334 4008 3592 4085; x_wconf 88' lang='grc' dir='ltr'>σχολίοις</span> <span class='ocrx_word' id='word_1_652' title='bbox 3626 4012 3707 4072; x_wconf 79' lang='grc' dir='ltr'>οἷς</span> <span class='ocrx_word' id='word_1_653' title='bbox 3740 4029 3839 4064; x_wconf 85' lang='grc' dir='ltr'>πε·</span> 
     </span>
    </p>
   </div>
   <div class='ocr_carea' id='block_1_97' title="bbox 2186 4097 3845 4175">
    <p class='ocr_par' dir='ltr' id='par_1_97' title="bbox 2186 4097 3845 4175">
     <span class='ocr_line' id='line_1_97' title="bbox 2186 4097 3845 4175; baseline -0.004 -17"><span class='ocrx_word' id='word_1_654' title='bbox 2186 4102 2411 4173; x_wconf 87' lang='grc' dir='ltr'>ποίηκεν</span> <span class='ocrx_word' id='word_1_655' title='bbox 2460 4101 2536 4164; x_wconf 78' lang='grc' dir='ltr'>εἷς</span> <span class='ocrx_word' id='word_1_656' title='bbox 2577 4102 2669 4155; x_wconf 87' lang='grc' dir='ltr'>τὸν</span> <span class='ocrx_word' id='word_1_657' title='bbox 2721 4098 2985 4175; x_wconf 86' lang='grc' dir='ltr'>μακάριον</span> <span class='ocrx_word' id='word_1_658' title='bbox 3032 4097 3312 4155; x_wconf 84' lang='grc' dir='ltr'>Διονύσιον</span> <span class='ocrx_word' id='word_1_659' title='bbox 3345 4099 3436 4153; x_wconf 88' lang='grc' dir='ltr'>τὸν</span> <span class='ocrx_word' id='word_1_660' title='bbox 3486 4099 3654 4154; x_wconf 80' lang='grc' dir='ltr'>αὐτοῦ</span> <span class='ocrx_word' id='word_1_661' title='bbox 3711 4118 3845 4152; x_wconf 85' lang='grc' dir='ltr'>συν-</span> 
     </span>
    </p>
   </div>
   <div class='ocr_carea' id='block_1_98' title="bbox 2188 4182 3844 4264">
    <p class='ocr_par' dir='ltr' id='par_1_98' title="bbox 2188 4182 3844 4264">
     <span class='ocr_line' id='line_1_98' title="bbox 2188 4182 3844 4264; baseline -0.004 -17"><span class='ocrx_word' id='word_1_662' title='bbox 2188 4193 2430 4264; x_wconf 84' lang='grc' dir='ltr'>ώνυμον,</span> <span class='ocrx_word' id='word_1_663' title='bbox 2459 4190 2601 4246; x_wconf 75' lang='grc' dir='ltr'>οὕτω</span> <span class='ocrx_word' id='word_1_664' title='bbox 2633 4187 2801 4263; x_wconf 89' lang='grc' dir='ltr'>λέγει,</span> <span class='ocrx_word' id='word_1_665' title='bbox 2836 4187 2918 4243; x_wconf 74' lang='grc' dir='ltr'>ὅτι</span> <span class='ocrx_word' id='word_1_666' title='bbox 2950 4186 3238 4264; x_wconf 85' lang='grc' dir='ltr'>ἀγέννητον</span> <span class='ocrx_word' id='word_1_667' title='bbox 3270 4185 3428 4252; x_wconf 73' lang='grc' dir='ltr'>εἴωθε</span> <span class='ocrx_word' id='word_1_668' title='bbox 3455 4186 3641 4244; x_wconf 82' lang='grc' dir='ltr'>καλεῖν</span> <span class='ocrx_word' id='word_1_669' title='bbox 3670 4189 3705 4255; x_wconf 81' lang='grc' dir='ltr'><strong>ἡ</strong></span> <span class='ocrx_word' id='word_1_670' title='bbox 3738 4182 3844 4257; x_wconf 79' lang='grc' dir='ltr'>ἔξω</span> 
     </span>
    </p>
   </div>
   <div class='ocr_carea' id='block_1_99' title="bbox 2189 4274 3844 4360">
    <p class='ocr_par' dir='ltr' id='par_1_99' title="bbox 2189 4274 3844 4360">
     <span class='ocr_line' id='line_1_99' title="bbox 2189 4274 3844 4360; baseline -0.004 -23"><span class='ocrx_word' id='word_1_671' title='bbox 2189 4280 2350 4360; x_wconf 79' lang='grc' dir='ltr'>σοφία</span> <span class='ocrx_word' id='word_1_672' title='bbox 2403 4285 2574 4335; x_wconf 79' lang='grc' dir='ltr'>πᾶσαν</span> <span class='ocrx_word' id='word_1_673' title='bbox 2629 4278 2856 4353; x_wconf 82' lang='grc' dir='ltr'>ἀόρατον</span> <span class='ocrx_word' id='word_1_674' title='bbox 2886 4276 3066 4355; x_wconf 73' lang='grc' dir='ltr'>φύσιν,</span> <span class='ocrx_word' id='word_1_675' title='bbox 3121 4276 3329 4352; x_wconf 83' lang='grc' dir='ltr'>ὁμοίως</span> <span class='ocrx_word' id='word_1_676' title='bbox 3383 4276 3472 4332; x_wconf 82' lang='grc' dir='ltr'>καὶ</span> <span class='ocrx_word' id='word_1_677' title='bbox 3523 4274 3706 4339; x_wconf 77' lang='grc' dir='ltr'>οὐσίας</span> <span class='ocrx_word' id='word_1_678' title='bbox 3745 4274 3844 4337; x_wconf 78' lang='grc' dir='ltr'>τὰς</span> 
     </span>
    </p>
   </div>
   <div class='ocr_carea' id='block_1_100' title="bbox 2190 4362 3846 4443">
    <p class='ocr_par' dir='ltr' id='par_1_100' title="bbox 2190 4362 3846 4443">
     <span class='ocr_line' id='line_1_100' title="bbox 2190 4362 3846 4443; baseline -0.004 -17"><span class='ocrx_word' id='word_1_679' title='bbox 2190 4367 2529 4431; x_wconf 85' lang='grc' dir='ltr'>ὑποστάσεις·</span> <span class='ocrx_word' id='word_1_680' title='bbox 2588 4367 2692 4423; x_wconf 89' lang='grc' dir='ltr'>κάκ</span> <span class='ocrx_word' id='word_1_681' title='bbox 2748 4367 2945 4423; x_wconf 76' lang='grc' dir='ltr'>τούτου</span> <span class='ocrx_word' id='word_1_682' title='bbox 3003 4367 3190 4443; x_wconf 83' lang='grc' dir='ltr'>φησὶν,</span> <span class='ocrx_word' id='word_1_683' title='bbox 3251 4366 3334 4423; x_wconf 76' lang='grc' dir='ltr'>ὅτι</span> <span class='ocrx_word' id='word_1_684' title='bbox 3382 4366 3520 4423; x_wconf 77' lang='grc' dir='ltr'>κατὰ</span> <span class='ocrx_word' id='word_1_685' title='bbox 3566 4366 3692 4429; x_wconf 81' lang='grc' dir='ltr'>τοὺς</span> <span class='ocrx_word' id='word_1_686' title='bbox 3741 4362 3846 4437; x_wconf 79' lang='grc' dir='ltr'>ἔξω</span> 
     </span>
    </p>
   </div>
   <div class='ocr_carea' id='block_1_101' title="bbox 2189 4455 3844 4535">
    <p class='ocr_par' dir='ltr' id='par_1_101' title="bbox 2189 4455 3844 4535">
     <span class='ocr_line' id='line_1_101' title="bbox 2189 4455 3844 4535; baseline -0.003 -19"><span class='ocrx_word' id='word_1_687' title='bbox 2189 4458 2433 4535; x_wconf 79' lang='grc' dir='ltr'>εἷ’ρηνται</span> <span class='ocrx_word' id='word_1_688' title='bbox 2488 4462 2569 4531; x_wconf 74' lang='grc' dir='ltr'>τῷ</span> <span class='ocrx_word' id='word_1_689' title='bbox 2619 4457 2760 4533; x_wconf 85' lang='grc' dir='ltr'>ἁγίῳ</span> <span class='ocrx_word' id='word_1_690' title='bbox 2809 4456 3074 4532; x_wconf 83' lang='grc' dir='ltr'>Διονυσίῳ</span> <span class='ocrx_word' id='word_1_691' title='bbox 3100 4458 3154 4513; x_wconf 77' lang='grc' dir='ltr'>αἱ</span> <span class='ocrx_word' id='word_1_692' title='bbox 3201 4461 3445 4513; x_wconf 77' lang='grc' dir='ltr'>τοιαῦται</span> <span class='ocrx_word' id='word_1_693' title='bbox 3477 4455 3648 4535; x_wconf 76' lang='grc' dir='ltr'>φωναὶ</span> <span class='ocrx_word' id='word_1_694' title='bbox 3678 4476 3844 4511; x_wconf 86' lang='grc' dir='ltr'>κατα-</span> 
     </span>
    </p>
   </div>
   <div class='ocr_carea' id='block_1_102' title="bbox 2104 4552 2521 4629">
    <p class='ocr_par' dir='ltr' id='par_1_102' title="bbox 2104 4552 2521 4629">
     <span class='ocr_line' id='line_1_102' title="bbox 2104 4552 2521 4629; baseline 0.002 -24"><span class='ocrx_word' id='word_1_695' title='bbox 2104 4559 2153 4626; x_wconf 85' lang='lat' dir='ltr'>D</span> <span class='ocrx_word' id='word_1_696' title='bbox 2182 4552 2521 4629; x_wconf 69' lang='grc' dir='ltr'>χρηστικῶς.</span> 
     </span>
    </p>
   </div>
   <div class='ocr_carea' id='block_1_103' title="bbox 2261 4631 3843 4719">
    <p class='ocr_par' dir='ltr' id='par_1_103' title="bbox 2261 4631 3843 4719">
     <span class='ocr_line' id='line_1_103' title="bbox 2261 4631 3843 4719; baseline -0.005 -21"><span class='ocrx_word' id='word_1_697' title='bbox 2261 4637 2668 4719; x_wconf 72' lang='grc' dir='ltr'>Ἐκφαντορίαν.</span> <span class='ocrx_word' id='word_1_698' title='bbox 2727 4637 2979 4693; x_wconf 87' lang='grc' dir='ltr'>Τουτέστι</span> <span class='ocrx_word' id='word_1_699' title='bbox 3029 4637 3127 4707; x_wconf 73' lang='grc' dir='ltr'>τὴν</span> <span class='ocrx_word' id='word_1_700' title='bbox 3178 4633 3454 4716; x_wconf 79' lang='grc' dir='ltr'>ἔκφανσιν,</span> <span class='ocrx_word' id='word_1_701' title='bbox 3484 4632 3613 4707; x_wconf 68' lang='grc' dir='ltr'>ἤτοι</span> <span class='ocrx_word' id='word_1_702' title='bbox 3653 4631 3843 4691; x_wconf 82' lang='grc' dir='ltr'>διασά-</span> 
     </span>
    </p>
   </div>
   <div class='ocr_carea' id='block_1_104' title="bbox 2228 4751 2373 4802">
    <p class='ocr_par' dir='ltr' id='par_1_104' title="bbox 2228 4751 2373 4802">
     <span class='ocr_line' id='line_1_104' title="bbox 2228 4751 2373 4802; baseline 0 -16"><span class='ocrx_word' id='word_1_703' title='bbox 2228 4751 2373 4802; x_wconf 88' lang='grc' dir='ltr'>ησιν.</span> 
     </span>
    </p>
   </div>
   <div class='ocr_carea' id='block_1_105' title="bbox 2187 4753 3846 4893">
    <p class='ocr_par' dir='ltr' id='par_1_105' title="bbox 2187 4753 3846 4893">
     <span class='ocr_line' id='line_1_105' title="bbox 2269 4753 2373 4786; baseline 0 0"><span class='ocrx_word' id='word_1_704' title='bbox 2269 4753 2373 4786; x_wconf 86' lang='grc' dir='ltr'>σιν.</span> 
     </span>
     <span class='ocr_line' id='line_1_106' title="bbox 2187 4753 3846 4893; baseline -0.002 -20"><span class='ocrx_word' id='word_1_705' title='bbox 2187 4753 2644 4891; x_wconf 75' lang='grc' dir='ltr'>φηὈνομάζουσι.</span> <span class='ocrx_word' id='word_1_706' title='bbox 2694 4817 2806 4885; x_wconf 71' lang='grc' dir='ltr'>Τήν</span> <span class='ocrx_word' id='word_1_707' title='bbox 2854 4815 3090 4893; x_wconf 76' lang='grc' dir='ltr'>ἐσχάτην</span> <span class='ocrx_word' id='word_1_708' title='bbox 3135 4820 3243 4872; x_wconf 84' lang='grc' dir='ltr'>τῶν</span> <span class='ocrx_word' id='word_1_709' title='bbox 3290 4819 3502 4887; x_wconf 79' lang='grc' dir='ltr'>νοητῶν</span> <span class='ocrx_word' id='word_1_710' title='bbox 3544 4814 3687 4886; x_wconf 81' lang='grc' dir='ltr'>τάξιν</span> <span class='ocrx_word' id='word_1_711' title='bbox 3744 4835 3846 4869; x_wconf 88' lang='grc' dir='ltr'>κυ-</span> 
     </span>
    </p>
   </div>
   <div class='ocr_carea' id='block_1_106' title="bbox 2191 4901 3844 4986">
    <p class='ocr_par' dir='ltr' id='par_1_106' title="bbox 2191 4901 3844 4986">
     <span class='ocr_line' id='line_1_107' title="bbox 2191 4901 3844 4986; baseline -0.004 -20"><span class='ocrx_word' id='word_1_712' title='bbox 2191 4909 2321 4986; x_wconf 90' lang='grc' dir='ltr'>ρίως</span> <span class='ocrx_word' id='word_1_713' title='bbox 2366 4905 2633 4983; x_wconf 79' lang='grc' dir='ltr'>ἀγγέλους</span> <span class='ocrx_word' id='word_1_714' title='bbox 2679 4906 2811 4986; x_wconf 72' lang='grc' dir='ltr'>φησὶ</span> <span class='ocrx_word' id='word_1_715' title='bbox 2861 4905 3375 4983; x_wconf 77' lang='grc' dir='ltr'>προσαγορεύεσθαι·</span> <span class='ocrx_word' id='word_1_716' title='bbox 3434 4904 3531 4968; x_wconf 80' lang='grc' dir='ltr'>τὰς</span> <span class='ocrx_word' id='word_1_717' title='bbox 3585 4901 3643 4960; x_wconf 64' lang='grc' dir='ltr'>δέ</span> <span class='ocrx_word' id='word_1_718' title='bbox 3678 4904 3844 4980; x_wconf 82' lang='grc' dir='ltr'>ὑπερ-</span> 
     </span>
    </p>
   </div>
   <div class='ocr_carea' id='block_1_107' title="bbox 2191 4989 3845 5071">
    <p class='ocr_par' dir='ltr' id='par_1_107' title="bbox 2191 4989 3845 5071">
     <span class='ocr_line' id='line_1_108' title="bbox 2191 4989 3845 5071; baseline -0.004 -18"><span class='ocrx_word' id='word_1_719' title='bbox 2191 4992 2486 5066; x_wconf 78' lang='grc' dir='ltr'>ϐεϐηκυίας</span> <span class='ocrx_word' id='word_1_720' title='bbox 2535 4996 2756 5071; x_wconf 70' lang='grc' dir='ltr'>ἑτέρως,</span> <span class='ocrx_word' id='word_1_721' title='bbox 2789 4996 2864 5050; x_wconf 83' lang='grc' dir='ltr'>ὧν</span> <span class='ocrx_word' id='word_1_722' title='bbox 2913 4993 3054 5057; x_wconf 78' lang='grc' dir='ltr'>ένίας</span> <span class='ocrx_word' id='word_1_723' title='bbox 3102 4996 3193 5049; x_wconf 84' lang='grc' dir='ltr'>καὶ</span> <span class='ocrx_word' id='word_1_724' title='bbox 3234 4992 3510 5068; x_wconf 83' lang='grc' dir='ltr'>ὀνομάζει·</span> <span class='ocrx_word' id='word_1_725' title='bbox 3563 4992 3614 5047; x_wconf 80' lang='grc' dir='ltr'>έν</span> <span class='ocrx_word' id='word_1_726' title='bbox 3648 4989 3706 5047; x_wconf 72' lang='grc' dir='ltr'>δὲ</span> <span class='ocrx_word' id='word_1_727' title='bbox 3762 4996 3845 5065; x_wconf 79' lang='grc' dir='ltr'>τῷ</span> 
     </span>
    </p>
   </div>
   <div class='ocr_carea' id='block_1_108' title="bbox 2190 5080 3845 5162">
    <p class='ocr_par' dir='ltr' id='par_1_108' title="bbox 2190 5080 3845 5162">
     <span class='ocr_line' id='line_1_109' title="bbox 2190 5080 3845 5162; baseline -0.004 -20"><span class='ocrx_word' id='word_1_728' title='bbox 2190 5087 2313 5158; x_wconf 73' lang='grc' dir='ltr'>ὶξῆς</span> <span class='ocrx_word' id='word_1_729' title='bbox 2362 5084 2645 5162; x_wconf 81' lang='grc' dir='ltr'>κεφαλαίῳ</span> <span class='ocrx_word' id='word_1_730' title='bbox 2692 5089 2800 5139; x_wconf 79' lang='grc' dir='ltr'>τῶν</span> <span class='ocrx_word' id='word_1_731' title='bbox 2856 5082 3004 5138; x_wconf 85' lang='grc' dir='ltr'>έννέα</span> <span class='ocrx_word' id='word_1_732' title='bbox 3050 5087 3338 5159; x_wconf 82' lang='grc' dir='ltr'>ταγμάτων</span> <span class='ocrx_word' id='word_1_733' title='bbox 3381 5085 3653 5156; x_wconf 82' lang='grc' dir='ltr'>μυστικῶς</span> <span class='ocrx_word' id='word_1_734' title='bbox 3702 5080 3845 5137; x_wconf 87' lang='grc' dir='ltr'>ἀπο-</span> 
     </span>
    </p>
   </div>
   <div class='ocr_carea' id='block_1_109' title="bbox 2196 5170 3844 5251">
    <p class='ocr_par' dir='ltr' id='par_1_109' title="bbox 2196 5170 3844 5251">
     <span class='ocr_line' id='line_1_110' title="bbox 2196 5170 3844 5251; baseline -0.003 -22"><span class='ocrx_word' id='word_1_735' title='bbox 2196 5173 2549 5251; x_wconf 80' lang='grc' dir='ltr'>μνημονεύει·</span> <span class='ocrx_word' id='word_1_736' title='bbox 2579 5177 2669 5227; x_wconf 83' lang='grc' dir='ltr'>νῦν</span> <span class='ocrx_word' id='word_1_737' title='bbox 2699 5171 2758 5227; x_wconf 72' lang='grc' dir='ltr'><strong>δί</strong></span> <span class='ocrx_word' id='word_1_738' title='bbox 2785 5170 2988 5235; x_wconf 84' lang='grc' dir='ltr'>τελέως</span> <span class='ocrx_word' id='word_1_739' title='bbox 3035 5170 3201 5247; x_wconf 86' lang='grc' dir='ltr'>λέγει,</span> <span class='ocrx_word' id='word_1_740' title='bbox 3256 5172 3339 5227; x_wconf 78' lang='grc' dir='ltr'>ὅτι</span> <span class='ocrx_word' id='word_1_741' title='bbox 3372 5174 3425 5227; x_wconf 75' lang='grc' dir='ltr'>αἱ</span> <span class='ocrx_word' id='word_1_742' title='bbox 3455 5171 3718 5244; x_wconf 86' lang='grc' dir='ltr'>ἀνώτεραι</span> <span class='ocrx_word' id='word_1_743' title='bbox 3744 5171 3844 5225; x_wconf 84' lang='grc' dir='ltr'>τά-</span> 
     </span>
    </p>
   </div>
   <div class='ocr_carea' id='block_1_110' title="bbox 2194 5256 3844 5337">
    <p class='ocr_par' dir='ltr' id='par_1_110' title="bbox 2194 5256 3844 5337">
     <span class='ocr_line' id='line_1_111' title="bbox 2194 5256 3844 5337; baseline -0.004 -17"><span class='ocrx_word' id='word_1_744' title='bbox 2194 5266 2298 5337; x_wconf 80' lang='grc' dir='ltr'>ξεις</span> <span class='ocrx_word' id='word_1_745' title='bbox 2346 5263 2651 5319; x_wconf 81' lang='grc' dir='ltr'>ἐπίστανται</span> <span class='ocrx_word' id='word_1_746' title='bbox 2704 5263 2797 5336; x_wconf 69' lang='grc' dir='ltr'>μέν</span> <span class='ocrx_word' id='word_1_747' title='bbox 2849 5262 2948 5318; x_wconf 80' lang='grc' dir='ltr'>ὅσα</span> <span class='ocrx_word' id='word_1_748' title='bbox 2996 5263 3050 5317; x_wconf 76' lang='grc' dir='ltr'>αἱ</span> <span class='ocrx_word' id='word_1_749' title='bbox 3095 5256 3494 5333; x_wconf 76' lang='grc' dir='ltr'>ὑποϐεϐηκυῖαι</span> <span class='ocrx_word' id='word_1_750' title='bbox 3530 5257 3601 5315; x_wconf 81' lang='grc' dir='ltr'>δι’</span> <span class='ocrx_word' id='word_1_751' title='bbox 3631 5258 3844 5333; x_wconf 81' lang='grc' dir='ltr'>έλλάμ-</span> 
     </span>
    </p>
   </div>
   <div class='ocr_carea' id='block_1_111' title="bbox 1132 5409 2662 5484">
    <p class='ocr_par' dir='ltr' id='par_1_111' title="bbox 1132 5409 2662 5484">
     <span class='ocr_line' id='line_1_112' title="bbox 1132 5409 2662 5484; baseline -0.003 -15"><span class='ocrx_word' id='word_1_752' title='bbox 1132 5412 1205 5483; x_wconf 89' lang='grc' dir='ltr'>(ο)</span> <span class='ocrx_word' id='word_1_753' title='bbox 1235 5411 1402 5468; x_wconf 89' lang='lat' dir='ltr'>Joan.</span> <span class='ocrx_word' id='word_1_754' title='bbox 1437 5427 1515 5479; x_wconf 80' lang='lat' dir='ltr'>tv,</span> <span class='ocrx_word' id='word_1_755' title='bbox 1543 5412 1618 5480; x_wconf 88' lang='lat'>6;</span> <span class='ocrx_word' id='word_1_756' title='bbox 1654 5409 1856 5466; x_wconf 86' lang='lat' dir='ltr'>Matth.</span> <span class='ocrx_word' id='word_1_757' title='bbox 1891 5426 1967 5482; x_wconf 85' lang='grc' dir='ltr'>ιν,</span> <span class='ocrx_word' id='word_1_758' title='bbox 1995 5411 2051 5465; x_wconf 87' lang='grc'>2.</span> <span class='ocrx_word' id='word_1_759' title='bbox 2131 5411 2206 5484; x_wconf 88' lang='lat' dir='ltr'>(p)</span> <span class='ocrx_word' id='word_1_760' title='bbox 2234 5414 2405 5467; x_wconf 87' lang='lat' dir='ltr'>Joan.</span> <span class='ocrx_word' id='word_1_761' title='bbox 2437 5426 2576 5478; x_wconf 83' lang='lat' dir='ltr'>xvu,</span> <span class='ocrx_word' id='word_1_762' title='bbox 2606 5411 2662 5465; x_wconf 87' lang='lat'>6.</span> 
     </span>
    </p>
   </div>
   <div class='ocr_carea' id='block_1_112' title="bbox 1388 5562 2801 5624">
    <p class='ocr_par' dir='ltr' id='par_1_112' title="bbox 1388 5562 2801 5624">
     <span class='ocr_line' id='line_1_113' title="bbox 1388 5562 2801 5624; baseline -0.001 -5"><span class='ocrx_word' id='word_1_763' title='bbox 1388 5564 1639 5623; x_wconf 60' lang='lat' dir='ltr'>VARIIE</span> <span class='ocrx_word' id='word_1_764' title='bbox 1678 5564 2076 5624; x_wconf 76' lang='lat' dir='ltr'>LECTIONES</span> <span class='ocrx_word' id='word_1_765' title='bbox 2109 5566 2203 5623; x_wconf 85' lang='lat' dir='ltr'>ET</span> <span class='ocrx_word' id='word_1_766' title='bbox 2243 5562 2801 5621; x_wconf 81' lang='lat' dir='ltr'>COBRECTIONES.</span> 
     </span>
    </p>
   </div>
   <div class='ocr_carea' id='block_1_113' title="bbox 498 5663 2076 5745">
    <p class='ocr_par' dir='ltr' id='par_1_113' title="bbox 498 5664 2076 5745">
     <span class='ocr_line' id='line_1_114' title="bbox 498 5664 2076 5745; baseline 0.006 -20"><span class='ocrx_word' id='word_1_767' title='bbox 498 5664 571 5706; x_wconf 77' lang='lat'>“&quot;</span> <span class='ocrx_word' id='word_1_768' title='bbox 601 5668 733 5727; x_wconf 81' lang='lat' dir='ltr'>Hae</span> <span class='ocrx_word' id='word_1_769' title='bbox 764 5668 981 5728; x_wconf 85' lang='lat' dir='ltr'>desunt</span> <span class='ocrx_word' id='word_1_770' title='bbox 1007 5669 1069 5727; x_wconf 89' lang='lat' dir='ltr'>in</span> <span class='ocrx_word' id='word_1_771' title='bbox 1100 5667 1317 5726; x_wconf 82' lang='lat' dir='ltr'>Graoo.</span> <span class='ocrx_word' id='word_1_772' title='bbox 1390 5668 1438 5706; x_wconf 79' lang='grc'>⁸⁸</span> <span class='ocrx_word' id='word_1_773' title='bbox 1466 5667 1776 5745; x_wconf 67' lang='grc' dir='ltr'>εἰρημιθον-</span> <span class='ocrx_word' id='word_1_774' title='bbox 1852 5668 1899 5707; x_wconf 77' lang='grc'>³⁸</span> <span class='ocrx_word' id='word_1_775' title='bbox 1928 5666 2076 5743; x_wconf 69' lang='grc' dir='ltr'>ἆγγέῖ</span> 
     </span>
    </p>
   </div>
   <div class='ocr_carea' id='block_1_114' title="bbox 2192 5663 3239 5745">
    <p class='ocr_par' dir='ltr' id='par_1_114' title="bbox 2202 5663 3239 5741">
     <span class='ocr_line' id='line_1_115' title="bbox 2202 5663 3239 5741; baseline -0.003 -19"><span class='ocrx_word' id='word_1_776' title='bbox 2202 5665 2483 5736; x_wconf 79' lang='grc' dir='ltr'>θεότητος.</span> <span class='ocrx_word' id='word_1_777' title='bbox 2558 5666 2603 5703; x_wconf 75' lang='grc'>⁸⁷</span> <span class='ocrx_word' id='word_1_778' title='bbox 2635 5669 2877 5741; x_wconf 78' lang='grc' dir='ltr'>Γραφῆς,</span> <span class='ocrx_word' id='word_1_779' title='bbox 2909 5663 3239 5735; x_wconf 71' lang='lat' dir='ltr'>Scriptura.</span> 
     </span>
    </p>
   </div>
  </div>
