4158 6370
242 387 307 443 61
976 391 1035 443 S.
1074 388 1346 443 HAXIMI
1381 386 1687 443 SCHOLIA
1720 387 1797 442 IN
1836 386 1924 439 LI]

2040 386 2110 442 )E
2146 385 2469 440 C(ELESTI
2507 383 2983 439 ΗΙΕΒΑΒΟΗΙΔ.
3613 380 3687 437 62

251 516 392 588 ψεως
428 510 759 586 μεμύηνται
797 530 811 544 ’
854 512 1184 588 γινώσκουσι
1234 507 1291 566 δὲ
1327 511 1416 566 καὶ
1448 507 1607 585 ἕτερα
1632 512 1753 573 ταῖς
1785 508 1920 564 ὑπο-

2040 526 2309 582 gnoscere
2329 524 2463 564 vero
2482 508 2659 565 etiam
2682 506 2798 563 alia
2820 505 3104 579 subjectis
3120 505 3454 580 incognita;
3481 523 3688 579 quam-

258 600 531 676 κειμέναις
583 598 886 679 ἄγνωσταο
945 600 990 657 εἷ
1051 598 1109 657 δὲ
1166 600 1256 655 καὶ
1318 598 1491 664 οὕτως
1550 599 1714 668 ἐστὶν,
1776 597 1929 671 ὅμως

262 696 455 768 γενικῷ
493 692 733 767 ὀνοματι
766 692 859 748 καὶ
902 689 1128 769 ἄγγελοι
1177 687 1285 755 ἴσθ’
1317 688 1406 745 ὅτε
1435 688 1731 744 καλοῦνται
1755 689 1929 744 πάντα

262 782 326 838 τὰ
357 782 532 852 νοητά
560 783 841 856 τάγματα.
875 780 1020 852 Φησὶ
1066 777 1124 835 δὲ
1170 779 1257 835 καὶ
1288 776 1377 835 διὰ
1402 778 1478 847 τί,
1508 779 1583 842 ὡς
1615 777 1668 833 έν
1695 783 1775 851 τῷ
1804 778 1927 833 ἱκα-

265 876 441 943 τοστῷ
476 868 717 946 δευτέρῳ
769 870 977 945 ψαλμῷ
1013 890 1026 903 ’
1072 866 1369 945 Εὖλογεῖτε
1414 869 1507 923 τὸν
1540 867 1754 943 Κύριον,
1786 870 1925 922 πάν-

260 982 347 1024 τες
388 962 441 1017 οἱ
494 958 732 1037 ἄγγελοι
789 958 954 1015 αὐτοῦ
983 979 994 991 ·
1028 959 1119 1014 καὶ
1171 957 1223 1014 ἐν
1281 962 1361 1030 τῷ
1412 958 1684 1029 ἑκατοστῷ
1710 956 1877 1032 τρίτῳ
1911 976 1924 989 ⁸

260 1053 320 1109 Ὀ
374 1054 552 1106 ποιῶν
601 1047 732 1111 τοὺς
803 1047 1071 1124 ἀγγέλους
1137 1047 1306 1103 αὐτοῦ
1364 1046 1661 1119 πνεύματα,
1714 1046 1805 1100 καὶ
1860 1047 1929 1101 τὰ

260 1138 411 1209 ἑξῆς.
445 1138 562 1196 Οὐκ
606 1136 944 1216 ἀντιστρέφει
997 1134 1055 1193 δὲ
1103 1138 1131 1192 6
1164 1134 1335 1211 λόγος
1369 1177 1383 1191 .
1414 1136 1480 1190 τὰ
1512 1135 1616 1211 γὰρ
1649 1129 1926 1205 61:06:61;-

258 1230 396 1284 κότα
430 1227 531 1283 οόκ
560 1226 888 1299 ὀνομάζεται
936 1229 1016 1297 τῷ
1056 1230 1167 1281 τῶν
1217 1225 1500 1301 ἀνωτέρων
1535 1227 1877 1301 γνωρίσματι
1910 1245 1922 1259 ·

258 1316 350 1372 καὶ
412 1316 498 1372 δτι
546 1313 637 1371 διὰ
680 1319 789 1371 τῶν
840 1308 1285 1389 ὑπερϐεϐηκυιῶν
1341 1311 1621 1388 δυνάμεων
1679 1313 1735 1368 αἱ
1793 1314 1927 1369 ὑπο-

262 1400 565 1476 ϐεϐηκυῖαι
595 1408 1093 1481 μυπαγωγοῦνται.

340 1496 848 1571 Ἀποπερατοῦσαν.
938 1493 1197 1549 Σουτέστι
1288 1491 1388 1561 τήν
1476 1490 1713 1568 ἐσχάτην
1781 1489 1924 1562 τάξιν

263 1588 375 1639 τῶν
410 1580 716 1660 ἀγγελικῶν
751 1580 1057 1653 διατάξεων.

337 1673 529 1746 Φαμὲν
565 1669 643 1730 δέ.
695 1672 1052 1746 Ἐρωτησειεν
1104 1667 1164 1725 ἄν
1215 1691 1300 1733 τις
1334 1691 1346 1705 ·
1401 1668 1571 1728 Αὗται
1625 1671 1682 1725 αἱ
1709 1674 1817 1725 τῶν
1842 1668 1931 1725 οὖ-

262 1761 464 1836 ρανίων
508 1762 714 1833 τάξεις,
798 1759 853 1815 αἶ
913 1754 1278 1835 ὑπερϐηκυῖαι
1327 1759 1393 1827 ³⁸,
1461 1757 1550 1814 καὶ
1603 1758 1927 1833 κατώτεραι,

260 1851 353 1905 καὶ
403 1847 485 1905 ἔτι
545 1848 830 1928 ὑφειμέναι
901 1847 1076 1910 οὕτως
1137 1845 1409 1923 ἐγένοντο,
1472 1846 1612 1903 ὥστε
1664 1849 1764 1919 τὴν
1830 1846 1923 1920 μὲν

260 1938 537 2015 ἀνωτέραν
595 1939 752 2011 εἶναι,
808 1939 908 2007 τήν
961 1934 1019 1993 δὲ
1083 1938 1443 2012 κατωτέραν;
1503 1938 1606 1994 Καὶ
1666 1934 1921 2014 λέγομεν,

258 2030 344 2084 ὅτι
383 2029 476 2083 καὶ
522 2028 591 2083 τὸ.
628 2027 800 2084 νοητᾶ
847 2028 1020 2082 πάντα
1067 2025 1382 2098 αὐτεξούσια
1432 2023 1863 2103 ἰδημιούργησεν
1895 2025 1922 2079 6

258 2118 432 2179 Θεός·
496 2116 549 2172 εἷ’
594 2119 699 2193 γὰρ
759 2118 787 2171 6
847 2117 1134 2188 ἄνθρωπος
1181 2114 1522 2186 αὖτεξούσιος
1583 2114 1813 2192 ἐγένετο,
1864 2114 1924 2170 ἐκ

258 2211 464 2281 χοϊκοῦ
495 2207 819 2281 φυράματος
849 2205 936 2260 καὶ
985 2207 1172 2280 ψυχῆς
1202 2204 1489 2279 ὑπάρχων,
1522 2204 1676 2278 πόσῳ
1710 2203 1920 2278 μᾶλλον

260 2296 316 2350 αἱ
347 2296 544 2366 νοηταὶ
577 2291 859 2367 δυνάμεις,
893 2294 947 2349 αἱ
980 2291 1150 2368 μηδὲν
1196 2290 1421 2369 ἔχουσαι
1462 2291 1660 2368 γεῶδες
1692 2290 1728 2363 ἤ
1764 2293 1923 2369 βαρὺ,

263 2383 605 2457 αὖτεξούσιοι
667 2383 955 2460 έγένοντος
1017 2385 1130 2441 Τοῦ
1197 2383 1300 2458 γὰρ
1358 2382 1447 2438 καὶ
1513 2385 1548 2453 ἡ
1610 2383 1727 2447 θεία
1780 2403 1923 2459 παρ-

272 2472 455 2544 ίστησι
504 2473 717 2552 Γραφή,
768 2472 1023 2549 λέγουσα,
1079 2473 1169 2527 τὸν
1233 2466 1492 2527 διάϐολον
1550 2471 1601 2543 ἐξ
1627 2471 1922 2547 ἀγγελικῆς

266 2562 535 2624 ἱκουσίως
568 2560 808 2617 ἐκπεσεῖν
854 2562 1056 2634 τάξεως
1089 2578 1103 2594 ⁶
1154 2560 1247 2615 καὶ
1278 2558 1437 2622 οὗτος
1468 2557 1525 2615 δὲ
1555 2561 1582 2615 ὁ
1611 2565 1753 2624 θεῖος
1786 2561 1923 2635 ἀνὴρ

264 2653 371 2726 πρὸ
430 2649 528 2707 δύο
561 2654 606 2689 ³⁸
655 2649 882 2730 φύλλων
933 2650 1059 2728 περὶ
1111 2648 1414 2728 ἀγγελικῶν
1464 2648 1739 2725 δυνάμεων
1775 2670 1787 2682 ·
1840 2652 1923 2705 ὅτι

266 2744 485 2812 νοητῶς
542 2740 643 2816 γὰρ
702 2738 790 2795 ἐπὶ
848 2740 913 2795 τὸ
973 2739 1310 2814 θεομίμητον
1372 2739 1560 2801 ἑαυτὰς
1609 2739 1924 2795 ἀποτυποῦ-

265 2850 375 2900 cat,
464 2828 559 2883 καὶ
634 2829 771 2904 πρὸς
851 2830 950 2899 τὴν
1041 2829 1338 2905 θεαρχικὴν
1426 2827 1712 2907 ἐμφέρειαν
1770 2829 1927 2904 ὑπερ-

264 2918 519 2991 κοσμίως
570 2919 779 2993 ἁρῶσαι
834 2918 927 2973 καὶ
980 2922 1227 2996 μορφοῦν
1283 2916 1558 2994 ἐφιέμεναι
1616 2918 1679 2972 τὸ
1735 2918 1922 2992 νοερὸν

268 3005 449 3063 αὐτῶν
509 3003 651 3069 εἶδος
687 3025 698 3037 ·
762 3005 815 3077 ἐξ
874 3002 946 3060 ὧν
1009 3004 1224 3061 πάντων
1286 3001 1576 3075 δείκνυται,
1631 3004 1706 3067 ὡς
1764 3005 1923 3059 αὖτο-

267 3096 591 3171 προαίρετοι
639 3094 730 3150 καὶ
788 3093 1122 3166 αὐτεξούσιοί
1154 3092 1284 3149 εἰσιν
1318 3095 1373 3149 αἱ
1421 3093 1611 3165 νοηταῖ
1648 3090 1923 3167 δυνάμεις,

262 3184 512 3247 Εἰκότως
553 3185 644 3240 οὗν
695 3205 885 3262 φησιν,
936 3185 1018 3239 ὅτι
1069 3184 1266 3255 ἑκάστη
1311 3182 1449 3258 πρὸς
1494 3184 1591 3253 τὴν
1626 3182 1922 3259 ἀναλογίαν

2032 599 2123 655 vis
2153 601 2346 654 autem
2382 615 2473 653 res
2505 597 2588 653 ita
2617 614 2679 654 se
2708 597 3208 668 habeat,attamen
3239 595 3561 669 aliquando
3592 612 3691 669 ge-

2034 688 2214 745 nerali
2247 688 2503 759 nomine,
2529 684 2934 758 intelligibiles
2962 685 3198 742 ordines
3230 685 3487 742 universi
3510 685 3686 742 etiam

2034 777 2224 850 angeli
2267 777 2658 850 appellantur.
2692 775 2843 832 Dicit
2890 779 3084 832 autem
3134 779 3192 832 et
3230 791 3495 842 causam,
3530 778 3595 831 ut
3628 776 3688 831 in

2034 865 2264 938 psalmo
2294 866 2615 922 centesimo
2647 865 2925 932 secundo,
2950 867 2983 935 i’
3014 866 3115 921 20:
3149 865 3470 921 Benedicile
3499 866 3688 921 Domi-

2033 972 2189 1021 num,
2221 971 2404 1011 omnes
2433 956 2622 1025 angeli
2649 955 2853 1027 ejus,et
2882 954 2941 1009 in
2975 953 3296 1010 centesimo
3318 953 3572 1023 tertioﬁ.
3607 955 3638 1009 4
3674 971 3688 1009 :

2033 1046 2266 1100 Faciem
2306 1045 2529 1115 angelos
2573 1061 2703 1100 suo:
2744 1045 2997 1115 spiiitus,
3048 1048 3107 1099 et
3158 1060 3283 1115 quae
3334 1048 3686 1115 sequuntur.

2034 1134 2159 1192 Non
2220 1135 2612 1206 reciprocatur
2670 1139 2865 1189 autem
2926 1134 3477 1189 sermo:inferiora
3531 1133 3690 1188 enim

2035 1240 2148 1279 non
2183 1222 2554 1296 appellantur
2582 1222 2820 1278 nomine
2849 1221 3217 1294 superiorum
3252 1237 3266 1275 :
3299 1225 3356 1277 et
3384 1220 3690 1278 inferiores

2035 1312 2428 1368 instituuntur
2459 1328 2491 1367 a
2520 1312 2926 1384 superioribus
2957 1310 3296 1367 virtutibus.
3364 1357 3373 1368 .

2108 1492 2535 1546 Terminanlem.
2572 1492 2688 1546 Hoc
2720 1494 2811 1546 est
2838 1494 3167 1548 extremum
3217 1491 3486 1548 ordinem
3520 1505 3694 1564 ange-

2033 1580 2280 1637 licarum
2313 1580 2794 1651 dispositionum.

2105 1671 2411 1726 Asserimus
2468 1674 2675 1725 autem.
2711 1669 3093 1742 Interrogarit
3150 1668 3389 1742 aliquis,
3434 1687 3575 1727 num
3637 1669 3691 1727 si

2034 1758 2360 1816 caelestium
2382 1758 2618 1814 ordines
2642 1758 2974 1830 superiores
2996 1762 3052 1813 et
3080 1757 3386 1814 interiores
3407 1764 3467 1816 et
3495 1758 3689 1814 adhuc

2038 1849 2322 1905 submissi
2355 1847 2436 1904 ita
2468 1847 2777 1919 exsistant,
2798 1850 2864 1901 ut
2890 1846 2985 1902 hic
3015 1846 3255 1918 quidem
3288 1847 3559 1919 superior
3586 1847 3686 1918 sit,

2033 1938 2132 1995 ille
2161 1943 2358 1994 autem
2392 1937 2681 1993 inferior?
2701 1938 2771 1992 Et
2802 1936 3076 2008 dicimus,
3095 1938 3275 1993 Deum
3297 1935 3692 2009 intelligibilia

2033 2028 2231 2085 omnia
2261 2027 2595 2083 condidisse
2644 2025 2866 2095 libera;
2901 2025 2949 2081 si
2982 2026 3137 2082 enim
3170 2026 3348 2082 homo
3379 2025 3529 2082 liber
3557 2026 3689 2095 fuit,

2031 2133 2095 2174 ex
2133 2117 2406 2190 pulverea
2465 2134 2662 2172 massa
2715 2123 2767 2172 et
2829 2116 3026 2172 anima
3083 2116 3434 2182 consistens,
3467 2119 3690 2188 quanto

2033 2208 2223 2279 magis
2256 2206 2657 2279 intelligibiles
2685 2205 2954 2275 virtutes,
2988 2204 3132 2261 nihil
3164 2208 3439 2261 terrestre
3468 2204 3690 2262 haben-

2031 2300 2120 2352 tes
2154 2300 2256 2351 aut
2305 2311 2500 2368 grave,
2532 2294 2728 2351 liberas
2772 2295 3055 2351 fuerunt?
3087 2296 3201 2350 Hoc
3248 2293 3460 2351 etenim
3494 2295 3692 2351 divina

2034 2388 2415 2456 repraesentat
2444 2384 2750 2457 Scriptura
2779 2385 3000 2451 dicens,
3032 2382 3333 2440 diabolum
3363 2382 3690 2440 voluntarie

2034 2490 2104 2531 ex
2133 2474 2392 2545 angelico
2442 2472 2749 2545 delapsum
2780 2473 3003 2527 ordine.
3040 2472 3142 2527 Hic
3192 2488 3425 2544 quoque
3456 2471 3690 2529 divinus

2032 2565 2123 2619 vir
2152 2568 2287 2618 ante
2327 2563 2444 2617 duo
2477 2561 2629 2630 folia,
2664 2563 2735 2617 de
2768 2560 3048 2633 angelicis
3098 2561 3421 2617 virtutibus
3451 2561 3639 2634 (dicit)
3675 2578 3689 2618 :

2034 2654 2135 2711 20
2165 2650 2629 2723 Intelligibzliler
2656 2654 2804 2707 enim
2832 2652 3039 2722 seipsas
3065 2649 3136 2706 ad
3170 2652 3265 2706 Dei
3314 2652 3692 2707 imitationem

2031 2743 2415 2815 efformantes,
2449 2744 2498 2795 el
2528 2741 2590 2795 in
2639 2739 2887 2794 divinam
2916 2739 3341 2795 simzlitudinem
3366 2755 3690 2810 supermun-

2033 2832 2181 2888 dane
2210 2832 2553 2902 aspicientes,
2587 2833 2751 2902 atque
2773 2830 3025 2902 formare
3052 2830 3325 2901 cupientes
3359 2829 3690 2898 intelligibi—

2033 2922 2142 2977 lem
2168 2937 2330 2976 suam
2377 2920 2649 2990 speciem;
2680 2934 2748 2974 ex
2779 2918 2991 2989 quibus
3024 2917 3300 2974 omnibus
3339 2917 3689 2979 ostenditur,

2035 3010 2331 3084 quomodo
2362 3008 2595 3079 proprio
2627 3006 2868 3062 arbitrio
2908 3010 2966 3061 et
2994 3007 3233 3079 propria
3264 3005 3534 3063 libertate
3564 3007 3692 3062 fru-

2034 3104 2209 3157 antur
2228 3096 2629 3169 intelligibiles
2657 3096 2900 3152 virtutes
2932 3111 2945 3151 :
2982 3096 3363 3168 probabiliter
3392 3095 3573 3169 igitur
3602 3095 3692 3151 di-

2034 3190 2134 3258 cit,
2168 3202 2652 3259 unumquemque
2694 3184 2961 3241 ordinem
3011 3202 3114 3256 pro
3154 3184 3528 3257 proportione
3557 3201 3689 3257 pro-

262 3281 361 3345 τῆς
412 3272 554 3337 ἲδίας
607 3258 717 3329 τοῦ-
761 3275 963 3348 ἀγαθοῦ
1016 3272 1247 3353 ἐφέσεως
1303 3270 1645 3347 έλλάμπεται
1707 3258 1848 3338 θείας
1879 3275 1923 3310 ⁴⁰

2040 3279 2175 3352 priaa
2207 3278 2343 3334 boni
2376 3258 2738 3349 cupiditatis
2782 3273 3069 3330 illustrari
3119 3274 3320 3329 divina
3351 3274 3692 3330 considera-

264 3366 623 3435 κατανοήσεις
649 3383 662 3396 ·
697 3360 788 3418 διὰ
815 3367 975 3418 τοῦτο
1021 3362 1110 3418 καὶ
1158 3362 1333 3433 τάξεις
1365 3362 1679 3435 καλοῦνται,
1710 3364 1921 3439 βαθμη-

268 3451 381 3521 δὸν,
420 3451 603 3528 ὥσπερ
630 3459 730 3524 τῆς
764 3451 817 3508 έν
867 3451 1054 3515 αὐταῖς
1106 3452 1336 3529 ἐφέσεως
1374 3450 1610 3526 [οὕσης].
1645 3449 1734 3506 διὰ
1758 3456 1920 3507 τοῦτο

268 3543 520 3609 ἐνταῦθα,
567 3543 755 3621 φησὶν,
802 3541 904 3596 οὐκ
956 3538 1071 3617 ἔχει
1118 3538 1311 3615 λόγον,
1359 3540 1462 3609 τὴν
1491 3538 1801 3595 τελευταίαν
1833 3540 1921 3594 τά·

268 3632 343 3704 ξιν
377 3632 622 3710 πραφίμ
665 3629 703 3699 ἤ
752 3629 976 3706 Θρόνους
1032 3628 1338 3703 ὀνομάζειν.
1392 3630 1710 3701 Σημείωσαι
1746 3626 1803 3683 δὲ
1832 3627 1922 3684 διὰ

263 3723 314 3776 τί
345 3719 642 3777 καλοῦνται
672 3718 849 3774 πάντά
883 3719 953 3774 τὰ
1006 3720 1254 3793 τάγματα
1302 3716 1533 3793 ἄγγελοι
1567 3737 1581 3750 ·
1617 3717 1702 3773 ὅτι
1734 3718 1785 3772 οἳ
1825 3739 1919 3772 κυ-

266 3810 401 3887 ρίως
460 3807 684 3885 ἄγγελοι
728 3808 988 3883 ἀνάγουσι
1041 3806 1172 3870 τοὺς
1227 3807 1414 3882 ἱεροῦς
1459 3806 1781 3882 ἀνθρώπους
1832 3807 1919 3862 ἐπὶ

263 3901 358 3962 τὰς
394 3898 745 3974 ἐγνωσμέδας
778 3897 960 3959 αὐτοῖς
988 3895 1136 3959 θείας
1163 3896 1350 3974 αὐγάς.

332 3985 501 4045 Ἀλλ’
552 3986 735 4064 ὥσπερ
784 3986 943 4056 αὕτη.
984 3987 1053 4043 Ἡ
1090 3990 1198 4042 τῶν
1260 3985 1508 4063 ἀγγέλων
1561 3982 1776 4058 δηλαδή
1814 3988 1919 4041 τά·

269 4078 369 4150 εις.

333 4168 481 4231 Τοὺς
525 4167 646 4222 καθ’
698 4168 877 4239 ἡμᾶς.
930 4168 1050 4224 Τῶν
1092 4162 1550 4220 ἐποπτικωτάτων
1614 4163 1925 4238 μυστηρίων

266 4256 477 4313 τούτων
539 4254 871 4334 ἰμφορηθεὶς
936 4256 964 4309 ὁ
1042 4253 1188 4328 ἱερὸς
1243 4254 1543 4324 Διονύσιος,
1597 4244 1923 4310 ἐκκαλύπτει

270 4345 472 4420 λέγων,
528 4346 602 4407 ὡς
661 4347 697 4414 ἡ
763 4345 857 4417 μὲν
932 4342 1217 4399 τελευταία
1288 4340 1457 4416 τᾶξις,
1515 4346 1550 4413 ἠ
1605 4342 1919 4417 καλουμένη

265 4432 514 4511 ἄγγελοι,
575 4432 705 4495 τοὺς
754 4432 805 4488 έν
866 4431 1174 4504 ἀνθρώποις
1223 4433 1486 4507 ἱεράρχας
1532 4435 1641 4486 τῶν
1693 4430 1926 4504 Ἐκκλη-

264 4529 401 4580 σιῶν
432 4520 860 4598 παιδαγωγικῶς
908 4524 1343 4596 χειραγωγοῦσιν
1377 4519 1464 4576 ἐπὶ
1493 4522 1593 4589 τὴν
1627 4522 1761 4595 πρὸς
1794 4523 1924 4577 Θεὸν

2029 3367 2222 3435 tione;
2268 3365 2398 3421 ideo
2450 3367 2506 3419 et
2554 3364 2788 3419 ordines
2836 3367 3158 3431 vocantur;
3204 3363 3519 3435 gradatim,
3568 3366 3696 3417 tan-

2030 3473 2208 3529 quam
2240 3454 2562 3526 cupiditate
2592 3453 2651 3508 in
2683 3453 2830 3525 ipsis
2863 3451 3183 3508 exsistente
3221 3468 3235 3509 :
3264 3455 3570 3523 propterea
3598 3450 3691 3506 hic

2027 3546 2266 3617 (inquit)
2298 3542 2462 3598 nulla
2492 3546 2582 3599 est
2612 3542 2783 3607 ratio,
2803 3544 3167 3613 postremum
3202 3540 3470 3598 ordinem
3500 3540 3690 3596 nomi-

2028 3633 2207 3689 nandi
2239 3632 2558 3703 seraphim,
2594 3635 2695 3686 aut
2743 3631 3010 3686 thronos.
3050 3630 3201 3689 Nota
3230 3646 3424 3702 porro,
3459 3633 3695 3703 propter

2028 3723 2168 3795 quid
2200 3726 2481 3777 vocentur
2510 3736 2714 3776 omnes
2746 3720 2983 3776 ordines
3014 3721 3240 3789 angeli;
3274 3718 3547 3791 quia,qui
3567 3734 3696 3791 pro-

2029 3812 2154 3885 prie
2184 3809 2399 3882 angeli,
2450 3809 2680 3865 elevant
2729 3813 2965 3865 sanctos
3019 3808 3290 3865 homines
3322 3809 3393 3864 ad
3425 3808 3694 3881 cognitos

2030 3900 2144 3957 sibi
2172 3900 2401 3955 divinos
2434 3898 2800 3971 splendores.

2102 3990 2204 4046 Sed
2232 3989 2501 4047 sicuthic.
2534 3987 2892 4061 Angelorum
2924 3987 3149 4045 scilicet
3184 3987 3349 4043 ordo.

2101 4168 2343 4233 Nostros,
2374 4170 2469 4222 Gr.
2521 4163 2655 4225 Τοὺς
2703 4164 2822 4227 καθ’
2869 4165 3041 4235 ἡμᾶς.
3093 4164 3388 4237 Mysteriis
3436 4165 3691 4220 maxime

2031 4257 2099 4313 ad
2134 4262 2376 4329 epoptas
2408 4254 2837 4328 pertinentibus
2865 4253 3265 4326 ingurgitatus
3297 4256 3538 4309 sanctus
3560 4253 3692 4308 Dio-

2033 4346 2260 4419 nysius,
2292 4345 2511 4417 detegit
2560 4345 2783 4411 dicens,
2816 4344 2971 4415 quod
3016 4346 3350 4415 postremus
3394 4343 3536 4398 ordo
3588 4340 3691 4415 qui

2037 4441 2299 4507 vocatur,
2346 4435 2554 4505 angeli,
2586 4449 2685 4489 eos
2735 4433 2833 4505 qui
2885 4433 3040 4488 inter
3068 4432 3337 4488 homines
3385 4431 3693 4504 pontifices

2042 4526 2437 4582 Ecclesiarum
2472 4528 2632 4591 sunt,
2663 4522 2964 4595 paedagogi
2996 4537 3159 4578 more
3188 4521 3597 4577 manuducunt
3625 4523 3697 4578 ad

266 4612 559 4687 ἀναγωγήν
598 4631 611 4644 ·
642 4612 742 4680 τὴν
777 4608 834 4665 δὲ
875 4611 1186 4685 κατωτέραν
1231 4608 1377 4680 τάξιν
1409 4608 1601 4679 αὐτὴν,
1632 4612 1731 4680 τήν
1765 4612 1924 4685 ἡμῶν

2040 4614 2254 4671 mentis
2306 4615 2362 4669 in
2409 4619 2589 4669 Deum
2641 4611 3064 4680 elevationem;
3108 4610 3443 4667 inferiorem
3495 4615 3693 4668 autem

263 4700 645 4778 παιδαγωγὸν,
694 4700 785 4755 καὶ
865 4699 961 4763 τάς
1042 4696 1326 4775 βαθμηδὸν
1408 4698 1795 4775 ὑπερκειμένας
1866 4701 1921 4755 αἱ

2040 4704 2230 4777 ipsum
2262 4704 2552 4769 ordinem,
2585 4702 2971 4775 paedagogum
3005 4705 3296 4767 nostrum,
3320 4705 3378 4757 et
3405 4700 3691 4772 gradatim

265 4792 536 4866 ἀνώτεραι
562 4789 637 4853 ὦς
665 4782 1066 4856 ὖποόεϐηκυίας
1104 4792 1550 4864 μυπαγωγοῦσι.

338 4972 458 5035 Τῆς
536 4965 984 5043 ἀποκληρούσης,
1069 4966 1325 5021 Τουτέστι
1408 4973 1508 5037 τῆς
1589 4965 1925 5038 τελευταίας,

268 5066 369 5129 τῆς
409 5062 521 5114 τῶν
566 5056 820 5133 ἀγγέλων
868 5054 1033 5134 φημί.
1085 5055 1404 5131 Σημείωσαι
1458 5054 1536 5125 δὲ,
1588 5057 1672 5110 ὅτι
1721 5054 1927 5130 δοξάζει

268 5148 456 5212 κοινὰς
513 5147 643 5202 εἶναι
699 5146 875 5210 πάσας
928 5146 1026 5211 τὰς
1078 5145 1376 5218 ὀνομασίας
1429 5148 1537 5200 τῶν
1595 5143 1744 5199 ἐννέα
1797 5165 1931 5221 ταγ-

275 5239 481 5309 μάτων,
543 5236 772 5291 ἑκάστου
819 5236 1116 5311 τάγματος,
1188 5230 1278 5288 διὰ
1330 5235 1392 5289 τὸ
1448 5236 1649 5296 κοινῶς
1711 5231 1929 5307 ἐλλάμ-

270 5337 463 5391 πεσθαι
504 5325 564 5381 ἐκ
607 5328 706 5380 τοῦ
745 5323 1021 5387 θεοειδοῦς
1069 5322 1145 5386 εἲς
1175 5323 1273 5392 τὴν
1308 5322 1365 5378 ἐκ
1403 5328 1538 5379 Θεοῦ
1568 5320 1931 5401 φωτοδοσίαν,

272 5416 315 5472 εί
343 5417 435 5472 καὶ
484 5417 560 5491 μὴ
613 5413 843 5490 ὁμοίως.
874 5416 1053 5486 "Em,
1079 5412 1233 5490 φησὶ,
1274 5417 1472 5477 κοινῶς
1522 5412 1783 5488 ὀνομάσαι
1825 5413 1933 5467 πά-

2034 4810 2215 4865 supra
2271 4791 2585 4848 collocatos
2642 4790 2976 4862 superiores
3032 4795 3315 4862 tanquam
3364 4788 3693 4859 inferiores,

2037 4882 2333 4955 mysteriis
2368 4881 2664 4937 imbuunt.

2106 4969 2403 5042 Adimplel,
2435 4973 2532 5024 Gr.
2563 4969 2664 5037 τῆς
2696 4964 3139 5041 ἀποκληρούσης.
3178 4966 3239 5021 Id
3269 4972 3359 5022 est
3389 4966 3695 5038 postremi,

2038 5059 2382 5132 angelorum
2432 5059 2698 5130 inquam.
2730 5058 2877 5114 Nota
2928 5063 3125 5112 aute'n
3173 5056 3325 5127 quod
3376 5055 3701 5113 arbitratur

2040 5164 2386 5204 communes
2442 5162 2571 5203 esse
2628 5145 3047 5219 appellationes
3117 5161 3325 5201 novem
3392 5145 3695 5217 ordinum,

2042 5238 2517 5309 uniuscujusque
2548 5237 2793 5307 ordinis,
2811 5236 2950 5309 quia
2972 5234 3364 5291 communiter
3386 5235 3697 5291 illustran-

2042 5329 2141 5381 tur
2171 5342 2237 5381 ex
2268 5326 2367 5381 Dei
2401 5325 2796 5382 similitudine
2827 5326 2884 5380 in
2920 5324 3163 5380 luminis
3196 5339 3260 5380 ex
3291 5330 3409 5380 Deo
3429 5322 3699 5399 largitio-

2044 5430 2204 5487 nem,
2234 5414 2343 5470 etsi
2377 5430 2493 5470 non
2526 5412 2817 5469 similiter.
2854 5412 3036 5485 Licet,
3066 5412 3280 5486 inquit,
3304 5412 3699 5470 communiter

1298 5585 1541 5643 VARUE
1580 5584 1984 5644 LECTIONES
2022 5586 2115 5644 ET
2152 5583 2691 5646 CORRECTIONES

338 5720 383 5757 ³⁸
406 5710 839 5787 ὑποϐεϐηκυῖαι.
915 5715 962 5753 ³⁸
989 5714 1097 5788 πρό
1124 5732 1291 5777 τινος.
1370 5716 1415 5753 ⁴⁰
1442 5714 1539 5778 τὰς
1570 5711 1735 5780 θείας.
