4158 6370
410 379 486 436 63
1231 390 1607 448 ΔΡΡΕΝΒῙΧ
1642 398 1743 450 ΔΙ)
1778 396 2024 451 OPERA
2058 397 2093 451 ε

2213 395 2474 453 IONYBII
2514 399 3013 456 ABEOPAGITE.
3767 401 3841 456 64

410 505 710 578 appellare
741 523 947 564 omnes
979 507 1381 583 intelligibiles
1421 519 1480 572 et
1510 516 1895 589 incorporeas
1926 518 2084 574 ordi-

2213 538 2291 581 τας
2319 518 2413 581 τὰς
2451 518 2642 595 νοερὰς
2686 519 2776 574 καὶ
2827 521 3148 593 ἀσωμάτους
3202 522 3377 593 τάξεις
3425 520 3515 577 καὶ
3566 524 3686 588 καθ’
3727 520 3839 579 ἰτε-

413 610 538 661 nes,
573 601 631 651 et
683 599 1009 654 secundum
1041 599 1220 656 alium
1284 605 1551 677 modum,
1585 607 1694 663 hoc
1726 612 1815 664 est
1859 606 1994 661 κατὰ
2021 607 2082 661 τὸ

414 681 645 747 θεοειδές
679 688 833 758 quod
866 692 954 743 est
989 693 1316 747 secundum
1353 694 1467 750 Deo
1501 696 1899 753 assimilatum
1933 713 2081 765 esse;

412 773 473 829 in
506 780 798 847 quantum
830 779 1068 851 assequi
1098 781 1422 853 unicuique
1453 785 1723 856 ipsorum
1773 786 1945 854 licet;
1980 786 2085 842 ita-

417 879 531 936 que
574 881 781 921 omnes
831 866 1067 938 quidem
1119 874 1637 941 supermundanos
1687 876 1947 943 ordines,
1984 876 2081 931 Dei

415 951 645 1008 similes
678 956 891 1023 vocari,
926 961 983 1011 et
1012 956 1189 1011 aliam
1222 976 1392 1030 porro
1425 962 1588 1032 ipsos
1632 980 1837 1018 omnes
1869 965 2083 1019 habere

414 1038 801 1097 lucidissime
834 1043 1560 1116 illustrationis,nimirum
1591 1067 1659 1117 ex
1691 1051 1807 1106 Deo
1840 1069 2077 1117 munus,

416 1130 685 1200 quamvis
716 1148 820 1202 pro
855 1135 1142 1205 cujusque
1173 1141 1369 1207 captu,
1403 1144 1505 1193 aut
1560 1137 1777 1207 minus,
1810 1147 1911 1195 aut
1957 1158 2081 1195 am-

414 1217 573 1288 plius
606 1218 923 1277 illustratio
953 1222 1226 1279 donetur.
1266 1228 1324 1279 ln
1358 1225 1509 1282 libro
1541 1234 1737 1284 autem
1770 1230 1841 1285 De
1872 1230 2080 1285 divinis

411 1309 731 1364 nominibus
760 1309 924 1378 dicit,
958 1310 1186 1369 divinos
1218 1313 1377 1370 solos
1408 1315 1523 1371 dici
1555 1317 1781 1375 ordinis
1821 1320 2078 1375 universi

415 1396 743 1466 praefectos.

489 1484 883 1556 Propriclam.
915 1486 1061 1543 Nota
1121 1491 1417 1561 quomodo
1481 1492 1868 1564 proprietates
1924 1494 2081 1550 dicat

417 1573 887 1647 uniuscujusque
918 1577 1147 1633 ordinis
1183 1579 1613 1650 proportiones.

981 1685 1075 1741 21
1122 1689 1196 1741 ΙΝ
1236 1686 1390 1741 CAP.
1431 1687 1526 1742 VI.

490 1788 520 1862 §
552 1793 594 1843 Ι.
627 1790 816 1847 Solam
866 1796 1075 1847 exacte.
1110 1791 1269 1855 Quod
1306 1792 1472 1849 solus
1521 1799 1673 1851 Deus
1705 1796 1803 1867 qui
1834 1801 1890 1852 et
1918 1796 2080 1868 ipsos

2192 627 2284 681 ρον
2346 607 2573 683 τρόπον,
2623 609 2865 663 τουτέστι
2924 610 3060 664 κατὰ
3107 611 3169 665 τὸ
3225 608 3476 683 θεοειδὲς,
3538 610 3671 687 ὅπερ
3728 612 3839 667 leni

2189 696 2326 751 κατὰ
2362 698 2424 751 τὸ
2453 698 2533 767 τῷ
2567 703 2685 770 Θεῷ
2733 697 2963 753 ἰοικέναι
3000 720 3012 733 ⁸
3060 701 3179 763 καθ’
3230 701 3357 754 ὅσον
3397 698 3613 777 ἐφικτὸν
3647 700 3842 775 ἑκάστῃ

2190 784 2367 840 αὐτῶν
2406 805 2418 817 ⁸
2478 785 2615 841 ὥστε
2701 788 2873 849 πάσας
2954 787 3047 859 μὶν
3129 789 3224 850 τὰς
3298 788 3701 863 ὑπὲρκοσμίους
3753 792 3845 844 τά·

2190 874 2297 944 ξεις
2352 872 2609 937 Θεοειδεῖς
2667 873 2974 944 καλεῖσθαι,
3050 876 3139 931 καὶ
3208 878 3389 951 ἑτέραν
3441 875 3499 932 δὲ
3556 878 3844 933 κοινωνίαν

2190 961 2335 1037 ἔχειν
2369 964 2539 1025 πάσας
2573 962 2734 1025 αὐτὰς
2782 965 2879 1032 τὴν
2933 970 3032 1034 τῆς
3077 967 3481 1038 φωτεινοτάτης
3513 965 3845 1039 ἰλλάμψεως

2187 1048 2246 1104 ἐκ
2275 1055 2409 1105 Θεοῦ
2449 1049 2678 1127 δωρεὰν,
2726 1049 2821 1105 κᾶν
2881 1053 3017 1127 πρὸς
3064 1056 3126 1107 τὸ
3171 1053 3366 1127 δκάστῃ
3415 1055 3655 1132 ἐφικτὸν,
3688 1054 3724 1125 ἤ
3757 1055 3842 1110 ἅττ’

2187 1134 2431 1208 ἔλαττον,
2479 1139 2514 1210 ἤ
2568 1140 2655 1195 ἐπὶ
2707 1141 2898 1196 πλεῖον
2944 1144 2979 1211 ἡ
3024 1138 3305 1216 ἵλλαμψις
3361 1140 3609 1199 διδῶται.
3657 1145 3745 1201 Ἐν
3784 1142 3843 1199 δὲ

2185 1233 2264 1301 τῷ
2320 1229 2449 1305 Περὶ
2508 1229 2663 1284 θείων
2716 1230 2999 1303 ὀνομάτων
3070 1230 3225 1306 λόγῳ
3276 1232 3467 1309 φησὶν,
3520 1234 3603 1287 δτι
3655 1234 3841 1306 [θεῖοι]

2191 1315 2350 1392 μόοοι
2383 1317 2630 1394 λέγονται
2661 1321 2713 1374 οἱ
2747 1321 2949 1383 παντὸς
2978 1319 3254 1395 τάγματος
3279 1320 3587 1398 ταξίαρχοι.

2261 1494 2583 1567 Ἰδιότητας.
2636 1498 2952 1570 Σημείωσαι
3009 1504 3127 1561 πῶς
3190 1496 3473 1570 ἰδιότητας
3530 1497 3679 1575 λέγει
3738 1499 3837 1563 τὰς

2188 1586 2418 1656 ἱκάστης
2447 1586 2644 1660 τάξεως
2676 1586 2996 1662 ἀναλογίας.

2685 1696 2799 1751 ΕΙΣ
2839 1699 2924 1753 ΤΟ
2970 1698 3229 1752 ΚΕΦΑΛ.
3263 1696 3329 1759 ς’.

2259 1802 2355 1872 §I.
2415 1801 2603 1870 Μόνην
2662 1797 2925 1875 ἀκριϐῶς.
2984 1804 3103 1857 ’Ότι
3163 1802 3328 1875 μόνος
3387 1804 3415 1857 6
3475 1805 3604 1864 Θεὸς
3654 1803 3681 1857 6
3742 1802 3837 1857 καὶ

418 1879 601 1935 efﬁcit
630 1880 791 1949 deos,
827 1881 987 1936 novit
1016 1887 1288 1937 accurate
1321 1888 1379 1938 et
1412 1883 1570 1955 ipsos
1595 1889 1653 1939 et
1684 1886 1943 1957 ipsorum
1977 1886 2082 1941 mi-

2213 1894 2451 1947 ιεοποιῶν
2501 1889 2717 1961 αὐτοὺς,
2778 1889 2916 1945 οἶδεν
2967 1886 3209 1966 ἀκριϐῶς
3259 1890 3456 1953 αὐτοὺς
3504 1912 3563 1946 τε
3610 1891 3701 1947 καὶ
3746 1892 3848 1954 τὰς

423 1967 689 2038 nisteria,
723 1974 897 2039 atque
948 1970 1061 2040 ipsi
1121 1978 1487 2043 cognoscunt
1544 1989 1629 2043 se,
1668 1980 1725 2029 et
1778 1992 1905 2031 sua.
1972 1976 2089 2030 Nos

434 2056 593 2111 enim
645 2056 790 2111 nihil
855 2059 1104 2128 perfecte
1161 2076 1363 2115 eorum
1424 2078 1550 2132 quis
1611 2063 1771 2134 ipsos
1825 2069 2093 2136 spectant

431 2144 683 2211 scimus,
724 2145 836 2200 nisi
868 2162 937 2201 ea
968 2164 1096 2218 quas
1130 2164 1163 2203 a
1191 2147 1391 2203 divina
1432 2150 1622 2206 edocti
1654 2168 1862 2209 sumus
1894 2154 2090 2225 Serip-

434 2236 594 2288 tura.

503 2324 725 2377 Novem.
762 2328 930 2390 Nota,
983 2341 1187 2381 novem
1232 2341 1360 2382 esse
1392 2328 1627 2384 ordines
1658 2328 1890 2384 divinos
1921 2329 2091 2385 intel-

428 2409 775 2481 ligibilium.

505 2500 635 2568 §ll.
690 2500 985 2557 Sacrorum
1043 2504 1318 2565 initiator.
1381 2505 1475 2560 Gr.
1532 2503 1926 2577 ἱεροτελεστής.
1962 2511 2096 2562 Pro-

432 2589 630 2661 prium
675 2591 916 2661 quidem
971 2609 1204 2648 sacrum
1258 2593 1477 2649 rituum
1531 2595 1928 2652 institutorem
1960 2612 2095 2651 con-

433 2678 624 2733 suevit
653 2696 857 2736 vocare
888 2686 991 2736 aut
1025 2681 1466 2738 divinissimum
1498 2682 1768 2749 Paulum,
1802 2692 1898 2738 aut
1933 2700 2096 2739 sanc-

431 2770 561 2821 tum
593 2767 971 2824 Hierotheum
1001 2789 1014 2837 ;
1050 2770 1205 2824 sicut
1236 2771 1293 2825 in
1329 2771 1475 2826 libro
1504 2772 1575 2826 De
1604 2772 1809 2826 divinis
1851 2774 2095 2827 nomini-

434 2856 533 2910 bus
562 2856 783 2912 dictum
840 2863 965 2925 est;
999 2875 1155 2913 nunc
1206 2864 1395 2913 autem
1430 2860 1681 2915 arbitror
1728 2860 1925 2932 ipsum
1962 2860 2094 2915 nul-

432 2943 557 2999 lum
588 2943 772 2999 alium
806 2946 1018 3015 dicere,
1046 2964 1224 3018 quam
1253 2952 1523 3003 sanctum
1558 2948 1803 3003 Paulum
1833 2974 1846 3015 ;
1876 2949 2098 3005 nullius

434 3032 590 3087 enim
625 3032 775 3088 alius
797 3040 923 3089 erat
953 3052 1132 3105 quam
1167 3035 1379 3107 ipsius,
1404 3038 1502 3107 qui
1536 3054 1719 3108 usque
1751 3039 1820 3092 ad
1857 3039 2095 3094 tertium

435 3119 647 3175 ccelum
708 3122 966 3194 pertigit,
998 3129 1055 3179 et
1102 3141 1166 3179 ea
1225 3141 1352 3196 quas
1402 3126 1471 3181 de
1518 3125 2099 3199 his'cognoscuntur

435 3209 679 3266 edoctus
710 3215 819 3267 est.

889 3301 1118 3358 Primus
1150 3303 1448 3359 ternarius
1478 3305 1641 3359 ordo.

693 3390 921 3455 Throni,
1067 3392 1377 3459 cherubim,
1533 3393 1842 3465 seraphim.

508 3496 763 3553 Assidue.
797 3497 879 3553 De
908 3498 1095 3570 primo
1146 3516 1447 3556 sacrorum
1498 3500 1773 3555 ordinum
1828 3501 1944 3557 Deo
1995 3517 2096 3573 ap-

440 3585 898 3658 propinquante.

514 3675 916 3732 Sauctissimor.
956 3678 1213 3732 Primum
1248 3678 1573 3733 ternarium
1615 3680 1773 3734 hunc
1802 3682 1859 3734 et
1889 3679 1985 3735 Dei
2018 3679 2098 3734 si-

444 3762 642 3819 milem
684 3765 908 3819 ordinis
958 3765 1350 3837 principatum
1412 3765 1547 3820 licet
1600 3766 1651 3821 ei
1712 3767 1813 3838 qui
1875 3772 2100 3823 attenta

443 3857 639 3915 mente
672 3857 728 3906 et
758 3853 932 3924 digne
967 3859 1075 3908 Deo
1109 3855 1388 3921 intuetur,
1424 3855 2001 3925 comprehendere,et
2032 3872 2100 3910 ex

442 3941 573 4013 ipso
605 3941 919 4008 Ezechiele,
953 3944 1052 4014 qui
1083 3943 1245 4012 dicit,
1278 3944 1555 3999 thronum
1598 3944 1856 4015 primum
1889 3946 1949 4000 in
1982 3961 2098 4016 quo

442 4029 607 4085 visus
638 4034 727 4085 est
760 4034 948 4098 Deus;
986 4036 1185 4103 postea
1234 4031 1433 4087 statim
1483 4034 1832 4089 assistentes
1869 4033 2099 4089 divinos

442 4119 749 4175 cherubim
784 4137 796 4174 :
833 4122 985 4191 apud
1022 4121 1230 4177 Isaiam
1264 4126 1460 4177 autem
1494 4122 1908 4178 sanctissimos
1940 4139 2097 4178 sera-

443 4207 611 4280 phim
644 4208 798 4265 circa
846 4210 1026 4266 Deum
1060 4214 1283 4267 stantes
1314 4212 1765 4282 contemplatur.
1802 4212 1933 4267 Haec
1963 4228 2098 4269 vero

442 4297 744 4354 declarant
792 4315 1129 4370 supremam
1176 4299 1439 4371 ipsorum
1494 4318 1675 4372 supra
1707 4317 1911 4357 omnes
1941 4302 2097 4373 apud

444 4386 628 4442 Deum
660 4393 899 4443 sortem.
937 4388 1334 4458 Explanantur
1363 4394 1559 4445 autem
1601 4390 1721 4446 haec
1754 4391 1870 4446 fere
1898 4390 2101 4447 simili-

444 4479 537 4531 ter
565 4476 742 4531 etiam
785 4477 842 4532 in
896 4476 1241 4549 Apocalypsi
1303 4479 1490 4533 sancti
1542 4479 1787 4535 Joannis
1850 4479 2098 4551 apostoli

448 4564 819 4636 evangelista
849 4569 906 4619 et
940 4565 1210 4638 theologi.

2198 1978 2374 2033 αὐτῶν
2422 1977 2758 2054 λειτουργίας
2795 2002 2807 2014 ⁸
2852 1979 2941 2035 καὶ
2990 1980 3147 2035 αὐτοὶ
3194 1978 3251 2036 δὲ
3304 1978 3481 2035 ἴσασιν
3532 1980 3727 2043 αὐτοὺς
3757 1979 3853 2035 καὶ

2197 2070 2264 2125 τὰ
2314 2072 2539 2127 ἑαυτῶν.
2600 2073 2790 2144 Ἡμεῖς
2857 2073 2959 2147 γὰρ
3037 2070 3190 2127 οὐδὲν
3260 2067 3501 2148 ἀκριϐῶς
3560 2077 3668 2127 τῶν
3728 2073 3847 2126 κατ’

2200 2159 2393 2223 αὐτοὺς
2434 2160 2783 2233 ἐπιστάμεθα,
2836 2160 2879 2215 εἰ
2934 2163 3009 2235 μὴ
3066 2160 3167 2217 ὅσα
3216 2160 3275 2217 ἐκ
3329 2164 3427 2232 τῆς
3488 2160 3631 2227 θείας
3664 2157 3849 2216 ἔδιδά-

2201 2260 2311 2325 χθη
2325 2270 2418 2320 μεν
2446 2255 2682 2323 Γραφῆς.

2276 2339 2479 2396 Ἐννέα.
2543 2338 2882 2411 Σημείωσαι,
2942 2337 3025 2394 ὅτι
3083 2338 3233 2393 ἐννέα
3284 2338 3387 2394 εἶσὶ
3433 2340 3682 2414 τάγματα
3738 2339 3861 2393 θεῖα

2200 2431 2310 2482 τῶν
2341 2427 2552 2497 νοητῶν
2563 2471 2576 2484 .

2276 2504 2303 2569 §
2361 2506 2432 2556 II.
2507 2496 2927 2571 Ἱεροτελεστής.
3001 2498 3397 2574 Ἱεροτελεστὴν
3480 2500 3577 2572 μὶν
3652 2497 3861 2554 οίκεῖον

2205 2585 2363 2651 εἷ’ωθε
2391 2586 2601 2655 καλεῖν,
2649 2586 2684 2657 ἤ
2733 2586 2823 2642 τὸν
2876 2587 3152 2643 θειότατον
3200 2587 3511 2645 ἀπόστολον
3545 2587 3784 2656 Παῦλον,
3817 2586 3854 2657 ἤ

2202 2678 2291 2732 τὸν
2324 2678 2474 2751 ἅγιον
2507 2676 2790 2751 Ἱερόθεον,
2838 2677 2911 2738 ὡς
2960 2676 3009 2730 ἐν
3058 2680 3139 2748 τῷ
3182 2678 3310 2751 Περὶ
3364 2677 3519 2741 θείων
3572 2677 3857 2750 ὀνομάτων

2205 2766 2407 2841 ἐλέχθη
2443 2763 2594 2841 λόγῳ
2626 2784 2639 2798 ⁸
2675 2769 2762 2819 νῦν
2797 2762 2855 2819 δὲ
2904 2762 3097 2821 οὐδένα
3146 2763 3333 2841 ἕτερον
3386 2768 3630 2842 ἠγοῦμαι
3673 2765 3857 2841 λέγειν

2204 2855 2363 2910 αὐτὸν
2395 2853 2431 2923 ἤ
2462 2854 2549 2908 τὸν
2604 2854 2752 2930 ἅγιον
2806 2852 3024 2909 Παῦλον
3052 2875 3063 2887 ⁸
3124 2853 3342 2917 οὐδενός
3386 2857 3488 2931 γὰρ
3521 2855 3587 2923 ἦν
3620 2853 3797 2911 ἄλλοι)
3824 2853 3861 2925 ἤ

2204 2944 2363 3000 αὐτὸν
2397 2944 2431 3013 ἢ
2462 2943 2553 2997 τὸν
2588 2945 2734 3018 ἅγιον
2794 2941 3005 2998 Παῦλον
3039 2962 3052 2975 ⁸
3111 2942 3330 3006 οὐδενὸς
3370 2943 3472 3019 γάρ
3504 2944 3570 3012 ἦν
3605 2942 3783 2998 ἄλλου
3817 2942 3855 3014 ἤ

2206 3034 2368 3089 αὐτοῦ
2418 3037 2512 3088 τοῦ
2564 3031 2693 3108 ἄχρι
2750 3032 2935 3108 τρίτου
2990 3033 3225 3110 οὐρανοῦ
3283 3033 3607 3111 φθάσαντος,
3666 3034 3754 3088 καὶ
3794 3034 3864 3089 τὰ

2206 3123 2329 3200 περὶ
2358 3122 2564 3179 τούτων
2601 3123 2919 3195 μυηθέντος.

2689 3297 2887 3375 Πρώτη
2919 3296 3171 3375 τριαδική
3202 3299 3371 3372 τάξις.

2829 3384 3125 3465 χερουὸίμ,
3310 3386 3566 3466 σεραφίμ.

2278 3500 2597 3572 Προσεχῶς.
2660 3496 2792 3571 Περὶ
2837 3500 2935 3551 τοῦ
2984 3500 3101 3568 Θεῷ
3150 3494 3458 3571 ἐγγίξοντος
3490 3493 3713 3571 πρώτου
3741 3500 3857 3550 τῶν

2206 3588 2365 3661 ἱερῶν
2390 3587 2709 3660 ταγμάτων.

2275 3677 2666 3750 Ἃγιωτάτους.
2725 3675 2832 3742 Τὴν
2889 3675 3115 3750 πρώτην
3168 3672 3456 3751 τριαδικὴν
3511 3671 3711 3743 ταύτην
3767 3673 3856 3727 καὶ

2207 3762 2416 3834 θεοειδῆ
2470 3764 2785 3839 ταξιαρχίαν
2854 3759 2965 3817 ἔστι
3038 3762 3129 3818 τὸν
3204 3766 3481 3839 νουνεχῶς
3552 3761 3643 3816 καὶ
3701 3760 3865 3831 ἀξίως

2208 3857 2341 3909 Θεοῦ
2382 3853 2783 3908 κατοπτεῦοντα
2827 3847 3172 3921 καταλαϐεῖν,
3210 3851 3314 3906 ἀπό
3343 3873 3402 3906 τε
3429 3855 3527 3906 τοῦ
3558 3848 3857 3920 Ἰεζεκιὴλ,

2209 3940 2268 4005 ὃς
2298 3963 2428 4019 φησι
2473 3940 2662 4016 θρόνον
2708 3945 2950 4013 πρῶτον,
3006 3941 3088 4015 ἐφ’
3136 3942 3198 3995 οὗ
3241 3935 3396 4019 ὤφθη
3445 3941 3472 3995 6
3520 3939 3649 4001 Θεός
3685 3956 3696 3969 ⁸
3752 3939 3864 3993 εἶτα

2211 4030 2365 4094 εὐθὺς
2398 4029 2639 4105 ἐχόμενα
2664 4030 2731 4085 τὰ
2783 4034 2899 4094 θεῖα
2938 4024 3216 4105 χερουὸἰμ
3248 4049 3259 4060 ⁸
3294 4030 3441 4105 παρὰ
3474 4026 3531 4084 δὶ
3560 4032 3640 4101 τῷ
3670 4025 3866 4099 Ἡσαΐᾳ

2207 4120 2275 4174 τὰ
2331 4119 2609 4194 ἁγιώτατα
2689 4119 2928 4196 σεραφὶμ
3002 4117 3194 4191 κύκλῳ
3268 4118 3531 4191 ἱστάμενα
3580 4122 3677 4172 τοῦ
3727 4120 3864 4172 Θεοῦ

2210 4210 2535 4284 θεωροῦντα.
2588 4212 2762 4263 Ταῦτα
2802 4206 2859 4262 δὲ
2909 4205 3077 4278 δηλοῖ
3122 4210 3221 4278 τὴν
3278 4209 3411 4284 ὑπὶρ
3468 4208 3669 4269 πάντας
3723 4206 3863 4260 ἀνω-

2206 4297 2351 4353 τάτω
2400 4298 2546 4373 παρὰ
2592 4297 2683 4352 τὸν
2732 4298 2861 4352 Θεὸν
2922 4295 3100 4351 αὐτῶν
3159 4297 3315 4366 λῆξιν
3348 4316 3360 4329 ⁸
3418 4295 3766 4373 σαφηνίζεται
3802 4291 3861 4349 δὶ

2206 4391 2372 4443 ταῦτα
2426 4384 2623 4462 σχεδὸν
2686 4383 3088 4461 παραπλησίως
3129 4385 3218 4441 καὶ
3268 4384 3319 4440 ἐν
3364 4388 3433 4460 τῇ
3484 4383 3859 4457 ’Δποκαλύψει

2206 4480 2301 4532 τοῦ
2360 4477 2514 4551 ἆγίου
2572 4475 2851 4547 Ἰωάννου,
2918 4476 3015 4530 τοῦ
3074 4473 3405 4542 ἀποστόλου,
3468 4472 3863 4549 εὐαγγελιστοῦ

2206 4565 2295 4619 καὶ
2327 4559 2616 4637 θεολόγου,

2394 3388 2609 3465 Θρόνοι,

514 4654 857 4723 Immediate,
904 4658 1001 4709 Gr.
1034 4654 1273 4726 ἀμέσως.
1307 4655 1445 4711 Sine
1490 4657 1683 4712 medio
1713 4658 1933 4713 dictum
1968 4662 2093 4727 est;

2277 4652 2543 4725 Ἀμὲσως.
2598 4652 2850 4723 Ἀμὲσως
2901 4648 3133 4727 εἷ’ρηται,
3185 4649 3373 4721 imae
3426 4649 3525 4706 οὐκ
3578 4648 3720 4704 ἔστιν
3754 4647 3863 4703 ἂλ-

446 4743 922 4814 quandoquidem
957 4761 1067 4799 non
1094 4748 1182 4801 est
1212 4744 1362 4800 alius
1394 4746 1535 4801 ordo
1566 4749 1700 4801 ante
1728 4746 2101 4818 ipsum.Nota

441 4848 598 4901 vero,
632 4848 765 4888 eum
798 4834 1043 4890 thronos
1074 4849 1177 4890 seu
1229 4833 1626 4890 multi-oculos
1658 4840 1715 4890 et
1766 4835 2101 4907 multi-pen.

440 4936 545 4976 nes
577 4922 883 4978 cherubim
909 4927 967 4978 et
997 4922 1296 4995 serapbim
1350 4923 1542 4978 dicere
1590 4924 1924 4995 superiores
1970 4942 2100 4981 esse

444 5010 716 5066 omnibus
748 5011 1018 5078 virtutes,
1050 5018 1107 5067 et
1138 5012 1315 5067 unius
1347 5012 1513 5067 trinae
1544 5012 1904 5068 hierarchiaz.

514 5100 781 5171 Inclytus.
816 5101 1100 5158 Sanctum
1132 5102 1381 5157 Paulum
1413 5101 1697 5158 insinuat.

516 5190 863 5244 Potestatem.
896 5191 1055 5246 Duos
1089 5194 1403 5261 sequentes
1434 5190 1730 5246 terniones
1759 5191 2099 5265 intelligibi-

442 5275 590 5331 lium
615 5282 850 5334 sanctos
868 5279 1141 5335 ordinum
1170 5278 1540 5350 principatus
1562 5280 1635 5335 ab
1662 5281 1864 5338 infimo
1896 5284 1967 5338 ad
1999 5300 2100 5338 su-

444 5380 715 5437 premum
739 5372 1023 5423 recenset.
1056 5369 1263 5423 Primae
1285 5367 1442 5423 enim
1466 5372 1606 5423 sunt
1629 5370 2059 5427 dominationes
2084 5388 2099 5438 ;

446 5458 647 5526 postea
679 5461 1007 5525 sequuntur
1036 5457 1317 5525 virtutes;
1344 5457 1600 5529 denique
1633 5461 2103 5531 potestates.Ipse

446 5547 643 5598 autem
679 5548 991 5616 potestates
1022 5547 1243 5617 primas
1274 5546 1591 5613 collocans,
1626 5547 1852 5603 medias
1884 5547 2106 5620 accepit

448 5632 882 5690 dominationes
908 5654 921 5701 ;
947 5640 1004 5691 et
1028 5635 1183 5691 tertii
1219 5635 1477 5706 liturgici
1510 5637 1610 5692 υ
1644 5639 1949 5710 ternionis,
1986 5638 2104 5711 pri-

451 5721 531 5778 mi
554 5722 942 5796 principatus,
968 5724 1179 5781 deinde
1207 5722 1565 5795 archangeli,
1596 5728 1653 5781 et
1681 5732 1977 5798 postremo
2007 5743 2106 5783 an-

2206 4741 2274 4797 λο
2320 4740 2499 4815 τάγμα
2528 4741 2634 4817 πρὸ
2680 4741 2867 4811 αὑτῆς.
2922 4740 3239 4813 Σημείωσαι
3290 4739 3367 4814 δὶ,
3415 4738 3498 4795 ὅτι
3554 4738 3681 4794 τοὺς
3728 4739 3860 4813 θρό-

2206 4852 2361 4898 νους,
2420 4828 2547 4900 ἦτοι
2593 4831 2659 4885 τὰ
2708 4830 3083 4903 πολυόμματα
3131 4831 3218 4885 καὶ
3280 4830 3348 4884 τὰ
3396 4828 3714 4905 πολύπτερα
3762 4848 3862 4903 χε-

2208 4914 2414 4996 ρουϐὶμ
2477 4918 2565 4973 καὶ
2616 4920 2855 4998 σεραφὶμ
2917 4918 3066 4994 λάγει
3129 4918 3403 4995 ἀνωτὲρας
3478 4920 3611 4973 εἶναι
3668 4922 3861 4973 πασῶν

2207 5007 2463 5082 δυνάμεις
2494 5010 2713 5078 καὶτῆς
2763 5016 2888 5083 μιᾶς
2935 5004 3223 5083 τριαδικῆς
3269 5008 3576 5084 ἱεραρχίας·

2276 5100 2338 5155 Ὀ
2368 5096 2603 5161 κλεινός.
2638 5099 2741 5155 Τὸν
2776 5098 2923 5175 ὴιον
2958 5095 3172 5153 Παῦλον
3201 5095 3509 5153 αἰνίττεται.

2276 5188 2586 5259 Ἐξουσιῶν.
2646 5188 2747 5249 Τὰς
2826 5187 3013 5266 ἐφεξῆς
3062 5184 3158 5241 δύο
3216 5184 3499 5262 τριαδικᾶς
3558 5190 3667 5241 τῶν
3728 5206 3861 5255 νοη-

2205 5282 2311 5332 τῶν
2370 5277 2529 5353 ἁγίας
2584 5278 2903 5352 ταξιαρχίας
2943 5278 3181 5331 κάτωθεν
3234 5276 3310 5337 εἰς
3354 5275 3465 5330 ἂνω
3515 5273 3806 5349 καταλέγει
3847 5294 3861 5308 ⁸

2206 5368 2420 5441 πρῶται
2450 5386 2554 5441 γαρ
2594 5365 2729 5419 εἰσιν
2776 5365 2830 5419 αἱ
2875 5380 3235 5438 κυριοτητες·
3290 5361 3403 5416 εἶτα
3446 5362 3569 5433 ἑξῆς
3599 5363 3653 5417 αἱ
3694 5358 3864 5416 δυνά-

2214 5476 2331 5529 μεις
2365 5475 2377 5487 ⁸
2423 5458 2537 5509 εἶτα
2570 5456 2624 5509 αἱ
2669 5452 2923 5526 ἰξουσίαι.
2964 5452 3138 5514 Αὐτὸς
3190 5448 3250 5506 δὲ
3294 5450 3391 5514 τὰς
3430 5449 3670 5524 ἐξουσίας
3712 5450 3870 5527 πρώ-

2208 5564 2302 5605 τας
2359 5544 2538 5616 τάξας,
2592 5542 2753 5618 μέσας
2820 5536 2982 5598 ἔλαϐε
3046 5541 3142 5603 τὰς
3199 5539 3553 5614 κυριότητας,
3615 5540 3707 5595 καὶ
3760 5542 3866 5605 τῆς

2208 5633 2398 5709 τρίτης
2453 5633 2833 5710 λειτουργικῆς
2881 5628 3099 5709 τριάδος
3157 5634 3367 5704 πρῶται
3414 5630 3468 5683 αἱ
3526 5628 3716 5706 ἀρχαὶ,
3748 5629 3865 5685 εἶτα

2211 5722 2410 5779 λοιπὸν
2444 5723 2496 5778 οἱ
2521 5722 2863 5800 ἀρχάγγελοι
2906 5741 2919 5756 ⁸
2973 5720 3065 5776 καὶ
3112 5720 3175 5775 τὸ
3222 5718 3533 5777 τελευταῖον
3572 5715 3800 5796 ἄγγελοι
3846 5736 3862 5753 ⁸
