4158 6370
259 344 327 397 65
971 345 1030 396 Β·
1074 343 1346 396 ΜΔΧΙΜῙ
1386 341 1692 397 SCHOLIA
1729 345 1804 397 IN
1844 345 1937 399 LII

2063 346 2114 398 Ἐ
2153 342 2474 399 ΟΟΞΙιΕΒΤΙ
2514 343 2992 399 HIERARCHIA.
3618 344 3694 400 66

265 470 368 523 Νῦν
402 466 497 521 οὖν
533 464 651 541 οὐχ
696 463 872 525 οὕτως
920 463 1097 519 αὐτῶν
1144 462 1544 537 ἐμνημόνευσεν
1591 462 1645 519 ἐν
1675 469 1754 537 τῷ
1806 465 1925 537 ἑξῆς

2063 467 2176 540 geli.
2202 466 2367 522 Nunc
2392 466 2574 539 igitur
2596 483 2709 522 non
2736 468 2819 522 ita
2837 467 3107 523 meminit
3134 468 3398 540 ipsorum
3422 470 3480 525 in
3504 473 3694 543 capite

266 552 569 631 κεφαλαίῳ,
624 552 773 609 ἀλλὰ
814 554 1050 607 κάτωθεν
1104 551 1180 615 είς
1229 550 1340 606 ἄνω
1391 546 1575 606 λαϐὼν
1623 552 1925 625 ὠνόμασεν.

268 646 330 701 ’0
381 644 476 715 μὲν
528 642 626 697 οὖν
685 640 1023 703 Ἀπόστολος
1076 639 1127 695 ἔν
1186 661 1246 695 τε
1301 645 1371 714 τῇ
1422 642 1557 715 πρὸς
1604 642 1931 714 Ῥωμαίους,

269 732 357 787 καὶ
408 731 460 787 ἰν
520 736 594 805 τῇ
651 732 790 807 πρὸς
843 730 1121 806 Ἐφεσίους
1183 729 1451 804 μέμνηται
1502 730 1657 785 ἐνίων
1707 729 1931 807 ἀγγελι-

271 826 380 876 κῶν
425 820 746 897 ταγμάτων·
797 818 858 875 οὑ
908 819 1110 889 ταύτην
1168 816 1225 873 δὶ
1282 821 1383 888 τήν
1428 818 1572 892 τάξιν
1626 821 1934 897 ὑφηγεῖται.

273 909 451 980 Δηλοῖ
483 907 596 965 8ὲὸ
650 910 819 984 μέγας
868 908 1168 980 Διονύσιος,
1200 908 1284 962 ὅτι
1334 907 1389 962 ἐν
1438 910 1722 982 μυστηρίῳ
1768 908 1935 964 ταῦτα

272 998 562 1074 παρίδωκε
591 1004 709 1060 τοῖς
737 997 917 1072 ἀγίοις
945 998 974 1052 ὁ
1008 1001 1153 1060 θεῖος
1185 992 1541 1059 Ἀπόστολος.

775 1107 888 1161 ΕΙΣ
924 1104 1015 1161 ΤΟ
1056 1105 1324 1163 ΚΕΦΑΛ.
1373 1105 1432 1173 ζ’.

346 1199 451 1266 δι.
505 1194 677 1250 Παλιν
728 1196 762 1263 ἠ
816 1191 1090 1271 ἐπιγραφή
1137 1189 1377 1247 κᾶτωθεν
1424 1192 1511 1247 ἰπὶ
1560 1194 1627 1249 τὰ
1674 1192 1937 1269 ὑπέρτερα

275 1284 469 1340 ἄνεισι·
501 1284 571 1339 τὰ
614 1284 718 1358 γὰρ
766 1284 924 1356 τρίτα
977 1282 1230 1359 σεραφίμ·
1265 1282 1332 1337 τὰ
1377 1279 1434 1336 δὲ
1484 1280 1706 1358 δεύτερα
1738 1302 1935 1357 χερου-

273 1370 399 1447 ϐίμ’
460 1374 549 1429 καὶ
606 1374 673 1429 τὰ
727 1377 919 1447 πρῶτα
977 1372 1181 1445 θρόνοι.
1245 1372 1647 1451 Ἀντιστρόφως
1700 1374 1789 1427 οὑν
1841 1373 1935 1429 ἐπ-

274 1462 513 1537 έγραψεν
524 1506 537 1519 .

349 1551 691 1623 Ἐπωνυμία.
751 1552 1090 1623 Σημείωσαι,
1139 1551 1219 1604 δτι
1270 1556 1374 1604 πᾶν
1427 1546 1603 1623 ὄνομα
1632 1555 1737 1605 τῶν
1772 1552 1932 1626 ἱερῶν

276 1642 553 1713 σημασίαν
604 1641 850 1715 περιέχει
908 1647 1009 1709 τῆς
1062 1644 1159 1694 τοῦ
1213 1638 1491 1714 τάγματος
1551 1637 1733 1709 ἰδικῆς
1783 1639 1934 1715 ἐνερ-

276 1732 455 1805 γείας,
514 1731 591 1793 ὡς
648 1734 756 1784 τῶν
822 1729 990 1804 ἁγίων
1050 1729 1287 1808 σεραφῖμ
1332 1728 1421 1783 καὶ
1480 1724 1755 1805 χερουϐὶμ
1804 1732 1931 1803 [τῶν

2042 557 2337 628 sequenti,
2364 556 2463 611 sed
2494 555 2566 610 ab
2592 555 2796 611 inﬁmo
2820 556 2890 610 ad
2925 573 3269 628 supremum
3315 575 3558 615 exorsus
3597 577 3698 616 no-

2043 644 2633 715 minavit.Apostolus
2654 645 2854 716 igitur,
2879 651 3003 699 tum
3026 646 3082 699 in
3107 647 3365 717 Epistola
3387 649 3456 703 ad
3484 649 3695 705 Roma-

2044 751 2173 802 nos,
2204 740 2332 789 tum
2369 734 2439 789 ad
2465 733 2768 804 Ephesios.
2804 733 3071 789 meminit
3100 737 3493 806 quorumdam
3525 753 3696 810 ange-

2042 823 2287 879 licorum
2342 822 2617 878 ordinum
2648 840 2660 890 ;
2694 821 2851 877 hunc
2882 839 3015 878 vero
3047 823 3313 880 ordinem
3346 842 3460 881 non
3503 827 3693 883 docet.

2043 912 2309 967 Declarat
2342 916 2537 967 autem
2574 928 2824 983 magnus
2858 912 3174 985 Dionysius
3204 912 3467 970 divinum
3512 918 3694 988 Apos-

2044 1002 2230 1057 tolum
2266 1002 2386 1057 haec
2414 1001 2472 1055 in
2506 1001 2785 1074 mysterio
2817 1002 3039 1059 sanctis
3070 1003 3407 1061 tradidisse.

2647 1113 2721 1164 ΙΝ
2762 1109 2918 1165 CAP.
2954 1110 3076 1167 VII.

2117 1197 2147 1270 §
2178 1198 2220 1253 l.
2256 1201 2507 1253 Rursum
2544 1197 2850 1268 inscriptio
2882 1199 2953 1253 ab
2987 1198 3192 1255 infimo
3225 1201 3292 1256 ad
3347 1217 3693 1274 supremum

2042 1288 2349 1341 ascendit:
2402 1287 2554 1342 tertii
2605 1288 2757 1342 enim
2808 1288 3129 1360 seraphim,
3196 1291 3440 1345 secundi
3498 1295 3693 1348 autem

2043 1374 2369 1445 cherubim,
2404 1381 2462 1431 et
2491 1376 2666 1447 primi
2697 1377 2930 1431 throni:
2964 1378 3258 1433 contrario
3309 1379 3491 1452 igitur
3521 1382 3696 1438 modo

2043 1464 2365 1534 inscripsit.

2112 1551 2446 1624 Appellatio.
2478 1553 2644 1621 Nota,
2679 1570 2850 1609 omne
2882 1571 3093 1611 nomen
3128 1573 3427 1614 sacrorum
3469 1559 3693 1631 signiﬁ-

2043 1643 2333 1697 cationem
2366 1642 2671 1715 complecti
2698 1645 2945 1715 propriae
2972 1645 3195 1701 ordinis
3218 1648 3506 1720 energim;
3540 1648 3697 1705 sicut

2044 1737 2381 1788 sanctorum
2408 1731 2701 1803 seraphim
2726 1738 2782 1788 et
2803 1733 3104 1789 cherubim
3132 1736 3487 1807 [nominum]
3516 1737 3694 1793 inter-

279 1818 590 1893 ὀνομάτων]
644 1820 698 1874 αἱ
750 1820 1032 1895 ἑρμηνεῖαι
1087 1816 1371 1890 δηλοῦσιν,
1405 1816 1592 1889 ἐπειδή
1647 1819 1746 1874 οὐκ
1792 1818 1932 1875 ἔστιν

2063 1821 2399 1877 )retationes
2432 1820 2731 1876 declarant
2755 1840 2769 1878 :
2794 1823 3271 1895 quandoquidem
3306 1842 3420 1881 non
3444 1828 3521 1882 sit
3541 1824 3694 1883 alius

279 1906 423 1965 ἄλλο
454 1908 642 1984 τάγμα
672 1909 778 1983 πρὸ
812 1908 1002 1978 αὐτῆς.

354 1996 699 2075 Θεοφανείας.
760 1997 853 2059 Εἲς
914 1997 1015 2073 γὰρ
1071 1996 1199 2058 τοὺς
1274 1997 1527 2073 πρώτους
1595 1996 1934 2073 ἐργάζονται,

280 2085 661 2161 ἐνεργούμεναι
692 2087 749 2141 αἱ
778 2090 988 2160 πρῶται
1024 2084 1354 2162 θεοφάνειαι.

352 2177 790 2250 Ἐκφαντορικῷ.
850 2175 999 2231 ’Δντὶ
1048 2178 1144 2229 τοῦ
1193 2175 1573 2247 ἑρμηνευτικῷ
1622 2176 1711 2230 καὶ
1762 2196 1935 2250 παρα-

283 2269 543 2336 πατικῷ.

354 2350 644 2409 Θεοειδῶν,
675 2350 903 2421 Ἐπειδὴ
954 2350 1211 2415 θεοειδεῖς
1260 2350 1396 2423 ἕξεις
1456 2356 1620 2430 φησὶν
1682 2353 1768 2408 ἐπὶ
1825 2359 1933 2409 τῶν

280 2442 441 2506 θείων
476 2446 639 2514 νοῶν,
673 2440 735 2496 οὗ
785 2444 897 2517 χρὴ
949 2436 1357 2513 ὑπολαμϐάνειν
1401 2443 1492 2497 τὸν
1547 2444 1716 2517 μέγαν
1749 2443 1937 2497 Διονύ-

281 2551 399 2585 σιον
452 2531 549 2594 τὰς
597 2530 787 2605 ἀρετὰς
834 2529 1031 2591 ταύτας
1079 2530 1175 2593 τὰς
1213 2532 1412 2600 νοητὰς
1443 2530 1519 2593 ὠς
1569 2526 1935 2603 συμϐεϐηκὸς,

281 2618 375 2671 ἅτε
430 2617 523 2670 καὶ
578 2615 658 2694 ἐφ’
714 2618 875 2688 ἡμῶν
931 2615 1107 2671 αὐτῶν
1165 2617 1547 2693 προσγίνεσθαι
1612 2618 1811 2693 λέγειν,
1865 2618 1941 2683 ὠς

283 2702 431 2775 ἄλλη
462 2706 504 2741 δί
539 2703 592 2758 ἐν
626 2702 785 2777 ἄλλῳ
839 2704 1204 2777 ὑποκειμένῳ,
1240 2706 1407 2759 οἱονεὶ
1456 2706 1722 2772 ποιότητα
1769 2728 1939 2783 προσ-

286 2794 611 2869 γινομένηνο
689 2793 753 2847 τὸ
830 2794 932 2869 γὰρ
1000 2788 1350 2867 συμϐεϐηκὸς
1418 2795 1508 2848 καὶ
1584 2796 1937 2869 ὑποκείμενον

289 2882 497 2947 ἐκεῖθεν
556 2879 925 2954 ἀπελήλαται,
970 2881 1060 2936 ὅτε
1108 2883 1194 2937 καὶ
1240 2888 1385 2937 πᾶσα
1432 2882 1692 2953 σύνθεσις,
1742 2886 1829 2939 καὶ
1878 2884 1941 2939 τὸ

288 2979 390 3041 τῆς
444 2971 583 3043 ὕλης
634 2969 905 3047 ἄμορφον,
966 2971 1165 3027 ἐκεῖθεν
1224 2971 1540 3046 ἐξώρισται.
1594 2972 1657 3029 Εἰ
1712 2975 1813 3048 γὰρ
1873 2974 1939 3042 ἦν

290 3060 439 3117 ἄλλο
472 3060 526 3116 ἐν
560 3059 742 3133 ἄλλῳ,
776 3064 891 3116 οἷον
942 3056 1288 3133 συμϐεϐηκὸς
1336 3061 1387 3115 ἐν
1442 3062 1812 3135 ὑποκειμένῳ,
1845 3064 1944 3119 οὐκ

290 3150 348 3204 ἃν
398 3147 493 3221 ἔζη
554 3153 673 3205 καθ’
720 3151 913 3219 ἑαυτὴν
963 3153 996 3219 ἡ
1050 3149 1208 3205 οὐσία
1251 3148 1454 3220 ἐκείνη,
1507 3148 1631 3205 οὐδε
1693 3154 1940 3214 οεοῦσθαι

2045 1911 2185 1966 ordo
2213 1916 2347 1965 ante
2378 1910 2592 1982 ipsum.

2116 2001 2660 2070 Dei-apparitiones.
2696 2002 2756 2055 In
2791 2000 2995 2071 primis
3028 2001 3185 2056 enim
3220 2011 3557 2074 operantur,
3584 2004 3699 2076 pri-

2044 2103 2150 2142 mas
2184 2087 2719 2159 Dei-apparitiones
2749 2089 3038 2144 efﬁcaces.

2114 2177 2591 2249 Explanaloriam.
2626 2176 2726 2233 Gr.
2758 2175 3151 2253 ἐκφαντορικῷ.
3192 2179 3300 2236 Pro
3347 2180 3697 2253 interpreta-

2046 2264 2159 2318 tivo
2190 2268 2248 2318 et
2277 2265 2770 2335 representative.

2119 2354 2499 2425 Deiformz'um.
2532 2355 2816 2419 Quoniam
2848 2355 3169 2413 deisimiles
3200 2358 3436 2415 habitus
3465 2358 3608 2415 dicit
3638 2360 3697 2416 in

2048 2442 2262 2498 divinis
2288 2444 2605 2512 mentibus,
2634 2463 2746 2501 non
2772 2446 3238 2518 oportetopinari
3264 2464 3546 2521 magnum
3573 2450 3700 2507 Dio-

2049 2532 2279 2603 nysium
2296 2532 2541 2589 virtutes
2554 2532 2661 2589 has
2675 2532 3386 2607 intelligibiles,tanquam
3403 2539 3697 2607 accidens,

2049 2621 2199 2676 sicut
2248 2620 2421 2676 etiam
2455 2622 2512 2676 in
2547 2622 2718 2678 nobis
2748 2622 2914 2694 ipsis,
2948 2623 3160 2690 inesse,
3194 2625 3426 2695 dicere;
3461 2631 3527 2681 ut
3579 2627 3696 2685 alia

2047 2709 2107 2763 in
2158 2708 2269 2764 alio
2319 2710 2606 2781 subjecto,
2662 2716 2950 2783 tanquam
2999 2712 3343 2783 qualitatem
3396 2714 3699 2771 adhaeren-

2050 2806 2165 2853 tem
2194 2815 2207 2852 :
2243 2798 2511 2853 accidens
2540 2799 2699 2854 enim
2731 2805 2787 2855 et
2819 2800 3153 2869 subjectum
3191 2800 3354 2857 illinc
3384 2802 3699 2875 cxpulsum

2050 2892 2160 2953 est,
2187 2889 2421 2959 quando
2445 2894 2502 2943 et
2525 2890 2719 2943 omnis
2742 2890 3112 2960 compositio,
3137 2896 3192 2944 et
3228 2892 3482 2947 materiae
3506 2892 3700 2964 priva-

2048 2979 2129 3033 tio
2162 2977 2361 3032 formas
2393 2976 2555 3032 illinc
2585 2978 2974 3033 exterminata
2998 2983 3107 3033 est.
3141 2979 3199 3034 Si
3244 2980 3401 3035 enim
3445 2980 3605 3037 aliud
3636 2982 3699 3039 in

2054 3066 2165 3122 alio
2200 3070 2346 3131 erat,
2378 3066 2532 3121 sicut
2562 3066 2833 3123 accidens
2863 3069 2921 3123 in
2954 3069 3241 3138 subjecto,
3274 3086 3462 3141 neque
3509 3070 3702 3128 vivere

2057 3156 2250 3227 seipsa
2281 3154 2559 3225 essentia,
2595 3171 2784 3227 neque
2816 3156 3010 3228 seipsa
3040 3156 3195 3213 Deus
3228 3158 3379 3213 efﬁci
3411 3164 3701 3231 quantum

286 3242 405 3295 καθ’
445 3219 655 3307 ἑαυτὴν
706 3238 781 3302 ὠς
830 3238 1045 3317 ἐφικτὸν
1104 3236 1363 3309 ἠδύνατο,
1415 3219 1505 3293 8⁷ιά
1573 3240 1743 3313 μόνην
1795 3241 1937 3313 τάξιν

2063 3219 2191 3299 licet
2220 3244 2432 3317 quiret,
2465 3219 2568 3317 per
2599 3219 2792 3301 solum
2827 3219 3091 3303 ordinem
3144 3253 3209 3302 ut
3258 3219 3445 3303 aliud.
3474 3247 3531 3304 in
3587 3247 3703 3305 alio

282 3333 381 3400 τὴν
415 3330 491 3392 ὡς
524 3328 665 3384 ἄλλο
707 3330 760 3385 ἐν
810 3329 968 3403 ἄλλῳ
1020 3329 1462 3405 φυλαττομένην
1500 3331 1553 3384 αἱ
1603 3331 1695 3385 οὗν
1748 3330 1798 3385 ἐν
1845 3331 1937 3386 αὑ-

281 3426 396 3481 τοῖς
449 3419 735 3493 εἰρημέναι
786 3417 920 3490 ἐξεις
968 3419 1475 3493 αὐτουσιωμὲναι⁴²
1508 3418 1665 3491 εῗσὶν,
1717 3421 1782 3475 οὐ
1834 3422 1942 3493 μὴν

283 3509 356 3571 ὦς
398 3504 751 3582 συμϐεϐηκὸς
800 3508 851 3563 ἰν
905 3509 1271 3583 ὑποκειμένῳ,
1323 3506 1411 3564 διὰ
1456 3510 1518 3564 τὸ
1566 3508 1756 3565 ὀίϋλον.
1787 3512 1943 3565 Ὅθεν

282 3600 309 3653 ὁ
344 3597 522 3673 μέγας
570 3598 850 3661 Διονύσιος
896 3600 1132 3654 κάτωθεν
1184 3598 1236 3653 ἂν
1290 3602 1369 3670 τῷ
1426 3599 1555 3673 Περὶ
1602 3606 1703 3668 τῆς
1737 3597 1940 3669 ἔκκλη-

282 3696 572 3758 σιαστικῆς
647 3689 933 3765 ίεραρχίας
1005 3687 1155 3765 λόγῳ
1209 3687 1489 3766 κεφαλαίῳ
1546 3688 1787 3763 τετάρτῳ
1846 3687 1941 3743 οὑ-

282 3776 505 3840 σιώδεις
533 3777 695 3855 φησὶν
730 3779 863 3832 εἶναι
892 3778 985 3839 τὰς
1006 3774 1137 3850 ἔξεις
1165 3776 1261 3839 τὰς
1288 3776 1340 3831 ἐν
1374 3777 1583 3841 αὐτοῖς.

352 3868 582 3937 ’Έξεων.
644 3867 983 3940 Σημείωσαι,
1045 3866 1128 3921 ὅτι
1187 3866 1240 3921 αἱ
1300 3871 1439 3929 θεῖαι
1510 3863 1764 3938 δυνάμεις
1823 3867 1943 3921 καθ’

281 3954 387 4029 ’ἕξιν
421 3951 613 4031 ἔχουσι
643 3956 707 4011 τὸ
739 3953 987 4019 θεοειδές.
1021 3955 1167 4025 Ἐξις
1216 3952 1273 4009 δέ
1320 3954 1432 4010 tm
1485 3955 1715 4025 ποιότης
1762 3951 1941 4028 ἔμμο-

282 4067 399 4108 νος.

352 4138 630 4199 Ἐντεῦθεν
678 4135 769 4189 οὖν
822 4133 1115 4204 δηλοῦται,
1166 4132 1252 4188 ὅτι
1287 4132 1622 4205 αὑτεξοὺσιοί
1673 4134 1805 4187 εἰσιν
1836 4130 1939 4203 ’ἐξει

276 4224 373 4287 τὰς
432 4224 625 4300 ἀρετὰς
682 4224 981 4297 κτώμεναι.
1038 4226 1208 4277 Τοῦτο
1286 4220 1623 4297 πλατύτερον
1705 4226 1942 4296 παριστᾷ

281 4321 523 4387 ’Ἄμμων
575 4315 602 4368 ὸ
651 4310 1176 4388 Ἀδριανουπολίτης
1237 4315 1303 4385 ⁴³,
1351 4311 1401 4365 ἐν
1447 4317 1564 4375 τοῖς
1623 4312 1753 4387 Περὶ
1811 4311 1932 4366 ἀνα-

282 4402 522 4465 στάσεως
577 4400 724 4475 αὖτῷ
780 4401 916 4458 κατᾶ
988 4402 1299 4478 Ὠριγένους
1370 4400 1777 4477 γεγραμμένοις
1837 4397 1937 4455 λό-

279 4514 424 4568 γοις.

350 4580 761 4655 Ὑψηλοτάτων.
795 4581 893 4635 Διὰ
919 4580 972 4634 τί
1005 4577 1256 4655 λέγονται
1293 4577 1501 4654 θρὸνοι.

355 4671 699 4744 Περιπεζίας.
760 4670 903 4726 Ἀντί
956 4672 1095 4740 τοῦ,
1150 4676 1253 4738 τῆς
1311 4668 1447 4743 πρὸς
1520 4667 1582 4722 τὸ
1642 4665 1934 4742 χθαμαλὸν

290 4761 524 4835 βάσεως.
562 4760 881 4830 Σημείωσαι
943 4756 1021 4827 δὲ,
1060 4757 1143 4819 τίς
1199 4759 1227 4812 ὁ
1287 4758 1487 4819 σκοπὸς
1542 4756 1719 4826 πάσης
1757 4758 1937 4833 ἱεραρ-

289 4850 441 4925 χίας.

354 4939 643 5016 Ὑφὲσεως.
696 4938 1005 5008 Ἀνωτάτην
1052 4935 1173 4991 τινὶ
1224 4935 1379 5013 φύσιν
1423 4935 1511 4991 καὶ
1570 4935 1702 5009 μετά
1732 4938 1778 4972 ⁸⁸
1809 4936 1937 4991 Θεὸν

288 5029 445 5094 εὐθὺς
480 5030 568 5084 ὑπ’
602 5027 767 5083 αὑτοῦ
811 5026 1140 5103 τεταγμένην
1194 5023 1363 5096 δηλοῖ
1402 5025 1530 5088 τοὺς
1566 5026 1817 5099 θρόνους,
1849 5025 1940 5081 οὑ-

289 5117 371 5175 δὶν
405 5118 493 5174 ἐπὶ
520 5119 586 5172 τὰ
620 5116 783 5172 ὑΛικᾶ
825 5118 1220 5193 προσέχοντας,
1254 5116 1327 5177 ὡς
1379 5114 1665 5188 σημαίνειν
1717 5116 1778 5169 τὸ
1832 5136 1938 5187 μη-

290 5210 373 5273 θὶν
432 5207 630 5269 αὐτοὺς
683 5200 832 5281 ἔχειν
890 5206 1206 5282 περιπεζίας
1267 5203 1549 5279 ὑφέσεως,
1606 5200 1731 5272 ἤτοι
1790 5200 1940 5257 ἐνδό-

289 5320 442 5373 σεως,
488 5298 581 5353 καὶ
632 5302 734 5364 τῆς
782 5295 920 5373 πρὸς
964 5296 1027 5350 τὸ
1071 5293 1217 5349 κάτω
1266 5293 1519 5355 νεύσεως·
1568 5289 1715 5347 ἀλλὰ
1758 5289 1821 5346 τὰ
1853 5290 1940 5347 ἐπὶ

292 5389 419 5446 Θεὸν
477 5380 829 5458 ἃναϐατικὸν,
888 5381 1181 5460 ἆνωφερῶς
1246 5380 1520 5459 προσίχον
1557 5426 1571 5440 .
1630 5378 1828 5443 Καλῶς
1884 5378 1943 5436 δε

2050 3340 2499 3391 conservatum:
2534 3351 2671 3407 ergo
2701 3335 2841 3390 dicti
2875 3336 2931 3391 in
2982 3335 3130 3407 ipsis
3180 3335 3441 3405 habitus,
3490 3354 3592 3409 per
3640 3354 3705 3394 se

2051 3421 2437 3479 substantiati
2465 3428 2643 3491 sunt;
2670 3440 2783 3478 non
2807 3440 2942 3479 vero
2965 3424 3119 3479 sicut
3160 3424 3434 3480 accidens
3478 3424 3536 3480 in
3569 3426 3706 3481 sub-

2043 3512 2219 3582 jecto,
2255 3516 2494 3583 propter
2523 3512 2780 3567 materias
2815 3510 3219 3583 privationem.
3256 3512 3417 3568 Unde
3448 3529 3703 3585 magnus

2048 3599 2364 3672 Dionysius
2394 3601 2565 3663 infra,
2606 3600 2665 3654 in
2698 3600 2847 3656 libro
2883 3604 2962 3656 De
2981 3599 3363 3657 ecclesiastica
3384 3601 3704 3658 hierarchia

2049 3689 2239 3760 capite
2265 3694 2475 3760 quarto
2505 3689 2667 3759 dicit,
2696 3688 3119 3745 substantiales
3149 3705 3281 3746 esse
3314 3690 3575 3760 habitus,
3601 3691 3705 3763 qui

2051 3778 2197 3848 ipsis
2228 3778 2455 3834 insunt.

2128 3868 2559 3923 Habiludz’num.
2591 3868 2737 3923 Nota
2778 3867 3007 3923 divinas
3050 3867 3299 3923 virtutes
3351 3867 3562 3924 habere
3604 3885 3709 3940 per

2052 3957 2295 4011 modum
2325 3956 2567 4013 habitus
2615 3955 3222 4012 dei-similitudinem.
3274 3956 3522 4014 Habitus
3569 3973 3705 4014 vero

2050 4050 2141 4101 est
2171 4044 2428 4116 qualitas
2462 4045 2819 4100 immanens.

2122 4135 2269 4190 Hinc
2300 4134 2480 4207 igitur
2507 4134 2860 4204 declaratur,
2894 4134 3049 4206 quod
3090 4133 3256 4189 liberi
3308 4134 3446 4205 sint,
3498 4135 3705 4194 habitu

2050 4225 2298 4280 virtutes
2330 4224 2684 4280 chtinentes.
2714 4224 2832 4279 Hoc
2856 4224 2957 4280 28
2982 4222 3176 4279 fusius
3199 4223 3431 4280 exhibet
3450 4225 3709 4282 Ammon

2051 4312 2516 4384 Adrianopolita.
2550 4314 2608 4368 in
2641 4312 2810 4368 libris
2866 4317 2943 4369 De
2991 4315 3418 4385 resurrectione,
3451 4330 3486 4368 a
3515 4313 3711 4387 seipso

2051 4408 2253 4459 contra
2280 4403 2593 4474 Origenem
2626 4402 2881 4474 scriptis.

1972 4597 2018 4661 ι)
2126 4580 2689 4647 Sublimiuimorum,
2724 4579 2965 4651 Propter
2994 4579 3134 4651 quid
3172 4579 3452 4636 dicuntur
3481 4580 3700 4636 throni.

2129 4672 2471 4727 Humilitate.
2508 4669 2606 4724 Gr.
2641 4667 2954 4742 περιπεζίας
2988 4685 3134 4741 pro:
3168 4669 3236 4724 ad
3292 4669 3561 4725 incessus
3605 4670 3711 4724 hu-

2052 4759 2387 4814 militatem.
2422 4758 2572 4813 Nota
2602 4775 2760 4825 vero,
2793 4758 2925 4829 quis
2958 4759 3035 4813 sit
3064 4774 3279 4831 scopus
3306 4759 3558 4814 universa
3584 4756 3708 4811 hie-

2057 4848 2324 4904 rarchize.

2118 4938 2579 4995 Submissionem.
2636 4936 2986 5009 Supremam
3042 4936 3299 5008 aliquam
3354 4939 3623 4990 naturam
3652 4937 3712 4991 et

2052 5030 2186 5098 post
2219 5030 2399 5081 Deum
2452 5026 2652 5081 statim
2716 5025 2826 5081 sub
2888 5025 3017 5097 ipso
3068 5025 3398 5081 ordinatam
3453 5022 3713 5078 declarat

2049 5115 2292 5171 thronos
2326 5114 2471 5169 nihil
2503 5115 2574 5170 ad
2609 5114 2938 5171 materialia
2969 5115 3335 5169 attendentes
3360 5129 3375 5180 ;
3397 5116 3463 5167 ut
3483 5112 3710 5184 signiﬁ-

2050 5208 2142 5260 cet
2173 5203 2319 5259 nihil
2362 5204 2522 5275 ipsos
2559 5204 2773 5259 habere
2794 5202 3091 5259 terrestris
3132 5200 3573 5267 submissionis,
3604 5216 3711 5258 seu

2051 5292 2447 5359 remissionis,
2474 5297 2532 5348 et
2566 5291 2977 5364 propensionis
3010 5291 3081 5345 ad
3121 5290 3434 5358 inferiora;
3464 5291 3566 5347 sed
3590 5290 3712 5345 vim

2054 5381 2409 5438 ascendendi
2439 5381 2511 5438 ad
2547 5382 2750 5446 Deum,
2776 5380 2919 5435 dum
2944 5395 3186 5436 sursum
3209 5380 3393 5437 fertur
3412 5379 3717 5437 attenden-

1312 5535 1556 5593 νΑΗΙιΕ
1593 5532 1987 5592 LEGTIONES
2028 5532 2115 5588 ET
2153 5528 2704 5591 CORRECTIONES.

357 5664 404 5705 “
437 5659 613 5720 ἄλλο.
692 5656 742 5695 η
770 5652 1241 5729 ἀντιουσιωμιναι.
1310 5653 1358 5690 ⁴⁸
1386 5646 1944 5728 Ἀνδριανουπόλεως.
2018 5650 2067 5688 ⁴⁴
2091 5646 2239 5727 περί.
