4158 6370
446 360 517 415 67
1268 360 1633 415 APPENDIX
1671 361 1768 414 AD
1806 358 2048 412 OPEBA
2083 360 2143 412 Β.
2182 358 2497 416 DIONYSII
2533 358 3035 417 AREOPAGITE.
3794 368 3869 423 68

446 487 589 540 tem.
624 483 797 540 Recte
848 485 1045 539 autem
1104 481 1347 538 adduxit
1396 479 1775 557 ὑπερκοσμίως
1820 496 1925 552 pro
1975 479 2083 535 sint

2214 477 2481 559 ἐπήγαγεν
2565 482 2949 557 ὑπερκοσμίως
2982 529 2996 555 ,
3053 483 3168 538 ἀντὶ
3239 488 3337 539 τοῦ
3393 484 3701 561 ἀσωμάτως
3775 487 3868 545 xui

448 588 710 644 corpore,
744 576 802 627 et
833 570 959 625 sine
981 570 1248 639 materia,
1271 578 1328 626 et
1348 569 1794 642 intelligibiliter
1818 586 1832 637 ;
1860 572 1920 623 ut
1942 568 2098 623 enim

449 661 695 717 minime
716 658 1040 729 arbitreris,
1058 658 1123 711 τὸ
1147 655 1367 719 ἄναντες
1397 675 1528 715 esse
1556 659 1712 714 viam
1735 671 2099 728 corpoream,

449 749 739 822 adjunxit,
772 747 1253 804 immaterialiter.

521 840 823 910 Deiferum.
847 838 1014 901 Nota,
1048 853 1182 893 eum
1235 839 1410 894 etiam
1463 841 1803 894 sanctorum
1854 834 2099 890 throno-

448 945 583 985 rum
614 928 882 984 ordinem
912 929 1192 999 Dei/"erum
1222 928 1468 994 dixisse,
1498 932 1782 999 tanquam
1817 924 2096 979 ferentem

448 1018 633 1075 Deum
677 1018 849 1073 modo
895 1015 1257 1089 intelligibili
1306 1016 1910 1089 superquiescentem.
1953 1012 2099 1068 Vide

446 1108 646 1180 igitur,
681 1106 1162 1179 quandoquidem
1187 1106 1362 1163 etiam
1385 1107 1586 1162 beatus
1608 1103 1861 1160 Basilius
1879 1103 2098 1174 Cappa-

446 1200 580 1266 dox,
614 1197 894 1254 deiferam
922 1197 1069 1253 dixit
1107 1215 1367 1266 carnem,
1422 1196 1918 1254 considerandum
1952 1211 2096 1267 quo-

448 1288 622 1344 modo
652 1287 877 1343 dictum
909 1288 1007 1342 sit.
1035 1286 1252 1343 Verum
1291 1304 1426 1343 caro
1477 1286 1717 1359 quidem
1765 1284 1951 1357 ipsius
1980 1284 2097 1339 Do-

446 1376 592 1433 mini
616 1377 942 1434 secundum
967 1378 1363 1432 substantiam
1385 1380 1442 1432 et
1462 1375 1911 1432 subsistentiam
1932 1373 2100 1429 unita

444 1468 557 1524 fuit
576 1468 686 1540 ipsi
717 1467 834 1523 Deo
855 1466 1043 1523 Verbo
1074 1485 1087 1535 ;
1123 1468 1252 1523 ideo
1284 1467 1461 1523 etiam
1492 1467 1616 1538 ipse
1642 1482 1876 1522 carnem
1903 1468 2095 1536 gesta-

442 1557 868 1613 reaPatribus
920 1556 1158 1624 dicitur,
1210 1564 1268 1612 et
1311 1573 1545 1612 carnem
1599 1555 1902 1621 induisse;
1953 1552 2094 1625 quid

439 1646 621 1718 igitur
652 1646 1003 1713 absurdum,
1039 1645 1089 1701 si
1120 1645 1293 1701 etiam
1326 1646 1513 1716 ipsius
1537 1661 1673 1700 caro
1705 1644 1924 1699 deifera
1950 1641 2093 1697 dici-

438 1739 555 1803 tur,
586 1740 872 1807 tanquam
906 1736 1096 1791 ferens
1128 1740 1311 1790 Deum
1332 1734 1587 1790 Verbum
1609 1734 1935 1789 secundum
1958 1731 2091 1787 uni-

440 1824 663 1881 tionem
694 1824 1138 1891 indivisibilem,
1172 1823 1363 1895 ipsius
1388 1823 1567 1879 etiam
1590 1838 1744 1890 caro,
1768 1837 1895 1893 quae
1926 1825 1983 1876 et
2002 1820 2091 1875 di-

438 1913 593 1969 citur
621 1916 677 1969 et
706 1913 935 1968 exsistit
966 1912 1220 1984 proprie,
1245 1917 1302 1969 et
1322 1913 1648 1968 secundum
1670 1912 1998 1968 veritatem.
2021 1908 2091 1965 Hi

440 2005 638 2058 autem
658 2002 985 2057 secundum
1008 2001 1259 2073 gratiam
1288 2001 1570 2057 habentes
1591 2000 1650 2055 in
1672 2000 1884 2072 seipsis
1908 1998 2090 2054 Deum

439 2089 722 2146 ineffabili
742 2106 1014 2145 sermone
1035 2094 1093 2145 et
1116 2088 1549 2161 inconceptibili
1574 2087 2090 2161 cogitatione,dei-

439 2178 542 2235 feri
575 2179 752 2235 etiam
784 2179 898 2250 ipsi
930 2179 1059 2234 ideo
1093 2179 1389 2245 dicuntur,
1426 2179 1565 2250 quia
1615 2178 1804 2248 primo
1850 2176 2088 2249 partici-

438 2272 584 2341 pant
619 2268 816 2339 primae
842 2268 1088 2324 virtutes
1120 2268 1191 2322 de
1220 2268 1356 2334 Deo,
1405 2272 1578 2339 atque
1626 2267 1709 2321 ita
1754 2266 2088 2322 communi-

438 2361 572 2412 cant
602 2356 1100 2429 iadigentioribus
1132 2357 1346 2412 factam
1379 2356 1438 2411 in
1471 2372 1535 2412 se
1572 2354 2050 2411 illustrationem.

510 2446 540 2519 Ξ
571 2445 638 2501 ΙΙ.
667 2447 896 2501 Primis.
928 2445 1023 2500 Sic
1054 2446 1386 2501 secundum
1436 2444 1965 2516 transgressionem
2000 2443 2089 2497 in-

439 2534 758 2608 telligenda
790 2539 878 2592 est
908 2534 1116 2591 lectio:
1154 2535 1364 2607 primis
1396 2534 1747 2590 substantiis
1788 2532 2084 2605 propriam

440 2625 769 2698 putandum
802 2641 931 2681 esse
964 2624 1352 2681 bierarchiam
1406 2624 1755 2679 uniformem
1798 2622 1945 2695 ipsis
1994 2638 2084 2679 se-

437 2715 697 2771 cundum
731 2715 967 2782 omnia;
1004 2714 1231 2786 reliqua
1260 2720 1483 2778 autem,
1510 2713 1569 2767 in
1604 2713 1816 2768 medio.

506 2804 874 2859 Invisibilem.
907 2803 1054 2858 Nota
1086 2804 1241 2874 quod
1275 2803 1434 2859 omni
1466 2801 1747 2856 invisibili
1774 2806 1829 2857 et
1865 2800 2086 2858 visibili

435 2892 654 2948 virtute
683 2893 933 2962 majores
964 2891 1081 2947 sint
1113 2898 1232 2946 tres
1259 2891 1319 2945 hi
1352 2890 1526 2963 primi
1558 2891 1817 2946 ordines.

509 3070 789 3137 Creatam,
822 3069 918 3125 Gr.
949 3066 1255 3142 γεγονυίας.
1290 3068 1407 3124 Hoc
1438 3072 1528 3124 est
1556 3068 1864 3125 conditam.

511 3179 652 3235 Visa.
685 3176 847 3243 Quod
890 3175 1120 3232 nullum
1164 3175 1381 3244 visum,
1434 3191 1537 3231 seu
1591 3174 2077 3247 imaginationem

434 3265 801 3324 materialem
827 3265 1081 3337 recipere
1101 3271 1338 3337 queant,
1368 3269 1425 3321 et
1450 3263 1609 3333 ζωιΠί
1656 3263 1931 3320 immistae
1960 3265 2082 3321 sint

432 3355 851 3422 submissioni;
875 3354 1029 3427 quod
1053 3370 1168 3410 non
1191 3358 1421 3409 tantum
1440 3353 1649 3409 divina
1672 3352 1915 3409 virtutes
1937 3354 2082 3426 ipsae

431 3444 730 3501 amaculis
760 3448 817 3500 et
845 3443 1312 3515 inquinamentis
1334 3443 1595 3499 liberata:
1625 3442 1764 3513 sint,
1786 3445 1885 3499 sed
1912 3445 2084 3499 etiam

429 3534 652 3591 nullam
686 3534 787 3590 ἰιι
820 3533 1308 3605 imaginationem
1357 3532 1719 3588 materialem
1770 3534 2084 3589 admittere

429 3628 668 3694 queant,
694 3638 883 3693 neque
907 3622 1009 3687 ulli
1037 3622 1227 3677 mistae
1247 3620 1679 3687 imminutioni,
1704 3625 1761 3676 et
1783 3622 1944 3676 nullo
1971 3638 2085 3677 mo-

432 3713 505 3765 do
536 3710 1009 3766 extenuationem
1043 3710 1115 3763 ad
1166 3709 1443 3763 inferiora
1490 3714 1932 3780 cognoscentes.
1965 3710 2083 3765 Hoc

430 3814 563 3855 vero
599 3797 883 3869 intellige,
908 3815 1022 3852 non
1048 3798 1200 3869 quod
1227 3797 1548 3851 secundum
1574 3802 1844 3851 naturam
1873 3798 2084 3852 immu-

432 3887 640 3945 tabiles
672 3887 828 3955 sint;
864 3886 962 3942 sed
999 3886 1153 3957 quod
1186 3884 1368 3941 libero
1394 3884 1638 3941 arbitrio
1689 3890 1927 3957 agentes
1980 3902 2083 3959 per

430 3976 674 4034 nimiam
710 3976 768 4032 in
804 3976 1018 4032 bonum
1045 3974 1449 4047 cupiditatem,
1476 3975 1534 4029 in
1556 3973 1917 4030 divinitatem
1943 3991 2080 4046 pro-

430 4082 623 4139 pensa)
654 4066 737 4122 ita
756 4066 1159 4137 perstiterunt,
1184 4063 1654 4120 immobilitatem
1677 4068 1957 4135 tanquam
1984 4065 2085 4120 ha-

429 4156 621 4212 bitum
655 4155 956 4211 habentes.
1010 4152 1182 4210 Solus
1222 4153 1379 4210 enim
1434 4156 1757 4209 secundum
1809 4158 2081 4211 naturam

430 4244 822 4302 immutabilis
854 4245 1030 4300 Deus.
1055 4243 1149 4299 Hes
1173 4247 1369 4300 autem
1394 4243 1444 4299 si
1470 4243 1551 4300 ita
1574 4249 1781 4299 creata
1808 4243 2078 4313 fuissent,

432 4352 548 4392 non
580 4334 895 4392 excidisset
924 4332 1223 4389 diabolus.
1254 4333 1472 4389 Verum
1500 4337 1556 4388 et
1582 4333 1668 4388 has
1686 4349 1882 4389 omnes
1906 4334 2082 4390 unius

432 4428 489 4480 et
518 4423 761 4495 aequalis
791 4422 1017 4479 ordinis
1044 4442 1058 4490 ;
1093 4423 1249 4493 quod
1282 4422 1437 4477 enim
1471 4426 1681 4478 natura
1721 4422 1940 4479 bonum
1970 4428 2079 4491 est,

428 4514 785 4569 descensum
819 4529 935 4567 non
967 4511 1163 4567 habet.

2209 566 2391 633 ἀόλως
2438 572 2528 626 καὶ
2577 576 2812 651 νοητῶς,
2863 570 2990 641 ἤτοι
3032 576 3258 648 νοερῶς·
3286 571 3377 629 ’ίνα
3419 576 3519 652 γὰρ
3572 578 3649 651 μή
3698 576 3869 651 νομί-

2209 679 2310 733 σῃς
2360 661 2423 715 τὸ
2483 661 2702 723 ἄναντες
2752 658 2877 716 ὁδὸν
2931 662 3064 716 εἶναι
3109 665 3450 737 σωματικὴν,
3507 664 3749 744 ἰπήγαγε
3799 666 3864 723 τὸ

2207 747 2412 810 άΰλως.

2278 838 2569 916 Θεοφόρον.
2623 837 2969 912 Σημείωσαι,
3001 838 3085 894 ὅτι
3126 839 3216 895 καὶ
3266 842 3330 897 τὸ
3377 846 3484 898 τῶν
3529 844 3696 919 άγίων
3732 846 3860 920 θρό-

2204 946 2307 981 νων
2364 929 2545 1004 τάγμα
2602 927 2872 1007 Θεοφόρον
2935 927 3103 1000 εἶπεν,
3164 928 3239 993 ὠς
3298 931 3457 1009 φέρον
3515 932 3861 990 ἐπαναπαυό-

2210 1037 2369 1088 μενον
2426 1022 2640 1087 νοητῶς
2688 1018 2779 1073 τὸν
2836 1015 2985 1074 Θεόν.
3035 1019 3177 1095 ’Ὀρα
3223 1020 3334 1088 οὗν,
3389 1019 3577 1092 ἐπειδὴ
3610 1024 3639 1078 6
3682 1024 3861 1099 μακά-

2205 1124 2323 1179 ριος
2381 1104 2667 1163 Βασίλειος
2725 1106 2753 1162 ό
2812 1104 3187 1179 Καππαδόκης
3254 1111 3355 1180 τὴν
3416 1109 3679 1190 θεοφόρον
3739 1117 3861 1171 εἷπε

2206 1193 2396 1268 σάρκα,
2452 1198 2752 1268 σκοπητέον
2813 1202 2931 1262 πῶς
2989 1194 3221 1273 εἴρηται.
3271 1199 3427 1257 Ἀλλ’
3479 1203 3514 1272 ἡ
3571 1202 3667 1275 μὶν
3727 1203 3857 1281 σὰρξ

2204 1283 2368 1339 αὐτοῦ
2406 1289 2502 1340 τοῦ
2559 1286 2765 1361 Κυρίου
2820 1289 2966 1348 κατ’,
2996 1287 3179 1344 οὐσίαν
3238 1290 3329 1344 xui
3387 1292 3506 1355 καθ’
3566 1292 3861 1347 ὑπόστασιν

2203 1371 2408 1441 ἥνωται
2449 1374 2598 1446 αὐτῷ
2623 1380 2704 1447 τῷ
2752 1380 2868 1448 Θεῷ
2899 1378 3076 1451 Λόγῳ·
3134 1374 3219 1432 διὸ
3247 1377 3337 1433 καὶ
3366 1387 3726 1457 σαρκοφορεῖν
3762 1381 3857 1437 αὖ·

2201 1462 2295 1524 τὸς
2354 1460 2569 1538 λέγεται
2625 1465 2771 1539 παρὰ
2825 1468 2935 1519 τῶν
2988 1466 3260 1542 πατέρων,
3289 1467 3379 1523 καὶ
3439 1468 3610 1545 σάρκα
3640 1467 3859 1525 ἐνδύσα-

2204 1552 2343 1605 σθαι·
2375 1551 2428 1605 τί
2476 1549 2675 1607 ἄτοπον
2723 1553 2813 1607 οὗν
2847 1552 2893 1608 εἰ
2936 1554 3025 1608 καὶ
3056 1556 3091 1624 ἠ
3138 1557 3266 1631 σὰρξ
3296 1556 3462 1613 αὐτοῦ
3494 1556 3707 1635 λέγεται
3735 1561 3859 1616 θεο-

2203 1640 2398 1716 φόρος,
2430 1639 2504 1703 ώς
2536 1642 2773 1719 φέρουσα
2800 1643 2895 1697 τὸν
2946 1645 3074 1698 Θεὸν
3130 1643 3306 1721 Λόγον
3336 1647 3458 1710 καθ’
3482 1643 3676 1702 ἕνωσιν
3706 1644 3861 1703 ἀδιά-

2203 1749 2413 1797 στατον,
2463 1730 2629 1785 αὐτοῦ
2868 1730 2992 1806 σὰρξ
3042 1732 3135 1787 xui
3198 1732 3471 1810 λεγομένη
3534 1735 3860 1812 ὀπάρχσυσα

2203 1816 2404 1903 κυρίως
2453 1818 2543 1872 καὶ
2600 1819 2735 1873 κατὰ
2790 1816 3104 1891 άλήθειαν;
3155 1822 3323 1880 Οὗτοι
3382 1822 3439 1880 δὲ
3502 1825 3637 1881 κατὰ
3689 1826 3858 1903 χάριν

2200 1901 2419 1981 ἔχοντες
2468 1906 2519 1962 ἐν
2572 1908 2786 1971 ἑαυτοῖς
2836 1908 2926 1963 τὸν
2978 1911 3107 1965 Θεὸν
3164 1910 3387 1989 ἇῤῥήτῳ
3441 1934 3499 1970 τε
3556 1901 3726 1990 λόγων
3755 1901 3851 1970 xui

2199 1994 2506 2069 ἀνεννοήτῳ
2562 2000 2629 2071 τῇ
2689 1995 2900 2070 διανοίᾳ
2956 1999 3209 2077 θεοφόροι
3268 2004 3357 2075 [α’]
3414 2002 3505 2058 καὶ
3561 2002 3713 2059 αὐτοὶ
3762 2000 3857 2059 διὰ

2196 2088 2359 2140 τοῦτο
2410 2082 2687 2160 λέγονται,
2732 2085 2815 2142 ὅτι
2873 2088 3108 2160 πρώτως
3168 2088 3491 2167 μετέχουσιν
3533 2093 3587 2146 ui
3635 2097 3855 2167 πρῶται

2200 2171 2457 2245 δυνάμεις
2496 2179 2593 2228 τοῦ
2636 2175 2792 2248 Θεοῦ,
2825 2176 2915 2230 καὶ
2966 2176 3108 2232 οὕτω
3160 2176 3507 2251 μεταδιδόασι
3558 2187 3678 2245 ταῖς
3710 2180 3856 2238 ὀπο-

2200 2260 2501 2339 δεεστέραις
2523 2266 2623 2334 τήν
2651 2265 2959 2339 γενομένην
2992 2265 3069 2330 εἷς
3096 2266 3262 2331 αὐτὰς
3293 2266 3594 2344 ἔλλαμψιν.

2266 2446 2293 2511 §
2326 2445 2392 2499 ΙΙ.
2427 2442 2544 2517 [β’.]
2576 2445 2709 2505 Ταῖς
2754 2445 3021 2518 πρώταις,
3054 2444 3213 2503 Οὕτω
3257 2448 3359 2516 τὴν
3405 2450 3524 2512 καθ’
3559 2444 3855 2526 ὑπέρϐασιν

2198 2531 2494 2606 ἀνάγνωσιν
2552 2530 2817 2602 νοητέον·
2874 2539 2992 2595 ταῖς
3065 2537 3309 2610 πρώταις
3377 2536 3584 2600 οὐσίαις
3646 2538 3852 2595 οἰκείαν

2198 2619 2409 2690 οἰητέον
2472 2623 2606 2675 εἶναι
2672 2622 2957 2699 ἱεραρχίαν
3015 2626 3114 2694 τὴν
3172 2624 3404 2700 ὁμοειδῆ
3464 2626 3653 2690 αὐταῖς
3714 2628 3857 2683 κατὰ

2195 2708 2388 2763 πάντα*
2418 2709 2485 2764 τὰ
2515 2707 2572 2764 δὶ
2604 2711 2773 2765 λοιπὰ
2804 2709 2894 2766 διὰ
2925 2712 3114 2785 μέσου.

2268 2796 2565 2872 ’Λοράτου.
2632 2798 2951 2871 Σημείωσαι
2988 2845 3001 2871 ,
3062 2801 3145 2857 ὅτι
3220 2802 3400 2875 πάσης
3468 2807 3702 2882 ἀοράτου
3756 2805 3853 2861 καὶ

2194 2885 2395 2960 ὁρατῆς
2425 2884 2705 2961 δυνάμεως
2737 2888 2956 2962 μείζους
2985 2889 3119 2945 εἷ’σίν
3150 2893 3206 2947 αἱ
3247 2898 3460 2968 πρῶται
3510 2900 3659 2971 τρεῖς
3690 2895 3855 2951 αὗται

2192 2975 2393 3045 τάξεις.

2268 3066 2377 3141 [γη]
2402 3066 2707 3140 Γεγονυίας.
2732 3066 2990 3124 Τουτέστι
3022 3077 3272 3141 κτιστῆς.

2264 3176 2602 3231 Φαντασιῶν.
2651 3175 2775 3232 Ὅτι
2831 3174 3009 3247 πάσης
3070 3178 3364 3256 φαντασίας
3411 3177 3691 3255 προσόλου
3746 3179 3849 3235 άν-

2196 3258 2469 3317 επίδεκτοί
2500 3261 2601 3317 εῗσι
2631 3262 2719 3318 καὶ
2770 3263 2991 3341 ἀμιγεῖς
3022 3268 3206 3339 πάσης
3238 3266 3496 3343 ὑφέσεως,
3529 3269 3611 3322 δτι
3646 3269 3708 3324 οὐ
3745 3267 3848 3343 μό-

2190 3370 2280 3403 νον
2311 3351 2365 3404 αἱ
2397 3355 2534 3414 θεῖαι
2588 3348 2847 3425 δυνάμεις
2896 3354 3055 3410 αὐταὶ
3107 3352 3355 3427 κηλίδων
3404 3357 3493 3411 xui
3548 3356 3854 3431 μολυσμῶν

2191 3436 2618 3513 ἡλευθέρωνται,
2675 3440 2821 3496 ἀλλὰ
2867 3443 2955 3497 xui
3008 3445 3186 3515 πάσης
3237 3445 3527 3522 φαντασίας
3564 3447 3853 3523 προσύλου

2192 3524 2524 3583 ἀνεπίδεκτοί
2570 3529 2665 3583 εἰσι
2719 3531 2810 3584 καὶ
2859 3530 3076 3607 ἀμιγεῖς
3128 3534 3307 3605 πάσης
3350 3534 3722 3604 ἐλαττώσεως,
3754 3536 3851 3592 xui

2192 3617 2291 3683 τήν
2324 3616 2412 3671 ἐπὶ
2442 3618 2509 3671 τὰ
2558 3618 2729 3693 χείρω
2784 3622 3009 3691 μείωσιν
3062 3620 3179 3678 οὐδ’
3226 3622 3373 3687 ὅλως
3412 3622 3632 3681 εἷδυῖαι.
3665 3628 3847 3683 Τοῦτο

2193 3701 2250 3758 δὲ
2280 3707 2498 3774 νόησον,
2541 3707 2648 3782 οὐχ
2696 3706 2777 3762 ὅτι
2827 3708 2963 3764 κατὰ
3007 3710 3164 3788 φύσιν
3204 3709 3459 3785 ἅτρεπτοί
3512 3713 3665 3782 εἰσιν,
3716 3712 3852 3771 ἀλλ’

2194 3792 2298 3865 ὅτι,
2332 3793 2777 3870 αὖτοπροαίρετοι
2811 3799 2962 3853 οὖσαι
3012 3798 3101 3854 διὰ
3128 3808 3229 3871 τῆς
3269 3802 3344 3864 εἰς
3374 3802 3436 3857 τὸ
3468 3802 3670 3877 ἀγαθὸν
3702 3802 3842 3880 ἄγαν

2195 3882 2446 3960 ἐφέσεως,
2491 3883 2580 3939 ἐπὶ
2631 3886 2694 3941 τὸ
2747 3892 2887 3949 θεῖον
2941 3888 3166 3963 ῥέψασαι
3221 3886 3437 3963 ἔμειναν
3490 3891 3684 3963 οὕτως,
3732 3891 3841 3965 ἔξιν

2194 3970 2375 4048 ὥσπερ
2436 3970 2661 4050 ἔχουσαι
2716 3976 2779 4029 τὸ
2832 3976 3254 4049 ἀμετακίνητον.
3313 3981 3492 4044 Μόνος
3546 3982 3650 4057 γὰρ
3705 3983 3847 4040 κατὰ

2193 4059 2348 4137 φύσιν
2383 4059 2645 4139 ἄτρεπτος
2675 4065 2702 4118 6
2733 4064 2881 4128 Θεός·
2926 4067 3077 4121 αὗται
3130 4064 3188 4123 δὲ
3236 4068 3281 4122 εί
3331 4068 3502 4133 οὕτως
3546 4069 3847 4149 ἐδημιουρ-

2190 4151 2458 4225 γήθησαν,
2514 4152 2615 4207 οὐκ
2670 4150 2730 4208 ἃν
2792 4152 3071 4225 ἐξέπιπτεν
3130 4157 3157 4211 6
3207 4152 3487 4222 διάϐολος.
3531 4158 3710 4216 Ἀλλὰ
3755 4162 3847 4217 xui

2192 4239 2347 4295 αὗται
2401 4248 2566 4297 πᾶσαι
2630 4247 2760 4316 μιᾶς
2807 4245 2896 4298 xui
2960 4244 3081 4316 ἴσης
3128 4248 3348 4321 τάξεως’
3404 4249 3466 4303 τὸ
3512 4250 3613 4327 γὰρ
3663 4249 3723 4306 ἐκ
3751 4250 3852 4330 φό-

2192 4348 2328 4391 σεως
2360 4329 2554 4404 ἀγαθὸν
2584 4326 2850 4388 ὑπόϐασιν
2884 4331 2985 4389 οὐκ
3012 4327 3151 4409 ἔχει.

495 4622 589 4677 Per
628 4636 683 4677 se
710 4620 983 4676 mobilem.
1017 4619 1127 4675 Per
1163 4636 1225 4675 se
1257 4619 1533 4675 mobilem
1561 4618 1701 4674 dicit
1722 4618 1817 4675 hic
1839 4624 2081 4677 sanctus

2262 4610 2373 4686 [δ’.]
2423 4616 2854 4686 Ταυτοκινήτου.
2920 4618 3316 4690 Ταυτοκίνητόν
3379 4643 3540 4700 φησιν
3601 4623 3629 4677 6
3689 4623 3845 4701 ἅγιος

425 4710 687 4782 ipsorum
713 4725 841 4765 esse
872 4709 1231 4765 motionem:
1258 4714 1320 4764 ut
1343 4708 1771 4779 invariabilem,
1788 4714 1844 4765 et
1866 4710 2078 4766 immu-

424 4797 685 4867 tabilem,
710 4799 915 4854 eodem
939 4802 1129 4855 autem
1156 4798 1328 4854 modo
1353 4814 1414 4853 se
1438 4797 1774 4855 habentem.
1791 4798 2076 4857 Motiones

424 4903 560 4944 vero
585 4887 643 4943 in
669 4886 813 4959 ipsis
846 4892 1009 4952 sunt,
1045 4887 1445 4941 indesinentes
1467 4885 1620 4940 circa
1655 4886 2075 4943 consideratio-

427 4992 531 5032 nes
563 4976 929 5048 operationes
957 4976 1243 5031 efﬁcaces.
1274 4974 1495 5029 Mentes
1518 4974 1673 5029 enim
1698 4980 1837 5030 sunt
1863 4975 2076 5032 silendi

425 5065 816 5136 impotentes;
850 5071 908 5120 et
938 5070 1095 5131 nota,
1126 5063 1425 5120 secundum
1448 5064 1715 5134 pietatem
1753 5066 2076 5120 immutabi-

424 5155 657 5209 litatem.
692 5155 842 5225 Lege
874 5170 1103 5225 quoque
1135 5158 1312 5224 caput
1341 5158 1618 5223 quartum
1649 5151 1783 5207 libri
1831 5154 1904 5209 De
1932 5154 2075 5211 divi-

421 5245 508 5299 nis
536 5243 877 5309 nominibus,
914 5248 971 5298 et
1000 5246 1176 5314 caput
1206 5247 1475 5297 octavum
1513 5241 1816 5313 prasentis
1844 5242 2001 5298 libri.

494 5331 993 5403 Contamplatrices.
1032 5331 1177 5387 Nota
1200 5331 1490 5402 quomodo
1512 5330 1791 5385 dicuntur
1814 5337 2067 5388 contem-

422 5419 622 5493 plativi
652 5419 714 5475 hi
745 5420 935 5476 sancti
968 5421 1224 5489 ordines,
1256 5424 1311 5475 et
1335 5419 1490 5491 quod
1516 5435 1631 5473 non
1657 5436 1759 5490 per
1778 5420 1948 5491 signa
1970 5425 2075 5477 aut

424 5507 947 5581 contemplationes
982 5507 1294 5580 Scriptum
1326 5508 1428 5564 Dei
1460 5507 1857 5581 cognitionem
1879 5509 2076 5581 acqui-

424 5601 584 5664 runt,
616 5596 789 5654 sicuti
823 5612 955 5653 nos.

492 5686 905 5743 lnwuectilium
947 5687 1317 5759 spectatrices.
1372 5690 1576 5759 Θεωροι
1637 5684 1917 5744 dicuntur
1945 5702 2071 5761 my-

2187 4702 2349 4765 οὗτος
2408 4704 2538 4757 εἶναι
2601 4705 2700 4773 τήν
2756 4706 2969 4777 κίνησιν
3021 4708 3219 4778 αὗτῶν,
3280 4710 3353 4773 ὠς
3414 4709 3843 4787 ἀπαράλλακτον

2184 4792 2272 4847 xui
2326 4789 2692 4865 ἀμετάϐολον,
2743 4794 3002 4859 ὡσαύτως
3055 4794 3113 4853 δὲ
3162 4796 3431 4875 ἔχουσαν.
3484 4803 3731 4872 Κινήσεις
3785 4800 3845 4857 δέ

2188 4880 2319 4936 εῗσιν
2364 4880 2444 4936 ἐπ’
2490 4880 2664 4936 αὐτῶν
2714 4884 2768 4937 αἱ
2804 4882 3067 4941 ἄπαυστοι
3116 4889 3239 4962 περὶ
3286 4890 3381 4951 τὰς
3430 4891 3647 4960 νοήσεις
3695 4890 3843 4967 ἐνέρ-

2186 4989 2351 5045 γειαι·
2412 4970 2529 5033 νόες
2588 4973 2688 5047 γάρ
2751 4972 2883 5029 εἷ’σιν
2939 4976 3214 5051 ἆσίγητοι.
3277 4976 3379 5032 Καί
3430 4979 3738 5053 σημείωσαι
3777 4983 3845 5036 τὸ

2184 5060 2321 5115 κατὰ
2344 5060 2406 5114 τὸ
2439 5058 2710 5137 φιλοθέως
2742 5060 3027 5139 ἄτρεπτον,
3061 5066 3149 5119 xui
3182 5065 3450 5141 ἀνάγνωθι
3482 5069 3544 5123 τὸ
3583 5069 3841 5144 τέταρτον

2184 5148 2479 5227 κεφάλαιον
2526 5154 2623 5205 τοῦ
2675 5151 2803 5219 Περὶ
2861 5152 3018 5216 θείων
3062 5154 3347 5228 ὀνομάτων
3391 5155 3584 5233 λόγου,
3632 5158 3723 5213 xui
3776 5160 3842 5216 τὸ

2185 5236 2377 5313 ὄγδοον
2409 5237 2704 5313 κεφάλαιον
2738 5244 2835 5294 τοῦ
2865 5241 3134 5317 παρόντος
3165 5243 3354 5319 Λόγου.

2258 5329 2361 5401 [ε’.]
2411 5325 2777 5403 Θεωρητικάς.
2841 5329 3159 5404 Σημείωσαι
3214 5337 3333 5396 πῶς
3394 5332 3649 5412 λέγονται
3709 5347 3847 5402 θεω-

2186 5418 2406 5491 ρητικαὶ
2438 5417 2491 5472 ui
2542 5418 2687 5494 ἅγιαι
2724 5419 2898 5490 τάξεις
2931 5421 3105 5476 αὗται’
3139 5422 3228 5477 xui
3277 5422 3360 5479 ὅτι
3393 5425 3454 5481 οὗ
3506 5424 3595 5481 διὰ
3627 5423 3847 5498 συμϐό-

2184 5504 2299 5561 λων
2352 5506 2389 5575 ἢ
2450 5508 2824 5582 θεωρημάτων
2887 5516 2989 5581 τῆς
3060 5516 3279 5589 Γραφῆς
3344 5516 3444 5585 τήν
3505 5516 3845 5592 θεογνωσίαν

2179 5599 2439 5667 κτῶνται,
2473 5595 2547 5658 ὠς
2577 5598 2763 5670 ἡμεῖς.

2254 5685 2367 5759 [ς’.]
2422 5688 2636 5760 Νοερῶν
2692 5685 2928 5764 θεωρούς
2964 5730 2978 5747 .
3028 5690 3237 5765 Θεωροί
3311 5690 3564 5767 λέγονται
3625 5694 3677 5749 0i
3729 5698 3844 5752 τῶν
