4158 6370
235 395 301 451 69
936 394 995 448 S.
1035 390 1313 457 MAXIM}
1349 392 1660 449 SCHOLIA
1695 391 1770 447 IN
1808 390 1944 445 LIB.
1988 389 2087 442 DE
2125 388 2446 446 C(ELESTI
2484 389 2958 446 HIEBARCHIA.
3591 390 3665 446 70

242 515 551 594 μυστηρίων
600 513 843 571 ἐπόπται
878 533 892 546 ·
947 517 1113 570 ταῦτα
1162 511 1220 569 δὲ
1265 519 1382 576 τοῖς
1436 513 1616 588 ἁγίοις
1674 510 1765 567 διὰ
1791 515 1898 566 τῶν

2030 511 2325 567 steriorum
2367 512 2761 583 inspectores;
2796 513 2920 569 haec
2968 518 3164 569 autem
3210 514 3434 572 sanctis
3466 531 3570 588 per
3598 531 3669 573 ea

238 602 589 682 συμϐολικῶς
630 602 951 681 λεγομένων
1001 603 1126 679 περὶ
1174 607 1309 659 Θεοῦ
1350 602 1620 672 αἰσθητῶν
1672 599 1895 657 ἐκκαλύ-

236 717 483 765 πτονται,
524 691 693 771 οἷ’περ
724 697 775 731 ⁸⁸
817 692 905 748 ἰπὶ
953 697 1064 748 τῶν
1116 694 1227 747 ἅνω
1276 689 1557 766 δυνάμεων
1609 691 1710 747 οὔκ
1756 688 1893 744 ἔστιν

242 787 441 843 ἐννοεῖν
452 828 465 841 .

308 873 575 950 Θεωρίας.
621 872 946 946 Σημείωσαι
981 872 1080 940 τὴν
1133 870 1427 946 εἰρημένην
1485 875 1716 950 τριφανῆ
1764 870 1897 924 θεω-

242 967 359 1042 ρίαν
392 962 512 1018 ἀντὶ
541 965 641 1018 τοῦ
671 962 1101 1036 τρισυπόστατον
1140 960 1264 1035 μίαν
1299 960 1561 1031 Θεότητα.

308 1144 518 1214 Ἰησοῦ.
568 1142 753 1211 Ἰησοῦ
796 1138 1085 1195 κοινωνίαν
1134 1139 1233 1207 τὴν
1290 1138 1533 1214 μετοχὴν
1580 1142 1679 1206 τῆς
1739 1134 1901 1209 δόξης

236 1232 327 1288 καὶ
361 1234 462 1301 τῆς
492 1230 738 1306 ἆρῥήτου
789 1228 1183 1304 λαμπρότητος
1236 1225 1335 1283 τοῖ’)
1362 1228 1616 1301 σώματος
1646 1226 1742 1280 τοῦ
1772 1231 1903 1302 Χρι-

237 1326 367 1376 στοῦ
424 1320 579 1396 λέγει
613 1338 627 1351 ’
693 1319 831 1392 μετὰ
888 1319 1087 1395 σαρκὸς
1161 1316 1262 1393 γὰρ
1317 1313 1619 1393 συνεδρεύει
1665 1319 1746 1388 τῷ
1792 1320 1904 1371 Πα-

241 1411 355 1485 τρί.

306 1502 401 1556 Ἐν
460 1498 653 1553 εἰκόσι.
709 1497 780 1552 Τὸ
847 1492 905 1551 δὲ
971 1494 1262 1572 εἷ’ρημένον
1335 1494 1388 1549 ἐν
1435 1492 1635 1549 εἰκόσιν
1698 1494 1904 1548 ἀποτυ-

238 1591 405 1643 ποῦσι
437 1587 544 1655 τὴν
589 1586 882 1659 ὁμοίωσιν,
936 1581 1056 1639 δέον
1113 1582 1280 1639 εἶπεῖν
1330 1583 1753 1652 ἀποτυπούσαις,
1792 1604 1902 1656 μη-

242 1675 357 1739 δεὶς
382 1669 658 1731 ὑπολάϐοι
693 1673 973 1745 σόλοικον,
1017 1673 1091 1737 ὡς
1137 1674 1504 1749 ἀγνοήσαντος
1534 1676 1631 1728 τοῦ
1665 1670 1902 1749 μεγάλου

244 1765 530 1821 Διονυσίου
614 1762 740 1820 ἀλλ’
789 1757 1029 1838 ἀκριϐῶς
1080 1760 1234 1835 ἵστω,
1267 1763 1350 1817 ὅτι
1394 1760 1483 1817 καί
1512 1762 1672 1817 τοῦτο
1704 1761 1777 1823 ὡς
1822 1763 1902 1833 τῷ

2004 600 2309 657 sensibilis
2341 618 2465 672 quae
2513 602 2757 675 ﬁgurate
2786 602 2856 657 de
2908 602 3024 658 Deo
3069 603 3352 659 dicuutur
3402 604 3665 661 revelan-

2008 695 2123 762 tur,
2151 692 2307 763 quod
2338 692 2397 746 in
2429 692 2832 764 superioribus
2860 691 3177 748 virtutibus
3200 694 3364 751 nefas
3396 698 3486 751 est
3515 694 3670 768 cogi-

2009 784 2155 836 tare.

2081 869 2593 943 Co'ntcmplationes.
2622 875 2770 928 Nota
2818 870 3042 927 dictum
3090 873 3255 929 tertio
3303 878 3667 945 apparentem

2007 961 2543 1031 contemplationem,
2575 978 2678 1034 pro
2716 977 2891 1016 unam
2938 961 3221 1018 Deitatem
3249 961 3429 1018 trium
3469 963 3669 1021 subsi-

2010 1049 2383 1107 stentiarum.

2081 1140 2226 1195 Iesu.
2256 1140 2394 1195 Jesu
2445 1140 2947 1210 communionem,
3000 1141 3509 1214 participationem
3538 1142 3668 1216 glo-

2013 1227 2131 1292 riae,
2167 1236 2219 1284 et
2250 1228 2563 1285 ineffabilia
2594 1228 2930 1301 splendoris
2962 1230 3223 1302 corporis
3253 1230 3473 1288 Christi
3502 1231 3666 1302 dicit;

2014 1334 2146 1374 cum
2179 1334 2353 1374 carne
2383 1318 2538 1374 enim
2572 1319 2838 1374 considet
2867 1320 3046 1376 Patri.

2086 1496 2146 1549 In
2175 1494 2531 1566 imaginibus.
2567 1496 2728 1562 Quod
2761 1500 2958 1551 autem
3004 1496 3224 1553 dictum
3261 1502 3353 1554 est
3382 1496 3432 1551 έν
3468 1495 3668 1552 simiam

2013 1581 2349 1637 ἀποτυποῦσι
2409 1583 2508 1652 τὴν
2566 1582 2859 1655 ὁμοίωσιν,
2919 1602 3053 1642 cum
3113 1588 3432 1643 dicendum
3495 1587 3673 1645 fuerit

2012 1671 2438 1739 ἀποτυπούσαις,
2470 1672 2668 1729 nullus
2699 1674 3035 1746 suspicetur
3075 1675 3500 1748 soloecismum,
3533 1682 3669 1734 tan-

2012 1779 2189 1835 quam
2220 1780 2473 1834 magnus
2502 1761 2816 1835 Dionysius
2847 1763 3177 1835 ignorasset
3203 1790 3217 1833 ;
3250 1766 3352 1822 sed
3398 1769 3674 1822 accurate

245 1850 359 1910 ὄντι
393 1855 683 1922 ’Δνηναῖος
712 1852 805 1907 καὶ
857 1850 977 1908 λίαν
1029 1852 1275 1916 Ἀττικὸς
1324 1849 1466 1906 οὕτω
1507 1849 1691 1928 φησίν.
1724 1851 1900 1908 Ἀττι-

2030 1854 2182 1920 sciat,
2214 1852 2371 1924 quod
2421 1852 2596 1907 etiam
2630 1852 2741 1907 hoc
2790 1850 2940 1907 sicut
2970 1869 3173 1909 revera
3202 1854 3583 1911 Atheniensis
3615 1857 3673 1912 et

244 1948 354 1999 κῶν
408 1942 515 2018 γάρ
576 1943 689 1998 ἐστι
726 1942 791 1997 τὸ
842 1940 1081 2017 μετοχὰς
1129 1942 1412 2015 ἀρσενικὰς
1464 1939 1728 2011 θηλυκοῖς
1775 1961 1903 1995 συν-

240 2035 479 2102 τάττειν,
513 2034 591 2095 ὡς
618 2033 709 2086 καὶ
759 2032 1013 2107 ’Όμηρος
1057 2036 1208 2085 ποιεῖ
1255 2031 1354 2098 τὴν
1388 2031 1525 2103 Ἴριν
1558 2028 1617 2083 ἐκ
1656 2029 1779 2091 Διὸς
1810 2028 1904 2083 Λέ-

240 2142 439 2197 γουσαν
471 2120 612 2196 πρὸς
641 2120 740 2188 τὴν
776 2121 950 2195 ’Ἥραν
978 2118 1071 2174 καὶ
1098 2120 1196 2189 τὴν
1231 2120 1481 2188 Ἀθηνᾶν.

242 2315 352 2372 Οὐκ
409 2312 487 2371 ἔτ’
550 2315 631 2394 ἐφ’
712 2313 985 2390 ὑμετέρων
1075 2312 1253 2389 ὀχέων
1306 2312 1578 2390 πληγέντε
1641 2317 1903 2389 κεραυνῷ,

347 2478 460 2550 ’Ἀψ
486 2476 537 2537 ὂς
567 2474 861 2549 ’Ὁλυμπον
887 2472 1120 2533 ἵκεσθον,

313 2580 468 2638 Ἔδει
500 2584 604 2658 γὰρ
638 2583 756 2638 ἀντὶ
801 2581 898 2637 τοῦ
937 2580 1235 2657 πληγέντε,
1286 2582 1569 2658 ἀρσενικοῦ
1600 2578 1754 2645 ὄντος
1787 2579 1902 2636 δυϊ-

247 2677 365 2741 κοῦ,
398 2671 576 2727 εἰπεῖν
623 2670 921 2746 πληγείσα,
965 2669 1149 2726 δυϊκὸν
1198 2670 1289 2726 καὶ
1339 2670 1599 2742 θηλυκόν.
1628 2672 1734 2728 Καὶ
1786 2676 1906 2727 τοῦ-

246 2761 306 2816 τό
358 2782 491 2840 φασι
538 2761 628 2815 καὶ
681 2760 945 2833 κωμικοὶ,
981 2757 1221 2829 θηλυκὸν
1276 2761 1387 2816 ἀντ’
1420 2758 1702 2836 οὐδετέρου
1733 2764 1799 2829 ⁸⁸,
1831 2759 1906 2825 ὡς

249 2849 531 2925 ἀρσενικὸν
557 2850 697 2904 κατὰ
746 2847 1010 2920 Θηλυκοῢ,
1046 2848 1135 2904 καὶ
1186 2848 1415 2906 Ηλάτων
1464 2849 1554 2905 καὶ
1604 2847 1906 2925 Εὐριπίδης

246 2938 297 2993 ἒν
331 2937 579 3012 Βάκχαις
607 2957 619 2971 ⁸

387 3042 662 3100 Διανεύων
700 3041 933 3119 δρομάσι
971 3042 1287 3124 βλεφάροις.

258 3144 268 3155 ’
315 3152 395 3211 Τὸ
434 3151 713 3231 βλέφαρον
743 3153 847 3229 γὰρ
879 3149 1089 3228 δρομὰς
1120 3151 1221 3208 οὐκ
1271 3150 1333 3207 ἄν
1371 3173 1456 3217 τις
1502 3150 1667 3209 εἷ’ποι.
1701 3155 1803 3212 Καὶ
1850 3155 1903 3210 ἐν

250 3243 479 3317 Ὀρέστῃ
503 3262 516 3275 '

392 3355 513 3403 Μαν
524 3350 630 3403 ιάσι
666 3345 839 3419 λυσσή
850 3369 976 3421 μασι
987 3392 1000 3405 .

322 3457 683 3531 Θεουργικήν.
736 3454 1077 3527 Σημείωσαι,
1130 3453 1212 3510 ὅτι
1267 3457 1302 3525 ἡ
1362 3456 1499 3531 πρὸς
1553 3457 1647 3513 τὸν
1711 3458 1905 3536 Κύριον

257 3547 473 3617 Ἰησοῦν
504 3544 776 3617 ὁμοίωσις
803 3546 1089 3619 θεουργική
1141 3544 1277 3615 ἐστι,
1310 3545 1582 3602 τουτέστιν
1630 3546 1907 3624 ἐργάζεται

262 3635 417 3699 θεοὺς
476 3633 607 3696 τοὺς
657 3632 1055 3707 ὁμοιουμένους
1088 3653 1101 3666 ⁸
1132 3635 1221 3688 καὶ
1250 3638 1367 3697 πῶς
1400 3635 1614 3708 ἀμέσως
1654 3638 1743 3692 καὶ
1777 3636 1909 3713 δίχα

256 3720 557 3797 συμϐόλων
608 3724 666 3777 αἱ
710 3723 887 3794 τάξεις
937 3724 1092 3778 αὗται
1137 3725 1453 3798 ὁμοιοῦνται
1503 3728 1749 3800 Χριστῷ,
1780 3730 1909 3803 παρ’

256 3817 419 3871 αὐτοῦ
460 3820 623 3872 τοῦτο
656 3812 943 3875 λαϐοῦσαι.

326 3909 704 3980 Πρωτουργῷ.
741 3907 1083 3979 Σημείωσαι,
1117 3905 1201 3961 ὅτι
1228 3909 1319 3961 καὶ
1358 3904 1756 3980 πρωτὸκτιστοί
1803 3910 1903 3966 εἰσι

252 3991 509 4067 δυνάμεις
568 3995 746 4063 αὗται,
777 3994 869 4049 καὶ
924 3995 1025 4058 τὰς
1080 3994 1271 4071 ἀρετὰς
1328 3995 1425 4052 τοῦ
1474 3998 1673 4074 Κυρίου
1724 4001 1905 4072 Ἰησοῦ

250 4088 488 4160 Χριστοῦ
515 4084 592 4147 ὡς
621 4081 872 4158 δυνάμεις
902 4084 1056 4139 αὗται
1089 4078 1299 4160 ἔχουσι.

316 4171 723 4247 Τετελεσμένας
785 4170 862 4230 δέ.
912 4173 1252 4248 Σημείωσαι,
1298 4178 1414 4239 πῶς
1462 4174 1709 4253 λέγονται
1756 4200 1903 4236 τετε-

247 4259 508 4335 λεσμέναι
542 4263 598 4317 αἱ
626 4264 767 4318 Θεῖαι
802 4259 1059 4337 δυνάμεις
1090 4266 1133 4300 ⁸⁷
1163 4264 1341 4321 αὗται.

316 4349 708 4423 Ἀναλυτικήν.
752 4353 859 4422 Τὴν
907 4356 1014 4408 τῶν
1060 4351 1355 4409 ποικιλιῶν
1405 4352 1714 4428 ἐπιστήμην
1770 4359 1903 4435 φησὶ

246 4441 345 4509 τήν
408 4440 804 4515 ὶρμηνευτικὴν
878 4441 967 4496 καὶ
1035 4442 1426 4514 σαφηνιστικὴν
1495 4444 1745 4520 ἐξήγησιν
1802 4453 1903 4516 τῆς

246 4526 765 4603 περιπεπλεγμένης
814 4529 962 4604 ἱερᾶς
1007 4528 1376 4605 παραδόσεως,
1425 4533 1494 4601 ἧς
1552 4529 1759 4588 δέονται
1809 4536 1898 4589 καὶ

2014 1940 2181 1997 valde
2213 1940 2440 1997 Atticus
2469 1941 2551 1997 ita
2582 1940 2763 2009 dicit;
2799 1941 3126 1997 Atticorum
3176 1943 3334 1999 enim
3366 1948 3455 1999 est
3487 1944 3675 2016 parti-

2014 2029 2165 2103 cipia
2197 2029 2527 2086 masculina
2549 2029 2849 2086 femininis
2880 2032 3259 2103 conjungere,
3292 2032 3447 2088 sicut
3493 2033 3673 2089 etiam

2014 2119 2303 2175 Homerus
2350 2120 2488 2174 facit
2518 2119 2635 2176 Irin
2663 2135 2732 2175 ex
2778 2120 2915 2176 Jove
2945 2120 3240 2176 dicentem
3274 2123 3344 2177 ad
3377 2122 3670 2178 Junonem

2013 2213 2071 2264 et
2100 2207 2399 2266 Palladem
2435 2224 2448 2263 :

2012 2320 2131 2374 Non
2190 2316 2439 2386 amplius
2485 2330 2650 2388 super
2692 2317 2887 2371 vestris
2947 2317 3203 2373 curribus
3239 2333 3517 2402 percussae
3562 2318 3678 2390 [ul-

3432 2407 3601 2447 mine.

2120 2478 2327 2532 Rursus
2356 2477 2415 2531 in
2447 2475 2745 2547 Olympum
2774 2477 3028 2533 venietis.
3412 2391 3429 2463 [

2083 2583 2399 2655 Oportebat
2426 2582 2720 2655 siquidem
2754 2600 2861 2657 pro
2895 2582 3162 2658 πληγέντε
3204 2586 3359 2656 quod
3391 2585 3675 2643 masculi-

2014 2690 2156 2727 num
2190 2676 2279 2728 est
2329 2671 2522 2739 duale,
2567 2672 2788 2728 dixisse
2817 2669 3088 2745 πληγείσα
3139 2673 3313 2730 duale
3345 2679 3404 2729 et
3431 2675 3668 2730 femini-

2014 2778 2198 2829 num;
2230 2767 2408 2833 atque
2457 2762 2552 2819 25
2589 2761 2696 2817 hoc
2725 2761 2902 2817 etiam
2958 2762 3164 2817 dicunt
3193 2762 3403 2819 comici
3447 2763 3675 2819 femini-

2015 2868 2156 2907 num
2188 2868 2293 2923 pro
2344 2856 2575 2919 neutro,
2605 2850 2761 2906 sicut
2812 2849 3213 2906 masculinum
3266 2855 3399 2924 post
3439 2850 3672 2909 femini-

2016 2956 2182 3012 num,
2214 2944 2271 2996 et
2303 2939 2462 2995 Plato
2492 2942 2549 2996 et
2577 2939 2889 3011 Euripides
2918 2939 2980 2994 in
3014 2940 3238 2995 Bacchis
3267 2959 3289 2998 :

2194 3048 2563 3103 Transnatans
2591 3047 2942 3103 currentibus
2972 3048 3146 3103 oculis

2084 3154 2266 3210 Nemo
2306 3155 2466 3210 enim
2521 3153 2734 3211 dixerit
2760 3152 2824 3207 τὸ
2886 3149 3160 3231 βλέφαρον
3213 3150 3445 3228 δρομάς.
3493 3157 3562 3214 Et
3607 3157 3669 3214 in

1935 3250 1978 3318 α
2019 3242 2209 3299 Oreste
2234 3260 2254 3301 :

2194 3352 2446 3408 Furiosis
2474 3350 2753 3410 rabiebus.

2092 3462 2375 3529 Dei/tcum.
2408 3459 2556 3514 Nota
2581 3458 3059 3529 similitudinem,
3091 3459 3336 3515 Domino
3366 3460 3505 3516 Jesu
3536 3477 3668 3518 esse

2017 3551 2429 3617 deiﬁcativam,
2460 3548 2571 3605 hoc
2616 3552 2707 3603 est
2735 3564 2834 3603 eos
2864 3548 3094 3604 efﬁcere
3140 3550 3280 3605 deos
3310 3549 3411 3621 qui
3442 3550 3668 3608 similes

2017 3645 2176 3696 sunt.
2210 3640 2359 3695 Nota
2404 3638 2602 3709 etiam,
2631 3638 2927 3709 quomodo
2979 3638 3106 3693 sine
3136 3639 3327 3695 medio
3357 3643 3415 3694 et
3444 3640 3669 3713 absque

2016 3729 2203 3802 signis
2257 3728 2492 3784 ordines
2522 3726 2582 3782 hi
2635 3726 2860 3783 similes
2909 3726 3138 3783 Christo
3168 3727 3519 3797 efficiantur,
3559 3732 3669 3786 hoc

2015 3819 2087 3873 ab
2121 3818 2247 3890 ipso
2277 3816 2596 3873 consecuti.

2084 3908 2377 3961 Primaeva.
2411 3904 2559 3960 Nota
2601 3910 2656 3959 et
2715 3905 2902 3976 primo
2963 3910 3192 3961 creatas
3248 3922 3378 3962 esse
3423 3909 3670 3966 virtutes

2012 3996 2205 4063 has,et
2234 3995 2385 4065 quod
2434 3994 2683 4050 virtutes
2728 3992 2963 4050 Domini
3008 3994 3152 4051 Jesu
3199 3994 3414 4053 Christi
3459 3996 3545 4052 has
3604 4001 3672 4054 ut

2012 4084 2257 4141 virtutes
2288 4083 2562 4139 habeant.

2081 4175 2359 4245 Perfecta:
2389 4177 2595 4227 autem.
2628 4170 2797 4242 Nota,
2832 4173 3124 4242 quomodo
3158 4173 3427 4246 perfectae
3462 4175 3671 4232 divinae

2012 4262 2102 4319 his
2130 4263 2380 4317 virtutes
2410 4261 2703 4316 dicantur.

2081 4351 2440 4408 Resolutoria.
2510 4347 2876 4405 Varietatum
2928 4350 3237 4407 scientiam
3292 4351 3452 4422 dicit,
3486 4352 3670 4409 inter-

2010 4439 2355 4513 pretativam
2383 4443 2440 4494 et
2469 4436 2885 4494 declarativam
2909 4438 3359 4511 explicationem
3384 4442 3672 4514 perplexa

2014 4546 2190 4586 sacrae
2217 4527 2569 4595 traditionis;
2603 4543 2721 4598 qua
2742 4527 2917 4584 etiam
2946 4529 3213 4601 indigent
3239 4530 3544 4588 inferiores
3573 4549 3673 4589 or-

246 4618 303 4672 al
374 4618 664 4694 ὑφειμέναι
731 4617 925 4689 τάξεις,
972 4619 1046 4681 ὡς
1113 4618 1305 4695 ἐφεξῆς
1367 4642 1498 4698 φησι
1532 4639 1545 4653 °
1596 4619 1797 4695 πολλῷ
1850 4620 1902 4678 δὶ

2030 4622 2277 4687 iines,ut
2297 4624 2499 4692 postea
2519 4618 2663 4674 dicit
2696 4636 2709 4674 :
2737 4619 2921 4676 multo
2950 4624 3143 4677 autem
3168 4621 3355 4693 magis
3376 4622 3669 4694 homines;

245 4704 418 4761 πλέον
481 4703 762 4781 ἅνθρωποι
798 4703 980 4783 ’δίχα
1037 4707 1143 4784 γὰρ
1203 4707 1505 4783 ἐξηγήσεων
1554 4707 1903 4768 ἆναλυουσῶν

244 4797 342 4863 τὴν
372 4793 784 4850 πολυποίκιλον
815 4797 1004 4875 σοφίαν
1047 4800 1153 4850 τῶν
1206 4797 1373 4871 ἁγίων
1424 4798 1795 4872 Θεωρημάτων
1838 4800 1903 4856 οὗ

246 4881 476 4939 δυνατὸν
523 4883 658 4939 αὐτὰ
703 4888 915 4955 νοῆσαι,
949 4882 1072 4940 οὔτε
1119 4887 1290 4959 ἡμᾶς,
1324 4883 1447 4941 οὕτε
1487 4886 1553 4942 τὰ
1601 4885 1904 4966 ὑπερϐεϐη-

245 4973 380 5027 κότα
428 4972 527 5035 τὰς
576 4974 799 5048 πρώτας
845 4977 991 5049 τρεῖς
1031 4974 1224 5044 τάξεις.
1250 4976 1409 5039 ’Όθεν
1452 4977 1635 5048 φησὶν,
1669 4979 1741 5041 ὡς
1798 4984 1904 5034 τῶν

252 5063 350 5135 μὲν
399 5056 823 5132 ὑποϐεϐηκυιῶν
873 5063 1071 5133 τάξεων
1122 5062 1315 5132 ἑκάστη
1349 5066 1384 5134 ἡ
1430 5066 1619 5141 πρώτη
1656 5068 1906 5143 ἱεραρχεῖ

253 5151 442 5224 μόνος,
472 5152 560 5206 καὶ
615 5151 716 5205 οὐκ
763 5149 910 5221 ἄλλη
963 5149 1187 5226 δύναμις
1223 5174 1235 5188 ο
1268 5156 1367 5218 τῆς
1419 5151 1477 5208 δὲ
1513 5159 1620 5209 τῶν
1650 5155 1903 5212 ἀνωτάτω

249 5239 460 5295 τούτων
492 5236 808 5313 διακόσμων
840 5240 1124 5315 ἱεραρχίας
1157 5242 1185 5296 ὁ
1229 5242 1358 5305 Θεὸς
1409 5242 1657 5319 ἱεραρχεῖ
1716 5246 1900 5319 μόνος,

251 5327 343 5383 καὶ
372 5326 474 5383 οὐκ
506 5325 657 5399 ἄλλη
694 5324 955 5402 δύναμις.

2017 4727 2151 4766 nam
2193 4711 2320 4765 sine
2359 4708 2845 4780 explicationibus
2907 4709 3340 4767 resolventibus
3392 4711 3670 4768 multiva-

2012 4801 2161 4856 riam
2194 4802 2534 4855 sanctarum
2568 4797 3134 4870 contemplationum
3168 4800 3669 4872 sapientiam,im-

2014 4888 2293 4963 possibile
2323 4893 2411 4944 est
2439 4888 2602 4959 ipsas
2632 4886 2962 4959 intelligere
2994 4903 3008 4942 :
3043 4904 3232 4960 neque
3262 4889 3454 4960 nobis,
3476 4902 3668 4960 neque

2014 4977 2390 5034 inferioribus
2435 4974 2659 5048 angelis
2708 4975 2844 5032 licet
2898 4976 3228 5049 intelligere
3276 4982 3398 5033 tres
3444 4975 3670 5049 primos

2014 5067 2270 5125 ordines.
2305 5066 2466 5121 Unde
2516 5064 2679 5137 dicit,
2729 5064 3076 5121 inferiorum
3113 5065 3351 5138 quidem
3393 5065 3669 5122 ordinum

2013 5158 2271 5229 primum
2301 5171 2598 5226 quemque
2626 5159 2858 5209 tantum
2915 5172 3149 5211 sacrum
3181 5154 3475 5211 sustinere
3508 5155 3673 5228 prin-

2013 5248 2293 5318 cipatum,
2324 5248 2381 5299 et
2416 5260 2530 5299 non
2563 5242 2739 5298 aliam
2772 5243 3044 5299 virtutem
3077 5261 3092 5312 ;
3126 5259 3541 5315 supremorum
3570 5262 3673 5301 au-

2013 5344 2125 5392 tem
2159 5333 2434 5390 ordinum
2466 5330 2803 5389 hierarchiaa
2834 5331 3025 5388 solum
3056 5336 3239 5388 Deum
3270 5350 3459 5407 neque
3490 5333 3667 5391 aliam

2010 5426 2284 5481 virtutem
2316 5437 2549 5479 sacrum
2580 5424 2777 5477 tenere
2807 5419 3228 5493 principatum.

1254 5587 1504 5649 VARUE
1545 5592 1936 5656 LECTIONES
1975 5594 2063 5654 ET
2099 5589 2650 5654 CORRECTIONES.

330 5718 376 5757 ιι
404 5714 566 5794 ὅπερ,
646 5714 694 5753 ⁴⁶
723 5712 843 5769 κατ’
872 5707 1185 5789 οὐδετέρου.
1263 5717 1307 5755 ⁸⁷
1334 5716 1529 5790 τάξεις.
