4158 6370
487 341 555 398 71
1302 336 1667 390 APPENDIX
1701 338 1799 389 AD
1836 334 2080 391 OPERA
2118 334 2176 388 S.
2217 336 2535 394 DIONYSII
2572 339 3077 395 AREOPAGITE.
3832 334 3907 391 72

559 461 747 518 Sacris
776 461 1100 530 initiantur,
1131 461 1228 514 Gr.
1260 454 1705 532 ἱεραρχούμεναι.
1754 458 1818 514 1d
1845 463 1935 514 est
1974 475 2137 529 mys-
2167 460 2223 527 Α

487 552 635 607 teria
666 551 1009 607 edocentur.

559 644 683 696 Hoc
711 642 902 711 igitur.
937 637 1478 694 Demonstrationes
1525 636 1816 693 dictorum
1851 651 1918 691 ex
1946 635 2137 708 Scrip-

486 736 638 786 tura.

560 819 717 887 §III.
769 817 1022 884 Edocsri,
1057 817 1153 873 Gr.
1204 811 1629 869 ἰκδιδάσκεσθαι.
1689 814 1839 870 Nota
1883 812 1944 866 16
1994 808 2140 866 ἐκδιο

2324 458 2790 534 Ἱεραρχούμεναι.
2821 462 3076 516 Τουτὲστι
3114 455 3649 536 μυσταγωγούμεναι.

2318 638 2493 693 Τοῦτο
2579 642 2709 714 γοῦν
2747 683 2759 697 .
2822 635 3149 710 Ἀποδείξεις
3231 633 3495 714 γραφικαὶ
3576 639 3684 689 τῶν
3755 634 3910 711 εἰρη-

2252 723 2344 797 μέν
2353 748 2425 779 ων
2434 772 2445 784 .

2318 817 2509 885 §III.
2568 814 3048 881 Ἐκδιδάσκεσθαι.
3137 815 3456 889 Σημείωσαι
3539 813 3600 868 τὸ
3684 809 3901 868 ἐκδιδά-

492 904 796 976 eameam,
846 908 1113 973 edoceri,-
1161 905 1418 961 declarat
1465 904 1623 960 enim
1672 903 1834 975 ipsas
1892 902 2121 958 minimi

2250 916 2464 969 σκεσθαι
2498 925 2509 937 ·
2548 903 2716 977 δηλοῖ
2746 908 2849 982 γὰρ
2884 906 2962 980 μή
2994 904 3129 961 κατὰ
3160 903 3316 982 φύσιν
3374 905 3508 959 εἶναι
3570 901 3732 965 αὐτὰς
3780 923 3903 957 τοι-

485 997 635 1055 tales
664 1013 795 1054 esse
822 997 1149 1053 secundum
1178 1000 1468 1052 naturam.

560 1087 823 1143 Omnibus
852 1095 1035 1141 autem
1061 1085 1430 1140 subtimiores.
1464 1082 1948 1153 Quandoquidem
1978 1081 2135 1137 enim

485 1182 627 1233 sunt
656 1175 931 1231 omnibus
965 1174 1319 1246 superiores,
1368 1176 1426 1227 et
1458 1171 1603 1225 nihil
1654 1170 1910 1226 habeant
1959 1187 2135 1241 supe-

484 1266 629 1331 rius,
663 1268 953 1337 quantum
986 1263 1056 1318 ad
1108 1260 1256 1317 alias
1305 1261 1573 1327 virtutes,
1626 1260 1834 1315 merito
1885 1260 1956 1315 ab
2006 1259 2133 1331 ipso

486 1356 598 1410 Deo
630 1354 775 1419 solo,
808 1353 982 1423 primi
1015 1357 1297 1422 tanquam
1330 1351 1685 1421 superiores,
1719 1348 1917 1404 divina
1957 1348 2133 1404 insti-

482 1448 734 1498 tuuntur
762 1442 1112 1513 cognitione.

550 1534 612 1587 In
642 1531 856 1587 caelum.
877 1530 1025 1585 Nota
1055 1532 1258 1584 contra
1288 1526 1615 1583 Basilianos
1646 1531 1704 1582 et
1732 1525 2129 1595 Nestorianos,

477 1619 682 1678 Jesum
729 1620 1025 1675 Christum
1058 1616 1119 1671 in
1173 1616 1346 1673 caelos
1395 1621 1769 1687 assumptum
1802 1616 2128 1671 secundum

477 1711 633 1782 quod
666 1708 840 1764 homo
871 1712 960 1762 est
986 1723 1114 1762 esse
1143 1706 1458 1763 Dominum
1511 1704 1969 1776 intelligibilium
2004 1722 2129 1760 om-

475 1799 667 1865 nium,
726 1807 779 1853 el
838 1813 1035 1869 regem
1095 1794 1864 1868 gloriae;quemadmodum
1915 1810 2129 1849 arcana
2159 1834 2207 1900 Β

473 1888 665 1944 edocti
696 1886 936 1943 discunt
966 1903 998 1939 a
1029 1884 1361 1940 dicentibus
1397 1900 1409 1938 :
1446 1884 1642 1939 Tollite
1676 1886 1891 1954 portas,
1922 1884 2130 1952 princi-

466 1993 580 2049 pes,
613 1980 844 2043 vestras,
875 1981 933 2031 et
964 1976 1395 2045 interrogantes
1426 1991 1437 2027 :
1473 1974 1605 2041 Quis
1643 1977 1723 2029 est
1752 1974 1853 2027 iste
1880 1974 1993 2028 Rex
2016 1973 2129 2041 glo-

468 2068 619 2123 riae!
647 2071 819 2136 atque
851 2080 1058 2119 rursus
1089 2063 1694 2131 audientes,Dominus
1724 2063 1996 2116 virtutum
2028 2062 2123 2133 (q);

469 2159 527 2210 et
575 2170 700 2228 qua:
750 2152 1046 2222 deinceps.
1081 2152 1181 2208 26
1226 2151 1440 2206 Contra
1494 2168 1625 2206 vero
1674 2149 2019 2221 Acephalos,
2070 2154 2127 2205 et

468 2241 881 2314 Eutychianos,
915 2241 1071 2313 quod
1100 2240 1370 2312 quamvis
1402 2240 1688 2295 Dominus
1719 2240 2125 2306 virtutum,ve-

467 2336 801 2388 rumtamen
834 2347 968 2386 caro
999 2336 1056 2386 et
1107 2330 1456 2385 manifestus
1506 2328 1714 2397 homo;
1750 2329 1829 2383 ita
1857 2333 1922 2384 ut
1953 2345 2124 2400 prop-

465 2426 556 2477 ter
584 2421 667 2477 rei
715 2421 1030 2477 novitatem
1079 2424 1394 2491 sequentes
1447 2418 1814 2489 principatus
1846 2418 2123 2490 obtupes-

461 2514 681 2567 carent.

532 2600 726 2654 Divini
754 2600 957 2670 aperis,
993 2598 1091 2653 Gr.
1127 2594 1432 2670 θεουργίας.
1486 2595 1658 2651 Recte
1688 2595 1913 2651 vocavit
1941 2605 2123 2669 θεουρο

460 2685 601 2760 γίαν,
636 2686 737 2743 Dei
770 2686 1106 2759 opus,illam
1138 2702 1239 2756 pro
1273 2686 1443 2741 nobis
1469 2685 1994 2754 dispensationem;
2019 2684 2120 2740 Dei

462 2776 620 2831 enim
654 2782 821 2832 erant
851 2792 981 2831 vere
1012 2790 1189 2846 opera
1220 2774 1415 2829 omnia
1444 2772 1703 2839 Domini,
1735 2789 1860 2843 qum
1908 2789 2121 2828 secun—

462 2866 604 2920 dum
639 2864 1162 2936 dispensationem,
1198 2867 1264 2917 ut
1294 2868 1500 2934 partus
1532 2866 1864 2926 sanctus,et
1895 2860 2118 2916 sanita-

463 2957 575 3017 tes,
608 2953 778 3024 signa
808 2953 864 3006 in
900 2951 1194 3023 passione,
1227 2955 1285 3005 et
1317 2949 1688 3005 resurrectio.

530 3042 639 3111 Ego
670 3042 821 3096 enim
868 3041 1079 3110 inquio.
1114 3038 1219 3093 Illa
1268 3043 1462 3093 autem
1498 3054 1511 3094 :
1560 3041 1680 3107 Ego
1723 3040 1873 3093 enim
1923 3039 2119 3109 loquor

452 3130 737 3200 justitiam
787 3138 839 3184 et
885 3128 1156 3196 iudicium
1203 3128 1487 3196 salutaris,
1540 3132 1680 3183 sunt
1727 3127 1932 3196 Isaias;
1983 3126 2116 3183 vide

455 3218 657 3287 etiam,
691 3217 984 3289 quomodo
1016 3216 1137 3271 haec
1169 3215 1472 3272 intellexit.

521 3306 695 3361 Miror
737 3309 942 3361 autem.
982 3306 1215 3361 Locutio
1263 3305 1344 3360 ita
1374 3310 1462 3361 est
1513 3306 1919 3377 componenda
1954 3322 1965 3360 :
2005 3305 2114 3360 mi-

453 3412 549 3450 ror
578 3395 874 3466 quomodo
908 3394 1077 3466 primi
1112 3395 1265 3451 sicut
1296 3394 1473 3450 medii
1506 3395 1736 3451 divinas
1769 3393 2113 3451 illustratio-

451 3499 558 3539 nes
588 3483 797 3539 timide
823 3483 1084 3556 cupiant.

524 3574 585 3628 In
620 3572 796 3629 medio
842 3574 1115 3629 volantes.
1165 3577 1493 3633 Μεσοπετεῖς
1543 3576 1599 3628 in
1650 3574 1825 3629 medio
1868 3574 2114 3629 volantes

452 3661 619 3731 dixit,
653 3666 716 3715 ut
750 3662 995 3717 minime
1028 3663 1097 3717 ad
1133 3661 1464 3716 altitudinis
1518 3662 1818 3734 fastigium
1872 3678 2109 3717 sursum

452 3748 741 3815 volantes,
771 3752 872 3805 sed
906 3752 975 3805 ad
1031 3751 1291 3805 medium
1343 3750 1783 3821 pervenientes;
1814 3749 1877 3802 τὸ
1924 3746 1979 3803 δέ
2008 3752 2110 3806 du-

452 3838 651 3907 bitare,
686 3838 978 3908 significat
1025 3837 1171 3893 illud
1219 3839 1456 3895 dicere:
1493 3839 1634 3911 Quis
1680 3839 1770 3893 hic
1818 3838 2111 3894 adveniens

450 3943 518 3983 ex
550 3926 715 3983 Edam
746 3928 818 3999 (r)
840 3928 867 3982 ?

522 4021 888 4089 Interrogant.
921 4017 1087 4086 Vide,
1121 4035 1258 4074 cum
1290 4023 1510 4091 quanto
1558 4022 1712 4075 metu
1754 4022 1810 4075 et
1840 4034 2107 4075 reveren-

448 4105 532 4161 tia
557 4106 819 4179 supremi
854 4107 1119 4163 omnium
1153 4108 1411 4175 ordines,
1448 4112 1509 4162 ut
1540 4107 1719 4163 medii
1752 4113 1809 4162 et
1839 4126 1952 4163 non
1989 4108 2105 4180 pri-

452 4193 927 4267 mi,interrogant
955 4196 1490 4268 invicem,primum
1524 4214 1648 4268 quas
1680 4197 1834 4268 apud
1867 4197 2102 4253 Isaiam.

450 4284 585 4353 Quis
634 4288 724 4340 hic
780 4286 1001 4341 veniens
1049 4302 1121 4341 ex
1168 4286 1374 4342 Edam?
1436 4288 1608 4343 rubor
1656 4288 2103 4341 vestimentorum

454 4373 575 4444 ejus
626 4390 696 4430 ea:
744 4374 1059 4445 Bosor(s);
1088 4383 1139 4430 et
1171 4378 1297 4429 tum
1346 4375 1513 4445 quasi
1569 4392 1709 4430 cura
1760 4375 1871 4431 sibi
1907 4392 1939 4429 a
1986 4374 2103 4431 Deo

447 4462 786 4532 commissa,
819 4464 1020 4518 dicunt
1080 4464 1152 4519 ad
1212 4464 1455 4535 ipsum:
1503 4465 1685 4533 Quare
1739 4465 1915 4520 rubra
1974 4471 2102 4519 sunt

444 4552 765 4606 vestimenta
799 4556 900 4605 tua
924 4554 949 4604 ἲ

513 4638 935 4696 Sanctissimam
960 4644 1374 4713 purgationem.
1408 4641 1575 4711 Nota,
1612 4643 1905 4713 quomodo
1945 4643 2099 4697 dicat

442 4727 686 4801 expiari,
718 4732 773 4786 et
804 4728 1111 4796 illustrari,
1145 4735 1201 4787 et
1229 4731 1427 4804 perfici
1461 4730 1688 4787 divinos
1721 4731 1976 4789 ordines.

518 4909 886 4980 Bxpz'ationis.
919 4912 1087 4979 Nota,
1116 4925 1386 4981 quaenam
1424 4908 1498 4964 sit
1540 4909 1808 4981 purgatio
1840 4909 1897 4964 in
1934 4926 2097 4966 men-

444 4996 629 5065 tibus,
658 5002 715 5053 et
744 5014 870 5070 quas
902 4999 1215 5070 ignoratio.

517 5087 751 5158 Copiaso
813 5086 1047 5155 lumine,
1109 5088 1205 5143 Gr.
1266 5085 1503 5140 ἃπΛὲτου
1558 5085 1759 5163 φωτός.
1826 5086 2095 5143 Ἀπλετον

441 5172 736 5244 significat
765 5193 1042 5249 magnum
1074 5181 1132 5233 et
1163 5176 1440 5232 multum.

513 5351 590 5423 ((1)
614 5350 767 5409 Psal.
800 5369 962 5418 mu,
992 5354 1149 5409 7-10.
1226 5354 1301 5426 (r)
1334 5355 1445 5411 Isa.
1480 5371 1636 5424 Lxm,
1674 5360 1723 5410 1.
1801 5357 1870 5427 (s)
1904 5356 2048 5412 Ibid'

2248 992 2433 1057 αὐτας.

2314 1082 2416 1146 Τὰς
2475 1081 2533 1139 δὲ
2584 1090 2769 1140 πασῶν
2831 1083 3199 1160 ὑψηλοτέρας.
3256 1079 3478 1151 Ἐπειδή
3533 1080 3634 1158 γὰρ
3713 1084 3900 1136 πασῶν

2244 1171 2507 1247 ἀνώτεραί
2557 1172 2681 1240 sict,
2722 1174 2813 1229 καὶ
2855 1172 3009 1229 οὐδὲν
3060 1168 3249 1250 ἔχουσι
3299 1172 3360 1226 τὸ
3412 1170 3724 1246 ὑπέρτερον⁹
3769 1170 3895 1224 ὅσον

2244 1260 2321 1323 εἷς
2375 1261 2558 1339 ἑτέρας
2614 1263 2889 1337 δυνάμεις,
2939 1263 3165 1325 εἰκότως
3229 1263 3317 1317 ὑπ’
3367 1260 3533 1315 αὐτοῦ
3602 1263 3700 1314 τοῦ
3761 1262 3898 1314 Θεοῦ

2246 1349 2412 1422 μόνου
2467 1356 2674 1427 πρῶται
2726 1352 2800 1415 ὡς
2849 1353 3115 1428 ἀνώτεραι
3148 1355 3408 1426 μυοῦνται
3438 1349 3539 1418 τὴν
3572 1349 3716 1403 θείαν
3749 1353 3895 1423 γνῶ-

2241 1460 2343 1495 σιν.

2311 1528 2404 1591 Εἷς
2465 1530 2746 1605 οὐρανούς.
2790 1530 3108 1603 Σημείωσαι
3156 1528 3293 1584 κατὰ
3347 1524 3715 1583 Βασιλείανῶν
3765 1522 3895 1595 ἤτοι

2239 1624 2634 1692 Νεστοριανῶν,
2668 1620 2749 1674 ὅτι
2820 1621 2847 1674 6
2878 1618 3211 1697 ἀναληφθεὶς
3256 1617 3374 1681 καθ’
3404 1616 3432 1670 '6
3473 1612 3757 1691 ἅνθρωπος
3783 1614 3895 1684 Ἰη-

2240 1711 2363 1769 σοῦς
2396 1709 2652 1783 Χριστὸς,
2685 1707 2845 1770 αὐτός
2879 1708 3021 1763 ἔστιν
3051 1710 3078 1763 6
3110 1706 3306 1781 Κύριος
3336 1710 3443 1761 τῶν
3488 1709 3700 1776 νοητῶν
3752 1704 3894 1758 πάνο

2238 1799 2469 1867 των,καὶ
2501 1798 2755 1873 βασιλεὺς
2784 1805 2884 1868 τῆς
2914 1796 3192 1871 δόξης,ὡς
3229 1795 3526 1869 μυούμενοι
3562 1795 3893 1868 μανθάνουσι

2236 1887 2383 1961 παρὰ
2409 1890 2517 1941 τῶν
2551 1884 2836 1961 λεγόντων.
2869 1890 3069 1961 ’Ἄρατε
3098 1885 3296 1955 πύλας,
3329 1885 3381 1939 οἳ
3412 1883 3890 1960 ἄρχοντες,ὗμῶν·

2234 1974 2324 2029 καὶ
2381 1974 2774 2048 πυνθανόμενοι
2803 1993 2817 2009 ’
2849 1977 2942 2038 Τίς
2995 1974 3135 2030 ἐστιν
3196 1974 3353 2035 οὗτος
3397 1974 3425 2028 6
3474 1972 3734 2034 Βασιλεὺς
3782 1978 3889 2042 τῆς

2237 2060 2437 2133 δόξηςς
2469 2063 2559 2118 καὶ
2603 2062 2753 2125 αὖθις
2800 2064 3110 2133 ἀκούοντες,
3153 2063 3354 2139 Κύριος
3395 2066 3498 2117 τῶν
3552 2059 3834 2134 δυνάμεων
3874 2077 3888 2092 ⁸

2233 2154 2323 2207 καὶ
2355 2154 2420 2207 τὰ
2450 2153 2593 2222 ἑξῆς.
2640 2154 2789 2209 Κατὰ
2819 2151 2875 2208 δὲ
2906 2149 3221 2230 Ἀκεφάλων
3278 2151 3369 2205 καὶ
3418 2150 3888 2225 Εὖτυχιανιστῶν,

2234 2239 2460 2313 ὅτι,κᾶν
2503 2241 2707 2317 Κύριος
2754 2238 3059 2314 δυνάμεων,
3091 2238 3218 2296 ἀλλ’
3250 2236 3341 2293 οὖν
3389 2239 3515 2312 σὰρξ
3564 2237 3655 2292 καὶ
3709 2238 3893 2315 σαφὴς

2234 2330 2543 2406 ἄνθρωπος,
2574 2332 2648 2394 ὡς
2701 2330 2791 2385 καὶ
2844 2330 2979 2405 πρὸς
3036 2328 3099 2384 τὸ
3150 2327 3293 2399 ξενον
3350 2325 3744 2399 ἐκπλήττεσθαι
3792 2326 3894 2387 τὰς

2234 2420 2355 2490 ἑξῆς
2385 2419 2584 2496 ἀρχάς.

2303 2598 2611 2673 Θεουργίας.
2672 2596 2872 2662 Καλῶς
2927 2596 3203 2673 θεουργίαν
3272 2593 3493 2651 ἐκάλεσε
3567 2595 3665 2664 τὴν
3746 2593 3885 2669 ὑπὶρ

2230 2689 2390 2759 ἡμῶν
2434 2687 2745 2761 οἰκονομίαν
2777 2704 2789 2717 ·
2824 2690 2958 2742 Θεοῦ
2987 2686 3091 2761 γὰρ
3122 2686 3188 2755 ἧν
3222 2686 3295 2746 ὡς
3324 2682 3547 2752 ἀληθῶς
3580 2679 3710 2759 ἔργα
3741 2682 3887 2737 πάν-

2226 2796 2295 2830 τα
2320 2777 2388 2831 τὰ
2415 2776 2550 2831 κατὰ
2582 2775 2901 2848 οἰκονομίαν
2928 2778 3026 2829 τοῦ
3056 2774 3258 2845 Κυρίου
3294 2794 3305 2806 ·
3350 2774 3377 2826 ὁ
3407 2774 3569 2833 τόκος
3624 2773 3651 2826 6
3701 2771 3885 2847 ἅγιος,

2226 2864 2316 2918 καὶ
2376 2863 2566 2933 ἰάσεις,
2624 2864 2691 2919 τὰ
2747 2862 2834 2919 ἐπὶ
2890 2868 2970 2935 τῷ
3018 2862 3176 2927 πάθει
3238 2866 3464 2934 σημεῖα,
3514 2861 3601 2916 καὶ
3662 2861 3698 2929 ἡ
3752 2860 3885 2915 ἀνά-

2227 2973 2436 3014 στασις.

2293 3041 2437 3115 Ἐγὼ
2492 3040 2591 3117 γάρ
2647 3062 2811 3120 φημι.
2845 3041 2921 3094 Τὰ
2974 3038 3032 3095 δὲ
3085 3042 3149 3109 ⁸⁸,
3205 3039 3350 3114 Ἐγὼ
3393 3037 3493 3113 γὰρ
3556 3034 3889 3113 διαλέγομαι

2226 3126 2574 3201 δικαιοσόνην
2636 3130 2726 3184 καὶ
2782 3129 2961 3204 κρίσιν
3023 3128 3321 3203 σωτηρίου,
3370 3124 3593 3185 Ἡσαΐου
3654 3126 3757 3181 εῗσί
3790 3128 3837 3162 δ’
3870 3142 3889 3162 ο

2178 3206 2191 3265 ἶ
2224 3218 2314 3273 καὶ
2357 3218 2455 3293 ὅρα
2484 3220 2601 3280 πῶς
2630 3222 2801 3274 ταῦτα
2831 3217 3103 3289 νενόηκεν.

2298 3310 2547 3383 Ἀγαμαι
2582 3306 2658 3365 δὲ..
2690 3308 2761 3362 Τὸ
2795 3306 2959 3383 ῥητὸν
2995 3305 3137 3362 οὕτω
3179 3304 3449 3362 συνθετὲον
3483 3307 3527 3342 ⁵ο
3560 3324 3572 3337 ·
3620 3302 3885 3377 θαυμάζω

2224 3401 2342 3461 πῶς
2369 3399 2420 3451 αἱ
2452 3402 2658 3471 πρῶται
2695 3398 2769 3459 ὡς
2822 3395 2978 3469 μέσαι
3023 3401 3131 3451 τῶν
3183 3399 3489 3471 θεαρχικῶν
3549 3391 3882 3467 ἐλλάμψεων

2226 3481 2470 3547 εὐλαϐῶς
2504 3484 2760 3560 ἐφίενται.

2296 3580 2647 3637 Μεσοπετεῖς.
2700 3577 3034 3638 Μεσοπετεῖς
3120 3571 3246 3652 ἔφη,
3307 3574 3382 3636 ὡς
3475 3573 3551 3646 μὴ
3625 3570 3764 3647 πρὸς
3816 3570 3882 3625 τὸ

2224 3662 2385 3741 ἄκρον
2417 3668 2513 3719 τοῦ
2554 3663 2722 3737 ὕψους
2771 3664 3158 3737 ἀνιπταμένας,
3191 3661 3337 3718 ἀλλᾶ
3387 3666 3485 3717 τοῦ
3548 3662 3710 3734 μέσου
3769 3658 3882 3737 ἔφι-

2222 3752 2523 3826 κνουμένας
2558 3773 2571 3787 ·
2604 3754 2665 3807 τὸ
2697 3751 2753 3807 δὶ
2784 3750 3061 3827 διαπορεῖν
3115 3752 3369 3825 σημαίνει
3414 3752 3477 3806 τὸ
3523 3749 3699 3825 λέγειν
3730 3768 3743 3782 ⁸
3778 3746 3879 3809 Τίς

2223 3843 2378 3904 οὗτος
2411 3843 2437 3897 6
2470 3841 2910 3918 παραγενόμενος
2951 3840 3002 3912 ἐξ
3035 3838 3263 3914 Ἐδώμ;

2290 4022 2617 4095 Ἑρωτῶσιν.
2677 4022 2818 4094 ’Όρα
2902 4018 3036 4092 μετὰ
3107 4018 3279 4073 πόσου
3336 4012 3510 4096 φόϐου
3567 4015 3873 4072 καθ“εὖλα-

2218 4104 2369 4170 ϐείας
2402 4110 2455 4163 αἱ
2487 4113 2673 4164 πασῶν
2704 4109 2969 4163 ἀνώταται
3009 4107 3208 4180 τάξεις,
3241 4109 3316 4171 ὡς
3379 4108 3562 4181 μὲσαι,
3592 4105 3682 4162 καὶ
3738 4104 3871 4182 οὐχὶ

2215 4198 2544 4273 πρώτισται,
2587 4196 2864 4273 ἐρωτῶσιν
2912 4195 3191 4267 ἀλλήλας,
3225 4200 3441 4272 πρῶτον
3490 4196 3556 4251 τὰ
3603 4196 3750 4271 παρὰ
3790 4199 3873 4267 τῷ

2214 4285 2425 4358 Ἡσαΐᾳ·
2450 4286 2542 4348 Τίς
2574 4287 2731 4349 οὗτος
2765 4288 2791 4341 6
2823 4286 3266 4363 παραγενόμενος
3299 4284 3350 4356 ἕξ
3378 4282 3599 4359 Ἐδώμ;
3624 4283 3875 4360 ἐρύθημα

2213 4375 2443 4449 ἱματίων
2478 4376 2641 4431 αὐτοῦ
2674 4373 2733 4429 ἐκ
2785 4375 2957 4451 Βοσόρ
2993 4394 3006 4407 ·
3042 4374 3131 4430 καὶ
3173 4373 3318 4443 τότε,
3354 4374 3534 4447 ὥσπερ
3584 4372 3871 4448 ἐπιτρεπό-

2216 4486 2369 4537 μεναι
2428 4465 2574 4540 παρὰ
2620 4468 2776 4533 Θεοῦ,
2826 4465 2964 4539 πρὸς
3012 4464 3174 4519 αὐτὸν
3234 4464 3479 4541 λέγουσι.
3514 4464 3611 4518 Διὰ
3665 4462 3717 4518 τί
3772 4482 3869 4517 σου

2134 4574 2178 4637 D
2211 4552 2411 4629 ἐρυθρὰ
2438 4555 2505 4608 τὰ
2535 4554 2769 4626 iunium;

2287 4638 2703 4717 ΙΙαναγεστᾶτης
2761 4639 3095 4717 καθάρσεως.
3159 4641 3484 4714 Σημείωσαι
3554 4645 3672 4703 πῶς
3734 4653 3867 4717 φησι

2208 4731 2578 4805 καθαίρεσθαι,
2611 4730 2700 4784 καὶ
2733 4729 3079 4809 φωτίζεσθαι,
3112 4730 3201 4785 καὶ
3232 4729 3732 4806 τελεσιουργεῖσθαι
3772 4731 3869 4792 τὰς

2209 4818 2354 4880 θείας
2387 4818 2561 4889 τάξεις
2576 4866 2588 4876 .

2279 4910 2393 4976 Τῆς
2424 4909 2753 4983 καθάρσεως.
2786 4914 2863 4979 Ση
2878 4908 3104 4981 μείωσαι
3132 4908 3214 4973 τίς
3243 4911 3277 4979 ἠ
3311 4909 3572 4984 κάθαρσις
3637 4906 3726 4963 ἐπὶ
3759 4912 3871 4963 τῶν

2207 5001 2369 5069 νοῶν,
2401 4998 2488 5050 καὶ
2516 4996 2599 5060 τίς
2628 4999 2663 5065 ἡ
2696 4992 2908 5071 ἄγνοια.

2280 5083 2551 5143 Ἀπλὲτου
2582 5086 2781 5163 φωτός.
2816 5086 3089 5143 ’Λπλετον
3120 5087 3183 5141 τὸ
3221 5087 3361 5162 μέγα
3390 5087 3480 5141 καὶ
3519 5083 3686 5144 πολύ.

1459 5532 1691 5590 νΑιιΙΑῑ
1730 5534 2125 5591 LECTIONEB
2162 5538 2245 5594 ET
2282 5534 2838 5594 CORRECTIONES.

514 5657 559 5696 ⁴⁸
587 5654 649 5711 τὸ
680 5652 756 5714 δι.
834 5656 879 5695 ⁸⁸
901 5654 1035 5715 ιστί.
1109 5658 1154 5697 ⁸ο
1184 5654 1397 5721 σόνθες.
