4158 6370
243 437 311 491 73
967 440 1026 492 Β.
1068 438 1342 495 MAXIM!
1379 440 1685 496 SCHOLIA
1723 442 1797 493 IN
1837 440 1969 493 LIB.
2010 440 2107 492 DE
2145 440 2471 494 C(ELESTI
2507 440 2984 497 HIERARCHIA.
3605 447 3673 507 74

316 560 804 641 τελεσιουργεῖται
842 608 854 622 .

250 654 341 710 καὶ
370 652 733 732 φωτίζονται,
767 654 857 709 καὶ
900 653 1404 732 τελεσιουργοῦνται
1456 655 1510 709 αἱ
1559 659 1696 720 θεῖαι
1740 650 1910 727 τᾶξεις

258 746 427 800 αὗται.

327 834 452 891 Καθ’
507 831 641 904 ἓξιν.
694 835 827 898 Καθ’
874 832 980 904 ἕξιν
1043 832 1323 907 ἐπιστήμη
1382 832 1521 889 ἐστὶν
1570 834 1604 902 ἠ
1666 826 1913 905 ἕμμονος

253 924 341 979 καὶ
390 918 782 994 ἀναπόϐλητος
826 930 927 994 τῆς
968 921 1384 1003 έλλαμφθείσης
1441 923 1694 1001 γνώσεως
1746 920 1914 975 κατά-

256 1012 451 1087 ληψιςι

216 1087 299 1181 ᾗ.
322 1103 387 1159 Ἣ
418 1100 633 1175 κύκλῳ.
667 1099 894 1171 Ἐπειδὴ
927 1104 1017 1157 καὶ
1068 1103 1367 1174 ἑστηκυίας
1397 1100 1489 1157 καὶ
1539 1099 1730 1173 κύκλῳ
1781 1103 1916 1154 Θεοῦ

247 1190 720 1267 περιχορευούσας
773 1192 989 1265 ἂμέσως
1035 1191 1132 1257 τάς
1177 1194 1397 1269 πρώτας
1447 1189 1642 1251 ταύτας
1696 1190 1912 1263 ταξιαρ-

246 1281 376 1356 χίας
406 1279 566 1357 φησὶ,
600 1282 977 1359 σαφηνιστέον,
1009 1286 1129 1344 πῶς
1177 1282 1265 1336 καὶ
1320 1283 1499 1336 ἑστᾶσι
1546 1277 1635 1334 καὶ
1693 1280 1908 1332 κινοῦν·

246 1390 357 1439 ται,
391 1371 635 1443 καθάπερ
688 1368 740 1423 ἐν
794 1370 991 1445 χορείᾳ
1037 1369 1227 1443 κύκλῳ
1274 1373 1371 1425 τοῦ
1424 1373 1581 1427 Θεοῦ,
1623 1366 1725 1424 Καὶ
1781 1366 1915 1427 τέως

251 1459 348 1531 μὲν
382 1457 435 1529 δε
466 1457 697 1515 Ἡσαΐου
739 1461 840 1529 τήν
891 1460 1150 1536 ἀφορμὴν
1200 1457 1450 1538 εἷ’ληφενς
1481 1460 1540 1520 ’ὸς
1592 1458 1739 1531 Λέγει
1768 1472 1781 1485 ⁶
1816 1460 1916 1520 Καὶ

248 1548 496 1625 σεραφὶμ
554 1547 795 1618 εἱστήκει
850 1547 1041 1622 κύκλῳ
1117 1548 1327 1605 αὐτοῦ’
1385 1549 1440 1619 ’ἐξ
1520 1548 1780 1621 πτέρυγες
1835 1543 1915 1614 τῷ

247 1637 345 1709 lvi,
376 1636 469 1691 καὶ
527 1637 595 1692 τὰ
652 1636 815 1708 ἑξῆςθ
876 1637 1058 1715 ἐπάγει
1120 1636 1198 1709 δὲ,
1258 1638 1361 1695 Καὶ
1410 1641 1530 1699 ταῖς
1590 1633 1738 1690 δυσὶν
1802 1630 1918 1687 ἐπέ.

246 1746 409 1781 ταντο
443 1746 457 1758 °
512 1731 634 1789 πῶς
691 1727 796 1802 γὰρ
846 1728 1052 1783 ἑστῶτα
1099 1727 1489 1804 περιεπέταντο
1534 1724 1762 1797 κύκλῳ;
1815 1721 1911 1777 Καὶ

248 1817 479 1885 νοητέον
510 1814 685 1879 οὕτως
720 1834 735 1848 θ
764 1821 868 1880 πᾶς
896 1821 1024 1879 νοῦς
1055 1815 1156 1891 [ἐκ]
1189 1822 1291 1872 τοῦ
1320 1818 1535 1872 πάντων
1570 1814 1748 1870 αἰτίου
1781 1813 1915 1867 Θεοῦ

251 1903 561 1979 ἐκλάμψας,
596 1902 786 1974 ἐπειδὴ
831 1906 936 1961 ἀπὸ
974 1910 1071 1962 τοῦ
1122 1905 1634 1982 δημιουργήσαντος
1683 1902 1911 1974 ἐξέλαμ-

248 1997 338 2067 ψε,
387 1991 609 2068 λέγεται
647 1994 773 2068 περὶ
827 1994 987 2050 αὐτὸν
1043 1995 1117 2058 ὡς
1173 1995 1297 2071 περὶ
1345 1996 1563 2070 κέντρον
1615 1993 1900 2061 κινεῖσθαι,

246 2089 352 2152 τῆς
403 2084 675 2153 κινήσεως
732 2083 796 2138 οὗ
851 2086 1084 2155 τοπικῆς
1117 2107 1272 2149 τινος
1301 2083 1486 2156 οὔσης,
1520 2081 1667 2138 ἀλλὰ
1714 2085 1904 2156 νοερᾶς

247 2174 338 2227 καὶ
370 2172 550 2243 ζώσης
584 2191 597 2204 ⁶
630 2168 740 2228 ἔστι
775 2170 831 2229 δὲ
860 2178 957 2229 νοῦ
998 2174 1187 2248 κύκλῳ
1238 2175 1451 2245 κίνησις
1488 2172 1714 2242 τοιαύτη
1751 2189 1763 2202 ·
1797 2175 1899 2224 πᾶν

247 2262 309 2316 τὸ
358 2266 517 2317 νοοῦν
565 2261 602 2331 ἢ
651 2266 778 2327 νοῦς
825 2261 898 2319 ὢν
940 2270 1076 2334 νοεῖ,
1108 2266 1142 2334 ἢ
1178 2265 1254 2329 ὡς
1286 2261 1515 2339 μετέχον
1549 2266 1665 2317 νοῦ.
1696 2261 1754 2314 Ὀ
1807 2259 1900 2333 μὲν

248 2355 373 2413 νοῦς
419 2348 519 2419 ὢν,
563 2354 797 2427 πρώτως
844 2359 1000 2408 νοεῖ·
1033 2355 1096 2409 τὸ
1142 2352 1199 2408 δὲ
1233 2356 1463 2429 μετέχον
1493 2356 1590 2407 νοῦ
1640 2348 1902 2421 δευτέρως

248 2446 365 2495 νοεῖ
397 2460 410 2474 '
445 2442 585 2497 κατᾶ
609 2446 773 2497 τοῦτο
804 2442 899 2516 μὲν
931 2441 1042 2512 οὖν,
1074 2445 1193 2498 καθ’
1224 2444 1252 2499 ὃ
1282 2448 1406 2505 νοῦς
1455 2441 1528 2497 ὣν
1574 2446 1707 2504 νοεῖ,
1738 2442 1905 2493 κινεῖ-

251 2542 369 2593 σθαι
422 2529 646 2604 λέγοιτο
696 2532 755 2586 ἄν
793 2550 805 2563 °
838 2529 1071 2601 κυκλικὴ
1132 2531 1190 2587 δὲ
1246 2532 1540 2587 ἐπινοεῖται
1596 2533 1632 2599 ἡ
1690 2527 1903 2599 κίνησις

248 2617 384 2688 αῦτη
441 2620 559 2673 καθ’
603 2620 631 2674 ’ὁ
683 2620 1033 2694 ἀνακάμπτον
1082 2622 1172 2676 καὶ
1220 2621 1343 2697 περὶ
1390 2620 1551 2675 αὐτὸν
1599 2614 1901 2694 γινόμενος,

252 2706 425 2772 οὕτως
488 2708 679 2763 ἑαυτὸν
735 2712 918 2781 νοήσει
975 2710 1066 2765 καὶ
1122 2710 1213 2765 τὸν
1273 2711 1379 2787 πρὸ
1438 2709 1622 2779 αὐτοῦ,
1655 2707 1704 2780 ἐξ
1738 2707 1798 2761 οὗ
1829 2704 1907 2776 ἐξα

251 2795 493 2871 λαμψεν,
527 2799 603 2859 ὡς
661 2797 754 2852 οῦν
812 2798 870 2854 ἐκ
924 2803 1058 2855 Θεοῦ
1120 2798 1487 2876 βουληθέντος
1541 2793 1903 2873 προϐληθεὶς,

249 2887 372 2963 περί
438 2886 774 2955 αὐτὸν,ἆντί
828 2892 925 2943 τοῦ
986 2890 1110 2963 περὶ
1166 2890 1265 2958 τὴν
1318 2892 1452 2944 Θεοῦ
1482 2891 1525 2926 ⁵¹
1578 2884 1756 2965 ἔφεσιν
1814 2883 1904 2938 καί

248 2975 490 3051 ἀγάπην,
542 2977 619 3039 ὡς
676 2977 801 3051 περὶ
852 2978 1084 3053 κέντρον,
1138 2974 1333 3033 ἔσται’
1378 2979 1442 3032 οὐ
1504 2976 1604 3052 γὰρ
1661 2976 1904 3029 ὲνοῦνται

246 3067 311 3119 τά
341 3062 571 3139 δεύτερα
599 3069 718 3129 τοῖς
745 3066 852 3141 πρὸ
900 3066 1097 3136 αὐτῶν,
1136 3065 1281 3122 ἀλλὰ
1329 3065 1522 3142 χορείᾳ
1570 3064 1675 3118 τινὶ
1716 3063 1778 3118 τὸ
1827 3083 1907 3136 γι-

250 3153 485 3226 νόμενον
520 3148 666 3208 ἔοικε
696 3172 710 3186 ο
741 3155 809 3209 τὰ
838 3154 940 3231 γὰρ
972 3156 1287 3231 γεννώμενα
1318 3156 1451 3210 εἶναι
1489 3154 1540 3207 ἐν
1588 3156 1667 3224 τῷ
1716 3151 1905 3222 οἰκείῳ

944 562 1263 639 Σημείωσαι
1343 568 1462 629 πῶς
1545 562 1907 639 καθαίρονται¹

2102 565 2420 636 Per/icitur.
2445 566 2593 622 Nota
2613 568 2905 638 quomodo
2936 571 3281 642 purgentur,
3305 573 3362 628 et
3382 570 3679 632 illustrem-

2027 658 2145 723 tur,
2181 660 2238 711 et
2266 656 2650 727 perﬁciantur
2679 656 2740 712 bi
2766 657 2947 713 divini
2979 659 3237 716 ordines.

2097 837 2409 894 Secundum
2441 838 2704 894 habitum.
2723 837 2850 891 Καθ’
2870 834 2999 911 ἕξιν,
3021 841 3345 897 secundum
3390 841 3680 914 habitum,

2025 927 2272 983 scientia
2301 932 2391 983 est
2422 928 2738 992 inhaerens,
2770 932 2827 984 et
2856 944 2983 999 quae
3014 928 3189 1000 abjici
3221 936 3492 1002 nequeat,
3531 933 3669 990 illu-

2029 1020 2225 1072 strataa
2251 1017 2624 1089 cogitationis
2651 1017 3011 1073 consecutio.

2094 1107 2155 1161 In
2186 1107 2443 1176 circuitu,
2477 1105 2575 1162 Gr.
2631 1107 2666 1173 ἡ
2720 1103 2928 1177 κύκλῳ.
2989 1108 3278 1172 Quoniam
3336 1113 3393 1166 et
3451 1115 3677 1169 stantes

2023 1198 2081 1251 et
2111 1194 2493 1251 circumcirca
2523 1196 2706 1250 Deum
2738 1194 3005 1253 saltando
3036 1213 3168 1252 cum
3223 1202 3397 1255 cantu
3452 1202 3677 1258 obeun-

2026 1287 2113 1340 tes
2145 1284 2270 1339 sine
2319 1285 2510 1340 medio
2553 1284 2775 1356 primos
2822 1285 2930 1341 hos
2978 1286 3254 1343 ordinum
3305 1288 3675 1362 principatus

2024 1372 2184 1442 dicit,
2217 1374 2630 1445 explicandum
2683 1379 2793 1437 est.
2848 1377 3144 1445 quomodo
3177 1382 3235 1431 et
3262 1381 3437 1444 stent,
3466 1383 3523 1433 et
3553 1396 3678 1435 mo-

2025 1466 2288 1533 veantur,
2324 1463 2823 1535 quemadmodum
2873 1463 2931 1518 in
2983 1463 3242 1535 tripudio
3297 1466 3681 1523 circumcirca

2026 1556 2229 1606 Deum.
2260 1556 2329 1607 Et
2358 1552 2645 1607 hactenus
2697 1552 2935 1623 quidem
2986 1554 3355 1611 occasionem
3405 1572 3474 1611 ex
3528 1557 3681 1614 Isaia

2026 1643 2271 1712 accepit,
2304 1642 2404 1713 qui
2428 1641 2604 1696 dicit:
2631 1644 2692 1696 Et
2713 1642 2991 1713 seraphz‘m
3030 1643 3258 1699 stabant
3296 1646 3448 1700 circa
3477 1648 3677 1717 ipsum,

2023 1747 2119 1788 sex
2138 1732 2249 1787 aulae
2268 1732 2388 1798 uni,
2414 1734 2472 1786 et
2514 1732 2847 1802 sequentia;
2877 1730 3040 1787 addit
3060 1749 3225 1788 vero:
3267 1738 3319 1789 et
3339 1733 3551 1790 duabus
3575 1736 3675 1792 27

2022 1822 2280 1877 volabant
2304 1821 2364 1892 (ι)
2391 1836 2404 1887 ;
2430 1822 2723 1891 quomodo
2749 1821 2902 1875 enim
2925 1824 3149 1876 stantes
3170 1822 3676 1880 circumvolabant

2026 1909 2086 1965 in
2110 1909 2351 1965 orbem?
2373 1914 2561 1981 Atque
2585 1910 2665 1965 ita
2687 1908 3133 1982 intelligendum
3158 1929 3171 1966 :
3197 1927 3365 1967 meus
3388 1913 3579 1969 omnis
3602 1930 3671 1970 ex

2015 1999 2133 2055 Deo
2190 1999 2595 2055 universorum
2656 2004 2896 2055 auctore
2963 1999 3223 2071 elucens,
3294 2003 3667 2074 quandoqui-

2016 2089 2149 2144 dem
2182 2106 2214 2143 a
2244 2088 2516 2144 Creatore
2544 2088 2812 2155 eluxerit,
2840 2089 3055 2144 dicitur
3086 2090 3242 2146 circa
3283 2090 3501 2163 ipsum,
3553 2092 3668 2148 sic-

2016 2183 2081 2234 ut
2108 2178 2264 2233 circa
2293 2181 2557 2233 centrum
2591 2178 2805 2234 moveri
2835 2198 2848 2247 ;
2902 2178 3159 2234 motione
3213 2179 3456 2235 minime
3496 2179 3670 2237 locali

2014 2266 2213 2337 aliqua
2241 2266 2578 2333 exsistente,
2630 2266 2730 2322 sed
2780 2265 3135 2339 iutelligibili
3169 2271 3226 2322 et
3254 2268 3418 2338 viva;
3474 2274 3672 2326 motus

2015 2360 2211 2411 autem
2244 2355 2456 2411 mentis
2487 2355 2815 2421 circularis,
2863 2355 2999 2411 talis
3048 2361 3175 2411 est:
3228 2374 3401 2413 omne
3449 2358 3670 2415 intelli-

2014 2460 2179 2516 gens,
2213 2450 2313 2500 aut
2339 2461 2502 2501 mens
2523 2447 2812 2519 exsistens
2835 2444 3111 2518 intelligit
3135 2472 3149 2513 ;
3169 2446 3257 2503 vel
3288 2452 3352 2502 ut
3376 2448 3671 2521 particeps

2017 2534 2254 2590 mentis.
2288 2535 2454 2590 Mens
2484 2534 2723 2606 quidem
2765 2536 3079 2603 exsistens,
3128 2537 3315 2606 primo
3354 2537 3668 2610 intelligit:

2016 2624 2169 2694 quod
2189 2627 2386 2679 autem
2414 2625 2485 2679 de
2504 2628 2698 2679 mente
2721 2625 3059 2696 participat,
3079 2627 3337 2681 secundo
3359 2625 3667 2701 intelligit;

2016 2713 2341 2768 secundum
2366 2712 2477 2768 hoc
2507 2713 2709 2785 igitur,
2744 2715 3072 2768 secundum
3098 2715 3247 2785 quod
3286 2731 3455 2770 mens
3484 2718 3670 2772 exsis-

2013 2805 2146 2856 tens
2172 2801 2470 2874 intelligit,
2506 2802 2720 2857 moveri
2755 2802 2868 2856 dici
2902 2807 3116 2873 queat;
3142 2802 3446 2859 circularis
3469 2810 3666 2860 autem

2014 2889 2111 2944 hic
2132 2895 2322 2946 motus
2344 2890 2729 2962 excogitatur,
2756 2895 3050 2962 quatenus
3075 2891 3401 2961 reﬂectens,
3426 2898 3482 2948 et
3513 2894 3670 2950 circa

2015 2978 2270 3050 seipsam
2305 2978 2593 3034 exsistens
2626 2979 2708 3033 ita
2757 2980 3010 3049 seipsam
3067 2980 3374 3053 intelliget,
3433 2985 3489 3036 et
3535 2998 3665 3037 eam

2016 3083 2143 3138 quae
2166 3067 2356 3138 ipsam
2379 3068 2651 3139 prescedit
2674 3084 2742 3122 ex
2764 3084 2881 3137 qua
2907 3067 3100 3123 illuxit
3125 3086 3139 3124 ε
3163 3073 3445 3140 tanquam
3478 3069 3664 3141 igitur

2015 3172 2084 3211 ex
2114 3156 2228 3212 Deo
2273 3156 2499 3211 volente
2548 3157 2828 3227 projecta,
2882 3157 3033 3212 circa
3084 3158 3303 3229 ipsum,
3352 3175 3457 3229 pro
3506 3160 3666 3215 circa

245 3243 524 3317 ἰφιέμενα,
554 3242 650 3297 τὸν
678 3248 945 3318 γεννῶντα
974 3246 1259 3320 περιαθρεῖ
1281 3264 1293 3277 ·
1327 3244 1388 3299 τὸ
1449 3241 1542 3298 οῦν
1592 3245 1661 3315 τῇ
1718 3242 1902 3311 νοήσει

2021 3245 2116 3300 Dei
2166 3245 2518 3300 desiderium
2551 3250 2609 3300 et
2637 3262 2918 3316 amorem,
2970 3246 3125 3301 sicut
3176 3247 3328 3302 circa
3376 3254 3664 3315 centrum,

244 3334 381 3409 πρὸς
432 3333 505 3387 τὰ
551 3333 659 3407 πρὸ
708 3332 872 3388 αὐτοῦ
922 3333 1377 3409 έπεστραμμένον,
1430 3330 1699 3400 κυκλικῆς
1746 3333 1901 3401 κινή-

247 3443 382 3484 σεως
438 3416 653 3476 ἔννοιαν
707 3422 926 3498 εἰσάγει.
977 3420 1202 3491 Ἐπειδή
1253 3421 1343 3478 οῦν
1377 3424 1659 3497 πανταχοῦ
1710 3419 1849 3474 ἐστιν
1880 3421 1906 3474 ὁ

249 3513 397 3584 Θεὸς,
431 3513 490 3565 αἱ
520 3516 807 3587 πανταχοῦ
854 3511 1000 3585 αὐτῷ
1049 3510 1543 3577 συνακολουθοῦσαι
1590 3515 1670 3583 τῷ
1726 3510 1904 3574 θέλειν

250 3600 407 3656 αὐτὸν
440 3605 595 3654 νοεῖν
642 3599 750 3668 ἀεὶ,
785 3600 872 3655 έπί
913 3600 1093 3674 τούτῳ
1140 3600 1492 3677 ἀγάλλονται,
1527 3603 1616 3654 καί
1675 3619 1906 3675 περιχο-

251 3690 525 3765 ρεύουσιν,
562 3690 743 3766 ὥσπερ
774 3694 842 3765 τῇ
893 3690 1217 3767 εὐφροσύνῃ.
1250 3691 1468 3767 Λέγεται
1521 3688 1611 3745 οῦν
1672 3694 1798 3751 νοῦς
1856 3688 1907 3743 ἰν

250 3780 426 3851 ἑαυτῷ
475 3777 631 3847 εἶναι,
691 3779 781 3833 καὶ
839 3780 975 3853 πρὸς
1032 3779 1217 3834 ἑαυτὸν
1278 3776 1523 3833 σπεύδειν
1558 3800 1569 3810 ·
1625 3778 1654 3832 ’ὀ
1712 3776 1802 3832 οὖν
1849 3776 1902 3832 ἐν

246 3868 425 3940 ἑαυτῷ
476 3866 609 3933 ἔστι,
638 3867 729 3922 καὶ
774 3864 941 3938 δηλοῖ
990 3866 1299 3936 ἀθανασίαν,
1334 3866 1513 3921 στάσιν
1568 3860 1682 3942 ἔχει
1720 3885 1733 3899 ⁸
1767 3866 1905 3922 κατὰ

246 3959 346 4034 γὰρ
403 3957 472 4010 τὸ
526 3956 685 4025 εἶναι,
716 3956 746 4011 ὅ
793 3956 932 4012 ἐστιν
989 3957 1267 4019 ἀθανάτως
1316 3959 1475 4023 εἶναι,
1505 3957 1717 4011 ἑστάναι
1756 3962 1901 4011 νοεῖ-

247 4068 333 4101 ται
367 4066 382 4079 ·
433 4047 575 4100 κατὰ
625 4043 683 4100 δὲ
728 4046 789 4100 τὸ
832 4047 969 4122 πρὸς
1021 4046 1206 4101 ἑαυτὸν
1240 4044 1508 4115 σπεύδειν,
1538 4050 1764 4101 κινεῖται
1823 4048 1898 4119 μὴ

253 4135 597 4212 βουλόμενος
628 4132 935 4210 διαχεῖσθαί
965 4155 1083 4199 πως
1112 4134 1188 4197 εἰς
1215 4134 1310 4197 τὰς
1356 4133 1546 4206 ἔξωθεν
1602 4134 1767 4190 αὐτοῦ
1813 4134 1903 4189 καὶ

250 4222 573 4301 προσύλους
622 4225 859 4295 νοήσεις.
901 4225 1049 4279 Κατὰ
1109 4225 1202 4298 μὶν
1261 4222 1353 4279 οῦν
1399 4225 1462 4279 τὸ
1518 4223 1904 4295 ταυτοκίνητον

254 4314 365 4389 οὐχ
390 4309 646 4385 ἕστηκεν,
677 4310 825 4368 ἀλλὰ
861 4318 1108 4386 κινεῖται,
1139 4314 1276 4369 κατὰ
1325 4311 1382 4369 δὲ
1431 4314 1528 4383 τὴν
1591 4313 1772 4368 οὐσίαν
1825 4312 1906 4367 ἀεὶ

256 4402 520 4464 ὡσαύτως
552 4399 785 4477 ἔχουσαν
827 4400 1033 4474 στάσιν,
1077 4401 1199 4459 ἀλλ’
1234 4403 1295 4457 οὐ
1335 4401 1541 4473 κίνησιν
1592 4398 1725 4479 ἔχει.
1759 4408 1914 4457 ’Ἐστι

254 4493 438 4548 τοίνυν
492 4491 585 4546 καὶ
641 4491 777 4547 κατὰ
835 4492 990 4570 φύσιν
1042 4493 1251 4564 ἑκάστῳ
1306 4496 1414 4547 τῶν
1466 4496 1606 4547 νοῶν
1658 4492 1826 4568 ὁρμὴ,
1876 4493 1911 4561 ἡ

257 4583 397 4658 πρὸς
428 4581 561 4637 Θεὸν
594 4579 771 4657 ἔφεσις
820 4581 911 4637 καὶ
941 4584 976 4652 ἠ
1009 4582 1132 4657 περὶ
1170 4580 1352 4649 αὐτὸν,
1384 4582 1457 4643 ὡς
1514 4581 1638 4657 περὶ
1697 4580 1915 4655 κέντρον

2014 3334 2380 3401 versabitur;
2414 3351 2527 3389 non
2561 3335 2715 3389 enim
2744 3336 3003 3390 secunda
3023 3336 3313 3390 uniuntur
3335 3338 3664 3407 preceden-

2014 3424 2216 3488 tibus;
2249 3425 2342 3478 sed
2379 3424 2434 3477 id
2469 3424 2623 3494 quod
2658 3424 2743 3489 ﬁt,
2779 3423 2970 3479 simile
3001 3429 3088 3479 est
3138 3424 3314 3479 alicui
3364 3427 3664 3498 tripudio;

2017 3530 2144 3586 quae
2175 3512 2330 3568 enim
2362 3517 2713 3584 generantur
2741 3512 2800 3566 in
2833 3513 3066 3584 proprio
3091 3514 3236 3583 loco,
3261 3530 3390 3569 esse
3409 3515 3665 3586 gestien-

2015 3603 2116 3671 tia,
2150 3605 2525 3674 generantem
2560 3600 3085 3673 circumspiciunt:
3122 3604 3279 3674 quod
3312 3619 3451 3675 ergo
3492 3603 3663 3659 intel-

2016 3690 2218 3747 lective
2240 3692 2309 3746 ad
2335 3707 2402 3746 ea
2424 3707 2553 3763 quae
2577 3690 2771 3762 ipsum
2798 3691 3155 3746 antecedunt
3174 3708 3520 3748 conversum
3546 3698 3660 3757 est,

2012 3781 2318 3836 circularis
2349 3780 2624 3835 motionis
2653 3779 3064 3852 cogitationem
3096 3780 3344 3838 inducit.
3369 3783 3658 3847 Quoniam

2010 3871 2192 3943 igitur
2224 3870 2378 3924 Deus
2407 3869 2627 3940 ubique
2657 3873 2764 3935 est,
2803 3886 2930 3940 quas
2967 3870 3328 3941 ubicumque
3357 3872 3553 3943 ipsum
3577 3888 3663 3927 se-

2012 3966 2178 4029 cutis,
2212 3975 2277 4014 eo
2308 3959 2462 4029 quod
2490 3957 2670 4014 velint
2700 3974 2933 4029 semper
2961 3958 3159 4031 ipsum
3200 3959 3549 4033 intelligere,
3598 3962 3657 4016 in

2011 4049 2119 4104 hoc
2147 4046 2465 4114 exsultant,
2499 4051 2557 4102 et
2584 4046 2804 4103 circum
2835 4047 3163 4119 tripudiant
3183 4049 3339 4104 sicut
3371 4049 3426 4104 in
3455 4051 3658 4105 convi-

2010 4137 2143 4202 vio;
2176 4136 2394 4190 dicitur
2421 4135 2621 4207 itaque
2654 4150 2818 4190 mens
2849 4135 2908 4189 in
2951 4136 3148 4207 seipsa
3195 4153 3346 4208 esse,
3379 4142 3435 4193 et
3464 4140 3533 4194 ad
3568 4156 3659 4194 se-

2012 4226 2203 4297 ipsam
2234 4224 2510 4280 festinare
2535 4241 2547 4278 :
2582 4225 2739 4295 quod
2770 4223 2953 4295 igitur
2973 4225 3033 4279 in
3056 4225 3249 4296 seipso
3273 4232 3381 4293 est,
3405 4231 3463 4283 et
3479 4227 3662 4299 signi-

2019 4316 2155 4370 ﬁcat
2168 4314 2248 4369 im
2259 4313 2923 4377 mortalitatem,statum
2949 4313 3153 4382 habet;
3170 4316 3493 4370 secundum
3508 4317 3666 4371 enim

2021 4421 2149 4460 esse
2178 4404 2333 4474 quod
2367 4408 2458 4459 est
2485 4402 2898 4458 immortaliter
2924 4418 3073 4470 esse,
3102 4408 3260 4458 stare
3286 4404 3672 4476 intelligitur;

2025 4493 2353 4549 secundum
2383 4496 2582 4547 autem
2633 4492 2705 4546 ad
2753 4491 3013 4563 seipsam
3065 4492 3363 4560 festinare,
3410 4498 3678 4549 movetur

2026 4582 2192 4637 nulla
2212 4582 2437 4637 ratione
2460 4579 2660 4637 volens
2678 4581 2927 4635 diffundi
2950 4582 3009 4636 in
3035 4598 3134 4636 eas
3154 4600 3280 4654 quis
3299 4589 3461 4639 extra
3483 4583 3680 4655 ipsum

258 4646 504 4735 κύκλικὴ
536 4646 755 4743 χορεία,
787 4669 861 4731 ὡς
904 4672 939 4739 ἡ
966 4646 1089 4724 ’τοῦι
1113 4646 1490 4744 κύκλου-περὶ
1546 4646 1610 4724 τῦ
1666 4646 1907 4741 σημείον,

2031 4676 2191 4738 sunt,
2225 4674 2283 4726 et
2314 4669 2647 4725 materiales
2676 4669 3126 4726 intellectiones.
3159 4646 3461 4735 Quatenus
3502 4646 3685 4745 igitur

259 4756 389 4826 ἤτοι
422 4757 669 4833 κέντρον,
702 4758 792 4835 ἆφ’
824 4758 884 4812 οὗ
916 4759 1138 4828 συνέστη
1174 4778 1189 4791 '
1222 4756 1312 4812 καὶ
1350 4758 1450 4832 γὰρ
1499 4759 1587 4813 καὶ
1641 4758 1776 4813 κατὰ
1822 4778 1907 4833 φυ-

2032 4778 2136 4833 per
2166 4776 2227 4815 se
2261 4758 2498 4814 mobilis
2527 4763 2633 4827 est,
2665 4775 2779 4813 non
2813 4762 2955 4825 stat,
2986 4760 3087 4814 sed
3120 4765 3429 4831 movetur;
3473 4765 3684 4831 quate-

264 4850 424 4917 σικήν
459 4846 697 4922 ἀνάγκην
726 4844 950 4903 ἕκαστον
983 4852 1089 4902 τῶν
1124 4842 1293 4902 ὅντων
1318 4852 1418 4917 τὴν
1465 4847 1589 4923 περί
1642 4848 1732 4902 τὸν
1791 4849 1907 4903 Θεὸι

2037 4866 2148 4905 nus
2172 4853 2365 4904 autem
2391 4852 2479 4903 est
2504 4848 2760 4903 essentia
2784 4864 3018 4921 semper
3040 4850 3243 4904 eodem
3269 4850 3441 4905 modo
3484 4866 3544 4903 se
3578 4848 3685 4902 ha-

264 4939 489 5015 χορεύει
521 4939 771 5013 χορείαν,
804 4942 885 5011 τῷ
915 4939 1046 4993 εἶναι
1079 4936 1358 5017 ἐφιέμενον
1407 4941 1503 4992 τοῦ
1552 4940 1689 4992 εἶναι
1720 4940 1783 4993 ⁵³.
1819 4937 1907 4994 Οῧι

2036 4942 2203 5008 bene,
2234 4942 2476 5005 statum,
2508 4954 2621 4992 non
2655 4953 2790 4992 vero
2827 4943 3074 5003 motum,
3108 4938 3303 4993 habet.
3351 4939 3455 4993 Est
3505 4937 3690 5010 igitur

264 5050 372 5090 τως
404 5026 501 5082 οὗν
530 5026 656 5102 περὶ
712 5031 823 5082 τῶν
880 5027 1095 5083 πάντων
1163 5026 1388 5103 βασιλέα
1444 5028 1616 5082 πάντα
1659 5027 1793 5095 ἐστὶ,
1837 5048 1906 5081 κα

2039 5033 2095 5085 et
2116 5027 2443 5096 secundum
2464 5031 2730 5082 naturam
2756 5027 3076 5099 unicuique
3099 5027 3385 5081 mentium
3408 5027 3688 5098 impetus,

270 5116 481 5173 ἐκείνου
509 5113 667 5172 ἓνεκα
720 5116 890 5172 πάντα
937 5117 1026 5172 καὶ
1077 5116 1251 5173 έκεῖνο
1303 5116 1550 5171 ἁπάντων
1600 5115 1785 5171 καλῶν
1840 5114 1907 5171 ait"

2041 5118 2336 5190 cupiditas
2366 5133 2505 5190 erga
2559 5121 2736 5171 Deum
2781 5120 2838 5170 et
2885 5133 3023 5187 erga
3080 5116 3360 5187 seipsam,
3410 5125 3694 5188 tanquam

274 5229 411 5261 τιον.
446 5209 515 5265 Ὀ
565 5204 621 5261 δὲ
672 5209 821 5262 εἶπεν
870 5206 1087 5282 ἀμέσως
1127 5209 1196 5263 τὰ
1224 5210 1415 5283 πρῶτα
1469 5207 1591 5282 περὶ
1656 5206 1785 5261 Θεὸν
1826 5225 1907 5281 χοι

2042 5209 2197 5264 circa
2229 5211 2497 5263 centrum
2540 5205 2824 5261 circulare
2870 5204 3221 5276 tripudium,
3270 5205 3444 5260 sicuti
3492 5207 3696 5261 circuli

274 5298 473 5375 ρεύειν,
507 5301 582 5361 ὡς
611 5302 688 5374 μὴ
719 5294 919 5376 ἔχοντά
942 5321 994 5355 τι
1024 5300 1129 5376 πρὸ
1160 5299 1325 5355 αὐτοῦ
1357 5297 1545 5371 δηλοῖ,
1574 5296 1659 5353 ὅτι
1700 5298 1766 5352 τὰ
1814 5295 1903 5353 δεύ

2045 5299 2195 5354 circa
2228 5300 2511 5369 punctum
2544 5312 2647 5351 seu
2680 5299 2947 5350 centrum
2998 5309 3067 5348 ex
3115 5309 3232 5364 quo
3279 5295 3577 5365 constitit;
3609 5300 3698 5352 et-

347 5483 365 5519 ¹
400 5485 514 5540 Isa.
551 5498 631 5550 v1,
661 5480 717 5536 2.

1294 5632 1537 5691 VARle
1574 5628 1969 5690 LECTIONES
2007 5629 2100 5687 ET
2139 5623 2699 5686 CORRECTIONES.

351 5774 398 5820 ⁸1
427 5778 623 5838 αύτοῦ.
700 5778 747 5815 ³¹
774 5773 973 5835 αἰτίου.

612 5910 881 5970 ΡΑτεοι..
927 5907 1027 5969 ιν.

3348 5896 3383 5955 3
