4158 6370
443 426 516 481 75
1285 417 1650 471 APPENDIX
1692 417 1787 469 AD
1825 414 2065 468 OPERA
2104 413 2162 465 S.
2204 410 2518 468 DIONYSII
2556 414 3058 470 AREOPAGITE.
3787 418 3860 470 76

446 550 604 607 enim
661 546 841 604 etiam
900 541 1227 600 secundum
1286 538 1614 596 naturalem
1676 537 2087 594 necessitatem

2216 551 2329 606 τερα
2371 534 2461 588 xui
2507 535 2574 590 τὰ
2627 537 2809 608 τρίτα,
2838 534 3082 591 τουτέστι
3131 533 3197 590 τὸ.
3245 534 3495 606 αἶ’σθητὶ,
3539 534 3630 592 διὰ
3681 539 3858 611 μέσων

449 636 922 710 unumquodque
969 630 1194 687 entium
1228 629 1603 685 saltationem
1654 645 1780 699 quae
1832 627 1898 680 fit
1947 624 2091 679 circa

2222 626 2317 676 τῶν
2365 624 2471 697 πρὸ
2522 624 2695 680 αὐτῶν
2737 625 2862 703 περὶ
2892 626 2985 682 τὸν
3026 626 3177 696 Θεὸν⁹
3210 627 3283 688 ὡς
3316 623 3547 700 εἷ’ρηται,
3577 625 3864 705 ἀναλόγως

453 732 635 786 Deum
667 725 844 781 saltat
875 722 1000 793 ipso
1033 736 1161 775 esse
1184 718 1428 790 cupiens
1451 733 1610 774 esse:
1638 717 1720 773 sic
1743 716 1923 787 igitur
1947 712 2102 768 circa
2211 712 2452 785 χορεύει.

451 833 648 890 regem
676 812 942 870 omnium
974 813 1114 865 sunt
1145 807 1438 876 universa,
1468 811 1525 862 et
1550 806 1709 861 illius
1742 820 1917 860 causa
1946 800 2145 857 omnia
2174 805 2232 856 et
2264 802 2362 858 ille
2393 805 2682 862 bonorum
2715 805 2982 862 omnium
3016 811 3237 862 auctor.
3271 807 3435 871 Quod
3471 812 3663 863 autem
3690 808 3866 889 dixit,

452 905 793 963 immediate
822 901 1044 973 primos
1074 898 1228 954 circa
1263 899 1440 952 Deum
1475 895 1820 968 tripudiare,
1852 899 2138 963 tanquam
2168 890 2317 946 nihil
2366 900 2504 951 ante
2551 912 2610 951 se
2660 896 2959 963 habentia,
3011 897 3268 952 declarat
3313 898 3467 967 quod
3521 899 3775 953 secunda
3806 905 3866 954 et

454 995 652 1061 tertia,
674 993 785 1048 hoc
816 995 901 1046 est
932 986 1377 1053 sensibilia,28
1409 1001 1512 1057 per
1537 985 1729 1040 media
1763 979 2154 1056 praecedentia
2183 979 2340 1037 circa
2364 983 2572 1054 Deum,
2601 985 2752 1040 sicut
2782 986 3007 1040 dictum
3041 991 3150 1055 est,
3177 1003 3281 1057 pro
3314 991 3490 1056 captu
3513 986 3868 1058 tripudiant.

530 1081 895 1140 Inlelleclilia.
929 1077 1164 1150 Species
1196 1076 1434 1146 quidem
1466 1079 1522 1130 et
1554 1073 1936 1146 proprietates
1960 1073 2103 1126 sunt

2283 1069 2357 1124 Τὰ
2386 1071 2572 1142 νοητά.
2609 1073 2702 1146 [Τὰ
2730 1074 2922 1144 νοητὰ]
2955 1071 3072 1142 εἷ’δη
3136 1074 3229 1144 μὶν
3283 1072 3383 1127 εἶσὶ
3443 1072 3533 1127 καὶ
3590 1071 3864 1144 ἰδιότητες

457 1169 935 1231 exeistentiarum
976 1165 1428 1221 distinctarum:
1481 1163 1539 1217 in
1591 1161 1850 1232 corporis
1904 1162 2099 1214 autem

2221 1156 2488 1231 ὒπάρξεων
2540 1158 2967 1234 διακεκριμένων
3002 1182 3014 1195 ·
3062 1160 3113 1216 έν
3175 1160 3232 1217 δὶ
3283 1166 3351 1236 τῇ
3412 1163 3714 1234 ἀσωματίᾳ,
3773 1163 3863 1216 καὶ

457 1261 800 1336 privatione,
832 1260 890 1313 et
920 1255 1056 1326 quia
1087 1251 1498 1318 immateriala,
1525 1250 1649 1306 loco
1675 1267 1791 1306 non
1816 1248 2099 1319 indigent,

2224 1247 2290 1315 αὴ
2349 1249 2520 1304 τόπου
2572 1247 2776 1314 δεῖσθαι
2827 1251 2895 1305 τὰ
2939 1249 3220 1323 ἅϋλα,⁹ίνα
3270 1255 3641 1325 χωρισθῶσιν,
3677 1252 3750 1312 ὡς
3799 1252 3866 1305 τὰ

455 1355 522 1407 ut
551 1351 894 1422 separentur
923 1345 1076 1400 sicut
1105 1357 1348 1412 corpora
1377 1339 1610 1406 omnia;
1647 1339 1745 1394 ubi
1775 1338 1931 1393 enim
1974 1352 2097 1390 cor-

2221 1336 2441 1408 σώματα
2488 1339 2662 1394 πάντα
2693 1358 2704 1372 ·
2739 1338 2877 1394 ὅπου
2923 1341 3025 1416 γὰρ
3072 1342 3230 1414 σῶμα
3259 1341 3347 1395 καὶ
3380 1340 3548 1404 τόπος
3579 1342 3605 1394 6
3643 1338 3863 1413 μέλλων

453 1458 567 1513 pus
595 1445 703 1509 est,
735 1435 816 1492 ibi
849 1449 1082 1507 quoque
1109 1431 1275 1487 locus
1305 1433 1415 1498 est,
1449 1429 1563 1501 ‘qui
1611 1428 1738 1484 sine
1785 1426 2095 1483 certamine

1449 1429 1563 1501 ‘qui
1611 1428 1738 1484 sine
1785 1426 2104 1483 certamine
2213 1431 2416 1499 χωρεῖν
2450 1427 2687 1503 ἀμάχως
2715 1428 2782 1484 τὰ
2811 1430 3060 1502 σώματα.

453 1546 697 1602 corpora
724 1529 1110 1596 suscepturus
1139 1524 1247 1577 est.

526 1620 693 1687 Quasi
723 1632 850 1673 vox.
892 1615 1023 1669 Haec
1055 1615 1196 1668 sunt
1226 1608 1566 1665 Ezechielis.

2282 1609 2367 1667 Ὡς
2399 1609 2550 1682 φωνῆ
2567 1650 2578 1662 .
2610 1611 2784 1662 Ταῦτα
2811 1612 2908 1663 τοῦ
2941 1609 3226 1678 Ἰεζεκιήλ.

523 1710 598 1764 De
625 1722 724 1762 suo
755 1706 888 1760 loco.
931 1701 1234 1766 Quomodo
1275 1702 1504 1770 oportet
1534 1696 1862 1770 intelligere
1908 1695 2100 1752 locum
2133 1711 2165 1777 ξ

2285 1695 2378 1750 Ἐκ
2431 1693 2528 1749 τοῦ
2601 1695 2772 1751 τόπου
2851 1697 3038 1754 αὐτοῦ.
3095 1701 3218 1758 Πῶς
3276 1697 3389 1772 χρὴ
3455 1705 3648 1768 νοῆσαι
3696 1699 3866 1753 τόπον

454 1798 514 1853 in
550 1799 683 1863 Deo,
718 1793 1025 1864 Scriptura
1070 1788 1289 1859 ubique
1348 1787 1575 1843 dicente
1625 1786 2096 1856 incircumscrip-

2224 1782 2302 1838 ἐπὶ
2347 1787 2500 1854 Θεοῦ,
2544 1791 2644 1854 τῆς
2700 1792 2920 1860 Γραφῆς
2972 1788 3289 1860 ἁπανταχοῦ
3337 1785 3626 1862 λεγούσης,
3677 1788 3866 1862 ἀπερι-

451 1892 573 1943 tam
607 1899 734 1941 esse
766 1881 1160 1945 Divinitatem,
1185 1883 1271 1933 et:
1300 1877 1502 1933 Caelum
1522 1876 1668 1932 sedes
1687 1877 1979 1947 ejus,terra
1998 1891 2093 1929 au-

2224 1872 2429 1946 5ριστον
2456 1874 2678 1929 εἶναιτὸ
2719 1881 2892 1943 Θεῖον,
2927 1877 3018 1930 καὶ
3065 1875 3127 1929 τό
3165 1897 3176 1907 ·
3231 1875 3476 1951 Οὐρανὸς
3521 1877 3712 1952 θρόνος
3767 1877 3866 1931 αὖ·

454 1981 565 2031 tem
594 1973 893 2029 scabellum
920 1971 1123 2040 pedum
1153 1969 1270 2038 ejus
1310 1967 1434 2036 (a);
1481 1970 1537 2021 et
1593 1982 1800 2022 rursus
1828 1982 1840 2019 :
1902 1964 2096 2019 Statuit

2224 1967 2329 2033 τοῦ,
2388 1965 2422 2031 ἡ
2484 1960 2540 2017 δὲ
2611 1970 2682 2038 γῆ
2747 1962 3048 2021 ὑποπόδιον
3102 1969 3208 2020 τῶν
3260 1963 3444 2020 ποδῶν
3505 1967 3714 2021 αὐτοῦ·
3777 1965 3866 2020 καὶ

453 2065 626 2118 valles
683 2064 911 2125 statera,
942 2065 992 2112 et
1021 2072 1238 2112 omnem
1285 2059 1490 2109 terram
1527 2055 1733 2125 pugillo
1765 2054 1838 2125 (υ)
1859 2070 1878 2114 ;
1928 2058 2095 2124 atque

2224 2050 2420 2106 πάλιν*
2474 2055 2711 2123 Ἔστηκε
2782 2056 2879 2116 τὰς
2955 2056 3126 2116 νάπας
3209 2060 3373 2130 ζυγῷ,
3432 2055 3522 2109 καὶ
3599 2056 3697 2123 τήν
3761 2057 3866 2128 γῆν

456 2154 667 2208 iterum
696 2167 708 2205 :
743 2150 803 2204 Si
830 2146 1117 2203 ascendere
1148 2147 1207 2200 in
1245 2145 1461 2214 caelum,
1491 2148 1552 2199 tu
1576 2145 1696 2198 illic
1724 2159 1777 2199 es
1803 2161 1817 2212 ;
1850 2144 1900 2196 si
1919 2145 2098 2198 autem

2225 2137 2370 2215 Βρακί
2400 2159 2412 2173 '
2473 2142 2562 2195 xui
2624 2140 2775 2206 αὖθις
2809 2162 2821 2174 ·
2858 2143 2978 2200 Ἐὰν
3037 2147 3288 2218 πορευθῶ
3338 2144 3414 2206 εἷς
3466 2145 3556 2198 τὸν
3617 2143 3867 2218 οὐρανὸν,

452 2240 778 2298 descendero
820 2241 880 2292 in
928 2237 1232 2305 infernam,
1293 2234 1423 2288 ades
1481 2233 1585 2305 (ac).
1648 2231 1891 2298 Qualem
1923 2232 2094 2303 igitur

2224 2229 2276 2283 si)
2334 2229 2489 2284 ἐκεῖ·
2551 2230 2637 2286 ἐὰν
2701 2230 2758 2286 δὲ
2812 2229 3033 2288 καταϐῶ
3109 2232 3184 2295 εἷς
3263 2233 3354 2288 τὸν
3431 2229 3558 2302 ᾅδην
3597 2279 3611 2303 ,
3667 2235 3866 2309 πάρει.

453 2328 714 2386 Ezechiel
745 2323 1094 2397 excogitavit
1124 2328 1238 2378 Deo
1287 2321 1530 2377 locum?
1582 2321 1869 2388 Dicimus,
1920 2321 2095 2392 quod,

2231 2324 2380 2374 .loiov
2413 2319 2503 2374 οὖν
2534 2321 2561 2374 6
2595 2322 2855 2390 Ἰεσεκιὴλ
2891 2322 3149 2392 ἐπενόησε
3205 2328 3285 2394 τῷ
3316 2327 3432 2394 Θεῷ
3460 2322 3629 2378 τόπον
3657 2342 3670 2391 ;
3707 2327 3873 2396 Λέγο-

453 2435 581 2491 quaa
618 2417 894 2473 videntur
922 2413 1094 2469 nobis
1125 2412 1396 2491 obscura,
1429 2411 1582 2466 Deus
1613 2410 1708 2478 iis,
1756 2409 1855 2481 qui
1905 2409 2095 2479 ipsum

2229 2429 2332 2476 sev,
2365 2407 2447 2463 ὅτι
2478 2408 2544 2464 τὰ
2575 2407 2841 2466 δοκοῦντα
2871 2414 3007 2482 ἡμῖν
3036 2409 3214 2487 ἄπορα
3246 2413 3273 2466 ὁ
3305 2411 3434 2473 Θεὸς
3465 2418 3583 2474 τοῖς
3632 2412 3683 2482 ἐξ
3731 2411 3871 2482 ὅλης

451 2513 574 2564 toto
604 2506 828 2577 impetu
858 2502 1186 2572 inquirunt,
1219 2499 1512 2567 illustret;
1550 2499 1691 2554 dicit
1719 2499 1875 2554 enim
1908 2498 2093 2553 divine

2227 2497 2371 2552 ιιῦτὸν
2432 2497 2755 2570 ἐπιζητοῦσι
2815 2501 3080 2570 κινήσεως
3139 2500 3410 2578 φωτίζει·
3474 2500 3617 2578 λέγει
3673 2502 3776 2576 γὰρ
3834 2504 3869 2570 ἡ

453 2597 762 2668 Scriptura
787 2610 799 2648 :
836 2592 896 2648 Si
928 2594 1218 2664 praecepta
1248 2606 1381 2644 mea
1411 2589 1704 2644 custodiat
1734 2588 1971 2659 aliquis,
1998 2603 2095 2659 ego

2230 2586 2329 2640 ieiu
2360 2589 2544 2665 Γραφή
2582 2608 2594 2621 ·
2632 2588 2755 2645 Ἐὰν
2786 2589 2881 2651 τὰς
2915 2588 3140 2652 ἐντολάς
3192 2611 3298 2662 μου
3330 2587 3574 2666 φυλάττῃ
3623 2611 3729 2659 τις,
3761 2589 3872 2664 έγὼ

455 2691 514 2742 et
543 2686 711 2741 Pater
736 2684 1039 2750 veniemus,
1072 2684 1126 2735 et
1163 2681 1512 2734 mansionem
1559 2677 1708 2748 apud
1756 2693 1881 2733 eum
1927 2679 2097 2745 facie-

2229 2675 2302 2728 ιαὶ
2361 2676 2388 2729 ὁ
2448 2676 2634 2751 Πατὴρ
2714 2675 3067 2749 ἐλευσόμεθα,
3129 2678 3218 2732 xui
3301 2679 3474 2750 μονὴν
3540 2680 3669 2752 παρ’
3719 2680 3871 2752 αὐτῷ

457 2791 580 2831 mus
609 2773 728 2846 (y);
766 2772 965 2842 itaque
1017 2769 1196 2840 igitur
1224 2772 1281 2822 et
1310 2765 1710 2838 intelligibiles
1755 2766 2016 2833 virtutes,
2049 2770 2099 2819 et

2227 2765 2576 2837 ποιησόμεθα.
2611 2767 2770 2820 Ὥστε
2826 2763 2916 2820 οὖν
2970 2765 3059 2820 καὶ
3104 2767 3158 2820 αἱ
3199 2769 3390 2836 νοηταὶ
3453 2766 3727 2839 δυνάμεις,
3779 2765 3869 2823 xui

460 2868 796 2920 sanctorum
819 2866 992 2931 atque
1014 2856 1277 2913 omnium
1296 2859 1583 2926 praecepta
1600 2854 1956 2910 servantium
1980 2853 2102 2908 ani-

2225 2852 2268 2906 ιὶ
2315 2857 2424 2909 τῶν
2473 2853 2638 2929 ἁγίων
2689 2856 2884 2929 ψυχαὶ,
2916 2855 3008 2910 καὶ
3058 2857 3274 2910 πάντων
3319 2861 3427 2911 τῶν
3479 2855 3867 2928 φυλασσόντων

461 2969 591 3019 mea,
625 2950 834 3005 merito
866 2946 1057 3002 vocari
1093 2944 1390 3016 potuerint
1418 2943 1516 2998 Dei
1547 2942 1711 2998 locus
1737 2948 1794 2998 et
1838 2943 2102 3013 requies:

2225 2940 2307 3002 τὰς
2366 2940 2810 3012 έντολὰς,τόπος
2870 2944 3124 3014 κληθεῖεν
3177 2944 3238 3000 ἂν
3293 2945 3517 3008 εἰκότως
3574 2952 3671 3000 τοῦ
3731 2951 3867 3001 Θεοῦ

454 3041 671 3098 etenim
704 3036 845 3094 alibi
876 3035 1020 3090 dicit
1048 3049 1061 3089 :
1097 3033 1376 3104 Requ-ievit
1406 3031 1651 3102 Spiritus
1673 3047 1823 3088 meus
1855 3034 1914 3086 in
1945 3034 2096 3104 ipsis.

2223 3030 2303 3085 καὶ
2360 3030 2656 3095 ἀνάπαυσις
2690 3050 2702 3064 ⁸
2751 3033 2840 3088 καὶ
2902 3033 3158 3109 ἀλλαχοῦ
3210 3035 3313 3110 γάρ
3372 3050 3534 3114 φησιν
3572 3055 3584 3069 °
3638 3038 3865 3092 Ἐπανα-

2408 3085 2477 3086 νη
2907 3085 3152 3109 """"I\."
3223 3085 3308 3110 |"r

2131 3085 2177 3151 ϐ
2215 3121 2481 3175 πέπαυται
2511 3124 2573 3176 τὸ
2609 3125 2824 3197 Πνεῦμά
2856 3144 2964 3197 μου
2993 3123 3075 3179 ἐπ’
3115 3124 3329 3188 αὐτούς.

530 3219 591 3274 ιη
621 3217 714 3285 iis,
745 3230 871 3288 quae
899 3215 964 3270 de
992 3213 1196 3269 divinis
1225 3213 1465 3283 hymnis.
1499 3211 1665 3280 Nota,
1699 3209 1882 3266 alium
1924 3211 2102 3266 etiam

2283 3216 2372 3265 Ἐν
2419 3217 2535 3273 τοῖς
2582 3213 2706 3286 περὶ
2754 3217 2859 3267 τῶν
2934 3213 3089 3277 θείων
3145 3215 3347 3288 ὕμνων.
3400 3215 3721 3286 Σημείωσαι
3781 3213 3865 3268 ὅτι

454 3308 695 3364 librum.
729 3307 804 3360 De
831 3304 1044 3359 divinis
1071 3303 1292 3373 hymnis
1321 3301 1394 3356 ab
1426 3300 1555 3372 ipso
1587 3299 1975 3356 elaboratum.

2224 3298 2300 3353 ιιαὶ
2333 3297 2473 3355 ἄλλο
2523 3300 2802 3376 σύνταγμα
2845 3302 2996 3376 αὐτῷ
3051 3305 3179 3378 Περὶ
3241 3303 3398 3367 θείων
3450 3303 3636 3377 ὕμνων
3688 3305 3866 3358 πεπό-

2209 3409 2396 3458 νηται,

514 3488 716 3544 Divina
748 3485 890 3542 loca.
924 3483 1207 3549 Quisnam
1241 3481 1341 3536 Dei
1375 3480 1560 3537 locus.

2283 3479 2351 3536 Οἱ
2381 3480 2518 3534 θεῖοι
2545 3480 2727 3537 τόποι.
2759 3482 2848 3544 Τίς
2879 3483 2906 3536 6
2934 3485 3032 3537 τοῦ
3062 3487 3194 3537 Θεοῦ
3225 3483 3413 3546 τόπος.

514 3579 639 3633 Loci
668 3576 865 3630 divini.
901 3573 1243 3643 Scriptura:
1280 3570 1506 3637 Qualem
1540 3569 1764 3624 domum
1793 3570 2101 3628 mihigdi-

2281 3571 2446 3624 Τόποι
2506 3577 2605 3639 τῆς
2664 3572 2987 3645 θεαρχικῆς.
3046 3572 3117 3625 Τὸ
3175 3573 3509 3647 εἰρημένον·
3556 3578 3721 3628 Ποῖον
3777 3576 3865 3628 oi-

454 3666 710 3737 ﬁcabitis,
742 3663 872 3717 dicit
902 3662 1183 3725 Dominus,
1237 3662 1335 3712 aut
1382 3660 1502 3728 quis
1554 3659 1700 3712 locus
1745 3662 2096 3728 requietionis

2225 3679 2301 3713 ιον
2363 3657 2757 3732 οἰκοδομήσετέ
2819 3682 2935 3733 μοι,
2998 3658 3142 3735 λέγει
3197 3663 3417 3735 Κύριος,
3471 3660 3506 3730 ἢ
3564 3661 3650 3720 τίς
3697 3662 3867 3726 τόπος

443 3770 580 3810 meae
602 3753 695 3825 (πρ),
727 3751 1006 3816 declarat,
1041 3765 1154 3803 non
1187 3747 1302 3802 dici
1328 3748 1397 3801 de
1424 3747 1624 3801 sensili
1653 3746 1870 3817 aliquo,
1899 3765 2085 3803 verum

2221 3755 2308 3815 τῆς
2363 3749 2748 3811 καταπαύσεώς
2805 3771 2931 3822 μου,
2966 3747 3134 3820 δηλοῖ
3195 3752 3270 3824 μὴ
3331 3749 3575 3824 λέγεσθαι
3620 3754 3747 3825 περὶ
3778 3753 3863 3806 ui-

447 3847 520 3901 de
537 3842 751 3899 divinis
775 3841 864 3896 his
891 3838 1184 3895 mentibus
1211 3862 1224 3903 ;
1246 3837 1542 3892 autetiam
1571 3837 1675 3892 hoc
1699 3839 1872 3892 modo
1890 3854 1900 3892 :
1918 3838 2089 3892 voluit

2217 3841 2411 3904 σθητοῦ
2443 3858 2612 3908 τινος,
2646 3837 2793 3892 ἀλλὰ
2823 3839 2946 3912 περὶ
2993 3844 3101 3893 τῶν
3147 3839 3300 3901 θείων
3348 3838 3555 3893 τούτων
3603 3844 3739 3893 νοῶν
3778 3859 3790 3872 ·
3824 3843 3859 3909 ἢ

451 3939 605 3989 Deus
663 3929 995 4001 significare
1053 3926 1310 3982 divinam
1371 3929 1643 3980 naturam
1694 3925 2093 3996 circumscribi

2226 3926 2295 3978 ιαὶ
2345 3923 2516 3985 οὕτως
2553 3944 2564 3955 ·
2615 3921 2905 3994 ἠϐουλήθη
2957 3927 2983 3978 6
3034 3927 3164 3986 Θεὸς
3226 3931 3488 3996 σημᾶναι,
3535 3925 3618 3980 ὅτι
3676 3927 3868 4002 ἀπερί-

453 4040 570 4079 non
604 4036 797 4093 posse.
833 4018 898 4074 Et
929 4016 1128 4072 aliter:
1177 4031 1365 4086 neque
1417 4014 1476 4068 in
1530 4015 1676 4085 ipsis
1724 4014 2095 4071 audientibus

2225 4032 2449 4086 γραπτον
2493 4014 2555 4066 τὸ
2607 4018 2782 4067 Θεῖον.
2819 4013 2917 4066 Καὶ
2963 4011 3150 4074 ἄλλως
3188 4033 3201 4047 ·
3253 4012 3335 4067 δτι
3396 4013 3447 4067 έν
3506 4013 3690 4076 αὐτοῖς
3748 4022 3867 4077 τοῖς

454 4113 569 4168 Deo
600 4110 792 4166 locum
827 4104 1210 4177 requietionis
1243 4103 1427 4158 fuisse
1456 4107 1695 4175 propter
1715 4103 2096 4159 incredulita-

2229 4101 2495 4155 ἱκοόουσιν
2558 4100 2657 4155 οὐκ
2710 4101 2777 4169 ἦν
2824 4106 2906 4174 τῷ
2955 4105 3073 4172 Θεῷ
3119 4103 3289 4166 τόπος
3333 4101 3719 4162 καταπαύσεως
3778 4101 3871 4157 διὸ.

449 4205 569 4256 tem
599 4199 888 4270 ipsorum,
923 4195 1077 4250 sicut
1108 4193 1188 4247 ait
1219 4192 1278 4246 in
1308 4191 1635 4263 Evangeliis
1658 4191 1976 4246 Dominus:
2008 4194 2091 4247 Fi-

2228 4189 2308 4257 ιήν
2356 4189 2606 4244 ἀπιστίαν
2662 4190 2865 4261 αὐτῶν,
2899 4189 2975 4252 ὥς
3024 4211 3184 4267 φησιν
3219 4190 3269 4245 έν
3308 4189 3667 4267 Εὗαγγελίοις
3699 4193 3726 4246 ὁ
3758 4193 3870 4246 Κύ-

451 4289 566 4345 lius
605 4291 789 4344 autem
819 4285 1061 4340 hominis
1090 4297 1201 4337 non
1234 4280 1395 4336 habet
1429 4281 1526 4335 ubi
1552 4283 1715 4352 caput
1743 4280 1971 4336 reclinet
1998 4280 2093 4352 (a).

2225 4298 2328 4338 ›ιος
2357 4296 2370 4310 ·
2421 4280 2482 4336 Ὀ
2534 4276 2592 4334 δὲ
2635 4279 2754 4340 υίὸς
2801 4283 2897 4333 τοῦ
2952 4279 3242 4353 ἀνθρώπου
3294 4280 3394 4335 οὐκ
3436 4277 3552 4355 ἔχει
3609 4285 3716 4335 ποῦ
3763 4283 3867 4350 τήν

2208 4366 2450 4445 κεφαλὴν
2479 4367 2676 4424 κλίνει.

522 4467 712 4524 Unitas
741 4466 838 4519 est.
874 4461 998 4518 Non
1029 4461 1285 4528 tantum,
1317 4457 1532 4529 inquit,
1557 4461 1645 4512 ter
1666 4461 1905 4513 sanctus
1930 4458 2098 4531 bym-
2131 4447 2164 4514 Ῑ

2283 4459 2463 4520 Μονάς
2508 4457 2642 4514 ἐστι.
2685 4457 2759 4514 Οὐ
2815 4460 3004 4532 μόνον,
3056 4458 3244 4535 φησὶν,
3292 4461 3320 4513 6
3369 4461 3650 4535 τρισάγιος
3700 4458 3872 4533 ὕμνος

445 4573 557 4611 nus
585 4553 861 4620 declarat,
895 4553 1072 4620 atque
1102 4563 1214 4601 vox
1256 4563 1324 4602 ex
1376 4545 1500 4600 loco
1555 4544 1683 4617 ipso
1735 4550 1916 4602 Deum
1966 4565 2087 4604 cum

2227 4544 2400 4617 Ξηλοῖ,
2431 4547 2520 4602 xui
2553 4551 2588 4617 ἡ
2623 4549 2682 4604 ἐκ
2707 4554 2804 4604 τοῦ
2832 4548 3004 4603 τόπου
3037 4549 3206 4604 αὐτοῦ
3236 4549 3327 4604 τὸν
3361 4550 3489 4604 Θεὸν
3534 4547 3869 4624 δοξολογοῦ-

443 4644 630 4719 gloria
659 4639 1007 4714 praedicans,
1041 4634 1466 4692 communicari
1497 4635 1673 4690 etiam
1706 4636 1989 4707 subjectis
2013 4655 2085 4693 or-

2225 4657 2276 4690 ru
2324 4638 2500 4714 φωνὴ,
2531 4638 2594 4692 τὸ
2650 4635 3035 4712 μεταδεδόσθαι
3092 4639 3181 4692 καὶ
3240 4645 3359 4702 ταῖς
3409 4639 3723 4716 ὑφειμέναις
3770 4643 3867 4694 τά-

451 4733 690 4790 dinibus
733 4740 1086 4800 cognoscere
1144 4728 1201 4780 et
1247 4724 1564 4779 decantare
1612 4722 1835 4791 Deum;
1897 4742 2093 4782 verum

2228 4731 2318 4795 ξεσι
2361 4728 2649 4801 γινώσκειν
2704 4728 2793 4782 xui
2839 4729 3025 4799 ὑμνεῖν
3071 4729 3163 4782 τὸν
3216 4727 3369 4795 Θεὸν,
3406 4726 3552 4782 ἀλλὰ
3603 4728 3692 4783 xui
3750 4726 3870 4784 ἓτε-

450 4824 630 4880 etiam
662 4818 884 4891 aliquid
918 4815 1075 4870 aliud
1111 4817 1318 4885 preter
1347 4812 1468 4867 haec
1503 4812 1816 4884 signiﬁcat.
1848 4813 1965 4870 Hoc
1996 4833 2092 4870 au-

2227 4814 2302 4869 ›όν
2325 4835 2375 4868 τι
2404 4815 2659 4888 σημαίνει
2691 4819 2828 4891 πρὸς
2858 4819 3078 4880 τούτοις
3110 4836 3123 4848 ·
3158 4821 3320 4872 τοῦτο
3356 4815 3412 4871 δὲ
3445 4814 3615 4887 δηλοῖ
3653 4818 3716 4871 τὸ
3764 4817 3869 4893 ῥη-

451 4918 571 4969 tem
603 4910 863 4967 declarat
892 4904 1182 4961 sententia
1214 4903 1448 4958 dicens:
1502 4902 1775 4973 equidem
1810 4904 2093 4961 unitatem

2227 4904 2298 4958 :6v
2328 4905 2389 4958 16
2423 4902 2578 4979 λέγον
2612 4925 2624 4937 '
2657 4906 2892 4978 καὶμὴν
2944 4904 3033 4959 xui
3083 4903 3240 4959 ένάδα
3291 4907 3379 4960 καὶ
3449 4903 3656 4977 μονάδα
3711 4926 3869 4978 τρισ-

453 5007 509 5057 et
540 5000 850 5056 monadem
900 4995 1078 5050 trium
1128 4989 1647 5048 subsistentiarum
1697 4992 1795 5047 29
1848 4993 2095 5050 dicimus

2223 4993 2506 5048 ›πόστατον
2560 4993 2791 5070 λέγομεν
2861 4997 2992 5048 εἶναι
3070 4995 3159 5047 τὸν
3240 4994 3392 5066 Θεὸν,
3449 4996 3541 5048 καὶ
3608 5002 3865 5070 προνοεῖν

453 5105 583 5146 esse
617 5089 823 5151 Deum,
851 5089 909 5141 et
942 5083 1218 5139 omnibus
1257 5080 1579 5151 providere,
1605 5097 1637 5134 a
1661 5082 1867 5152 primis
1901 5084 1969 5138 ad
1997 5100 2095 5140 ex-

2227 5082 2480 5155 ἱπάντων,
2513 5085 2620 5138 ἀπὸ
2665 5089 2774 5139 τῶν
2827 5085 3060 5156 πρώτων
3109 5083 3196 5137 xui
3235 5086 3398 5159 μέγρι
3457 5089 3564 5138 τῶν
3623 5083 3869 5158 ἐσχάτων

451 5183 642 5234 trema
671 5181 835 5230 terras
863 5170 1450 5244 comprehendentem
1476 5169 1748 5225 universa
1773 5170 2093 5244 incompre-

2221 5179 2303 5242 τῆς
2353 5180 2454 5249 γῆς
2502 5170 3004 5247 περιδεδραγμένον
3052 5174 3303 5227 ἁπάντων
3377 5174 3651 5247 ἀσχέτως,
3699 5195 3863 5230 τουτ-

448 5266 836 5330 hensibiliter,
867 5264 978 5319 hoc
1007 5267 1094 5318 est
1123 5278 1238 5317 non
1272 5275 1569 5332 corporea,
1602 5261 1698 5316 sed
1732 5261 1929 5318 divina
1960 5281 2090 5335 pro-

2223 5282 2344 5315 ;cnw
2395 5261 2454 5315 οὐ
2506 5265 2793 5334 σωματικῇ
2845 5259 3166 5334 κατέχοντα,
3217 5259 3363 5315 ἀλλά
3415 5265 3570 5334 θεϊκῇ
3628 5261 3865 5335 προνοίᾳ

442 5356 701 5414 videntis.
731 5350 1309 5425 superessentialiter
1338 5350 1761 5406 continentem.
1797 5352 1955 5415 Quod
1991 5370 2084 5408 au-

2217 5350 2564 5424 impouoiwc.
2594 5353 2711 5404 ’Ὀτι
2760 5346 2816 5403 δέ
2867 5350 3008 5405 ἐστιν
3068 5351 3189 5411 ένάς
3240 5351 3325 5404 xui
3388 5352 3577 5422 μονὰς,
3609 5351 3699 5404 xui
3749 5351 3859 5405 Εὐ-

441 5451 559 5502 tem
592 5446 669 5500 sit
699 5443 897 5499 unitas
929 5445 984 5496 et
1017 5457 1245 5509 monas,
1272 5440 1448 5494 etiam
1483 5439 1766 5512 Evagrius
1790 5440 2010 5514 impius
2034 5443 2083 5498 in

2220 5442 2387 5517 ἱγριος
2420 5441 2446 5493 ὁ
2480 5439 2695 5502 ἀνόσιος
2729 5439 2780 5492 ἐν
2821 5442 2888 5512 τῇ
2936 5437 3158 5514 δευτέρᾳ
3204 5437 3519 5494 ὶκατοντάδι
3575 5437 3862 5513 κεφαλαίῳ

437 5533 697 5593 secunda
728 5529 994 5588 centuria
1041 5529 1233 5600 capite
1265 5529 1456 5597 tertio,
1510 5527 1618 5584 hoc
1670 5528 1849 5585 dicit:
1902 5553 1928 5581 «
1963 5533 2079 5603 Ipse

2216 5529 2367 5605 τρίτῳ
2399 5528 2530 5603 φησὶ
2560 5533 2747 5583 τοῦτο’
2770 5553 2798 5580 ‹‹
2833 5528 3013 5591 Αὐτός
3044 5527 3153 5585 ἐστι
3191 5526 3587 5602 μονὰς,έπείδὴ
3621 5529 3682 5583 τὸ
3705 5534 3858 5584 Θεῖον

504 5680 585 5750 (α)
617 5681 727 5734 1⁸⁸·
763 5691 908 5740 LXVI,
943 5675 990 5728 1·
1067 5673 1144 5744 (υ)
1174 5673 1284 5729 lsa.
1322 5691 1412 5745 XL,
1448 5675 1532 5732 12.
1612 5675 1692 5748 (.c)
1723 5675 1874 5732 Psal.
1911 5693 2075 5735 CXXX\

433 5753 513 5825 (a)
545 5753 677 5808 Luc.
710 5765 787 5815 ix,
817 5747 907 5803 58.

2209 5680 2258 5734 8.
2339 5677 2416 5750 (y)
2441 5677 2610 5733 Joan.
2645 5693 2760 5744 xw,
2789 5676 2879 5733 23.
2923 5677 2998 5748 (χι)
3029 5679 3141 5733 Isa.
3191 5692 3341 5752 sxw,
3380 5676 3404 5730 1
3433 5695 3447 5744 ;
3483 5678 3610 5732 Act.
3644 5676 3851 5762 vn,li7.

664 5792 677 5806 ο
711 5785 787 5815 IL,
817 5785 907 5803 W0
