4158 6370
218 446 284 499 77
938 441 998 495 S.
1040 436 1315 497 MAXIMI
1353 433 1657 494 SCHOLIA
1695 437 1769 491 IN
1808 436 1941 490 LIB.
1981 435 2079 489 DE
2117 435 2438 494 CCELESTI
2477 438 2948 495 HIERARCHIA.
3577 436 3648 493 78

218 564 417 623 ἁπλοῦν
476 564 573 620 καὶ
638 560 943 637 ἀδιαίρετόν
997 559 1141 617 ἐστι’
1199 559 1397 615 τούτου
1449 561 1612 636 χάριν
1658 556 1825 631 μονάς
1856 573 1871 589 ·

2004 570 2082 621 est
2111 580 2341 633 monas,
2372 562 2651 633 quoniam
2683 562 2963 619 divinitas
2994 566 3085 618 est
3107 561 3361 635 simplex
3391 565 3451 618 et
3488 560 3650 619 indi-

221 658 303 713 καὶ
336 655 507 729 μονάς
556 653 665 730 γὰρ
718 653 1094 729 ἀριθμητικῶς
1145 650 1340 717 εἰπεῖν,
1387 648 1538 719 ἁπλῆ
1588 650 1677 703 καὶ
1721 646 1879 702 ἀσύν-

220 744 363 806 θετός
398 742 569 798 έστιν·
609 742 728 804 ἒνάς
772 738 830 795 δὶ
879 737 970 794 διὰ
1010 743 1196 811 τοῦτο,
1230 735 1418 807 έπειδή
1450 737 1540 794 καὶ
1590 737 1727 813 πρὸς
1759 738 1881 791 δαυ-

220 837 314 904 τήν
344 833 555 903 ἥνωται
588 834 624 901 ἠ
674 830 802 906 ἁγία
850 829 1011 905 Τριὰς
1065 832 1328 903 φυσικῶς,
1380 827 1472 883 καὶ
1519 827 1634 882 ὲνοῖ
1681 827 1882 887 πάντας

221 924 341 986 τοὺς
390 921 534 996 αὐτῇ
595 918 1001 991 πλησιάζοντας
1051 918 1190 973 κατά
1243 917 1307 972 τὸ
1357 916 1647 994 εἰρημένον
1702 916 1754 969 ὲν
1804 918 1883 985 τῷ

222 1007 562 1087 Εὐιγγελίῳ,
593 1010 710 1064 Ἵνα
762 1008 892 1062 ὦσιν
942 1004 1095 1061 αὐτοὶ
1142 1003 1222 1077 ἓν,
1257 1004 1437 1080 ὥσπερ
1482 1004 1573 1060 καὶ
1624 1006 1787 1077 ἡμεῖς
1826 1000 1879 1057 ἓν

222 1099 378 1173 έσμεν
389 1141 403 1155 .
434 1123 465 1151 »

290 1275 566 1353 'Acrxétcp.
600 1278 870 1352 ’Ἃσχετον
904 1275 1146 1351 συνοχὴν
1196 1271 1346 1349 λέγει
1395 1274 1494 1342 τήν
1537 1272 1877 1348 έξῃρημένην

224 1367 395 1439 πάντη
428 1368 519 1422 καὶ
555 1370 799 1443 ἀσυναιρῆ
832 1365 968 1441 πρὸς
997 1365 1065 1420 τὰ
1110 1362 1451 1439 συνεχόμενα
1498 1362 1756 1438 πρόνοιαν
1780 1364 1879 1416 τοῦ

224 1462 357 1513 Θεοῦ
388 1454 483 1512 καὶ
513 1475 613 1531 περ
622 1455 923 1530 ικράτησιν.

724 1638 841 1689 ΕΙΣ
880 1634 967 1691 ΤΟ
1008 1634 1264 1690 ΚΕΦΑΛ.
1298 1633 1381 1689 Η’.

294 1721 526 1780 Δυνατά.
561 1719 936 1799 Ἱσχυρότατα.

294 1808 673 1886 Ἐπωνυμίας.
700 1812 768 1865 ’Ὀ
796 1832 848 1866 τι
892 1812 928 1883 ἡ
959 1808 1243 1885 ἐπωνυμία
1287 1810 1464 1865 αὐτῶν
1498 1806 1771 1882 σημαίνει,
1800 1806 1882 1869 τίς

222 1904 257 1972 ἡ
289 1899 507 1972 ἰδιότης
540 1898 741 1956 αὐτῶν.

725 1986 881 2058 Μέση
921 1984 1176 2061 τριαδική
1207 1985 1376 2059 τάξις,

538 2073 901 2153 Κυριὸτητες,
944 2073 1228 2149 Δυνάμεις,
1271 2074 1562 2145 Ἑξουσίαι.
1670 2072 1675 2074 ⁷

294 2165 671 2225 ’Δδούλωτον.
702 2167 825 2224 ’Ότι
856 2169 1003 2221 πᾶσα
1047 2166 1220 2235 νοητή
1271 2161 1500 2236 δύναμις
1541 2160 1877 2237 ἀμειλίκτως

224 2259 357 2334 πρὸς
386 2257 452 2312 τὸ
484 2260 675 2331 χεῖρον
704 2252 844 2329 ἔχει.

291 2350 425 2423 ﬁll.
480 2346 570 2407 Ὠς
628 2343 949 2417 ἀμείλικτον
1003 2343 1321 2419 κυριότητα.
1390 2341 1653 2403 Ἐνταῦθα
1708 2337 1879 2418 σφάλ-

226 2457 353 2509 ματι
379 2439 496 2490 τῶν
527 2431 841 2503 έλληνικῶν
874 2430 1192 2510 φιλοσόφων
1245 2424 1482 2492 εὐσεϐῶς
1526 2428 1875 2485 ἐπισκώπτει·

224 2522 426 2587 οἵτινες
464 2521 639 2578 ἰδικάς
666 2526 814 2596 τρεῖς
846 2519 1103 2595 δυνάμεις
1145 2519 1292 2582 τινάς
1335 2518 1684 2592 ἀμειλίκτους
1716 2538 1881 2592 προσ-

224 2614 551 2691 ηγόρευσαν,
609 2609 981 2687 προελθούσας
1040 2609 1115 2671 εἰς
1170 2606 1393 2685 ὕπαρξιν
1448 2603 1511 2663 ἔκ
1562 2628 1725 2663 τινων
1773 2606 1880 2682 πρὸ

222 2704 397 2759 αὒτῶν
460 2698 657 2776 ἑτέρων
716 2703 883 2774 τριῶν
944 2695 1220 2772 δυνάμεων
1256 2717 1270 2732 ο
1332 2696 1393 2752 οὗ
1466 2697 1575 2771 μὴν
1632 2696 1691 2751 ἐκ
1747 2699 1881 2751 Θεοῦ

222 2794 475 2870 e611”,
534 2787 1036 2865 δημιουργηθείσας
1099 2785 1311 2850 ἶδικῶς.
1374 2787 1478 2843 Καὶ
1538 2785 1695 2861 φασὶν
1748 2786 1880 2840 εἶναι

218 2880 345 2943 τοὺς
378 2879 741 2953 ἀμειλίκτους
769 2877 999 2940 τούτους
1052 2877 1379 2946 ὑποπεζίους
1423 2880 1529 2930 τῶν
1564 2870 1883 2951 προϐαλλο-

228 2969 401 3044 μένων
453 2969 651 3031 αὐτοὺς
699 2970 911 3037 νοητῶν
967 2963 1273 3039 δυνάμεων,
1314 2962 1741 3026 ἀναστέλλοντας
1793 2965 1882 3019 καὶ

225 3062 414 3136 ὥσπτρ
462 3054 886 3128 ἀντιϐαίνοντας,
934 3059 1023 3113 καὶ
1074 3056 1386 3135 ἐφεκτικοὺς
1431 3060 1538 3112 τῶν
1570 3056 1677 3131 πρὸ
1706 3055 1883 3111 αὐτῶν

227 3151 317 3205 καὶ
348 3151 582 3217 ἑαυτῶν,
613 3148 712 3203 τοῦ
764 3148 841 3220 μὴ
889 3151 1073 3202 πεσεῖν
1120 3144 1200 3207 εἷς
1245 3144 1524 3215 ὅλην,καὶ
1573 3143 1885 3199 ἀσθενεστὲ-

229 3260 358 3316 ρους
390 3240 531 3294 κατά
558 3242 722 3294 τοῦτο
767 3241 875 3291 τῶν
924 3230 1393 3310 προϐαλλομένων
1434 3233 1676 3307 ἕαυτοὺς,
1707 3235 1826 3297 καθ’
1854 3233 1882 3288 ’ὁ

225 3326 441 3383 δέονται
468 3330 570 3381 τοῦ
616 3326 866 3401 κατέχειν
919 3324 996 3386 εἷς
1043 3324 1105 3378 τὸ
1154 3322 1400 3377 ἄπτωτον
1434 3322 1674 3383 ἑαυτούς.
1706 3320 1886 3380 Ταῦτα

229 3418 322 3490 μὲν
357 3414 454 3470 οὖν
504 3415 580 3476 ὡς
632 3414 683 3469 ὲν
717 3412 957 3487 ἐπιτομῇ
1003 3411 1072 3466 τὰ
1119 3409 1358 3466 ἐκείνωνο
1392 3412 1420 3465 ὁ
1454 3407 1513 3465 δὲ
1562 3409 1730 3485 μέγας
1762 3416 1883 3465 Διο-

225 3505 409 3568 νύσιος
467 3508 650 3582 σοφῶς
699 3504 767 3558 τὰ
824 3500 1035 3557 ἐναντία
1091 3501 1266 3555 πάντα
1321 3499 1506 3562 αὐτοῖς
1560 3519 1763 3578 φησιν·
1826 3499 1886 3554 ἐκ

228 3597 361 3650 Θεοῦ
411 3593 521 3668 γὰρ
571 3590 735 3654 αὐτὰς
786 3588 1200 3666 δημιουργικῶς
1256 3587 1554 3658 ὑποστῆναί
1605 3605 1789 3667 φησιν’
1823 3588 1884 3641 οὗ

226 3682 315 3737 καὶ
344 3683 450 3751 τὴν
498 3680 783 3760 ἐμφέρειαν
835 3676 1056 3755 ἔχουσιν
1109 3677 1186 3741 εἷς
1232 3677 1551 3754 κυριότητα,
1586 3675 1765 3752 ὥσπερ
1794 3676 1885 3731 καὶ

226 3774 391 3843 ἡμεῖς
457 3770 511 3823 οἱ
567 3769 687 3823 καθ’
744 3768 1013 3841 ὁμοίωσιν
1074 3767 1372 3828 κτισθέντες
1406 3784 1419 3797 ·
1467 3764 1664 3829 αὐτοὺς
1720 3762 1777 3819 δὲ
1821 3765 1885 3819 τὸ

231 3857 557 3932 ἀμείλικτον
586 3856 724 3912 κατὰ
749 3855 927 3927 πάσης
974 3855 1214 3933 ὁφέσεως
1259 3859 1341 3927 τῷ
1391 3853 1542 3931 λόγῳ
1570 3861 1669 3924 τῆς
1697 3853 1883 3930 κυριό-

228 3969 396 4018 τητος
432 3944 581 4023 ἔχειν
632 3944 801 4023 λέγει,
852 3942 1152 4007 κόπτοντας
1209 3941 1388 4019 ὥσπερ
1436 3942 1525 3999 καὶ
1571 3941 1885 4017 διατέμνον-

229 4057 346 4106 τας,
401 4036 498 4090 καὶ
560 4033 657 4090 οὐκ
700 4033 903 4097 ἐῶντας
952 4038 1168 4110 κρατεῖν
1219 4033 1318 4101 τὴν
1372 4032 1511 4109 πρὸς
1554 4033 1621 4087 τὰ
1658 4032 1887 4103 αἰσθητά

229 4124 550 4198 ἐπιθυμίαν,
608 4124 672 4179 οὖ
730 4124 840 4198 μὴν
888 4122 1018 4187 τοὺς
1064 4123 1171 4198 πρό
1222 4121 1399 4178 αὐτῶν
1442 4121 1886 4184 ἀναστέλλοντας*

229 4215 297 4270 τὰ
354 4212 415 4270 δὶ
475 4213 708 4284 αἰσθητά
765 4212 857 4268 καὶ
916 4212 1203 4287 σωματικᾶ
1269 4208 1696 4288 δουλοπρέπειάν
1755 4234 1889 4290 φησι

230 4304 322 4359 καὶ
371 4302 747 4375 ἀνελευθερίαν
803 4301 892 4358 καὶ
944 4301 1145 4358 εἰκαίαν
1197 4298 1375 4374 δόξαν.
1423 4298 1785 4365 Δουλοποιίας
1834 4298 1891 4355 δὲ

233 4392 352 4448 ἀντὶ
410 4397 510 4447 τοῦ
558 4389 988 4467 δουλοπρεπείας
1022 4436 1035 4461 ,
1091 4390 1206 4446 ἐπεὶ
1269 4392 1345 4464 μὴ
1418 4395 1769 4466 συγχωροῦσι
1822 4391 1891 4445 τὰ

229 4479 404 4547 ὅπως
458 4477 590 4537 ὄντα
647 4478 870 4551 έννοεῖν,
901 4479 1049 4537 ἀλλὰ
1102 4478 1423 4556 κατάγουσιν
1476 4477 1535 4533 έκ
1580 4485 1678 4549 τῆς
1732 4476 1888 4533 ἀκλι-

231 4569 357 4633 νοῦς
415 4564 772 4643 ἐδραιότητος
828 4568 916 4625 έπὶ
960 4570 1060 4638 τὴν
1109 4573 1218 4623 τῶν
1255 4569 1633 4642 ματαιοτήτων
1688 4567 1890 4621 ὑποκα-

1990 655 2137 720 visa,
2171 652 2353 722 hujus
2374 649 2562 722 gratia
2584 666 2793 707 monas
2818 669 2833 720 ;
2853 650 3068 705 etenim
3088 666 3294 707 monas
3316 650 3650 706 secundum

1996 741 2228 800 numeri
2250 740 2538 796 rationem
2566 739 2883 811 loquendo,
2910 740 3163 811 simplex
3178 745 3237 795 et
3257 740 3649 812 incomposita

1993 839 2118 889 est:
2154 831 2352 886 unitas
2384 833 2583 885 autem
2614 828 2767 899 ideo,
2801 830 3077 899 quoniam
3112 829 3251 885 etin
3275 845 3337 884 se
3359 828 3642 885 naturali-

1990 928 2081 979 ter
2108 921 2273 977 unita
2304 924 2395 975 est
2433 923 2640 975 sancta
2680 918 2963 986 Trinitas,
3017 923 3074 975 et
3125 918 3255 974 unit
3312 935 3516 974 omnes
3565 919 3640 974 ad

1991 1012 2184 1085 ipsam
2214 1010 2559 1065 accedentes
2590 1026 2603 1077 ;
2638 1009 2963 1064 secundum
3000 1009 3156 1081 quod
3187 1009 3411 1064 dictum
3440 1013 3532 1063 est
3582 1008 3642 1063 in

1991 1099 2305 1172 Evangelio
2330 1115 2343 1153 ς
2382 1099 2445 1156 Ut
2474 1100 2585 1154 sint
2613 1099 2724 1170 ipsi
2752 1115 2949 1165 unum,
2982 1100 3126 1155 sicut
3156 1103 3210 1153 et
3230 1114 3332 1154 nos
3361 1114 3537 1153 unum
3556 1114 3647 1153 su-

1990 1206 2109 1245 mus
2136 1191 2235 1259 (b).
2273 1210 2302 1239 »

2058 1275 2646 1349 Incomprehensibili.
2681 1276 2779 1343 Gr,
2813 1274 3053 1349 ἀσχέτῳ.
3092 1277 3363 1351 ’Άσχετον
3413 1276 3645 1333 incom-

1990 1365 2448 1440 prehensibilem
2479 1381 2823 1438 compagem
2853 1366 3015 1433 dicit,
3069 1366 3346 1422 selectam
3402 1366 3643 1422 omnino

1988 1460 2047 1513 et
2078 1455 2322 1512 minime
2353 1471 2675 1511 connexam
2708 1470 2841 1510 cum
2869 1454 3300 1511 cohaerentibus
3324 1454 3424 1511 Dei
3447 1454 3646 1526 provi-

1989 1544 2247 1602 dentiam
2279 1546 2337 1600 et
2366 1544 2853 1600 dominationem.

2580 1632 2652 1687 IN
2695 1633 2848 1688 CAP.
2890 1632 3044 1688 VIII.

2060 1723 2345 1791 Potentia,
2376 1722 2473 1778 Gr.
2507 1716 2724 1775 δυνατά.
2760 1721 3126 1777 Fortissima.

2059 1812 2389 1885 Appellatio.
2449 1811 2599 1876 Quid
2649 1825 2937 1882 agnomen
2996 1810 3261 1882 ipsorum
3320 1810 3641 1884 signiﬁcet,

1914 1930 1964 1995 Β
1991 1916 2263 1973 quasnam
2293 1900 2370 1957 sit
2398 1899 2663 1995 ipsorum
2695 1899 3046 1971 proprietas.

2490 1989 2720 2044 Medius
2752 1989 2945 2045 trinus
2977 1990 3140 2046 ordo.

2272 2080 2708 2146 Dominationes,
2746 2080 3001 2149 Virtutes,
3034 2083 3351 2137 Potestates.

2059 2170 2297 2227 Minime
2322 2169 2697 2239 subjugatam.
2732 2169 2895 2235 Quod
2921 2167 3085 2224 nulla
3103 2167 3495 2241 intelligibilis
3523 2169 3640 2225 vir-

1985 2263 2086 2315 tus
2115 2257 2437 2314 demulceri
2466 2274 2603 2329 erga
2635 2257 2896 2313 deterius
2929 2257 3242 2314 sustineat.

2058 2348 2188 2416 §II.
2262 2349 2326 2403 Ut
2379 2362 2628 2402 severam
2695 2348 3155 2403 dominationem.
3214 2347 3319 2402 Hic
3374 2364 3633 2404 errorem

1989 2452 2311 2509 grzecorum
2339 2434 2825 2508 philosophorum
2858 2436 2950 2507 pie
2981 2436 3372 2507 reprehendit,
3396 2438 3495 2509 qui
3516 2441 3635 2494 tres

1990 2524 2375 2597 particulares
2407 2524 2697 2594 quaedam
2728 2523 2973 2579 virtutes
3007 2524 3410 2596 implacabiles
3442 2529 3635 2583 nomi—

1991 2617 2231 2683 narunt,
2260 2629 2603 2685 progressas
2633 2612 2693 2667 in
2752 2612 3155 2667 exsistentiam
3189 2629 3258 2669 ex
3287 2614 3638 2685 quibusdam

1989 2704 2183 2759 tribus
2216 2701 2348 2757 aliis
2380 2702 2542 2774 ipsas
2592 2701 3058 2773 praecedentibus
3104 2702 3465 2772 virtutibus;
3518 2722 3636 2760 non

1990 2796 2191 2848 tamen
2224 2809 2258 2847 a
2295 2791 2413 2847 Deo
2445 2790 2879 2863 particulariter
2909 2796 3136 2847 creatas
3163 2809 3173 2847 :
3210 2793 3491 2848 etdicunt
3512 2810 3642 2851 esse

1992 2880 2398 2953 implacabiles
2429 2880 2536 2935 has
2567 2880 2815 2951 pedibus
2846 2880 3016 2950 quasi
3048 2881 3381 2937 substratas
3429 2881 3643 2938 intelli-

1992 2971 2263 3044 gibilium
2297 2971 2604 3040 virtutum,
2638 2987 2764 3041 quae
2798 2970 2959 3041 ipsas
2990 2971 3364 3042 antecedunt,
3407 2976 3638 3028 contra-

1993 3061 2199 3116 hentes
2230 3064 2287 3115 et
2319 3059 2485 3131 quasi
2517 3063 2721 3114 contra
2750 3060 3076 3127 tendentes,
3110 3063 3287 3131 atque
3318 3060 3433 3116 vim
3486 3061 3641 3117 inhi-

1994 3148 2170 3206 bendi
2201 3149 2507 3217 habentes,
2541 3163 2612 3203 ne
2643 3147 2783 3219 ipsis
2809 3151 2867 3203 et
2897 3164 3025 3219 quae
3058 3151 3396 3221 praecedunt
3423 3150 3483 3205 in
3517 3167 3641 3207 ma-

1995 3237 2205 3293 teriam
2238 3235 2622 3304 delabantur;
2658 3239 2827 3306 atque
2859 3237 3187 3292 secundum
3220 3237 3328 3293 hoc
3378 3239 3642 3295 imbecil-

1997 3326 2172 3382 liores
2202 3325 2295 3394 iis,
2329 3341 2459 3396 qum
2484 3325 2644 3397 ipsas
2682 3325 3038 3397 praecedunt,
3090 3330 3383 3397 quatenus
3430 3328 3645 3384 debent

1994 3432 2058 3473 se
2071 3415 2367 3471 continere
2398 3431 2469 3469 ne
2491 3413 2807 3483 labantur;
2843 3413 2964 3469 haec
2982 3414 3161 3485 igitur
3179 3416 3461 3473 orationis
3482 3433 3641 3472 com-

1994 3504 2206 3578 pendio
2237 3503 2475 3560 illorum
2510 3510 2602 3559 est
2640 3502 2952 3558 sententia.
2985 3506 3232 3575 Magnus
3264 3509 3459 3561 autem
3504 3505 3642 3562 Dio-

1996 3594 2201 3667 nysius
2228 3592 2526 3666 sapienter
2557 3592 2757 3648 omnia
2785 3591 2933 3663 ipsis
2965 3594 3257 3649 contraria
3279 3594 3421 3651 dicit
3445 3613 3458 3652 :
3482 3595 3645 3667 ipsas

1995 3683 2151 3741 enim
2183 3699 2252 3738 ex
2308 3682 2426 3737 Deo
2475 3680 2713 3738 creandi
2769 3681 3046 3738 facultate
3088 3683 3415 3740 subsistere
3464 3685 3644 3754 dicit;

1996 3775 2170 3844 cujus
2200 3772 2376 3828 etiam
2408 3770 2855 3827 similitudinem
2890 3771 3110 3827 habent
3139 3772 3198 3827 in
3222 3773 3644 3845 dominatione,

1996 3862 2152 3918 sicut
2182 3866 2238 3917 et
2270 3876 2377 3915 nos
2397 3860 2498 3932 qui
2518 3860 2845 3917 secundum
2870 3859 3323 3917 similitudinem
3344 3863 3522 3919 creati
3543 3880 3644 3919 su-

1996 3967 2151 4006 mus.
2178 3955 2343 4021 Ipsas
2368 3965 2501 4004 vero
2534 3947 3074 4020 implacabilitatem
3094 3965 3231 4021 erga
3248 3966 3483 4005 omnem
3502 3951 3647 4007 sub-

1994 4038 2342 4095 missionem
2369 4037 2595 4092 ratione
2626 4036 3044 4092 dominationis
3076 4037 3292 4093 habere
3324 4039 3426 4095 80
3479 4040 3646 4107 dicit,

1995 4127 2167 4200 quasi
2194 4127 2482 4182 caedentes
2512 4130 2569 4180 et
2600 4124 2986 4193 dissecantes,
3020 4140 3209 4196 neque
3234 4126 3495 4184 sinentes
3518 4128 3644 4184 vin-

1997 4233 2125 4275 cere
2156 4214 2540 4288 cupiditatem
2574 4213 2646 4268 ad
2674 4211 3001 4280 sensibilis,
3036 4230 3152 4268 non
3176 4217 3368 4270 tamen
3391 4233 3489 4272 eas
3517 4233 3644 4287 quas

1998 4305 2328 4378 praecedunt
2353 4302 2714 4359 cohibentes.
2737 4301 3052 4357 Sensibilia
3078 4307 3270 4359 autem
3295 4308 3351 4359 et
3370 4321 3648 4377 corporea

1997 4395 2138 4449 dicit
2155 4392 2535 4449 servilitatem
2559 4394 2616 4447 et
2639 4390 2926 4447 libertatis
2951 4392 3421 4463 privationem,et
3435 4410 3645 4451 vanam

1997 4483 2264 4554 gloriam.
2302 4477 2665 4542 Δουλοποιίας
2693 4496 2797 4552 pro
2849 4476 3304 4556 δουλοπρεπείας,
3350 4499 3478 4554 qua
3527 4501 3651 4541 ser-

1997 4573 2243 4629 vitutem
2277 4572 2467 4638 docet,
2526 4569 2807 4642 quoniam
2860 4586 2976 4625 non
3025 4572 3357 4627 concedunt.
3409 4588 3477 4630 ea
3523 4589 3651 4645 quas

230 4660 506 4717 τάκλισιν.
538 4660 936 4733 ’Δνομοιότητα
984 4656 1043 4714 δὶ
1084 4655 1240 4723 αὖθις
1288 4654 1450 4713 καλεῖ
1492 4656 1560 4712 τὲι
1602 4655 1784 4728 etwa,
1816 4655 1885 4719 ὠς

2004 4679 2146 4719 verte
2177 4660 2469 4717 exsistunt
2498 4659 2776 4731 cogitare,
2828 4659 2930 4714 sed
2981 4660 3282 4716 deducunt
3312 4677 3379 4717 ex
3413 4662 3654 4717 minime

237 4747 523 4861 μηδέποτε
580 4749 811 4824 μένοντα
860 4748 947 4805 ἐπὶ
1000 4747 1355 4823 ταύτότητος,
1403 4745 1553 4804 ἀλλά
1598 4746 1679 4803 ἀεὶ
1728 4767 1893 4822 μετα-

236 4837 543 4895 ϐάλλοντα.

310 5104 677 5185 Κυριαρχίας.
738 5106 1078 5182 Κυριαρχίαν
1154 5106 1256 5175 τήν
1318 5103 1549 5176 θεότητα
1604 5101 1704 5184 ἔφη
1742 5125 1754 5139 ·
1814 5103 1894 5160 ὅτι

238 5202 421 5269 πάσης
446 5198 776 5272 κυριότητος
806 5196 953 5271 ἀρχὴ
980 5194 1070 5251 καὶ
1103 5194 1248 5251 αἰτία
1275 5193 1620 5262 καθέστηκεν.

309 5377 423 5437 Οὐκ
502 5374 946 5433 ἀπολείπουσαν.
1024 5372 1339 5449 Σημείωσαι
1414 5377 1533 5437 πῶς
1614 5380 1949 5452 πανταχοῦν

312 5526 391 5599 (b)
419 5526 597 5585 Joan.
631 5540 776 5597 ινιτ,
810 5524 899 5582 il.

2003 4750 2325 4807 inclinante
2359 4748 2681 4805 stabilitate
2708 4748 2780 4802 ad
2815 4746 3073 4819 aliquam
3103 4748 3435 4806 vanitatum
3484 4750 3654 4806 recli-

2002 4840 2302 4896 nationem
2323 4856 2337 4907 ;
2373 4836 2921 4894 dissimilitudinem
2941 4853 3075 4893 vero
3098 4838 3309 4894 iterum
3330 4837 3656 4894 materialia

2004 4933 2190 4995 vocat,
2223 4931 2287 4984 ut
2315 4945 2443 5000 qum
2475 4942 2775 4997 nunquam
2811 4926 2870 4981 in
2903 4926 3207 4984 identitate
3230 4932 3526 4996 maneant,
3550 4930 3651 4984 sed

2006 5033 2240 5089 semper
2268 5019 2594 5071 mutentur.

2077 5106 2352 5178 Principii
2381 5104 2799 5170 dominationis,
2861 5104 2958 5160 Gr.
3009 5100 3358 5179 κυριαρχίας.
3417 5106 3655 5180 Κυριαρ-

2006 5196 2134 5271 χίαν
2161 5193 2586 5252 dominationis
2609 5194 3005 5266 principatum
3033 5194 3309 5250 deitatem
3331 5194 3491 5266 dicit,
3516 5196 3659 5267 quia

2008 5285 2203 5343 omnis
2232 5283 2656 5341 dominationis
2683 5282 3038 5355 principium
3071 5287 3128 5339 et
3157 5300 3336 5340 causa
3367 5286 3617 5342 exsistit.

2082 5376 2209 5445 Quae
2238 5391 2351 5433 non
2378 5374 2541 5432 deest.
2573 5376 2743 5444 Nota,
2777 5373 3074 5444 quomodo
3117 5374 3337 5446 ubique
3376 5375 3531 5432 dicat
3560 5392 3660 5432 su-

1262 5640 1499 5699 VARHE
1538 5639 1934 5699 LECTIONES
1970 5639 2064 5699 ET
2103 5634 2667 5697 CORRECTIONES.

313 5773 355 5810 ³⁸
389 5775 547 5849 φῶτα
576 5772 845 5831 omissum
873 5776 955 5828 ut
984 5786 1019 5827 a
1047 5769 1342 5842 Pachym.,
1373 5770 1623 5843 adeoque
1650 5769 1794 5826 mihi
1820 5768 1885 5827 vi:

2026 5762 2377 5833 ἂπιπολάζειν
2388 5807 2402 5822 .
