  <div class='ocr_page' id='page_1' title='image "/cluster/home/n/w/nwhite01/storage/ocr_20150623/4/mdp.39015078384529/047.png"; bbox 0 0 4158 6370; ppageno 0'>
   <div class='ocr_carea' id='block_1_1' title="bbox 447 390 3880 458">
    <p class='ocr_par' dir='ltr' id='par_1_1' title="bbox 447 390 3880 458">
     <span class='ocr_line' id='line_1_1' title="bbox 447 390 3880 458; baseline -0.005 0"><span class='ocrx_word' id='word_1_1' title='bbox 447 404 521 458; x_wconf 87' lang='lat'>79</span> <span class='ocrx_word' id='word_1_2' title='bbox 1270 404 1638 457; x_wconf 79' lang='lat' dir='ltr'>APPENDIX</span> <span class='ocrx_word' id='word_1_3' title='bbox 1676 402 1773 455; x_wconf 77' lang='lat' dir='ltr'><strong>AD</strong></span> <span class='ocrx_word' id='word_1_4' title='bbox 1811 398 2052 454; x_wconf 82' lang='lat' dir='ltr'><strong>OPERA</strong></span> <span class='ocrx_word' id='word_1_5' title='bbox 2088 396 2148 448; x_wconf 78' lang='grc' dir='ltr'>Β.</span> <span class='ocrx_word' id='word_1_6' title='bbox 2191 390 2511 446; x_wconf 85' lang='lat' dir='ltr'>DIONYSII</span> <span class='ocrx_word' id='word_1_7' title='bbox 2554 391 3053 448; x_wconf 64' lang='lat' dir='ltr'>AREOPOGITJE.</span> <span class='ocrx_word' id='word_1_8' title='bbox 3807 397 3880 452; x_wconf 88' lang='lat'>80</span> 
     </span>
    </p>
   </div>
   <div class='ocr_carea' id='block_1_2' title="bbox 452 508 2116 602">
    <p class='ocr_par' dir='ltr' id='par_1_2' title="bbox 452 521 2099 602">
     <span class='ocr_line' id='line_1_2' title="bbox 452 521 2099 602; baseline -0.007 -16"><span class='ocrx_word' id='word_1_9' title='bbox 452 529 709 602; x_wconf 86' lang='lat' dir='ltr'><strong>perieres</strong></span> <span class='ocrx_word' id='word_1_10' title='bbox 727 528 975 584; x_wconf 77' lang='lat' dir='ltr'>virtutes</span> <span class='ocrx_word' id='word_1_11' title='bbox 996 526 1435 583; x_wconf 86' lang='lat' dir='ltr'><strong>communicare</strong></span> <span class='ocrx_word' id='word_1_12' title='bbox 1447 526 1686 599; x_wconf 89' lang='lat' dir='ltr'><strong>propria</strong></span> <span class='ocrx_word' id='word_1_13' title='bbox 1699 521 2099 585; x_wconf 76' lang='lat' dir='ltr'><strong>inferioribus,</strong></span> 
     </span>
    </p>
   </div>
   <div class='ocr_carea' id='block_1_3' title="bbox 2261 508 3875 602">
    <p class='ocr_par' dir='ltr' id='par_1_3' title="bbox 2262 508 3875 602">
     <span class='ocr_line' id='line_1_3' title="bbox 2262 508 3875 602; baseline 0.004 -36"><span class='ocrx_word' id='word_1_14' title='bbox 2262 531 2353 602; x_wconf 81' lang='grc' dir='ltr'>ησι</span> <span class='ocrx_word' id='word_1_15' title='bbox 2408 512 2504 573; x_wconf 83' lang='grc' dir='ltr'>τὰς</span> <span class='ocrx_word' id='word_1_16' title='bbox 2564 508 2988 602; x_wconf 77' lang='grc' dir='ltr'>ὑπερϐεϐηκυίας</span> <span class='ocrx_word' id='word_1_17' title='bbox 3049 510 3303 602; x_wconf 81' lang='grc' dir='ltr'>δυνάμεις</span> <span class='ocrx_word' id='word_1_18' title='bbox 3368 512 3715 586; x_wconf 80' lang='grc' dir='ltr'>μεταδιδόναι</span> <span class='ocrx_word' id='word_1_19' title='bbox 3763 524 3875 574; x_wconf 86' lang='grc' dir='ltr'>τῶν</span> 
     </span>
    </p>
   </div>
   <div class='ocr_carea' id='block_1_4' title="bbox 453 599 2116 683">
    <p class='ocr_par' dir='ltr' id='par_1_4' title="bbox 453 613 2105 683">
     <span class='ocr_line' id='line_1_4' title="bbox 453 613 2105 683; baseline -0.008 -7"><span class='ocrx_word' id='word_1_20' title='bbox 453 624 511 676; x_wconf 82' lang='lat' dir='ltr'>et</span> <span class='ocrx_word' id='word_1_21' title='bbox 538 621 786 675; x_wconf 81' lang='lat' dir='ltr'>virtutes</span> <span class='ocrx_word' id='word_1_22' title='bbox 831 618 1211 674; x_wconf 87' lang='lat' dir='ltr'><strong>corroborare</strong></span> <span class='ocrx_word' id='word_1_23' title='bbox 1268 616 1575 683; x_wconf 85' lang='lat' dir='ltr'><strong>subditas;</strong></span> <span class='ocrx_word' id='word_1_24' title='bbox 1637 614 1859 671; x_wconf 82' lang='lat' dir='ltr'>scimus</span> <span class='ocrx_word' id='word_1_25' title='bbox 1908 613 2105 666; x_wconf 88' lang='lat' dir='ltr'><strong>autem</strong></span> 
     </span>
    </p>
   </div>
   <div class='ocr_carea' id='block_1_5' title="bbox 2261 599 3879 683">
    <p class='ocr_par' dir='ltr' id='par_1_5' title="bbox 2261 599 3879 681">
     <span class='ocr_line' id='line_1_5' title="bbox 2261 599 3879 681; baseline 0.006 -27"><span class='ocrx_word' id='word_1_26' title='bbox 2261 600 2430 655; x_wconf 79' lang='grc' dir='ltr'>ἱκείων</span> <span class='ocrx_word' id='word_1_27' title='bbox 2473 606 2595 663; x_wconf 82' lang='grc' dir='ltr'>ταῖς</span> <span class='ocrx_word' id='word_1_28' title='bbox 2651 603 2767 674; x_wconf 90' lang='grc' dir='ltr'>μετ’</span> <span class='ocrx_word' id='word_1_29' title='bbox 2818 601 2980 663; x_wconf 72' lang='grc' dir='ltr'>αὐτὰς</span> <span class='ocrx_word' id='word_1_30' title='bbox 3027 601 3117 656; x_wconf 82' lang='grc' dir='ltr'>καὶ</span> <span class='ocrx_word' id='word_1_31' title='bbox 3163 602 3258 665; x_wconf 79' lang='grc' dir='ltr'>τὰς</span> <span class='ocrx_word' id='word_1_32' title='bbox 3307 599 3563 677; x_wconf 84' lang='grc' dir='ltr'>δυνάμεις</span> <span class='ocrx_word' id='word_1_33' title='bbox 3606 604 3879 681; x_wconf 86' lang='grc' dir='ltr'>δυναμοῦν</span> 
     </span>
    </p>
   </div>
   <div class='ocr_carea' id='block_1_6' title="bbox 455 688 2116 779">
    <p class='ocr_par' dir='ltr' id='par_1_6' title="bbox 455 697 2104 779">
     <span class='ocr_line' id='line_1_6' title="bbox 455 697 2104 779; baseline -0.009 -14"><span class='ocrx_word' id='word_1_34' title='bbox 455 710 607 779; x_wconf 91' lang='lat' dir='ltr'><strong>quod</strong></span> <span class='ocrx_word' id='word_1_35' title='bbox 640 707 927 779; x_wconf 88' lang='lat' dir='ltr'><strong>scriptum</strong></span> <span class='ocrx_word' id='word_1_36' title='bbox 962 706 1058 773; x_wconf 91' lang='lat' dir='ltr'><strong>sit,</strong></span> <span class='ocrx_word' id='word_1_37' title='bbox 1082 705 1357 778; x_wconf 83' lang='lat' dir='ltr'>angelum</span> <span class='ocrx_word' id='word_1_38' title='bbox 1382 705 1790 760; x_wconf 89' lang='lat' dir='ltr'><strong>corroborasse</strong></span> <span class='ocrx_word' id='word_1_39' title='bbox 1806 697 2104 756; x_wconf 90' lang='lat' dir='ltr'><strong>Danielem</strong></span> 
     </span>
    </p>
   </div>
   <div class='ocr_carea' id='block_1_7' title="bbox 2261 688 3881 779">
    <p class='ocr_par' dir='ltr' id='par_1_7' title="bbox 2261 688 3881 779">
     <span class='ocr_line' id='line_1_7' title="bbox 2261 688 3881 779; baseline 0.006 -35"><span class='ocrx_word' id='word_1_40' title='bbox 2261 689 2307 752; x_wconf 73' lang='grc' dir='ltr'>ὶς</span> <span class='ocrx_word' id='word_1_41' title='bbox 2370 691 2756 779; x_wconf 56' lang='grc' dir='ltr'>ὑποκειμένας</span> <span class='ocrx_word' id='word_1_42' title='bbox 2792 688 2968 779; x_wconf 13' lang='grc' dir='ltr'>,ἴσμεν</span> <span class='ocrx_word' id='word_1_43' title='bbox 3021 688 3101 760; x_wconf 74' lang='grc' dir='ltr'>δὲ,</span> <span class='ocrx_word' id='word_1_44' title='bbox 3153 692 3237 746; x_wconf 82' lang='grc' dir='ltr'>δτι</span> <span class='ocrx_word' id='word_1_45' title='bbox 3284 692 3374 747; x_wconf 84' lang='grc' dir='ltr'>καὶ</span> <span class='ocrx_word' id='word_1_46' title='bbox 3423 692 3515 748; x_wconf 85' lang='grc' dir='ltr'>τὸν</span> <span class='ocrx_word' id='word_1_47' title='bbox 3547 694 3752 766; x_wconf 79' lang='grc' dir='ltr'>Δανιὴλ</span> <span class='ocrx_word' id='word_1_48' title='bbox 3785 699 3881 773; x_wconf 84' lang='grc' dir='ltr'>γέ-</span> 
     </span>
    </p>
   </div>
   <div class='ocr_carea' id='block_1_8' title="bbox 456 787 2105 868">
    <p class='ocr_par' dir='ltr' id='par_1_8' title="bbox 456 787 2105 868">
     <span class='ocr_line' id='line_1_8' title="bbox 456 787 2105 868; baseline -0.008 -16"><span class='ocrx_word' id='word_1_49' title='bbox 456 802 515 852; x_wconf 88' lang='lat' dir='ltr'>et</span> <span class='ocrx_word' id='word_1_50' title='bbox 544 795 712 865; x_wconf 92' lang='lat' dir='ltr'><strong>alios,</strong></span> <span class='ocrx_word' id='word_1_51' title='bbox 746 800 822 868; x_wconf 87' lang='lat' dir='ltr'>et,</span> <span class='ocrx_word' id='word_1_52' title='bbox 856 795 1011 866; x_wconf 90' lang='lat' dir='ltr'><strong>quod</strong></span> <span class='ocrx_word' id='word_1_53' title='bbox 1045 793 1322 850; x_wconf 91' lang='lat' dir='ltr'><strong>omnibus</strong></span> <span class='ocrx_word' id='word_1_54' title='bbox 1349 794 1565 865; x_wconf 82' lang='lat' dir='ltr'>majus,</span> <span class='ocrx_word' id='word_1_55' title='bbox 1586 791 1761 848; x_wconf 91' lang='lat' dir='ltr'><strong>etiam</strong></span> <span class='ocrx_word' id='word_1_56' title='bbox 1791 787 2105 845; x_wconf 91' lang='lat' dir='ltr'><strong>Dominum</strong></span> 
     </span>
    </p>
   </div>
   <div class='ocr_carea' id='block_1_9' title="bbox 459 881 2105 954">
    <p class='ocr_par' dir='ltr' id='par_1_9' title="bbox 459 881 2105 954">
     <span class='ocr_line' id='line_1_9' title="bbox 459 881 2105 954; baseline -0.007 -13"><span class='ocrx_word' id='word_1_57' title='bbox 459 888 723 941; x_wconf 86' lang='lat' dir='ltr'><strong>nostrum</strong></span> <span class='ocrx_word' id='word_1_58' title='bbox 744 885 776 941; x_wconf 85' lang='lat' dir='ltr'><strong>J</strong></span> <span class='ocrx_word' id='word_1_59' title='bbox 782 900 947 940; x_wconf 87' lang='lat' dir='ltr'><strong>esum</strong></span> <span class='ocrx_word' id='word_1_60' title='bbox 966 883 1288 951; x_wconf 84' lang='lat' dir='ltr'>Christum,</span> <span class='ocrx_word' id='word_1_61' title='bbox 1314 886 1516 954; x_wconf 83' lang='lat' dir='ltr'><strong>utpote</strong></span> <span class='ocrx_word' id='word_1_62' title='bbox 1537 881 1837 937; x_wconf 87' lang='lat' dir='ltr'>hominem</span> <span class='ocrx_word' id='word_1_63' title='bbox 1853 890 2105 950; x_wconf 89' lang='lat' dir='ltr'><strong>quoque,</strong></span> 
     </span>
    </p>
   </div>
   <div class='ocr_carea' id='block_1_10' title="bbox 461 968 1952 1046">
    <p class='ocr_par' dir='ltr' id='par_1_10' title="bbox 461 968 1952 1046">
     <span class='ocr_line' id='line_1_10' title="bbox 461 968 1952 1046; baseline -0.006 -16"><span class='ocrx_word' id='word_1_64' title='bbox 461 974 617 1031; x_wconf 87' lang='lat' dir='ltr'><strong>sicut</strong></span> <span class='ocrx_word' id='word_1_65' title='bbox 645 976 705 1030; x_wconf 92' lang='lat' dir='ltr'>in</span> <span class='ocrx_word' id='word_1_66' title='bbox 735 972 1042 1046; x_wconf 84' lang='lat' dir='ltr'><strong>Evangelio</strong></span> <span class='ocrx_word' id='word_1_67' title='bbox 1074 973 1404 1029; x_wconf 90' lang='lat' dir='ltr'><strong>secundum</strong></span> <span class='ocrx_word' id='word_1_68' title='bbox 1438 973 1651 1027; x_wconf 89' lang='lat' dir='ltr'><strong>Lucam</strong></span> <span class='ocrx_word' id='word_1_69' title='bbox 1682 968 1952 1024; x_wconf 84' lang='lat' dir='ltr'><strong>habetur.</strong></span> 
     </span>
    </p>
   </div>
   <div class='ocr_carea' id='block_1_11' title="bbox 540 1135 2109 1212">
    <p class='ocr_par' dir='ltr' id='par_1_11' title="bbox 540 1135 2109 1212">
     <span class='ocr_line' id='line_1_11' title="bbox 540 1135 2109 1212; baseline -0.01 -9"><span class='ocrx_word' id='word_1_70' title='bbox 540 1149 749 1203; x_wconf 85' lang='lat' dir='ltr'><strong>Bonum</strong></span> <span class='ocrx_word' id='word_1_71' title='bbox 778 1143 1049 1200; x_wconf 79' lang='lat' dir='ltr'>ordinem.</span> <span class='ocrx_word' id='word_1_72' title='bbox 1082 1146 1224 1197; x_wconf 90' lang='lat' dir='ltr'>Cum</span> <span class='ocrx_word' id='word_1_73' title='bbox 1256 1155 1344 1211; x_wconf 89' lang='lat' dir='ltr'>eo,</span> <span class='ocrx_word' id='word_1_74' title='bbox 1378 1139 1531 1212; x_wconf 87' lang='lat' dir='ltr'><strong>quod</strong></span> <span class='ocrx_word' id='word_1_75' title='bbox 1556 1138 1826 1210; x_wconf 86' lang='lat' dir='ltr'>superius</span> <span class='ocrx_word' id='word_1_76' title='bbox 1848 1135 2109 1209; x_wconf 90' lang='lat' dir='ltr'><strong>positum</strong></span> 
     </span>
    </p>
   </div>
   <div class='ocr_carea' id='block_1_12' title="bbox 464 1224 2110 1306">
    <p class='ocr_par' dir='ltr' id='par_1_12' title="bbox 464 1224 2110 1306">
     <span class='ocr_line' id='line_1_12' title="bbox 464 1224 2110 1306; baseline -0.008 -14"><span class='ocrx_word' id='word_1_77' title='bbox 464 1242 556 1293; x_wconf 86' lang='lat' dir='ltr'>est</span> <span class='ocrx_word' id='word_1_78' title='bbox 580 1236 703 1291; x_wconf 81' lang='lat' dir='ltr'><strong>haec</strong></span> <span class='ocrx_word' id='word_1_79' title='bbox 724 1250 960 1306; x_wconf 90' lang='lat' dir='ltr'><strong>quoque</strong></span> <span class='ocrx_word' id='word_1_80' title='bbox 976 1231 1404 1297; x_wconf 89' lang='lat' dir='ltr'><strong>connectenda;</strong></span> <span class='ocrx_word' id='word_1_81' title='bbox 1428 1228 1905 1285; x_wconf 89' lang='lat' dir='ltr'><strong>subaudiendum</strong></span> <span class='ocrx_word' id='word_1_82' title='bbox 1929 1224 2110 1292; x_wconf 89' lang='lat' dir='ltr'><strong>enim,</strong></span> 
     </span>
    </p>
   </div>
   <div class='ocr_carea' id='block_1_13' title="bbox 463 1321 1039 1378">
    <p class='ocr_par' dir='ltr' id='par_1_13' title="bbox 463 1321 1039 1378">
     <span class='ocr_line' id='line_1_13' title="bbox 463 1321 1039 1378; baseline -0.009 1"><span class='ocrx_word' id='word_1_83' title='bbox 463 1323 705 1378; x_wconf 78' lang='lat' dir='ltr'>arbitror</span> <span class='ocrx_word' id='word_1_84' title='bbox 733 1321 1039 1376; x_wconf 74' lang='lat' dir='ltr'>declarare.</span> 
     </span>
    </p>
   </div>
   <div class='ocr_carea' id='block_1_14' title="bbox 537 1406 2112 1476">
    <p class='ocr_par' dir='ltr' id='par_1_14' title="bbox 537 1406 2112 1476">
     <span class='ocr_line' id='line_1_14' title="bbox 537 1406 2112 1476; baseline -0.006 -9"><span class='ocrx_word' id='word_1_85' title='bbox 537 1410 890 1467; x_wconf 66' lang='lat' dir='ltr'><strong>Auimitatz.</strong></span> <span class='ocrx_word' id='word_1_86' title='bbox 948 1408 1113 1473; x_wconf 87' lang='lat' dir='ltr'>Quod</span> <span class='ocrx_word' id='word_1_87' title='bbox 1171 1406 1345 1461; x_wconf 85' lang='lat' dir='ltr'><strong>etiam</strong></span> <span class='ocrx_word' id='word_1_88' title='bbox 1404 1408 1773 1476; x_wconf 89' lang='lat' dir='ltr'><strong>potestatem,</strong></span> <span class='ocrx_word' id='word_1_89' title='bbox 1823 1406 2112 1474; x_wconf 88' lang='lat' dir='ltr'><strong>quantum</strong></span> 
     </span>
    </p>
   </div>
   <div class='ocr_carea' id='block_1_15' title="bbox 462 1489 2113 1572">
    <p class='ocr_par' dir='ltr' id='par_1_15' title="bbox 462 1489 2113 1572">
     <span class='ocr_line' id='line_1_15' title="bbox 462 1489 2113 1572; baseline -0.007 -16"><span class='ocrx_word' id='word_1_90' title='bbox 462 1500 611 1572; x_wconf 87' lang='lat' dir='ltr'><strong>ipsis</strong></span> <span class='ocrx_word' id='word_1_91' title='bbox 640 1499 794 1567; x_wconf 89' lang='lat' dir='ltr'><strong>licet,</strong></span> <span class='ocrx_word' id='word_1_92' title='bbox 829 1496 1236 1569; x_wconf 88' lang='lat' dir='ltr'>sequentibus,</span> <span class='ocrx_word' id='word_1_93' title='bbox 1287 1498 1489 1566; x_wconf 88' lang='lat' dir='ltr'><strong>utpote</strong></span> <span class='ocrx_word' id='word_1_94' title='bbox 1537 1492 1785 1565; x_wconf 83' lang='lat' dir='ltr'>angelis,</span> <span class='ocrx_word' id='word_1_95' title='bbox 1833 1489 2113 1562; x_wconf 88' lang='lat' dir='ltr'><strong>intelligi-</strong></span> 
     </span>
    </p>
   </div>
   <div class='ocr_carea' id='block_1_16' title="bbox 464 1584 1373 1644">
    <p class='ocr_par' dir='ltr' id='par_1_16' title="bbox 464 1584 1373 1644">
     <span class='ocr_line' id='line_1_16' title="bbox 464 1584 1373 1644; baseline -0.008 0"><span class='ocrx_word' id='word_1_96' title='bbox 464 1588 614 1644; x_wconf 90' lang='lat' dir='ltr'><strong>biles</strong></span> <span class='ocrx_word' id='word_1_97' title='bbox 642 1589 891 1643; x_wconf 80' lang='lat' dir='ltr'><strong>virtutes</strong></span> <span class='ocrx_word' id='word_1_98' title='bbox 922 1584 1373 1641; x_wconf 88' lang='lat' dir='ltr'><strong>communicent.</strong></span> 
     </span>
    </p>
   </div>
   <div class='ocr_carea' id='block_1_17' title="bbox 540 1668 2115 1750">
    <p class='ocr_par' dir='ltr' id='par_1_17' title="bbox 540 1668 2115 1750">
     <span class='ocr_line' id='line_1_17' title="bbox 540 1668 2115 1750; baseline -0.006 -17"><span class='ocrx_word' id='word_1_99' title='bbox 540 1679 823 1750; x_wconf 70' lang='lat' dir='ltr'><strong>Expiatur</strong></span> <span class='ocrx_word' id='word_1_100' title='bbox 849 1677 1021 1731; x_wconf 83' lang='lat' dir='ltr'><strong>enim.</strong></span> <span class='ocrx_word' id='word_1_101' title='bbox 1055 1673 1356 1740; x_wconf 88' lang='lat' dir='ltr'><strong>Quomodo</strong></span> <span class='ocrx_word' id='word_1_102' title='bbox 1388 1674 1445 1727; x_wconf 88' lang='lat' dir='ltr'>et</span> <span class='ocrx_word' id='word_1_103' title='bbox 1473 1687 1575 1743; x_wconf 89' lang='lat' dir='ltr'>per</span> <span class='ocrx_word' id='word_1_104' title='bbox 1604 1668 1745 1741; x_wconf 91' lang='lat' dir='ltr'><strong>quid</strong></span> <span class='ocrx_word' id='word_1_105' title='bbox 1788 1685 2115 1742; x_wconf 86' lang='lat' dir='ltr'><strong>expurgen-</strong></span> 
     </span>
    </p>
   </div>
   <div class='ocr_carea' id='block_1_18' title="bbox 465 1758 2113 1835">
    <p class='ocr_par' dir='ltr' id='par_1_18' title="bbox 465 1758 2113 1835">
     <span class='ocr_line' id='line_1_18' title="bbox 465 1758 2113 1835; baseline -0.006 -13"><span class='ocrx_word' id='word_1_106' title='bbox 465 1772 564 1822; x_wconf 90' lang='lat' dir='ltr'>tur</span> <span class='ocrx_word' id='word_1_107' title='bbox 592 1772 650 1822; x_wconf 91' lang='lat' dir='ltr'>et</span> <span class='ocrx_word' id='word_1_108' title='bbox 678 1765 1069 1835; x_wconf 89' lang='lat' dir='ltr'><strong>illustrentur,</strong></span> <span class='ocrx_word' id='word_1_109' title='bbox 1099 1767 1274 1833; x_wconf 90' lang='lat' dir='ltr'><strong>atque</strong></span> <span class='ocrx_word' id='word_1_110' title='bbox 1305 1760 1687 1833; x_wconf 80' lang='lat' dir='ltr'><strong>perficiantur</strong></span> <span class='ocrx_word' id='word_1_111' title='bbox 1728 1758 1904 1814; x_wconf 88' lang='lat' dir='ltr'><strong>medii</strong></span> <span class='ocrx_word' id='word_1_112' title='bbox 1954 1758 2113 1813; x_wconf 89' lang='lat' dir='ltr'><strong>ordi-</strong></span> 
     </span>
    </p>
   </div>
   <div class='ocr_carea' id='block_1_19' title="bbox 2214 777 3877 856">
    <p class='ocr_par' dir='ltr' id='par_1_19' title="bbox 2214 777 3877 856">
     <span class='ocr_line' id='line_1_19' title="bbox 2214 777 3877 856; baseline 0.005 -24"><span class='ocrx_word' id='word_1_113' title='bbox 2214 798 2447 854; x_wconf 89' lang='grc' dir='ltr'>γραπται</span> <span class='ocrx_word' id='word_1_114' title='bbox 2499 777 2737 854; x_wconf 79' lang='grc' dir='ltr'>ἅγγελος</span> <span class='ocrx_word' id='word_1_115' title='bbox 2786 778 3077 854; x_wconf 82' lang='grc' dir='ltr'>ένισχύων,</span> <span class='ocrx_word' id='word_1_116' title='bbox 3125 779 3216 834; x_wconf 82' lang='grc' dir='ltr'>καὶ</span> <span class='ocrx_word' id='word_1_117' title='bbox 3263 777 3471 845; x_wconf 78' lang='grc' dir='ltr'>ἄλλους</span> <span class='ocrx_word' id='word_1_118' title='bbox 3505 801 3517 813; x_wconf 92' lang='grc'><strong>·</strong></span> <span class='ocrx_word' id='word_1_119' title='bbox 3569 784 3660 839; x_wconf 88' lang='grc' dir='ltr'>καὶ</span> <span class='ocrx_word' id='word_1_120' title='bbox 3710 786 3774 840; x_wconf 85' lang='grc' dir='ltr'>τὸ</span> <span class='ocrx_word' id='word_1_121' title='bbox 3808 782 3877 856; x_wconf 81' lang='grc' dir='ltr'>δὴ</span> 
     </span>
    </p>
   </div>
   <div class='ocr_carea' id='block_1_20' title="bbox 2216 866 3875 945">
    <p class='ocr_par' dir='ltr' id='par_1_20' title="bbox 2216 866 3875 945">
     <span class='ocr_line' id='line_1_20' title="bbox 2216 866 3875 945; baseline 0.005 -24"><span class='ocrx_word' id='word_1_122' title='bbox 2216 866 2429 921; x_wconf 83' lang='grc' dir='ltr'>πάντων</span> <span class='ocrx_word' id='word_1_123' title='bbox 2465 872 2669 940; x_wconf 80' lang='grc' dir='ltr'>μεῖζον,</span> <span class='ocrx_word' id='word_1_124' title='bbox 2719 868 2811 922; x_wconf 85' lang='grc' dir='ltr'>καὶ</span> <span class='ocrx_word' id='word_1_125' title='bbox 2855 868 3018 923; x_wconf 80' lang='grc' dir='ltr'>αὐτὸν</span> <span class='ocrx_word' id='word_1_126' title='bbox 3066 868 3157 923; x_wconf 86' lang='grc' dir='ltr'>τὸν</span> <span class='ocrx_word' id='word_1_127' title='bbox 3206 867 3406 945; x_wconf 80' lang='grc' dir='ltr'>Κύριον</span> <span class='ocrx_word' id='word_1_128' title='bbox 3458 872 3621 944; x_wconf 83' lang='grc' dir='ltr'>ἡμῶν</span> <span class='ocrx_word' id='word_1_129' title='bbox 3667 874 3875 944; x_wconf 82' lang='grc' dir='ltr'>Ἰησοῦν</span> 
     </span>
    </p>
   </div>
   <div class='ocr_carea' id='block_1_21' title="bbox 2218 954 3877 1034">
    <p class='ocr_par' dir='ltr' id='par_1_21' title="bbox 2218 954 3877 1034">
     <span class='ocr_line' id='line_1_21' title="bbox 2218 954 3877 1034; baseline 0.005 -23"><span class='ocrx_word' id='word_1_130' title='bbox 2218 956 2472 1031; x_wconf 83' lang='grc' dir='ltr'>Χριστὸν,</span> <span class='ocrx_word' id='word_1_131' title='bbox 2507 957 2598 1011; x_wconf 81' lang='grc' dir='ltr'>ἅτε</span> <span class='ocrx_word' id='word_1_132' title='bbox 2638 957 2730 1011; x_wconf 84' lang='grc' dir='ltr'>καὶ</span> <span class='ocrx_word' id='word_1_133' title='bbox 2780 954 3089 1034; x_wconf 75' lang='grc' dir='ltr'>ἄνθρωπον,</span> <span class='ocrx_word' id='word_1_134' title='bbox 3142 958 3217 1019; x_wconf 86' lang='grc' dir='ltr'>ὡς</span> <span class='ocrx_word' id='word_1_135' title='bbox 3266 957 3319 1012; x_wconf 89' lang='grc' dir='ltr'>έν</span> <span class='ocrx_word' id='word_1_136' title='bbox 3366 963 3448 1033; x_wconf 78' lang='grc' dir='ltr'>τῷ</span> <span class='ocrx_word' id='word_1_137' title='bbox 3493 960 3629 1017; x_wconf 76' lang='grc' dir='ltr'>κατὰ</span> <span class='ocrx_word' id='word_1_138' title='bbox 3664 968 3877 1019; x_wconf 86' lang='grc' dir='ltr'>Λουκᾶν</span> 
     </span>
    </p>
   </div>
   <div class='ocr_carea' id='block_1_22' title="bbox 2218 1042 2764 1122">
    <p class='ocr_par' dir='ltr' id='par_1_22' title="bbox 2218 1042 2764 1122">
     <span class='ocr_line' id='line_1_22' title="bbox 2218 1042 2764 1122; baseline 0 -20"><span class='ocrx_word' id='word_1_139' title='bbox 2218 1042 2465 1122; x_wconf 74' lang='grc' dir='ltr'>Εὖαγγελ</span> <span class='ocrx_word' id='word_1_140' title='bbox 2476 1046 2539 1118; x_wconf 87' lang='grc' dir='ltr'>ίῳ</span> <span class='ocrx_word' id='word_1_141' title='bbox 2567 1051 2764 1103; x_wconf 82' lang='grc' dir='ltr'>κεῖται.</span> 
     </span>
    </p>
   </div>
   <div class='ocr_carea' id='block_1_23' title="bbox 2291 1134 3879 1215">
    <p class='ocr_par' dir='ltr' id='par_1_23' title="bbox 2291 1134 3879 1215">
     <span class='ocr_line' id='line_1_23' title="bbox 2291 1134 3879 1215; baseline 0.004 -23"><span class='ocrx_word' id='word_1_142' title='bbox 2291 1134 2573 1205; x_wconf 79' lang='grc' dir='ltr'>Εὐταξίαν.</span> <span class='ocrx_word' id='word_1_143' title='bbox 2638 1135 2781 1210; x_wconf 85' lang='grc' dir='ltr'>Πρὸς</span> <span class='ocrx_word' id='word_1_144' title='bbox 2856 1140 2935 1209; x_wconf 83' lang='grc' dir='ltr'>τῷ</span> <span class='ocrx_word' id='word_1_145' title='bbox 3013 1136 3295 1211; x_wconf 85' lang='grc' dir='ltr'>ἆνωτέρως</span> <span class='ocrx_word' id='word_1_146' title='bbox 3370 1140 3416 1175; x_wconf 71' lang='grc'><strong>⁵⁸</strong></span> <span class='ocrx_word' id='word_1_147' title='bbox 3492 1139 3730 1215; x_wconf 78' lang='grc' dir='ltr'>κειμένῲ</span> <span class='ocrx_word' id='word_1_148' title='bbox 3785 1143 3879 1198; x_wconf 80' lang='grc' dir='ltr'>καὶ</span> 
     </span>
    </p>
   </div>
   <div class='ocr_carea' id='block_1_24' title="bbox 2217 1224 3879 1305">
    <p class='ocr_par' dir='ltr' id='par_1_24' title="bbox 2217 1224 3879 1305">
     <span class='ocr_line' id='line_1_24' title="bbox 2217 1224 3879 1305; baseline 0.006 -27"><span class='ocrx_word' id='word_1_149' title='bbox 2217 1228 2386 1279; x_wconf 88' lang='grc' dir='ltr'>ταῦτα</span> <span class='ocrx_word' id='word_1_150' title='bbox 2444 1224 2785 1281; x_wconf 86' lang='grc' dir='ltr'>συντακτέον·</span> <span class='ocrx_word' id='word_1_151' title='bbox 2846 1225 2984 1281; x_wconf 82' lang='grc' dir='ltr'>κατὰ</span> <span class='ocrx_word' id='word_1_152' title='bbox 3039 1230 3223 1281; x_wconf 87' lang='grc' dir='ltr'>κοινοῦ</span> <span class='ocrx_word' id='word_1_153' title='bbox 3281 1226 3386 1303; x_wconf 82' lang='grc' dir='ltr'>γὰρ</span> <span class='ocrx_word' id='word_1_154' title='bbox 3440 1229 3504 1283; x_wconf 83' lang='grc' dir='ltr'>τὸ</span> <span class='ocrx_word' id='word_1_155' title='bbox 3563 1232 3720 1305; x_wconf 81' lang='grc' dir='ltr'>οἶμαι</span> <span class='ocrx_word' id='word_1_156' title='bbox 3778 1229 3879 1303; x_wconf 86' lang='grc' dir='ltr'>δη-</span> 
     </span>
    </p>
   </div>
   <div class='ocr_carea' id='block_1_25' title="bbox 2223 1311 2380 1369">
    <p class='ocr_par' dir='ltr' id='par_1_25' title="bbox 2223 1311 2380 1369">
     <span class='ocr_line' id='line_1_25' title="bbox 2223 1311 2380 1369; baseline 0.013 -2"><span class='ocrx_word' id='word_1_157' title='bbox 2223 1311 2380 1369; x_wconf 88' lang='grc' dir='ltr'>λοῦν.</span> 
     </span>
    </p>
   </div>
   <div class='ocr_carea' id='block_1_26' title="bbox 2293 1404 3886 1481">
    <p class='ocr_par' dir='ltr' id='par_1_26' title="bbox 2293 1404 3886 1481">
     <span class='ocr_line' id='line_1_26' title="bbox 2293 1404 3886 1481; baseline -0.003 -21"><span class='ocrx_word' id='word_1_158' title='bbox 2293 1404 2775 1481; x_wconf 80' lang='grc' dir='ltr'>Ἀφομοιωμένης.</span> <span class='ocrx_word' id='word_1_159' title='bbox 2826 1406 2950 1463; x_wconf 78' lang='grc' dir='ltr'>’Ὁτι</span> <span class='ocrx_word' id='word_1_160' title='bbox 3003 1406 3091 1460; x_wconf 85' lang='grc' dir='ltr'>καὶ</span> <span class='ocrx_word' id='word_1_161' title='bbox 3151 1411 3254 1475; x_wconf 88' lang='grc' dir='ltr'>τῆς</span> <span class='ocrx_word' id='word_1_162' title='bbox 3312 1405 3552 1477; x_wconf 77' lang='grc' dir='ltr'>ἐξουσίας</span> <span class='ocrx_word' id='word_1_163' title='bbox 3610 1406 3734 1466; x_wconf 76' lang='grc' dir='ltr'>ὅσον</span> <span class='ocrx_word' id='word_1_164' title='bbox 3790 1411 3886 1467; x_wconf 82' lang='grc' dir='ltr'>αὖ.</span> 
     </span>
    </p>
   </div>
   <div class='ocr_carea' id='block_1_27' title="bbox 2218 1492 3881 1575">
    <p class='ocr_par' dir='ltr' id='par_1_27' title="bbox 2218 1492 3881 1575">
     <span class='ocr_line' id='line_1_27' title="bbox 2218 1492 3881 1575; baseline 0.005 -28"><span class='ocrx_word' id='word_1_165' title='bbox 2218 1496 2338 1554; x_wconf 85' lang='grc' dir='ltr'>ταῖς</span> <span class='ocrx_word' id='word_1_166' title='bbox 2370 1492 2613 1566; x_wconf 85' lang='grc' dir='ltr'>θεμιτὸν,</span> <span class='ocrx_word' id='word_1_167' title='bbox 2643 1493 2719 1557; x_wconf 85' lang='grc' dir='ltr'>ὠς</span> <span class='ocrx_word' id='word_1_168' title='bbox 2750 1492 3006 1570; x_wconf 73' lang='grc' dir='ltr'>ἀγγέλοις</span> <span class='ocrx_word' id='word_1_169' title='bbox 3061 1494 3234 1564; x_wconf 77' lang='grc' dir='ltr'>οὖσιν,</span> <span class='ocrx_word' id='word_1_170' title='bbox 3286 1497 3340 1550; x_wconf 72' lang='grc' dir='ltr'>αἱ</span> <span class='ocrx_word' id='word_1_171' title='bbox 3389 1499 3578 1568; x_wconf 85' lang='grc' dir='ltr'>νοηταὶ</span> <span class='ocrx_word' id='word_1_172' title='bbox 3624 1496 3881 1575; x_wconf 84' lang='grc' dir='ltr'>δυνάμεις</span> 
     </span>
    </p>
   </div>
   <div class='ocr_carea' id='block_1_28' title="bbox 2220 1581 3123 1657">
    <p class='ocr_par' dir='ltr' id='par_1_28' title="bbox 2220 1581 3123 1657">
     <span class='ocr_line' id='line_1_28' title="bbox 2220 1581 3123 1657; baseline 0.006 -22"><span class='ocrx_word' id='word_1_173' title='bbox 2220 1585 2337 1643; x_wconf 90' lang='grc' dir='ltr'>τοῖς</span> <span class='ocrx_word' id='word_1_174' title='bbox 2373 1582 2489 1653; x_wconf 84' lang='grc' dir='ltr'>μετ’</span> <span class='ocrx_word' id='word_1_175' title='bbox 2520 1581 2716 1645; x_wconf 78' lang='grc' dir='ltr'>αὐτοὺς</span> <span class='ocrx_word' id='word_1_176' title='bbox 2749 1582 3123 1657; x_wconf 86' lang='grc' dir='ltr'>μεταδιδόασι.</span> 
     </span>
    </p>
   </div>
   <div class='ocr_carea' id='block_1_29' title="bbox 2296 1669 3880 1755">
    <p class='ocr_par' dir='ltr' id='par_1_29' title="bbox 2296 1669 3880 1755">
     <span class='ocr_line' id='line_1_29' title="bbox 2296 1669 3880 1755; baseline 0.007 -31"><span class='ocrx_word' id='word_1_177' title='bbox 2296 1669 2613 1745; x_wconf 82' lang='grc' dir='ltr'>Καθαίρεται</span> <span class='ocrx_word' id='word_1_178' title='bbox 2671 1671 2793 1747; x_wconf 88' lang='grc' dir='ltr'>γάρ.</span> <span class='ocrx_word' id='word_1_179' title='bbox 2856 1674 2980 1735; x_wconf 83' lang='grc' dir='ltr'>Πῶς</span> <span class='ocrx_word' id='word_1_180' title='bbox 3038 1672 3126 1728; x_wconf 87' lang='grc' dir='ltr'>καὶ</span> <span class='ocrx_word' id='word_1_181' title='bbox 3181 1670 3271 1728; x_wconf 75' lang='grc' dir='ltr'>διὰ</span> <span class='ocrx_word' id='word_1_182' title='bbox 3315 1674 3464 1738; x_wconf 89' lang='grc' dir='ltr'>τίνος</span> <span class='ocrx_word' id='word_1_183' title='bbox 3509 1678 3880 1755; x_wconf 73' lang='grc' dir='ltr'>καθαίρονται,</span> 
     </span>
    </p>
   </div>
   <div class='ocr_carea' id='block_1_30' title="bbox 2224 1759 3879 1838">
    <p class='ocr_par' dir='ltr' id='par_1_30' title="bbox 2224 1759 3879 1838">
     <span class='ocr_line' id='line_1_30' title="bbox 2224 1759 3879 1838; baseline 0.006 -25"><span class='ocrx_word' id='word_1_184' title='bbox 2224 1760 2311 1813; x_wconf 85' lang='grc' dir='ltr'>καὶ</span> <span class='ocrx_word' id='word_1_185' title='bbox 2345 1759 2694 1837; x_wconf 81' lang='grc' dir='ltr'>φωτίζονται,</span> <span class='ocrx_word' id='word_1_186' title='bbox 2726 1760 2817 1815; x_wconf 64' lang='grc' dir='ltr'>καί</span> <span class='ocrx_word' id='word_1_187' title='bbox 2867 1761 3371 1838; x_wconf 83' lang='grc' dir='ltr'>τελεσιουργοῦνται</span> <span class='ocrx_word' id='word_1_188' title='bbox 3404 1765 3458 1819; x_wconf 76' lang='grc' dir='ltr'>αἱ</span> <span class='ocrx_word' id='word_1_189' title='bbox 3492 1764 3647 1838; x_wconf 71' lang='grc' dir='ltr'>μέσαι</span> <span class='ocrx_word' id='word_1_190' title='bbox 3679 1767 3879 1838; x_wconf 75' lang='grc' dir='ltr'>τάξειςο</span> 
     </span>
    </p>
   </div>
   <div class='ocr_carea' id='block_1_31' title="bbox 470 1847 2116 1953">
    <p class='ocr_par' dir='ltr' id='par_1_31' title="bbox 470 1847 2114 1926">
     <span class='ocr_line' id='line_1_31' title="bbox 470 1847 2114 1926; baseline -0.006 -14"><span class='ocrx_word' id='word_1_191' title='bbox 470 1873 575 1912; x_wconf 88' lang='lat' dir='ltr'>nes</span> <span class='ocrx_word' id='word_1_192' title='bbox 600 1873 613 1911; x_wconf 94' lang='lat'>:</span> <span class='ocrx_word' id='word_1_193' title='bbox 647 1862 705 1912; x_wconf 89' lang='lat' dir='ltr'>et</span> <span class='ocrx_word' id='word_1_194' title='bbox 734 1855 888 1926; x_wconf 90' lang='lat' dir='ltr'><strong>quod</strong></span> <span class='ocrx_word' id='word_1_195' title='bbox 920 1853 1225 1924; x_wconf 88' lang='lat' dir='ltr'><strong>Scriptura</strong></span> <span class='ocrx_word' id='word_1_196' title='bbox 1253 1850 1449 1917; x_wconf 88' lang='lat' dir='ltr'><strong>habet,</strong></span> <span class='ocrx_word' id='word_1_197' title='bbox 1474 1849 1625 1919; x_wconf 91' lang='lat' dir='ltr'><strong>quod</strong></span> <span class='ocrx_word' id='word_1_198' title='bbox 1660 1847 1812 1904; x_wconf 91' lang='lat' dir='ltr'><strong>alius</strong></span> <span class='ocrx_word' id='word_1_199' title='bbox 1842 1848 1912 1902; x_wconf 91' lang='lat' dir='ltr'>ad</span> <span class='ocrx_word' id='word_1_200' title='bbox 1931 1847 2114 1903; x_wconf 93' lang='lat' dir='ltr'><strong>alium</strong></span> 
     </span>
    </p>
   </div>
   <div class='ocr_carea' id='block_1_32' title="bbox 2261 1847 3883 1953">
    <p class='ocr_par' dir='ltr' id='par_1_32' title="bbox 2261 1847 3883 1953">
     <span class='ocr_line' id='line_1_32' title="bbox 2261 1847 3883 1953; baseline 0.007 -51"><span class='ocrx_word' id='word_1_201' title='bbox 2261 1847 2423 1953; x_wconf 49' lang='lat' dir='ltr'><strong>ai‘b&#39;ti</strong></span> <span class='ocrx_word' id='word_1_202' title='bbox 2452 1848 3011 1953; x_wconf 46' lang='lat' dir='ltr'>’ngt‘ill‘PatPI&#39;r‘),oti)‘c</span> <span class='ocrx_word' id='word_1_203' title='bbox 3064 1849 3235 1916; x_wconf 76' lang='grc' dir='ltr'>ἄλλος</span> <span class='ocrx_word' id='word_1_204' title='bbox 3282 1850 3441 1927; x_wconf 73' lang='grc' dir='ltr'>ἄλλῳ</span> <span class='ocrx_word' id='word_1_205' title='bbox 3482 1853 3715 1930; x_wconf 76' lang='grc' dir='ltr'>ἅγγελος</span> <span class='ocrx_word' id='word_1_206' title='bbox 3763 1855 3883 1913; x_wconf 86' lang='grc' dir='ltr'>δια-</span> 
     </span>
    </p>
   </div>
   <div class='ocr_carea' id='block_1_33' title="bbox 471 1938 1456 2013">
    <p class='ocr_par' dir='ltr' id='par_1_33' title="bbox 471 1938 1456 2013">
     <span class='ocr_line' id='line_1_33' title="bbox 471 1938 1456 2013; baseline -0.01 -11"><span class='ocrx_word' id='word_1_207' title='bbox 471 1943 715 2013; x_wconf 73' lang='lat' dir='ltr'><strong>angelus</strong></span> <span class='ocrx_word' id='word_1_208' title='bbox 746 1942 1003 2013; x_wconf 85' lang='lat' dir='ltr'><strong>trajiciat</strong></span> <span class='ocrx_word' id='word_1_209' title='bbox 1036 1940 1235 1996; x_wconf 90' lang='lat' dir='ltr'><strong>divina</strong></span> <span class='ocrx_word' id='word_1_210' title='bbox 1266 1938 1456 2011; x_wconf 87' lang='lat' dir='ltr'><strong>signa.</strong></span> 
     </span>
    </p>
   </div>
   <div class='ocr_carea' id='block_1_34' title="bbox 542 2025 2118 2105">
    <p class='ocr_par' dir='ltr' id='par_1_34' title="bbox 542 2025 2118 2105">
     <span class='ocr_line' id='line_1_34' title="bbox 542 2025 2118 2105; baseline -0.006 -16"><span class='ocrx_word' id='word_1_211' title='bbox 542 2036 609 2089; x_wconf 88' lang='lat' dir='ltr'>Et</span> <span class='ocrx_word' id='word_1_212' title='bbox 635 2049 733 2105; x_wconf 89' lang='lat' dir='ltr'>per</span> <span class='ocrx_word' id='word_1_213' title='bbox 760 2031 1025 2087; x_wconf 85' lang='lat' dir='ltr'><strong>medium.</strong></span> <span class='ocrx_word' id='word_1_214' title='bbox 1060 2028 1449 2085; x_wconf 87' lang='lat' dir='ltr'><strong>Perfectiones</strong></span> <span class='ocrx_word' id='word_1_215' title='bbox 1481 2044 1585 2100; x_wconf 90' lang='lat' dir='ltr'>per</span> <span class='ocrx_word' id='word_1_216' title='bbox 1628 2025 1854 2082; x_wconf 90' lang='lat' dir='ltr'><strong>medios</strong></span> <span class='ocrx_word' id='word_1_217' title='bbox 1901 2025 2118 2081; x_wconf 84' lang='lat' dir='ltr'><strong>obscu-</strong></span> 
     </span>
    </p>
   </div>
   <div class='ocr_carea' id='block_1_35' title="bbox 470 2114 2115 2189">
    <p class='ocr_par' dir='ltr' id='par_1_35' title="bbox 470 2114 2115 2189">
     <span class='ocr_line' id='line_1_35' title="bbox 470 2114 2115 2189; baseline -0.007 -10"><span class='ocrx_word' id='word_1_218' title='bbox 470 2123 657 2179; x_wconf 91' lang='lat' dir='ltr'><strong>riores</strong></span> <span class='ocrx_word' id='word_1_219' title='bbox 687 2137 815 2177; x_wconf 87' lang='lat' dir='ltr'><strong>esse</strong></span> <span class='ocrx_word' id='word_1_220' title='bbox 847 2120 939 2189; x_wconf 87' lang='lat' dir='ltr'><strong>iis,</strong></span> <span class='ocrx_word' id='word_1_221' title='bbox 973 2135 1100 2182; x_wconf 79' lang='lat' dir='ltr'><strong>quas</strong></span> <span class='ocrx_word' id='word_1_222' title='bbox 1164 2117 1354 2189; x_wconf 91' lang='lat' dir='ltr'><strong>primo</strong></span> <span class='ocrx_word' id='word_1_223' title='bbox 1402 2119 1753 2189; x_wconf 86' lang='lat' dir='ltr'><strong>apparenter</strong></span> <span class='ocrx_word' id='word_1_224' title='bbox 1783 2132 1814 2171; x_wconf 88' lang='lat' dir='ltr'>a</span> <span class='ocrx_word' id='word_1_225' title='bbox 1849 2117 1960 2171; x_wconf 91' lang='lat' dir='ltr'><strong>Deo</strong></span> <span class='ocrx_word' id='word_1_226' title='bbox 1989 2114 2115 2170; x_wconf 81' lang='lat' dir='ltr'>efﬁ-</span> 
     </span>
    </p>
   </div>
   <div class='ocr_carea' id='block_1_36' title="bbox 471 2209 1332 2283">
    <p class='ocr_par' dir='ltr' id='par_1_36' title="bbox 471 2209 1332 2283">
     <span class='ocr_line' id='line_1_36' title="bbox 471 2209 1332 2283; baseline -0.007 -15"><span class='ocrx_word' id='word_1_227' title='bbox 471 2212 748 2280; x_wconf 87' lang='lat' dir='ltr'><strong>ciuntur;</strong></span> <span class='ocrx_word' id='word_1_228' title='bbox 783 2228 910 2283; x_wconf 70' lang='lat' dir='ltr'><strong>quae</strong></span> <span class='ocrx_word' id='word_1_229' title='bbox 940 2214 1079 2267; x_wconf 90' lang='lat' dir='ltr'><strong>sunt</strong></span> <span class='ocrx_word' id='word_1_230' title='bbox 1108 2209 1332 2281; x_wconf 67' lang='lat' dir='ltr'><strong>primae.</strong></span> 
     </span>
    </p>
   </div>
   <div class='ocr_carea' id='block_1_37' title="bbox 542 2293 2117 2373">
    <p class='ocr_par' dir='ltr' id='par_1_37' title="bbox 542 2293 2117 2373">
     <span class='ocr_line' id='line_1_37' title="bbox 542 2293 2117 2373; baseline -0.005 -16"><span class='ocrx_word' id='word_1_231' title='bbox 542 2303 672 2371; x_wconf 71' lang='lat' dir='ltr'><strong>Quae</strong></span> <span class='ocrx_word' id='word_1_232' title='bbox 697 2316 800 2373; x_wconf 84' lang='lat' dir='ltr'>per</span> <span class='ocrx_word' id='word_1_233' title='bbox 827 2299 1012 2355; x_wconf 81' lang='lat' dir='ltr'><strong>alium</strong></span> <span class='ocrx_word' id='word_1_234' title='bbox 1032 2297 1263 2354; x_wconf 81' lang='lat' dir='ltr'><strong>dicitur.</strong></span> <span class='ocrx_word' id='word_1_235' title='bbox 1290 2296 1630 2353; x_wconf 90' lang='lat' dir='ltr'><strong>Secundum</strong></span> <span class='ocrx_word' id='word_1_236' title='bbox 1664 2311 1732 2351; x_wconf 89' lang='lat' dir='ltr'>ea</span> <span class='ocrx_word' id='word_1_237' title='bbox 1763 2311 1891 2367; x_wconf 81' lang='lat' dir='ltr'><strong>quae</strong></span> <span class='ocrx_word' id='word_1_238' title='bbox 1918 2293 1976 2348; x_wconf 91' lang='lat' dir='ltr'>in</span> <span class='ocrx_word' id='word_1_239' title='bbox 2010 2295 2117 2349; x_wconf 87' lang='lat' dir='ltr'>Za-</span> 
     </span>
    </p>
   </div>
   <div class='ocr_carea' id='block_1_38' title="bbox 469 2383 2115 2461">
    <p class='ocr_par' dir='ltr' id='par_1_38' title="bbox 469 2383 2115 2461">
     <span class='ocr_line' id='line_1_38' title="bbox 469 2383 2115 2461; baseline -0.005 -15"><span class='ocrx_word' id='word_1_240' title='bbox 469 2390 689 2461; x_wconf 89' lang='lat' dir='ltr'><strong>charia,</strong></span> <span class='ocrx_word' id='word_1_241' title='bbox 723 2393 780 2445; x_wconf 91' lang='lat' dir='ltr'>et</span> <span class='ocrx_word' id='word_1_242' title='bbox 800 2387 1053 2457; x_wconf 90' lang='lat' dir='ltr'><strong>Daniele,</strong></span> <span class='ocrx_word' id='word_1_243' title='bbox 1077 2390 1136 2442; x_wconf 88' lang='lat' dir='ltr'>et</span> <span class='ocrx_word' id='word_1_244' title='bbox 1154 2384 1452 2441; x_wconf 87' lang='lat' dir='ltr'><strong>Ezechiele</strong></span> <span class='ocrx_word' id='word_1_245' title='bbox 1475 2400 1579 2457; x_wconf 92' lang='lat' dir='ltr'>pro</span> <span class='ocrx_word' id='word_1_246' title='bbox 1587 2383 1782 2456; x_wconf 89' lang='lat' dir='ltr'><strong>phetis</strong></span> <span class='ocrx_word' id='word_1_247' title='bbox 1802 2383 2115 2439; x_wconf 85' lang='lat' dir='ltr'><strong>habentur.</strong></span> 
     </span>
    </p>
   </div>
   <div class='ocr_carea' id='block_1_39' title="bbox 545 2558 2121 2638">
    <p class='ocr_par' dir='ltr' id='par_1_39' title="bbox 545 2558 2121 2638">
     <span class='ocr_line' id='line_1_39' title="bbox 545 2558 2121 2638; baseline -0.016 -10"><span class='ocrx_word' id='word_1_248' title='bbox 545 2570 821 2638; x_wconf 58' lang='lat' dir='ltr'><strong>Obscura,</strong></span> <span class='ocrx_word' id='word_1_249' title='bbox 855 2568 952 2624; x_wconf 88' lang='lat' dir='ltr'><strong>Gr.</strong></span> <span class='ocrx_word' id='word_1_250' title='bbox 1014 2560 1433 2637; x_wconf 83' lang='grc' dir='ltr'>ἀμυδρουμένης</span> <span class='ocrx_word' id='word_1_251' title='bbox 1477 2558 1930 2637; x_wconf 81' lang='grc' dir='ltr'>Ἀμυδρουμένης</span> <span class='ocrx_word' id='word_1_252' title='bbox 1980 2561 2121 2616; x_wconf 69' lang='lat' dir='ltr'><strong>obs-</strong></span> 
     </span>
    </p>
   </div>
   <div class='ocr_carea' id='block_1_40' title="bbox 474 2650 2119 2727">
    <p class='ocr_par' dir='ltr' id='par_1_40' title="bbox 474 2650 2119 2727">
     <span class='ocr_line' id='line_1_40' title="bbox 474 2650 2119 2727; baseline -0.007 -11"><span class='ocrx_word' id='word_1_253' title='bbox 474 2676 626 2716; x_wconf 78' lang='lat' dir='ltr'><strong>curae</strong></span> <span class='ocrx_word' id='word_1_254' title='bbox 658 2657 826 2726; x_wconf 86' lang='lat' dir='ltr'><strong>dixit,</strong></span> <span class='ocrx_word' id='word_1_255' title='bbox 856 2673 972 2712; x_wconf 87' lang='lat' dir='ltr'>non</span> <span class='ocrx_word' id='word_1_256' title='bbox 1005 2658 1245 2727; x_wconf 89' lang='lat' dir='ltr'><strong>propter</strong></span> <span class='ocrx_word' id='word_1_257' title='bbox 1266 2652 1566 2726; x_wconf 90' lang='lat' dir='ltr'><strong>propriam</strong></span> <span class='ocrx_word' id='word_1_258' title='bbox 1593 2654 1724 2723; x_wconf 85' lang='lat' dir='ltr'><strong>ejus</strong></span> <span class='ocrx_word' id='word_1_259' title='bbox 1754 2650 2119 2717; x_wconf 87' lang='lat' dir='ltr'><strong>relationem,</strong></span> 
     </span>
    </p>
   </div>
   <div class='ocr_carea' id='block_1_41' title="bbox 475 2739 2122 2819">
    <p class='ocr_par' dir='ltr' id='par_1_41' title="bbox 475 2739 2122 2819">
     <span class='ocr_line' id='line_1_41' title="bbox 475 2739 2122 2819; baseline -0.007 -14"><span class='ocrx_word' id='word_1_260' title='bbox 475 2750 577 2806; x_wconf 87' lang='lat' dir='ltr'><strong>sed</strong></span> <span class='ocrx_word' id='word_1_261' title='bbox 610 2752 847 2819; x_wconf 91' lang='lat' dir='ltr'><strong>propter</strong></span> <span class='ocrx_word' id='word_1_262' title='bbox 876 2743 1272 2800; x_wconf 88' lang='lat' dir='ltr'><strong>humilitatem</strong></span> <span class='ocrx_word' id='word_1_263' title='bbox 1308 2740 1756 2813; x_wconf 86' lang='lat' dir='ltr'><strong>recipientium;</strong></span> <span class='ocrx_word' id='word_1_264' title='bbox 1806 2739 1914 2794; x_wconf 92' lang='lat' dir='ltr'>hoc</span> <span class='ocrx_word' id='word_1_265' title='bbox 1963 2739 2122 2794; x_wconf 91' lang='lat' dir='ltr'><strong>enim</strong></span> 
     </span>
    </p>
   </div>
   <div class='ocr_carea' id='block_1_42' title="bbox 476 2827 2124 2909">
    <p class='ocr_par' dir='ltr' id='par_1_42' title="bbox 476 2827 2124 2909">
     <span class='ocr_line' id='line_1_42' title="bbox 476 2827 2124 2909; baseline -0.005 -17"><span class='ocrx_word' id='word_1_266' title='bbox 476 2836 774 2909; x_wconf 79' lang='lat' dir='ltr'><strong>signiﬁcat</strong></span> <span class='ocrx_word' id='word_1_267' title='bbox 804 2833 1048 2889; x_wconf 90' lang='lat' dir='ltr'><strong>dicendo</strong></span> <span class='ocrx_word' id='word_1_268' title='bbox 1080 2827 1401 2903; x_wconf 81' lang='grc' dir='ltr'>δευτέρωσιν</span> <span class='ocrx_word' id='word_1_269' title='bbox 1435 2828 1834 2901; x_wconf 86' lang='lat' dir='ltr'><strong>perfectionis,</strong></span> <span class='ocrx_word' id='word_1_270' title='bbox 1867 2827 1975 2883; x_wconf 87' lang='lat' dir='ltr'>hoc</span> <span class='ocrx_word' id='word_1_271' title='bbox 2034 2832 2124 2883; x_wconf 91' lang='lat' dir='ltr'>est</span> 
     </span>
    </p>
   </div>
   <div class='ocr_carea' id='block_1_43' title="bbox 477 2921 1325 2994">
    <p class='ocr_par' dir='ltr' id='par_1_43' title="bbox 477 2921 1325 2994">
     <span class='ocr_line' id='line_1_43' title="bbox 477 2921 1325 2994; baseline -0.008 -13"><span class='ocrx_word' id='word_1_272' title='bbox 477 2924 783 2982; x_wconf 90' lang='lat' dir='ltr'><strong>obscurius</strong></span> <span class='ocrx_word' id='word_1_273' title='bbox 815 2921 1017 2994; x_wconf 83' lang='lat' dir='ltr'><strong>perﬁci</strong></span> <span class='ocrx_word' id='word_1_274' title='bbox 1046 2921 1325 2976; x_wconf 86' lang='lat' dir='ltr'><strong>secunda.</strong></span> 
     </span>
    </p>
   </div>
   <div class='ocr_carea' id='block_1_44' title="bbox 547 3006 2123 3082">
    <p class='ocr_par' dir='ltr' id='par_1_44' title="bbox 547 3006 2123 3082">
     <span class='ocr_line' id='line_1_44' title="bbox 547 3006 2123 3082; baseline -0.004 -13"><span class='ocrx_word' id='word_1_275' title='bbox 547 3014 747 3069; x_wconf 78' lang='lat' dir='ltr'><strong>Periti.</strong></span> <span class='ocrx_word' id='word_1_276' title='bbox 781 3011 948 3080; x_wconf 88' lang='lat' dir='ltr'><strong>Nota,</strong></span> <span class='ocrx_word' id='word_1_277' title='bbox 982 3010 1277 3082; x_wconf 91' lang='lat' dir='ltr'><strong>quomodo</strong></span> <span class='ocrx_word' id='word_1_278' title='bbox 1317 3009 1651 3064; x_wconf 89' lang='lat' dir='ltr'><strong>sacerdotes</strong></span> <span class='ocrx_word' id='word_1_279' title='bbox 1699 3007 1822 3062; x_wconf 67' lang='lat' dir='ltr'><strong>haec</strong></span> <span class='ocrx_word' id='word_1_280' title='bbox 1866 3006 2123 3062; x_wconf 88' lang='lat' dir='ltr'><strong>tradide-</strong></span> 
     </span>
    </p>
   </div>
   <div class='ocr_carea' id='block_1_45' title="bbox 478 3094 2121 3174">
    <p class='ocr_par' dir='ltr' id='par_1_45' title="bbox 478 3094 2121 3174">
     <span class='ocr_line' id='line_1_45' title="bbox 478 3094 2121 3174; baseline -0.005 -15"><span class='ocrx_word' id='word_1_281' title='bbox 478 3107 619 3159; x_wconf 91' lang='lat' dir='ltr'><strong>runt</strong></span> <span class='ocrx_word' id='word_1_282' title='bbox 648 3117 863 3174; x_wconf 86' lang='lat' dir='ltr'><strong>magno</strong></span> <span class='ocrx_word' id='word_1_283' title='bbox 894 3098 1209 3172; x_wconf 80' lang='lat' dir='ltr'><strong>Dionysio;</strong></span> <span class='ocrx_word' id='word_1_284' title='bbox 1250 3094 1570 3174; x_wconf 78' lang='grc' dir='ltr'>αὐτοφανεῖς</span> <span class='ocrx_word' id='word_1_285' title='bbox 1606 3113 1709 3169; x_wconf 86' lang='lat' dir='ltr'>per</span> <span class='ocrx_word' id='word_1_286' title='bbox 1741 3111 1803 3152; x_wconf 90' lang='lat' dir='ltr'><strong>se</strong></span> <span class='ocrx_word' id='word_1_287' title='bbox 1835 3114 2121 3168; x_wconf 86' lang='lat' dir='ltr'><strong>apparen-</strong></span> 
     </span>
    </p>
   </div>
   <div class='ocr_carea' id='block_1_46' title="bbox 477 3186 2125 3259">
    <p class='ocr_par' dir='ltr' id='par_1_46' title="bbox 477 3186 2125 3259">
     <span class='ocr_line' id='line_1_46' title="bbox 477 3186 2125 3259; baseline -0.005 -12"><span class='ocrx_word' id='word_1_288' title='bbox 477 3196 566 3248; x_wconf 88' lang='lat' dir='ltr'>tes</span> <span class='ocrx_word' id='word_1_289' title='bbox 598 3195 794 3246; x_wconf 87' lang='lat' dir='ltr'><strong>autem</strong></span> <span class='ocrx_word' id='word_1_290' title='bbox 824 3188 1050 3245; x_wconf 88' lang='lat' dir='ltr'><strong>vocavit</strong></span> <span class='ocrx_word' id='word_1_291' title='bbox 1096 3188 1320 3259; x_wconf 90' lang='lat' dir='ltr'><strong>primas</strong></span> <span class='ocrx_word' id='word_1_292' title='bbox 1368 3186 1598 3241; x_wconf 89' lang='lat' dir='ltr'><strong>divinas</strong></span> <span class='ocrx_word' id='word_1_293' title='bbox 1635 3186 1922 3254; x_wconf 86' lang='lat' dir='ltr'><strong>virtutes;</strong></span> <span class='ocrx_word' id='word_1_294' title='bbox 1983 3201 2125 3256; x_wconf 89' lang='lat' dir='ltr'><strong>quo-</strong></span> 
     </span>
    </p>
   </div>
   <div class='ocr_carea' id='block_1_47' title="bbox 2225 1935 3071 2013">
    <p class='ocr_par' dir='ltr' id='par_1_47' title="bbox 2225 1935 3071 2013">
     <span class='ocr_line' id='line_1_47' title="bbox 2225 1935 3071 2013; baseline 0.006 -21"><span class='ocrx_word' id='word_1_295' title='bbox 2225 1938 2521 2011; x_wconf 85' lang='grc' dir='ltr'>πορθμεύει</span> <span class='ocrx_word' id='word_1_296' title='bbox 2549 1938 2617 1993; x_wconf 77' lang='grc' dir='ltr'>τὰ</span> <span class='ocrx_word' id='word_1_297' title='bbox 2646 1940 2763 1994; x_wconf 87' lang='grc' dir='ltr'>θεῖα</span> <span class='ocrx_word' id='word_1_298' title='bbox 2793 1935 3071 2013; x_wconf 74' lang='grc' dir='ltr'>σύμϐολα.</span> 
     </span>
    </p>
   </div>
   <div class='ocr_carea' id='block_1_48' title="bbox 2298 2024 3887 2105">
    <p class='ocr_par' dir='ltr' id='par_1_48' title="bbox 2298 2024 3887 2105">
     <span class='ocr_line' id='line_1_48' title="bbox 2298 2024 3887 2105; baseline 0.007 -25"><span class='ocrx_word' id='word_1_299' title='bbox 2298 2027 2398 2081; x_wconf 83' lang='grc' dir='ltr'>Καὶ</span> <span class='ocrx_word' id='word_1_300' title='bbox 2456 2024 2545 2081; x_wconf 82' lang='grc' dir='ltr'>διὰ</span> <span class='ocrx_word' id='word_1_301' title='bbox 2604 2026 2817 2101; x_wconf 85' lang='grc' dir='ltr'>μέσης.</span> <span class='ocrx_word' id='word_1_302' title='bbox 2877 2031 3000 2087; x_wconf 90' lang='grc' dir='ltr'>Ὃτι</span> <span class='ocrx_word' id='word_1_303' title='bbox 3059 2031 3114 2084; x_wconf 76' lang='grc' dir='ltr'>αἱ</span> <span class='ocrx_word' id='word_1_304' title='bbox 3173 2027 3262 2086; x_wconf 74' lang='grc' dir='ltr'>διὰ</span> <span class='ocrx_word' id='word_1_305' title='bbox 3320 2032 3497 2105; x_wconf 80' lang='grc' dir='ltr'>μέσων</span> <span class='ocrx_word' id='word_1_306' title='bbox 3568 2031 3887 2101; x_wconf 80' lang='grc' dir='ltr'>τελειώσεις</span> 
     </span>
    </p>
   </div>
   <div class='ocr_carea' id='block_1_49' title="bbox 2228 2113 3883 2198">
    <p class='ocr_par' dir='ltr' id='par_1_49' title="bbox 2228 2113 3883 2198">
     <span class='ocr_line' id='line_1_49' title="bbox 2228 2113 3883 2198; baseline 0.006 -28"><span class='ocrx_word' id='word_1_307' title='bbox 2228 2113 2591 2190; x_wconf 79' lang='grc' dir='ltr'>ἀμυδρότεραι</span> <span class='ocrx_word' id='word_1_308' title='bbox 2620 2121 2728 2171; x_wconf 89' lang='grc' dir='ltr'>τῶν</span> <span class='ocrx_word' id='word_1_309' title='bbox 2755 2124 3132 2197; x_wconf 80' lang='grc' dir='ltr'>πρωτοφανῶς</span> <span class='ocrx_word' id='word_1_310' title='bbox 3156 2118 3259 2175; x_wconf 82' lang='grc' dir='ltr'>ὑπὸ</span> <span class='ocrx_word' id='word_1_311' title='bbox 3286 2125 3420 2176; x_wconf 90' lang='grc' dir='ltr'>Θεοῦ</span> <span class='ocrx_word' id='word_1_312' title='bbox 3452 2121 3883 2198; x_wconf 76' lang='grc' dir='ltr'>ἐνεργουμένων,</span> 
     </span>
    </p>
   </div>
   <div class='ocr_carea' id='block_1_50' title="bbox 2228 2203 2828 2281">
    <p class='ocr_par' dir='ltr' id='par_1_50' title="bbox 2228 2203 2828 2281">
     <span class='ocr_line' id='line_1_50' title="bbox 2228 2203 2828 2281; baseline 0.005 -21"><span class='ocrx_word' id='word_1_313' title='bbox 2228 2203 2427 2268; x_wconf 71' lang='grc' dir='ltr'>α’ίτινές</span> <span class='ocrx_word' id='word_1_314' title='bbox 2460 2205 2561 2260; x_wconf 76' lang='grc' dir='ltr'>εἶσι</span> <span class='ocrx_word' id='word_1_315' title='bbox 2593 2211 2828 2281; x_wconf 88' lang='grc' dir='ltr'>πρῶται.</span> 
     </span>
    </p>
   </div>
   <div class='ocr_carea' id='block_1_51' title="bbox 2300 2292 3887 2377">
    <p class='ocr_par' dir='ltr' id='par_1_51' title="bbox 2300 2292 3887 2377">
     <span class='ocr_line' id='line_1_51' title="bbox 2300 2292 3887 2377; baseline 0.004 -26"><span class='ocrx_word' id='word_1_316' title='bbox 2300 2295 2414 2363; x_wconf 78' lang='grc' dir='ltr'>Τὴν</span> <span class='ocrx_word' id='word_1_317' title='bbox 2476 2292 2543 2349; x_wconf 82' lang='grc' dir='ltr'>δι’</span> <span class='ocrx_word' id='word_1_318' title='bbox 2632 2292 2807 2350; x_wconf 81' lang='grc' dir='ltr'>ἄλλου</span> <span class='ocrx_word' id='word_1_319' title='bbox 2885 2294 3221 2371; x_wconf 70' lang='grc' dir='ltr'>λεγομένην.</span> <span class='ocrx_word' id='word_1_320' title='bbox 3301 2301 3447 2354; x_wconf 78' lang='grc' dir='ltr'>Κατὰ</span> <span class='ocrx_word' id='word_1_321' title='bbox 3525 2300 3592 2356; x_wconf 78' lang='grc' dir='ltr'>τὰ</span> <span class='ocrx_word' id='word_1_322' title='bbox 3667 2302 3719 2360; x_wconf 83' lang='grc' dir='ltr'>ἐν</span> <span class='ocrx_word' id='word_1_323' title='bbox 3803 2302 3887 2377; x_wconf 76' lang='grc' dir='ltr'>τῷ</span> 
     </span>
    </p>
   </div>
   <div class='ocr_carea' id='block_1_52' title="bbox 2229 2382 3888 2469">
    <p class='ocr_par' dir='ltr' id='par_1_52' title="bbox 2229 2382 3888 2469">
     <span class='ocr_line' id='line_1_52' title="bbox 2229 2382 3888 2469; baseline 0.006 -31"><span class='ocrx_word' id='word_1_324' title='bbox 2229 2382 2493 2459; x_wconf 76' lang='grc' dir='ltr'>Ζαχαρία,</span> <span class='ocrx_word' id='word_1_325' title='bbox 2542 2383 2632 2438; x_wconf 88' lang='grc' dir='ltr'>καὶ</span> <span class='ocrx_word' id='word_1_326' title='bbox 2683 2382 2910 2456; x_wconf 81' lang='grc' dir='ltr'>Δανιὴλ,</span> <span class='ocrx_word' id='word_1_327' title='bbox 2962 2385 3053 2440; x_wconf 85' lang='grc' dir='ltr'>καὶ</span> <span class='ocrx_word' id='word_1_328' title='bbox 3106 2387 3387 2458; x_wconf 79' lang='grc' dir='ltr'>Ἰεζεκιὴλ,</span> <span class='ocrx_word' id='word_1_329' title='bbox 3430 2394 3548 2453; x_wconf 81' lang='grc' dir='ltr'>τοῖς</span> <span class='ocrx_word' id='word_1_330' title='bbox 3576 2394 3888 2469; x_wconf 75' lang='grc' dir='ltr'>προφήταις</span> 
     </span>
    </p>
   </div>
   <div class='ocr_carea' id='block_1_53' title="bbox 2228 2472 2471 2546">
    <p class='ocr_par' dir='ltr' id='par_1_53' title="bbox 2228 2472 2471 2546">
     <span class='ocr_line' id='line_1_53' title="bbox 2228 2472 2471 2546; baseline 0 -19"><span class='ocrx_word' id='word_1_331' title='bbox 2228 2472 2471 2546; x_wconf 86' lang='grc' dir='ltr'>κείμενα.</span> 
     </span>
    </p>
   </div>
   <div class='ocr_carea' id='block_1_54' title="bbox 2301 2558 3889 2646">
    <p class='ocr_par' dir='ltr' id='par_1_54' title="bbox 2301 2558 3889 2646">
     <span class='ocr_line' id='line_1_54' title="bbox 2301 2558 3889 2646; baseline 0.005 -28"><span class='ocrx_word' id='word_1_332' title='bbox 2301 2558 2800 2637; x_wconf 79' lang='grc' dir='ltr'>Ἀμυδρουμένης.</span> <span class='ocrx_word' id='word_1_333' title='bbox 2855 2561 3304 2640; x_wconf 83' lang='grc' dir='ltr'>Ἀμυδρουμένης</span> <span class='ocrx_word' id='word_1_334' title='bbox 3374 2565 3500 2645; x_wconf 64' lang='grc' dir='ltr'>ἔφη,</span> <span class='ocrx_word' id='word_1_335' title='bbox 3582 2571 3643 2625; x_wconf 82' lang='grc' dir='ltr'>ού</span> <span class='ocrx_word' id='word_1_336' title='bbox 3736 2573 3889 2646; x_wconf 85' lang='grc' dir='ltr'>παρᾶ</span> 
     </span>
    </p>
   </div>
   <div class='ocr_carea' id='block_1_55' title="bbox 2228 2649 3883 2732">
    <p class='ocr_par' dir='ltr' id='par_1_55' title="bbox 2228 2649 3883 2732">
     <span class='ocr_line' id='line_1_55' title="bbox 2228 2649 3883 2732; baseline 0.005 -27"><span class='ocrx_word' id='word_1_337' title='bbox 2228 2651 2328 2719; x_wconf 76' lang='grc' dir='ltr'>τὴν</span> <span class='ocrx_word' id='word_1_338' title='bbox 2362 2649 2562 2704; x_wconf 74' lang='grc' dir='ltr'>οἰκείαν</span> <span class='ocrx_word' id='word_1_339' title='bbox 2616 2650 2785 2719; x_wconf 82' lang='grc' dir='ltr'>αὑτῆς</span> <span class='ocrx_word' id='word_1_340' title='bbox 2825 2650 3066 2723; x_wconf 80' lang='grc' dir='ltr'>ἀτονίαν,</span> <span class='ocrx_word' id='word_1_341' title='bbox 3118 2652 3263 2709; x_wconf 81' lang='grc' dir='ltr'>ἀλλὰ</span> <span class='ocrx_word' id='word_1_342' title='bbox 3310 2657 3456 2729; x_wconf 79' lang='grc' dir='ltr'>παρὰ</span> <span class='ocrx_word' id='word_1_343' title='bbox 3483 2659 3545 2712; x_wconf 89' lang='grc' dir='ltr'>τὸ</span> <span class='ocrx_word' id='word_1_344' title='bbox 3590 2656 3883 2732; x_wconf 78' lang='grc' dir='ltr'>ὑφειμένον</span> 
     </span>
    </p>
   </div>
   <div class='ocr_carea' id='block_1_56' title="bbox 2229 2735 3887 2822">
    <p class='ocr_par' dir='ltr' id='par_1_56' title="bbox 2229 2735 3887 2822">
     <span class='ocr_line' id='line_1_56' title="bbox 2229 2735 3887 2822; baseline 0.007 -30"><span class='ocrx_word' id='word_1_345' title='bbox 2229 2743 2337 2793; x_wconf 91' lang='grc' dir='ltr'>τῶν</span> <span class='ocrx_word' id='word_1_346' title='bbox 2368 2735 2703 2812; x_wconf 71' lang='grc' dir='ltr'>δεχομένωνο</span> <span class='ocrx_word' id='word_1_347' title='bbox 2734 2743 2895 2794; x_wconf 89' lang='grc' dir='ltr'>τοῦτο</span> <span class='ocrx_word' id='word_1_348' title='bbox 2919 2740 3020 2817; x_wconf 80' lang='grc' dir='ltr'>γὰρ</span> <span class='ocrx_word' id='word_1_349' title='bbox 3053 2738 3219 2812; x_wconf 83' lang='grc' dir='ltr'>δηλοῖ</span> <span class='ocrx_word' id='word_1_350' title='bbox 3244 2742 3308 2798; x_wconf 87' lang='grc' dir='ltr'>τὸ</span> <span class='ocrx_word' id='word_1_351' title='bbox 3345 2743 3512 2799; x_wconf 78' lang='grc' dir='ltr'>εἰπεῖν</span> <span class='ocrx_word' id='word_1_352' title='bbox 3562 2743 3887 2822; x_wconf 84' lang='grc' dir='ltr'>δευτέρωσιν</span> 
     </span>
    </p>
   </div>
   <div class='ocr_carea' id='block_1_57' title="bbox 2229 2824 3889 2907">
    <p class='ocr_par' dir='ltr' id='par_1_57' title="bbox 2229 2824 3889 2907">
     <span class='ocr_line' id='line_1_57' title="bbox 2229 2824 3889 2907; baseline 0.005 -26"><span class='ocrx_word' id='word_1_353' title='bbox 2229 2824 2586 2898; x_wconf 81' lang='grc' dir='ltr'>τελειώσεως,</span> <span class='ocrx_word' id='word_1_354' title='bbox 2634 2825 2875 2882; x_wconf 73' lang='grc' dir='ltr'>τουτέστι</span> <span class='ocrx_word' id='word_1_355' title='bbox 2912 2829 2974 2883; x_wconf 77' lang='grc' dir='ltr'>τὸ</span> <span class='ocrx_word' id='word_1_356' title='bbox 3023 2826 3391 2907; x_wconf 84' lang='grc' dir='ltr'>ἀμυδρότερον</span> <span class='ocrx_word' id='word_1_357' title='bbox 3445 2832 3789 2889; x_wconf 78' lang='grc' dir='ltr'>τελειοῦσθαι</span> <span class='ocrx_word' id='word_1_358' title='bbox 3818 2836 3889 2890; x_wconf 77' lang='grc' dir='ltr'>τὰ</span> 
     </span>
    </p>
   </div>
   <div class='ocr_carea' id='block_1_58' title="bbox 2234 2912 2476 2986">
    <p class='ocr_par' dir='ltr' id='par_1_58' title="bbox 2234 2912 2476 2986">
     <span class='ocr_line' id='line_1_58' title="bbox 2234 2912 2476 2986; baseline 0 -16"><span class='ocrx_word' id='word_1_359' title='bbox 2234 2912 2476 2986; x_wconf 84' lang='grc' dir='ltr'>δεύτερα.</span> 
     </span>
    </p>
   </div>
   <div class='ocr_carea' id='block_1_59' title="bbox 2303 3002 3887 3087">
    <p class='ocr_par' dir='ltr' id='par_1_59' title="bbox 2303 3002 3887 3087">
     <span class='ocr_line' id='line_1_59' title="bbox 2303 3002 3887 3087; baseline 0.007 -30"><span class='ocrx_word' id='word_1_360' title='bbox 2303 3005 2370 3062; x_wconf 73' lang='grc' dir='ltr'>Οἱ</span> <span class='ocrx_word' id='word_1_361' title='bbox 2421 3002 2611 3062; x_wconf 79' lang='grc' dir='ltr'>δεινοί.</span> <span class='ocrx_word' id='word_1_362' title='bbox 2666 3005 3008 3079; x_wconf 85' lang='grc' dir='ltr'>Σημείωσαι,</span> <span class='ocrx_word' id='word_1_363' title='bbox 3061 3005 3143 3062; x_wconf 73' lang='grc' dir='ltr'>ὅτι</span> <span class='ocrx_word' id='word_1_364' title='bbox 3198 3008 3361 3084; x_wconf 75' lang='grc' dir='ltr'>ἱερεῖς</span> <span class='ocrx_word' id='word_1_365' title='bbox 3419 3015 3587 3066; x_wconf 88' lang='grc' dir='ltr'>ταῦτα</span> <span class='ocrx_word' id='word_1_366' title='bbox 3646 3012 3887 3087; x_wconf 88' lang='grc' dir='ltr'>παραδε-</span> 
     </span>
    </p>
   </div>
   <div class='ocr_carea' id='block_1_60' title="bbox 2234 3091 3892 3174">
    <p class='ocr_par' dir='ltr' id='par_1_60' title="bbox 2234 3091 3892 3174">
     <span class='ocr_line' id='line_1_60' title="bbox 2234 3091 3892 3174; baseline 0.006 -26"><span class='ocrx_word' id='word_1_367' title='bbox 2234 3091 2438 3148; x_wconf 83' lang='grc' dir='ltr'>δώκασι</span> <span class='ocrx_word' id='word_1_368' title='bbox 2468 3098 2546 3165; x_wconf 81' lang='grc' dir='ltr'>τῷ</span> <span class='ocrx_word' id='word_1_369' title='bbox 2597 3093 2817 3169; x_wconf 86' lang='grc' dir='ltr'>μεγάλῳ</span> <span class='ocrx_word' id='word_1_370' title='bbox 2864 3096 3151 3169; x_wconf 77' lang='grc' dir='ltr'>Διονυσίῳ·</span> <span class='ocrx_word' id='word_1_371' title='bbox 3204 3098 3525 3174; x_wconf 78' lang='grc' dir='ltr'>αὑτοφανεῖς</span> <span class='ocrx_word' id='word_1_372' title='bbox 3578 3098 3637 3156; x_wconf 77' lang='grc' dir='ltr'>δὶ</span> <span class='ocrx_word' id='word_1_373' title='bbox 3664 3101 3892 3158; x_wconf 82' lang='grc' dir='ltr'>ἐκάλεσε</span> 
     </span>
    </p>
   </div>
   <div class='ocr_carea' id='block_1_61' title="bbox 2230 3180 3893 3263">
    <p class='ocr_par' dir='ltr' id='par_1_61' title="bbox 2230 3180 3893 3263">
     <span class='ocr_line' id='line_1_61' title="bbox 2230 3180 3893 3263; baseline 0.006 -27"><span class='ocrx_word' id='word_1_374' title='bbox 2230 3182 2324 3244; x_wconf 78' lang='grc' dir='ltr'>τὰς</span> <span class='ocrx_word' id='word_1_375' title='bbox 2371 3183 2593 3259; x_wconf 85' lang='grc' dir='ltr'>πρώτας</span> <span class='ocrx_word' id='word_1_376' title='bbox 2642 3182 2786 3247; x_wconf 85' lang='grc' dir='ltr'>θείας</span> <span class='ocrx_word' id='word_1_377' title='bbox 2836 3180 3111 3257; x_wconf 86' lang='grc' dir='ltr'>δυνάμεις,</span> <span class='ocrx_word' id='word_1_378' title='bbox 3164 3184 3353 3256; x_wconf 80' lang='grc' dir='ltr'>ἐπειδή</span> <span class='ocrx_word' id='word_1_379' title='bbox 3404 3189 3493 3263; x_wconf 78' lang='grc' dir='ltr'>ἀφ’</span> <span class='ocrx_word' id='word_1_380' title='bbox 3545 3189 3748 3245; x_wconf 69' lang='grc' dir='ltr'>ἑαυτῶν</span> <span class='ocrx_word' id='word_1_381' title='bbox 3794 3192 3893 3253; x_wconf 76' lang='grc' dir='ltr'>τὰς</span> 
     </span>
    </p>
   </div>
   <div class='ocr_carea' id='block_1_62' title="bbox 479 3256 2116 3352">
    <p class='ocr_par' dir='ltr' id='par_1_62' title="bbox 479 3273 2116 3351">
     <span class='ocr_line' id='line_1_62' title="bbox 479 3273 2116 3351; baseline -0.005 -14"><span class='ocrx_word' id='word_1_382' title='bbox 479 3282 638 3337; x_wconf 90' lang='lat' dir='ltr'><strong>niam</strong></span> <span class='ocrx_word' id='word_1_383' title='bbox 672 3278 949 3351; x_wconf 90' lang='lat' dir='ltr'><strong>aseipsis</strong></span> <span class='ocrx_word' id='word_1_384' title='bbox 1004 3277 1233 3332; x_wconf 88' lang='lat' dir='ltr'><strong>divinas</strong></span> <span class='ocrx_word' id='word_1_385' title='bbox 1291 3275 1589 3347; x_wconf 91' lang='lat' dir='ltr'><strong>accipiunt</strong></span> <span class='ocrx_word' id='word_1_386' title='bbox 1653 3273 2116 3343; x_wconf 84' lang='lat' dir='ltr'><strong>illustrationes;</strong></span> 
     </span>
    </p>
   </div>
   <div class='ocr_carea' id='block_1_63' title="bbox 2261 3256 3892 3352">
    <p class='ocr_par' dir='ltr' id='par_1_63' title="bbox 2268 3256 3892 3352">
     <span class='ocr_line' id='line_1_63' title="bbox 2268 3256 3892 3352; baseline 0.005 -26"><span class='ocrx_word' id='word_1_387' title='bbox 2268 3272 2377 3334; x_wconf 88' lang='grc' dir='ltr'>είας</span> <span class='ocrx_word' id='word_1_388' title='bbox 2416 3256 2684 3347; x_wconf 32' lang='grc' dir='ltr'>-δέχονται</span> <span class='ocrx_word' id='word_1_389' title='bbox 2733 3256 3056 3347; x_wconf 73' lang='grc' dir='ltr'>ἐλλάμψεις·</span> <span class='ocrx_word' id='word_1_390' title='bbox 3099 3275 3155 3328; x_wconf 78' lang='grc' dir='ltr'>αἱ</span> <span class='ocrx_word' id='word_1_391' title='bbox 3205 3275 3308 3351; x_wconf 80' lang='grc' dir='ltr'>γὰρ</span> <span class='ocrx_word' id='word_1_392' title='bbox 3364 3256 3553 3332; x_wconf 40' lang='grc' dir='ltr'>λοι-παὶ</span> <span class='ocrx_word' id='word_1_393' title='bbox 3606 3276 3892 3352; x_wconf 82' lang='grc' dir='ltr'>δυνάμεις,</span> 
     </span>
    </p>
   </div>
   <div class='ocr_carea' id='block_1_64' title="bbox 480 3362 2124 3441">
    <p class='ocr_par' dir='ltr' id='par_1_64' title="bbox 480 3362 2124 3441">
     <span class='ocr_line' id='line_1_64' title="bbox 480 3362 2124 3441; baseline -0.004 -15"><span class='ocrx_word' id='word_1_394' title='bbox 480 3368 713 3441; x_wconf 70' lang='lat' dir='ltr'><strong>reliqum</strong></span> <span class='ocrx_word' id='word_1_395' title='bbox 745 3367 904 3424; x_wconf 89' lang='lat' dir='ltr'><strong>enim</strong></span> <span class='ocrx_word' id='word_1_396' title='bbox 933 3366 1203 3434; x_wconf 85' lang='lat' dir='ltr'><strong>virtutes,</strong></span> <span class='ocrx_word' id='word_1_397' title='bbox 1239 3381 1353 3420; x_wconf 90' lang='lat' dir='ltr'>non</span> <span class='ocrx_word' id='word_1_398' title='bbox 1387 3380 1490 3436; x_wconf 90' lang='lat' dir='ltr'>per</span> <span class='ocrx_word' id='word_1_399' title='bbox 1515 3364 1742 3436; x_wconf 89' lang='lat' dir='ltr'><strong>seipsas</strong></span> <span class='ocrx_word' id='word_1_400' title='bbox 1764 3362 1963 3418; x_wconf 91' lang='lat' dir='ltr'><strong>divina</strong></span> <span class='ocrx_word' id='word_1_401' title='bbox 1991 3379 2124 3419; x_wconf 89' lang='lat' dir='ltr'><strong>sus-</strong></span> 
     </span>
    </p>
   </div>
   <div class='ocr_carea' id='block_1_65' title="bbox 480 3451 2053 3531">
    <p class='ocr_par' dir='ltr' id='par_1_65' title="bbox 480 3451 2053 3531">
     <span class='ocr_line' id='line_1_65' title="bbox 480 3451 2053 3531; baseline -0.004 -18"><span class='ocrx_word' id='word_1_402' title='bbox 480 3458 709 3531; x_wconf 90' lang='lat' dir='ltr'><strong>cipiunt</strong></span> <span class='ocrx_word' id='word_1_403' title='bbox 731 3473 977 3513; x_wconf 85' lang='lat' dir='ltr'><strong>munera</strong></span> <span class='ocrx_word' id='word_1_404' title='bbox 1007 3453 1401 3527; x_wconf 83' lang='lat' dir='ltr'><strong>cogitationis,</strong></span> <span class='ocrx_word' id='word_1_405' title='bbox 1434 3453 1535 3508; x_wconf 90' lang='lat' dir='ltr'>sed</span> <span class='ocrx_word' id='word_1_406' title='bbox 1570 3468 1672 3523; x_wconf 90' lang='lat' dir='ltr'>per</span> <span class='ocrx_word' id='word_1_407' title='bbox 1700 3451 2053 3524; x_wconf 88' lang='lat' dir='ltr'><strong>superiores.</strong></span> 
     </span>
    </p>
   </div>
   <div class='ocr_carea' id='block_1_66' title="bbox 556 3541 2128 3603">
    <p class='ocr_par' dir='ltr' id='par_1_66' title="bbox 556 3541 2128 3603">
     <span class='ocr_line' id='line_1_66' title="bbox 556 3541 2128 3603; baseline -0.005 0"><span class='ocrx_word' id='word_1_408' title='bbox 556 3549 652 3603; x_wconf 74' lang='lat'><strong>81</strong></span> <span class='ocrx_word' id='word_1_409' title='bbox 690 3545 1074 3602; x_wconf 74' lang='lat' dir='ltr'><strong>Sacerdotalis.</strong></span> <span class='ocrx_word' id='word_1_410' title='bbox 1104 3548 1250 3599; x_wconf 89' lang='lat' dir='ltr'><strong>Nota</strong></span> <span class='ocrx_word' id='word_1_411' title='bbox 1293 3541 1716 3598; x_wconf 87' lang='lat' dir='ltr'><strong>sacerdotalem</strong></span> <span class='ocrx_word' id='word_1_412' title='bbox 1768 3557 1899 3598; x_wconf 90' lang='lat' dir='ltr'><strong>esse</strong></span> <span class='ocrx_word' id='word_1_413' title='bbox 1946 3542 2128 3597; x_wconf 87' lang='lat' dir='ltr'><strong>tradi-</strong></span> 
     </span>
    </p>
   </div>
   <div class='ocr_carea' id='block_1_67' title="bbox 485 3632 1841 3706">
    <p class='ocr_par' dir='ltr' id='par_1_67' title="bbox 485 3632 1841 3706">
     <span class='ocr_line' id='line_1_67' title="bbox 485 3632 1841 3706; baseline -0.005 -14"><span class='ocrx_word' id='word_1_414' title='bbox 485 3638 729 3706; x_wconf 87' lang='lat' dir='ltr'><strong>tionem,</strong></span> <span class='ocrx_word' id='word_1_415' title='bbox 761 3635 832 3690; x_wconf 90' lang='lat' dir='ltr'>de</span> <span class='ocrx_word' id='word_1_416' title='bbox 864 3633 1207 3706; x_wconf 82' lang='lat' dir='ltr'><strong>angelorum</strong></span> <span class='ocrx_word' id='word_1_417' title='bbox 1240 3632 1445 3687; x_wconf 90' lang='lat' dir='ltr'><strong>ordine</strong></span> <span class='ocrx_word' id='word_1_418' title='bbox 1476 3646 1841 3699; x_wconf 78' lang='lat' dir='ltr'><strong>cognoscere.</strong></span> 
     </span>
    </p>
   </div>
   <div class='ocr_carea' id='block_1_68' title="bbox 559 3720 2133 3791">
    <p class='ocr_par' dir='ltr' id='par_1_68' title="bbox 559 3720 2133 3791">
     <span class='ocr_line' id='line_1_68' title="bbox 559 3720 2133 3791; baseline -0.005 -8"><span class='ocrx_word' id='word_1_419' title='bbox 559 3725 1020 3783; x_wconf 73' lang='lat' dir='ltr'><strong>&quot;lustrationum.</strong></span> <span class='ocrx_word' id='word_1_420' title='bbox 1047 3721 1475 3779; x_wconf 90' lang='lat' dir='ltr'><strong>Demonstratio</strong></span> <span class='ocrx_word' id='word_1_421' title='bbox 1498 3721 1625 3791; x_wconf 86' lang='lat' dir='ltr'><strong>ejus</strong></span> <span class='ocrx_word' id='word_1_422' title='bbox 1653 3721 1807 3791; x_wconf 91' lang='lat' dir='ltr'><strong>quod</strong></span> <span class='ocrx_word' id='word_1_423' title='bbox 1830 3720 2133 3791; x_wconf 82' lang='lat' dir='ltr'><strong>Scriptura</strong></span> 
     </span>
    </p>
   </div>
   <div class='ocr_carea' id='block_1_69' title="bbox 490 3808 2130 3883">
    <p class='ocr_par' dir='ltr' id='par_1_69' title="bbox 490 3808 2130 3883">
     <span class='ocr_line' id='line_1_69' title="bbox 490 3808 2130 3883; baseline -0.003 -13"><span class='ocrx_word' id='word_1_424' title='bbox 490 3814 650 3882; x_wconf 88' lang='lat' dir='ltr'><strong>dicit,</strong></span> <span class='ocrx_word' id='word_1_425' title='bbox 684 3813 948 3869; x_wconf 88' lang='lat' dir='ltr'><strong>secunda</strong></span> <span class='ocrx_word' id='word_1_426' title='bbox 975 3828 1009 3867; x_wconf 92' lang='lat' dir='ltr'><strong>a</strong></span> <span class='ocrx_word' id='word_1_427' title='bbox 1035 3811 1243 3883; x_wconf 89' lang='lat' dir='ltr'><strong>primis</strong></span> <span class='ocrx_word' id='word_1_428' title='bbox 1273 3809 1529 3878; x_wconf 89' lang='lat' dir='ltr'><strong>institui,</strong></span> <span class='ocrx_word' id='word_1_429' title='bbox 1562 3826 1632 3864; x_wconf 84' lang='lat' dir='ltr'><strong>ex</strong></span> <span class='ocrx_word' id='word_1_430' title='bbox 1671 3808 1949 3865; x_wconf 87' lang='lat' dir='ltr'><strong>Zacharia</strong></span> <span class='ocrx_word' id='word_1_431' title='bbox 2003 3826 2130 3881; x_wconf 86' lang='lat' dir='ltr'><strong>pro-</strong></span> 
     </span>
    </p>
   </div>
   <div class='ocr_carea' id='block_1_70' title="bbox 490 3904 689 3978">
    <p class='ocr_par' dir='ltr' id='par_1_70' title="bbox 490 3904 689 3978">
     <span class='ocr_line' id='line_1_70' title="bbox 490 3904 689 3978; baseline 0 -19"><span class='ocrx_word' id='word_1_432' title='bbox 490 3904 689 3978; x_wconf 82' lang='lat' dir='ltr'><strong>pheta.</strong></span> 
     </span>
    </p>
   </div>
   <div class='ocr_carea' id='block_1_71' title="bbox 552 3986 1595 4058">
    <p class='ocr_par' dir='ltr' id='par_1_71' title="bbox 552 3986 1595 4058">
     <span class='ocr_line' id='line_1_71' title="bbox 552 3986 1595 4058; baseline -0.006 -10"><span class='ocrx_word' id='word_1_433' title='bbox 552 3990 901 4058; x_wconf 67' lang='lat' dir='ltr'><strong>crudelibus,</strong></span> <span class='ocrx_word' id='word_1_434' title='bbox 930 3989 1026 4045; x_wconf 87' lang='lat' dir='ltr'><strong>Gr.</strong></span> <span class='ocrx_word' id='word_1_435' title='bbox 1050 3986 1379 4048; x_wconf 81' lang='grc' dir='ltr'>ἀτιθάσσοις.</span> <span class='ocrx_word' id='word_1_436' title='bbox 1412 3987 1595 4044; x_wconf 84' lang='lat' dir='ltr'><strong>Feris.</strong></span> 
     </span>
    </p>
   </div>
   <div class='ocr_carea' id='block_1_72' title="bbox 554 4074 2127 4151">
    <p class='ocr_par' dir='ltr' id='par_1_72' title="bbox 554 4074 2127 4151">
     <span class='ocr_line' id='line_1_72' title="bbox 554 4074 2127 4151; baseline -0.003 -13"><span class='ocrx_word' id='word_1_437' title='bbox 554 4081 793 4138; x_wconf 81' lang='lat' dir='ltr'><strong>Tradita.</strong></span> <span class='ocrx_word' id='word_1_438' title='bbox 827 4080 906 4136; x_wconf 91' lang='lat' dir='ltr'><strong>De</strong></span> <span class='ocrx_word' id='word_1_439' title='bbox 948 4078 1024 4134; x_wconf 91' lang='lat' dir='ltr'>iis</span> <span class='ocrx_word' id='word_1_440' title='bbox 1081 4094 1212 4151; x_wconf 65' lang='lat' dir='ltr'><strong>quis</strong></span> <span class='ocrx_word' id='word_1_441' title='bbox 1269 4076 1588 4150; x_wconf 88' lang='lat' dir='ltr'><strong>Babylonio</strong></span> <span class='ocrx_word' id='word_1_442' title='bbox 1646 4076 1855 4148; x_wconf 83' lang='lat' dir='ltr'><strong>angelo</strong></span> <span class='ocrx_word' id='word_1_443' title='bbox 1910 4074 2127 4133; x_wconf 83' lang='lat' dir='ltr'><strong>tradita</strong></span> 
     </span>
    </p>
   </div>
   <div class='ocr_carea' id='block_1_73' title="bbox 480 4171 721 4228">
    <p class='ocr_par' dir='ltr' id='par_1_73' title="bbox 480 4171 721 4228">
     <span class='ocr_line' id='line_1_73' title="bbox 480 4171 721 4228; baseline 0 -2"><span class='ocrx_word' id='word_1_444' title='bbox 480 4171 721 4228; x_wconf 83' lang='lat' dir='ltr'><strong>fuerint.</strong></span> 
     </span>
    </p>
   </div>
   <div class='ocr_carea' id='block_1_74' title="bbox 549 4253 2122 4329">
    <p class='ocr_par' dir='ltr' id='par_1_74' title="bbox 549 4253 2122 4329">
     <span class='ocr_line' id='line_1_74' title="bbox 549 4253 2122 4329; baseline -0.004 -12"><span class='ocrx_word' id='word_1_445' title='bbox 549 4261 711 4317; x_wconf 79' lang='lat' dir='ltr'><strong>Omni</strong></span> <span class='ocrx_word' id='word_1_446' title='bbox 738 4258 917 4315; x_wconf 90' lang='lat' dir='ltr'><strong>modo.</strong></span> <span class='ocrx_word' id='word_1_447' title='bbox 950 4258 1103 4314; x_wconf 90' lang='lat' dir='ltr'><strong>Nota</strong></span> <span class='ocrx_word' id='word_1_448' title='bbox 1133 4257 1289 4329; x_wconf 87' lang='lat' dir='ltr'><strong>quod</strong></span> <span class='ocrx_word' id='word_1_449' title='bbox 1324 4261 1476 4312; x_wconf 88' lang='lat' dir='ltr'><strong>Deus</strong></span> <span class='ocrx_word' id='word_1_450' title='bbox 1508 4254 1709 4310; x_wconf 87' lang='lat' dir='ltr'><strong>omnia</strong></span> <span class='ocrx_word' id='word_1_451' title='bbox 1740 4253 2021 4309; x_wconf 87' lang='lat' dir='ltr'><strong>moliatur</strong></span> <span class='ocrx_word' id='word_1_452' title='bbox 2051 4255 2122 4310; x_wconf 90' lang='lat' dir='ltr'>ad</span> 
     </span>
    </p>
   </div>
   <div class='ocr_carea' id='block_1_75' title="bbox 474 4349 1249 4407">
    <p class='ocr_par' dir='ltr' id='par_1_75' title="bbox 474 4349 1249 4407">
     <span class='ocr_line' id='line_1_75' title="bbox 474 4349 1249 4407; baseline -0.009 0"><span class='ocrx_word' id='word_1_453' title='bbox 474 4349 935 4407; x_wconf 86' lang='lat' dir='ltr'><strong>convertendum</strong></span> <span class='ocrx_word' id='word_1_454' title='bbox 965 4350 1249 4403; x_wconf 87' lang='lat' dir='ltr'><strong>errantes.</strong></span> 
     </span>
    </p>
   </div>
   <div class='ocr_carea' id='block_1_76' title="bbox 548 4426 2123 4501">
    <p class='ocr_par' dir='ltr' id='par_1_76' title="bbox 548 4426 2123 4501">
     <span class='ocr_line' id='line_1_76' title="bbox 548 4426 2123 4501; baseline -0.007 -10"><span class='ocrx_word' id='word_1_455' title='bbox 548 4440 855 4497; x_wconf 78' lang='lat' dir='ltr'><strong>Clementer</strong></span> <span class='ocrx_word' id='word_1_456' title='bbox 881 4436 1117 4492; x_wconf 72' lang='lat' dir='ltr'><strong>adduxit</strong></span> <span class='ocrx_word' id='word_1_457' title='bbox 1149 4434 1475 4501; x_wconf 78' lang='lat' dir='ltr'><strong>Clementer,</strong></span> <span class='ocrx_word' id='word_1_458' title='bbox 1520 4430 1618 4485; x_wconf 91' lang='lat' dir='ltr'><strong>Gr.</strong></span> <span class='ocrx_word' id='word_1_459' title='bbox 1685 4426 1961 4500; x_wconf 64' lang='grc' dir='ltr'>ἐπιεικῶς,</span> <span class='ocrx_word' id='word_1_460' title='bbox 2012 4430 2123 4488; x_wconf 76' lang='lat' dir='ltr'><strong>hoc</strong></span> 
     </span>
    </p>
   </div>
   <div class='ocr_carea' id='block_1_77' title="bbox 471 4518 1805 4598">
    <p class='ocr_par' dir='ltr' id='par_1_77' title="bbox 471 4518 1805 4598">
     <span class='ocr_line' id='line_1_77' title="bbox 471 4518 1805 4598; baseline -0.008 -15"><span class='ocrx_word' id='word_1_461' title='bbox 471 4531 564 4585; x_wconf 88' lang='lat' dir='ltr'>est</span> <span class='ocrx_word' id='word_1_462' title='bbox 591 4527 866 4598; x_wconf 86' lang='lat' dir='ltr'><strong>benigne,</strong></span> <span class='ocrx_word' id='word_1_463' title='bbox 899 4528 998 4580; x_wconf 90' lang='lat' dir='ltr'>aut</span> <span class='ocrx_word' id='word_1_464' title='bbox 1028 4522 1292 4588; x_wconf 91' lang='lat' dir='ltr'><strong>omnino,</strong></span> <span class='ocrx_word' id='word_1_465' title='bbox 1326 4524 1384 4576; x_wconf 91' lang='lat' dir='ltr'>et</span> <span class='ocrx_word' id='word_1_466' title='bbox 1412 4518 1805 4574; x_wconf 82' lang='lat' dir='ltr'><strong>vehementer.</strong></span> 
     </span>
    </p>
   </div>
   <div class='ocr_carea' id='block_1_78' title="bbox 2236 3357 3892 3441">
    <p class='ocr_par' dir='ltr' id='par_1_78' title="bbox 2236 3357 3892 3441">
     <span class='ocr_line' id='line_1_78' title="bbox 2236 3357 3892 3441; baseline 0.006 -28"><span class='ocrx_word' id='word_1_467' title='bbox 2236 3361 2299 3414; x_wconf 83' lang='grc' dir='ltr'>οὑ</span> <span class='ocrx_word' id='word_1_468' title='bbox 2332 3357 2401 3414; x_wconf 85' lang='grc' dir='ltr'>δι’</span> <span class='ocrx_word' id='word_1_469' title='bbox 2426 3361 2629 3416; x_wconf 76' lang='grc' dir='ltr'>ἑαυτῶν</span> <span class='ocrx_word' id='word_1_470' title='bbox 2659 3360 2764 3435; x_wconf 82' lang='grc' dir='ltr'>[τὰ]</span> <span class='ocrx_word' id='word_1_471' title='bbox 2798 3366 2915 3426; x_wconf 85' lang='grc' dir='ltr'>θεῖα</span> <span class='ocrx_word' id='word_1_472' title='bbox 2964 3359 3218 3437; x_wconf 83' lang='grc' dir='ltr'>δέχονται</span> <span class='ocrx_word' id='word_1_473' title='bbox 3262 3362 3411 3440; x_wconf 84' lang='grc' dir='ltr'>δῶρα</span> <span class='ocrx_word' id='word_1_474' title='bbox 3457 3373 3559 3436; x_wconf 84' lang='grc' dir='ltr'>τῆς</span> <span class='ocrx_word' id='word_1_475' title='bbox 3611 3368 3892 3441; x_wconf 86' lang='grc' dir='ltr'>γνώσεως,</span> 
     </span>
    </p>
   </div>
   <div class='ocr_carea' id='block_1_79' title="bbox 2239 3447 3099 3525">
    <p class='ocr_par' dir='ltr' id='par_1_79' title="bbox 2239 3447 3099 3525">
     <span class='ocr_line' id='line_1_79' title="bbox 2239 3447 3099 3525; baseline 0.005 -22"><span class='ocrx_word' id='word_1_476' title='bbox 2239 3447 2384 3504; x_wconf 80' lang='grc' dir='ltr'>ἀλλὰ</span> <span class='ocrx_word' id='word_1_477' title='bbox 2414 3447 2503 3504; x_wconf 81' lang='grc' dir='ltr'>διὰ</span> <span class='ocrx_word' id='word_1_478' title='bbox 2525 3455 2633 3504; x_wconf 89' lang='grc' dir='ltr'>τῶν</span> <span class='ocrx_word' id='word_1_479' title='bbox 2679 3449 3099 3525; x_wconf 72' lang='grc' dir='ltr'>ὑπερκειμένων.</span> 
     </span>
    </p>
   </div>
   <div class='ocr_carea' id='block_1_80' title="bbox 2308 3538 3890 3618">
    <p class='ocr_par' dir='ltr' id='par_1_80' title="bbox 2308 3538 3890 3618">
     <span class='ocr_line' id='line_1_80' title="bbox 2308 3538 3890 3618; baseline 0.004 -23"><span class='ocrx_word' id='word_1_480' title='bbox 2308 3539 2629 3614; x_wconf 81' lang='grc' dir='ltr'>Ἱερατικῆς.</span> <span class='ocrx_word' id='word_1_481' title='bbox 2703 3538 3049 3612; x_wconf 85' lang='grc' dir='ltr'>Σημείωσαι,</span> <span class='ocrx_word' id='word_1_482' title='bbox 3119 3539 3203 3595; x_wconf 78' lang='grc' dir='ltr'>ὅτι</span> <span class='ocrx_word' id='word_1_483' title='bbox 3272 3543 3516 3617; x_wconf 74' lang='grc' dir='ltr'>ἱερατικὴ</span> <span class='ocrx_word' id='word_1_484' title='bbox 3588 3543 3890 3618; x_wconf 83' lang='grc' dir='ltr'>παράδοσίς</span> 
     </span>
    </p>
   </div>
   <div class='ocr_carea' id='block_1_81' title="bbox 2241 3628 3510 3704">
    <p class='ocr_par' dir='ltr' id='par_1_81' title="bbox 2241 3628 3510 3704">
     <span class='ocr_line' id='line_1_81' title="bbox 2241 3628 3510 3704; baseline 0.003 -20"><span class='ocrx_word' id='word_1_485' title='bbox 2241 3628 2351 3684; x_wconf 85' lang='grc' dir='ltr'>έστι</span> <span class='ocrx_word' id='word_1_486' title='bbox 2380 3630 2443 3684; x_wconf 86' lang='grc' dir='ltr'>τὸ</span> <span class='ocrx_word' id='word_1_487' title='bbox 2473 3628 2597 3704; x_wconf 83' lang='grc' dir='ltr'>περὶ</span> <span class='ocrx_word' id='word_1_488' title='bbox 2626 3635 2726 3699; x_wconf 79' lang='grc' dir='ltr'>τῆς</span> <span class='ocrx_word' id='word_1_489' title='bbox 2753 3628 2950 3699; x_wconf 78' lang='grc' dir='ltr'>τάξεως</span> <span class='ocrx_word' id='word_1_490' title='bbox 2977 3633 3085 3684; x_wconf 89' lang='grc' dir='ltr'>τῶν</span> <span class='ocrx_word' id='word_1_491' title='bbox 3117 3635 3256 3685; x_wconf 82' lang='grc' dir='ltr'>νοῶν</span> <span class='ocrx_word' id='word_1_492' title='bbox 3291 3629 3510 3690; x_wconf 70' lang='grc' dir='ltr'>εἰδέναι.</span> 
     </span>
    </p>
   </div>
   <div class='ocr_carea' id='block_1_82' title="bbox 2313 3716 3893 3796">
    <p class='ocr_par' dir='ltr' id='par_1_82' title="bbox 2313 3716 3893 3796">
     <span class='ocr_line' id='line_1_82' title="bbox 2313 3716 3893 3796; baseline 0.003 -21"><span class='ocrx_word' id='word_1_493' title='bbox 2313 3716 2677 3792; x_wconf 72' lang='grc' dir='ltr'>Ἐλλάμψεων</span> <span class='ocrx_word' id='word_1_494' title='bbox 2714 3762 2727 3775; x_wconf 91' lang='grc'><em>.</em></span> <span class='ocrx_word' id='word_1_495' title='bbox 2789 3716 3093 3789; x_wconf 74' lang='grc' dir='ltr'>Ἀπόδειξις</span> <span class='ocrx_word' id='word_1_496' title='bbox 3165 3724 3261 3774; x_wconf 87' lang='grc' dir='ltr'>τοῦ</span> <span class='ocrx_word' id='word_1_497' title='bbox 3320 3721 3577 3796; x_wconf 74' lang='grc' dir='ltr'>ῥηθέντος</span> <span class='ocrx_word' id='word_1_498' title='bbox 3613 3765 3627 3792; x_wconf 91' lang='grc'>,</span> <span class='ocrx_word' id='word_1_499' title='bbox 3683 3722 3767 3779; x_wconf 78' lang='grc' dir='ltr'>ὅτι</span> <span class='ocrx_word' id='word_1_500' title='bbox 3824 3726 3893 3780; x_wconf 80' lang='grc' dir='ltr'>τὰ</span> 
     </span>
    </p>
   </div>
   <div class='ocr_carea' id='block_1_83' title="bbox 2242 3804 3894 3888">
    <p class='ocr_par' dir='ltr' id='par_1_83' title="bbox 2242 3804 3894 3888">
     <span class='ocr_line' id='line_1_83' title="bbox 2242 3804 3894 3888; baseline 0.006 -28"><span class='ocrx_word' id='word_1_501' title='bbox 2242 3804 2464 3881; x_wconf 84' lang='grc' dir='ltr'>δεύτερα</span> <span class='ocrx_word' id='word_1_502' title='bbox 2492 3808 2638 3882; x_wconf 79' lang='grc' dir='ltr'>παρὰ</span> <span class='ocrx_word' id='word_1_503' title='bbox 2681 3811 2789 3861; x_wconf 78' lang='grc' dir='ltr'>τῶν</span> <span class='ocrx_word' id='word_1_504' title='bbox 2833 3806 3067 3880; x_wconf 87' lang='grc' dir='ltr'>πρώτων</span> <span class='ocrx_word' id='word_1_505' title='bbox 3119 3813 3401 3880; x_wconf 84' lang='grc' dir='ltr'>μυοῦνται,</span> <span class='ocrx_word' id='word_1_506' title='bbox 3453 3812 3559 3866; x_wconf 88' lang='grc' dir='ltr'>ἀπὸ</span> <span class='ocrx_word' id='word_1_507' title='bbox 3609 3814 3894 3888; x_wconf 88' lang='grc' dir='ltr'>Ζαχαρίου</span> 
     </span>
    </p>
   </div>
   <div class='ocr_carea' id='block_1_84' title="bbox 2236 3897 2673 3971">
    <p class='ocr_par' dir='ltr' id='par_1_84' title="bbox 2236 3897 2673 3971">
     <span class='ocr_line' id='line_1_84' title="bbox 2236 3897 2673 3971; baseline -0.002 -21"><span class='ocrx_word' id='word_1_508' title='bbox 2236 3899 2333 3950; x_wconf 89' lang='grc' dir='ltr'>τοῦ</span> <span class='ocrx_word' id='word_1_509' title='bbox 2364 3897 2673 3971; x_wconf 78' lang='grc' dir='ltr'>προφήτου.</span> 
     </span>
    </p>
   </div>
   <div class='ocr_carea' id='block_1_85' title="bbox 2312 3981 3050 4056">
    <p class='ocr_par' dir='ltr' id='par_1_85' title="bbox 2312 3981 3050 4056">
     <span class='ocr_line' id='line_1_85' title="bbox 2312 3981 3050 4056; baseline 0.004 -20"><span class='ocrx_word' id='word_1_510' title='bbox 2312 3983 2673 4046; x_wconf 82' lang='grc' dir='ltr'>Ἀτιθάσσοις.</span> <span class='ocrx_word' id='word_1_511' title='bbox 2704 3981 3050 4056; x_wconf 85' lang='grc' dir='ltr'>Ἀνημέροις.</span> 
     </span>
    </p>
   </div>
   <div class='ocr_carea' id='block_1_86' title="bbox 2310 4067 3892 4151">
    <p class='ocr_par' dir='ltr' id='par_1_86' title="bbox 2310 4067 3892 4151">
     <span class='ocr_line' id='line_1_86' title="bbox 2310 4067 3892 4151; baseline -0.001 -23"><span class='ocrx_word' id='word_1_512' title='bbox 2310 4067 2690 4128; x_wconf 83' lang='grc' dir='ltr'>Ἐκδεδωκυῖα.</span> <span class='ocrx_word' id='word_1_513' title='bbox 2759 4070 2889 4146; x_wconf 84' lang='grc' dir='ltr'>Περὶ</span> <span class='ocrx_word' id='word_1_514' title='bbox 2941 4076 3048 4126; x_wconf 88' lang='grc' dir='ltr'>τῶν</span> <span class='ocrx_word' id='word_1_515' title='bbox 3102 4070 3517 4148; x_wconf 82' lang='grc' dir='ltr'>παραδοθέντων</span> <span class='ocrx_word' id='word_1_516' title='bbox 3573 4082 3654 4151; x_wconf 79' lang='grc' dir='ltr'>τῷ</span> <span class='ocrx_word' id='word_1_517' title='bbox 3711 4077 3892 4138; x_wconf 81' lang='grc' dir='ltr'>Βαϐυ-</span> 
     </span>
    </p>
   </div>
   <div class='ocr_carea' id='block_1_87' title="bbox 2238 4159 2448 4233">
    <p class='ocr_par' dir='ltr' id='par_1_87' title="bbox 2238 4159 2448 4233">
     <span class='ocr_line' id='line_1_87' title="bbox 2238 4159 2448 4233; baseline 0 -16"><span class='ocrx_word' id='word_1_518' title='bbox 2238 4159 2448 4233; x_wconf 91' lang='grc' dir='ltr'>λωνίῳ.</span> 
     </span>
    </p>
   </div>
   <div class='ocr_carea' id='block_1_88' title="bbox 2303 4248 3888 4334">
    <p class='ocr_par' dir='ltr' id='par_1_88' title="bbox 2303 4248 3888 4334">
     <span class='ocr_line' id='line_1_88' title="bbox 2303 4248 3888 4334; baseline 0.004 -26"><span class='ocrx_word' id='word_1_519' title='bbox 2303 4254 2386 4317; x_wconf 81' lang='grc' dir='ltr'>Τῇ</span> <span class='ocrx_word' id='word_1_520' title='bbox 2416 4248 2663 4321; x_wconf 83' lang='grc' dir='ltr'>παντοίᾳ.</span> <span class='ocrx_word' id='word_1_521' title='bbox 2697 4251 2857 4325; x_wconf 87' lang='grc' dir='ltr'>Ὅρα,</span> <span class='ocrx_word' id='word_1_522' title='bbox 2918 4249 3001 4305; x_wconf 76' lang='grc' dir='ltr'>ὅτι</span> <span class='ocrx_word' id='word_1_523' title='bbox 3062 4252 3091 4307; x_wconf 86' lang='grc' dir='ltr'>ὁ</span> <span class='ocrx_word' id='word_1_524' title='bbox 3149 4253 3281 4317; x_wconf 85' lang='grc' dir='ltr'>Θεὸς</span> <span class='ocrx_word' id='word_1_525' title='bbox 3337 4252 3513 4311; x_wconf 88' lang='grc' dir='ltr'>πάντα</span> <span class='ocrx_word' id='word_1_526' title='bbox 3568 4265 3888 4334; x_wconf 80' lang='grc' dir='ltr'>μηχανᾶται</span> 
     </span>
    </p>
   </div>
   <div class='ocr_carea' id='block_1_89' title="bbox 2232 4338 3382 4415">
    <p class='ocr_par' dir='ltr' id='par_1_89' title="bbox 2232 4338 3382 4415">
     <span class='ocr_line' id='line_1_89' title="bbox 2232 4338 3382 4415; baseline 0.003 -21"><span class='ocrx_word' id='word_1_527' title='bbox 2232 4338 2368 4415; x_wconf 73' lang='grc' dir='ltr'>πρὸς</span> <span class='ocrx_word' id='word_1_528' title='bbox 2396 4340 2459 4394; x_wconf 90' lang='grc' dir='ltr'>τὸ</span> <span class='ocrx_word' id='word_1_529' title='bbox 2485 4339 2798 4414; x_wconf 74' lang='grc' dir='ltr'>ἐπιστρέψαι</span> <span class='ocrx_word' id='word_1_530' title='bbox 2822 4340 2948 4402; x_wconf 82' lang='grc' dir='ltr'>τοὺς</span> <span class='ocrx_word' id='word_1_531' title='bbox 2971 4339 3382 4415; x_wconf 87' lang='grc' dir='ltr'>πλανωμένους.</span> 
     </span>
    </p>
   </div>
   <div class='ocr_carea' id='block_1_90' title="bbox 2303 4426 3888 4503">
    <p class='ocr_par' dir='ltr' id='par_1_90' title="bbox 2303 4426 3888 4503">
     <span class='ocr_line' id='line_1_90' title="bbox 2303 4426 3888 4503; baseline 0.008 -20"><span class='ocrx_word' id='word_1_532' title='bbox 2303 4429 2587 4490; x_wconf 84' lang='grc' dir='ltr'>Ἐπιεικῶς</span> <span class='ocrx_word' id='word_1_533' title='bbox 2664 4426 2948 4503; x_wconf 80' lang='grc' dir='ltr'>ἐπανῆγεν.</span> <span class='ocrx_word' id='word_1_534' title='bbox 3009 4429 3080 4483; x_wconf 88' lang='grc' dir='ltr'>Τὸ</span> <span class='ocrx_word' id='word_1_535' title='bbox 3155 4433 3199 4468; x_wconf 76' lang='grc'>⁵⁸</span> <span class='ocrx_word' id='word_1_536' title='bbox 3272 4430 3527 4497; x_wconf 72' lang='grc' dir='ltr'>ἐπιεικῶς</span> <span class='ocrx_word' id='word_1_537' title='bbox 3604 4436 3721 4491; x_wconf 77' lang='grc' dir='ltr'>ἀντὶ</span> <span class='ocrx_word' id='word_1_538' title='bbox 3790 4443 3888 4494; x_wconf 88' lang='grc' dir='ltr'>τοῦ</span> 
     </span>
    </p>
   </div>
   <div class='ocr_carea' id='block_1_91' title="bbox 2230 4515 3539 4594">
    <p class='ocr_par' dir='ltr' id='par_1_91' title="bbox 2230 4515 3539 4594">
     <span class='ocr_line' id='line_1_91' title="bbox 2230 4515 3539 4594; baseline 0.008 -25"><span class='ocrx_word' id='word_1_539' title='bbox 2230 4515 2633 4594; x_wconf 77' lang='grc' dir='ltr'>φιλανθρώπως</span> <span class='ocrx_word' id='word_1_540' title='bbox 2664 4516 2699 4586; x_wconf 80' lang='grc' dir='ltr'><strong>ἢ</strong></span> <span class='ocrx_word' id='word_1_541' title='bbox 2731 4517 2871 4572; x_wconf 85' lang='grc' dir='ltr'>πάνυ</span> <span class='ocrx_word' id='word_1_542' title='bbox 2902 4518 2991 4572; x_wconf 87' lang='grc' dir='ltr'>καὶ</span> <span class='ocrx_word' id='word_1_543' title='bbox 3028 4518 3285 4594; x_wconf 86' lang='grc' dir='ltr'>μεγάλως</span> <span class='ocrx_word' id='word_1_544' title='bbox 3317 4521 3539 4593; x_wconf 86' lang='grc' dir='ltr'>νόησον.</span> 
     </span>
    </p>
   </div>
   <div class='ocr_carea' id='block_1_92' title="bbox 544 4607 2116 4696">
    <p class='ocr_par' dir='ltr' id='par_1_92' title="bbox 544 4607 2116 4673">
     <span class='ocr_line' id='line_1_92' title="bbox 544 4607 2116 4673; baseline -0.004 0"><span class='ocrx_word' id='word_1_545' title='bbox 544 4618 842 4673; x_wconf 81' lang='lat' dir='ltr'><strong>Commune</strong></span> <span class='ocrx_word' id='word_1_546' title='bbox 862 4614 1029 4670; x_wconf 87' lang='lat' dir='ltr'><strong>enim.</strong></span> <span class='ocrx_word' id='word_1_547' title='bbox 1049 4608 1359 4669; x_wconf 90' lang='lat' dir='ltr'><strong>Communi</strong></span> <span class='ocrx_word' id='word_1_548' title='bbox 1383 4607 1620 4663; x_wconf 90' lang='lat' dir='ltr'><strong>nomine</strong></span> <span class='ocrx_word' id='word_1_549' title='bbox 1640 4623 1847 4664; x_wconf 91' lang='lat' dir='ltr'><strong>omnes</strong></span> <span class='ocrx_word' id='word_1_550' title='bbox 1871 4607 2116 4667; x_wconf 88' lang='lat' dir='ltr'><strong>virtutes</strong></span> 
     </span>
    </p>
   </div>
   <div class='ocr_carea' id='block_1_93' title="bbox 2261 4607 3887 4696">
    <p class='ocr_par' dir='ltr' id='par_1_93' title="bbox 2300 4607 3887 4696">
     <span class='ocr_line' id='line_1_93' title="bbox 2300 4607 3887 4696; baseline 0.005 -33"><span class='ocrx_word' id='word_1_551' title='bbox 2300 4607 2495 4663; x_wconf 90' lang='grc' dir='ltr'>Κοινὸν</span> <span class='ocrx_word' id='word_1_552' title='bbox 2529 4608 2811 4696; x_wconf 34' lang='grc' dir='ltr'>γάρηΌτι</span> <span class='ocrx_word' id='word_1_553' title='bbox 2843 4612 3015 4680; x_wconf 87' lang='grc' dir='ltr'>κοινῷ</span> <span class='ocrx_word' id='word_1_554' title='bbox 3065 4608 3294 4683; x_wconf 81' lang='grc' dir='ltr'>ὀνόματι</span> <span class='ocrx_word' id='word_1_555' title='bbox 3325 4616 3490 4667; x_wconf 80' lang='grc' dir='ltr'>πᾶσαι</span> <span class='ocrx_word' id='word_1_556' title='bbox 3541 4615 3597 4668; x_wconf 76' lang='grc' dir='ltr'>αἱ</span> <span class='ocrx_word' id='word_1_557' title='bbox 3630 4612 3887 4689; x_wconf 80' lang='grc' dir='ltr'>δυνάμεις</span> 
     </span>
    </p>
   </div>
   <div class='ocr_carea' id='block_1_94' title="bbox 469 4697 1486 4779">
    <p class='ocr_par' dir='ltr' id='par_1_94' title="bbox 469 4697 1486 4779">
     <span class='ocr_line' id='line_1_94' title="bbox 469 4697 1486 4779; baseline -0.013 -14"><span class='ocrx_word' id='word_1_558' title='bbox 469 4704 878 4779; x_wconf 90' lang='lat' dir='ltr'><strong>intelligibiles</strong></span> <span class='ocrx_word' id='word_1_559' title='bbox 909 4705 1150 4775; x_wconf 88' lang='lat' dir='ltr'><strong>angelos</strong></span> <span class='ocrx_word' id='word_1_560' title='bbox 1181 4697 1486 4771; x_wconf 88' lang='lat' dir='ltr'><strong>appellari.</strong></span> 
     </span>
    </p>
   </div>
   <div class='ocr_carea' id='block_1_95' title="bbox 542 4786 2121 4867">
    <p class='ocr_par' dir='ltr' id='par_1_95' title="bbox 542 4786 2121 4867">
     <span class='ocr_line' id='line_1_95' title="bbox 542 4786 2121 4867; baseline -0.004 -17"><span class='ocrx_word' id='word_1_561' title='bbox 542 4796 897 4867; x_wconf 83' lang='lat' dir='ltr'><strong>Inferiorum.</strong></span> <span class='ocrx_word' id='word_1_562' title='bbox 933 4793 1026 4847; x_wconf 90' lang='lat' dir='ltr'><strong>Gr.</strong></span> <span class='ocrx_word' id='word_1_563' title='bbox 1063 4786 1387 4864; x_wconf 80' lang='grc' dir='ltr'>ὑφειμένων.</span> <span class='ocrx_word' id='word_1_564' title='bbox 1442 4786 1873 4856; x_wconf 89' lang='lat' dir='ltr'><strong>Suhjectionem</strong></span> <span class='ocrx_word' id='word_1_565' title='bbox 1925 4790 1983 4843; x_wconf 88' lang='lat' dir='ltr'>et</span> <span class='ocrx_word' id='word_1_566' title='bbox 2030 4804 2121 4844; x_wconf 90' lang='lat' dir='ltr'>se-</span> 
     </span>
    </p>
   </div>
   <div class='ocr_carea' id='block_1_96' title="bbox 472 4874 1450 4941">
    <p class='ocr_par' dir='ltr' id='par_1_96' title="bbox 472 4874 1450 4941">
     <span class='ocr_line' id='line_1_96' title="bbox 472 4874 1450 4941; baseline -0.014 1"><span class='ocrx_word' id='word_1_567' title='bbox 472 4886 734 4941; x_wconf 90' lang='lat' dir='ltr'><strong>cundum</strong></span> <span class='ocrx_word' id='word_1_568' title='bbox 766 4883 963 4939; x_wconf 90' lang='lat' dir='ltr'><strong>locum</strong></span> <span class='ocrx_word' id='word_1_569' title='bbox 998 4874 1450 4934; x_wconf 90' lang='lat' dir='ltr'><strong>obstinentium.</strong></span> 
     </span>
    </p>
   </div>
   <div class='ocr_carea' id='block_1_97' title="bbox 541 4964 2119 5037">
    <p class='ocr_par' dir='ltr' id='par_1_97' title="bbox 541 4964 2119 5037">
     <span class='ocr_line' id='line_1_97' title="bbox 541 4964 2119 5037; baseline -0.003 -9"><span class='ocrx_word' id='word_1_570' title='bbox 541 4971 976 5030; x_wconf 72' lang='lat' dir='ltr'><strong>Praecedeniem.</strong></span> <span class='ocrx_word' id='word_1_571' title='bbox 1010 4967 1375 5022; x_wconf 64' lang='lat' dir='ltr'><strong>Prmeuntem</strong></span> <span class='ocrx_word' id='word_1_572' title='bbox 1408 4964 1556 5020; x_wconf 87' lang='lat' dir='ltr'><strong>forte</strong></span> <span class='ocrx_word' id='word_1_573' title='bbox 1588 4965 1883 5037; x_wconf 63' lang='lat' dir='ltr'><strong>propheta</strong></span> <span class='ocrx_word' id='word_1_574' title='bbox 1911 4983 1924 5034; x_wconf 89' lang='lat'><strong>;</strong></span> <span class='ocrx_word' id='word_1_575' title='bbox 1971 4965 2119 5023; x_wconf 81' lang='lat' dir='ltr'><strong>forte</strong></span> 
     </span>
    </p>
   </div>
   <div class='ocr_carea' id='block_1_98' title="bbox 469 5051 2116 5131">
    <p class='ocr_par' dir='ltr' id='par_1_98' title="bbox 469 5051 2116 5131">
     <span class='ocr_line' id='line_1_98' title="bbox 469 5051 2116 5131; baseline -0.004 -14"><span class='ocrx_word' id='word_1_576' title='bbox 469 5066 669 5117; x_wconf 85' lang='lat' dir='ltr'><strong>autem</strong></span> <span class='ocrx_word' id='word_1_577' title='bbox 701 5064 1021 5131; x_wconf 89' lang='lat' dir='ltr'><strong>antequam</strong></span> <span class='ocrx_word' id='word_1_578' title='bbox 1055 5053 1247 5124; x_wconf 84' lang='lat' dir='ltr'><strong>major</strong></span> <span class='ocrx_word' id='word_1_579' title='bbox 1276 5051 1522 5125; x_wconf 87' lang='lat' dir='ltr'><strong>angelus</strong></span> <span class='ocrx_word' id='word_1_580' title='bbox 1553 5054 1625 5109; x_wconf 93' lang='lat' dir='ltr'><strong>ad</strong></span> <span class='ocrx_word' id='word_1_581' title='bbox 1676 5054 1876 5126; x_wconf 92' lang='lat' dir='ltr'><strong>ipsum</strong></span> <span class='ocrx_word' id='word_1_582' title='bbox 1926 5053 2116 5111; x_wconf 90' lang='lat' dir='ltr'><strong>venis-</strong></span> 
     </span>
    </p>
   </div>
   <div class='ocr_carea' id='block_1_99' title="bbox 467 5154 577 5205">
    <p class='ocr_par' dir='ltr' id='par_1_99' title="bbox 467 5154 577 5205">
     <span class='ocr_line' id='line_1_99' title="bbox 467 5154 577 5205; baseline -0.009 -1"><span class='ocrx_word' id='word_1_583' title='bbox 467 5154 577 5205; x_wconf 88' lang='lat' dir='ltr'><strong>set.</strong></span> 
     </span>
    </p>
   </div>
   <div class='ocr_carea' id='block_1_100' title="bbox 536 5229 2112 5305">
    <p class='ocr_par' dir='ltr' id='par_1_100' title="bbox 536 5229 2112 5305">
     <span class='ocr_line' id='line_1_100' title="bbox 536 5229 2112 5305; baseline 0 -13"><span class='ocrx_word' id='word_1_584' title='bbox 536 5236 740 5293; x_wconf 80' lang='lat' dir='ltr'><strong>Deinde</strong></span> <span class='ocrx_word' id='word_1_585' title='bbox 775 5235 842 5290; x_wconf 88' lang='lat' dir='ltr'><strong>ab</strong></span> <span class='ocrx_word' id='word_1_586' title='bbox 874 5236 991 5305; x_wconf 81' lang='lat' dir='ltr'><strong>ipso</strong></span> <span class='ocrx_word' id='word_1_587' title='bbox 1019 5233 1290 5289; x_wconf 82' lang='lat' dir='ltr'><strong>divinam.</strong></span> <span class='ocrx_word' id='word_1_588' title='bbox 1339 5229 1480 5286; x_wconf 82' lang='lat' dir='ltr'><strong>Vult</strong></span> <span class='ocrx_word' id='word_1_589' title='bbox 1528 5230 1635 5288; x_wconf 92' lang='lat' dir='ltr'>hoc</span> <span class='ocrx_word' id='word_1_590' title='bbox 1685 5232 2112 5304; x_wconf 88' lang='lat' dir='ltr'><strong>demonstrare,</strong></span> 
     </span>
    </p>
   </div>
   <div class='ocr_carea' id='block_1_101' title="bbox 2231 4694 3071 4773">
    <p class='ocr_par' dir='ltr' id='par_1_101' title="bbox 2231 4694 3071 4773">
     <span class='ocr_line' id='line_1_101' title="bbox 2231 4694 3071 4773; baseline 0.006 -23"><span class='ocrx_word' id='word_1_591' title='bbox 2231 4697 2285 4750; x_wconf 80' lang='grc' dir='ltr'>αἱ</span> <span class='ocrx_word' id='word_1_592' title='bbox 2314 4697 2507 4766; x_wconf 86' lang='grc' dir='ltr'>νοηταὶ</span> <span class='ocrx_word' id='word_1_593' title='bbox 2538 4694 2759 4773; x_wconf 78' lang='grc' dir='ltr'>ἄγγελοι</span> <span class='ocrx_word' id='word_1_594' title='bbox 2795 4697 3071 4772; x_wconf 75' lang='grc' dir='ltr'>λέγονται.</span> 
     </span>
    </p>
   </div>
   <div class='ocr_carea' id='block_1_102' title="bbox 2300 4781 3634 4866">
    <p class='ocr_par' dir='ltr' id='par_1_102' title="bbox 2300 4781 3634 4866">
     <span class='ocr_line' id='line_1_102' title="bbox 2300 4781 3634 4866; baseline 0.008 -26"><span class='ocrx_word' id='word_1_595' title='bbox 2300 4783 2649 4863; x_wconf 77' lang='grc' dir='ltr'>Ὑφειμένων.</span> <span class='ocrx_word' id='word_1_596' title='bbox 2683 4781 3157 4859; x_wconf 78' lang='grc' dir='ltr'>Ὑποϐεὸηκότων,</span> <span class='ocrx_word' id='word_1_597' title='bbox 3191 4786 3634 4866; x_wconf 84' lang='grc' dir='ltr'>δευτερευόντων.</span> 
     </span>
    </p>
   </div>
   <div class='ocr_carea' id='block_1_103' title="bbox 2300 4964 3887 5045">
    <p class='ocr_par' dir='ltr' id='par_1_103' title="bbox 2300 4964 3887 5045">
     <span class='ocr_line' id='line_1_103' title="bbox 2300 4964 3887 5045; baseline 0.008 -28"><span class='ocrx_word' id='word_1_598' title='bbox 2300 4964 2808 5038; x_wconf 85' lang='grc' dir='ltr'>Προπορευόμενον.</span> <span class='ocrx_word' id='word_1_599' title='bbox 2862 4967 3348 5041; x_wconf 86' lang='grc' dir='ltr'>Προπορευόμενον</span> <span class='ocrx_word' id='word_1_600' title='bbox 3404 4970 3552 5044; x_wconf 87' lang='grc' dir='ltr'>τάχα</span> <span class='ocrx_word' id='word_1_601' title='bbox 3600 4974 3697 5026; x_wconf 91' lang='grc' dir='ltr'>τοῦ</span> <span class='ocrx_word' id='word_1_602' title='bbox 3743 4992 3887 5045; x_wconf 90' lang='grc' dir='ltr'>προ-</span> 
     </span>
    </p>
   </div>
   <div class='ocr_carea' id='block_1_104' title="bbox 2227 5050 3888 5134">
    <p class='ocr_par' dir='ltr' id='par_1_104' title="bbox 2227 5050 3888 5134">
     <span class='ocr_line' id='line_1_104' title="bbox 2227 5050 3888 5134; baseline 0.007 -28"><span class='ocrx_word' id='word_1_603' title='bbox 2227 5055 2424 5131; x_wconf 80' lang='grc' dir='ltr'>φήτου.</span> <span class='ocrx_word' id='word_1_604' title='bbox 2456 5053 2601 5128; x_wconf 85' lang='grc' dir='ltr'>τάχα</span> <span class='ocrx_word' id='word_1_605' title='bbox 2650 5050 2728 5123; x_wconf 72' lang='grc' dir='ltr'>δὲ,</span> <span class='ocrx_word' id='word_1_606' title='bbox 2760 5053 2867 5128; x_wconf 89' lang='grc' dir='ltr'>πρὸ</span> <span class='ocrx_word' id='word_1_607' title='bbox 2914 5058 3011 5107; x_wconf 93' lang='grc' dir='ltr'>τοῦ</span> <span class='ocrx_word' id='word_1_608' title='bbox 3055 5055 3146 5109; x_wconf 78' lang='grc' dir='ltr'>τὸν</span> <span class='ocrx_word' id='word_1_609' title='bbox 3195 5054 3419 5129; x_wconf 83' lang='grc' dir='ltr'>μείζονα</span> <span class='ocrx_word' id='word_1_610' title='bbox 3448 5056 3675 5134; x_wconf 76' lang='grc' dir='ltr'>ἄγγελον</span> <span class='ocrx_word' id='word_1_611' title='bbox 3705 5059 3888 5117; x_wconf 82' lang='grc' dir='ltr'>έλθεῖν</span> 
     </span>
    </p>
   </div>
   <div class='ocr_carea' id='block_1_105' title="bbox 2226 5141 2523 5198">
    <p class='ocr_par' dir='ltr' id='par_1_105' title="bbox 2226 5141 2523 5198">
     <span class='ocr_line' id='line_1_105' title="bbox 2226 5141 2523 5198; baseline 0 0"><span class='ocrx_word' id='word_1_612' title='bbox 2226 5141 2310 5198; x_wconf 74' lang='grc' dir='ltr'>ἐπ’</span> <span class='ocrx_word' id='word_1_613' title='bbox 2336 5141 2496 5198; x_wconf 86' lang='grc' dir='ltr'>αὑτόν</span> <span class='ocrx_word' id='word_1_614' title='bbox 2510 5184 2523 5198; x_wconf 93' lang='grc'><strong>.</strong></span> 
     </span>
    </p>
   </div>
   <div class='ocr_carea' id='block_1_106' title="bbox 2293 5231 3890 5312">
    <p class='ocr_par' dir='ltr' id='par_1_106' title="bbox 2293 5231 3890 5312">
     <span class='ocr_line' id='line_1_106' title="bbox 2293 5231 3890 5312; baseline 0.005 -27"><span class='ocrx_word' id='word_1_615' title='bbox 2293 5234 2431 5289; x_wconf 82' lang='grc' dir='ltr'>Εἶτα</span> <span class='ocrx_word' id='word_1_616' title='bbox 2478 5231 2615 5306; x_wconf 88' lang='grc' dir='ltr'>πρὸς</span> <span class='ocrx_word' id='word_1_617' title='bbox 2674 5231 2841 5286; x_wconf 85' lang='grc' dir='ltr'>αὑτοῦ</span> <span class='ocrx_word' id='word_1_618' title='bbox 2892 5233 2992 5301; x_wconf 79' lang='grc' dir='ltr'>τὴν</span> <span class='ocrx_word' id='word_1_619' title='bbox 3049 5232 3213 5291; x_wconf 84' lang='grc' dir='ltr'>Θείαν.</span> <span class='ocrx_word' id='word_1_620' title='bbox 3264 5238 3432 5290; x_wconf 88' lang='grc' dir='ltr'>Τοῦτο</span> <span class='ocrx_word' id='word_1_621' title='bbox 3495 5234 3642 5300; x_wconf 87' lang='grc' dir='ltr'>θέλει</span> <span class='ocrx_word' id='word_1_622' title='bbox 3688 5234 3890 5312; x_wconf 79' lang='grc' dir='ltr'>δεῖξαι,</span> 
     </span>
    </p>
   </div>
   <div class='ocr_carea' id='block_1_107' title="bbox 464 5318 2116 5399">
    <p class='ocr_par' dir='ltr' id='par_1_107' title="bbox 464 5318 2113 5398">
     <span class='ocr_line' id='line_1_107' title="bbox 464 5318 2113 5398; baseline -0.001 -17"><span class='ocrx_word' id='word_1_623' title='bbox 464 5325 621 5398; x_wconf 90' lang='lat' dir='ltr'><strong>quod</strong></span> <span class='ocrx_word' id='word_1_624' title='bbox 650 5324 827 5379; x_wconf 91' lang='lat' dir='ltr'><strong>etiam</strong></span> <span class='ocrx_word' id='word_1_625' title='bbox 859 5324 917 5375; x_wconf 90' lang='lat' dir='ltr'>in</span> <span class='ocrx_word' id='word_1_626' title='bbox 946 5319 1232 5392; x_wconf 86' lang='lat' dir='ltr'><strong>angelicis</strong></span> <span class='ocrx_word' id='word_1_627' title='bbox 1275 5318 1586 5375; x_wconf 90' lang='lat' dir='ltr'><strong>ordinibus</strong></span> <span class='ocrx_word' id='word_1_628' title='bbox 1627 5320 1802 5392; x_wconf 89' lang='lat' dir='ltr'><strong>primi</strong></span> <span class='ocrx_word' id='word_1_629' title='bbox 1835 5324 2113 5381; x_wconf 89' lang='lat' dir='ltr'><strong>secundis</strong></span> 
     </span>
    </p>
   </div>
   <div class='ocr_carea' id='block_1_108' title="bbox 2261 5318 3887 5399">
    <p class='ocr_par' dir='ltr' id='par_1_108' title="bbox 2261 5318 3887 5399">
     <span class='ocr_line' id='line_1_108' title="bbox 2261 5318 3887 5399; baseline 0.006 -24"><span class='ocrx_word' id='word_1_630' title='bbox 2261 5343 2305 5376; x_wconf 81' lang='grc' dir='ltr'>τι</span> <span class='ocrx_word' id='word_1_631' title='bbox 2346 5320 2436 5375; x_wconf 84' lang='grc' dir='ltr'>καὶ</span> <span class='ocrx_word' id='word_1_632' title='bbox 2486 5318 2537 5374; x_wconf 85' lang='grc' dir='ltr'>έν</span> <span class='ocrx_word' id='word_1_633' title='bbox 2580 5325 2696 5383; x_wconf 88' lang='grc' dir='ltr'>τοῖς</span> <span class='ocrx_word' id='word_1_634' title='bbox 2746 5318 3055 5396; x_wconf 83' lang='grc' dir='ltr'>ἀγγελικοῖς</span> <span class='ocrx_word' id='word_1_635' title='bbox 3107 5323 3370 5399; x_wconf 86' lang='grc' dir='ltr'>τάγμασιν</span> <span class='ocrx_word' id='word_1_636' title='bbox 3427 5326 3477 5379; x_wconf 73' lang='grc' dir='ltr'>οἱ</span> <span class='ocrx_word' id='word_1_637' title='bbox 3510 5330 3721 5395; x_wconf 84' lang='grc' dir='ltr'>πρῶτοι</span> <span class='ocrx_word' id='word_1_638' title='bbox 3764 5336 3887 5393; x_wconf 87' lang='grc' dir='ltr'>τοῖς</span> 
     </span>
    </p>
   </div>
   <div class='ocr_carea' id='block_1_109' title="bbox 460 5406 2116 5490">
    <p class='ocr_par' dir='ltr' id='par_1_109' title="bbox 460 5408 2109 5486">
     <span class='ocr_line' id='line_1_109' title="bbox 460 5408 2109 5486; baseline -0.001 -15"><span class='ocrx_word' id='word_1_639' title='bbox 460 5413 771 5471; x_wconf 86' lang='lat' dir='ltr'><strong>enuntient</strong></span> <span class='ocrx_word' id='word_1_640' title='bbox 800 5410 902 5466; x_wconf 88' lang='lat' dir='ltr'><strong>Dei</strong></span> <span class='ocrx_word' id='word_1_641' title='bbox 932 5408 1320 5465; x_wconf 86' lang='lat' dir='ltr'><strong>voluntatem.</strong></span> <span class='ocrx_word' id='word_1_642' title='bbox 1353 5409 1721 5482; x_wconf 80' lang='grc' dir='ltr'>Κατακάρπως</span> <span class='ocrx_word' id='word_1_643' title='bbox 1751 5416 1970 5484; x_wconf 84' lang='lat' dir='ltr'><strong>autem,</strong></span> <span class='ocrx_word' id='word_1_644' title='bbox 2006 5430 2109 5486; x_wconf 89' lang='lat' dir='ltr'>pro</span> 
     </span>
    </p>
   </div>
   <div class='ocr_carea' id='block_1_110' title="bbox 2261 5406 3884 5490">
    <p class='ocr_par' dir='ltr' id='par_1_110' title="bbox 2261 5406 3884 5490">
     <span class='ocr_line' id='line_1_110' title="bbox 2261 5406 3884 5490; baseline -0.002 -23"><span class='ocrx_word' id='word_1_645' title='bbox 2261 5411 2491 5485; x_wconf 85' lang='grc' dir='ltr'>ευτέροις</span> <span class='ocrx_word' id='word_1_646' title='bbox 2538 5406 2927 5485; x_wconf 83' lang='grc' dir='ltr'>διαγγέλλουσι</span> <span class='ocrx_word' id='word_1_647' title='bbox 2974 5411 3075 5480; x_wconf 76' lang='grc' dir='ltr'>τήν</span> <span class='ocrx_word' id='word_1_648' title='bbox 3125 5416 3223 5467; x_wconf 81' lang='grc' dir='ltr'>τοῦ</span> <span class='ocrx_word' id='word_1_649' title='bbox 3254 5414 3387 5469; x_wconf 82' lang='grc' dir='ltr'>Θεοῦ</span> <span class='ocrx_word' id='word_1_650' title='bbox 3434 5414 3665 5490; x_wconf 77' lang='grc' dir='ltr'>βουλήν.</span> <span class='ocrx_word' id='word_1_651' title='bbox 3701 5419 3884 5474; x_wconf 86' lang='grc' dir='ltr'>Κατα-</span> 
     </span>
    </p>
   </div>
   <div class='ocr_carea' id='block_1_111' title="bbox 462 5497 1181 5573">
    <p class='ocr_par' dir='ltr' id='par_1_111' title="bbox 462 5497 1181 5573">
     <span class='ocr_line' id='line_1_111' title="bbox 462 5497 1181 5573; baseline -0.011 -11"><span class='ocrx_word' id='word_1_652' title='bbox 462 5504 727 5573; x_wconf 86' lang='lat' dir='ltr'><strong>omnino,</strong></span> <span class='ocrx_word' id='word_1_653' title='bbox 762 5516 832 5555; x_wconf 82' lang='lat' dir='ltr'>ex</span> <span class='ocrx_word' id='word_1_654' title='bbox 866 5497 1181 5555; x_wconf 87' lang='lat' dir='ltr'><strong>Ezechiele.</strong></span> 
     </span>
    </p>
   </div>
   <div class='ocr_carea' id='block_1_112' title="bbox 2218 5496 3505 5573">
    <p class='ocr_par' dir='ltr' id='par_1_112' title="bbox 2218 5496 3505 5573">
     <span class='ocr_line' id='line_1_112' title="bbox 2218 5496 3505 5573; baseline 0.001 -16"><span class='ocrx_word' id='word_1_655' title='bbox 2218 5502 2443 5573; x_wconf 84' lang='grc' dir='ltr'>κάρπως</span> <span class='ocrx_word' id='word_1_656' title='bbox 2475 5496 2533 5554; x_wconf 69' lang='grc' dir='ltr'>δὲ</span> <span class='ocrx_word' id='word_1_657' title='bbox 2563 5498 2678 5553; x_wconf 85' lang='grc' dir='ltr'>ἀντὶ</span> <span class='ocrx_word' id='word_1_658' title='bbox 2708 5502 2805 5553; x_wconf 87' lang='grc' dir='ltr'>τοῦ</span> <span class='ocrx_word' id='word_1_659' title='bbox 2830 5500 2968 5555; x_wconf 83' lang='grc' dir='ltr'>πάνυ</span> <span class='ocrx_word' id='word_1_660' title='bbox 3001 5499 3061 5555; x_wconf 79' lang='grc' dir='ltr'>ἐκ</span> <span class='ocrx_word' id='word_1_661' title='bbox 3088 5505 3187 5556; x_wconf 90' lang='grc' dir='ltr'>τοῦ</span> <span class='ocrx_word' id='word_1_662' title='bbox 3215 5500 3505 5573; x_wconf 80' lang='grc' dir='ltr'>Ἰεζεκιήλ.</span> 
     </span>
    </p>
   </div>
   <div class='ocr_carea' id='block_1_113' title="bbox 1459 5614 2873 5679">
    <p class='ocr_par' dir='ltr' id='par_1_113' title="bbox 1459 5614 2873 5679">
     <span class='ocr_line' id='line_1_113' title="bbox 1459 5614 2873 5679; baseline 0.001 -7"><span class='ocrx_word' id='word_1_663' title='bbox 1459 5614 1704 5674; x_wconf 71' lang='lat' dir='ltr'>VARIIE</span> <span class='ocrx_word' id='word_1_664' title='bbox 1743 5617 2143 5678; x_wconf 82' lang='lat' dir='ltr'>LEGTIONES</span> <span class='ocrx_word' id='word_1_665' title='bbox 2179 5620 2273 5679; x_wconf 88' lang='lat' dir='ltr'><strong>ET</strong></span> <span class='ocrx_word' id='word_1_666' title='bbox 2313 5616 2873 5677; x_wconf 79' lang='lat' dir='ltr'>CORRECTIONES.</span> 
     </span>
    </p>
   </div>
   <div class='ocr_carea' id='block_1_114' title="bbox 534 5699 1209 5780">
    <p class='ocr_par' dir='ltr' id='par_1_114' title="bbox 534 5699 1209 5780">
     <span class='ocr_line' id='line_1_114' title="bbox 534 5699 1209 5780; baseline -0.003 -17"><span class='ocrx_word' id='word_1_667' title='bbox 534 5711 580 5746; x_wconf 78' lang='lat'><strong>“</strong></span> <span class='ocrx_word' id='word_1_668' title='bbox 608 5706 883 5780; x_wconf 79' lang='grc' dir='ltr'>ἀνωτέρω.</span> <span class='ocrx_word' id='word_1_669' title='bbox 961 5706 1005 5742; x_wconf 82' lang='grc'>⁵⁸</span> <span class='ocrx_word' id='word_1_670' title='bbox 1035 5704 1096 5759; x_wconf 88' lang='grc' dir='ltr'>τὸ</span> <span class='ocrx_word' id='word_1_671' title='bbox 1132 5699 1209 5761; x_wconf 84' lang='grc' dir='ltr'>δέ.</span> 
     </span>
    </p>
   </div>
  </div>
