4158 6370
261 398 322 451 81
981 401 1043 454 S.
1084 398 1354 455 MAXIM!
1390 398 1700 455 SCHOLIA
1734 400 1811 454 IN
1850 399 1925 454 LI

2045 400 2121 454 )E
2159 400 2481 460 C(ELRSTI
2517 404 2989 461 ΗΙΕΒΔΒΟΗΙΔ.
3629 400 3701 455 82

329 516 778 594 Ἀποκρίνεσθαι.
813 518 1007 583 Καλῶς
1052 521 1200 575 εἶπεν
1252 522 1280 575 6
1326 520 1530 597 Κύριος
1562 520 1613 575 ἐν
1662 525 1741 592 τῷ
1788 540 1925 596 προ-

2114 525 2469 597 Respondi-re.
2495 531 2667 585 Recte
2699 527 2845 583 dixit
2866 525 3145 582 dominus
3168 524 3228 580 in
3254 523 3539 596 propheta
3561 524 3698 579 Eze-

266 611 409 687 φήτῃ
440 608 742 682 Ἰεζεκιήλ,
771 607 908 664 ὥστε
958 616 1301 686 χωρισθῆναι
1358 615 1467 666 τῶν
1520 607 1744 665 δικαίων
1806 608 1933 671 τοὺς

272 695 644 774 ἁμαρτωλούς
677 717 689 730 ·
723 702 885 753 τοῦτο
916 700 1021 774 γὰρ
1052 700 1139 754 καὶ
1170 698 1223 754 ἐν
1251 704 1369 762 τοῖς
1410 699 1764 776 Εὐαγγελίοις
1811 699 1935 776 φαί-

272 809 416 843 νεται
448 788 805 858 πεποιηκὼς,
838 787 976 843 ὥστε
1006 790 1051 825 ⁵⁸
1078 790 1145 842 τὰ
1172 783 1421 863 πρόϐατα
1469 789 1528 843 ἑκ
1572 792 1678 842 τῶν
1732 788 1933 865 ἐρίφων

273 874 603 952 διεμέρισεν.
664 874 809 933 Ἰδοὺ
868 874 1083 949 συνᾴδει
1140 878 1228 932 καὶ
1292 878 1345 933 ἐν
1400 877 1580 950 τούτῳ
1628 880 1664 948 ἡ
1722 876 1937 933 Παλαιᾶ

272 969 521 1037 Διαθήκη
552 969 623 1040 τῇ
658 967 787 1038 Νέᾳ.

341 1061 436 1118 ³ος
467 1055 560 1111 τὸν
592 1052 837 1131 ποδήρη.
873 1054 1004 1131 Περὶ
1032 1059 1131 1111 τοῦ
1174 1056 1265 1111 τὸν
1316 1053 1535 1132 ποδήρη
1585 1053 1935 1119 ἐνδεδυκότος

268 1149 488 1221 χιτῶνα
518 1147 581 1202 ⁸⁷.
613 1144 933 1219 Σημείωσαι
968 1142 1047 1216 δὲ,
1080 1142 1162 1200 ὅτι
1210 1149 1291 1218 τῷ
1338 1146 1434 1218 μὲν
1483 1144 1699 1221 ἀγγέλῳ
1746 1150 1826 1217 τῷ
1871 1146 1933 1199 τὸ

271 1237 368 1308 μὲν
461 1239 691 1308 σημεῖον
778 1232 1040 1298 ἐπιθεῖναι
1123 1232 1463 1291 κελευσθὲντι
1536 1231 1790 1310 ποδήρης
1867 1233 1936 1303 ἦν

267 1323 473 1400 χιτὼν,
519 1325 608 1378 καὶ
695 1324 837 1394 ζώνη
901 1323 1027 1399 περὶ
1084 1325 1184 1394 τήν
1232 1323 1421 1402 ὀσφὺν,
1477 1331 1673 1400 σχῆμα
1728 1322 1937 1399 πρέπον

269 1415 409 1489 ἱερεῖ
442 1431 457 1444 ·
514 1417 635 1475 τοῖς
695 1410 753 1468 δὲ
833 1409 1093 1487 ἀγγᾶλοις
1154 1410 1352 1476 ἄλλοις
1425 1411 1658 1475 πέλεκυς
1710 1412 1763 1467 ἐν
1820 1416 1937 1475 ταῖς

264 1502 485 1577 χερσὶν,
536 1500 670 1577 ὅπερ
719 1499 888 1572 δηλοῖ
932 1503 1317 1577 τιμωρητικήν
1377 1523 1493 1557 τινα
1546 1498 1774 1575 δύναμιν
1811 1520 1824 1533 ·
1859 1501 1934 1563 ὡς

272 1590 335 1646 ἐκ
363 1592 565 1646 τούτου
593 1596 737 1645 νοεῖν
767 1592 939 1663 ἡμᾶς,
980 1589 1062 1644 ὅτι
1094 1591 1231 1666 πρὸς
1279 1590 1342 1645 τὸ
1394 1589 1598 1663 μὲλλον
1653 1590 1934 1645 ἀποτελεῖ·-

268 1682 393 1735 σθαι
439 1681 532 1735 καὶ
581 1680 643 1734 τὸ
692 1684 800 1734 τῶν
849 1678 1099 1754 ἀγγέλων
1151 1678 1297 1742 εἶδος
1348 1679 1767 1755 σχηματίζεται,
1800 1678 1934 1755 ὅπερ

267 1771 524 1835 ἆννοῆσαι
560 1769 855 1847 ὀφείλομεν
884 1770 1009 1845 περί
1047 1773 1155 1823 τῶν
1209 1768 1450 1847 σεραφὶμ
1496 1771 1582 1825 καὶ
1634 1764 1929 1845 χερουϐἱμ,

2045 613 2247 680 cbiele,
2308 620 2373 671 ut
2426 622 2774 689 separentur
2811 616 2958 687 justi
3008 632 3043 671 a
3098 612 3549 686 peccatoribus:
3586 612 3695 667 hoc

2044 702 2198 758 enim
2226 704 2285 759 in
2308 705 2636 778 Evangeliis
2667 708 2910 778 apparet
2940 703 3144 760 fecisse
3174 703 3409 773 quando
3440 715 3578 757 oves
3620 700 3693 757 ab

2044 792 2224 848 haedis
2256 793 2456 850 divisit
2482 794 2576 866 (θ).
2617 799 2756 850 Ecce
2782 794 2959 850 etiam
2984 793 3044 848 in
3070 792 3179 848 hoc
3201 794 3488 847 consonat
3508 794 3690 847 Vetus

2044 882 2488 939 Testamentum
2516 884 2694 941 Novo.

2115 972 2224 1040 Qui
2250 974 2417 1028 talari
2443 982 2603 1029 veste.
2637 979 2716 1030 De
2745 990 2834 1043 eo,
2866 972 2967 1044 qui
2998 972 3247 1028 indutus
3277 974 3403 1028 erat
3429 968 3693 1025 tunicam

2042 1059 2308 1116 talarem.
2340 1061 2491 1118 Nota
2520 1079 2677 1131 vero,
2711 1064 2864 1134 quod
2889 1061 3097 1135 angelo
3138 1060 3369 1132 signum
3401 1074 3697 1131 apponere

2035 1150 2229 1221 jusso,
2261 1151 2463 1207 talari:
2493 1155 2609 1208 erat
2641 1154 2854 1220 tunica,
2880 1160 2931 1207 et
2959 1152 3253 1221 cingulum
3280 1151 3431 1205 circa
3460 1148 3694 1215 lumbos,

2050 1239 2255 1295 habitu
2304 1241 2590 1297 sacerdoti
2635 1242 3009 1298 conveniens.
3043 1239 3279 1313 Angelis
3309 1255 3480 1312 porro
3528 1241 3701 1293 caete-

2050 1329 2152 1398 ris,
2183 1332 2385 1386 securis
2426 1332 2486 1385 in
2513 1331 2791 1401 manibus,
2837 1331 2994 1402 quod
3045 1329 3345 1402 signiﬁcat
3383 1326 3703 1383 vindicati-

2045 1434 2176 1474 vam
2207 1418 2467 1490 aliquam
2498 1419 2776 1475 virtutem
2810 1436 2823 1476 :
2859 1424 2925 1475 ut
2973 1435 3042 1475 ex
3088 1419 3200 1475 hoc
3253 1435 3361 1473 nos
3409 1415 3702 1488 intelliga-

2048 1523 2202 1572 mus,
2235 1509 2391 1579 quod
2417 1509 2587 1579 juxta
2616 1508 2785 1574 illud,
2826 1509 2979 1580 quod
3009 1507 3386 1564 efﬁciendum
3418 1510 3529 1576 est,
3559 1521 3700 1577 spe-

2045 1597 2165 1652 cies
2196 1598 2374 1653 etiam
2405 1597 2750 1669 angelorum
2784 1597 3043 1669 ﬁngatur
3071 1615 3083 1652 :
3117 1596 3270 1669 quod
3303 1595 3560 1668 cogitare
3591 1594 3691 1649 de-

2043 1686 2250 1741 bemus
2307 1686 2378 1741 de
2435 1685 2735 1756 seraphim
2794 1689 2850 1739 et
2906 1684 3209 1739 cherubim
3240 1687 3298 1738 et
3327 1681 3550 1737 caeteris
3580 1680 3694 1737 vir-

2040 1774 2303 1843 tutibus;
2338 1775 2477 1846 quia
2507 1774 2833 1829 secundum
2866 1773 3168 1845 proprium
3200 1772 3467 1828 ordinem
3510 1770 3691 1826 etiam

266 1859 358 1912 καὶ
389 1862 500 1913 τῶν
530 1854 717 1913 ἄλλων
753 1855 1055 1931 δυνάμεων,
1083 1856 1165 1912 ὅτι
1205 1858 1343 1930 πρὸς
1388 1858 1488 1926 τὴν
1536 1857 1733 1913 οἰκείαν
1783 1859 1925 1930 τάξιν

2045 1863 2307 1919 habitum
2339 1863 2622 1931 habeant;
2655 1862 2756 1934 qui
2787 1862 2944 1918 enim
2967 1862 3246 1936 τρισάγιον
3281 1860 3568 1933 hymnum
3601 1857 3694 1913 di-

266 1948 359 2002 καὶ
402 1947 471 2003 τὸ
516 1953 712 2022 σχῆμα
756 1944 978 2022 ἔχουσιν
1014 1965 1027 1978 ·
1065 1947 1117 2000 οἱ
1163 1946 1267 2021 γὰρ
1315 1947 1407 2001 τὸν
1438 1946 1713 2020 τρισάγιον
1762 1946 1927 2019 ὕμνον

272 2037 533 2111 Αὲγοντες
562 2035 999 2110 πολυπρόσωποι
1033 2053 1142 2109 σχη
1155 2031 1810 2108 ματίζονται,δηλοῦντος
1833 2036 1929 2091 τοῦ

272 2124 472 2201 λόγου,
504 2126 589 2179 ὅτι
621 2122 879 2200 ἀσίγητός
929 2122 1040 2179 ἐστι
1084 2124 1176 2178 καὶ
1217 2122 1395 2187 πολὺς
1425 2124 1453 2179 ὁ
1484 2122 1659 2179 αὐτῶν
1709 2123 1877 2198 ὕμνος
1911 2144 1925 2159 ’

268 2211 419 2269 οὕτω
450 2214 542 2269 καὶ
570 2212 694 2288 περὶ
724 2218 833 2269 τῶν
867 2212 991 2284 ἱξῆς
1022 2213 1246 2283 νόησον.

334 2301 405 2356 Τὸ
465 2305 696 2374 σημεῖον
757 2299 832 2363 εἷς
886 2301 957 2354 τὰ
1017 2301 1264 2375 μέτωπα.
1299 2300 1643 2374 Σημείωσαὶ,
1689 2300 1769 2356 δτι
1830 2303 1929 2371 τὴν

264 2389 410 2455 θείαν
476 2389 830 2466 προτύπωσιν
886 2389 937 2460 ἐξ
992 2389 1197 2444 ἐκείνου
1254 2392 1628 2466 προεμήνυσε,
1680 2392 1742 2445 τὸ
1798 2390 1928 2454 τοὺς

265 2479 499 2542 πιστοὺς
531 2480 667 2535 κατὰ
690 2478 753 2533 τὸ
788 2480 1038 2552 μέτωπον
1068 2481 1112 2515 ⁸⁸
1148 2481 1250 2549 τήν
1308 2482 1577 2549 ζωοποιὸν
1632 2479 1926 2544 ἐπιτιθέναι

267 2567 568 2647 σφραγῖδα,
601 2569 691 2624 καὶ
722 2570 1114 2645 περισώζεσθαι
1148 2569 1208 2624 ὲκ
1233 2573 1330 2625 τοῦ
1361 2568 1690 2644 ὀλοθρευτοῦ
1723 2588 1736 2600 ⁸
1783 2567 1930 2625 ἀλλὰ

262 2658 385 2714 τότε
455 2659 551 2732 μὲν
602 2656 822 2734 ἄγγελοι
874 2657 925 2712 ἰν
995 2660 1244 2733 σχήματι
1293 2660 1480 2734 ἱερὲων
1528 2663 1689 2713 τοῦτο
1748 2664 1926 2713 ποιεῖν

262 2747 662 2817 ἐκελεύσθησαν
718 2752 836 2811 τοῖς
884 2747 1193 2811 ἀνευθύνοις
1227 2766 1240 2779 ’
1302 2751 1336 2817 ἡ
1394 2749 1495 2823 γὰρ
1558 2750 1698 2818 ζώνη
1758 2748 1848 2802 καὶ
1897 2749 1925 2802 6

267 2835 527 2914 ποδήρης
558 2838 732 2912 χιτὼν
759 2837 824 2892 τὸ
864 2838 1185 2913 ἱεροπρεπὲς
1211 2842 1318 2891 τῶν
1351 2837 1539 2911 ἱερέων
1585 2835 1754 2908 δηλοῖ
1792 2844 1929 2912 σχῆ-

266 2948 344 2999 μα
379 2946 392 2957 ·
429 2925 521 2980 νῧν
558 2923 615 2981 δὲ
662 2926 751 2980 καὶ
815 2928 1003 2999 ἡμεῖς,
1058 2927 1267 2987 ἑαυτοῖς
1326 2926 1377 2979 οἱ
1436 2925 1618 2981 πιστοὶ
1674 2927 1773 2995 τήν
1830 2929 1926 2980 τοῦ

263 3019 510 3090 σταυροῦ
582 3012 852 3093 σφραγῖδα
914 3036 1051 3070 κατα
1116 3016 1181 3070 τὸ
1249 3013 1499 3088 μέτωπον
1556 3013 1924 3085 ἐντυποῦντες,

262 3103 639 3183 διαφεύγομεν
690 3105 781 3159 τὸν
839 3102 1037 3180 ἐχθρόν
1075 3123 1088 3137 ο
1136 3101 1256 3158 ῗδοὺ
1314 3105 1401 3159 καὶ
1465 3101 1611 3175 ἄλλη
1662 3102 1925 3178 ὁμοίωσις

258 3192 510 3256 Ηαλαιᾶς
554 3194 693 3271 πρὸς
753 3194 855 3262 τὴν
924 3194 1083 3250 Νὲαν.
1137 3193 1457 3267 Σημείωσαι
1508 3190 1585 3265 δὲ,
1632 3194 1715 3249 δτι
1774 3191 1927 3247 αὗταί

2041 1957 2185 2009 cunt
2215 1953 2434 2009 multas
2477 1952 2694 2009 habere
2744 1951 2923 2007 facies
2970 1951 3259 2023 ﬁguntur,
3291 1963 3564 2005 sermone
3594 1950 3697 2003 de-

2042 2042 2322 2109 clarante,
2353 2043 2503 2112 quod
2536 2041 2879 2097 indesinens
2911 2040 2991 2096 sit
3032 2044 3091 2096 et
3120 2039 3396 2110 frequens
3424 2038 3694 2110 ipsorum

2041 2130 2297 2205 hymnus
2330 2149 2343 2188 :
2387 2131 2586 2203 itaque
2611 2131 2683 2186 de
2708 2129 2952 2202 reliquis
2983 2127 3266 2200 intellige.

2110 2309 2349 2378 Signum
2378 2310 2437 2365 in
2466 2309 2763 2380 frontibus.
2797 2308 2946 2366 Nota
2978 2307 3235 2364 divinam
3266 2303 3691 2379 pmﬁguratio-

2040 2416 2173 2455 nem
2207 2415 2276 2454 ex
2305 2398 2405 2455 illo
2436 2397 3007 2470 praemonstravisse,
3038 2396 3238 2452 ﬁdeles
3261 2396 3322 2451 in
3338 2395 3528 2451 fronte
3545 2393 3690 2450 vivi-

2040 2487 2217 2543 ﬁcum
2250 2504 2542 2559 opponere
2592 2486 2874 2560 sigillum,
2908 2492 2966 2542 et
3008 2484 3339 2541 conservari
3383 2484 3456 2539 ab
3494 2487 3689 2539 exter-

2040 2576 2359 2646 minatore;
2396 2578 2495 2632 sed
2528 2581 2657 2632 tum
2690 2577 2930 2647 quidem
2962 2574 3153 2647 angeli
3178 2574 3238 2630 in
3268 2573 3473 2630 habitu
3496 2589 3691 2629 sacer-

2039 2667 2242 2721 dotum
2275 2667 2382 2722 hoc
2424 2666 2648 2737 iniquis
2696 2666 2797 2722 32
2846 2664 3208 2734 facerejussi
3260 2666 3442 2719 sunt:
3475 2662 3690 2734 cingu-

2037 2755 2162 2812 lum
2196 2758 2353 2812 enim
2384 2760 2441 2812 et
2486 2756 2690 2812 talaris
2738 2755 2963 2826 tunica,
3004 2754 3185 2811 sacris
3244 2752 3685 2809 convenientem

2038 2847 2411 2902 sacerdotum
2443 2845 2739 2918 significat
2767 2844 3066 2913 habitum;
3120 2860 3274 2900 nunc
3319 2859 3451 2899 vero
3505 2842 3687 2897 etiam

2039 2952 2145 2991 nos
2203 2934 2403 2991 ﬁdeles
2453 2935 2623 2991 nobis
2672 2935 2819 3007 ipsis
2868 2934 3106 3006 signum
3153 2931 3346 2987 crucis
3395 2931 3455 2985 in
3496 2930 3689 2985 fronte

2037 3024 2464 3096 imprimentes,
2499 3024 2771 3093 fugamus
2820 3022 3086 3089 hostem;
3120 3037 3189 3076 en
3231 3023 3287 3076 et
3333 3017 3509 3074 aliam
3542 3034 3690 3085 quo.

2039 3131 2153 3186 que
2183 3112 2639 3169 similitudinem
2674 3112 2917 3184 Antiqui
2949 3109 3309 3167 Testamenti
3343 3125 3477 3165 cum
3508 3108 3690 3164 Novo.

2040 3203 2189 3258 Nota
2219 3206 2436 3273 autem,
2468 3201 2577 3257 hos
2609 3218 2739 3257 esse
2768 3204 2890 3257 tres
2919 3200 3107 3257 trinos
3134 3198 3371 3256 ordines
3404 3196 3690 3269 intelligi-

258 3282 395 3338 εἰσιν
431 3283 488 3337 αἱ
518 3287 667 3356 τρεῖς
697 3280 973 3355 τριαὸικαί
999 3282 1177 3353 τάξεις
1206 3286 1313 3336 τῶν
1342 3286 1553 3354 νοητῶν
1589 3279 1870 3355 δυνάμεων
1903 3301 1916 3316 ’

2045 3291 2239 3348 silium
2268 3291 2553 3346 virtutum
2589 3307 2602 3346 :
2638 3289 2864 3362 primus
2895 3289 3104 3357 ternio,
3136 3286 3355 3356 throni,
3388 3291 3512 3343 tum
3551 3285 3685 3341 che-

259 3374 461 3447 πρώτη
490 3374 667 3449 τριὰς,
700 3372 882 3449 θρόνοι
919 3392 931 3405 ·
976 3374 1091 3427 εἶτα
1140 3366 1439 3448 χερουόἰμ,
1472 3374 1587 3427 εἶτα
1643 3370 1916 3450 σεραφίμυ

264 3459 493 3538 δευτέρα
584 3462 761 3537 τριὰς,
842 3460 1180 3538 κυριότητες,
1269 3460 1545 3535 δυνάμεις,
1631 3460 1916 3532 ἐξουσίαι·

262 3551 423 3605 αὗται
501 3551 591 3605 καὶ
666 3552 824 3624 μὲσαι
901 3548 1199 3626 λέγονται·
1254 3550 1417 3626 ’τρίτη
1491 3553 1669 3626 τριὰς,
1725 3549 1916 3625 ἀρχαὶ,

257 3640 633 3717 ἆρχάγγελοι,
709 3640 973 3716 ἄγγελοι·
1027 3644 1195 3713 κοινῷ
1267 3637 1323 3695 δὲ
1401 3639 1624 3713 ὀνόματι
1718 3641 1914 3702 πάντες

257 3729 514 3804 ἄγγελοι.

330 3818 617 3892 Εὗταξίας.
668 3818 799 3893 Περὶ
850 3817 1092 3889 εὐταξίας
1136 3821 1244 3873 τῶν
1290 3814 1551 3893 δευτέρων
1604 3818 1740 3895 πρὸς
1789 3818 1915 3879 τοὺς

252 3909 592 3983 ἀνωτέρους.

323 4015 426 4069 Τὸν
509 4012 781 4068 Θειότατον
861 4008 1131 4088 Γαϐριήλ.
1193 4014 1537 4085 Σημείωσαι,
1602 4011 1684 4068 ὅτι
1746 4011 1836 4067 καὶ
1884 4013 1912 4067 6

256 4099 510 4179 Γαϐριὴλ
573 4104 675 4158 οὐκ
729 4099 840 4157 ἔστι
896 4106 1005 4157 τῶν
1056 4102 1341 4178 ἀνωτέρων
1404 4099 1710 4175 δυνάμεων,
1768 4100 1917 4157 ἀλλὰ

254 4200 366 4249 τῶν
406 4192 730 4271 ὑφειμένων.

326 4282 661 4359 Ἰεραρχίας.
750 4280 1094 4356 Σημείωσαι,
1142 4279 1224 4335 ὅτι
1314 4279 1542 4354 μίμημα
1620 4285 1719 4347 τῆς
1806 4279 1915 4335 ἅνω

263 4379 538 4447 μυστικῆς
592 4370 880 4446 ἱεραρχίας
933 4371 1000 4425 τὰ
1057 4369 1108 4425 ἰν
1164 4374 1233 4443 τῇ
1293 4368 1591 4441 Ἐκκλησία
1662 4370 1919 4447 γινόμενα

256 4465 505 4536 σήμερον
542 4479 554 4491 ·
588 4461 678 4516 καὶ
710 4460 813 4535 γὰρ
847 4461 897 4514 οἱ
928 4460 1094 4534 ἱερεῖς
1143 4456 1414 4536 σφραγῖδα
1470 4456 1767 4523 ἐπιτιθέασι
1819 4464 1917 4515 τοῦ

260 4554 544 4621 ζωοποιοῢ
593 4553 824 4624 σταυροῦ
874 4554 990 4613 τοῖς
1036 4552 1324 4623 προσιοῦσι
1373 4553 1453 4620 τῷ
1486 4548 1795 4625 μυστηρίῳ,
1829 4546 1919 4604 διὰ

2032 3381 2249 3449 rubim,
2283 3380 2495 3436 deinde
2523 3379 2845 3452 seraphim.
2902 3378 3209 3434 Secundus
3257 3375 3449 3444 tertio,
3496 3374 3685 3431 domi-

2031 3470 2324 3540 nationes,
2382 3468 2656 3535 virtutes,
2711 3470 3067 3539 potestates;
3120 3465 3204 3520 baa
3248 3464 3425 3520 etiam
3470 3463 3674 3518 mediae

2028 3558 2335 3625 dicuntur;
2368 3558 2581 3612 tertius
2638 3555 2849 3623 ternio,
2894 3555 3281 3627 principatus,
3313 3551 3673 3625 archangeli,

2026 3642 2215 3717 angeli
2252 3661 2266 3700 :
2296 3642 2596 3700 communi
2625 3646 2822 3700 autem
2852 3642 3092 3697 nomine
3122 3638 3381 3697 universi
3412 3637 3626 3712 angeli.

2097 3822 2233 3878 Boni
2259 3822 2490 3878 ordinis.
2528 3821 2605 3877 De
2634 3824 2792 3877 recto
2841 3820 3048 3877 ordine
3101 3817 3500 3875 secundorum
3532 3830 3672 3889 erga

2022 3911 2375 3983 superiores.

2101 4019 2531 4074 Diviniuimum
2562 4017 2893 4073 Gabrielem.
2926 4016 3074 4072 Nota
3120 4016 3298 4071 etiam
3346 4012 3677 4070 Gabrielem

2024 4125 2139 4163 non
2169 4124 2298 4164 esse
2328 4106 2701 4180 superiorum
2730 4109 3040 4171 virtutum,
3064 4105 3167 4161 sed
3198 4103 3565 4159 inferiorum.

2096 4284 2457 4342 Hierarchiae.
2490 4285 2658 4349 Nota,
2691 4302 2760 4341 ea
2783 4301 2911 4355 quas
2942 4282 3116 4338 hodie
3148 4281 3208 4336 in
3241 4279 3498 4337 Ecclesia
3527 4279 3678 4335 ﬁunt

2026 4392 2156 4431 esse
2206 4375 2594 4430 imitationem
2657 4390 2925 4446 superne
2975 4372 3235 4444 mysticae
3287 4368 3673 4435 hierarchisa;

2027 4466 2245 4519 etenim
2277 4464 2611 4520 sacerdotes
2633 4463 2948 4535 imponunt
2969 4461 3206 4533 signum
3228 4457 3466 4515 viviﬁcaa
3488 4457 3677 4513 crucis

2029 4553 2441 4609 accedentibus
2473 4555 2543 4609 ad
2577 4555 3041 4617 sacramentum;
3074 4549 3214 4621 quia
3252 4546 3505 4619 separati
3537 4550 3680 4603 sunt

252 4642 316 4695 τὸ
375 4645 724 4715 χωρισθῆναι
784 4636 979 4699 αὐτοὺς
1035 4641 1142 4691 τῶν
1200 4635 1466 4703 ἀπίστων,
1525 4636 1614 4691 καὶ
1676 4637 1768 4692 ’ίνα
1822 4637 1913 4692 τὸν

2045 4643 2100 4697 lb
2131 4641 2491 4714 inﬁdelibus,
2525 4650 2720 4714 atque,
2752 4646 2819 4695 ut
2847 4640 3075 4695 hostem
3120 4637 3465 4710 effugerint;
3509 4634 3681 4692 aliter

261 4729 465 4806 ἰχθρὸν
498 4726 834 4805 διαφύγωσιν
870 4746 883 4758 ·
917 4723 1108 4787 ἄλλως
1145 4745 1204 4779 τε
1251 4725 1341 4780 καὶ
1388 4725 1537 4796 τάξις
1594 4724 1919 4804 φυλάττεται

253 4820 396 4875 κατά
453 4818 555 4886 τὴν
612 4816 763 4890 ἁγίαν
826 4814 1154 4886 Ἐκκλησίαν
1192 4831 1207 4849 ⁸
1265 4815 1294 4869 ὃ
1350 4815 1452 4891 γὰρ
1502 4821 1678 4870 ποιεῖν
1737 4815 1917 4871 ἐπιτέ-

251 4927 491 4981 τραπται
527 4906 555 4960 6
587 4901 971 4975 ὑποδιάκονος,
1006 4902 1067 4957 οὗ
1100 4907 1349 4957 ποιοῦσιν
1388 4905 1441 4957 οἱ
1495 4901 1869 4978 ὑποδεέστεροι
1905 4924 1918 4937 '

254 4994 347 5049 καὶ
379 4996 411 5048 '6
443 4998 596 5049 ποιεῖ
625 4994 654 5047 6
678 4987 1063 5069 πρεσϐύτερος,
1100 4991 1161 5046 οὐ
1220 4997 1370 5047 ποιεῖ
1423 4993 1451 5047 6
1509 4989 1788 5058 διάκονος·
1831 4995 1921 5048 καὶ

262 5083 458 5147 ἁπλῶς
519 5083 714 5151 εἰπεῖν,
772 5078 996 5145 ἕκαστος
1056 5076 1173 5155 ἔχει
1226 5083 1326 5150 τὴν
1402 5081 1712 5157 πρέπουσαν
1770 5084 1921 5155 αὐτῷ

264 5172 611 5250 λειτουργίαν
647 5192 659 5205 ·
694 5175 863 5243 κοινῷ
907 5167 964 5225 δὲ
1011 5169 1235 5243 ὀνόματι
1282 5171 1476 5233 πάντες
1522 5170 1780 5247 κληρικοῖ
1828 5173 1916 5226 καὶ

257 5262 576 5339 λειτουργοὶ
637 5261 956 5328 καλοῦνται,
992 5260 1065 5322 ὡς
1122 5259 1212 5313 καὶ
1267 5261 1318 5313 οἱ
1374 5256 1600 5335 ἄγγελοι
1632 5278 1647 5294 ⁸
1682 5259 1920 5324 ἇντεῦθεν

330 5436 395 5507 (c)
428 5432 640 5493 Matth.
672 5447 808 5505 xxv,
836 5431 931 5491 32.

2031 4746 2268 4803 quoque
2299 4732 2442 4786 ordo
2474 4730 2651 4787 etiam
2703 4730 2765 4785 in
2809 4733 3016 4785 sancta
3065 4727 3324 4784 Ecclesia
3373 4729 3677 4793 servatur;

2031 4820 2185 4890 quod
2217 4820 2374 4875 enim
2409 4821 2598 4876 facere
2648 4819 3010 4875 subdiacono
3057 4817 3395 4884 mandatur,
3432 4814 3678 4869 minime

2032 4908 2257 4963 faciunt
2285 4908 2613 4975 inferiores,
2641 4913 2699 4964 et
2720 4909 2871 4978 quod
2892 4907 3031 4963 facit
3061 4906 3360 4971 sacerdos,
3393 4919 3506 4958 non
3535 4901 3678 4956 facit

2032 4996 2341 5064 diaconus,
2373 5001 2550 5068 atque
2580 5001 2645 5052 ut
2673 4996 2848 5052 verbo
2887 4994 3212 5063 absolvam,
3266 4990 3679 5061 unusquisque

2033 5083 2208 5141 habet
2246 5085 2600 5141 conveniens
2632 5085 2743 5142 sibi
2775 5081 3208 5148 ministerium;
3239 5078 3540 5135 communi
3568 5094 3676 5133 au-

2032 5177 2151 5229 tem
2209 5173 2446 5230 nomine
2496 5191 2701 5231 omnes
2748 5172 2945 5228 clerici
2988 5176 3046 5226 et
3090 5168 3344 5225 ministri
3374 5172 3675 5239 vocantur,

2036 5261 2190 5319 sicut
2219 5263 2395 5319 etiam
2428 5264 2621 5337 angeli
2657 5280 2670 5320 :
2704 5263 2861 5317 unde
2893 5257 3220 5330 intelligere
3248 5262 3498 5331 oportet,
3530 5274 3675 5330 quo-

1258 5572 1497 5630 VARIJE
1535 5572 1917 5633 LECTIONES
1954 5574 2049 5635 ET
2087 5575 2643 5636 CORRECTIONES.

329 5734 371 5772 ³⁸
398 5730 508 5790 ὅτε.
591 5730 634 5767 ⁵⁷
667 5725 933 5805 anno».
1006 5725 1053 5763 ⁸⁸
1082 5722 1396 5800 πρόσωπον.
