4158 6370
474 363 545 417 83
1295 364 1663 420 APPENDIX
1703 364 1798 418 AD
1838 360 2079 417 OPERA
2115 362 2174 415 S.
2210 358 2530 416 DIONYSII
2568 360 3074 418 AREOPAGITE.
3831 362 3904 417 84

478 487 653 543 modo
685 486 911 542 dictum
947 484 1029 541 sit
1062 501 1095 541 a
1123 484 1323 542 divino
1352 486 1650 559 Stephano
1686 502 1700 543 :
1734 486 1841 555 Qui
1857 485 2139 556 accepistis

2289 483 2363 557 ρὴ
2394 486 2562 552 νοεῖν,
2594 484 2711 545 πῶς
2744 477 2957 557 εἴρηται
3009 485 3090 554 τῷ
3141 478 3274 553 θείῳ
3331 482 3591 560 Στεφάνῳ
3623 502 3637 518 ·
3690 481 3908 548 Οἵτπινες

480 578 657 647 legem
697 578 758 632 in
799 576 1164 648 dispositione
1220 579 1575 649 angelorum,
1632 588 1685 636 et
1738 594 1851 634 non
1897 575 2135 633 custodi-

481 667 603 723 stis.
635 664 736 738 (ά).

1105 757 1178 812 IN
1211 757 1367 813 CAP.
1401 758 1499 814 IX.

556 843 584 917 Ξ
649 844 668 898 l
720 844 1247 917 Superessentialem
1302 848 1415 904 eius
1471 847 1685 903 ordinis
1736 845 2133 917 principatum.

2244 566 2466 626 ἐλάϐετε
2514 571 2607 626 τὸν
2665 569 2835 645 νόμον
2896 569 2973 633 εἴς
3034 567 3288 646 διαταγὰς
3338 570 3745 649 ἀγγέλων,¹καὶ
3805 572 3907 628 οὐκ

2244 658 2558 738 ἐφυλάξατε.

2736 754 2848 805 ΕΙΣ
2888 752 2974 806 ΤΟ
3013 750 3279 805 ΚΕΦΔΛ.
3321 750 3397 807 Θ’.

2323 840 2352 913 ἓ
2401 842 2441 896 Ι.
2501 837 2847 915 Ὑπερούσιον
2919 837 3087 907 αὐτῆς
3155 838 3497 915 ταξιαρχίαν.
3552 839 3738 911 Αὐτῆς
3804 848 3909 911 τῆς

485 932 681 1005 Ipsius
705 933 1060 1005 principium
1084 935 1352 991 facientis
1383 935 1748 1007 principatus
1778 934 2141 989 demonstrat

2289 934 2560 1003 ρχοποιοῦ
2608 930 2791 1004 ἀρχῆς
2844 926 3124 1005 ἀναφαίνει
3183 929 3281 996 τήν
3335 928 3657 1004 ὗπερούσιον
3687 932 3908 1008 ταξιαρ-

486 1022 1038 1094 superessentialem
1071 1024 1296 1081 ordinis
1350 1025 1771 1097 principatum,
1803 1022 1931 1094 ipse
1978 1021 2138 1093 prin-

487 1110 791 1184 cipatuum
824 1113 988 1168 ordo.

560 1202 589 1269 §
617 1205 689 1255 II.
720 1202 1216 1273 Archangelorum.
1249 1204 1329 1260 De
1370 1201 1778 1275 arohangelico
1822 1203 2053 1267 ornatu,
2088 1202 2145 1255 et

497 1290 641 1363 quid
671 1289 983 1364 signiﬁcet.

556 1381 918 1437 Hierarchia.
938 1381 1089 1437 Nota
1111 1380 1641 1438 universalitatem:
1666 1395 1900 1436 omnem
1918 1377 2146 1434 hierar-

494 1469 690 1526 ohiam
717 1469 933 1528 habere
963 1471 1187 1543 primas
1234 1475 1293 1526 et
1330 1469 1556 1525 medias
1603 1474 1783 1541 atque
1819 1472 2146 1540 postremas

489 1558 760 1630 virtutes,
783 1560 893 1615 hoc
925 1564 1015 1615 est
1044 1565 1164 1617 tres
1193 1560 1382 1616 trinos
1414 1559 1672 1615 ordines.

563 1648 963 1717 Sanctissimis,
1014 1649 1114 1705 Gr.
1194 1647 1541 1723 ἁγιωτάταις.
1597 1646 1783 1704 Sorib.
1832 1645 1922 1700 καὶ
1978 1645 2146 1719 ἱερω-

487 1734 693 1804 τάταις,
725 1746 779 1794 et
805 1741 1226 1795 sacratissimis.
1280 1738 1582 1803 Quomodo
1632 1736 1806 1792 etiam
1838 1735 2020 1791 divini
2051 1752 2143 1790 ar-

2254 1016 2379 1092 χίαν
2408 1018 2550 1088 αὐτὴ
2582 1020 2617 1089 ἡ
2640 1023 2750 1074 τῶν
2789 1017 2979 1093 ἀρχῶν
3011 1018 3182 1089 τάξις.

2324 1200 2352 1266 §
2379 1199 2450 1255 ΙΙ.
2484 1195 2896 1275 Ἀρχαγγέλων.
2931 1196 3064 1271 Περὶ
3093 1199 3191 1253 τοῦ
3222 1194 3634 1274 άρχαγγελικοῦ
3672 1199 3910 1272 κόσμου,

2252 1284 2342 1340 καὶ
2372 1285 2424 1339 τί
2455 1282 2641 1356 δηλοῖ.

2324 1374 2623 1449 Ἱεραρχία.
2700 1376 3017 1449 Σημείωσαι
3088 1375 3153 1431 τὸ
3219 1375 3539 1445 ηθολικὸν,
3604 1375 3687 1431 ὅτι
3765 1378 3912 1432 πᾶσα

2253 1463 2509 1538 ἱεραρχία
2564 1461 2681 1539 ἔχει
2739 1466 2985 1536 πρώτας,
3040 1464 3131 1519 καὶ
3193 1467 3379 1538 μέσας,
3437 1466 3529 1521 καὶ
3595 1466 3914 1530 τελευταίας

2256 1549 2535 1625 δυνάμεις,
2565 1553 2840 1609 τουτέστιν
2875 1555 2930 1609 αἱ
2958 1560 3104 1628 τρεῖς
3127 1552 3399 1631 τριαδικαὶ
3434 1556 3631 1627 τάξεις.

2323 1641 2705 1717 Ἀγιωτάταις.
2764 1649 2859 1718 Γρ.
2930 1644 3021 1699 καὶ
3090 1644 3434 1719 ἱερωτάταις.
3496 1650 3620 1708 Πῶς
3694 1647 3786 1701 καὶ
3860 1647 3915 1701 οἱ

2255 1733 2391 1786 θεῖοι
2452 1731 2790 1808 ἀρχάγγελοι
2841 1738 2961 1796 ταῖς
3018 1734 3125 1810 πρὸ
3182 1733 3357 1789 αὐτῶν
3406 1734 3497 1790 καὶ
3549 1736 3664 1808 μετ’
3714 1734 3914 1799 αὐτοὺς

491 1826 762 1900 changeli
790 1844 925 1884 cum
960 1828 1423 1900 praecedentibus
1463 1831 1521 1883 et
1569 1825 1955 1897 sequentibus
1986 1840 2145 1880 com-

2290 1826 2599 1880 οινωνοῦσι.

489 1917 815 1973 municent.

562 2004 871 2063 Secundum
895 2010 1252 2078 postremum.
1307 2007 1474 2074 Quod
1523 2008 1823 2061 extremus
1871 2003 1948 2060 sit
2003 2003 2146 2060 ordo

500 2095 871 2167 angelorum,
896 2098 953 2152 et
974 2096 1263 2152 mundum
1294 2097 1613 2168 attingens.

869 2202 969 2258 38
1004 2201 1345 2258 Postremus
1377 2202 1566 2257 trinus
1599 2202 1762 2256 ordo.

799 2290 1187 2361 Principatus,
1226 2288 1579 2360 Archangeli,
1615 2288 1832 2358 Angeli.

564 2397 629 2451 Et
660 2398 838 2466 magis
866 2396 955 2453 ad.
988 2396 1329 2453 Extremum
1363 2396 1630 2452 ordinem
1681 2394 2006 2451 caelestium
2036 2394 2148 2450 vir-

494 2489 689 2541 tutum
722 2486 1047 2559 digniorem
1078 2501 1208 2543 esse
1240 2484 1644 2558 appellarique
1678 2483 1941 2558 angelos,
1975 2486 2042 2539 ut
2074 2483 2148 2539 ad

492 2573 765 2631 homines
796 2576 1195 2644 accedentem,
1227 2591 1329 2648 per
1361 2591 1535 2648 quem
1570 2574 1745 2630 etiam
1794 2572 1995 2629 divina
2036 2572 2145 2629 ho-

496 2663 687 2720 mines
717 2664 1057 2721 edocentur.

567 2756 707 2810 Nam
727 2755 948 2825 quidem
978 2771 1314 2827 supremum.
1370 2754 1628 2809 Primum
1678 2752 2005 2808 ternionem
2056 2766 2148 2807 se-

496 2843 688 2899 cundo
720 2859 885 2899 sacre
906 2860 1178 2916 praeesse,
1202 2847 1259 2900 et
1288 2843 1657 2899 secunudum
1688 2841 1881 2912 tertio;
1905 2840 2146 2897 tertium

497 2936 690 2989 autem
727 2932 799 2987 iis
852 2933 952 3005 qui
984 2933 1136 2988 inter
1182 2931 1457 2987 homines
1518 2931 1853 2986 sacerdotes
1900 2934 2060 3002 sunt,
2092 2935 2149 2985 et

496 3020 824 3093 inspiciunt
854 3038 922 3077 ea
954 3038 1079 3093 quas
1113 3022 1183 3078 ab
1214 3020 1363 3093 ipsis
1389 3020 1557 3075 ﬁunt.

566 3111 865 3167 Occultius.
937 3111 1240 3175 Quomodo
1298 3110 1386 3166 has
1458 3109 1698 3182 quidem
1758 3109 2147 3175 obscuriores,

495 3198 610 3255 illae
636 3215 769 3256 vero
803 3198 1128 3272 perspicuae
1159 3200 1345 3272 magis
1386 3200 1507 3255 sint
1536 3197 1896 3254 hierarchiae.

571 3290 839 3345 Humanis
879 3288 1234 3344 hierarchiis.
1286 3287 1538 3352 Quinam
1589 3288 1757 3343 nobis
1790 3286 2150 3343 hierarchice

498 3378 756 3451 praesint.
811 3376 963 3435 Nota
1012 3377 1573 3434 demonstrationem
1617 3393 1686 3433 ex
1733 3376 1993 3445 Daniele,
2047 3375 2157 3433 hoc

501 3471 593 3524 est
620 3470 949 3524 extremum
997 3467 1263 3525 ordinem
1305 3466 1649 3524 hierarchim
1702 3471 1914 3522 nostra:
1968 3465 2155 3538 impe-

504 3573 632 3614 rare
642 3602 654 3613 .

576 3647 712 3714 Quae
740 3647 932 3702 etiam.
962 3646 1468 3714 Subaudiendum,
1509 3654 1571 3700 ut
1617 3646 1689 3701 sit
1737 3643 2038 3701 secundum
2065 3660 2154 3700 or-

504 3735 709 3805 dinem,
743 3735 823 3790 ita
853 3739 920 3789 ut
949 3733 1084 3790 talis
1116 3735 1193 3789 sit
1224 3734 1579 3790 constructio
1615 3751 1627 3790 :
1661 3734 1932 3804 equidem
1966 3738 2030 3788 ut
2061 3749 2154 3789 se-

503 3822 763 3877 cundum
795 3821 1059 3877 ordinem
1094 3822 1191 3892 sit,
1223 3826 1279 3877 et
1309 3821 1407 3893 qui
1440 3838 1471 3876 a
1501 3821 1640 3890 Deo,
1672 3825 1730 3874 et
1763 3824 1988 3875 caetera.

575 3911 725 3978 Quod
751 3913 803 3965 si
828 3914 1047 3982 quaerat
1068 3910 1300 3981 aliquis.
1354 3909 1656 3975 Quomodo
1709 3909 1883 3963 bonis
1929 3908 2154 3980 angelis

500 3998 781 4072 gentibus
808 3999 1115 4071 praefectis,
1171 3997 1335 4054 solus
1394 3996 1571 4053 Israel
1606 4002 1785 4053 Deum
1831 4014 2151 4071 cognosce-

500 4089 635 4144 bat:
662 4105 1030 4160 unaquaque
1052 4089 1207 4144 enim
1239 4103 1384 4159 gens
1416 4086 1593 4143 habet
1625 4085 1898 4159 angelum
1928 4086 2038 4143 sibi
2064 4102 2153 4143 se-

500 4176 742 4246 lectum,
775 4177 929 4233 sicut
958 4176 1145 4233 Judaei
1176 4176 1549 4244 Michaelem;
1598 4191 1765 4247 quem
1812 4192 1880 4231 ex
1926 4179 2152 4247 postre-

500 4282 597 4321 mo
628 4270 967 4323 sanctorum
1003 4265 1343 4337 angelorum
1376 4264 1579 4321 ordine
1610 4279 1740 4321 esse
1771 4263 1935 4320 dicit.

570 4360 930 4428 Nequaquam
983 4353 1330 4426 angelornm.
1382 4354 1509 4409 Non
1560 4358 1798 4427 propter
1852 4353 2152 4426 imperan-

496 4444 648 4499 tium
695 4444 1036 4516 angelorum
1081 4444 1315 4515 culpam
1367 4444 1507 4500 talia
1554 4444 1726 4511 dicit;
1770 4444 1871 4499 sed
1916 4446 2155 4515 propter

2329 2003 2481 2059 Κατὰ
2526 2003 2589 2057 τὸ
2635 2001 2970 2062 τελευταῖον.
3002 2005 3121 2059 Ὅτι
3180 2001 3387 2079 ἐσχάτη
3435 2004 3584 2075 τάξις
3632 2003 3912 2082 ἀγγέλων,

2256 2092 2347 2147 καὶ
2376 2091 2759 2169 περικόσμιος.

2647 2201 2711 2257 ἹῙ
2742 2198 3023 2255 τελευταία
3052 2199 3307 2277 τριαδική
3338 2203 3507 2274 τάξις.

2856 2289 3226 2367 Ἀρχάγγελοι
3245 2337 3260 2363 ,
3478 2290 3764 2369 νΑγγελοι.

2328 2394 2426 2451 Καὶ
2463 2386 2676 2470 μᾶλλον
2723 2394 2877 2471 πρός.
2911 2398 3034 2454 "Ott
3066 2399 3102 2466 ἡ
3133 2395 3419 2453 τελευταία
3467 2399 3616 2471 τάξις
3659 2402 3767 2454 τῶν
3818 2397 3915 2453 ού-

2260 2482 2459 2561 ρανίων
2494 2480 2772 2558 δυνάμεων
2809 2481 3024 2557 μᾶλλον
3055 2484 3175 2558 ἀξία
3205 2486 3344 2541 ἐστὶν
3377 2484 3608 2563 ἄγγελοι
3640 2508 3920 2565 προσαγο-

2260 2571 2527 2649 ρεύεσθαι,
2560 2573 2634 2635 ὡς
2697 2572 3076 2643 πλησιάζουσα
3118 2574 3448 2650 ἀνθρώποις,
3483 2574 3551 2630 δι’
3598 2579 3665 2645 ἧς
3712 2576 3802 2632 καὶ
3849 2578 3921 2632 τὰ

2258 2666 2376 2725 θεῖα
2412 2666 2669 2735 μυοῦνται
2702 2660 3005 2739 ἅνθρωποι.

2325 2751 2433 2820 Τήν
2466 2751 2560 2824 μὲν
2606 2752 2707 2826 γὰρ
2754 2753 3079 2826 ὑπερτάτην.
3113 2754 3240 2810 ’Ότι
3278 2754 3313 2822 ἡ
3365 2753 3556 2827 πρώτη
3601 2752 3755 2828 τριὰς
3810 2759 3916 2823 τῆς

2258 2836 2511 2915 δευτέρας
2562 2841 2832 2916 ἱεραρχεῖ,
2866 2841 2955 2895 καὶ
3000 2843 3034 2911 ἡ
3082 2839 3301 2915 δευτέρα
3356 2848 3455 2911 τῆς
3499 2842 3688 2917 τρίτης
3715 2862 3729 2875 ⁸
3764 2844 3800 2913 ἡ
3855 2841 3918 2898 δὲ

2255 2929 2411 3004 τρίτη
2443 2933 2551 2984 τῶν
2586 2929 2637 2985 ἐν
2662 2928 2971 3005 ἀνθρώποις
2999 2930 3213 3007 ἱερέων,
3238 2931 3325 2986 καὶ
3384 2931 3620 3009 ἐφορῶσι
3670 2933 3735 2986 τὰ
3783 2934 3915 3007 παρ’

2259 3018 2433 3074 αὐτῶν
2465 3018 2794 3091 τελούμενα.

2398 2287 2601 2364 Ἀρχαὶ
2620 2335 2635 2362 ,

2328 3105 2865 3187 Κρυφιοειδέστερον.
2913 3114 3036 3171 Πῶς
3084 3109 3138 3165 αἱ
3192 3110 3284 3184 μὶν
3335 3112 3722 3188 κρυφιώτεραι,
3751 3111 3806 3166 αἱ
3856 3108 3918 3166 δὲ

2262 3196 2652 3274 ἐμφανέστεραι
2685 3197 2982 3273 ἱεραρχίαι.

2338 3289 2475 3349 Ταῖς
2539 3286 2902 3360 ἀνθρωπείαις
2960 3288 3288 3365 ἱεραρχίαις.
3319 3288 3467 3351 Τίνες
3518 3291 3681 3362 ἡμῶν
3738 3288 3922 3366 ἱεραρ-

2266 3379 2443 3450 χικῶς
2476 3373 2823 3454 ἐφεστήκασι.
2860 3377 3178 3450 Σημείωσαι
3229 3379 3329 3446 τήν
3379 3374 3651 3449 ἀπόδειξιν
3704 3378 3763 3432 ἐκ
3818 3383 3921 3433 τοῦ

2268 3462 2493 3536 Δανιὴλ,
2521 3466 2796 3520 τουτέστιν
2832 3464 3068 3543 ἐσχάτην
3095 3466 3239 3538 τάξιν
3270 3464 3571 3522 ἐπιστατεῖν
3604 3468 3649 3503 ⁵⁸
3675 3473 3774 3536 τῆς
3801 3469 3923 3523 καθ’

2266 3556 2415 3626 ἡμᾶς
2446 3554 2746 3631 ἱεραρχίας.

2336 3644 2440 3698 Καὶ
2481 3643 2587 3716 μὴν
2618 3645 2708 3698 καὶ
2738 3645 2795 3713 ἡ.
2830 3645 2979 3700 Κατᾶ
3006 3649 3194 3700 κοινοῦ
3242 3646 3304 3700 τὸ
3346 3643 3439 3700 ’ίνα
3483 3644 3519 3720 ᾔ
3553 3644 3691 3700 κατὰ
3742 3646 3921 3716 τάξιν,

2268 3733 2342 3794 ὡς
2375 3732 2634 3804 εἶναιτὴν
2667 3732 2934 3804 σύνταξιν,
2964 3734 3053 3789 καὶ
3090 3736 3198 3808 μὴν
3224 3732 3316 3790 ’ίνα
3344 3735 3480 3790 κατὰ
3505 3735 3652 3806 τάξιν
3688 3734 3725 3810 ᾗ
3755 3735 3847 3791 καὶ
3880 3738 3918 3806 ἠ

2266 3822 2411 3894 παρᾶ
2440 3826 2595 3891 Θεοῦ,
2626 3821 2717 3876 καὶ
2748 3822 2813 3877 τὰ
2844 3823 2988 3895 ἑξῆς.

2336 3910 2403 3964 Εἴ
2434 3908 2490 3964 δέ
2537 3932 2622 3973 τις
2671 3912 2827 3987 φαίη.
2862 3913 2988 3976 Πῶς
3034 3912 3281 3988 ἀγγέλων
3327 3914 3540 3988 ἀγαθῶν
3599 3912 3921 3989 ἐφεστώτων

2260 4003 2378 4060 τοῖς
2430 3997 2623 4071 ἔθνεσι,
2688 3998 2853 4072 μόνος
2899 3999 2927 4053 ὁ
2984 3998 3204 4076 Ἰσραὴλ
3264 4001 3522 4078 ἐγίνωσκε
3578 4002 3668 4057 τὸν
3732 4003 3862 4058 Θεόν
3899 4021 3915 4036 ·

2260 4084 2483 4143 ἕκαστον
2535 4088 2638 4163 γὰρ
2696 4085 2849 4153 ἔθνος
2900 4085 3127 4166 ἄγγελον
3182 4087 3299 4166 ἔχει
3375 4090 3917 4168 ἀποκαληρωμένον

2263 4176 2431 4249 αὐτῷ,
2466 4178 2540 4239 ὡς
2574 4174 2837 4235 Ἰονδαῖοί
2865 4179 2956 4233 τὸν
2990 4179 3248 4255 Μιχαὴλ,
3277 4180 3335 4235 ὃν
3385 4179 3476 4236 καὶ
3530 4187 3633 4251 τῆς
3682 4179 3925 4257 ἐσχάτης

2258 4266 2460 4338 τάξεως
2489 4270 2598 4321 τῶν
2629 4266 2797 4342 ἁγίων
2826 4266 3073 4343 ἀγγέλων
3107 4269 3286 4347 φησίν.

2330 4356 2453 4412 Ὅτι
2534 4356 2609 4428 μὴ
2687 4354 2781 4417 τὰς
2833 4360 2941 4411 τῶν
3002 4356 3271 4433 ἀγγέλων.
3330 4357 3403 4414 Οὐ
3462 4358 3608 4433 παρᾶ
3656 4361 3757 4429 τὴν
3810 4363 3924 4415 τῶν

2261 4443 2689 4500 ἐπιστατούντων
2716 4443 2964 4521 ἀγγέλων
3008 4445 3183 4501 αἰτίαν
3217 4449 3348 4525 φησὶ
3382 4449 3443 4503 τὸ
3488 4452 3730 4517 τοιοῦτο,
3772 4447 3924 4505 ἀλλὰ

499 4533 799 4605 propriam
832 4532 1077 4590 liberam
1117 4534 1188 4590 ad
1222 4550 1289 4590 ea
1319 4549 1446 4606 quae
1480 4532 1726 4589 minime
1757 4531 1883 4587 ﬁeri
1913 4532 2148 4603 debent,

2289 4533 2406 4608 ταρὰ
2455 4533 2555 4601 τὴν
2616 4531 2822 4589 οΐκείαν
2880 4534 3222 4609 αὐτεξούσιον
3279 4536 3415 4612 πρὸς
3463 4536 3530 4591 τὰ
3584 4538 3659 4611 μὴ
3721 4534 3921 4595 δέοντα

497 4622 974 4695 prepensionem.

568 4713 768 4768 Amore
792 4714 1036 4785 proprio.
1096 4712 1262 4781 Nota,
1323 4712 1481 4784 quod
1551 4711 1802 4784 quisque
1862 4710 1977 4767 sibi
2034 4709 2147 4782 ipsi

497 4818 675 4859 causa
703 4803 841 4859 boni
867 4805 924 4859 et
954 4802 1095 4858 mali
1126 4803 1405 4871 exsistat;
1453 4819 1613 4859 amor
1643 4806 1840 4859 autem
1886 4802 2149 4874 proprius

496 4897 555 4949 et
578 4893 899 4965 pervicacia
949 4892 1249 4965 aequaliter
1296 4893 1410 4949 sibi
1443 4891 1928 4963 complacentiam
1961 4890 2148 4963 signi-

495 4980 696 5038 ﬁcant.

566 5071 679 5126 Hoc
706 5072 889 5143 ipsum
918 5072 1295 5142 conﬁrmatur.
1326 5070 1452 5126 Non
1484 5071 1639 5142 quod
1687 5074 1838 5127 Deus
1874 5069 2149 5127 Israelem

494 5158 688 5215 solum
719 5159 979 5231 elegerit,
1003 5161 1101 5216 sed
1136 5160 1292 5230 quod
1316 5160 1479 5216 solus
1502 5159 1678 5215 Israel
1700 5159 1948 5215 voluerit
1968 5163 2148 5215 Deum

514 5248 719 5320 sequi:
768 5248 853 5305 ita
883 5250 1037 5305 enim
1077 5250 1482 5321 interpretatio
1520 5250 1794 5306 dictionis
1838 5248 2151 5321 significat,

494 5357 652 5397 mens
672 5341 844 5396 Deum
876 5340 1101 5396 videns:
1123 5340 1203 5396 sic
1235 5340 1561 5415 intelligere
1592 5342 1892 5412 debemus,
1930 5357 2056 5413 qum
2089 5339 2147 5396 in

568 5463 646 5536 (ἀ)
666 5468 794 5522 Act.
826 5482 924 5535 vu,
955 5467 1044 5522 53.

2175 4610 2220 4676 D
2254 4621 2453 4699 ῥοπήν.

2330 4714 2410 4784 Τῇ
2464 4709 2743 4784 φιλαυτία.
2804 4712 3123 4786 Σημείωσαι
3170 4712 3252 4769 ὅτι
3299 4711 3523 4777 ἕκαστος
3600 4715 3772 4787 ἑαυτῷ
3827 4713 3918 4771 αἶ’-

2256 4820 2373 4862 τιος
2421 4798 2510 4854 καὶ
2558 4805 2657 4856 τοῦ
2698 4801 2906 4877 ἀγαθοῦ
2954 4805 3041 4859 καὶ
3073 4808 3171 4859 τοῦ
3203 4808 3371 4860 κακοῦ
3410 4822 3427 4841 ο
3451 4805 3514 4859 τὸ
3547 4802 3605 4859 δὲ
3658 4803 3921 4882 φιλαυτία

2259 4890 2348 4944 καὶ
2374 4887 2630 4954 αὐθάδεια
2660 4889 2721 4947 ἐκ
2748 4889 3117 4969 παραλλήλου
3147 4894 3209 4949 τὸ
3240 4894 3570 4970 αὖτάρεσκον
3601 4891 3786 4965 δηλοῖ.

2329 5071 2509 5126 Τοῦτο
2542 5067 2600 5125 δὲ
2636 5075 3007 5146 μαρτυρεῖται.
3042 5072 3164 5147 Οὐχ
3193 5071 3275 5126 ὅτι
3311 5073 3339 5127 ὁ
3369 5074 3500 5136 Θεὸς
3548 5072 3638 5128 τὸν
3692 5074 3923 5150 Ἰσραὴλ

2265 5158 2429 5231 μόνον
2471 5157 2770 5232 ἐξελέξατο,
2802 5158 2931 5216 ἀλλ’
2961 5159 3043 5216 ὅτι
3076 5162 3104 5215 ὁ
3134 5159 3356 5235 Ἰσραὴλ
3418 5162 3589 5235 μόνος
3634 5158 3922 5235 ἐϐουλήθη

2258 5245 2478 5303 ἕπεσθαι
2506 5253 2623 5321 Θεῷ
2657 5266 2672 5282 ⁸
2705 5248 2848 5305 οὕτω
2877 5251 2978 5327 γὰρ
3013 5249 3123 5323 [καὶ
3154 5252 3213 5323 ἡ]
3247 5251 3506 5326 ἑρμηνεία
3560 5254 3658 5321 τῆς
3715 5249 3923 5323 λέξεως

2263 5337 2536 5411 σημαίνει,
2568 5342 2694 5402 νοῦς
2751 5340 2893 5416 ὁρῶν
2952 5340 3089 5414 [τὸν]
3138 5338 3268 5395 Θεόν
3302 5356 3316 5372 '
3370 5337 3512 5396 οὕτω
3554 5346 3697 5396 νοεῖν
3758 5341 3920 5422 ὀφεί-

1493 5592 1730 5653 ἾΑΒΙᾸΕ
1771 5589 2164 5651 LECTIONES
2202 5590 2297 5649 ET
2337 5589 2896 5649 CORRECTIONES.

572 5704 618 5743 ⁸⁹
643 5705 726 5761 δτι
756 5706 845 5760 καὶ
877 5706 911 5775 ἡ
946 5703 1151 5783 ἐσχάτη
1182 5706 1328 5780 τάξις
1357 5707 1650 5768 ἐπιστατεῖ.
