4158 6370
300 366 371 420 85
1013 374 1071 425 8.
1112 370 1383 428 MAXIM!
1420 367 1727 423 SCHOLIA
1763 369 1838 423 IN
1877 368 2014 422 LIB.
2052 368 2150 420 DE
2187 367 2513 422 C(ELESTI
2552 368 3026 423 HIERARCEIA.

3656 367 3730 423 86

301 487 473 565 λομεν
524 490 593 548 τὰ
639 489 693 547 ἓν
743 494 811 567 τῇ
862 489 980 567 ᾤδῇ
1034 495 1314 557 Μωϋσὲως
1362 495 1645 571 εἰρημένα,
1691 493 1941 568 Ἐγενήθτ

2072 495 2298 553 cantico
2329 497 2544 570 Moysis
2573 497 2729 554 dicta
2758 501 2917 567 sunt,
2950 498 3147 553 Factus
3176 500 3263 553 est
3285 497 3466 569 portio
3495 500 3725 556 Domini

305 583 459 656 μερὶς
519 582 726 656 Κυρίου
801 581 1103 657 σχοίνισμα
1173 580 1394 656 Ἰακὼϐ,
1454 586 1586 662 ὅπερ
1647 583 1814 655 δηλοῖ
1866 581 1941 637 τὸι

2069 587 2359 659 funiculus
2385 589 2548 645 Iacob
2578 589 2667 660 (θ),
2698 589 2853 660 quod
2900 586 3197 660 signiﬁcat
3243 586 3550 657 Israelem;
3604 605 3721 645 non

302 672 551 745 Ἰσραήλ·
588 671 751 747 οὐχὸ
783 672 913 735 Θεὸς
962 673 1067 748 γὰρ
1115 671 1208 728 τὸν
1264 674 1487 748 Ἰσραὴλ
1540 675 1707 749 μόνον
1758 673 1958 748 ἀγαπᾷ,

2069 677 2225 733 enim
2258 677 2413 734 Deus
2444 677 2636 734 solum
2668 676 2946 734 Israelem
2971 676 3184 750 diligit,
3217 677 3720 749 quemadmodum

301 761 372 822 ὡς
404 760 498 817 καὶ
529 762 559 816 6
592 760 928 824 Ἀπόστολος
975 761 1272 839 πολλαχοῦ
1322 762 1595 837 ἐδήλωσεν
1638 762 1825 818 εἰπών’
1860 761 1941 818 Mi

2067 767 2242 823 etiam
2277 766 2589 838 Apostolus
2620 783 2773 839 saepe
2803 765 3123 823 declaravit
3147 766 3348 823 dicens
3382 782 3396 821 :
3430 765 3622 822 Nonne
3640 770 3721 822 est

301 849 398 905 οὐκ
448 844 597 907 ἔστιν
659 852 688 907 6
739 852 869 915 Θεὸς
925 852 1016 908 καὶ
1061 851 1279 923 ἐθνῶν;
1332 856 1415 909 ναὶ
1464 852 1555 911 καί
1612 853 1817 921 ἐθνῶν,
1878 848 1954 906 εἷ’-

299 961 396 1015 περ
457 942 533 1005 εἷς
593 942 620 996 6
674 942 829 1004 Θεός·
869 938 996 996 ἀλλ’
1055 943 1082 996 6
1141 942 1363 1019 Ἰσραὴλ
1422 948 1639 1020 πρῶτος
1686 939 1941 1016 ἐπορεύθη

2065 964 2206 1003 unus
2237 948 2377 1003 Dem
2407 950 2470 1021 (f)

298 1028 515 1087 ὄπισθεν
550 1036 709 1102 Θεοῦ,
762 1031 876 1087 ἐπεὶ
922 1030 1140 1109 ὕστερον
1192 1033 1427 1097 ἀποστὰς
1476 1036 1568 1091 καὶ
1615 1034 1772 1096 αὐτὸς
1821 1033 1951 1088 ἀπε-

2064 858 2203 913 Deus
2229 859 2397 913 etiam
2439 857 2735 930 gentium?
2782 859 2862 913 ita
2909 859 3085 914 etiam
3132 859 3405 928 gentium,
3446 857 3720 930 siquidem

2524 967 2543 1003 :
2594 949 2695 1005 sed
2721 947 2899 1005 Israel
2944 948 3174 1020 primus
3208 947 3311 1002 ivit
3342 951 3475 1019 post
3503 947 3714 1017 Deum,

2070 1054 2203 1093 cum
2229 1042 2434 1109 postea
2454 1038 2685 1109 defecit,
2710 1037 2836 1111 ipse
2861 1052 3093 1110 quoque
3116 1037 3381 1108 abjectus
3411 1042 3503 1093 est
3527 1054 3541 1106 ;
3571 1035 3716 1093 libe-

296 1118 539 1196 διώχθη·
571 1122 636 1177 τὸ
667 1120 771 1197 γὰρ
806 1121 1151 1193 αὐτεξούσιον
1187 1121 1409 1198 ἔχοντες
1441 1125 1493 1179 οἱ
1534 1122 1835 1199 ἄνθρωποι,
1862 1119 1941 1177 ὅτε

2065 1145 2192 1184 rum
2224 1129 2380 1185 enim
2440 1129 2751 1186 arbitrium
2791 1129 3077 1185 habentes
3134 1127 3433 1197 homines,
3479 1128 3716 1200 quando

294 1208 535 1282 θέλουσι,
570 1214 789 1267 ποιοῦσι
818 1213 909 1266 τὸν
942 1212 1072 1268 Θεὸν
1107 1214 1224 1285 μεθ’
1254 1214 1480 1269 ἑαυτῶν.

362 1296 721 1366 Πεπονθέναι.
754 1302 877 1358 ’Ότι
903 1301 993 1357 καὶ
1026 1302 1054 1356 ὁ
1085 1301 1309 1377 Ἰσραὴλ
1341 1302 1501 1366 αὐτὸς
1530 1302 1758 1373 ἀπέστη.

361 1392 538 1461 Ζωήν.
573 1393 703 1448 Ὅτι
731 1389 1076 1462 αὖτεξούσιος
1108 1393 1136 1446 6
1168 1389 1472 1469 ἅνθρωπος.

361 1480 599 1554 Ὀψεων.
631 1481 805 1554 ’Όπερ
856 1479 1084 1545 ἕνταῦθά
1132 1502 1295 1559 φησιν
1329 1483 1357 1537 ὁ
1388 1481 1599 1556 Πατὴρ,
1638 1484 1800 1536 τοῦτο
1854 1481 1943 1535 καὶ

292 1567 377 1624 ἰπὶ
406 1573 508 1624 τοῦ
538 1568 779 1640 ἡλιακοῦ
805 1571 984 1646 φωτὸς
1017 1571 1307 1646 γινόμενον
1342 1569 1482 1626 ἔστιν
1527 1568 1683 1640 ῗδεῖν,
1716 1568 1804 1624 ἐπὶ
1849 1568 1941 1642 μὲν

290 1662 397 1713 τῶν
444 1656 725 1734 διαφανῶν
774 1657 942 1728 ὑλῶν,
984 1660 1084 1728 τήν
1124 1659 1325 1715 οἰκείαν
1386 1657 1626 1716 διάδοσιν
1675 1660 1944 1731 ποιουμέ-

289 1767 407 1803 νου“
440 1748 530 1803 ἐπὶ
565 1745 625 1804 δὲ
651 1754 759 1803 τῶν
789 1750 1113 1826 παχυτέρων
1142 1748 1251 1825 οὐχ
1280 1751 1516 1822 ὁμοίως,
1548 1746 1676 1804 ἀλλ’
1711 1750 1739 1819 ἢ
1766 1748 1940 1819 πάντη

2056 1216 2283 1287 volunt,
2313 1223 2499 1274 Deum
2531 1217 2641 1274 sibi
2671 1221 3021 1290 praesentem
3052 1216 3297 1274 faciunt.

2128 1307 2231 1363 84
2260 1309 2495 1363 Passum
2529 1307 2843 1371 ωδε.ουοὰ
2871 1306 3046 1362 etiam
3069 1305 3197 1377 ipse
3218 1306 3399 1363 Israel
3416 1306 3711 1364 defecerit.

2135 1393 2326 1450 Vitam.
2356 1394 2520 1457 Quod
2551 1393 2727 1449 homo
2760 1391 2854 1449 sui
2885 1391 2964 1449 sit
2984 1390 3162 1463 juris.

2128 1484 2438 1541 Oculorum.
2492 1484 2657 1548 Quod
2707 1484 2802 1540 hic
2855 1487 3023 1540 Pater
3052 1483 3180 1542 ait:
3212 1483 3322 1540 hoc
3360 1500 3597 1557 quoque
3646 1484 3707 1540 in

2054 1573 2233 1630 solari
2265 1573 2489 1629 lumine
2520 1574 2647 1630 ﬁeri
2676 1573 2871 1630 videre
2898 1573 3053 1643 licet,
3086 1574 3146 1629 in
3187 1573 3706 1646 transparentibus

2053 1664 2294 1736 quidem
2324 1663 2671 1736 corporibus
2701 1663 2997 1735 propriam
3030 1663 3279 1719 faciente
3305 1663 3706 1719 communica-

2050 1753 2305 1823 tionem;
2339 1754 2397 1807 in
2430 1752 2819 1809 crassioribus
2852 1757 3047 1808 autem
3100 1769 3216 1808 non
3266 1752 3562 1823 similiter,
3595 1754 3701 1808 sed

292 1835 601 1902 ἁδιαδότως
649 1840 685 1909 ἢ
735 1836 1017 1913 ἀμυδρῶς.
1067 1840 1239 1913 Ὅπερ
1290 1839 1380 1894 οὗν
1435 1838 1661 1895 ἐνταῦθα
1723 1836 1785 1893 τὰ
1840 1841 1941 1902 τῆς

2065 1847 2156 1898 aut
2186 1842 2426 1898 omnino
2446 1840 3104 1910 incommunicabiliter,
3128 1840 3512 1908 autobscure;
3545 1841 3704 1913 quod

291 1926 431 1997 ὕλης
484 1924 743 2005 διάφορον
775 1934 945 1997 ποιεῖ,
975 1932 1140 1984 τοῦτο
1188 1927 1276 1983 ἐπὶ
1304 1936 1405 1999 τῆς
1433 1928 1577 1993 θείας
1613 1927 1941 2002 ἐλλάμψεως

2065 1930 2239 2004 igitur
2288 1930 2384 1987 hic
2444 1930 2755 1987 diversitas
2806 1929 3069 2002 corporis
3126 1930 3288 1995 facit,
3330 1929 3442 1985 hoc
3498 1929 3561 1985 in
3616 1928 3706 1984 di-

290 2018 326 2085 ἡ
359 2012 614 2089 ἀνισότης
640 2024 743 2087 τῆς
773 2016 1118 2090 αὖτεξουσίου
1148 2016 1434 2094 ἐργάζεται
1459 2017 1658 2095 ῥοπῆς.

362 2194 749 2269 Ἀνομοιύτης.
799 2197 1084 2267 Τουτέστι,
1113 2199 1222 2251 τῶν
1273 2198 1371 2251 τοῦ
1418 2198 1518 2251 νοῦ
1566 2192 1865 2273 ὀφθαλμῶν
1904 2197 1940 2265 ἡ

285 2287 618 2361 παρατροπή
630 2329 646 2343 .

356 2375 431 2431 Ἦ
487 2372 775 2439 παντελῶς
831 2374 1128 2448 ἀμέθεκτον
1185 2378 1360 2431 ποιεῖ.
1417 2374 1558 2449 Ὅρα
1611 2377 1731 2435 πῶς
1778 2394 1939 2450 φησιν

282 2464 436 2534 ἡμᾶς
466 2461 663 2525 αὐτοὺς
694 2461 904 2525 αἲτίους
936 2462 1072 2518 εἶναι
1100 2467 1199 2518 τοῦ
1252 2459 1499 2535 δέξασθαι
1529 2463 1629 2530 τὴν
1660 2458 1939 2535 ἕλλαμψιν

282 2554 383 2621 τὴν
411 2551 584 2624 θείαν,
617 2550 654 2620 ἢ
686 2549 899 2627 ὀλίγον,
938 2552 973 2622 ἢ
1016 2548 1164 2607 πολὺ
1215 2550 1387 2621 αὐτῆς
1436 2549 1709 2626 δέχεσθαι,
1740 2550 1775 2619 ἢ
1804 2571 1941 2604 παν-

282 2640 463 2701 τελῶς
525 2638 697 2713 μηδὶν
755 2639 922 2709 αὐτῆς
983 2638 1335 2713 εἰσδέξασθαι,
1396 2637 1519 2695 ὅταν
1578 2640 1715 2712 πρὸς
1770 2638 1937 2708 αὐτὴν

284 2730 574 2785 ἀντίτυποι
602 2730 910 2805 γενώμεθα,
941 2731 1108 2785 οἱονεὶ
1156 2729 1390 2804 σκληροὶ
1419 2728 1545 2799 ἤτοι
1577 2727 1797 2785 λίθινοιο
1832 2751 1939 2807 φη-

285 2820 369 2874 σὶν
431 2819 526 2874 οὗν
588 2817 642 2874 ἐν
687 2817 1045 2893 Εὖαγγελίοις
1090 2819 1253 2882 αὐτὸς
1300 2820 1329 2873 6
1373 2818 1595 2892 Κύριος·
1648 2819 1877 2874 Δύναται
1910 2820 1937 2873 ὁ

283 2909 415 2971 Θεὸς
496 2908 559 2964 ἐκ
620 2912 729 2965 τῶν
806 2907 975 2963 Λίθων
1056 2907 1263 2964 τούτων
1341 2908 1545 2983 ἐγεῖραι
1618 2911 1781 2964 τὲκνα
1859 2914 1939 2982 τῷ

283 2992 565 3071 Ἀϐραάμ·
600 2998 734 3072 ὅπερ
763 2998 865 3073 γὰρ
898 2999 1035 3071 ἡμῖν
1069 2996 1309 3072 σκληρὰν
1341 2998 1431 3052 καὶ
1462 2995 1746 3068 ἀδύνατον,
1776 3003 1937 3054 τοῦτο

279 3092 361 3159 τῷ
393 3090 515 3158 Θεῷ
547 3084 794 3143 δυνατόν.

352 3178 552 3249 Ἡμεῖς
611 3175 992 3249 ἀνενεύσαμεν.
1053 3174 1404 3248 Σημείωσαι,
1466 3176 1705 3249 μάλιστα
1759 3174 1936 3233 ἐντεῦ-

282 3277 369 3330 θεν
422 3240 831 3338 ἐπιστομίζεται
862 3240 908 3303 έο
932 3266 1032 3335 τὴν
1084 3240 1306 3342 ἄκαιρόν
1350 3240 1513 3321 τινων
1564 3264 1653 3321 καὶ
1684 3263 1936 3343 ἀδιάκρι-
1967 3240 2011 3309 C

279 3377 375 3411 τον
428 3352 804 3423 ἀπαιδευσίαν,
856 3356 909 3410 οἳ
939 3353 1194 3428 τολμῶσι
1242 3357 1483 3431 φάσκειν,
1515 3354 1582 3410 τὰ
1630 3361 1748 3419 θεῖα
1773 3358 1940 3411 ταῦτα

286 3445 692 3519 συγγράμματα
722 3441 1153 3520 Ἀπολλιναρίου
1175 3444 1327 3515 εἶναι,
1366 3445 1440 3518 μὴ
1472 3447 1516 3483 ⁶¹
1549 3442 1609 3500 ἐκ
1634 3449 1741 3500 τῶν
1769 3466 1938 3521 προσ-

286 3534 457 3588 ώπων
490 3530 566 3587 ὧν
620 3533 946 3607 μνημονεύει
990 3534 1528 3608 καταστοχαζόμενοι
1570 3541 1669 3604 τῆς
1704 3536 1939 3611 ἀρχαιό-

281 3643 452 3693 τητος
482 3624 582 3677 τοῦ
633 3619 850 3696 ἀνδρὸς,
883 3621 1029 3679 ἀλλὰ
1076 3620 1512 3701 ψευδεπίγραφον
1558 3623 1808 3699 λέγοντες
1837 3626 1936 3693 τὴν

283 3710 573 3767 Διονυσίου
602 3712 999 3788 προσηγορίανο
1033 3709 1173 3787 μηδὶ
1196 3714 1278 3769 ὅτι
1309 3718 1399 3769 νῦν
1432 3712 1484 3784 ἐξ
1515 3710 1935 3789 εἷδωΛολατρῶν

280 3804 431 3856 εἶπεν
465 3801 625 3856 αὐτὸν
672 3804 717 3839 ⁸³
748 3799 1084 3878 ἐπιστρέψαι,
1133 3800 1312 3858 καίτοι
1357 3801 1790 3880 Ἀπολλινᾶριος
1840 3804 1941 3858 οὐκ

281 3889 342 3945 ὲκ
368 3890 639 3946 τοιούτων
672 3891 762 3959 ἦν.

355 3979 485 4037 Ἐπὶ
538 3980 601 4034 τὸ
651 3984 812 4035 πᾶσιν
875 3979 1131 4053 ἑτοίμως.
1187 3983 1309 4039 ’Ότι
1372 3981 1400 4036 6
1457 3981 1587 4043 Θεὸς
1654 3981 1808 4057 φύσει
1866 3981 1938 4038 ὥν

284 4069 508 4145 ἀγαθὸς,
540 4064 763 4143 ἕτοιμον
797 4069 983 4124 ἑαυτὸν
1032 4073 1152 4131 τοῖς
1200 4070 1331 4124 πὰσι
1381 4069 1613 4145 παρέχει
1652 4069 1729 4132 εἷς
1756 4071 1820 4125 τὸ
1854 4091 1944 4144 με-

285 4152 661 4231 ταλαμϐάνειν
717 4164 818 4228 τῆς
878 4157 1172 4233 ἁγιότητος
1226 4159 1393 4213 αὐτοῦ
1458 4158 1549 4213 καὶ
1606 4161 1941 4236 φωτισθῆναι

282 4250 383 4318 τήν
418 4248 631 4323 ψυχὴν,
665 4247 860 4303 λοιπὸν
889 4249 953 4303 τὸ
982 4246 1064 4326 ἐφ’
1094 4251 1231 4321 ἡμῖν
1261 4253 1522 4318 ζητεῖται,
1552 4248 1638 4315 τὸ,
1659 4252 1779 4311 πῶς
1802 4247 1942 4323 ἐρῶ-

290 4359 384 4410 μεν
418 4343 714 4413 μετασχεῖν
742 4344 845 4407 τῆς
870 4338 1124 4413 γνώσεως
1152 4336 1341 4409 αὐτοῦ,
1366 4336 1460 4392 ’ἱνα
1498 4335 1694 4412 δειχθῇ
1724 4339 1786 4393 τὸ
1815 4337 1941 4393 αύτ-

285 4426 556 4497 εξούσιον·
617 4425 679 4481 οὗ
736 4428 836 4501 γὰρ
895 4423 1072 4489 αἷίτιος
1128 4430 1238 4482 τῶν
1289 4431 1470 4482 κακῶν
1515 4426 1544 4481 6
1597 4426 1759 4499 Θεὸς,
1809 4428 1941 4501 ὅπερ

284 4517 433 4573 ἐστὶν
466 4518 495 4571 6
529 4516 581 4588 ἐξ
613 4518 777 4572 αὐτοῦ
819 4515 1128 4593 χωρισμόςο
1163 4519 1198 4585 ἡ
1251 4514 1309 4571 δὲ
1350 4517 1595 4586 σύνταξις
1636 4515 1794 4586 αὕτη·
1828 4516 1943 4571 ἐπεὶ

2052 2024 2190 2078 vina
2218 2021 2617 2077 illustrations
2647 2018 3021 2092 inaequalitas
3060 2018 3256 2075 liberae
3291 2018 3706 2091 propensionis

2053 2115 2349 2183 operatur.

2123 2199 2563 2258 Diuimilitudo.
2596 2200 2716 2257 Hoc
2745 2202 2837 2256 est
2865 2197 3172 2255 oculorum
3205 2196 3423 2255 mentis
3454 2198 3700 2255 aversio.

2121 2381 2228 2436 Aut
2255 2381 2478 2436 omnino
2525 2394 2734 2434 cassam
2782 2378 2940 2449 facit.
2985 2376 3151 2445 Vide,
3186 2376 3483 2450 quomodo
3525 2374 3704 2443 dicat,

2050 2486 2159 2525 nos
2190 2470 2350 2541 ipsos
2391 2485 2603 2524 causas
2646 2483 2777 2523 esse
2827 2466 3191 2538 suscipiendi
3240 2464 3702 2522 illustrationem

2051 2558 2333 2627 divinam,
2366 2561 2469 2613 aut
2497 2573 2727 2629 parum,
2759 2560 2862 2611 aut
2892 2555 3148 2610 multum
3184 2554 3375 2625 ipsius
3417 2554 3701 2626 accipere,

2050 2653 2154 2704 aut
2183 2647 2329 2703 nihil
2385 2647 2628 2703 omnino
2687 2647 2818 2716 ejus
2869 2644 3197 2714 admittere,
3232 2645 3471 2715 quando
3500 2647 3705 2699 contra

2048 2736 2239 2808 ipsam
2292 2736 2627 2792 referientes
2674 2735 2965 2790 fuerimus
3008 2738 3291 2803 tanquam
3352 2732 3545 2803 asperi
3598 2748 3700 2787 seu

2046 2825 2285 2897 lapidei.
2315 2826 2410 2880 Ait
2452 2825 2633 2897 igitur
2681 2824 2740 2878 in
2791 2821 3122 2894 Evangeliis
3181 2821 3307 2893 ipse
3363 2821 3699 2877 Dominus:

2043 2917 2229 2971 Potest
2284 2916 2423 2971 Deus
2478 2930 2548 2969 ea:
2607 2912 2895 2985 lapidibus
2948 2913 3033 2967 his
3073 2913 3318 2967 excitare
3346 2910 3495 2981 ﬁlios
3525 2910 3703 2965 Abra-

2043 3004 2255 3077 ham);
2284 3004 2439 3077 quod
2470 3003 2627 3059 enim
2660 3001 2831 3058 nobis
2860 3001 3075 3057 durum
3096 3005 3154 3057 et
3174 2999 3566 3073 impossibile,
3592 2999 3703 3056 hoc

2044 3094 2162 3151 Deo
2192 3098 2283 3149 est
2312 3092 2613 3166 possibile.

2118 3184 2223 3240 Nos
2251 3184 2596 3240 emersimus.
2628 3184 2774 3237 Nota
2795 3181 3050 3237 maxime
3071 3196 3140 3235 ex
3169 3178 3281 3235 hoc
3311 3177 3437 3235 loco
3455 3177 3699 3251 reprimi

2047 3271 2448 3343 importunam
2483 3266 3343 3343 quorumdametindiscretam
3375 3265 3697 3333 inscitiam,

2049 3360 2149 3433 qui
2182 3360 2402 3416 audent
2429 3358 2642 3428 dicere,
2666 3356 2898 3413 divinos
2936 3355 3048 3410 bos
3082 3354 3264 3411 libros
3285 3371 3415 3411 esse
3446 3354 3699 3427 Appolli-

2048 3448 2218 3514 narii,
2250 3465 2324 3504 ne
2353 3447 2591 3519 quidem
2621 3462 2690 3501 ex
2714 3444 2985 3517 personis
3014 3459 3261 3515 quarum
3283 3443 3574 3513 meminit,
3590 3460 3697 3499 an-

2047 3537 2381 3610 tiquitatem
2430 3535 2537 3591 viri
2583 3534 2992 3605 conjicientes;
3024 3532 3125 3587 sed
3159 3531 3307 3588 falso
3346 3531 3696 3603 inscriptam

2047 3625 2309 3699 Dionysii
2339 3623 2817 3697 appellationem,
2858 3621 3086 3689 dicunt,
3135 3636 3320 3692 neque
3350 3621 3507 3693 quod
3540 3636 3697 3676 nunc
3750 3630 3753 3631 '

2048 3716 2213 3786 dixit,
2236 3732 2298 3771 se
2318 3716 2389 3769 ab
2412 3711 2743 3768 idololatris
2764 3724 3140 3778 conversum;
3165 3710 3329 3782 atqui
3350 3708 3698 3782 Appollina-

2048 3805 2173 3861 rius
2203 3820 2318 3859 non
2348 3805 2475 3858 erat
2501 3817 2572 3857 ex
2600 3800 2839 3857 talibus.

2121 3982 2270 4053 Quod
2295 3983 2362 4039 in
2386 3990 2640 4054 promptu
2661 3980 2934 4037 omnibus.
2959 3980 3125 4046 Quod
3154 3978 3312 4035 Deus
3351 3980 3563 4033 natura
3593 3977 3695 4033 bo-

2050 4091 2163 4130 nus
2195 4072 2484 4128 exsistens
2517 4074 2789 4141 paratum
2822 4069 3087 4141 seipsum
3123 4067 3401 4124 omnibus
3421 4065 3700 4137 praebeat,

2050 4167 2117 4217 ut
2147 4160 2499 4233 participent
2527 4159 2598 4214 de
2628 4156 2939 4214 sanctitate
2970 4155 3180 4226 ipsius,
3229 4158 3286 4209 et
3307 4154 3367 4208 in
3399 4154 3598 4209 anima
3628 4152 3697 4208 il.

2048 4251 2377 4307 lustrentur
2415 4263 2429 4302 :
2477 4246 2771 4317 reliquum
2803 4245 2862 4299 in
2904 4243 3076 4299 nobis
3122 4242 3305 4298 situm
3354 4240 3697 4313 requiritur,

2051 4356 2263 4411 nempe
2292 4337 2588 4410 quomodo
2620 4334 2914 4406 cupimus,
2947 4330 3265 4404 participes
3286 4330 3410 4386 ﬁeri
3448 4331 3579 4401 ejus
3599 4346 3695 4386 co-

2050 4427 2356 4503 gnitionis,
2388 4430 2453 4481 ut
2482 4425 2831 4482 ostendatur
2852 4421 3103 4478 liberum
3124 4419 3440 4477 arbitrium
3469 4434 3481 4474 :
3506 4434 3699 4491 neque

2052 4520 2207 4575 enim
2242 4522 2394 4572 Deus
2424 4518 2515 4571 est
2543 4520 2750 4571 auctor
2779 4510 3098 4578 malorum,
3131 4509 3288 4581 quod
3330 4513 3421 4564 est
3465 4510 3538 4565 ab
3568 4509 3697 4580 ipso

285 4606 369 4663 ὅτι
435 4627 497 4681 γε
548 4607 637 4661 καὶ
682 4610 791 4661 τῶν
843 4606 1039 4680 ἑτέρων
1110 4604 1276 4671 ἐθνῶν
1347 4606 1447 4661 οὑκ
1516 4600 1747 4684 ἕκφυλοί
1800 4627 1941 4669 τινες

2065 4605 2376 4679 separatio;
2428 4605 2551 4661 haec
2590 4607 2681 4660 est
2723 4606 2919 4658 autem
2968 4598 3328 4656 constructio
3362 4614 3376 4653 :
3409 4598 3698 4664 Quoniam

288 4695 617 4752 ἐπεστάτουν
658 4694 805 4765 θεοὶ,
863 4696 960 4769 μία
1017 4693 1074 4751 δὲ
1127 4694 1344 4750 πάντων
1398 4695 1570 4771 ἀρχή·
1628 4694 1718 4750 καὶ
1777 4696 1941 4757 οὕτως

2065 4696 2281 4753 ceteris
2310 4695 2487 4750 etiam
2519 4692 2796 4765 gentibus
2826 4707 2942 4746 non
2973 4688 3151 4745 exteri
3176 4687 3421 4759 quidam
3452 4688 3700 4760 impera-

286 4784 489 4855 τᾶλλα,
526 4783 617 4840 διὰ
650 4785 836 4858 μέσου·
872 4786 961 4841 καὶ
994 4786 1079 4841 ὅτι
1128 4783 1218 4839 καὶ
1265 4788 1373 4839 τῶν
1424 4783 1609 4840 ἄλλων
1642 4783 1809 4840 ἐθνῶν
1846 4784 1944 4859 μία

288 4876 439 4951 ἀρχὴ
468 4878 568 4930 τοῦ
599 4878 733 4931 Θεοῦ
762 4877 929 4950 ἦρχε,
961 4875 1051 4929 καὶ
1079 4873 1203 4929 τότε
1230 4871 1319 4929 διὰ
1346 4878 1453 4929 τῶν
1508 4871 1661 4929 ἰδίων
1696 4872 1944 4950 ἀγγέλων

286 4964 702 5041 ἱεραρχούντων
737 4966 803 5021 ⁵³.

366 5141 738 5220 Μελχισεδέκ.
785 5141 1102 5216 Σημείωσαι
1149 5142 1216 5197 τὰ
1261 5141 1385 5218 περὶ
1431 5146 1529 5196 τοῦ
1578 5140 1943 5217 Μελχισεδὲκ,

2052 4787 2197 4843 bant
2227 4784 2330 4851 dii,
2357 4798 2541 4837 unum
2554 4797 2686 4836 vero
2706 4783 2797 4835 est
2824 4778 3090 4834 omnium
3125 4776 3505 4849 principium,
3526 4779 3698 4846 atque

2051 4877 2135 4933 ita
2165 4873 2391 4945 reliqua
2420 4869 2788 4927 intermedia.
2808 4869 2878 4923 Et
2897 4867 3053 4939 quod
3087 4866 3220 4922 aliis
3251 4881 3485 4937 quoque
3505 4864 3698 4936 genti-

2054 4966 2167 5022 bus
2195 4978 2379 5019 unum
2413 4960 2509 5016 Dei
2538 4958 2856 5031 imperium
2879 4956 3228 5028 imperabat,
3247 4959 3375 5009 tum
3398 4952 3572 5010 etiam
3594 4968 3699 5025 per

2054 5051 2323 5127 praprios
2354 5048 2592 5122 angelos
2620 5063 2781 5103 sacro
2818 5046 3198 5117 imperantes.

2127 5138 2491 5196 Melchisedec.
2523 5137 2671 5192 Nota
2699 5152 2825 5206 quas
2857 5135 2927 5189 de
2972 5130 3358 5187 Melchisedec
3389 5133 3698 5203 tanquam,

300 5235 372 5297 ὦς
401 5219 669 5310 ἱεράρχου
703 5228 883 5306 ὄντος,
931 5232 1021 5287 καὶ
1071 5238 1135 5302 τῆ
1191 5228 1261 5286 δι’
1310 5230 1562 5306 ἀγγέλων
1614 5228 1816 5307 ὁδηγίᾳ
1856 5232 1941 5286 τὸν

2065 5228 2367 5287 bierarcba
2396 5226 2697 5293 dicuntur,
2729 5227 2787 5280 et
2818 5223 2889 5278 de
2917 5237 2984 5278 eo
3016 5220 3116 5291 qui
3149 5219 3501 5276 deductione
3532 5236 3681 5295 ange

364 5419 437 5493 (ε)
466 5418 638 5477 Deut.
672 5433 853 5484 xxxn,
882 5416 938 5473 9.
1014 5414 1081 5487 (Ι)
1112 5414 1281 5471 Rom.
1314 5429 1400 5483 ιιι,
1431 5414 1523 5482 29,
1554 5415 1644 5472 30.
1721 5415 1795 5488 (g)
1836 5415 1975 5472 Luc.
2006 5430 2094 5487 ιιι,
2124 5415 2178 5469 8.

1298 5596 1538 5654 VARle
1578 5595 1967 5654 LECTIONES
2004 5595 2098 5653 ET
2137 5588 2698 5651 CORRECTIONES.

359 5713 909 5793 ⁸οἓπιιιίιομίζειιθαι.
984 5715 1031 5752 ⁶¹
1067 5709 1227 5787 μηδὲ.
1302 5713 1349 5751 ⁶²
1380 5710 1590 5770 ἑαυτόν.
1667 5713 2143 5787 ⁶³ἱεραρχοῦντος.
