4158 6370
438 380 508 436 87
1253 381 1620 434 APPENDIX
1657 380 1756 433 AD
1792 378 2037 434 OPERA
2075 380 2109 432 Ξ

2230 378 2495 431 IONYSIl
2535 376 3038 433 AREOPAGITB.
3784 372 3854 425 88

443 506 639 561 lorum
671 520 872 561 verum
896 504 1162 576 agnovit:
1188 512 1465 576 sequentes
1513 506 1708 559 autem
1754 501 1918 570 dixit,
1960 518 2092 574 pro-

2226 496 2375 562 ῐντως
2406 495 2534 555 ὄντα
2564 501 2695 556 Θεὸν
2738 497 3134 573 ἐπεγνωκότος·
3178 493 3477 569 ἑπομένους
3519 492 3576 550 δὲ
3620 495 3733 550 εἶπε
3765 491 3855 549 διὰ

446 598 576 667 pter
605 594 935 650 libertatem
966 593 1218 659 arbitrii,
1251 596 1307 648 et
1339 610 1453 648 non
1486 592 1865 649 coactionem.

520 685 617 740 85
653 686 680 752 §
710 683 800 739 IV.
838 682 1148 738 Pharaoni.
1182 681 1328 737 Nota
1358 682 1513 753 quod
1546 681 1702 736 dicat
1745 680 1999 735 visiones
2034 681 2094 734 in

2199 589 2263 644 τὸ
2287 591 2622 665 αὑθαιρετον,
2653 590 2742 645 καὶ
2776 591 2841 644 οὗ
2868 587 3404 661 κατηναγκασμένον.

2275 680 2424 753 §IV.
2459 682 2553 751 Τῷ
2592 679 2816 752 Φαραώ.
2870 676 3209 750 Σημείωσαι,
3244 676 3326 729 ὅτι
3370 671 3416 728 δ’
3450 672 3691 751 ἀγγέλων
3720 672 3854 751 φησὶ

449 772 699 829 somniis
737 788 841 844 per
888 769 1128 843 angelos
1170 770 1354 826 factas
1412 770 1614 837 fuisse,
1678 768 1988 835 Pharaoni,
2040 772 2097 824 et

2226 766 2297 829 ῖὰς
2320 768 2438 831 καθ’
2470 766 2668 829 ὕπνους
2718 766 2959 842 γενέσθαι
3012 764 3224 841 ὁράσεις
3271 768 3353 835 τῷ
3400 763 3625 837 Φαραὼ,
3654 763 3743 817 καὶ
3775 765 3856 833 τῷ

447 860 1029 931 Nabuchodonosori,
1061 865 1118 915 et
1148 859 1362 915 horum
1393 856 1743 935 ἐκφαντορίας
1775 875 1877 914 seu
1909 857 2093 913 inter-

448 949 825 1021 pretationes.

518 1040 757 1095 Famuti.
780 1038 998 1110 Joseph
1027 1038 1267 1109 quidem
1297 1037 1720 1109 Egyptiorum,
1751 1036 1946 1091 Daniel
1992 1053 2093 1090 au-

448 1131 567 1182 tem
604 1126 1073 1200 Babyloniorum,
1108 1125 1338 1199 angelis
1370 1125 1801 1197 imperantibus
1832 1124 1925 1180 his
1955 1141 2095 1197 gen-

446 1215 629 1287 tibus,
653 1215 752 1271 Dei
784 1214 1081 1272 voluntate
1104 1215 1357 1271 visiones
1389 1213 1809 1269 revelantibus.

525 1396 698 1463 Quasi
724 1397 937 1451 sortito.
995 1394 1144 1450 Nota
1191 1391 1736 1463 interpretationem
1787 1392 2096 1448 verborum

453 1485 665 1540 cantici
697 1485 910 1557 Moysis
934 1501 947 1539 :
975 1484 1200 1553 Quando
1228 1482 1505 1538 dividebat
1534 1483 1848 1539 Altissimus
1889 1490 2096 1551 gentes,

457 1589 589 1644 quos
618 1574 880 1645 dispersit
904 1574 1048 1643 ﬁlios
1090 1574 1284 1639 Adam,
1316 1574 1509 1627 statuit
1557 1574 1821 1628 terminos
1851 1574 2099 1644 gentium

456 1662 756 1718 secundum
785 1679 1079 1719 numerum
1093 1661 1427 1732 angelorum
1448 1664 1567 1725 Dei;
1590 1671 1642 1718 et
1666 1665 1846 1733 ﬂictus
1874 1671 1957 1717 est
1971 1678 2100 1733 por-

454 1755 532 1807 tio
557 1752 777 1807 Domini
803 1753 1034 1823 populus
1061 1752 1242 1819 Jacob,
1265 1750 1556 1823 funiculus
1577 1752 1912 1808 haereditatis
1926 1753 2101 1822 ipsius

454 1842 623 1897 Israel
647 1840 758 1913 (h):
784 1858 899 1897 non
929 1842 1087 1897 enim
1118 1845 1363 1912 oportet,
1397 1840 1610 1912 inquit,
1644 1841 1915 1897 arbitrari
1955 1841 2098 1896 divi-

460 1928 610 1985 sisse
644 1946 777 1984 cum
811 1929 944 1985 aliis
973 1930 1087 1985 diis
1118 1934 1217 1985 aut
1248 1928 1468 1999 angelis
1493 1932 1724 2000 gentes;
1782 1947 1897 1985 non
1946 1930 2103 1987 enim

456 2018 663 2073 sortito
699 2018 907 2090 obtigit
956 2022 1069 2073 Deo
1120 2017 1357 2089 quidem
1392 2016 1591 2085 Israel,
1625 2017 1754 2074 aliis
1785 2024 1980 2075 autem
2005 2038 2113 2076 an-

462 2106 610 2178 gelis
640 2105 937 2178 privatim,
963 2112 1028 2161 ut
1051 2107 1110 2162 in
1133 2106 1295 2162 nullo
1319 2106 1431 2163 alio
1456 2106 1569 2179 ipsi
1591 2108 1707 2163 Deo
1740 2109 2109 2166 ministrent:

468 2194 722 2267 exempli
752 2196 960 2267 gratia,
996 2196 1116 2252 haec
1147 2212 1292 2267 gens
1324 2196 1462 2251 huic
1487 2196 1693 2269 angelo
1714 2202 1868 2254 sorte
1885 2200 2117 2271 obtigit,

471 2299 661 2356 neque
692 2284 808 2339 ista
845 2301 989 2357 gens
1021 2289 1111 2341 est
1143 2286 1258 2341 Deo
1281 2302 1456 2356 curae,
1488 2291 1590 2340 aut
1640 2286 1785 2341 nulli
1824 2287 1922 2342 alii
1952 2294 2119 2345 vacat

471 2374 626 2445 apud
683 2375 885 2445 Deum,
936 2374 1189 2446 alicujus
1255 2375 1450 2447 gentis
1500 2375 1745 2447 angelus
1780 2393 1793 2432 :
1825 2394 1959 2433 vero
2004 2396 2119 2435 non

474 2461 683 2533 mquali
716 2462 935 2519 honore
965 2463 1054 2520 vel
1078 2464 1345 2536 opposite
1364 2464 1624 2535 suscepit
1643 2464 1797 2521 Deus
1811 2465 1961 2522 hanc
1984 2484 2119 2538 gen-

479 2555 630 2619 tem;
661 2556 715 2608 et
747 2553 997 2625 quisque
1035 2552 1379 2625 angelorum
1424 2554 1835 2626 particularem
1867 2561 2121 2629 gentem,

480 2641 636 2697 sicut
658 2641 716 2697 in
754 2642 903 2699 Isaia
926 2643 1149 2698 dictum
1172 2647 1283 2715 est,
1314 2644 1469 2715 quod
1492 2642 1765 2699 diabolus
1790 2649 2017 2701 montes
2048 2648 2119 2702 ad

476 2730 739 2799 boream,
786 2732 895 2789 hoc
925 2737 1014 2789 est
1042 2737 1248 2806 gentes
1295 2732 1442 2788 dixit
1470 2732 1530 2787 in
1576 2732 1768 2803 seipso
1801 2734 2034 2801 habere,
2066 2740 2123 2792 et

476 2821 821 2877 contrariari
855 2823 990 2889 Deo,
1025 2822 1351 2893 similisque
1378 2837 1505 2877 esse
1545 2822 1868 2878 Altissimo.
1912 2824 2123 2882 Omnia

475 2910 630 2965 enim
665 2911 926 2967 serviunt
960 2913 1092 2979 Deo,
1126 2916 1182 2967 et
1214 2912 1340 2983 ipse
1367 2912 1643 2968 omnibus
1693 2914 1980 2986 imperat:
2016 2917 2118 2971 sed

470 2998 667 3069 ipsum
701 3005 1118 3072 cognoscentes
1140 3000 1327 3073 pluris
1360 3001 1497 3056 facit
1526 3002 1774 3074 ideoque
1814 3003 1937 3074 ipse
1970 3005 2116 3061 dici-

469 3089 566 3141 tur
619 3086 763 3159 ipsis
815 3088 1124 3161 imperare,
1190 3090 1300 3145 etsi
1358 3089 1613 3146 habeant
1670 3090 1942 3163 angelum
1978 3111 2120 3166 pras-

472 3175 713 3244 fectum,
736 3177 889 3233 sicut
915 3178 1093 3234 Israel
1124 3178 1489 3248 Michaelem;
1514 3184 1568 3235 et
1610 3183 1902 3252 quomodo
1922 3184 2114 3239 omni-

2204 852 2721 933 Ναϐουχοδονόσορ,
2765 856 2855 911 καὶ
2901 857 2996 917 τὰς
3039 854 3245 910 τούτων
3279 853 3651 931 έκφαντορίας,
3684 850 3853 927 ἤγουν

2204 945 2523 1021 ὶρμηνείας.

2276 1037 2627 1111 Θεράποντες.
2660 1037 2718 1089 Ὀ
2777 1035 2869 1108 μὶν
2922 1035 3124 1111 Ἰωσὴφ
3171 1036 3279 1087 τῶν
3326 1029 3667 1105 Αἰγυπτίων·
3723 1030 3750 1084 6
3802 1026 3861 1084 δὲ

2207 1123 2408 1195 Δανιὴλ
2456 1129 2563 1180 τῶν
2615 1120 3010 1191 Βαϐυλωνίων,
3054 1119 3299 1198 ἀγγέλων
3350 1125 3458 1176 τῶν
3509 1119 3859 1175 ἐπιστατούνο

2205 1234 2311 1268 των
2344 1218 2458 1275 τοῖς
2490 1212 2661 1269 ἔθνεσι
2690 1213 2924 1283 τούτεις,
2963 1210 3138 1287 βουλῇ
3176 1213 3310 1266 Θεοῦ
3356 1208 3858 1266 ἀποκαλυπτόντων

2205 1304 2271 1357 τὰ
2302 1304 2550 1378 ὁράματα
2578 1306 2642 1359 ⁸⁸.

2279 1391 2804 1467 Ἀποκληρωτικῶς.
2861 1389 3191 1465 Σημείωσαι
3237 1390 3337 1458 τὴν
3398 1389 3691 1466 ἑρμηνείαν
3749 1392 3858 1443 τῶν

2210 1480 2388 1557 ῥητῶν
2435 1488 2534 1552 τῆς
2583 1482 2823 1537 Μωσέως
2851 1478 3023 1553 ᾠδῆς·
3055 1483 3183 1538 ’Ὁτε
3218 1477 3519 1556 διεμέριζεν
3548 1480 3577 1533 6
3606 1481 3863 1553 Ὕψιστος

2208 1567 2357 1641 ἔθνη,
2415 1570 2505 1633 οῦς
2579 1569 2881 1646 διεμέρισεν
2960 1570 3109 1631 υἳοὺς
3169 1567 3392 1642 Ἀδάμ,
3455 1562 3677 1639 ἔστησεν
3738 1568 3864 1643 ὅρια

2211 1660 2370 1715 ἐθνῶν
2430 1662 2565 1716 κατά
2638 1661 2869 1736 ἀριθμὸν
2926 1658 3173 1736 ἀγγέλων
3231 1661 3365 1713 Θεοῦ
3407 1676 3419 1689 ·
3479 1656 3569 1712 καὶ
3628 1656 3861 1731 ἐγενήθη

2216 1751 2367 1827 μερὶς
2468 1753 2673 1825 Κυρίου
2756 1750 2890 1813 λαὸς
2992 1751 3156 1805 αὐτοῦ
3236 1743 3475 1817 Ἰακὼϐ,
3562 1747 3865 1823 σχοίνισμα

2211 1839 2586 1915 κληρονομίας
2657 1840 2822 1895 αὑτοῦ
2898 1836 3139 1915 Ἰσραήλ·
3202 1837 3264 1892 οὗ
3334 1837 3438 1913 γὰρ
3510 1834 3610 1906 δεῖ,
3672 1835 3861 1916 φησὶν,

2222 1926 2425 1993 θ’ίεσθαι
2477 1929 2792 2005 μερίσασθαι
2841 1930 2977 2004 πρὸς
3026 1928 3240 2004 ἑτέρους
3297 1926 3451 1991 θεοὺς
3509 1927 3543 1997 ἢ
3595 1924 3866 2001 ἀγγέλους

2224 2017 2288 2072 τὰ
2318 2014 2466 2087 ἔθνη·
2501 2020 2565 2074 οὑ
2613 2021 2713 2095 γὰρ
2740 2015 3216 2091 ἀποκληρωτικῶς
3265 2014 3453 2090 ἔλαχε,
3496 2019 3574 2088 τῷ
3623 2019 3740 2087 Θεῷ
3775 2015 3872 2087 μεν

2228 2106 2470 2182 Ἰσραὴλ,
2503 2114 2618 2169 τοῖς
2668 2105 2726 2162 δὶ
2773 2105 2969 2169 ἄλλοις
3016 2104 3275 2183 ἀγγέλοις
3325 2102 3504 2178 ἰδίως,
3535 2104 3609 2167 ὠς
3646 2104 3721 2178 μὴ
3765 2102 3885 2159 δια-

2227 2202 2403 2251 κονεῖν
2433 2197 2628 2259 αὐτοὺς
2656 2197 2729 2260 είς
2762 2194 2903 2252 ἄλλο
2949 2218 3002 2251 τι
3046 2200 3127 2267 τῷ
3180 2199 3315 2267 Θεῷ’
3368 2194 3481 2249 οἷον
3527 2192 3651 2271 φέρε
3682 2193 3881 2263 εῗπεῖν,

2228 2282 2352 2340 τόδε
2398 2286 2459 2339 τὸ
2508 2282 2657 2347 ἔθνος
2704 2282 2845 2358 τῷδε
2895 2289 2972 2356 τῷ
3001 2282 3220 2359 ἀγγέλῳ
3269 2280 3460 2358 ἔλαχε,
3492 2282 3581 2337 καὶ
3613 2282 3674 2337 οὑ
3724 2281 3883 2355 μέλει

2228 2378 2307 2447 τῷ
2338 2380 2455 2447 Θεῷ
2482 2378 2577 2429 τοῦ
2622 2371 2807 2438 ἔθνους
2855 2374 3040 2429 αὐτοῦ’
3073 2372 3108 2442 ἢ
3141 2373 3202 2427 οὑ
3254 2370 3518 2448 σχολάζει
3567 2372 3735 2447 ἑτέρῳ
3773 2392 3887 2426 τινι

2232 2465 2367 2539 πρὸς
2397 2466 2547 2533 Θεὸν,
2581 2465 2608 2519 6
2636 2468 2734 2519 τοῦ
2775 2462 2960 2527 ἔθνους
2989 2460 3242 2539 ἄγγελος,
3278 2460 3402 2517 ἀλλ’
3443 2459 3565 2517 οὐδ’
3597 2460 3889 2535 ὀμοτίμως

2234 2554 2267 2623 ἢ
2301 2554 2588 2618 ἀντιθέτως
2622 2549 2811 2609 ἔλαϐεν
2844 2555 2871 2609 6
2902 2554 3030 2615 Θεὸς
3063 2550 3187 2607 τόδε
3233 2551 3295 2605 τὸ
3325 2546 3501 2620 ἔθνος,
3530 2551 3619 2605 καὶ
3656 2550 3888 2613 ’ὲκαστος

2232 2649 2339 2698 τῶν
2372 2643 2613 2719 ἀγγέλων
2672 2642 2807 2699 ἴδιον
2854 2638 3025 2715 ἔθνος,
3059 2642 3133 2705 ὠς
3183 2639 3233 2696 έν
3283 2645 3363 2713 τῷ
3408 2639 3603 2712 Ἡσαΐᾳ
3646 2639 3886 2715 εἶ’ρηται,

2234 2735 2315 2787 ὅτι
2375 2733 2403 2787 ὅ
2462 2727 2721 2795 διάϐολος
2778 2733 2846 2787 τὰ
2901 2733 3037 2806 πρὸς
3090 2730 3286 2807 βορῥᾶν
3340 2725 3466 2806 ὅρη,
3517 2731 3761 2784 τουτέστι
3806 2732 3879 2786 τὰ

2233 2820 2381 2892 ἔθνη,
2424 2822 2563 2876 εἶπεν
2608 2820 2662 2876 ἐν
2712 2822 2885 2892 ἑαυτῷ
2911 2819 3079 2895 ἔχειν,
3110 2819 3199 2874 καὶ
3231 2818 3599 2883 ἰναντιοῦσθαι
3628 2823 3707 2891 τῷ
3734 2823 3875 2890 Θεῷ,

2229 2910 2318 2966 καὶ
2368 2914 2502 2966 εἶναι
2558 2912 2750 2984 ὅμοιος
2791 2915 2871 2983 τῷ
2903 2909 3158 2983 Ὑψίστῳ·
3200 2910 3373 2964 πάντα
3426 2909 3526 2985 γὰρ
3579 2905 3749 2963 δοῦλα
3776 2912 3878 2963 τοῦ

2231 3005 2385 3069 Θεοῦ,
2435 3000 2523 3056 καὶ
2564 2998 2750 3055 πάντω
2800 3000 2961 3061 αὑτὸς
3004 2996 3184 3074 ἄρχει·
3217 2996 3365 3052 ἀλλὰ
3399 2997 3529 3060 τοὺς
3575 2998 3880 3073 γινώσκον-

2229 3111 2323 3152 τας
2356 3091 2517 3145 αὑτὸν
2545 3094 2805 3165 προτιμᾷ·
2838 3087 2927 3143 καὶ
2978 3085 3065 3142 διὰ
3110 3091 3274 3142 τοῦτο
3322 3086 3412 3142 καὶ
3462 3087 3620 3149 αὑτὸς
3662 3084 3879 3162 λέγεται

2228 3179 2402 3234 αὐτῶν
2434 3176 2644 3255 ἄρχειν,
2685 3175 2779 3232 κᾶν
2828 3176 3007 3253 ἔχοιεν
3057 3179 3101 3213 ⁵⁵
3151 3174 3379 3252 ἄγγελον
3418 3176 3711 3254 ἐφεστῶτα,
3745 3177 3821 3240 ὥς
3851 3177 3882 3231 6

470 3264 584 3321 bus
613 3266 767 3323 Deus
801 3267 1119 3340 imperans,
1154 3285 1258 3340 per
1286 3268 1687 3325 excellentiam
1732 3274 1929 3327 tamen
1978 3273 2109 3329 dici-

2228 3266 2449 3345 Ἰσραὴλ
2482 3270 2572 3323 τὸν
2625 3266 2879 3343 Μιχαήλ.
2910 3266 3017 3322 Καὶ
3058 3270 3175 3329 πῶς
3207 3268 3423 3321 πᾶντων
3474 3266 3502 3320 6
3530 3266 3660 3328 Θεὸς
3692 3267 3883 3341 ἄρχων

470 3358 567 3410 tur
598 3355 752 3412 Deus
801 3356 999 3427 Israel,
1057 3362 1114 3413 et
1159 3356 1335 3413 Israel
1386 3359 1573 3430 ipsius
1625 3359 1898 3431 populus.
1931 3364 2117 3434 Atque

470 3444 724 3501 dicimus
751 3448 903 3517 quod
939 3447 1092 3503 Deus
1122 3448 1491 3503 omniumest
1520 3448 2113 3516 Deus;accedentium

472 3538 669 3589 autem
684 3536 754 3590 ad
778 3535 996 3607 ipsum,
1023 3536 1343 3609 ipsumque
1364 3537 1554 3593 solum
1576 3539 2117 3611 adorantiumjuste

469 3626 621 3678 Deus
644 3623 881 3691 dicitur;
905 3624 1114 3697 reliqui
1144 3643 1277 3681 vero
1304 3626 1457 3682 idola
1499 3626 1779 3695 colentes,
1811 3628 1957 3685 alios
2001 3630 2113 3685 sibi

468 3711 695 3767 faciunt
724 3713 882 3768 deos.

539 3805 745 3856 Factus
791 3806 869 3857 est
914 3819 1047 3873 pars
1101 3803 1359 3859 Domini.
1396 3803 1566 3859 Recte
1595 3803 2014 3875 interpretatur
2046 3807 2114 3861 il-

465 3888 566 3943 lud
604 3905 616 3943 :
644 3891 770 3944 Fuit
790 3906 918 3961 pars
950 3892 1172 3946 Domini
1198 3890 1410 3947 Israel.
1453 3891 1769 3962 Oportebat
1812 3893 2011 3965 igitur,
2063 3896 2114 3950 si

466 3978 704 4049 quidem
720 3980 897 4035 Israel
914 3981 1077 4036 solus
1100 3980 1899 4053 cognoscebatDeum,ipsum
1917 3984 2110 4039 solum

463 4083 496 4121 a
522 4067 632 4122 Deo
654 4072 711 4123 et
734 4068 958 4140 angelis
994 4070 1122 4140 ejus
1163 4068 1375 4137 curari;
1417 4085 1616 4125 verum
1648 4069 1707 4124 in
1732 4069 1839 4125 hoc
1880 4088 2110 4144 quoque

462 4157 794 4213 ostenditur
823 4159 1116 4214 immensa
1158 4164 1217 4215 et
1272 4158 1695 4231 investigabilis
1732 4160 1825 4215 Dei
1876 4162 2109 4218 miseri-

462 4246 681 4315 cordia,
707 4248 862 4318 quod
888 4248 960 4304 iis
981 4248 1156 4304 etiam
1199 4248 1297 4320 qui
1332 4248 1602 4304 videntur
1622 4267 1733 4305 non
1758 4266 1887 4306 esse
1927 4252 2110 4322 partis

461 4336 591 4405 ejus
623 4337 1036 4408 particularem
1072 4337 1345 4410 angelum
1382 4339 1762 4410 praeposuerit
1808 4341 1968 4411 genti
2008 4358 2108 4396 cu-

462 4427 721 4482 stodem:
748 4427 905 4482 Oriri
928 4427 1077 4482 enim
1095 4429 1234 4495 facit
1257 4428 1425 4482 solem
1453 4443 1614 4482 suum
1651 4445 1817 4500 super
1855 4429 2034 4499 justas
2061 4440 2111 4488 et

460 4514 695 4585 injustas
717 4516 807 4585 (i);
828 4516 1110 4571 etiterum
1133 4532 1145 4570 :
1166 4517 1283 4572 Non
1306 4515 1494 4571 volens
1521 4521 1748 4573 mortem
1785 4522 2107 4591 peccatoris,

2224 3360 2341 3413 κατ’
2372 3357 2636 3432 ἐξαίρετον
2667 3360 2765 3412 τοῦ
2795 3354 3012 3428 Ἰσραὴλ
3047 3354 3264 3431 λέγεται
3297 3356 3451 3423 Θεὸς,
3472 3357 3564 3410 καὶ
3601 3357 3628 3410 6
3660 3354 3887 3431 Ἰσραὴλ

2226 3449 2391 3503 αὐτοῦ
2427 3466 2440 3515 ;
2472 3445 2569 3501 Καὶ
2619 3445 2876 3521 λέγομεν,
2933 3444 3014 3500 ὅτι
3066 3445 3094 3499 6
3136 3446 3267 3507 Θεὸς
3319 3444 3531 3499 πάντων
3583 3444 3693 3499 ἐστὶ
3724 3446 3884 3507 Θεός·

2223 3542 2329 3591 τῶν
2367 3534 2423 3591 δὲ
2474 3535 2891 3605 πλησιαζόντων
2942 3534 3112 3606 αὐτῷ,
3144 3536 3233 3589 καὶ
3287 3533 3447 3589 αὐτὸν
3501 3532 3664 3606 μόνον
3709 3553 3889 3609 προσ-

2223 3625 2529 3681 κυνούντων
2600 3624 2814 3701 λέγεται
2861 3624 2992 3687 Θεὸς
3042 3621 3286 3685 δικαίως
3340 3624 3393 3677 οἱ
3449 3619 3507 3677 δὲ
3564 3625 3609 3660 ⁶⁶
3668 3621 3885 3694 λοιποὶ,

2224 3712 2429 3770 εἷ’δωλα
2461 3710 2731 3783 σέϐοντες,
2764 3715 2978 3790 ἑτέρους
3010 3717 3258 3769 ποιοῦσιν
3292 3713 3493 3768 ἑαυτῶν
3531 3712 3704 3777 θεούς.

2292 3806 2553 3879 Ἐγενῆθη
2637 3804 2793 3881 μερὶς
2871 3802 3092 3879 Κυρίου.
3168 3800 3365 3865 Καλῶς
3442 3801 3728 3875 ἑρμηνεύει
3790 3803 3880 3856 τό·

2224 3894 2477 3969 Ἐγένετο
2529 3894 2683 3967 μερὶς
2743 3893 2939 3967 Κυρίου
2998 3890 3243 3967 Ἰσραήλ.
3304 3892 3507 3966 Ἐχρῆν
3560 3892 3676 3963 οὖν,
3725 3889 3883 3966 εἷ’περ

2222 3983 2249 4036 6
2279 3982 2503 4056 Ἰσραὴλ
2541 3982 2705 4055 μόνος
2760 3982 3091 4056 ἑπεγίνωσκε
3134 3981 3287 4048 Θεὸν,
3339 3980 3501 4035 αὐτὸν
3552 3981 3714 4053 μόνον
3768 3980 3880 4035 ὑπὸ

2218 4075 2315 4126 τοῦ
2365 4071 2563 4148 Κυρίου
2616 4072 3048 4141 ἐπισκοπεῖσθαι,
3098 4070 3188 4125 καὶ
3238 4075 3346 4125 τῶν
3399 4068 3643 4145 ἀγγέλων
3688 4070 3883 4125 αὐτοῦ’

2221 4158 2368 4215 ἀλλὰ
2398 4161 2486 4215 καὶ
2520 4161 2569 4215 ἐν
2601 4160 2780 4233 τούτῳ
2812 4157 3080 4215 δείκνυται
3130 4160 3191 4213 τὸ
3224 4159 3530 4234 ἀμέτρητον
3575 4156 3666 4213 καί
3705 4160 3882 4232 ἀνεξι-

2220 4250 2475 4325 χνίαστον
2510 4249 2661 4313 ἔλεος
2686 4253 2783 4304 τοῦ
2830 4253 2986 4320 Θεοῦ,
3020 4248 3103 4303 δτι
3150 4249 3241 4303 καὶ
3285 4253 3400 4310 τοῖς
3433 4245 3657 4303 δοκοῦσι
3695 4249 3770 4321 μὴ
3804 4249 3887 4303 εῖ-

2218 4360 2304 4394 ναι
2333 4346 2434 4409 τῆς
2470 4337 2691 4415 μερίδος
2723 4337 2912 4407 αὐτοῦ,
2948 4336 3086 4394 ἴδιον
3120 4338 3351 4414 ἄγγελον
3396 4333 3735 4414 προεϐάλετο
3783 4337 3887 4416 φύ-

2220 4426 2357 4483 λακα
2399 4431 2495 4483 τοῦ
2544 4424 2759 4491 ἔθνους·
2808 4426 3125 4485 Ἀνατέλλει
3174 4429 3278 4504 γὰρ
3336 4428 3425 4482 τὸν
3485 4426 3647 4496 ⁴ἥλιον
3708 4425 3880 4481 αὐτοῦ

2218 4516 2305 4571 ἐπὶ
2355 4514 2594 4580 δικαίους
2643 4518 2729 4572 καὶ
2783 4515 3023 4580 ἀδίκους.
3074 4518 3171 4572 Καὶ
3221 4515 3409 4572 πάλιν·
3456 4517 3517 4575 Ὁ
3572 4517 3647 4590 μὴ
3696 4515 3877 4572 θέλων

458 4602 552 4658 sed
573 4606 629 4657 ut
658 4612 1008 4661 convertatur
1037 4610 1093 4659 et
1123 4606 1270 4661 vivat
1292 4605 1596 4675 (k);verum
1614 4606 2106 4678 dices,quomodo

2226 4606 2305 4661 τὸν
2385 4608 2611 4661 θάνατον
2682 4610 2781 4662 τοῦ
2855 4607 3209 4680 ἀμαρτωλοῦ,
3270 4606 3344 4667 ὡς
3420 4606 3484 4661 τὸ
3556 4604 3874 4681 ἐπιστρέψαι

462 4692 563 4746 36
587 4693 685 4764 qui
719 4692 938 4749 habent
963 4694 1203 4766 angelos
1237 4694 1351 4749 sibi
1379 4713 1411 4749 a
1436 4699 1547 4751 Deo
1572 4696 1629 4750 in
1664 4712 1829 4767 reges
1852 4700 1909 4751 et
1929 4698 2107 4754 duces

2226 4695 2305 4749 καὶ
2361 4698 2457 4767 ζῇν
2518 4696 2703 4752 αὐτόν.
2765 4693 2929 4752 Ἀλλ’
2988 4694 3149 4768 ἐρεῖς·
3213 4695 3320 4750 Καὶ
3378 4699 3495 4756 πῶς
3543 4695 3594 4749 οἱ
3652 4689 3879 4770 ἔχοντες

457 4780 648 4852 datos,
682 4782 1081 4839 discesserunt
1140 4803 1171 4840 a
1220 4784 1337 4839 Deo
1367 4785 1593 4839 vivente
1635 4789 1691 4840 et
1714 4786 2106 4844 adoraverunt

454 4869 658 4926 idola?
708 4871 964 4928 Dicimus
1014 4889 1249 4929 omnem
1304 4874 1713 4929 necessitatem
1760 4874 1830 4929 ab
1884 4874 1954 4931 iis
2002 4877 2105 4947 qui

454 4957 640 5015 Deum
672 4960 977 5017 intuentur
1008 4962 1307 5029 abactam;
1334 4968 1537 5017 contra
1565 4979 1700 5017 vero
1731 4961 1982 5018 liberum
2008 4981 2103 5018 ar-

451 5046 695 5105 bitrium
720 5050 1149 5120 introductum;
1185 5052 1233 5108 si
1266 5051 1397 5123 quis
1418 5050 1600 5123 igitur
1625 5050 1801 5124 eligat
1829 5068 1964 5107 cum
1990 5056 2100 5108 Deo

521 5285 602 5358 (h)
636 5286 801 5342 Deut.
834 5303 1013 5354 xxxii,
1040 5287 1097 5355 8,
1126 5288 1179 5345 9.
1256 5287 1322 5359 (ί)
1354 5286 1564 5343 Matth.
1596 5303 1655 5358 ν,
1687 5288 1774 5343 45.

2218 4783 2483 4858 ἀγγέλους
2518 4785 2661 4857 παρὰ
2689 4788 2785 4838 τοῦ
2833 4788 2968 4840 Θεοῦ
2998 4781 3323 4855 δεδομένους
3358 4782 3434 4845 εἷς
3468 4784 3530 4838 τὸ
3571 4782 3875 4839 ἐπιστατεῖν

2214 4872 2303 4926 καὶ
2330 4875 2578 4946 ἡγεῖσθαι
2612 4874 2813 4945 αὐτῶν,
2846 4872 3153 4942 ἀπέστησαν
3200 4871 3305 4927 ἀπὸ
3355 4876 3491 4927 Θεοῦ
3526 4877 3744 4942 ζῶντος,
3778 4874 3877 4929 καὶ

2213 4961 2613 5034 προσεκύνησαν
2666 4961 2968 5031 εἶδώλοις;
3016 4961 3276 5038 Λέγομεν,
3335 4962 3419 5017 ὅτι
3468 4967 3613 5015 πᾶσα
3660 4962 3874 5036 ἀνάγκη

2216 5048 2400 5106 ἐκτῶν
2435 5050 2513 5114 εἷς
2545 5053 2672 5108 Θεὸν
2703 5053 2955 5129 ὁρώντων
2990 5049 3259 5122 ἐλήλαται
3302 5050 3391 5106 καὶ
3440 5050 3777 5125 ἀντεισήχθη
3808 5055 3878 5106 τὸ

1854 5287 1930 5361 (k)
1963 5288 2169 5347 Ezech.
2202 5305 2406 5359 χχχιιι,
2440 5290 2493 5346 9.

1447 5521 1688 5579 VARI/ﬁ
1726 5521 2124 5580 LECTIONES
2163 5522 2254 5580 ET
2293 5523 2850 5583 CORRECTIONES.

520 5698 565 5737 ⁸⁸
597 5694 975 5755 ἀπεκάλυπτον
1007 5700 1095 5755 καὶ
1128 5705 1268 5779 σαφῆ
1296 5697 1509 5756 ἐποίουν
1540 5701 1606 5757 τὰ
1636 5702 1802 5780 ὁράμ.
1837 5704 2082 5762 Visiones

2226 5702 2441 5761 dabant
2466 5720 2530 5761 ac
2558 5703 3015 5779 maui/eslabani.
3087 5705 3132 5741 ⁸⁸
3161 5698 3333 5780 ἔχωσι
3362 5698 3474 5761 καί.
3548 5704 3595 5741 ⁸⁸
3638 5702 3689 5758 οἱ
3729 5698 3853 5779 γάρ.
