4158 6370
278 378 343 432 89
982 377 1043 428 S.
1082 373 1349 426 MAXIMI
1390 367 1698 423 SCHOLIA
1736 368 1810 420 IN
1848 366 1985 419 LIB.
2024 367 2123 420 DE
2159 369 2481 429 CCELBTI
2521 378 2992 432 HIERARCHIA.
3622 375 3694 429 90

284 493 753 573 αὖτοπροαίρετον
786 514 799 527 ·
851 491 982 554 εἷ’τις
1030 489 1121 546 οὖν
1176 492 1408 566 αἱρεῖται
1468 487 1559 542 σὺν
1616 490 1733 560 Θεῷ
1786 488 1942 557 εἶναι,

2069 504 2207 560 asse,
2240 496 2298 549 et
2328 497 2659 555 custoditur
2707 499 2779 555 ab
2828 498 3055 570 angelo,
3087 501 3144 554 et
3175 497 3530 571 disponitur,
3575 499 3695 555 ait:

281 590 599 666 φρουρεῖται
659 583 765 638 ὑπὸ
821 586 919 638 τοῦ
982 579 1241 658 ἀγγέλου,
1270 579 1359 635 καὶ
1416 577 1659 633 τάττεται
1694 596 1706 609 ’
1742 573 1942 666 Κιϐριος

277 663 404 753 γὰρ,
463 674 619 754 φησὶ,
682 674 941 750 γινώσκει
1023 670 1147 726 ὁδὸν
1237 668 1504 724 δικαίων⁸
1564 666 1653 721 καὶ
1718 663 1932 720 πάλιν.

285 752 568 841 Νεώτερος
623 761 803 837 ἤμην,
855 761 945 817 καὶ
1004 760 1107 838 γὰρ
1164 758 1425 836 έγήρασα,
1484 756 1573 812 καὶ
1645 755 1744 811 οὐκ
1799 752 1945 810 εἶδον

282 854 485 911 δίκαιον
543 850 1117 928 ἐγκαταλελειμμένον
1156 868 1168 881 ·
1204 845 1258 904 εἷ’
1297 869 1383 910 τις
1443 844 1501 902 δὲ
1548 846 1648 915 τὴν
1706 844 1944 899 ἐναντίαν

282 947 536 1020 αἱρεῖται,
571 942 670 998 οὐκ
697 939 1054 1016 ἀναγκάζεται
1113 939 1217 994 ὐπὸ
1272 942 1368 993 τοῦ
1426 935 1664 1012 ἀγγέλου
1708 932 1836 989 τόδε
1894 954 1947 1020 τι

283 1007 457 1088 ποιεῖν
487 1052 501 1065 ·
540 1033 700 1093 οὗτος
726 1032 828 1108 γὰρ
862 1032 889 1085 6
942 1030 1060 1106 βίος
1110 1030 1200 1083 καὶ
1231 1025 1517 1098 κτηνώδης
1573 1023 1812 1098 μᾶλλον,
1857 1007 1947 1077 καὶ

279 1123 375 1178 οὐκ
422 1121 909 1198 αὖτοπροαίρετος.
966 1118 1187 1192 Ἀμέλει
1238 1118 1326 1173 καὶ
1388 1116 1513 1191 περὶ
1570 1118 1671 1171 τοῦ
1724 1114 1946 1189 Ἰσραήλ

283 1232 471 1290 φησιν,
522 1209 606 1266 ὅτι
656 1210 874 1283 ἥμαρτε
920 1208 1013 1263 καὶ
1075 1205 1515 1281 ὲμοσχοποίησεν
1551 1224 1563 1236 ·
1627 1203 1945 1290 Ἐπίγνωσιν

279 1289 405 1375 γὰρ,
468 1298 628 1378 φησὶ,
688 1303 822 1354 Θεοῦ
880 1297 1108 1368 ἀπώσω,
1161 1296 1252 1351 καὶ
1312 1294 1489 1349 ὀπίσω
1546 1296 1646 1363 τῆς
1722 1289 1947 1368 καρδίας

282 1410 379 1444 σου
440 1388 772 1464 έπορεύθης,
830 1385 1075 1443 τουτέστι
1126 1387 1190 1441 τὸ
1250 1382 1391 1441 ἴδιον
1450 1382 1669 1458 θέλημα
1733 1380 1950 1459 προετί·

285 1498 486 1554 μησας.

354 1568 462 1623 Τὸν
491 1565 753 1643 Μιχαήλ.
782 1570 901 1623 ’Ότι
942 1567 1032 1621 καὶ
1065 1568 1092 1621 ὁ
1121 1565 1362 1642 Ἰσραὴλ,
1395 1564 1444 1619 εἴ
1485 1564 1576 1620 καὶ
1640 1564 1793 1641 μερὶς
1842 1568 1949 1617 Κυ-

286 1656 404 1733 ρίου
431 1654 666 1733 ἐγένετο,
701 1654 831 1712 ἀλλ’
853 1654 943 1712 οὖν
967 1655 1059 1711 καὶ
1090 1651 1456 1711 αὐτοὶίδικὸν
1508 1649 1734 1729 ἄγγελον
1790 1652 1945 1725 εἶχον

283 1746 375 1801 τὸν
410 1744 671 1820 Μιχαήλ.

2057 579 2317 638 Dominus
2347 589 2497 642 enim
2530 590 2684 644 novit
2706 591 2857 644 viam
2875 589 3155 659 justorum
3190 589 3251 660 (ι)
3278 606 3293 659 ;
3344 592 3402 643 et
3449 604 3696 644 rursus:

2054 671 2258 728 Iunior
2281 677 2390 745 lui,
2425 680 2631 735 etenim
2650 681 2832 748 senui,
2863 684 2915 735 et
2944 696 3055 734 non
3088 679 3204 735 vidi
3225 680 3444 751 justum
3470 679 3703 734 derelic-

2058 768 2171 816 tum
2200 764 2300 836 (τη)
2332 783 2345 821 :
2370 767 2418 822 si
2442 768 2577 839 quis
2600 774 2793 825 autem
2815 769 3168 825 contrariam
3188 768 3339 824 viam
3362 767 3558 841 eligat,
3583 784 3701 823 non

2059 851 2289 922 cogitur
2316 856 2388 910 ab
2417 858 2626 929 angelo
2659 857 2881 930 aliquid
2913 859 3054 914 certi
3104 859 3291 914 facere
3323 874 3336 912 :
3371 858 3492 913 haec
3538 857 3697 913 enim

2059 940 2188 995 vitae
2221 944 2366 999 ratio
2404 948 2678 1017 pecuaria
2710 948 2903 1019 potius
2934 952 3025 1004 est
3064 963 3236 1018 quam
3287 946 3468 1003 libero
3519 964 3701 1019 agens

2061 1032 2301 1089 arbitrio
2328 1052 2340 1102 ;
2367 1036 2645 1093 nimirum
2670 1040 2850 1094 etiam
2874 1038 2946 1094 de
2968 1037 3183 1093 Israels
3206 1036 3369 1105 dicit,
3393 1038 3551 1109 quod
3572 1052 3705 1108 pec-

2061 1118 2209 1174 cavit
2238 1125 2294 1176 et
2323 1122 2568 1179 vitulum
2604 1124 2779 1193 fecit;
2839 1126 3219 1195 Cognitionem
3265 1125 3433 1193 enim,
3486 1122 3703 1195 inquit,

2058 1209 2159 1263 Dei
2188 1214 2464 1282 reputisti,
2500 1217 2703 1285 etpost
2731 1230 2827 1271 cor
2883 1219 3038 1269 tuum
3078 1213 3403 1282 ambulasti,
3454 1213 3563 1269 hoc
3611 1216 3702 1268 est

2058 1297 2416 1358 voluntatem
2452 1304 2745 1376 propriam
2776 1303 3168 1377 praeposuisti.

2128 1570 2462 1628 Michaelem.
2498 1572 2661 1639 Quod
2693 1572 2893 1639 Israel,
2926 1572 3034 1628 etsi
3064 1589 3201 1645 pars
3234 1571 3462 1628 Domini
3510 1571 3705 1638 fuerit,

2057 1662 2255 1715 tamen
2288 1659 2402 1731 ipsi
2436 1660 2612 1717 etiam
2646 1661 3005 1732 peculiarem
3039 1661 3311 1732 angelum
3362 1659 3704 1719 Michaelem

2059 1747 2395 1805 habuerint.

355 1834 741 1899 Ἐθελουσίως.
792 1835 974 1894 Τοῦτό
1025 1856 1156 1914 φησι
1208 1831 1298 1889 διὰ
1345 1833 1407 1888 τὸ
1456 1828 1800 1904 αὐτεξούσιον
1855 1826 1947 1883 καὶ

2133 1838 2474 1894 Voluntaria.
2501 1838 2618 1894 Hoc
2651 1838 2793 1894 dicit
2828 1844 3066 1911 propter
3112 1839 3415 1911 propriam
3462 1837 3708 1895 liberta-

284 1918 564 1983 ἀϐίαστον.

800 2039 913 2091 ΕΙΣ
954 2035 1047 2091 ΤΟ
1085 2038 1345 2089 ΚΕΦΑΛ.
1392 2033 1446 2091 Ῑ’.

368 2127 396 2193 §
426 2127 470 2180 Ι.
503 2121 937 2199 Τελεταρχικῆς.
967 2124 1380 2200 Τελεταρχικὴν
1409 2122 1510 2191 τὴν
1568 2118 1812 2196 ἀρχηγὸν
1863 2098 1963 2172 καἶ

295 2210 471 2266 αἰτίαν
506 2218 605 2281 τῆς
639 2213 819 2268 αὐτῶν
845 2212 1206 2277 τελειώσεως.
1784 2206 1803 2239 ί

370 2390 734 2469 Κρυφιωτέρα
794 2393 911 2466 μέν.
975 2392 1294 2465 Σημείωσαι
1354 2390 1436 2447 ὅτι
1496 2389 1722 2447 ένταῦθα
1770 2393 1953 2468 σαφῶς

294 2477 489 2551 δηλοῖ,
522 2477 613 2535 διὰ
642 2480 803 2536 ποίαν
834 2479 1005 2535 αῗτίαν
1037 2483 1092 2536 αἱ
1121 2482 1297 2551 τάξεις
1326 2485 1435 2536 τῶν
1491 2480 1758 2557 οὐρανίων
1791 2476 1952 2532 δυνά-

299 2591 450 2642 μεων
505 2568 679 2632 οὕτως
729 2569 884 2640 εἰσὶν,
918 2571 1055 2626 ὥστε
1107 2573 1205 2640 τὴν
1270 2571 1363 2643 μέν
1415 2569 1705 2645 ὑπερτέραν
1763 2570 1948 2623 εἶναι’

290 2661 391 2727 τὴν
432 2656 489 2713 δὲ
525 2658 694 2732 μέσην
731 2678 743 2691 '
773 2661 872 2729 τήν
908 2657 965 2715 δὲ
994 2660 1303 2716 τελευταίαν
1341 2679 1352 2692 '
1387 2658 1531 2737 λέγει
1563 2659 1664 2737 γὰρ
1715 2655 1804 2713 διὰ
1846 2657 1946 2726 τὴν

295 2749 572 2825 ἀνωτέραν
621 2750 792 2821 τάξιν,
824 2749 946 2819 ἥτις
991 2748 1103 2805 ἐστί
1153 2750 1357 2825 θρόνοι,
1411 2750 1669 2827 σεραφὶμ,
1718 2749 1807 2803 καὶ
1858 2767 1952 2823 χε-

297 2833 527 2914 ρουὸὶμ,
558 2840 641 2893 δτι
693 2839 782 2894 ὑπ’
812 2838 979 2909 αὐτῆς
1018 2848 1120 2910 τῆς
1168 2839 1311 2903 Θείας
1360 2840 1609 2916 γνώσεως
1668 2836 1952 2911 έλλαμπό·

301 2948 483 3000 μεναι,
519 2925 610 2983 διὰ
663 2928 726 2983 τὸ
768 2928 988 3003 ἀμέσως
1037 2930 1121 2984 ἐπ’
1148 2928 1316 2999 αὐτὴν
1365 2928 1816 2997 έπανατείνεσθαι,
1859 2927 1951 2983 καὶ

303 3018 379 3089 μὴ
413 3014 564 3092 ἔχειν
610 3018 673 3072 τὸ
720 3014 1137 3093 προλαμϐάνον,
1171 3015 1343 3081 οὕτως
1393 3019 1480 3074 ὑπ’
1511 3017 1678 3088 αὐτῆς
1718 3024 1819 3087 τῆς
1864 3038 1951 3072 τε·

297 3106 603 3181 λεταρχίας
652 3110 749 3177 τῆς
802 3107 945 3173 θείας
994 3108 1323 3182 καθαίρεται,
1363 3108 1453 3163 καὶ
1502 3108 1810 3187 φωτίζεται,
1859 3106 1950 3161 καὶ

294 3194 807 3271 τελεσιουργεῖται·
843 3197 889 3252 εἰ
941 3197 1042 3274 γὰρ
1102 3197 1271 3261 οὕτως
1328 3195 1773 3272 έδημιουργήθη,
1814 3197 1951 3253 ὥστε

296 3282 489 3357 πρώτη
556 3286 711 3355 εἶναι,
746 3283 869 3341 οὔτε
896 3288 1209 3362 καθάρσεως
1267 3284 1390 3342 οὔτε
1433 3291 1718 3365 φωτισμοῦ
1749 3284 1949 3358 ἐδέετο,

299 3370 446 3427 οὕτω
475 3373 799 3447 κλασθεῖσα,
835 3376 975 3431 ὥστε
1002 3376 1090 3431 καὶ
1141 3375 1261 3449 ἀξία
1316 3379 1452 3432 εἶναι
1480 3378 1580 3447 τῆς
1608 3376 1833 3453 πρώτης
1862 3376 1956 3431 τά-

296 3461 453 3530 ξεως.
489 3460 712 3526 ’Ἄλλως
741 3486 822 3534 τε,
858 3466 957 3539 δρα
984 3464 1038 3520 τί
1088 3464 1237 3540 λέγει
1292 3467 1427 3539 μετὰ
1476 3467 1667 3539 μικρὸν
1726 3468 1753 3521 6
1807 3471 1955 3530 θεῖος

298 3551 457 3613 οὗτος
546 3553 706 3628 ἀνὴρ,
767 3553 843 3616 ὡς
925 3556 1267 3632 κρυφιωτέρα
1351 3555 1564 3629 μᾶλλόν
1643 3554 1803 3627 ἔστιν,
1870 3557 1959 3612 ὅτι

296 3643 627 3716 νοητοτέρα,
664 3642 756 3698 καὶ
818 3641 1033 3716 μᾶλλον
1092 3644 1380 3716 άπλωτική
1418 3665 1430 3679 '
1486 3645 1546 3701 ἐκ
1597 3645 1804 3701 τούτων
1852 3649 1953 3724 γὰρ

296 3727 407 3785 ἔστι
463 3730 630 3787 πλέον
678 3726 865 3787 λαϐεῖν
913 3734 975 3788 τὸ
1007 3733 1463 3810 αὖτοπροαίρετον
1512 3734 1685 3790 αὐτῶν
1718 3755 1730 3769 ο
1761 3735 1811 3790 ei
1851 3740 1951 3813 γὰρ

302 3821 377 3892 μὴ
411 3818 582 3875 πλέον
614 3825 722 3876 τῶν
766 3818 1164 3896 ὑποδεεστέρων
1217 3822 1402 3892 ἥπλου
1453 3824 1672 3894 ἑαυτὴν,
1702 3825 1793 3880 καὶ
1845 3823 1952 3881 διε-

297 3915 501 3978 νοεῖτο,
537 3911 636 3965 οὐκ
685 3910 744 3965 ἂν
797 3909 1093 3982 ἐπλησίαζε
1136 3917 1253 3985 Θεῷ
1288 3932 1300 3946 ·
1348 3912 1602 3989 ἐγγίσασα
1650 3914 1707 3969 δὲ
1765 3920 1880 3988 Θεῷ
1910 3920 1952 3954 ⁸⁷

298 3998 585 4070 ἑκουσίως,
642 4004 887 4075 κρεῖττον
936 4001 1270 4078 καθαίρεται,
1328 4003 1417 4057 καὶ
1493 4005 1804 4081 φωτίζεται,
1863 4006 1953 4061 καὶ

294 4086 782 4165 τελεσιουργεῖται,
812 4089 1059 4147 τουτέστι
1092 4090 1299 4167 ἐνεργεῖ
1352 4093 1419 4146 τὰ
1473 4092 1677 4164 τέλεια,
1709 4093 1825 4149 ἀντὶ
1855 4099 1952 4150 τοῦ

294 4178 364 4231 τά
394 4179 520 4252 περὶ
568 4179 696 4235 Θεόν
735 4199 748 4212 ’
800 4180 891 4235 καὶ
938 4185 1099 4236 τοῦτο
1144 4180 1298 4255 οἶμαι
1348 4183 1447 4252 τήν
1498 4184 1713 4261 Γραφήν
1778 4184 1952 4239 αἶ’νίτ-

293 4269 480 4322 τεσθαι
515 4287 527 4299 ·
588 4267 922 4345 Προσέλθετε
994 4271 1131 4345 πρὸς
1213 4269 1395 4341 αὐτὸν,
1453 4271 1542 4325 καὶ
1623 4272 1948 4350 φωτίσθητε,

294 4358 382 4411 καὶ
444 4357 514 4412 τὰ
568 4358 841 4433 πρόσωπα
893 4360 1045 4432 ὑμῶν
1078 4360 1156 4432 μὴ
1203 4362 1572 4437 καταισχυνθῇ
1607 4380 1620 4393 ·
1668 4360 1810 4417 οὕτω
1858 4361 1948 4417 καὶ

295 4445 420 4520 περὶ
477 4450 586 4500 τῶν
642 4446 829 4525 ἑφεξῆς
882 4446 1162 4523 δυνάμεων
1212 4450 1436 4520 νόησον,
1468 4449 1550 4505 ὅτι
1583 4451 1778 4523 ἑκάστη
1814 4453 1951 4507 κατὰ

292 4536 392 4605 τήν
428 4534 633 4591 οῗκείαν
666 4536 960 4611 ἀναλογίαν
996 4539 1096 4613 ὁρᾷ
1123 4539 1217 4594 τὸν
1248 4540 1399 4595 Θεόνο
1431 4544 1599 4595 τοῦτο
1623 4540 1947 4617 σαφέστερον

295 4623 443 4699 λέγει
476 4625 567 4679 καὶ
598 4625 650 4679 έν
680 4631 761 4699 τῷ
790 4626 935 4683 τέλει
965 4632 1060 4684 τοῦ
1092 4626 1392 4706 κεφαλαίου
1425 4628 1643 4687 τούτου.

364 4718 393 4784 §
450 4720 524 4772 II.
583 4715 1011 4794 Ἐκφαντορικοί.
1062 4720 1185 4775 Ὅτι
1254 4719 1448 4781 πάντες
1495 4720 1547 4773 οἱ
1601 4716 1825 4795 ἄγγελοι
1881 4720 1949 4776 τὰ

290 4803 439 4877 παρὰ
480 4808 589 4858 τῶν
647 4806 754 4880 πρὸ
804 4805 978 4861 αὐτῶν
1013 4805 1090 4869 εἷς
1119 4806 1317 4870 αὐτοὺς
1349 4803 1622 4885 φερόμενα
1651 4814 1805 4887 φῶτα
1832 4816 1949 4873 τοῖς

293 4891 707 4970 ὑποδεεστέροις
765 4895 1100 4972 ἐκφαίνουσι.
1146 4897 1288 4951 Κατὰ
1345 4902 1533 4953 κοινοῦ
1592 4897 1829 4970 ληπτέον
1885 4901 1946 4956 τὸ

292 4980 673 5058 έκφαντορικοί
706 5003 718 5016 ⁸
744 4985 808 5040 ἐκ
838 4990 971 5041 Θεοῦ
1004 4983 1062 5041 Si
1091 4986 1460 5060 κεκινημένων
1491 4988 1626 5062 φησὶ
1679 4989 1803 5063 περί
1847 4996 1945 5061 τῆς

292 5074 517 5147 πρώτης
542 5079 653 5130 τῶν
687 5075 926 5153 σεραφὶμ
953 5077 1294 5152 ταξιαρχίας.

363 5165 636 5242 Σεραφίμ.
670 5164 771 5220 Alei
797 5164 851 5219 τί
882 5166 1004 5242 περὶ
1038 5170 1143 5222 τῶν
1195 5167 1435 5245 σεραφὶμ
1491 5168 1518 5222 ὁ
1579 5174 1722 5231 θεῖος
1774 5166 1946 5242 ὕμνος

293 5253 422 5332 ensi
452 5255 777 5330 κεκραγέναι
805 5250 987 5331 ἕτερον
1019 5257 1156 5328 πρὸς
1182 5257 1275 5311 τὸν
1322 5253 1542 5334 ἕτερου
1579 5254 1669 5313 διὰ
1709 5259 1771 5313 τὸ
1818 5258 1945 5323 τοὺς

1977 4605 2026 4671 D

2068 1930 2208 1995 tem,
2241 1932 2297 1983 et
2326 1945 2358 1985 a
2387 1927 2664 1985 violentia
2692 1928 3149 1984 immunitatem.

2690 2038 2764 2090 IN
2804 2036 2957 2092 CAP.
3000 2036 3074 2091 X.

2140 2122 2242 2195 §I.
2288 2126 2556 2180 Primitus
2602 2126 2885 2192 initiante,
2935 2125 3031 2179 Gr.
3074 2119 3492 2199 τελεταρχικῆς,
3541 2121 3710 2178 Τελεο

2065 2214 2358 2286 ταρχικήν,
2387 2214 2710 2287 principem
2744 2219 2802 2270 et
2831 2230 3071 2270 causam
3120 2214 3494 2286 perfectionis
3548 2214 3709 2287 ipso-

2066 2317 2221 2356 rum.

2136 2388 2416 2448 Occultior
2443 2392 2683 2464 quidem.
2714 2392 2863 2449 Nota
2893 2392 3046 2465 quod
3105 2392 3199 2449 hic
3250 2392 3560 2449 manifeste
3606 2394 3711 2449 de-

2064 2478 2265 2551 claret,
2298 2488 2534 2554 propter
2583 2499 2760 2555 quam
2806 2499 3047 2539 causam
3105 2482 3339 2539 ordines
3383 2481 3707 2538 caelestium

2061 2568 2345 2625 virtutum
2381 2571 2525 2628 tales
2557 2573 2697 2641 sint,
2732 2577 2794 2627 ut
2826 2572 2921 2627 hic
2962 2572 3205 2643 quidem
3258 2587 3575 2642 supremus
3606 2571 3703 2638 sit,

2063 2656 2173 2713 iste
2201 2660 2451 2730 medius;
2503 2661 2602 2717 ille
2661 2677 2795 2717 vero
2846 2665 3182 2733 postremus
3230 2660 3494 2715 exsistat.
3557 2660 3710 2715 Dicit

2063 2748 2218 2804 enim
2249 2757 2485 2821 propter
2512 2766 2857 2823 supremum
2890 2750 3181 2816 ordinem,
3214 2748 3312 2820 qui
3347 2754 3435 2803 est
3485 2748 3707 2819 throni,

2063 2838 2356 2910 seraphim
2394 2845 2450 2895 et
2479 2840 2808 2900 cherubim.
2843 2840 2995 2910 quod
3025 2840 3095 2894 ab
3128 2840 3256 2910 ipsa
3285 2838 3482 2893 divina
3503 2839 3707 2911 cogni-

2062 2928 2220 2984 tione
2240 2929 2638 3000 illustrentur;
2664 2930 2803 3002 quia
2822 2929 3164 2985 immediate
3192 2929 3251 2983 in
3276 2928 3405 2999 ipsa
3427 2928 3705 2997 intendit,

2063 3017 2331 3090 nihilque
2352 3020 2520 3076 habe!
2553 3021 2709 3092 quod
2736 3024 3119 3092 praeoccupat,
3146 3018 3230 3074 ita
3251 3019 3323 3073 ab
3347 3018 3475 3089 ipso
3508 3017 3705 3073 divino

2063 3106 2285 3163 rituum
2328 3109 2661 3181 principatu
2714 3114 3003 3181 purgatur
3049 3112 3106 3163 et
3154 3106 3487 3162 illustratur
3532 3110 3708 3177 atque

2064 3198 2384 3269 perficitur.
2416 3184 2473 3254 Si
2506 3197 2661 3254 enim
2697 3198 2781 3253 sic
2810 3202 3044 3253 creatus
3074 3201 3182 3263 est,
3216 3199 3282 3251 ut
3326 3196 3553 3267 primus
3608 3196 3707 3261 sit,

2067 3304 2257 3360 neque
2278 3288 2847 3361 expiationis,neque
2865 3286 3283 3342 illustrationis
3302 3284 3548 3357 indiget,
3573 3301 3708 3340 cum

2066 3376 2148 3433 ita
2178 3378 2408 3435 efﬁctus
2439 3379 2535 3447 sit,
2566 3383 2631 3434 ut
2659 3378 2835 3434 etiam
2868 3378 3085 3449 dignus
3114 3376 3305 3448 primo
3354 3375 3561 3431 ordine
3613 3392 3711 3431 ex-

2065 3468 2257 3524 sistat.
2288 3468 2469 3534 Alias,
2500 3469 2631 3523 vide
2659 3469 2796 3538 quid
2829 3467 3003 3539 paulo
3036 3472 3169 3538 post
3197 3465 3286 3520 vir
3336 3464 3431 3519 hic
3469 3465 3709 3520 divinus

2064 3558 2218 3613 dicat
2244 3575 2256 3612 :
2284 3559 2444 3627 Quod
2470 3560 2785 3615 abstrusior
2812 3558 2992 3625 magis
3020 3560 3117 3625 sit,
3141 3556 3274 3627 quia
3296 3554 3710 3623 intelligibilior

2063 3650 2115 3701 et
2142 3647 2389 3719 simplex
2407 3649 2585 3720 magis
2610 3666 2624 3717 ;
2654 3665 2723 3703 ex
2753 3646 2848 3701 his
2880 3646 3037 3702 enim
3069 3648 3261 3717 potest
3278 3642 3535 3715 amplius
3559 3643 3707 3715 ipso-

2064 3753 2194 3792 rum
2224 3736 2475 3794 liberum
2509 3737 2818 3794 arbitrium
2869 3734 3099 3807 colligi:
3132 3735 3180 3790 si
3210 3733 3367 3790 enim
3424 3750 3540 3788 non
3589 3749 3709 3787 am—

2064 3824 2219 3896 plius
2249 3826 2628 3883 inferioribus
2658 3827 2923 3899 seipsum
2947 3823 3293 3898 explicabat,
3328 3826 3384 3878 et
3414 3820 3711 3892 intellige-

2064 3918 2182 3985 bat,
2216 3933 2357 3973 sane
2389 3935 2504 3973 non
2536 3918 2847 3973 accedebat
2878 3916 2948 3970 ad
2976 3916 3155 3969 Deum
3183 3930 3196 3981 ;
3225 3910 3708 3983 appropinquans

2062 4007 2218 4062 enim
2241 4008 2569 4063 voluntarie
2593 4011 2726 4073 Deo,
2752 4005 2963 4061 melius
2986 4008 3275 4075 purgatur
3296 4005 3353 4057 et
3374 4000 3709 4056 illustratur

2062 4102 2235 4167 atque
2267 4097 2589 4169 perﬁcitur,
2639 4095 2750 4151 hoc
2807 4100 2916 4161 est,
2970 4096 3207 4164 perfecta
3263 4099 3542 4164 operatur,
3602 4106 3705 4161 pro

2059 4204 2187 4258 quae
2218 4187 2401 4242 Deum
2429 4190 2683 4259 tangunt
2712 4203 2725 4253 ;
2760 4189 2937 4255 atque
2976 4182 3085 4237 hoc
3135 4180 3405 4248 arbitror,
3440 4180 3705 4250 Scriptu-

2060 4291 2185 4329 ram
2219 4274 2557 4330 insinuare:
2589 4272 2837 4329 Accedite
2863 4271 2941 4327 ad
2970 4272 3169 4340 ipsum,
3200 4276 3251 4324 et
3272 4267 3700 4336 illuminamini,

2060 4372 2111 4419 et
2139 4366 2307 4435 facies
2340 4366 2535 4421 vestrae
2561 4379 2668 4419 non
2699 4360 3107 4431 confundentur
3139 4356 3222 4429 (η)
3248 4374 3261 4413 :
3296 4356 3381 4411 ita
3429 4354 3604 4411 etiam
3632 4355 3705 4410 de

2059 4454 2158 4509 37
2192 4454 2437 4525 reliquis
2474 4452 2793 4509 virtutibus
2822 4448 3104 4520 intellige,
3138 4446 3294 4519 quod
3334 4460 3705 4517 unaquaeque

2061 4560 2163 4614 pro
2195 4559 2302 4598 sua
2336 4541 2709 4614 proportione
2736 4538 2934 4596 videat
2964 4536 3148 4593 Deum
3179 4553 3192 4604 ;
3225 4533 3563 4604 clariusque
3596 4531 3704 4587 hoc

2059 4632 2201 4687 dicit
2230 4631 2289 4687 in
2322 4633 2437 4687 ﬁne
2468 4631 2648 4703 hujus
2678 4627 2907 4701 capitis.

2129 4723 2256 4791 §Il.
2290 4722 2736 4794 Interpretantes.
2784 4717 2947 4784 Quod
2994 4732 3194 4772 omnes
3243 4712 3434 4786 angeli
3480 4711 3707 4767 lumina

2058 4816 2131 4870 ad
2162 4830 2226 4870 se
2256 4831 2290 4870 a
2318 4811 2725 4886 superioribus
2754 4808 2966 4877 delata,
2991 4804 3491 4879 indigentioribus
3510 4799 3705 4856 decla-

2058 4908 2207 4970 rent,
2240 4900 2713 4959 subaudiendum
2744 4902 2853 4969 est,
2890 4897 3316 4967 interpretantes
3342 4907 3354 4946 :
3389 4907 3421 4945 a
3450 4890 3568 4945 Deo
3599 4904 3702 4943 au-

2058 4996 2176 5049 tem
2208 4994 2608 5065 permotorum
2638 4987 2781 5045 dicit
2810 4987 2883 5041 de
2912 4985 3104 5057 primo
3125 4980 3348 5038 ordinis
3369 4976 3704 5051 principatu

2058 5081 2531 5154 seraphinorum.

2128 5170 2445 5244 Seraphim.
2478 5169 2595 5226 Cur
2623 5168 2887 5224 divinum
2940 5163 3236 5220 canticum
3288 5158 3446 5215 dicat
3491 5158 3563 5212 de
3612 5171 3707 5244 se-

2060 5243 2323 5334 raphim,
2348 5275 2526 5316 unum
2580 5258 2653 5314 ad
2710 5256 2962 5313 alterum
3020 5249 3354 5307 clamasse?
3406 5246 3547 5319 quia
3599 5243 3708 5301 sci-

358 5414 417 5489 (l)
448 5414 606 5473 Psal.
639 5431 681 5485 ι,
712 5416 767 5473 6.
848 5415 945 5488 (m)
977 5414 1125 5473 Psal.
1157 5432 1347 5489 xxxvr,
1378 5415 1468 5472 25.
1547 5416 1627 5490 (η)
1660 5414 1812 5475 Psal.
1847 5434 2053 5490 xxxm,
2083 5420 2138 5477 6.

1297 5596 1539 5657 VARUE
1570 5597 1965 5659 LECTIONES
2006 5600 2098 5659 ET
2129 5594 2684 5659 COBRECTIONES.

352 5711 395 5749 ⁸⁷
423 5708 597 5784 αὐτῷ.
