4158 6370
436 331 503 387 91
1259 330 1625 383 ΔΡΡΕΝΠΙΧ
1665 328 1763 381 AD
1799 326 2039 382 OPERA
2075 329 2094 380 ε

2216 324 2491 383 ἸΟΝΥΒΙΙ
2528 330 3025 390 AREOPAGITB.
3784 336 3857 390 92

430 455 572 512 licet
605 455 782 528 primi
814 453 1175 510 annuntiant
1206 452 1483 509 secundis
1542 450 1744 508 divina
1792 449 2090 522 mysteria.

2216 450 2458 525 πρώτους
2514 450 2795 529 ἀγγέλλειν
2853 458 2970 519 τοῖς
3026 452 3300 533 δευτέροις
3352 454 3420 511 τὰ
3467 463 3583 522 θεῖα
3638 461 3853 532 μυστή-

507 636 539 709 §
576 637 675 692 ΙΙΙ.
710 638 832 691 Νοη
865 635 1161 690 immerito.
1196 634 1277 688 Ex
1307 632 1647 689 rudioribus
1671 631 1827 687 enim
1852 631 2087 687 institu-

434 726 698 783 tionibus
721 725 902 798 (quod
936 724 1104 779 lactis
1131 722 1595 796 potionationem
1627 720 1943 793 Apostolus
1986 737 2086 777 vo-

435 814 608 885 cavit)
643 815 713 870 ad
746 813 982 883 media;
1012 817 1070 868 et
1100 813 1172 868 ab
1205 811 1298 867 his
1325 813 1396 866 ad
1430 812 1655 881 majora
1715 826 1817 865 seu
1867 810 2086 881 perfec-

437 911 636 963 torum
668 905 863 961 cibum
899 904 1246 971 ascendens,
1279 908 1641 974 postremum
1686 901 1943 955 ostendit
1996 917 2088 955 or-

438 997 634 1052 dinem
668 999 725 1050 et
751 995 1053 1049 virtutem.
1081 993 1240 1049 Licet
1254 1008 1388 1047 vero
1410 996 1467 1046 et
1488 991 1602 1047 alio
1626 991 1797 1046 modo
1820 989 1941 1046 haec
1959 1006 2090 1061 quae

435 1085 630 1142 locum
661 1088 915 1158 tangunt
953 1082 1304 1155 intelligere,
1337 1087 1513 1154 atque
1543 1081 1799 1152 primum
1849 1080 2088 1151 quidem

437 1177 631 1233 dicere
660 1175 1049 1232 intentionem
1083 1174 1153 1229 ad
1193 1174 1260 1245 {id
1309 1173 1466 1244 quod
1517 1170 1933 1244 supereminet.
1967 1170 2090 1226 Me-

437 1264 604 1320 dium
637 1268 858 1331 autem,
892 1262 1336 1320 conversionem
1366 1265 1424 1317 et
1442 1259 1913 1317 convolutionem
1937 1258 2092 1315 circa

438 1353 637 1426 ipsum
666 1373 680 1424 ;
713 1357 1081 1426 postremum
1111 1368 1267 1419 vero,
1294 1366 1427 1406 eum
1454 1349 1554 1421 qui
1581 1348 1748 1403 illum
1769 1349 1871 1420 qui
1893 1347 2091 1404 subin-

439 1442 737 1514 digentior
766 1446 876 1509 est,
909 1441 1131 1498 elevat:
1166 1441 1322 1512 quod
1355 1456 1498 1496 sane
1528 1438 1722 1511 potius
1752 1438 1811 1493 in
1866 1436 2089 1511 angelis

438 1529 913 1604 intelligendum.

512 1622 585 1677 Et
609 1622 820 1693 primos
849 1627 905 1675 et
925 1620 1151 1677 medios.
1190 1622 1375 1693 [Nota]
1410 1619 1566 1691 quod
1618 1618 2089 1691 uniuscujusque

437 1714 706 1765 nostrum
740 1726 905 1766 mens
936 1710 1160 1783 primos
1193 1715 1251 1766 et
1278 1709 1502 1765 medios
1534 1713 1592 1764 et
1622 1713 1955 1781 postremos
1993 1726 2087 1765 or-

2196 560 2306 614 ρια.

2265 634 2418 701 §IlI.
2454 633 2568 690 Οὐκ
2617 633 2939 699 ἀπεικότως.
2994 638 3089 694 Ἐκ
3143 637 3243 715 γὰρ
3300 643 3408 694 τῶν
3465 636 3851 714 ἁπλουστέρων

2202 724 2308 794 μυή
2320 722 2623 798 σεων,δπερ
2652 722 2921 799 γάλακτος
2950 728 3216 800 ποτισμὸν
3250 726 3501 784 ἐκάλεσεν
3532 730 3561 783 6
3583 728 3848 787 Ἀπόστο-

2198 809 2320 881 λος,
2350 813 2489 888 πρὸς
2518 812 2586 868 τὰ
2619 814 2776 888 μέσα,
2805 816 2895 871 καὶ
2926 816 2984 871 ἐκ
3030 816 3238 873 τούτων
3285 820 3422 895 πρὸς
3476 818 3543 874 τὰ
3602 820 3847 892 μείζονα,

2197 898 2373 974 ἤγουν
2404 905 2502 972 τῆν
2535 908 2641 957 τῶν
2666 903 2892 960 τελείων
2924 908 3132 981 τροφὴν
3167 908 3350 980 ἀνιὼν,
3381 907 3481 976 τὴν
3533 907 3847 964 τελευταίαν

2202 991 2477 1067 ἀναφαίνει
2510 993 2654 1066 τάξιν
2681 994 2771 1049 καὶ
2804 992 3054 1069 δύναμιν.
3090 996 3241 1053 Ἐστι
3294 994 3351 1052 δὲ
3397 997 3488 1053 καὶ
3538 997 3735 1073 ὶτέρως
3787 997 3854 1053 τὰ

2198 1080 2335 1137 κατὰ
2362 1083 2454 1137 τὸν
2486 1085 2651 1138 τόπον
2706 1086 2899 1152 νοῆσαι
2935 1104 2947 1116 °
2985 1086 3073 1140 καὶ
3110 1087 3335 1160 πρώτην
3391 1087 3484 1160 μὶν
3535 1086 3705 1142 εἷπεῖν
3751 1088 3851 1158 τὴν

2199 1171 2336 1248 πρὸς
2362 1172 2425 1228 τὸ
2471 1173 2849 1247 ὑπερκείμενον
2902 1174 3155 1230 ἀνάτασιν
3192 1196 3205 1208 ο
3243 1175 3411 1250 μέσην
3462 1174 3520 1232 δὶ
3575 1178 3674 1246 τὴν
3728 1175 3854 1253 περὶ

2200 1261 2360 1319 αὑτὸν
2389 1261 2727 1341 ἀναστροφὴν
2778 1264 2869 1319 καὶ
2920 1261 3185 1337 συνέλιξιν
3219 1285 3231 1298 ·
3278 1266 3590 1322 τελευταίαν
3638 1263 3696 1321 δὲ
3751 1268 3853 1337 τὴν

2198 1353 2261 1407 τὸ
2312 1349 2694 1427 ὑποδεέστερον
2738 1353 3060 1428 ἀνάγουσαν,
3101 1355 3129 1409 ὃ
3176 1356 3264 1410 καὶ
3325 1355 3537 1429 μᾶλλον
3597 1355 3685 1410 ἐπὶ
3739 1359 3851 1410 τῶν

2198 1440 2450 1518 ἀγγέλων
2479 1441 2725 1513 νοητέον.

2273 1621 2375 1679 Καὶ
2422 1623 2643 1698 πρώτας
2686 1622 2775 1677 καὶ
2830 1623 3013 1697 μέσας.
3063 1623 3427 1698 [Σημείωσαι]
3478 1622 3561 1679 ὅτι
3620 1624 3850 1679 ἑκάστου

2198 1714 2360 1784 ἡμῶν
2395 1713 2422 1766 6
2450 1716 2577 1773 νοῦς
2608 1713 2825 1786 πρώτας
2852 1712 2942 1767 καὶ
2999 1714 3164 1786 μέσας
3199 1714 3289 1768 καὶ
3328 1712 3642 1776 τελευταίας
3672 1713 3850 1783 τάξεις

437 1799 608 1855 dines
636 1798 871 1867 habeat,
906 1803 971 1854 ut
1001 1797 1294 1869 intelligat
1322 1798 1379 1853 in
1405 1798 1520 1853 Deo
1546 1801 1667 1853 tres
1688 1796 1797 1853 hos
1824 1798 2087 1867 ordines,

2216 1797 2314 1877 ἕχει
2348 1802 2424 1865 εἷς
2454 1804 2515 1858 τὸ
2545 1809 2685 1859 νοεῖν
2719 1805 2843 1880 περὶ
2874 1809 3007 1860 Θεοῦ
3052 1805 3147 1868 τὰς
3190 1811 3338 1882 τρεῖς
3383 1805 3559 1877 τάξεις
3600 1803 3798 1866 ταύτας
3835 1821 3849 1836 ⁸

440 1886 526 1942 sic
558 1886 1009 1960 intelligendum
1045 1892 1301 1943 mentem
1346 1902 1582 1943 omnem
1634 1885 1848 1942 habere
1890 1902 2088 1942 essen-

436 1976 587 2032 tiam
635 1976 962 2032 secundum
1019 1993 1197 2048 quam
1249 1976 1508 2048 primum
1567 1974 1830 2042 exsistit;
1885 1974 2093 2030 deinde

424 2065 617 2145 etiam
641 2066 1270 2130 virtutem,secundum
1293 2082 1468 2137 quam
1489 2064 2094 2137 perdurat,postremo

442 2158 638 2210 autem
674 2154 1020 2225 efﬁcaciam,
1049 2155 1374 2211 secundum
1409 2170 1584 2226 quam
1616 2153 1853 2226 propria
1874 2152 2093 2209 faciens

440 2243 535 2315 pie
564 2242 703 2314 agit.
738 2243 870 2300 Haec
900 2243 1077 2300 etiam
1110 2244 1169 2299 in
1205 2244 1395 2315 capite
1426 2242 1697 2314 sequenti
1725 2241 2001 2297 declarat.

513 2330 671 2387 Unde
698 2332 831 2388 licet
861 2332 994 2388 hinc
1026 2337 1225 2404 aperte
1254 2336 1312 2388 et
1342 2331 1472 2387 sine
1502 2330 1967 2386 contradictione
1999 2344 2093 2386 ac-

440 2422 657 2494 cipere,
689 2439 797 2479 nos
827 2422 1003 2495 paulo
1037 2427 1170 2477 ante
1199 2438 1334 2476 vera
1364 2421 1735 2492 ascripsisse.
1772 2424 1911 2475 Ecce
1934 2419 2091 2475 enim

443 2512 740 2583 quomodo
772 2512 916 2567 dicit
945 2529 957 2567 :
998 2512 1350 2582 Unaquaeque
1380 2510 1612 2566 caelestis
1642 2517 1805 2581 alque
1848 2510 2096 2563 humana

438 2616 616 2671 mens,
644 2602 859 2672 primas
878 2604 931 2655 et
954 2599 1164 2654 medias
1204 2607 1584 2669 extremasque
1631 2597 1791 2652 habet
1834 2597 2093 2653 elevatio-

444 2703 561 2755 nes,
594 2688 903 2743 secundum
932 2704 1065 2760 quas
1092 2702 1442 2758 unaquaeque
1470 2686 1532 2755 fit
1558 2688 1831 2757 particeps
1872 2685 2092 2740 divina-

440 2794 569 2832 rum
598 2781 653 2832 et
696 2776 767 2831 ad
813 2778 1132 2832 hierarchas
1176 2777 1581 2847 pertinentium
1628 2775 2090 2830 illustrationum.

442 2864 635 2921 Primo
669 2865 930 2937 quidem,
956 2864 1095 2936 quia
1116 2863 1397 2935 aequalem
1424 2863 1893 2919 dixithominum
1915 2869 1972 2920 et
1993 2882 2089 2919 su-

449 2957 750 3029 periorum
782 2956 1070 3011 virtutum
1103 2956 1393 3023 ordinem,
1414 2954 1762 3027 nullumque
1782 2956 2091 3012 hominum

444 3045 669 3100 scimus
702 3060 892 3116 neque
924 3043 1289 3116 prophetam,
1326 3060 1516 3115 neque
1542 3044 1791 3113 justum,
1818 3045 1917 3116 qui
1947 3044 2093 3100 nihil

444 3131 757 3203 peculiaris
788 3149 975 3187 causae
1009 3132 1290 3204 posuerit,
1324 3137 1390 3187 ut
1418 3134 1490 3188 ad
1531 3132 1715 3188 Deum
1770 3134 2091 3190 accederet.

2202 1894 2429 1961 νοητέον
2481 1892 2671 1965 οὕτως,
2723 1892 2806 1949 ὅτι
2863 1899 2968 1957 πᾶς
3027 1899 3152 1957 νοῦς
3206 1889 3323 1971 ἔχει
3382 1894 3586 1965 οὐσίαν,
3634 1894 3755 1948 καθ’
3788 1894 3851 1961 ἣν

2203 1986 2419 2057 πρῶτόν
2455 1983 2595 2039 ἔστιν
2632 2004 2645 2017 ⁸
2681 1986 2791 2039 εἶτα
2818 1984 2912 2041 καὶ
2945 1982 3192 2058 δύναμιν,
3222 1986 3343 2049 καθ’
3372 1987 3437 2055 ἢν
3474 1983 3684 2060 διαρκεῖ
3710 2001 3723 2014 ⁸
3758 2004 3850 2038 τε-

2171 2069 2452 2130 ἶλευταῖον
2487 2072 2543 2129 δὲ
2575 2074 2868 2149 ἐνέργειαν,
2900 2076 3019 2130 καθ’
3050 2076 3116 2144 ἣν
3146 2074 3214 2130 τὰ
3243 2074 3418 2130 οἰκεῖα
3468 2076 3719 2150 πράττων
3766 2071 3855 2127 εὖ·

2204 2158 2370 2219 σεϐεῖ.
2401 2167 2577 2219 Ταῦτα
2607 2165 2693 2219 καὶ
2729 2163 2780 2219 ἐν
2810 2168 2890 2237 τῷ
2921 2163 3042 2235 ἑξῆς
3072 2162 3360 2243 κεφαλαίῳ
3405 2163 3708 2242 σαφηνίζει.

2273 2344 2433 2406 ’Ὀθεν
2467 2341 2705 2407 ἐντεῦθεν
2752 2348 2936 2421 σαφῶς
2980 2343 3069 2398 καὶ
3120 2342 3527 2419 ἀναντιῤῥήτως
3577 2342 3688 2400 ἔστι
3751 2343 3855 2399 λα-

2203 2425 2338 2499 ϐεῖν,
2371 2429 2453 2486 ὅτι
2488 2430 2667 2502 ἀληθῆ
2701 2436 2808 2507 πρὸ
2838 2436 3037 2508 μικροῦ
3066 2435 3487 2508 παρεγράψαμεν
3523 2454 3536 2468 ο
3572 2430 3695 2491 ἰδοὺ
3745 2434 3852 2509 γὰρ

2202 2524 2321 2584 πῶς
2383 2542 2543 2599 φησιν
2580 2562 2593 2577 .
2649 2523 2919 2583 ’Ἑκαστος
2998 2521 3248 2598 οὐράνιος
3338 2523 3428 2577 καὶ
3514 2523 3856 2597 ἀνθρώπινος

2201 2616 2324 2675 νοῦς
2368 2612 2588 2684 πρώτας
2641 2611 2731 2666 καὶ
2792 2610 2955 2684 μέσας
3026 2611 3116 2666 καὶ
3190 2609 3501 2674 τελευταίας
3549 2608 3664 2687 ἔχει
3722 2611 3854 2667 ἀνα-

2200 2702 2407 2777 γωγὰς,
2460 2703 2576 2765 καθ’
2637 2701 2699 2763 ἃς
2749 2697 2974 2763 ἕκαστος
3032 2700 3083 2755 ἐν
3147 2700 3407 2774 μετουσίᾳ
3475 2702 3678 2776 γίνεται
3740 2706 3853 2757 τῶν

2204 2793 2359 2857 θείων
2391 2794 2479 2848 καὶ
2535 2794 2864 2869 ἰεραρχικῶν
2926 2791 3278 2867 ἐλλάμψεων.
3326 2798 3547 2868 Πρῶτον
3601 2795 3720 2867 μὶν,
3768 2791 3855 2849 ὅτι

2206 2879 2324 2953 ἷ¹σην
2352 2881 2538 2959 τάξιφν
2569 2884 2681 2937 εἶπε
2728 2886 2833 2936 τῶν
2882 2883 3181 2958 ἀνθρώπων
3232 2881 3321 2938 καί
3366 2886 3474 2937 τῶν
3525 2880 3635 2939 ἅνω
3692 2879 3858 2937 δυνά-

2206 2993 2373 3045 μεων,
2405 2972 2494 3027 καὶ
2529 2969 2715 3028 οὐδένα
2741 2976 2849 3027 τῶν
2891 2972 3195 3046 ἀνθρώπων
3249 2969 3427 3046 ἴσμεν,
3462 2969 3590 3027 οὔτε
3633 2974 3859 3047 προφή-

2201 3080 2301 3130 την
2331 3056 2455 3114 οῦτε
2504 3056 2730 3128 δίκαιον,
2764 3057 2935 3133 μηδὲν
2979 3060 3132 3123 θέντα
3178 3066 3279 3129 τῆς
3334 3057 3474 3122 ἰδίας
3529 3061 3857 3138 προφάσεως

2208 3149 2282 3211 είς
2310 3150 2373 3203 τὸ
2402 3147 2707 3219 πλησιάσαι
2736 3152 2874 3221 Θεῷ.
2907 3151 3045 3226 Ὅρα
3102 3149 3206 3225 γὰρ
3246 3149 3299 3204 τί
3329 3170 3494 3227 φησιν
3522 3150 3550 3204 ὁ
3579 3146 3686 3212 ἓως
3732 3150 3861 3226 τρί-

442 3222 590 3278 Vide
619 3223 775 3279 enim
808 3224 949 3295 quid
983 3202 1144 3278 dicat
1170 3223 1220 3279 is
1250 3224 1347 3294 qui
1381 3241 1570 3297 usque
1602 3226 1671 3281 ad
1706 3225 1946 3281 tertium
1980 3242 2090 3281 ca:-

2216 3202 2281 3211 77'
2328 3202 2361 3203 ⁷⁷
2749 3202 2873 3221 ήίιή
2942 3202 3041 3226 ΤἪ
3116 3202 3198 3225 θηΓ
3260 3202 3481 3227 ‘7IV'VM
3530 3202 3542 3204 ⁷
3588 3202 3684 3212 *ἣν*
3748 3202 3821 3226 ‘I"

2216 3260 2301 3293 του
2351 3238 2581 3314 οὐρανοῦ
2631 3239 2855 3316 φθάσας,
2890 3237 2971 3293 ὅτι
3033 3238 3335 3308 ὑπωπιάζω
3395 3260 3500 3313 μου
3557 3239 3617 3294 τὸ
3671 3242 3858 3312 σῶμα,

442 3311 568 3367 lum
600 3313 882 3385 pervenit,
916 3313 1056 3384 quia
1083 3315 1293 3383 castigo
1320 3330 1515 3386 corpus
1544 3329 1729 3369 meum
1745 3321 1796 3369 et
1826 3316 1890 3370 in
1918 3318 2088 3372 servi-

445 3405 616 3455 tutem
644 3400 851 3472 redigo,
881 3418 951 3457 ne
977 3404 1118 3473 forte
1137 3420 1261 3458 cum
1283 3404 1416 3458 aliis
1432 3403 1842 3475 prazdicavero,
1868 3406 1983 3477 ipse
2011 3421 2093 3461 re-

438 3491 647 3564 probus
675 3492 893 3563 efﬁciar
917 3492 1014 3564 (ο).
1040 3498 1245 3548 Postea
1273 3494 1583 3549 manifeste
1608 3494 1698 3550 hic
1724 3494 1865 3550 dicit
1889 3495 2094 3552 etlibe-

446 3596 579 3635 rum
596 3581 904 3636 arbitrium
919 3581 1259 3652 angelorum
1280 3588 1336 3639 et
1357 3582 1947 3656 peculiarisipsorum
1968 3602 2096 3657 pro-

446 3671 746 3743 pensionis
775 3672 1185 3745 cupiditatem,
1218 3678 1285 3729 ut
1316 3678 1510 3729 autem
1534 3674 1731 3730 nullus
1756 3676 1934 3731 nimis
1955 3693 2093 3732 con-

448 3760 839 3817 tentiosorum
874 3763 1115 3831 rixetur,
1147 3769 1431 3835 tanquam
1462 3781 1564 3836 pro
1587 3764 1964 3821 conclusione
1993 3767 2093 3821 38

452 3849 615 3920 dicit,
649 3850 797 3906 nihil
830 3868 960 3907 esse
992 3851 1214 3907 nullius
1245 3854 1328 3908 rei
1362 3854 1631 3925 indigum
1681 3858 1739 3909 et
1784 3852 2095 3922 αὐτοτελές,

452 3939 564 3995 hoc
595 3944 683 3995 est
714 3958 747 3994 a
777 3940 971 4012 seipso
998 3942 1345 4012 perfectum,
1370 3942 1486 3998 nisi
1508 3942 1699 3999 solum
1722 3949 1932 4016 Deum,
1957 3946 2099 4001 adeo

455 4031 523 4082 ut
553 4027 744 4099 angeli
774 4034 832 4084 et
861 4028 1133 4086 homines
1165 4030 1427 4102 profectu
1459 4034 1517 4086 et
1557 4029 1909 4102 perfectione
1956 4033 2104 4089 indi-

454 4128 653 4197 geant.

1081 4221 1153 4273 IN
1183 4217 1338 4274 CAP.
1374 4216 1474 4273 ΧΙ.

528 4324 711 4397 Neque
739 4324 895 4382 enim
924 4326 1067 4381 utin
1089 4325 1301 4395 angelis
1319 4325 1500 4382 dicere
1514 4341 1823 4398 possumus.
1847 4326 2105 4383 Virtutes

458 4416 619 4471 enim
650 4417 920 4473 secunda!
952 4420 1093 4473 sunt
1120 4422 1179 4473 et
1209 4418 1417 4475 mediae
1456 4418 1665 4474 triadis
1692 4423 1823 4491 post
1844 4419 2108 4475 domina-

458 4504 652 4561 tiones
680 4506 960 4562 ordinatae
992 4524 1005 4574 ;
1040 4507 1123 4563 ita
1154 4511 1217 4562 ut
1271 4524 1386 4563 non
1431 4508 1570 4579 quia
1608 4513 1918 4581 postremae
1946 4513 2108 4576 sunt,

2201 3328 2291 3383 καὶ
2367 3325 2733 3403 δουλαγωγῶ,
2814 3329 3033 3401 μήπως,
3095 3326 3289 3391 ἄλλοις
3357 3328 3614 3404 κηρύξας,
3691 3326 3857 3391 αὑτὸς

2204 3418 2468 3493 ἀδόκιμος
2515 3418 2761 3494 γένωμαι
2794 3438 2806 3450 ’
2840 3415 3028 3475 ἔπειτα
3074 3423 3257 3497 σαφῶς
3296 3416 3403 3474 ῶδέ
3432 3440 3567 3497 φησι
3608 3419 3670 3474 τὸ
3724 3418 3854 3474 αὗτ-

2204 3509 2442 3581 εξοὺσιον
2501 3511 2592 3564 καὶ
2648 3513 2754 3564 τῶν
2786 3507 3053 3584 ἀγγέλων,
3086 3509 3175 3565 καὶ
3204 3510 3303 3579 τὴν
3351 3516 3452 3579 τῆς
3509 3506 3649 3572 ἰδίας
3677 3508 3855 3564 αὐτῶν

2207 3601 2389 3675 ὁρμῆς
2423 3596 2627 3676 ἔφεσιν·
2669 3596 2756 3653 ἵνα
2787 3596 2844 3653 δὲ
2876 3596 3071 3671 μηδεὶς
3104 3601 3211 3653 τῶν
3256 3597 3379 3654 λίαν
3431 3597 3714 3672 ἐριστικῶν
3764 3619 3857 3675 φι-

2209 3686 2526 3763 λονεικήσῃ,
2560 3690 2632 3751 ὡς
2663 3688 2713 3743 έν
2747 3685 2991 3762 ἐπιλόγῳ
3021 3687 3209 3766 φησὶν,
3240 3686 3322 3743 δτι
3355 3685 3508 3743 οὑδὶν
3563 3684 3862 3764 ἀπροσδεὲς

2209 3778 2299 3834 καὶ
2349 3776 2663 3847 αὐτοτελὲς,
2700 3776 2974 3833 τουτέστιν
3017 3778 3107 3856 ἀφ’
3154 3778 3345 3833 ἑαυτοῦ
3400 3777 3632 3850 τέλειον,
3672 3777 3718 3831 εί
3780 3778 3860 3850 μὴ

2216 3868 2378 3941 μόνος
2409 3869 2437 3923 6
2468 3870 2597 3932 Θεός
2630 3888 2641 3901 ·
2678 3867 2817 3924 ὥστε
2846 3866 3071 3944 ἄγγελοι
3110 3867 3200 3922 καὶ
3247 3865 3523 3944 ἄνθρωποι
3570 3872 3862 3943 προκοπῆς

2210 3958 2301 4013 καὶ
2331 3954 2671 4022 τελειώσεως
2702 3956 2934 4015 δέονται.

2700 4232 2812 4285 ΕΙΣ
2852 4232 2933 4282 ΤΟ
2971 4232 3234 4285 ΚΕΦΑΛ.
3278 4232 3384 4283 ΙΔ⁸.

2290 4336 2370 4392 Οὐ
2427 4333 2530 4410 γὰρ
2581 4331 2724 4389 ἔστιν
2779 4334 2946 4389 εἰπεῖν
3003 4333 3079 4397 ὡς
3109 4333 3197 4390 ἐπὶ
3226 4338 3335 4390 τῶν
3366 4332 3634 4409 ἀγγέλων.
3668 4335 3737 4391 Αἱ
3766 4334 3872 4407 γὰρ

2220 4423 2478 4497 δυνάμεις
2552 4430 2654 4493 τῆς
2732 4420 2983 4499 δευτέρας
3066 4423 3168 4478 εἶσὶ
3242 4423 3333 4479 καὶ
3409 4422 3578 4497 μέσης
3652 4420 3877 4499 τριάδος

2226 4513 2359 4587 μετά
2385 4514 2480 4574 τὰς
2509 4513 2836 4588 κυριότητας
2862 4516 3187 4587 ταττόμεναι
3221 4531 3233 4545 ·
3268 4511 3408 4568 ὥστε
3443 4511 3552 4587 οὐχ
3580 4513 3654 4574 ὡς
3683 4510 3877 4567 τελευ-

461 4610 667 4649 omnes
700 4595 933 4651 ordines
965 4596 1153 4653 vocati
1183 4596 1305 4653 sint
1332 4597 1603 4667 virtutes,
1634 4598 1788 4654 sicut
1817 4598 1877 4654 in
1932 4614 2094 4670 ange-

2220 4604 2388 4658 ταίων
2420 4600 2595 4657 αὐτῶν
2629 4601 2806 4657 οὐσῶν
2853 4607 3019 4657 πᾶσαι
3077 4603 3131 4657 αἱ
3186 4602 3362 4674 τάξεις
3416 4600 3729 4673 ἐκλήθησαν
3780 4599 3880 4656 δυ-

461 4682 558 4740 lis.

534 4784 995 4842 Novissimarum.
1035 4783 1261 4841 Altiora
1291 4784 1507 4841 habere
1538 4802 1661 4857 quae
1692 4784 1987 4856 inferiora,
2020 4787 2113 4841 in-

463 4874 679 4931 feriora
708 4889 842 4930 vero
874 4891 991 4929 non
1018 4873 1235 4931 habere
1268 4892 1395 4946 quis
1429 4875 1676 4931 altiora:
1711 4875 1795 4931 sic
1818 4876 1993 4930 etiam
2027 4892 2116 4930 su-

461 4965 662 5036 perius
693 4965 917 5021 dictum
949 4970 1042 5021 est
1067 4981 1080 5021 :
1106 4966 1407 5037 nimirum,
1431 4967 1622 5039 prima
1644 4966 1880 5038 quidem
1903 4967 2117 5022 habere

465 5054 706 5110 omnino
730 5055 1521 5128 illustrationem,postrema
1538 5071 1674 5111 vero
1701 5056 1936 5128 partim,
1965 5056 2116 5113 sicut

465 5146 667 5213 postea
703 5144 883 5200 dicit:
918 5147 1002 5199 sic
1032 5145 1210 5200 etiam
1269 5144 1327 5198 in
1377 5142 1636 5200 Ecclesia
1690 5144 1943 5215 reperire
1990 5149 2114 5212 est;

464 5232 741 5288 sacerdos
771 5232 928 5289 enim
963 5238 1154 5306 potest
1185 5234 1376 5290 facere
1402 5233 1601 5290 omnia
1626 5232 1994 5303 inferiorum,
2035 5232 2116 5288 si-

467 5326 565 5377 cut
597 5321 978 5379 diaconorum
1009 5328 1068 5379 et
1100 5324 1500 5396 sequentium,
1532 5322 1776 5378 diacono
1808 5325 2005 5377 autem
2025 5337 2118 5377 sa-

470 5414 774 5471 cerdotum
806 5431 1025 5472 munus
1055 5416 1216 5472 obire
1243 5433 1358 5473 non
1404 5414 1807 5487 permittitur;
1856 5417 2117 5469 nostram

2220 4694 2436 4767 νάμεις,
2469 4692 2544 4755 ὡς
2574 4690 2658 4747 ἰπὶ
2693 4695 2800 4746 τῶν
2835 4689 3112 4768 ἀγγέλων.

2291 4784 2414 4839 Τῶν
2466 4780 2735 4857 ἐσχάτων.
2788 4783 2915 4838 Ὅτι
2962 4782 3032 4836 τὰ
3077 4785 3185 4837 τῶν
3247 4779 3495 4856 ἐσχάτων
3574 4775 3767 4855 ἔχουσι
3815 4777 3886 4834 τὰ

2227 4870 2583 4947 ὑπερκείμενα
2614 4888 2627 4902 ·
2660 4870 2727 4925 τὰ
2781 4867 2838 4925 δὶ
2884 4872 2991 4925 τῶν
3027 4871 3429 4948 ὑπερκειμένων
3487 4868 3587 4925 οὐκ
3641 4863 3759 4945 ἔχει
3813 4869 3886 4923 τὰ

2224 4956 2429 5036 ἔσχατα
2464 4981 2476 4993 ·
2512 4958 2654 5015 οὕτω
2709 4961 2799 5015 καὶ
2852 4961 3108 5035 ἀνωτέρω
3154 4958 3388 5033 εἴρηται,
3421 4956 3611 5027 ἐπειδὴ
3667 4959 3735 5012 τὰ
3786 4958 3886 5030 μὶν

2226 5055 2416 5126 πρῶτα
2447 5048 2650 5113 ὑλικῶς
2682 5046 2802 5126 ἔχει
2851 5051 2951 5117 τὴν
3000 5046 3278 5122 ἔλλαμψιν
3318 5067 3330 5081 ’
3362 5050 3430 5103 τὰ
3487 5045 3544 5103 δὲ
3594 5046 3885 5103 τελεύταῖα

2232 5145 2491 5215 μερικῶς,
2524 5140 2598 5204 ὡς
2657 5139 2847 5217 ἐφεξῆς
2905 5160 3088 5217 φησιν.
3123 5137 3281 5197 Οὕτω
3325 5139 3413 5193 καὶ
3457 5137 3508 5192 ἰν
3539 5141 3606 5211 τῇ
3642 5134 3887 5206 Ἐκκλη-

2227 5230 2315 5301 σίᾳ
2344 5225 2487 5284 ἔστιν
2515 5228 2712 5302 εὑρεῖν·
2748 5230 2777 5283 6
2809 5229 2914 5303 γὰρ
2949 5227 3127 5303 ἱερεὺς
3178 5226 3395 5283 δύναται
3445 5233 3623 5284 ποιεῖν
3668 5225 3770 5282 ὅλα
3819 5225 3890 5282 τὰ

2227 5322 2335 5374 τῶν
2370 5315 2793 5391 ὑποδεεστέρων,
2829 5319 2944 5371 οἷον
2998 5314 3261 5372 διακόνων
3310 5316 3401 5373 καὶ
3448 5321 3556 5372 τῶν
3587 5314 3774 5394 ἐφεξῆς
3806 5334 3819 5347 ·
3855 5315 3886 5370 6

2232 5406 2289 5464 δὲ
2319 5406 2565 5467 διάκονος
2595 5406 2663 5462 τὰ
2689 5410 2797 5462 τῶν
2828 5405 3015 5483 ἱερέων
3069 5406 3168 5463 οὑκ
3214 5405 3596 5481 ἐπιτέτραπται
3653 5409 3830 5459 ποιεῖν
3866 5423 3880 5437 ·

472 5502 631 5561 enim
662 5502 1054 5562 hierarchiam
1077 5504 1298 5562 imitari
1314 5504 1608 5562 caelestem
1631 5503 1919 5573 ordinem,
1943 5519 2094 5575 supr;

2232 5498 2314 5554 ὅτι
2345 5499 2449 5575 γὰρ
2478 5500 2513 5568 ἠ
2546 5498 2663 5561 καθ’
2693 5498 2843 5571 ἡμᾶς
2882 5495 3137 5573 ἱεραρχία
3183 5500 3431 5571 μιμεῖται
3475 5496 3579 5565 τήν
3628 5492 3884 5571 οὖρανίαν

544 5691 617 5763 (0)
649 5693 671 5747 Ι
703 5688 832 5749 Cor.
868 5707 946 5757 ix,
978 5690 1070 5747 27.
