4158 6370
312 393 379 447 93
1021 400 1080 453 8.
1123 399 1393 453 MAXIM]
1430 397 1738 453 SCHOLIA
1773 397 1847 450 IN
1888 394 2024 449 LIB.
2063 396 2161 449 DE
2198 396 2521 450 C(ELESTI
2561 395 3033 451 HIERARCHIA.
3665 388 3733 442 94

312 516 480 586 τάξιν,
534 512 771 588 εἴπομεν
832 516 964 573 ἄνω.
998 517 1195 582 Καλῶς
1231 516 1289 574 δὲ
1318 518 1624 596 προσέθηκε
1649 519 1713 573 τὸ
1745 517 1969 589 ὀΛικῶς,

2095 517 2369 574 diximus.
2412 517 2587 574 Recte
2642 521 2837 575 autem
2893 514 3163 588 apposuit
3222 514 3474 584 omnino,
3520 514 3736 584 partim

320 607 551 679 μερικῶς
600 604 714 680 γὰρ
773 608 1091 683 μετέχουσν
1126 609 1227 678 τήν
1262 608 1504 679 σύνταξιν
1539 605 1597 663 δὲ
1626 607 1734 663 ἀπὸ
1762 611 1878 677 τοῦ,
1913 607 1969 661 οὗ

2095 607 2247 662 enim
2297 608 2780 675 communicant;
2838 604 3331 661 constructionem
3379 618 3514 657 vero
3545 602 3618 657 ab
3648 617 3737 672 eo,

317 695 418 772 γὰρ
450 693 591 750 ἔστιν
622 694 829 768 εἰπεῖν,
857 695 964 761 ἕως
1015 695 1123 754 ὦδε
1170 695 1251 753 δεῖ
1296 698 1543 773 συνάψαι,
1603 697 1739 772 [καὶ]
1798 698 1969 772 ἀρχὴν

2095 712 2199 752 non
2247 699 2400 753 enim
2455 697 2634 753 dicere
2675 710 2989 766 possumus,
3036 695 3346 763 hucusque
3396 695 3739 747 connectere

317 787 642 856 ποιήσασθαι
677 793 749 856 τῆ
761 808 786 850 ς
819 786 1071 863 ἀπορίας.

388 876 575 948 Φαμὲν
604 872 683 932 δέ.
733 881 859 938 Ηῶς
901 878 1097 940 πάντες
1144 875 1396 954 λέγονται
1449 875 1748 952 δυνάμεις;
1788 877 1978 954 τελευτ-

314 964 441 1021 ταία
472 966 574 1041 γὰρ
623 965 774 1036 τάξις
827 968 862 1036 ἡ
893 970 1000 1022 τῶν
1033 949 1245 1043 ἀρχῶν,
1299 968 1389 1022 καὶ
1442 949 1829 1043 ἀρχαγγέλων,
1886 949 1978 1020 καὶ

315 1053 563 1130 ἀγγέλων
592 1053 727 1109 έστί·
772 1054 863 1110 καὶ
923 1056 1078 1130 ὅμως
1108 1057 1198 1111 καὶ
1225 1055 1377 1112 αὐτοὶ
1426 1054 1679 1131 δυνάμεις
1714 1053 1856 1112 ἔστιν
1890 1054 1979 1111 ὅτε

313 1142 407 1198 ὀνο
422 1144 707 1217 μάζονται.

384 1230 483 1295 Εἷς
516 1232 702 1289 οὐσίαν
733 1234 826 1289 καὶ
856 1232 1107 1309 δύναμιν.
1139 1235 1227 1298 Ὦς
1276 1235 1327 1291 ἐν
1378 1234 1738 1312 ὑποδείγματι
1787 1233 1978 1311 ῥητέον

192 1348 197 1353 ·
310 1319 497 1376 οὐσίαν
537 1322 633 1395 μὲν
666 1321 840 1379 εἰπεῖν
868 1326 966 1393 τὴν
1007 1324 1179 1398 πυρὸς
1212 1326 1386 1403 φύσιν·
1424 1322 1653 1398 δύναμιν
1690 1322 1748 1379 δὲ
1775 1324 1977 1395 ταύτης

306 1410 374 1467 τὸ
407 1412 761 1488 φωτιστικόν·
815 1411 1081 1489 ἐνέργειαν
1134 1411 1192 1469 δὲ
1242 1416 1305 1469 τὸ
1345 1421 1443 1484 τῆς
1469 1412 1749 1489 δυνάμεως
1780 1415 1977 1470 ἆποτέ-

309 1498 519 1573 λεσμα,
550 1500 719 1578 ἤγουν
749 1503 814 1557 τὸ
845 1502 1097 1581 φωτίζειν
1131 1502 1220 1558 καὶ
1255 1502 1451 1561 καίειν.

386 1682 460 1737 ’Ἡ
532 1679 790 1757 οὐρανίας
870 1680 1126 1757 δυνάμεις
1192 1681 1578 1765 ἀποκαλῶμεν.
1649 1684 1973 1759 Ὃμώνυμόν

316 1767 461 1823 ἐστιν
524 1766 702 1844 ὄνομα
756 1772 812 1826 αἱ
870 1768 1148 1846 δυνάμειςο
1210 1772 1421 1850 λέγεται
1466 1773 1567 1851 γὰρ
1621 1773 1764 1829 οὕτω
1793 1775 1974 1829 καὶτὸ

2089 789 2340 857 oportet,
2377 791 2433 841 et
2463 786 2822 858 principium
2855 785 3043 840 facere
3084 781 3492 838 dubitationis.

2161 876 2410 931 Dicimus
2439 880 2643 932 autem.
2681 874 2982 940 Quomodo
3014 889 3220 929 omnes
3250 871 3521 927 dicantur
3548 870 3738 924 virtu-

2089 971 2174 1021 tes
2203 980 2215 1021 :
2242 970 2579 1036 postremus
2600 964 2896 1037 siquidem
2920 965 3061 1019 ordo
3084 960 3543 1034 principatuum,
3568 964 3624 1014 et
3649 976 3736 1015 ar-

2087 1053 2505 1126 changelorum
2538 1059 2596 1109 et
2625 1053 2969 1127 angelorum
3001 1056 3128 1120 est;
3165 1055 3425 1106 attamen
3472 1049 3734 1119 quando-

2089 1160 2202 1215 que
2231 1143 2343 1215 ipsi
2374 1144 2551 1199 etiam
2580 1144 2823 1199 virtutes
2855 1142 3261 1198 nominantur.

2158 1235 2221 1288 In
2250 1234 2542 1289 essentiam
2569 1237 2623 1288 et
2646 1235 2927 1289 virtutem.
2961 1232 3264 1303 Tanquam
3305 1227 3557 1301 exempli
3603 1243 3736 1299 gra-

2085 1321 2169 1377 tia
2198 1322 2535 1393 dicendum,
2567 1322 2888 1379 essentiam
2919 1321 3157 1393 quidem
3205 1318 3534 1391 appellasse
3581 1316 3736 1389 ignis

2087 1416 2403 1480 naturam;
2433 1413 2710 1467 virtutem
2764 1427 2919 1479 vero,
2970 1410 3087 1466 vim
3134 1410 3263 1481 ejus
3312 1409 3384 1463 ad
3428 1404 3735 1463 illustran-

2088 1503 2269 1573 dum;
2301 1501 2624 1557 efficaciam
2655 1505 2873 1569 autem,
2908 1499 3145 1555 virtutis
3175 1500 3471 1570 effectum,
3506 1513 3610 1554 seu
3663 1495 3733 1551 il-

2088 1591 2381 1649 luminare
2410 1597 2467 1649 et
2496 1592 2860 1649 comburere°

2164 1682 2250 1738 Vel
2278 1683 2518 1738 cwteste:
2548 1683 2778 1737 virtutes
2826 1680 3189 1752 appellamus.
3238 1679 3459 1735 Nomen
3502 1678 3736 1733 virtutes

2086 1776 2176 1826 est
2205 1770 2619 1841 homonymum
2645 1787 2657 1826 :
2691 1771 2773 1825 ita
2801 1769 2960 1825 enim
2994 1768 3327 1841 appellatur
3354 1772 3414 1823 et
3455 1767 3731 1839 proprius

312 1855 490 1914 ἲδικὸν
536 1859 742 1935 τάγμα,
791 1862 1036 1917 τουτέστι
1090 1862 1153 1917 τὸ
1204 1860 1452 1938 δεύτερον
1486 1870 1586 1933 τῆς
1625 1864 1794 1936 μέσης
1819 1885 1969 1940 τρια-

2095 1860 2248 1927 ordo,
2284 1859 2341 1914 id
2375 1864 2464 1915 est
2504 1859 2801 1914 secundus
2851 1859 3055 1913 mediae
3106 1857 3275 1913 trinae
3323 1855 3733 1928 dispositionis

313 1944 471 2017 δικῆς
502 1946 944 2025 διακοσμήσεως,
992 1951 1083 2007 καὶ
1132 1956 1331 2015 κοινῶς
1369 1951 1541 2008 πάντα
1586 1955 1655 2009 τὰ
1703 1954 1971 2030 τάγματα,

315 2036 390 2097 ὡς
422 2034 654 2112 δύναμιν
686 2035 887 2115 ἔχοντά
917 2060 1058 2097 τινα.

387 2129 528 2190 Ταῖς
584 2127 920 2205 ὑφειμέναις.
982 2130 1131 2187 Κατᾶ
1178 2135 1368 2187 κοινοῦ
1418 2133 1481 2188 τὸ
1525 2133 1673 2205 ἡμᾶς
1733 2132 1970 2205 οἰητέον.

317 2215 665 2290 Σημείωσαι,
696 2222 815 2281 πῶς
842 2217 1099 2292 ἀνωτέρω
1133 2221 1229 2293 μέν
1258 2219 1535 2295 φησιν,ὅτι
1568 2221 1645 2285 εἷς
1674 2223 1799 2297 τρία
1830 2220 1970 2277 διαι-

315 2308 539 2379 ροῦνται
568 2306 623 2361 αἱ
654 2305 942 2382 ἀγγελικαὶ
970 2307 1168 2379 τάξεις,
1211 2308 1287 2371 εἷς
1342 2310 1550 2380 οὐσίαν,
1598 2313 1686 2367 καὶ
1718 2310 1970 2386 δύναμιν,

311 2394 405 2448 καὶ
456 2393 743 2471 ἐνέργειαν·
792 2395 1015 2461 ἐνταῦθα
1042 2395 1099 2452 δὲ
1145 2396 1295 2474 λέγει
1323 2400 1416 2454 τὸν
1448 2398 1637 2477 λόγον,
1669 2398 1739 2455 δι’
1787 2402 1845 2456 ὃν
1881 2400 1971 2456 δυ-

310 2484 512 2556 νάμεις
541 2489 708 2539 πᾶσαι
737 2486 1054 2544 καλοῦνται.

389 2577 671 2647 Περισσῶς
720 2571 912 2649 ἔχουσι
957 2575 1047 2631 καὶ
1090 2578 1205 2639 τάς.
1274 2578 1428 2633 Δοκεὶ
1468 2600 1587 2643 πως
1628 2577 1849 2635 ἐνταῦθα
1878 2581 1968 2635 λέ-

312 2682 456 2737 γειν,
516 2660 600 2718 ὅτι
646 2664 765 2718 κατ’
825 2663 968 2734 ἀξίαν
1022 2666 1077 2720 αἱ
1136 2664 1421 2742 ἆγγελικαὶ
1453 2666 1838 2743 διακοσμήσεις
1871 2666 1969 2740 δη-

323 2755 667 2827 μιουργικῶς
696 2751 1025 2827 έτάχθησαν,
1081 2754 1143 2809 οὐ
1189 2760 1372 2821 σαφῶς
1405 2755 1463 2812 δὲ
1491 2762 1652 2813 τοῦτο
1702 2758 1968 2835 παρίστη-

317 2861 425 2894 σιν’
479 2839 591 2895 ἄνω
635 2840 741 2917 γὰρ
801 2842 851 2897 ἐν
894 2847 974 2915 τῷ
1019 2845 1127 2920 πρὸ
1166 2845 1368 2901 τούτου
1415 2847 1693 2926 κεφαλαίῳ
1723 2852 1968 2922 φανερῶς

315 2930 419 2998 τὴν
452 2930 632 2986 αὐτῶν
687 2929 864 3006 ἔφεσιν
914 2934 1001 2987 καὶ
1050 2930 1237 3005 νόησιν
1290 2934 1460 3012 λέγει,
1493 2936 1667 3000 αἰτίας
1702 2938 1862 3000 αὐτὰς
1894 2939 1965 2992 εῖ-

314 3038 406 3073 ναι
454 3024 555 3088 τῆς
606 3020 901 3096 ὑπερτέρας
967 3020 1141 3078 αὐτῶν
1190 3024 1390 3095 τάξεως
1439 3025 1629 3099 ἀμέλει
1685 3026 1767 3081 ὅτι
1814 3028 1967 3082 xui"

2086 1948 2453 2005 hierarchiaa:
2505 1948 3019 2020 communiterque
3066 1947 3303 2003 ordines
3354 1944 3631 2016 universi,
3666 1948 3732 2000 ut

2083 2022 2183 2110 qui
2215 2038 2491 2093 virtutem
2522 2037 2785 2109 aliquam
2818 2037 3097 2093 habeant.

2152 2125 2543 2201 ln/erioribus.
2577 2127 3065 2183 Subaudiendum
3095 2124 3157 2179 τὸ
3185 2142 3284 2182 nos
3314 2123 3729 2181 arbitrandum.

2081 2222 2250 2285 Nota,
2266 2217 2560 2289 quomodo
2583 2216 2858 2288 superius
2876 2216 3113 2289 quidem
3137 2216 3294 2272 dicat
3314 2213 3613 2287 angelicos
3636 2231 3731 2270 or-

2080 2306 2249 2362 dines
2290 2306 2350 2363 in
2381 2307 2497 2362 tria
2540 2306 2739 2376 dividi,
2773 2306 2833 2361 in
2866 2305 3206 2372 essentiam,
3239 2309 3296 2360 et
3328 2305 3628 2371 virtutem,
3675 2310 3730 2360 et

2080 2396 2424 2452 efficaciam.
2456 2395 2562 2450 Hic
2592 2399 2787 2451 autem
2820 2395 2963 2451 dicit
2984 2395 3269 2451 rationem
3293 2397 3530 2467 propter
3551 2409 3726 2465 quam

2079 2485 2326 2542 virtutes
2356 2503 2560 2541 omnes
2589 2491 2890 2541 vocentur.

2149 2575 2374 2630 Abunde
2400 2576 2703 2631 continent.
2737 2574 2983 2629 Videtur
3011 2574 3448 2646 quodammodo
3487 2573 3583 2629 hic
3634 2574 3725 2628 di-

2079 2681 2207 2721 cere
2238 2663 2531 2737 angelicas
2564 2663 2986 2735 descriptiones
3015 2664 3339 2719 secundum
3372 2664 3725 2719 creationem

2078 2755 2138 2811 in
2171 2754 2271 2810 89
2300 2754 2566 2810 ordinem
2599 2754 2888 2821 redactas,
2917 2769 3032 2808 non
3064 2757 3260 2809 tamen
3287 2752 3596 2809 manifeste
3619 2751 3725 2807 hoc

2079 2844 2351 2916 exponit;
2386 2859 2567 2914 supra
2597 2844 2753 2898 enim
2788 2843 2846 2897 in
2890 2842 3079 2914 capite
3111 2843 3268 2914 quod
3292 2841 3400 2897 hoc
3424 2840 3725 2913 praecedit,

2078 2939 2277 3006 aperte
2314 2933 2578 3005 ipsorum
2605 2932 3009 3004 cupiditatem,
3034 2930 3564 2987 etintellectionem
3586 2929 3728 2986 dicit

2077 3023 2239 3094 ipsas
2261 3038 2472 3078 causas
2494 3038 2625 3079 esse
2647 3022 2971 3094 superioris
2990 3022 3254 3092 ipsorum
3277 3022 3501 3076 ordinis
3528 3020 3725 3088 ;vide-

316 3107 666 3184 καθαίρεσθαι
715 3110 805 3164 καὶ
863 3110 1233 3189 φωτίζεσθαι,
1292 3116 1378 3169 καὶ
1433 3115 1771 3170 τελειοῦσθαι
1821 3116 1964 3171 εἶπεν

2100 3113 2213 3169 ioet
2240 3113 2381 3184 quia
2410 3111 2557 3167 dixit
2585 3112 2747 3184 ipsas
2773 3110 3032 3183 purgari,
3064 3110 3345 3167 illustrari
3371 3115 3547 3181 atque
3592 3126 3729 3182 per-

312 3196 502 3259 αὒτάς.
559 3200 742 3254 Ἔστιν
794 3197 883 3254 οὖν
934 3198 1359 3278 ἐπιχειρήσαντα
1385 3204 1553 3259 εἰπεῖν
1585 3200 1843 3273 εὐσεϐῶς,
1884 3206 1966 3260 ὅτι

2095 3202 2212 3258 ici:
2249 3202 2384 3258 licet
2419 3201 2599 3273 igitur
2653 3202 3053 3271 conjecturam
3113 3200 3475 3272 aggredienti
3537 3199 3728 3255 dicere

315 3286 343 3339 ὁ
406 3286 557 3355 Θεὸς,
615 3286 886 3363 προειδὼς
932 3263 1128 3345 αὐτῶν,
1160 3263 1259 3361 τὴν
1317 3299 1418 3363 τῆς
1466 3291 1696 3372 ἐφέσεως
1728 3263 1966 3367 κίνησιν,

2095 3308 2216 3348 tum
2249 3263 2487 3363 pietate,
2522 3296 2703 3346 Deum
2738 3263 3075 3362 praevidisse
3106 3263 3726 3361 cupiditatisipsarum

312 3374 404 3430 καὶ
435 3376 531 3437 τὰς
585 3375 760 3431 αὐτῶν
804 3378 978 3449 τάξεις
1012 3379 1161 3450 ἀξίας
1189 3381 1363 3436 αὐτῶν
1398 3385 1735 3459 παρήγαγεν,
1781 3382 1834 3454 ἐξ
1892 3383 1963 3438 ὦν

314 3463 419 3519 οὐκ
446 3465 508 3519 ἄν
540 3463 684 3520 εἷ’ποι
716 3486 799 3529 τις
829 3468 992 3529 αὑτὰς
1022 3465 1272 3525 δύνασθαι
1305 3471 1569 3545 ἐκπεσεῖν,
1630 3471 1718 3527 διὰ
1745 3474 1808 3528 τὸ
1860 3471 1964 3543 ἕξιν

310 3554 437 3608 τινὰ
493 3555 793 3625 κτήσασθαι
842 3558 979 3631 πρὸς
1033 3558 1097 3613 τὸ
1141 3558 1335 3635 ἀγαθὸν
1368 3557 1458 3615 διὰ
1484 3568 1585 3631 τῆς
1632 3558 1760 3635 ἄγαν
1804 3561 1969 3633 θελή-

313 3661 473 3705 σεως·
529 3643 658 3708 τοὺς
702 3642 760 3700 δὲ
796 3643 1085 3721 ἀγγέλους,
1143 3650 1388 3705 τουτέστι
1442 3649 1571 3713 τοὺς
1626 3648 1969 3713 τελευταίους

312 3729 651 3805 διακόσμους
680 3730 990 3810 ἐνδέχεσθαι
1023 3732 1154 3798 ἴσως
1183 3737 1273 3791 καὶ
1303 3736 1391 3793 ἐπὶ
1414 3738 1477 3793 τὸ
1521 3744 1710 3814 χεῖρον
1754 3746 1969 3813 τραπῆ-

307 3841 420 3877 ναι·
475 3822 621 3879 εἶπεν
672 3823 868 3888 αὐτοὺς
912 3824 1014 3901 γὰρ
1046 3826 1459 3902 περικοσμίους,
1492 3828 1542 3899 EE
1569 3830 1643 3883 ὧν
1668 3830 1820 3903 οἶμαι
1879 3828 1968 3884 καὶ

306 3912 404 3967 τὸν
438 3906 698 3967 διάϐολόν
728 3933 863 3969 ποτε
889 3913 1023 3970 εἶναι
1054 3917 1161 3989 πρὸ
1186 3921 1283 3971 τοῦ
1337 3919 1413 3990 μὴ
1460 3917 1725 3974 ἐκπεσεῖνθ
1774 3918 1864 3973 καὶ
1922 3914 1977 3973 εἶ’

308 4021 398 4063 τις
427 4000 638 4057 τούτων
669 4001 1005 4079 τελειότερον
1039 4002 1202 4076 οἶδεν,
1236 4004 1373 4062 αἰτῶ
1405 4009 1612 4081 μαθεῖν.
1648 4009 1966 4081 Σημείωσαι

315 4087 397 4160 δὲ,
446 4095 565 4154 πῶς
613 4094 749 4147 κατὰ
787 4094 935 4164 τάξιν
987 4094 1042 4148 αἱ
1084 4094 1371 4172 ἀγγελικαὶ
1421 4093 1807 4173 διακοσμήσεις
1866 4095 1965 4170 δη-

316 4186 659 4258 μιουργικῶς
688 4183 954 4260 παρήχθη
962 4204 1054 4239 σαν
1065 4230 1078 4243 .

797 4366 909 4417 ΕΙΣ
950 4363 1042 4420 ΤΟ
1082 4364 1343 4421 ΚΕΦΑΛ.
1378 4366 1483 4423 IB'.

384 4454 412 4520 §
442 4452 485 4508 Ι.
517 4454 790 4522 Ζητεῖται.
824 4455 948 4514 Πῶς
977 4454 1029 4508 οἱ
1059 4455 1177 4517 καθ’
1230 4454 1378 4529 ἡμᾶς
1428 4456 1593 4530 ἱερεῖς
1623 4452 1852 4533 ἄγγελοι
1885 4456 1970 4513 λέ-

312 4559 528 4614 γονται.

2079 3382 2419 3449 motionem,
2452 3384 2628 3451 atque
2658 3379 2921 3449 ipsarum
2955 3378 3191 3434 ordines
3224 3378 3310 3435 eis
3341 3378 3553 3450 dignos
3593 3394 3728 3450 pro-

2078 3471 2338 3538 duxisse,
2371 3486 2440 3525 ex
2467 3470 2685 3541 quibus
2716 3484 2889 3523 nemo
2919 3468 3131 3522 dixerit
3168 3466 3329 3538 ipsas
3382 3466 3574 3523 delabi
3624 3484 3727 3538 po-

2077 3560 2284 3630 tuisse,
2317 3575 2383 3614 eo
2414 3559 2571 3629 quod
2595 3557 2864 3613 habitum
2888 3556 3143 3628 aliquem
3171 3557 3239 3612 ad
3262 3556 3485 3612 bonum
3510 3556 3729 3611 habue-

2077 3650 2213 3717 rint,
2239 3652 2476 3721 propter
2496 3646 2738 3703 nimiam
2760 3646 3123 3703 voluntatem
3153 3666 3167 3715 ;
3194 3645 3432 3719 angelos
3452 3644 3727 3715 vero,boc

2076 3743 2169 3796 est
2197 3743 2548 3812 postremos,
2572 3737 2882 3793 admittere
2906 3736 3171 3792 fortassis
3194 3737 3369 3792 etiam
3393 3736 3729 3792 conversio-

2078 3844 2213 3884 nem
2245 3828 2318 3883 ad
2352 3827 2572 3883 malum
2600 3844 2613 3883 :
2649 3825 2793 3881 dixit
2824 3827 2980 3881 enim
3014 3841 3114 3881 eos
3146 3826 3300 3881 circa
3331 3825 3618 3880 mundum
3643 3825 3729 3880 af-

2079 3918 2197 3985 ﬁci,
2229 3934 2298 3973 ex
2328 3918 2544 3989 quibus
2572 3916 2828 3972 arbitror
2855 3915 3156 3971 diabolum
3192 3916 3370 3971 etiam
3402 3914 3589 3970 fuisse
3623 3932 3728 3970 an-

2079 4013 2321 4080 tequam
2371 4007 2711 4063 corruisset.
2743 4006 2801 4061 Si
2844 4005 3080 4077 quidem
3141 4004 3357 4077 aliquis
3414 4004 3731 4076 perfectius

2078 4096 2212 4153 istis
2242 4096 2383 4169 quid
2435 4095 2682 4163 noverit,
2734 4094 2959 4150 discere
3007 4094 3257 4166 postulo.
3312 4094 3462 4152 Nota
3510 4097 3729 4163 autem,

2078 4186 2375 4259 quomodo
2423 4183 2697 4256 angelicae
2744 4182 3167 4255 descriptiones
3214 4199 3317 4255 per
3372 4183 3727 4240 creationem

2078 4276 2377 4349 productae
2409 4274 2645 4330 fuerint.

2686 4362 2758 4419 IN
2797 4361 2953 4419 CAP.
2995 4361 3119 4418 XII.

2148 4458 2176 4525 §
2208 4457 2252 4513 Ι.
2285 4456 2591 4523 Quaeritur.
2625 4454 2887 4521 Quanam
2920 4453 3146 4509 ratione
3177 4451 3511 4509 sacerdotes
3543 4449 3727 4507 nostri

2079 4545 2273 4618 angeli
2306 4544 2600 4600 dicantur.

389 4632 515 4697 δη.
551 4629 643 4703 [α’]
692 4629 879 4703 Φαμὲν
918 4629 1020 4708 γὰρ
1071 4632 1153 4687 ὅτι
1206 4632 1420 4704 ὁλικῆς.
1474 4632 1811 4707 Σημείωσαι,
1862 4636 1969 4711 ὅτι,

2149 4634 2278 4703 §II.
2313 4635 2556 4689 Dicimus
2607 4634 2758 4689 enim
2813 4633 3112 4704 integram.
3173 4630 3324 4689 Nota
3378 4630 3558 4703 quod,
3618 4628 3732 4685 etsi

310 4716 362 4772 εἲ
386 4718 474 4772 καὶ
516 4724 619 4787 τῆς
665 4722 775 4773 τῶν
808 4720 1062 4798 ἀνωτέρω
1095 4718 1374 4796 δυνάμεων
1408 4720 1730 4780 ἀποδέουσιν
1764 4723 1967 4796 ὁλότη-

306 4826 403 4868 τος
429 4808 483 4861 ot
533 4805 779 4883 ἔσχατοι,
820 4807 949 4865 ἀλλ’
979 4812 1073 4867 οὗν
1109 4818 1340 4889 μερικῆς
1372 4813 1662 4890 μετέχουσι
1697 4814 1887 4891 σοφίας
1910 4835 1969 4870 τε

306 4896 401 4952 καὶ
431 4898 689 4972 γνώσεως
717 4898 809 4953 καὶ
839 4898 1014 4957 αὐτοί.

382 4987 478 5060 [β’]
509 4987 579 5043 Αἱ
612 4984 670 5043 δὶ
722 4993 831 5044 τῶν
892 4991 981 5045 ὑπ’
1038 4990 1255 5055 αὐτούς.
1286 4991 1375 5057 Τίς
1427 4994 1462 5063 ἡ
1492 4994 1650 5064 ὁκικὴ
1687 4995 1849 5071 σοφία
1873 4994 1965 5050 καὶ

312 5074 547 5150 μέθεξις,
576 5078 667 5133 καὶ
696 5078 778 5140 τίς
803 5081 837 5149 ἡ
875 5083 1094 5156 μερική’
1126 5082 1187 5137 τὸ
1218 5080 1277 5138 δι
1302 5082 1439 5138 κατὰ
1487 5080 1714 5158 δύναμιν
1762 5082 1963 5140 οἱκείαν

301 5166 405 5235 τὴν
438 5168 829 5243 προαιρετικὴν
858 5166 1085 5244 δύναμιν
1117 5173 1337 5243 νοητέον
1362 5170 1613 5237 ἐνταῦθα.

332 5316 473 5422 “[γ’]
518 5347 789 5423 Ὥρισται.
846 5347 1205 5421 Σημείωσαι,
1257 5349 1341 5405 ὅτι
1398 5350 1622 5425 ὥρισται
1676 5353 1741 5407 οὐ
1799 5349 1967 5424 δηλοῖ

308 5433 646 5511 εἱμαρμένην
690 5436 808 5493 τινὰ
848 5436 938 5493 καὶ
987 5433 1334 5515 ἀπαράϐατον
1386 5439 1649 5515 ἀνάγκην,
1707 5440 1782 5503 ὡς
1840 5441 1965 5497 εἰω-

2080 4723 2357 4799 postremi
2392 4726 2630 4779 careant
2658 4726 2781 4779 tota
2809 4722 3185 4794 superiorum
3218 4722 3503 4777 virtutum
3539 4720 3729 4792 perfe-

2078 4815 2291 4886 ctione,
2327 4818 2586 4870 attamen
2621 4812 2781 4885 ipsos
2828 4811 3203 4885 particularis
3252 4816 3377 4867 tum
3426 4808 3727 4882 sapientia;

2077 4908 2203 4961 tum
2237 4902 2591 4977 cognitionis
2622 4900 2938 4975 participes
2968 4918 3118 4959 esse.

2148 4994 2503 5065 Inferiorum.
2529 4992 2807 5057 Quanam
2833 4991 2913 5048 sit
2930 4995 3052 5047 tota
3072 4990 3362 5061 sapientia
3379 4992 3555 5060 atque
3573 5003 3728 5044 com-

2077 5083 2424 5149 municatio,
2455 5086 2513 5139 et
2541 5096 2815 5154 quaenam
2864 5080 3276 5154 particularis;
3329 5077 3473 5133 illud
3520 5082 3722 5134 autem

2074 5172 2377 5230 secundum
2426 5174 2692 5228 virtutem
2746 5172 3053 5242 prapriam,
3112 5167 3563 5242 intelligendum
3615 5166 3726 5223 hoc

2075 5262 2203 5320 loco
2234 5266 2324 5319 est
2351 5262 2421 5318 de
2453 5261 2729 5318 facultate
2758 5257 3157 5332 praeligendi.

2148 5352 2521 5409 Distributum
2549 5366 2643 5407 seu
2673 5349 2992 5419 deﬁntium.
3017 5351 3168 5404 Nota
3193 5343 3420 5420 ὥρισται
3480 5364 3595 5403 non
3644 5345 3726 5401 si-

2073 5442 2354 5516 gniﬁcare
2384 5442 2568 5497 fatum
2597 5438 2834 5511 aliquod
2866 5443 2925 5494 et
2955 5437 3365 5496 necessitatem
3417 5435 3725 5497 inevitabi-

1323 5622 1567 5681 VARIIE
1596 5624 1988 5685 LECTIONES
2018 5624 2113 5684 ET
2143 5620 2708 5683 CORRECTIONES.

387 5728 432 5766 ⁸³
465 5725 585 5793 ὅθεν
614 5728 728 5785 καί.
