4158 6370
389 348 461 402 95
1208 354 1575 407 APPENDIX
1621 354 1717 405 AD
1754 351 1997 408 ΟΡΕΒΔ
2031 353 2056 407 Ε

2189 348 2447 405 [ONYSII
2482 348 2983 405 AREOPAGITE.
3734 351 3807 407 96

393 471 529 541 lem,
562 471 717 526 sicut
746 470 939 528 solent
970 471 1142 528 multi
1172 473 1402 543 dicere;
1436 491 1638 530 verum
1672 470 1895 547 ὥρισται
1937 488 2038 544 po-

2189 491 2276 524 ασι
2308 466 2511 525 πολλοὶ
2544 467 2741 546 λέγειν*
2775 466 2924 525 ἀλλὰ
2950 470 3013 523 τὸ
3044 467 3269 544 ὥρισταὶ
3311 468 3428 524 ἀντὶ
3476 468 3573 525 τυῦ
3625 468 3805 527 διατέ-

396 560 557 615 nitur
589 578 691 632 pro
724 562 1058 618 ordinatum
1092 568 1182 619 est
1212 566 1541 621 secundum
1574 564 1832 635 aliquam
1862 563 2044 618 virtu-

386 650 467 704 tis
499 652 955 722 proportionem,
987 653 1136 708 forte
1170 654 1388 709 mentis
1416 671 1430 721 ;
1464 670 1646 725 supra
1676 668 1855 723 quam
1881 650 2040 706 intel-

392 738 570 809 ligere
600 756 715 794 non
748 745 996 811 oportet.

462 830 490 895 §
525 827 624 883 III.
657 829 926 885 Invenies.
952 831 1254 895 Quomodo
1277 832 1456 887 etiam
1481 829 1781 887 communi
1807 830 2044 886 nomine

395 916 476 970 dii
506 922 790 973 vocentur
819 922 944 974 tum
992 920 1205 992 angeli,
1262 925 1388 975 tum
1438 919 1695 991 religiosi
1752 918 2043 985 homines,

396 1007 724 1061 secundum
757 1006 903 1063 illud
934 1009 1247 1080 Scriptura;
1276 1027 1289 1065 :
1322 1012 1430 1080 Ego
1450 1010 1614 1065 dixi:
1647 1010 1739 1063 Dii
1768 1010 1899 1064 estis
1943 1008 2044 1079 (ρ).

466 1097 773 1166 Εακηιριέε.
805 1096 1107 1161 Quomodo
1129 1103 1186 1153 et
1207 1098 1457 1169 qualiter
1478 1104 1533 1153 et
1554 1097 1881 1153 secundum
1904 1096 2046 1165 quid

397 1183 613 1240 divinis
645 1185 824 1257 digna
855 1185 1060 1242 habita
1091 1193 1232 1242 sunt
1262 1186 1622 1242 nominibus.

1007 1278 1077 1331 IN
1112 1278 1272 1333 CAP.
1294 1277 1453 1332 XIII.

468 1367 495 1432 §
524 1364 566 1421 Ι.
600 1365 904 1436 Seraphim
932 1366 1077 1422 Nota
1106 1365 1134 1418 ὁ
1165 1364 1406 1441 σεραφίμ
1436 1365 1496 1421 in
1546 1380 1758 1437 genere
1809 1381 2042 1420 mascu-

395 1452 541 1509 lino.

470 1544 691 1600 Etenim
724 1544 1000 1600 dubitabit
1061 1544 1286 1616 aliquis.
1343 1544 1627 1608 Quoniam
1683 1543 2045 1600 contrarium

401 1648 683 1704 apparere
713 1633 885 1689 dictis
916 1634 1179 1702 videtur;
1215 1635 1361 1689 dixit
1390 1634 1549 1690 enim
1582 1638 1774 1699 antea,
1808 1631 2045 1688 inferio-

404 1738 499 1777 res
528 1722 599 1776 ab
631 1722 703 1777 iis
730 1723 832 1779 40
854 1723 955 1795 qui
982 1724 1145 1795 ipsos
1176 1728 1478 1795 superant,
1513 1740 1629 1778 non
1660 1728 1855 1778 autem
1886 1739 1919 1778 a
1949 1739 2047 1777 su-

407 1810 627 1881 premis
661 1812 876 1882 doceri,
911 1812 1086 1868 sicuti
1122 1812 1360 1868 tertium
1392 1812 1656 1868 ordinem
1690 1830 1725 1868 a
1754 1811 1971 1876 medio,
1994 1813 2053 1866 et

408 1898 671 1955 medium
700 1901 775 1956 ab
804 1917 870 1956 eo
902 1901 1004 1973 qui
1034 1905 1125 1957 est
1154 1901 1432 1957 omnibus
1464 1900 1734 1973 superior
1760 1918 1773 1968 ;
1806 1900 2055 1972 quaesita

408 1993 605 2044 autem
638 1988 759 2044 haec
791 1990 1045 2057 fuerant,
1074 1994 1250 2063 atque
1279 2007 1313 2045 a
1343 1989 1683 2046 diversitate
1714 1989 1925 2046 soluta.

479 2080 508 2145 §
540 2079 607 2132 II.
639 2079 1015 2149 Peccatorum,
1046 2094 1172 2152 quae
1208 2081 1478 2135 recensita
1527 2083 1675 2134 sunt.
1724 2083 1850 2134 Non
1886 2094 2057 2150 posse

410 2166 839 2237 doceridivina,
862 2168 976 2224 nisi
995 2168 1158 2240 prius
1178 2168 1444 2224 dimissio
1466 2173 1838 2240 peccatorum
1857 2166 2051 2235 fuerit;

412 2272 549 2312 nam
579 2256 879 2329 seraphim
911 2255 1231 2330 ἐμπρηστής
1264 2274 1369 2314 seu
1427 2257 1655 2314 calidus
1710 2256 2055 2330 explicatur.

484 2433 512 2506 Ξ
542 2433 639 2489 III.
672 2434 827 2490 Alius
860 2435 990 2491 item
1020 2434 1168 2490 haud
1198 2435 1514 2491 admodum.
1572 2434 1719 2492 Nota
1767 2433 1913 2490 illud
1946 2450 2058 2489 non

410 2522 735 2593 admodum,
762 2541 876 2580 non
909 2540 1151 2596 prorsus
1183 2526 1252 2579 ad
1295 2525 1796 2596 comparationem
1831 2521 2056 2579 medio-

412 2612 638 2668 critatis
660 2612 882 2669 dictum
907 2613 1273 2683 fuisse,sicut
1294 2631 1409 2669 non
1432 2614 1514 2669 ita
1534 2613 1756 2668 dictum
1779 2618 1869 2668 est
1889 2611 2055 2666 illud:

411 2717 519 2758 non
553 2702 708 2757 valde
736 2702 1065 2769 absurdum,
1098 2708 1163 2758 ut
1192 2704 1545 2759 arbitremur
1577 2720 1704 2773 nos,
1734 2702 2057 2757 absurdum

413 2792 651 2862 quidem
686 2809 924 2863 prorsus
955 2810 1105 2858 esse,
1136 2794 1235 2848 sed
1273 2792 1644 2847 mediocriter
1689 2790 2014 2847 absurdum
2042 2806 2056 2857 ;

410 2896 615 2936 verum
648 2882 823 2937 etiam
857 2898 957 2952 pro
987 2881 1236 2952 positivo
1268 2880 1625 2936 collocatur:
1658 2880 1768 2935 hoc
1800 2884 1911 2947 est,
1944 2896 2059 2934 non

412 2968 641 3025 videtur
672 2969 815 3025 mihi
842 2971 1166 3025 absurdum
1190 2987 1340 3038 esse,
1366 2975 1534 3026 caute
1559 2975 1622 3025 ut
1643 2969 2060 3042 philosophum

417 3060 583 3113 decet
614 3059 1006 3129 pronuntians
1035 3078 1049 3129 ;
1083 3061 1227 3131 quin
1257 3060 1437 3115 etiam
1469 3076 1596 3131 pro,
1655 3059 1814 3115 nullo
1864 3059 2058 3127 modo,

419 3148 689 3219 ponitur,
733 3153 1014 3220 tanquam
1052 3149 1101 3205 si
1132 3150 1367 3217 diceret,
1419 3148 1581 3205 nullo
1632 3149 1804 3205 modo
1851 3148 2060 3204 absur-

416 3236 586 3293 dum.

488 3327 595 3394 Qui
612 3327 931 3398 afﬁnxerat.
968 3328 1135 3399 Nota,
1169 3329 1397 3385 divinas
1431 3328 1850 3400 prophetarum
1885 3327 2061 3383 visio-

416 3430 544 3484 nes,
578 3418 877 3487 prtsfectos
895 3418 1135 3489 angelos
1158 3419 1302 3473 dicit
1322 3419 1673 3489 afﬁngentes
1696 3418 1753 3472 in
1775 3417 2062 3487 imagina-

415 3506 635 3560 tionem
658 3507 948 3563 adducere
977 3524 1179 3563 eorum
1211 3525 1339 3581 quis
1360 3508 1516 3563 cerni
1550 3507 1857 3562 videntur:
1882 3507 2061 3580 aenig-

418 3598 577 3649 mata
607 3594 764 3650 enim
794 3600 851 3651 et
880 3596 1072 3669 signa,
1106 3613 1223 3652 non
1254 3614 1389 3653 vero
1422 3597 1614 3652 nudas
1647 3612 1740 3652 res
1771 3601 1829 3652 et
1858 3613 2062 3652 essen-

416 3684 532 3737 tias
561 3683 861 3739 videbant.

486 3772 549 3826 In
574 3772 767 3828 Deum.
798 3772 996 3843 Vides,
1044 3773 1286 3846 angelos
1334 3774 1434 3845 qui
1494 3773 1876 3830 revelationes
1936 3790 2064 3845 pro-

414 3867 625 3939 phetas
651 3870 882 3939 docent,
908 3871 987 3926 ita
1005 3871 1212 3927 fecisse
1238 3891 1252 3940 ;
1279 3874 1703 3943 promovebant
1751 3871 1913 3943 ipsos
1945 3871 2061 3943 pri-

417 3974 515 4012 ma
544 3958 783 4029 quidem
809 3960 995 4015 forma
1017 3962 1089 4015 ad
1115 3966 1295 4016 Deum
1322 3961 1576 4017 universi
1598 3962 1832 4033 proprie
1857 3965 2062 4017 aucto-

418 4062 538 4102 rem
566 4050 948 4115 ;secundario
980 4055 1171 4106 autem
1195 4051 1267 4106 ad
1289 4056 1537 4121 mentes,
1561 4068 1688 4121 quae
1710 4051 1909 4122 prima;
1935 4054 2065 4123 post

419 4136 605 4191 Deum
630 4138 1001 4208 positione,et
1021 4139 1122 4196 Dei
1143 4139 1434 4213 exemplo,
1461 4140 1820 4212 imperantes
1844 4140 2064 4195 hierar-

421 4225 588 4297 chias,
622 4243 749 4297 quae
781 4230 939 4300 apud
969 4229 1176 4285 Deum.
1210 4230 1340 4285 Haec
1372 4235 1578 4302 postea
1606 4231 1797 4287 docet.

490 4316 557 4370 Et
586 4317 666 4371 ad
693 4319 903 4373 omnia.
927 4318 1092 4385 Nota,
1125 4319 1225 4374 Dei
1257 4319 1683 4391 providentiam
1718 4320 1810 4388 ,ad
1860 4336 2067 4375 omnes

421 4404 646 4460 occulte
676 4407 976 4477 pervenire
1001 4425 1014 4475 ;
1050 4412 1109 4462 et
1138 4408 1408 4464 infimum
1441 4409 1717 4481 angelum
1738 4410 1940 4466 eodem
1965 4427 2069 4465 no-

421 4492 580 4548 mine
610 4511 744 4550 cum
775 4496 1076 4568 seraphim
1112 4497 1416 4568 appellari.

2148 580 2340 615 τακται
2370 559 2506 614 κατὰ
2537 558 2847 635 ὡρισμένην
2888 560 3010 613 τινὰ
3038 558 3330 635 ἀναλογίαν
3370 556 3674 633 δυνάμεως,
3706 565 3805 616 τοῦ

2148 654 2244 704 νοῦ
2268 650 2460 725 τυχὸν,
2487 649 2620 725 ὑπὲρ
2646 650 2706 718 ἣν
2736 652 2926 714 νοῆσαι
2959 648 3021 703 οὐ
3054 651 3188 724 χρή.

2225 833 2253 897 §
2284 831 2378 885 Ill.
2532 828 2819 903 Εὐρήσεις.
2855 833 2978 890 Πῶς
3008 827 3097 883 καὶ
3140 829 3253 883 θεοὶ
3307 827 3584 903 λέγονται,
3635 828 3688 884 οἵ
3744 852 3803 885 τε

2152 915 2372 994 ἄῃελοι
2402 922 2573 990 κοινῷ
2599 916 2846 991 ὀνόματι,
2868 917 2957 972 καὶ
2981 920 3033 972 o't
3064 916 3311 995 φιλόθεοι
3344 915 3644 993 ἄνθρωποι,
3671 922 3809 975 κατᾶ

2151 1006 2236 1062 τό·
2270 1008 2413 1080 Ἐγὼ
2446 1008 2586 1061 εἶπα·
2617 1006 2741 1062 Θεοί
2772 1007 2909 1065 ἐστε.

2228 1096 2423 1170 Ἐξῃρη
2437 1096 2624 1170 μένης.
2671 1102 2817 1167 Πῶς,
2844 1097 2934 1151 καὶ
2964 1102 3117 1171 ποῖα,
3148 1097 3238 1152 καὶ
3270 1097 3405 1153 κατᾶ
3426 1098 3479 1153 τί
3506 1100 3616 1153 τῶν
3646 1097 3804 1152 θείων

2155 1184 2439 1258 ὀνομάτων
2469 1185 2717 1256 ἠξίωται.

2648 1277 2762 1331 ΕΙΣ
2795 1277 2888 1332 ΤΟ
2923 1275 3177 1333 ΚΕΦΑΛ.
3210 1277 3311 1332 ΙΓ’.

2226 1369 2253 1434 §
2308 1365 2351 1421 Ι.
2410 1365 2471 1421 Ὁ
2528 1368 2785 1439 σεραφίμ.
2845 1364 3162 1438 Σημείωσαι
3196 1366 3224 1419 ὁ
3283 1364 3522 1443 σεραφὶμ
3552 1366 3809 1441 ἀρσενικῇ

2153 1453 2353 1510 κλίσει.

2228 1543 2326 1597 Καὶ
2384 1544 2486 1618 γὰρ
2546 1544 2840 1618 ἀπορήσειὲ
2895 1565 3000 1607 τις.
3052 1542 3276 1614 Ἐπειδή
3321 1542 3698 1623 ἐναντιοφανὶς
3732 1544 3812 1598 εἶ·-

2154 1653 2240 1687 ναι
2273 1630 2568 1694 δοκεῖτοῖς
2614 1631 2910 1709 λεχθεῖσιν·
2958 1628 3057 1711 ἔφη
3089 1633 3191 1709 γὰρ
3222 1634 3329 1708 πρὸ
3356 1633 3590 1704 τούτων,
3626 1633 3711 1687 ὅτι
3745 1632 3814 1686 τὰ

2156 1722 2436 1797 κατώτερα
2468 1721 2569 1777 ὑπὸ
2593 1726 2701 1776 τῶν
2739 1723 3137 1796 ὑπερκειμένων
3175 1722 3329 1791 αὐτὰ,
3376 1722 3438 1777 οὐ
3474 1724 3581 1795 μὴν
3617 1721 3676 1775 ἐκ
3703 1725 3815 1775 τῶν

2161 1809 2420 1865 ἀνωτάτω
2455 1816 2736 1884 μυοῦνται,
2770 1813 2886 1867 οἷον
2917 1815 2952 1882 ἡ
2983 1812 3138 1887 τρίτη
3169 1813 3318 1882 τάξις
3362 1811 3421 1866 ἐκ
3472 1816 3573 1881 τῆς
3619 1809 3816 1883 μίσης,

2162 1900 2253 1955 καὶ
2283 1903 2318 1969 ἡ
2350 1900 2486 1974 μὲση
2520 1900 2580 1955 ἐκ
2607 1908 2705 1970 τῆς
2734 1898 2878 1955 ὅλων
2904 1901 3193 1977 ἀνωτέρας.
3228 1902 3504 1972 Ἐζητήθη
3558 1898 3616 1954 δὶ
3644 1903 3817 1954 ταῦτα

2163 1989 2252 2045 καὶ
2282 1987 2599 2067 διαφορᾶςθθ
2627 1988 2886 2059 ἐπελύθη.

2236 2081 2266 2153 §
2325 2081 2394 2136 ΙΙ.
2454 2080 2543 2152 ]αἸ
2603 2078 2926 2155 Εἰρημένων
2986 2080 3308 2154 ἁμαρτιῶν.
3360 2080 3481 2135 ’Ὁτι
3540 2077 3643 2132 οὐκ
3699 2070 3815 2130 ἔστι

2171 2174 2447 2241 μυηθῆναι
2471 2168 2539 2223 τὰ
2569 2173 2706 2237 θεῖα,
2757 2167 2806 2222 εἴ
2856 2168 2932 2241 μὴ
2982 2168 3205 2243 γίνηται
3236 2166 3501 2243 πρότερον
3528 2164 3814 2241 ἁμαρτίων

2167 2256 2371 2335 ἄφεσις·
2404 2258 2465 2315 Ὁ
2505 2259 2605 2334 γὰρ
2636 2257 2903 2335 σεραφεὶμ
2949 2256 3292 2333 ἐμπρηστὴς,
3335 2254 3461 2326 ἤτοι
3511 2252 3822 2331 θερμαίνων

2167 2345 2222 2421 ἐρ
2232 2344 2542 2420 μηνεύεται.

2240 2441 2266 2506 §
2298 2438 2395 2492 ΙΙΙ.
2543 2438 2767 2511 Ἕτερος
2823 2433 2879 2490 δε
2920 2434 2981 2489 σὺ
3012 2433 3239 2513 σφόδρα.
3274 2433 3676 2508 Σημείωσαιτο,
3733 2432 3820 2487 ὅτι

2167 2527 2229 2581 τὸ
2260 2525 2322 2579 σὺ
2354 2523 2581 2603 σφόδρα,
2615 2525 2675 2579 οὐ
2707 2525 2922 2587 πάντως
2951 2524 3087 2601 πρὸς
3123 2527 3397 2602 σύγκρισιν
3437 2528 3541 2579 τοῦ
3593 2521 3820 2597 μετρίου

2170 2613 2400 2691 εἷ’ρηταυ
2435 2616 2545 2669 οἷον
2579 2614 2689 2691 οὐχ
2719 2614 2890 2676 οὕτως
2921 2612 3132 2689 εἴρηται
3164 2616 3224 2669 τὸ
3255 2614 3317 2669 οὐ
3354 2610 3562 2689 σφόδρα
3592 2613 3825 2679 ἄτοπον,

2171 2705 2308 2759 ὥστε
2336 2705 2557 2777 νομίσαι
2582 2707 2753 2776 ἡμᾶς,
2781 2703 2863 2759 ὅτι
2896 2702 3095 2760 ἄτοπον
3149 2705 3243 2777 μὶν
3275 2702 3385 2758 ἔστι
3436 2701 3667 2769 πάντως,
3721 2721 3819 2773 με-

2169 2793 2333 2870 τρίως
2363 2791 2419 2847 δὲ
2463 2796 2686 2848 ἄτοπον·
2739 2792 2884 2847 ἀλλὰ
2926 2793 3017 2847 καὶ
3064 2792 3180 2847 ἀντὶ
3225 2796 3322 2847 τοῦ
3372 2793 3585 2846 θετικοῦ
3613 2795 3820 2857 κεῖται,

2167 2884 2465 2951 τουτέστιν,
2494 2883 2556 2937 οὐ
2586 2880 2735 2937 δοκεῖ
2767 2902 2860 2955 μοι
2892 2879 3090 2936 ἄτοπον
3121 2882 3249 2936 εἶναι
3284 2875 3529 2941 εὐλαϐῶς
3579 2878 3827 2953 ἀποφαι-

2169 2974 2395 3045 νόμενος
2428 2968 2534 3027 ἔθει
2584 2971 2893 3050 φιλοσόφῳ,
2940 2970 3085 3027 ἀλλὰ
3130 2970 3221 3025 καὶ
3264 2969 3381 3025 ἀντὶ
3428 2972 3525 3024 τοῦ
3555 2965 3823 3041 οὐδαμῶς

2170 3068 2366 3131 κεῖται,
2399 3062 2526 3117 ὡσεὶ
2558 3058 2757 3138 ἔλεγεν,
2790 3058 3051 3134 οὐδαμῶς
3087 3058 3312 3115 ἄτοπον.

2244 3332 2329 3408 [γ’]
2390 3329 2719 3391 Διαπλάσας.
2781 3328 3099 3403 Σημείωσαι
3136 3372 3151 3397 ,
3229 3329 3311 3383 δτι
3368 3328 3465 3389 τὰς
3528 3324 3670 3389 θείας
3714 3327 3830 3378 τῶν

2170 3425 2466 3499 προφητῶν
2512 3419 2743 3488 ὁράσεις,
2792 3418 2919 3480 τοὺς
2949 3418 3251 3496 ἐφεστῶτας
3286 3416 3516 3487 [αὐτοῖς]
3549 3411 3824 3488 ἀγγέλους

2172 3513 2301 3587 φησὶ
2372 3508 2764 3571 διπλάττοντας
2833 3508 2907 3569 εἷς
2974 3506 3266 3585 φαντασίαν
3340 3506 3484 3580 ἄγειν
3557 3504 3664 3558 τῶν
3725 3499 3827 3556 δο-

2171 3600 2405 3655 κούντων
2439 3600 2683 3673 ὁρᾶσθαι·
2726 3597 3021 3672 αἰνίγματα
3050 3598 3154 3671 γὰρ
3184 3594 3274 3651 καὶ
3306 3588 3581 3668 σύμϐολα,
3609 3592 3673 3646 οὐ
3711 3591 3824 3664 μὴν

2172 3691 2353 3766 γυμνὰ
2381 3688 2673 3763 πράγματα
2701 3686 2792 3742 καὶ
2818 3685 3003 3748 οὐσίας
3032 3685 3240 3761 ἐώρων.

2243 3779 2366 3834 Ἐπὶ
2416 3778 2568 3833 Θεόν.
2614 3778 2773 3853 Ὁρᾷς
2814 3776 2899 3831 ὅτι
2930 3777 2981 3830 οἱ
3022 3779 3281 3849 μυοῦντες
3311 3772 3536 3849 ἄγγελοι
3565 3772 3660 3832 τὰς
3685 3769 3826 3824 ἀπο-

2171 3866 2435 3942 καλύψεις
2483 3866 2610 3929 τοὺς
2657 3868 2941 3944 προφήτας
2994 3864 3168 3926 οὕτως
3224 3862 3464 3918 ἐποίουν·
3528 3860 3823 3935 ἀνάγοντες

2170 3958 2362 4019 αὐτοὺς
2410 3955 2782 4030 πρωτοτύπως
2830 3953 2919 4009 ἐπὶ
2964 3954 3090 4009 Θεὸν
3136 3955 3228 4007 τὸν
3259 3951 3472 4007 πάντων
3505 3948 3707 4023 κυρίως
3738 3949 3829 4002 αἱ-

2169 4067 2305 4104 τιον·
2359 4044 2624 4121 δευτέρως
2676 4042 2733 4100 δὶ
2779 4043 2867 4099 ἐπὶ
2896 4042 3027 4105 τοὺς
3062 4042 3195 4116 μετὰ
3222 4042 3350 4097 Θεὸν
3382 4042 3634 4115 πρώτους
3692 4037 3822 4099 νόας

2172 4138 2311 4193 θέσει
2356 4136 2443 4191 καὶ
2486 4132 2741 4198 θεοειδῶς
2771 4131 3041 4208 ἄρχοντας
3070 4135 3171 4197 τῆς
3202 4130 3289 4186 ἰπὶ
3338 4130 3467 4186 Θεὸν
3515 4124 3826 4205 ἱεραρχίας.

2173 4230 2353 4285 Ταῦτα
2382 4224 2571 4299 ἐφεξῆς
2602 4221 2863 4278 διδάσκει.

2248 4314 2350 4373 Καὶ
2383 4312 2471 4368 διὰ
2499 4313 2730 4369 πάντων.
2766 4311 3108 4384 Σημείωσαι,
3140 4308 3223 4364 ὅτι
3264 4307 3352 4364 ἐπὶ
3400 4306 3603 4368 πάντας
3646 4308 3680 4375 ἡ
3728 4309 3827 4359 τοῦ

2177 4409 2309 4461 Θεοῦ
2341 4402 2568 4479 πρόνοια
2617 4400 2792 4472 διήκει
2838 4401 3105 4479 κρυφίως,
3137 4398 3227 4454 καὶ
3281 4399 3364 4453 δτι
3393 4397 3698 4471 κατώτερος
3728 4392 3826 4469 ἄγ-

2176 4493 2336 4571 γελος
2367 4492 2674 4567 ὁμωνύμως
2704 4490 2943 4567 σεραφὶμ
2972 4488 3316 4561 ὀνομάζεται.

494 4585 606 4636 Pro
635 4588 818 4654 captu.
861 4584 972 4639 Seu
1008 4586 1335 4641 secundum
1363 4603 1704 4643 mensuram
1723 4588 1960 4644 virtutis
1980 4605 2056 4644 eo-

2191 4568 2199 4571 i
2250 4582 2583 4658 Ἀναλόγως.
2616 4584 2814 4657 ἽΙγουν
2845 4578 2981 4634 κατὰ
3009 4578 3071 4632 τὸ
3127 4576 3319 4652 μέτρον
3370 4581 3473 4644 τῆς
3508 4577 3618 4629 τῶν
3665 4568 3829 4645 δεχο-

421 4686 579 4739 rum,
613 4672 717 4743 qui
752 4672 952 4728 lumen
1002 4674 1320 4746 recipiunt,
1365 4675 1794 4733 illustrationes
1836 4693 2066 4749 quoque

419 4761 732 4831 protendit.

494 4848 815 4907 Secundum
842 4856 1125 4925 cujusque.
1168 4856 1471 4921 Quomodo
1519 4855 1728 4911 divinis
1769 4855 2067 4911 illumina-

422 4936 614 4995 tiones
644 4939 1003 5011 quibusdam
1034 4942 1331 5013 clariores,
1364 4944 1663 5016 aliquibus
1694 4962 1827 5001 vero
1856 4945 2067 5001 obscu-

423 5027 607 5083 riores
639 5029 1095 5099 distribuantur,
1129 5033 1394 5099 exemplo
1424 5032 1702 5089 declarat.

493 5114 730 5173 Salaria.
748 5119 1094 5193 Exemplum
1123 5121 1230 5177 hoc
1254 5122 1431 5177 etiam
1445 5122 1718 5193 superius
1732 5124 2067 5195 appositum

424 5204 569 5272 fuit;
603 5207 857 5278 primam
890 5214 1087 5267 autem
1111 5210 1420 5267 materiam
1450 5217 1638 5280 vocat,
1670 5212 1887 5269 vitrum
1912 5219 1970 5269 et
1992 5213 2070 5269 si-

424 5293 628 5363 miles;
663 5299 1165 5368 quemadmodum
1194 5304 1253 5357 et
1280 5300 1649 5372 crassiorem,
1672 5302 1828 5360 sicut
1841 5303 2069 5371 domos,

497 5437 581 5510 (p)
610 5439 763 5497 Psal.
798 5458 985 5512 sum,
1016 5446 1073 5501 6.

2182 4675 2353 4748 μὲνων
2389 4669 2667 4745 δυνάμεως
2696 4669 2786 4724 καὶ
2816 4668 2910 4730 τὰς
2943 4665 3245 4740 ἰλλάμψεις
3277 4663 3522 4720 ἐκτείνει.

2250 4852 2398 4909 Κατὰ
2446 4850 2544 4919 τήν
2595 4851 2848 4920 ἑκάστης.
2897 4852 3020 4911 Πῶς
3067 4846 3120 4901 αἱ
3173 4846 3312 4899 θεῖαι
3360 4841 3702 4914 ἐλλάμψεις,
3753 4835 3833 4899 εἷς

2178 4940 2349 5003 ἐνίους
2378 4941 2470 5012 μὶν
2504 4940 2815 5017 φανότεραι,
2864 4937 2939 4992 εἷς
2990 4935 3165 4996 ἐνίους
3213 4930 3273 4987 δὶ
3312 4928 3680 5006 ἀμυδρότεραι
3712 4923 3832 4981 διά-

2179 5028 2443 5098 δίδονται,
2475 5028 2534 5085 ἐκ
2562 5026 3000 5105 παραδείγματος
3030 5022 3328 5100 σαφηνίζει.

2249 5118 2533 5188 Ἠλιακῆς.
2582 5119 2660 5176 Τὸ
2708 5114 3011 5190 ὑπόδειγμα
3057 5116 3219 5168 τοῦτο
3260 5110 3351 5165 καὶ
3403 5108 3657 5182 ἁνωτὲρω
3689 5124 3835 5182 παρ-

2182 5210 2356 5280 ετέθη·
2389 5208 2613 5284 πρώτην
2649 5205 2707 5261 δὶ
2736 5204 2872 5275 ὕλην
2906 5203 3036 5282 φησὶ
3068 5203 3165 5270 τὴν
3200 5199 3357 5255 ὕελον
3382 5197 3470 5253 καὶ
3490 5197 3583 5259 τὰς
3608 5194 3832 5284 ὁμοίαςξ

2182 5299 2364 5375 ὥσπερ
2390 5282 2481 5354 καὶ
2509 5294 2842 5374 παχυτίραν,
2896 5294 3008 5349 οἷον
3042 5289 3248 5364 οἷ’κους,
3298 5288 3390 5345 καὶ
3421 5288 3687 5358 σπήλαια,
3739 5282 3837 5339 καὶ

1442 5572 1677 5635 νΑΒΙᾹΞ
1706 5573 2101 5635 LECTIONES
2129 5573 2219 5633 ET
2245 5570 2807 5632 CORRECTIONES.

500 5686 545 5722 ⁸9
575 5681 872 5765 διαφόρως.
947 5690 991 5727 ’ῖο
1021 5687 1379 5762 σημειωτέον.
