4158 6370
251 389 314 443 97
953 383 1011 436 S.
1052 380 1323 436 ΜΔΧΙΜΙ
1360 375 1667 432 SCHOLIA
1704 376 1779 428 IN
1818 373 1950 425 LIB.
1992 374 2087 426 DE
2125 374 2450 430 C(ELESTI
2489 375 2962 429 HIERARCHIA.
3597 370 3667 424 98

253 516 312 568 τὰ
351 508 750 585 παραπλήσια.
789 504 1032 566 Ἄλλως·
1086 504 1311 579 πρώτην
1363 497 1502 569 ὕλην
1551 498 1648 566 τὴν
1702 495 1909 563 λεπτὴν
1940 501 1960 565 Α

2113 514 2323 570 specus
2346 504 2403 555 et
2428 499 2666 556 similia.
2693 499 2878 554 Aliter
2900 497 3149 571 primam
3176 495 3486 553 materiam
3524 495 3667 552 dicit

255 602 339 658 καὶ
368 597 585 676 ἀερώδη
618 596 717 652 καὶ
746 595 1006 671 καθαράν.

326 674 494 746 Πάλιν
554 690 593 757 ἡ
656 685 832 762 πυρὸς
890 682 1183 757 θερμότης·
1246 677 1447 739 Καλῶς
1506 674 1781 744 ἀπεικάζει
1835 677 1915 744 τῷ

2022 602 2173 657 eam,
2208 604 2337 660 quas
2368 589 2584 657 tenuis,
2617 605 2803 655 aerea,
2837 592 2894 644 et
2924 603 3070 660 pura
3097 591 3206 642 est.

2094 678 2300 733 Iterum
2328 678 2479 734 calor
2502 680 2672 749 ignis.
2709 678 2882 732 Recte
2938 676 3240 747 componit
3285 675 3481 748 ignem
3537 691 3673 731 cum

266 778 375 852 Θεῷ
430 778 494 832 τὸ
551 780 683 850 πῦρ·
746 774 890 849 λέγει
946 772 1051 847 γὰρ
1109 773 1145 839 ἠ
1196 770 1402 846 Γραφή·
1433 768 1493 823 '0
1541 763 1599 820 δὲ
1628 765 1756 827 Θεὸς
1809 767 1915 852 πῦρ

2085 767 2348 834 eo;dicit
2392 768 2550 823 enim
2598 767 2921 838 Scriptura,
2970 767 3110 821 Deus
3158 765 3304 835 ignis
3354 780 3676 822 consumens

268 850 658 925 καταναλίσκον
712 863 846 919 ἐστὶ·
904 860 998 916 καὶ
1050 858 1134 915 ὅτι
1194 857 1257 912 τὸ
1319 858 1412 930 μὶν
1473 855 1635 910 αὐτοῦ
1693 850 1917 928 θερμαί-

268 978 367 1031 νει,
394 956 459 1011 τὸ
491 953 549 1010 δὲ
576 951 875 1009 κατακαίειο
910 947 1053 1005 οὕτω
1098 946 1189 1002 καὶ
1244 946 1272 1000 6
1321 945 1450 1006 Θεὸς
1492 942 1620 1004 τοὺς
1666 938 1922 1016 προσιόν-

270 1028 361 1109 τας
414 1043 565 1117 αῦτῷ
610 1040 858 1122 φωτίζει,
912 1038 1041 1100 τοὺς
1091 1034 1151 1093 δὶ
1207 1035 1565 1095 ἀπιστοῦντας
1622 1028 1921 1097 κατακαίει,

2026 861 2105 910 est
2136 855 2212 927 (q)
2243 872 2256 910 :
2292 860 2349 911 et
2378 856 2659 927 quoniam
2689 855 2845 927 ignis
2875 855 3090 927 partim
3145 852 3432 924 calefacit,
3455 853 3673 925 partim

2032 945 2322 999 comburit
2351 970 2366 1013 ς
2397 944 2482 1000 sic
2508 945 2685 1000 etiam
2716 949 2869 999 Deus
2903 943 3246 999 accedentes
3268 942 3339 997 ad
3364 943 3560 1014 ipsum
3605 941 3675 995 il-

2030 1031 2645 1098 luminat,incredulos
2676 1037 2871 1089 autem
2895 1032 2995 1104 qui
3029 1048 3131 1103 per
3161 1032 3336 1087 ﬁdem
3364 1047 3553 1102 neque
3575 1031 3669 1086 ιιι

270 1136 395 1198 τοὺς
456 1135 534 1207 μή
591 1119 646 1187 ἐν
696 1131 877 1186 πίστει
932 1127 1259 1203 προσιόντας
1313 1125 1401 1179 καὶ
1473 1121 1923 1198 προσεγγίζοντας

2085 1121 2319 1177 :cedunt
2341 1138 2528 1193 neque
2559 1122 3038 1194 appropinquant
3059 1120 3192 1192 ipsi,
3213 1119 3521 1175 comburit.

272 1248 369 1282 αυτ
428 1267 441 1281 .

343 1249 488 1387 110:6;
562 1308 622 1365 δὶ
690 1308 788 1372 τὰς
866 1307 1193 1367 ἀντιτυπεῖς.
1265 1304 1397 1360 Οἷον
1483 1297 1766 1373 ἀδάμαντα
1837 1295 1929 1350 καὶ

276 1401 447 1479 ὕδωρ.

345 1475 614 1561 Φυσικῆς.
677 1487 889 1544 Φυσικὰ
941 1484 1092 1560 λέγει
1144 1481 1213 1538 τὰ
1281 1480 1513 1552 αἶ’σθητᾶ
1564 1480 1653 1534 καὶ
1716 1475 1881 1554 ὁρατά
1913 1518 1928 1534 .

2117 1322 2313 1379 Verum
2346 1322 2404 1376 in
2437 1319 2861 1377 reluctantibus.
2895 1319 3059 1375 Sicut
3079 1319 3391 1374 adamante
3421 1323 3478 1375 et
3510 1335 3685 1391 aqua.

2113 1500 2414 1557 Naturalis.
2447 1499 2750 1555 Naturalia
2780 1501 2945 1554 vocat
2968 1497 3272 1555 sensibilis
3303 1501 3359 1554 et
3411 1499 3687 1556 visibilis.

276 1583 476 1639 Ἰστέον
528 1577 607 1650 δὶ,
661 1577 744 1633 ὅτι
801 1577 854 1632 ἐν
903 1580 1023 1637 τοῖς
1074 1576 1317 1644 νοητοῖς,
1365 1571 1419 1625 αἱ
1469 1570 1652 1645 ἀρεταὶ
1702 1567 1800 1623 οὐκ
1830 1566 1932 1662 εἶσι

2088 1590 2361 1646 ciendum
2389 1606 2561 1662 porro
2591 1589 2837 1643 virtutes
2868 1604 2985 1644 non
3017 1604 3146 1643 esse
3176 1604 3279 1659 per
3326 1589 3599 1645 accidens
3629 1590 3689 1645 in

277 1672 416 1728 κατὰ
474 1663 846 1742 συμϐεοηκὸς,
906 1664 980 1726 ὠς
1037 1663 1165 1739 παρ’
1221 1664 1379 1735 ἡμῖν,
1411 1658 1542 1715 ἀλλ’
1587 1660 1614 1713 6
1664 1657 1792 1719 Θεὸς
1838 1655 1933 1729 μὲν

282 1757 394 1816 ἔστι
457 1764 602 1828 ζῶσα
676 1757 842 1831 ἀρετή
915 1752 1005 1809 καὶ
1072 1750 1372 1820 αὐτοτελὴς
1428 1748 1518 1804 καὶ
1576 1744 1884 1823 ἀπροσδεὴς
1922 1790 1937 1814 ,

2045 1679 2119 1736 iis
2150 1696 2278 1750 quae
2339 1681 2531 1733 mente
2588 1677 2995 1749 percipiuntur
3048 1676 3201 1732 sicut
3230 1676 3289 1731 in
3343 1677 3541 1745 nobis;
3590 1680 3689 1734 sed

2048 1765 2202 1821 Deus
2233 1766 2472 1837 quidem
2508 1769 2596 1820 est
2627 1762 2812 1818 virtus
2841 1764 2972 1819 viva
3003 1768 3061 1818 et
3080 1779 3182 1836 per
3232 1780 3294 1819 se
3324 1765 3577 1836 perfecta
3635 1769 3694 1820 et

286 1849 369 1906 ὅτι
431 1845 766 1921 ὑπερουσίως
808 1843 1088 1910 ούσίωται,
1140 1840 1232 1895 καὶ
1293 1836 1659 1913 μεταδοτικῶς
1715 1836 1940 1912 ἐκφοιτᾷ

2085 1836 2271 1909 ullius
2303 1853 2533 1924 indiga;
2568 1851 2706 1924 quia
2752 1851 3322 1924 superessentialiter
3375 1854 3693 1910 essentiam

288 1940 365 2003 εἰς
419 1938 487 1993 τὰ
561 1937 650 1992 ἀπ’
724 1935 896 1999 αὐτῆς
971 1933 1045 1994 ὡς
1121 1929 1295 1991 αἶ’τίας
1367 1925 1554 2000 οὔσης,
1639 1925 1945 2000 ὑπάρξαντα

292 2028 483 2098 νοητά-
562 2026 719 2100 πηγή
806 2024 903 2097 μὶν
981 2022 1074 2077 οὖν
1150 2026 1249 2089 τῆς
1325 2017 1522 2095 ἀρετῆς
1596 2016 1774 2086 ζώσης
1855 2011 1945 2068 καὶ

294 2116 526 2187 θεούσης
575 2114 713 2169 κατά
751 2114 815 2168 τὸ
864 2111 1077 2190 ἐφικτὸν
1111 2113 1154 2147 τί
1186 2107 1314 2171 τοὺς
1370 2108 1699 2182 μετέχοντας
1733 2105 1760 2158 ὁ
1792 2102 1943 2163 Θεός·

293 2205 425 2261 ἀλλ’
497 2206 651 2277 ὅμως
710 2202 786 2265 εἷς
855 2197 1089 2274 πρόοδον
1166 2200 1545 2273 προνοητικῶς
1623 2193 1847 2271 ἐκφοιτᾷ
1902 2194 1947 2227 ’³³

296 2295 376 2358 εἲς
432 2295 499 2348 τὰ
552 2292 882 2347 ούσιωθέντα
924 2289 1013 2344 ὑπ’
1070 2286 1235 2342 αὐτοῦ
1301 2286 1492 2356 νοητά’
1565 2282 1655 2338 καὶ
1712 2282 1948 2355 ἀκρότης

294 2384 388 2440 καὶ
443 2380 727 2452 τελειότης
774 2378 911 2433 κατὰ
958 2382 1118 2432 τοῦτο
1174 2377 1305 2431 εἶναι
1346 2379 1454 2429 τῶν
1505 2376 1641 2427 νοῶν
1673 2373 1776 2426 οὐκ
1815 2370 1949 2425 ἀπο-

299 2469 524 2529 ϐάλλει.
584 2470 657 2525 Οὐ
713 2467 850 2524 κατὰ
881 2460 1229 2540 συμϐεϐηκὸς
1260 2465 1353 2518 οῦν
1398 2464 1451 2518 oi
1479 2463 1622 2531 νόες,
1662 2461 1736 2523 ὠς
1765 2462 1952 2533 ἡμεῖς,

302 2556 498 2638 ἔχουσι
539 2561 641 2628 τὴν
686 2558 906 2634 ἀρετὴν,
944 2557 1044 2625 τὴν
1092 2549 1357 2632 φρόνησιν
1411 2552 1463 2623 ἐξ
1508 2551 1789 2622 ἀσκήσεως
1839 2548 1953 2602 οἷον

302 2652 339 2720 ἢ
380 2650 693 2722 μαθήσεως,
724 2646 760 2715 ἢ
804 2646 904 2714 τὴν
956 2641 1324 2714 δικαιοσύνην,
1374 2641 1409 2710 ἢ
1457 2642 1558 2710 τὴν
1603 2638 1954 2715 σωφροσύνην

308 2738 378 2795 δι’
430 2736 766 2812 ἐγκρατείας,
817 2736 852 2805 ἢ
900 2734 998 2803 τὴν
1048 2730 1265 2807 ἀνδρίαν
1317 2729 1369 2801 ἐξ
1418 2729 1655 2791 εὐθεσίας
1707 2729 1962 2800 σώματος

307 2828 403 2884 καὶ
451 2827 678 2902 νεύρων·
732 2823 794 2879 ού
842 2823 945 2899 γὰρ
994 2823 1070 2886 ὡς
1116 2818 1261 2877 ἄλλο
1310 2821 1363 2875 ὲν
1412 2816 1594 2891 ἄλλῳ,
1642 2816 1692 2872 ἐν
1742 2815 1959 2877 τούτοις

310 2921 347 2986 ἡ
396 2917 584 2993 ἀρετή·
638 2912 785 2970 ἀλλὰ
823 2913 886 2967 τὸ
940 2912 1007 2966 τὰ
1054 2910 1230 2966 οἰκεῖα
1279 2907 1508 2984 ἐνεργεῖν
1557 2907 1646 2962 καὶ
1677 2906 1963 2967 ἀπαύστως

314 3005 670 3060 ἀνατετάσθαι
728 3002 863 3076 πρὸς
917 3001 1047 3055 Θεὸν
1105 2997 1195 3054 καί
1252 2998 1329 3060 εἰς
1387 2995 1632 3064 ἑαυτοὺς,
1691 2999 1851 3049 τοῦτο
1910 2993 1963 3048 ἐν

317 3094 507 3157 αὐτοῖς
562 3090 931 3164 θεομίμητον,
986 3088 1173 3165 ἀρετή·
1232 3088 1379 3160 τάξις
1437 3084 1495 3140 δὲ
1548 3084 1703 3157 ὅμως
1745 3084 1844 3151 τὴν
1890 3082 1966 3145 ὠς

314 3180 495 3238 ἄλλου
546 3180 597 3235 ἐν
654 3177 812 3252 ἄλλῳ
869 3175 1241 3255 διαφυλάττει,
1288 3175 1361 3237 ὠς
1412 3174 1494 3229 τό·
1552 3178 1617 3247 ζῇ
1668 3172 1721 3229 ἐν
1776 3172 1965 3245 ἐμοὶή

2057 1942 2284 2010 habuit,
2318 1946 2374 1997 et
2403 1940 2778 1997 distributive
2810 1940 3001 1996 exitin
3032 1957 3101 1996 ea
3131 1940 3529 2014 intelligibilia
3568 1960 3697 2015 qua

2056 2048 2158 2105 per
2180 2033 2371 2103 ipsam
2402 2035 2603 2102 utpote
2626 2046 2868 2085 causam
2901 2030 3181 2085 existunt.
3217 2035 3370 2086 Deus
3402 2031 3697 2102 siquidem

2057 2124 2149 2176 est
2181 2120 2310 2175 fons
2341 2119 2478 2173 viva:
2503 2118 2741 2174 virtutis
2773 2123 2830 2174 et
2859 2123 3153 2189 quantum
3185 2119 3320 2174 licet
3374 2121 3515 2175 deos
3573 2120 3699 2174 efﬁ-

2058 2210 2266 2265 cientis
2296 2208 2652 2280 participes:
2697 2212 2895 2263 tamen
2928 2209 2999 2263 ad
3051 2209 3375 2280 prodeundi
3414 2208 3703 2265 actionem

2060 2300 2178 2355 exit
2207 2298 2577 2371 providenter
2606 2297 2663 2351 in
2698 2297 3095 2369 intelligibilia
3123 2314 3251 2370 qum
3275 2299 3347 2354 ab
3371 2298 3496 2369 ipso
3515 2315 3709 2355 essen-

2062 2389 2204 2444 tiam
2238 2390 2628 2459 acceperunt;
2662 2401 2853 2458 neque
2882 2386 3099 2442 idcirco
3133 2387 3351 2443 desinit
3379 2403 3509 2443 esse
3541 2387 3707 2443 fasti-

2061 2478 2221 2549 gium
2249 2483 2307 2533 et
2336 2476 2606 2548 perfectio
2628 2476 2938 2533 mentium.
2970 2475 3095 2531 Non
3143 2476 3323 2545 igitur
3354 2482 3579 2533 mentes
3609 2495 3713 2550 per

2067 2566 2361 2637 accidens,
2393 2565 2568 2620 sicuti
2602 2581 2731 2633 nos,
2764 2564 2982 2620 habent
3010 2565 3305 2635 virtutem,
3340 2565 3519 2622 veluti
3579 2584 3715 2639 pru-

2068 2655 2326 2712 dentiam
2359 2670 2461 2727 per
2485 2654 2827 2710 exercitium
2860 2658 2918 2708 et
2947 2653 3347 2726 disciplinam,
3395 2656 3484 2711 vel
3533 2655 3714 2727 justi-

2066 2746 2234 2814 tiam,
2266 2749 2366 2800 aut
2393 2742 2842 2817 temperantiam
2875 2760 2977 2815 per
2997 2742 3438 2814 continentiam,
3464 2745 3552 2800 vel
3597 2746 3715 2800 for-

2069 2835 2383 2891 titudinem
2416 2850 2519 2906 per
2548 2835 2763 2889 bonam
2786 2833 3047 2904 corporis
3069 2836 3125 2887 et
3150 2849 3453 2889 nervorum
3477 2851 3717 2906 compo-

2072 2924 2491 2990 sitionem;non
2523 2921 2680 2977 enim
2706 2924 2771 2976 ut
2800 2920 2956 2975 aliud
2991 2920 3050 2975 in
3080 2919 3214 2990 alio,
3258 2923 3317 2977 in
3352 2922 3447 2977 bis
3487 2922 3674 2978 virtus
3701 2940 3717 2993 ;

2075 3013 2177 3069 sed
2226 3012 2463 3084 propria
2491 3011 2718 3082 operari
2764 3014 2822 3065 et
2871 3010 3235 3066 incessanter
3284 3010 3344 3066 in
3418 3011 3603 3067 Deum
3662 3016 3722 3067 et

2078 3101 2304 3174 seipsos
2334 3100 2658 3169 intendere,
2694 3100 2811 3155 haec
2841 3099 2899 3154 in
2923 3098 3069 3171 ipsis
3101 3099 3202 3155 Dei
3228 3099 3503 3172 imitatio,
3534 3101 3724 3156 virtus

2082 3191 2376 3247 censenda
2404 3193 2813 3258 est;attamen
2837 3189 3124 3257 ordinem,
3176 3192 3241 3244 ut
3286 3189 3438 3245 alius
3496 3189 3555 3245 in
3614 3190 3726 3247 alio

318 3273 474 3347 ψυχή
524 3291 643 3339 σου,
673 3242 795 3324 ἀντί
836 3242 984 3334 τοῦ,⁸
1013 3269 1049 3335 ἡ
1100 3272 1202 3335 τῆς
1227 3242 1604 3323 ⁷διδασκαλίας
1659 3242 1960 3350 μετάδοσιςε

2085 3242 2373 3347 esse};
2412 3242 2491 3333 Et
2522 3242 2733 3331 me
2753 3242 3032 3333 eis};
3058 3242 3148 3332 "Ie
3186 3242 3555 3345 Qut-Eii“:
3601 3242 3728 3350 ιῖιῖέ,

317 3345 494 3415 «et:
551 3352 899 3432 συμϐεϐηκὸς
967 3354 1019 3409 ἐν
1079 3352 1422 3426 ύποκειμένῳ
1488 3350 1622 3427 ὅπερ
1680 3350 1781 3405 οὐκ
1834 3345 1975 3404 ἔστιν

326 3451 458 3505 ἐκεῖ·
523 3447 784 3503 ἀσύνθετα
834 3446 936 3521 γὰρ
991 3445 1083 3499 καὶ
1140 3440 1283 3497 ἅϋλα
1342 3440 1537 3513 ἐκεῖνα,
1586 3441 1679 3495 καὶ
1733 3442 1802 3495 τὰ
1858 3436 1977 3510 εἶ’δη

332 3540 514 3594 αὐτῶν
561 3536 716 3606 ζωαὶ,
750 3535 862 3610 οὐχ
904 3534 978 3595 ὡς
1030 3532 1081 3588 ἐν
1131 3531 1260 3607 ὕλῃ.
1310 3531 1418 3588 Καὶ
1463 3535 1632 3585 ταῦτα
1685 3531 1778 3603 μὶν
1822 3530 1849 3584 6
1879 3549 1981 3583 πα-

338 3625 620 3703 ραγράψας
665 3623 903 3693 ἐνόησεν.
936 3628 1076 3697 Ἔχε
1123 3618 1181 3676 δὶ
1228 3620 1364 3676 κατά
1412 3624 1536 3675 νοῦν
1580 3621 1676 3680 τὰς
1709 3617 1843 3691 ἐμὰς
1886 3639 1984 3687 ση-

343 3715 624 3789 μειώσεις,
663 3712 758 3776 τὰς
802 3712 910 3787 πρὸ
956 3714 1122 3784 τριῶν
1176 3707 1425 3786 φύλλωνο
1473 3708 1564 3762 καὶ
1616 3706 1839 3762 ἐνταῦθα
1886 3707 1986 3781 γὰρ

336 3806 399 3860 τὸ
469 3804 748 3881 ἐφιέμεναι
813 3805 883 3876 τῇ
962 3799 1069 3874 ἐμῇ
1153 3801 1342 3870 νοήσει
1429 3802 1686 3872 συνεργεῖ·
1767 3795 1857 3851 καὶ
1937 3796 1991 3849 oi

338 3880 568 3965 πατέρες
620 3888 678 3945 δὶ
729 3889 905 3951 οὕτως
944 3887 1189 3959 ἐνόησαν,
1248 3886 1337 3940 καὶ
1399 3884 1559 3947 αὐτός
1620 3882 1678 3939 δὲ
1735 3880 1886 3939 δοκεῖ
1928 3883 1991 3937 τὸ

340 3980 799 4057 αὐτοπροαίρετον
878 3982 1006 4049 [τῶν
1099 3975 1381 4052 ἀγγέλων,
1444 3974 1519 4036 ὡς
1604 3974 1721 4046 μετ’
1806 3972 1991 4048 ὀλίγον

342 4071 635 4147 εὐρήσεις].

416 4248 739 4325 Ταξιαρχία.
771 4245 1063 4305 Τουτέστιν
1098 4244 1125 4298 6
1159 4241 1308 4306 Θεός.

420 4341 602 4394 Ἔστιν
655 4338 745 4393 οῦν
795 4333 983 4392 ἅπασι.
1040 4331 1358 4406 Σημείωσαι
1407 4330 1489 4386 ὅτι
1539 4330 1722 4409 φωτὸς
1784 4329 1939 4385 οὐσία
1970 4331 1998 4385 6

352 4428 505 4496 Θεὸς,
530 4427 617 4482 καὶ
649 4427 713 4482 τὸ
745 4424 900 4504 φύσει
925 4424 1114 4500 ἀρετὴ,
1146 4422 1234 4476 καὶ
1268 4420 1405 4475 θέσει
1437 4421 1625 4495 ἀρετή.

2087 3360 2360 3416 doctrinas
2393 3357 2847 3413 communicatio
2874 3374 2887 3412 :
2914 3358 3184 3412 accidens
3214 3362 3409 3412 autem
3438 3359 3497 3413 in
3528 3360 3730 3430 subje-

2091 3454 2204 3519 cto,
2238 3448 2391 3519 quod
2424 3449 2609 3514 abest,
2643 3446 2881 3513 existit;
2916 3445 3208 3517 simplicia
3238 3446 3391 3501 enim
3442 3445 3544 3501 illa
3591 3452 3731 3501 sunt

2092 3543 2149 3594 et
2180 3536 2435 3591 materiae
2466 3536 2746 3607 expertia,
2769 3534 3114 3607 speciesque
3143 3533 3430 3606 ipsorum,
3458 3534 3731 3605 vitae,non

2096 3627 2250 3682 sicut
2278 3626 2335 3680 in
2369 3625 2634 3681 materia:
2669 3628 2725 3679 et
2756 3624 2876 3679 haec
2906 3624 3143 3695 quidem
3177 3624 3227 3679 is
3258 3623 3435 3695 quiin
3471 3625 3736 3696 margine

2098 3715 2399 3771 adnotavit
2444 3713 2766 3781 intellexit;
2824 3727 2983 3768 meas
3044 3716 3240 3767 autem
3278 3713 3738 3781 observationes,

2100 3821 2228 3876 quae
2259 3804 2317 3858 in
2347 3803 2539 3858 tribus
2561 3806 2694 3857 ante
2724 3801 2898 3869 foliis,
2938 3802 2996 3856 in
3032 3804 3227 3856 mente
3292 3800 3525 3870 habeto,
3566 3801 3743 3857 isthic

2101 3893 2259 3971 enim
2281 3890 2342 3945 τὸ
2372 3889 2645 3967 ἐφιέμεναι
2676 3890 2999 3962 cupientes,
3033 3889 3491 3946 intellectionem
3552 3906 3742 3946 meam

2104 3982 2378 4053 adjuvat;
2410 3984 2468 4037 et
2495 3980 2695 4035 Patres
2716 3979 2800 4034 ita
2820 3979 3253 4046 intellexerunt,
3285 3983 3459 4051 atque
3506 3979 3632 4051 ipse
3675 3978 3747 4033 li-

2104 4072 2312 4127 berum
2335 4068 2641 4125 arbitrium
2676 4067 3064 4141 [angelorum]
3116 4068 3377 4123 admittit
3429 4070 3517 4137 [ut
3575 4067 3748 4139 paulo

2107 4165 2240 4233 post
2267 4158 2576 4230 invenies].

2181 4247 2403 4305 Ordinis
2432 4248 2609 4316 origo,
2633 4248 2729 4300 Gr.
2746 4242 3055 4319 ταξιαρχία.
3089 4245 3149 4302 Id
3175 4249 3264 4301 est
3292 4245 3468 4301 Deus.

2180 4339 2270 4393 Est
2322 4338 2502 4407 igitur
2556 4334 2830 4391 omnibus.
2879 4338 3050 4400 Nota,
3082 4334 3267 4390 Deum
3326 4350 3456 4390 esse
3512 4334 3759 4392 luminis

2113 4426 2432 4482 essentiam
2465 4429 2524 4481 et
2554 4429 2768 4481 natura
2794 4423 3096 4494 virtutem,
3127 4428 3184 4480 et
3212 4423 3554 4481 deﬁnitione
3583 4424 3763 4481 virtu-

2111 4520 2255 4571 tem.

426 4609 737 4683 Ἦγοῦνται.
790 4600 1135 4676 Σημείωσαι,
1195 4598 1278 4654 ὅτι
1335 4600 1472 4671 μετὰ
1526 4600 1652 4653 Θεὸν
1704 4599 1851 4673 ἀρχὴ
1904 4620 1960 4652 nc

2085 4635 2087 4659 ι
2189 4604 2437 4660 Censenl.
2474 4603 2640 4669 Nota,
2665 4617 2975 4674 supremas
3009 4609 3235 4658 mentes
3264 4619 3394 4658 esse
3424 4606 3556 4674 post
3586 4606 3766 4659 Deum

352 4719 452 4768 σης
481 4682 678 4768 ἀρετῆς
712 4695 764 4749 οἱ
807 4691 1073 4747 ἀνώτατοι
1106 4690 1245 4759 νόες,
1275 4686 1344 4743 δι’
1391 4690 1466 4743 ὦν
1515 4688 1747 4762 πρώτων
1802 4682 2005 4763 ἔχομεν

353 4788 456 4855 τὴν
483 4789 582 4841 τοῦ
613 4787 747 4839 Θεοῦ
780 4780 1080 4854 ἔλλαμψιν.

428 4873 733 4950 Ἐμπύριον
762 4869 1034 4941 ῒδιότητα.
1084 4869 1404 4942 Σημείωσαι
1456 4866 1539 4923 ὅτι
1579 4867 1716 4922 κατὰ
1765 4864 2014 4938 ἷδιότητα

355 4965 618 5039 ἐμπύριοι
650 4963 702 5017 οἱ
733 4960 1000 5016 ἀνώτατοι
1030 4957 1172 5020 νόες.

431 5051 682 5127 Θρονίαν;
758 5048 960 5113 Καλῶς
1031 5044 1321 5123 ἕρμηνεύει
1388 5047 1440 5100 τί
1504 5045 1605 5100 εἶσι
1672 5046 1855 5122 θρόνοι
1908 5051 2015 5102 τῶν

2121 4693 2479 4766 principium
2512 4691 2705 4747 omnis
2735 4691 2993 4763 virtutis,
3019 4708 3121 4764 per
3150 4708 3298 4763 quas
3351 4692 3604 4763 primam
3663 4692 3766 4747 Dei

2119 4782 2575 4837 illustrationem
2604 4780 2957 4853 accipimus.

2193 4873 2421 4943 Igneam
2438 4870 3013 4943 proprietatem.Nota
3052 4886 3363 4941 supremas
3397 4872 3623 4924 mentes
3647 4885 3779 4925 esse

2123 4961 2451 5016 secundum
2484 4960 2904 5031 proprietatem
2934 4959 3159 5032 igneas.

2195 5051 2355 5106 Solii.
2391 5050 2567 5104 Recte
2596 5049 3043 5122 interpretatur,
3076 5048 3214 5120 quid
3248 5046 3367 5103 sint
3387 5049 3557 5105 sedes
3608 5049 3778 5105 etsie-

363 5142 651 5219 οὐρανίων,
728 5141 790 5194 τὸ
860 5136 1209 5213 ἀνεῳγμένην
1284 5137 1385 5205 τήν
1448 5134 1574 5211 περὶ
1632 5139 1769 5190 Θεοῦ
1827 5137 1960 5206 νόησ

2128 5140 2333 5209 stium,
2366 5144 2628 5210 apertam
2678 5140 2750 5194 de
2778 5138 2894 5195 Deo
2917 5138 3328 5209 cogitationem
3364 5137 3617 5207 habere;
3653 5137 3785 5195 solii

364 5232 532 5309 ἔχειν·
567 5230 787 5304 θρονίαν
817 5226 875 5283 δέ
906 5248 1068 5306 φησιν
1122 5223 1371 5292 ἰδιότητα
1400 5227 1499 5295 τὴν
1546 5224 1960 5300 ἀποκληρωτικε

2131 5233 2328 5285 autem
2382 5228 2523 5284 dicit
2566 5228 3009 5300 proprietatem,
3061 5226 3268 5281 sortito
3315 5228 3787 5285 demonstratum

366 5322 759 5399 ἀποφανθεῖσαν
792 5321 901 5373 τῶν
935 5315 1103 5393 ἁγίων
1133 5314 1338 5391 θρόνων
1371 5314 1574 5389 ἀρχήν,

437 5490 469 5546 q
499 5472 676 5529 Hebr.
712 5488 813 5541 xu,
843 5470 934 5525 29.

2132 5323 2472 5374 sanctorum
2503 5318 2854 5372 thronorum
2886 5315 3311 5389 principatum.

1407 5573 1646 5631 νΑΒΙιΕ
1692 5576 2086 5635 LECTIONES
2129 5578 2221 5636 ET
2257 5573 2802 5634 CORREGTIONES

444 5696 486 5731 ⁷¹
520 5694 596 5756 ὡς
629 5686 873 5772 ἐφικτόν·
951 5692 997 5729 ’⁸³
1021 5687 1312 5768 ἐκφοιτῶν.
