4158 6370
428 387 499 443 99
1247 374 1615 430 APPENDIX
1652 376 1750 429 AD
1787 372 2029 429 OPERA
2065 372 2125 424 8.
2165 368 2485 427 DIONYSII
2522 375 3023 437 AREOPAGITE.
3746 384 3849 441 100

503 515 864 588 lnfcn‘orum.
899 510 979 566 De
1005 504 1292 578 subjectis
1314 503 1641 573 ordinibus,
1659 500 1955 576 quomodo
1978 514 2045 572 pe

2190 583 2206 588 Δ
2263 497 2612 576 Ὑφειμὲνων.
2646 505 2779 582 Περὶ
2826 510 2931 562 τῶν
2981 502 3400 581 ύποϐεϐηκυιῶν
3442 509 3664 584 τάξεων,
3692 509 3846 576 ὅπως

427 608 653 681 primos
683 601 900 659 divinis
937 596 1400 656 communicent.

492 788 594 843 42
623 785 828 841 Diclas.
855 780 1028 837 Venit
1059 778 1131 835 ad
1164 776 1614 849 explicationem
1647 771 1949 845 prOpositi.

495 878 523 950 Ξ
552 875 646 933 IV.
680 873 873 929 Aiebat
903 870 1113 941 itaque.
1148 867 1282 939 Agit
1311 866 1384 921 de
1407 882 1473 921 eo
1506 865 1608 937 qui
1639 864 1885 931 dixerat,
1934 876 2070 916 eum

421 984 539 1022 non
572 964 755 1020 luisse
786 958 1107 1032 seraphim,
1141 973 1315 1029 quem
1338 955 1520 1010 Isaias
1551 952 1716 1020 vidit,
1751 951 1852 1007 sed
1887 967 2069 1005 unum

417 1074 487 1113 ex
516 1052 895 1111 inferioribus
921 1048 1270 1115 ordinibus;
1333 1045 1485 1100 hanc
1517 1043 1675 1100 enim
1736 1041 2070 1114 opinionem

417 1146 772 1217 propugnat,
808 1155 985 1212 quam
1015 1136 1189 1209 paulo
1228 1138 1363 1191 ante
1396 1134 1455 1188 in
1517 1130 1804 1204 principio
1858 1130 2068 1202 capitis

416 1233 695 1301 declarat,
759 1229 858 1285 ubi
909 1227 1105 1283 dicit:
1159 1226 1318 1280 Alius
1363 1233 1550 1278 autem
1603 1238 1716 1277 non
1773 1220 2067 1276 admodum

415 1320 730 1388 absurdam,
764 1322 821 1374 et
850 1333 976 1388 qua
1033 1316 1388 1385 sequuntur.

484 1413 765 1480 Tanquam
818 1407 877 1462 in
925 1404 1207 1477 symbolis.
1264 1400 1549 1465 Quoniam
1585 1398 1885 1471 serapbim
1940 1398 2064 1456 alas

411 1518 512 1558 sex
542 1499 826 1555 habentes
851 1495 1028 1550 videt.

480 1591 547 1645 Et
583 1590 737 1643 circa
758 1586 928 1640 Deum
957 1580 1277 1638 collocatas.
1310 1579 1497 1635 Habet
1526 1578 1681 1634 enim
1716 1578 2057 1651 Scriptura:

412 1678 637 1735 Stabant
667 1678 727 1731 in
749 1674 988 1729 circuitu
1016 1672 1137 1743 ejus
1166 1671 1261 1742 (ν).

481 1766 682 1824 Didicit
710 1767 916 1835 itaque.
968 1762 1133 1829 Vide,
1193 1760 1479 1831 quidnam
1540 1758 1795 1814 disceret
1850 1758 2056 1827 Isaias,

2186 583 2274 643 διὰ
2301 593 2409 644 τῶν
2440 591 2673 668 πρώτων
2710 597 3004 670 μετέχουσι
3036 595 3145 653 τῶν
3178 598 3360 663 θείων.

2237 680 2366 786 ’Τὰς
2413 680 2725 756 εἰρημένας.
2771 685 2973 743 Ἦλθεν
3020 686 3096 751 εὶς
3156 686 3417 764 ἐξήγησιν
3464 694 3562 745 τοῦ
3616 712 3843 767 προκει-

2188 789 2280 840 μεν
2289 789 2371 827 ου.

2254 856 2481 935 Ἔλεγεν
2538 862 2653 919 οὗν.
2708 865 2838 938 Περὶ
2888 870 2985 920 τοῦ
3035 862 3286 930 εἰπόντος
3344 867 3531 946 φησὶν,
3591 868 3672 925 ὅτι
3724 871 3835 947 οὐχ

2181 947 2209 1000 6
2263 948 2501 1027 σεραφίμ
2550 949 2889 1028 ἐτύγχανειν,
2939 956 2967 1010 6
3018 954 3203 1033 ὀφθεὶς
3257 957 3337 1029 τῷ
3392 956 3624 1032 Ἡσαΐᾳ,
3685 958 3834 1017 ἀλλά

2176 1056 2261 1125 τις
2320 1042 2426 1093 τῶν
2487 1042 2808 1117 κατωτέρων
2861 1042 3127 1120 ἀγγέλων·
3184 1045 3353 1121 ταύτῃ
3416 1048 3517 1123 γάρ
3572 1052 3641 1122 τῇ
3698 1046 3827 1125 δόξῃ

2177 1122 2569 1201 ἐπαγωνίζεται
2601 1148 2617 1161 ⁸
2681 1130 2747 1200 ἢν
2805 1132 2913 1208 πρὸ
2971 1132 3163 1207 ὀλίγου
3219 1122 3496 1213 ἀναφαίνει
3554 1141 3622 1211 τῇ
3677 1122 3832 1214 ἀρχῆ

2174 1218 2270 1269 τοῦ
2301 1216 2620 1294 κεφαλαίου,
2645 1214 2770 1275 ἔνθα
2797 1220 2985 1298 φησίν,
3009 1217 3191 1299 ἕτερος
3215 1221 3271 1280 δὲ
3293 1223 3355 1279 ού
3373 1223 3581 1304 σφόδρα
3602 1227 3825 1300 ἄτοπον,

2172 1304 2263 1359 καὶ
2290 1305 2358 1361 τὰ
2388 1306 2532 1378 ἑξῆς.

2244 1395 2332 1458 Ὧς
2389 1395 2441 1451 ἐν
2500 1393 2843 1472 συμϐόλοις.
2902 1398 3124 1472 Ἐπειδὴ

2172 1485 2426 1562 σεραφίμ.

2240 1573 2340 1628 Καὶ
2369 1575 2494 1651 περὶ
2544 1578 2673 1633 Θεὸν
2721 1574 3037 1654 ἱδρυμένας.
3070 1581 3226 1656 Ἔχει
3263 1583 3364 1657 γὰρ
3408 1583 3473 1638 τὸ
3514 1580 3705 1660 λόγιον
3738 1583 3823 1641 ὅτι

2169 1660 2425 1733 Εἶστήκει
2457 1664 2647 1738 κύκλῳ
2668 1665 2855 1724 αὐτοῦ.

2241 1751 2565 1825 Ἐμάνθανεν
2624 1755 2736 1815 οὗν.
2793 1759 2933 1834 Ὅρα
2995 1758 3049 1814 τί
3108 1759 3400 1833 ἆμάνθανεν
3463 1762 3492 1816 6
3543 1763 3767 1827 Ἡσαΐας
3803 1807 3819 1835 ,

3204 1402 3531 1481 ἐξαπτίρυγα
3604 1406 3704 1479 ὁρᾷ
3752 1406 3827 1462 τὰ

409 1872 584 1930 quem
607 1858 776 1911 vocat
808 1851 1165 1922 theologum,
1192 1850 1454 1921 ignotam
1503 1863 1633 1904 esse
1689 1846 2045 1903 divinitatem

2190 1861 2223 1895 ιν
2274 1838 2436 1939 καλεῖ
2461 1841 2763 1939 θεολόγον,
2814 1844 2897 1901 δτι
2946 1846 3219 1923 ἄγνωστον
3267 1850 3330 1904 τὸ
3379 1856 3533 1906 Θεῖον
3574 1852 3663 1907 καὶ
3693 1859 3820 1917 ταῖς

407 1928 583 2003 etiam
616 1942 913 2014 supremis
941 1940 1282 2005 virtutibus,
1336 1942 1393 1993 et
1424 1936 1573 1992 nihil
1605 1937 1663 1991 in
1695 1936 1870 1992 rebus
1925 1952 2045 1992 esse

2190 1928 2423 1987 ενωτάτω
2457 1932 2737 2009 δυνάμεσι,
2766 1937 2858 1992 καὶ
2912 1938 2995 1993 δτι
3049 1936 3203 1995 οὐδὲν
3248 1944 3358 1995 τῶν
3386 1937 3556 1997 ὄντων
3585 1942 3819 2020 ἐμφερὲς

403 2035 489 2091 illi
540 2032 757 2090 simile.
815 2031 989 2086 Porro
1047 2023 1175 2083 ὄντα
1225 2044 1351 2101 quas
1402 2030 1562 2096 sunt,
1615 2025 1959 2081 dicebamus
1990 2024 2045 2080 in

2190 2020 2332 2093 ιύτῷ.
2365 2024 2529 2078 Ὄντα
2558 2022 2615 2079 δὲ
2644 2022 2867 2099 εἶ’πομεν
2910 2024 2964 2081 ἐν
3010 2031 3089 2099 τῷ
3117 2029 3224 2105 πρὸ
3264 2028 3463 2085 τούτου
3507 2027 3714 2107 βιϐλίῳ
3744 2035 3816 2089 τὰ

405 2121 755 2199 praecedenti
784 2120 1095 2190 libro,qua3
1113 2122 1309 2173 mente
1338 2120 1395 2172 et
1415 2131 1593 2171 sensu
1619 2113 2050 2186 percipiuntur;

407 2216 527 2271 hac
557 2215 753 2269 autem
785 2208 1106 2265 docebatur
1139 2205 1445 2278 propheta,
1478 2209 1790 2277 postquam
1823 2220 1857 2258 a
1913 2220 2048 2275 pro-

2160 2112 2330 2201 νοητὰ
2367 2113 2455 2167 καὶ
2516 2113 2765 2186 αἶσθητά·
2816 2120 2986 2171 ταῦτα
3046 2114 3104 2173 δὲ
3163 2123 3377 2191 μυεῖται
3432 2121 3460 2174 6
3516 2124 3811 2201 προφήτης

2164 2200 2298 2271 μετὰ
2334 2201 2396 2255 τὸ
2424 2205 2759 2279 καθαρθῆναι
2788 2208 2895 2260 τῶν
2938 2203 3089 2261 ΐδίων
3123 2208 3428 2282 ἁμαρτιῶν,
3461 2210 3585 2287 περὶ
3616 2200 3679 2266 οὗ
3716 2233 3808 2285 μι-

404 2303 549 2377 priis
579 2298 835 2373 peccatis
866 2297 1130 2369 expiatus
1162 2295 1408 2366 fuisset;
1435 2295 1504 2350 de
1533 2309 1648 2366 quo
1695 2290 1869 2364 paulo
1919 2296 2045 2364 post

2190 2290 2286 2364 ρὸν
2318 2288 2535 2366 ὕστερον
2570 2291 2820 2368 ἐροῦμεν.

401 2394 766 2554 ὼῗςῖῗαιρῗίγη
792 2475 1403 2542 docebatur.Quidnam
1426 2475 1733 2530 doceretur
1757 2488 1862 2546 per
1891 2487 2051 2528 sera-

398 2572 693 2719 phiam.
730 2657 1138 2731 Interpretatio
1162 2654 1424 2712 nominis
1447 2652 1768 2725 seraphim.

466 2752 714 2807 Alarum.
748 2749 896 2815 Quid
931 2764 1130 2820 pennae
1158 2744 1510 2817 significent.

466 2842 530 2896 In
559 2842 732 2895 Deum
762 2840 823 2893 in
850 2838 1069 2909 primis.
1103 2833 1260 2889 Dixit
1282 2832 1438 2887 enim
1458 2848 1638 2903 supra
1678 2831 1736 2886 in
1769 2831 1885 2887 ﬁne
1939 2832 2046 2886 de-

2231 2471 2484 2546 Σεραφὶμ
2511 2468 2751 2545 ὶμυεῖτο.
2785 2471 2854 2531 Τί
2883 2472 3102 2547 ἐμυεῖτο
3134 2472 3223 2531 διὰ
3248 2475 3316 2532 τὰ
3345 2476 3598 2557 σεραφίμ.

2228 2650 2603 2723 Ἐπωνυμίας.
2630 2653 2926 2727 Ἑρμηνεία
2956 2656 3217 2730 σεραφίμ.

2225 2742 2465 2814 Πτερῶν.
2497 2740 2561 2795 Τί
2598 2739 2766 2811 δηλοῖ
2794 2742 2862 2797 τὰ
2891 2744 3079 2818 πτερά.

2224 2828 2330 2896 Τὴν
2377 2827 2465 2883 ἐπὶ
2515 2830 2578 2884 τὸ
2628 2834 2784 2885 Θεῖον
2836 2829 2888 2886 ἐν
2937 2833 3205 2908 πρώταις.
3237 2835 3403 2891 Εἶπεν
3456 2831 3564 2890 ἅνω
3612 2835 3715 2911 γὰρ
3748 2835 3805 2893 ἐν

395 2929 533 2985 oimi
565 2927 797 2999 capitis,
861 2925 1196 2981 universam
1229 2921 1546 2987 caelestem,
1607 2924 1663 2975 et
1720 2920 2043 2975 humanam

2190 2914 2231 2989 ᾦ
2258 2915 2404 2972 τέλει
2430 2922 2527 2972 τοῦ
2561 2915 2785 2974 δεκάτου
2812 2920 3223 2999 κεφαλαίου,ὅτι
3254 2929 3359 2987 πᾶς
3389 2923 3692 3000 [οὐράνιος]
3712 2927 3805 2981 καί

395 3022 655 3074 mentem
684 3016 899 3071 habere
920 3013 1145 3086 primos
1166 3016 1221 3066 et
1252 3010 1475 3066 medios
1507 3014 1563 3065 et
1588 3014 1917 3081 postremos
1949 3026 2043 3065 or-

394 3104 802 3163 dineszmerito
824 3102 1005 3175 igitur
1034 3115 1136 3156 sex
1166 3098 1290 3156 alas
1322 3099 1468 3154 dixit
1498 3098 1714 3154 habere
1768 3098 2039 3166 virtutes,

394 3199 459 3251 ut
518 3194 751 3249 duabus
803 3192 979 3248 facies
1032 3193 1316 3261 tegerent,
1347 3187 1555 3243 mediis
1586 3190 1780 3242 autem
1841 3187 2037 3257 pedes,

393 3283 633 3354 reliquis
669 3298 806 3338 vero
836 3281 991 3336 circa
1024 3284 1205 3335 Deum
1235 3276 1519 3346 volarent,
1554 3276 1704 3347 quod
1763 3277 1889 3347 ipse
1945 3293 2042 3332 vo-

391 3373 607 3430 caverit
637 3386 977 3444 supremam
1008 3368 1422 3425 intentionem.
1453 3370 1602 3423 Nota
1656 3382 1812 3432 vero,
1873 3366 2041 3437 quid-

2151 3005 2489 3079 ἀνθρώπειος
2530 3012 2657 3071 νοῦς
2701 3010 2792 3064 καὶ
2839 3009 3079 3084 πρώτας,
3111 3011 3201 3066 καὶ
3251 3013 3438 3085 μέσας,
3487 3014 3576 3068 καὶ
3606 3013 3802 3070 τελευ-

2148 3094 2303 3160 ταίας
2332 3093 2446 3171 ἔχει
2480 3098 2673 3167 τάξεις,
2698 3098 2943 3162 Εἰκότως
2974 3101 3065 3155 οὖν
3093 3100 3147 3172 ’ἐξ
3179 3102 3445 3179 πτέρυγας
3476 3106 3620 3158 εἶπεν
3648 3100 3801 3181 ἔχειν

2147 3186 2249 3255 τὴν
2279 3183 2527 3259 δύναμιν,
2552 3184 2645 3241 ’ἱνα
2671 3193 2793 3251 ταῖς
2830 3189 2922 3262 μὶν
2968 3186 3095 3245 δυσὶ
3132 3212 3227 3246 καλ
3242 3190 3382 3267 ύπτῃ
3415 3192 3480 3248 τὰ
3507 3193 3802 3269 πρόσωπα,

2149 3280 2268 3337 ταῖς
2302 3273 2359 3330 δὲ
2392 3275 2576 3349 μέσαις
2621 3277 2749 3340 τοὺς
2793 3276 2985 3342 πόδας·
3016 3284 3136 3343 ταῖς
3192 3278 3248 3335 δὲ
3279 3279 3501 3345 λοιπαῖς
3548 3283 3610 3337 τὸ
3642 3289 3799 3339 Θεῖον

2147 3368 2525 3439 περιπετῆται,
2586 3366 2717 3441 ὅπερ
2778 3370 2924 3424 εἶπεν
2985 3368 3144 3431 αὑτὸς
3190 3370 3291 3439 τήν
3343 3371 3644 3447 ὑπερτάτην
3678 3374 3803 3428 ἀνά-

390 3481 529 3520 nam
561 3462 879 3518 multitudo
908 3461 1123 3533 pedum
1156 3461 1214 3514 et
1244 3457 1523 3513 facierum
1555 3457 1614 3513 in
1648 3455 2040 3529 seraphim,et

2190 3475 2315 3511 κσιν.
2369 3454 2685 3529 Σημείωσαι
2736 3453 2794 3512 δὲ
2838 3456 2891 3512 τί
2938 3457 3001 3513 τὸ
3050 3458 3334 3515 πολύπουν
3377 3459 3466 3515 καὶ
3514 3462 3577 3517 τὸ
3625 3462 3800 3518 πολυ-

387 3570 494 3609 cur
523 3552 722 3624 aliqua
749 3554 1045 3623 tegantur.

458 3731 753 3787 Senarum.
787 3732 934 3784 Nota
990 3727 1286 3798 quomodo
1344 3725 1597 3780 adducat
1653 3739 1755 3780 sex
1810 3741 2034 3796 pennas

386 3824 729 3877 sanctorum
762 3816 1084 3888 seraphim.

463 3911 725 3965 Visorum.
752 3908 812 3963 Id
846 3910 936 3962 est
965 3923 999 3961 a
1030 3904 1313 3977 propheta
1344 3906 1760 3977 spectatorum.

464 4084 957 4142 SublimiorumJn
987 4083 1237 4155 tegendo
1271 4082 1926 4154 facies,profundiorum
1968 4084 2027 4141 in

2144 3544 2442 3619 πρόσωπον
2511 3549 2619 3600 τῶν
2695 3546 2934 3622 σεραφὶμ
2972 3592 2990 3621 ,
3048 3548 3137 3603 καὶ
3214 3546 3304 3604 διὸ.
3376 3550 3429 3605 τί
3508 3552 3796 3609 σκέπονται

2144 3629 2279 3688 ἔνια.

2172 3654 2279 3691 νια.

2211 3721 2505 3794 Ἐξαπλῆς.
2539 3723 2878 3799 Σημείωσαι,
2909 3730 3028 3789 πῶς
3079 3725 3263 3804 ἀνάγει
3310 3726 3405 3792 τὰς
3444 3727 3498 3800 ἓξ
3528 3730 3796 3807 πτερυγας

2139 3816 2247 3867 τῶν
2278 3813 2447 3887 ἁγίων
2478 3814 2733 3892 σεραφίμ.

2211 3903 2557 3976 ’ορωμὲνων.
2639 3906 2896 3962 Τουτὲστι
2971 3910 3081 3961 τῶν
3156 3907 3259 3963 ὑπὸ
3333 3912 3430 3963 τοῦ
3502 3911 3792 3988 προφήτου

2141 3993 2555 4065 θεωρουμένων,

2210 4083 2335 4137 Τῶν
2386 4080 2765 4155 ὑψηλοτέρων.
2801 4085 2900 4138 Διὰ
2944 4087 3040 4138 τοῦ
3070 4082 3365 4141 καλύπτειν
3396 4086 3462 4142 τὰ
3498 4087 3787 4162 πρόσωπα·

379 4177 626 4248 tegendo
658 4176 858 4248 pedes,
891 4190 994 4247 per
1026 4172 1249 4228 medias
1268 4177 1464 4227 autem
1508 4172 1779 4245 (pennas)
1829 4179 2025 4246 aptam

2190 4173 2243 4223 ὒν
2278 4167 2335 4225 δὲ
2363 4170 2691 4245 βαθυτέρων,
2726 4169 2816 4227 διὰ
2844 4177 2941 4227 τοῦ
2970 4173 3265 4230 καλύπτειν
3296 4175 3424 4239 τοὺς
3455 4175 3649 4240 πόδας·
3699 4176 3791 4235 διὰ

380 4266 693 4322 rationem.

450 4358 515 4411 Et
564 4356 923 4411 celerrimum
983 4351 1173 4410 laudis
1224 4354 1469 4407 cantum.
1522 4351 1671 4407 Illud
1724 4353 2023 4426 :Sanctus,

2137 4255 2195 4313 δὲ
2225 4263 2330 4313 τῶν
2367 4260 2543 4332 μέσων
2575 4262 2674 4329 τὴν
2698 4262 3055 4338 συμμετρίαν.

2208 4348 2306 4403 Καὶ
2364 4349 2742 4424 πολυτίμητον
2802 4350 3102 4424 ὑμνῳδίαν*
3164 4355 3263 4411 Τὸ’
3317 4357 3552 4432 νΑγιος,
3607 4358 3788 4437 ἅγιος,

377 4453 619 4511 sanctus,
650 4447 871 4499 sanctus
900 4442 966 4513 (ς)
993 4457 1006 4495 :
1060 4440 1356 4513 significat
1378 4458 1509 4496 vero
1531 4441 1706 4498 etiam
1750 4442 2022 4515 angelum

2190 4456 2308 4513 μσς
2342 4437 2599 4509 σημαίνει
2651 4437 2708 4495 δὲ
2755 4441 2837 4495 δτι
2880 4443 2970 4495 καὶ
3022 4438 3275 4517 ἅγγελος,
3324 4445 3443 4499 κατ’
3488 4444 3789 4521 ἀναλογίαν

378 4534 705 4591 secundum
734 4531 980 4604 proprias
1011 4530 1244 4588 virtutis
1278 4530 1713 4603 proportionem
1764 4532 2025 4604 accipere

2190 4532 2233 4595 ἧς
2264 4523 2404 4588 ἰδίας
2438 4522 2741 4599 δυνάμεως,
2775 4526 2993 4604 δέχεται
3041 4531 3140 4598 τήν
3174 4532 3318 4594 θείαν
3365 4530 3664 4607 ἕλλαμψιν,
3695 4538 3789 4591 καὶ

376 4624 635 4680 divinam
667 4620 1471 4693 illustrationem,ipsumque
1506 4620 1804 4692 prophetis
1861 4638 2020 4677 com-

2190 4616 2292 4676 ιτὸς
2325 4613 2651 4689 μεταδίδωσι
2681 4621 2799 4679 τοῖς
2830 4620 3169 4696 προφήταις,
3201 4621 3324 4676 ὅσον
3359 4627 3654 4699 χωροῦσιν,
3674 4625 3791 4701 οὑχ

376 4713 676 4770 municare
700 4714 988 4784 quantum
1021 4710 1280 4781 capiunt,
1315 4725 1431 4763 non
1456 4715 1746 4781 quantum
1778 4711 1905 4783 ipse
1928 4728 2021 4768 co-

377 4802 633 4876 gnoscit.

448 4894 592 4961 Quia
618 4892 872 4963 expiatio
902 4896 1003 4945 est.
1047 4889 1336 4954 Quidnam
1372 4888 1452 4945 sit
1483 4889 1757 4961 expiatio,
1792 4894 1849 4946 et
1878 4908 2023 4962 quo-

375 4982 546 5037 modo
580 4981 681 5036 fiat
710 4997 744 5035 a
775 4980 889 5035 Deo
921 4978 979 5032 in
1013 4976 1443 5049 intelligilibus.

446 5075 577 5127 Hac
605 5078 806 5125 autem.
840 5066 1075 5123 Scilicet
1105 5067 1375 5140 purgatio
1400 5071 1502 5122 aut
1522 5070 1878 5124 communio.

446 5161 547 5216 43
582 5159 907 5229 Praecipitis.
931 5156 1055 5213 Non
1089 5156 1247 5213 enim
1279 5155 1465 5227 qualis
1507 5160 1596 5211 est
1644 5158 1914 5230 purgatio
1962 5160 2022 5214 in

372 5248 736 5315 hominibus,
775 5245 913 5304 talis
942 5250 1033 5302 est
1062 5246 1235 5302 etiam
1269 5245 1327 5299 in
1358 5244 1735 5317 incorporeis.

445 5340 580 5409 Quae
608 5340 819 5394 circum
853 5353 993 5406 eam,
1027 5336 1262 5391 Circum
1290 5349 1438 5391 eam.
1476 5334 1837 5392 thearchiam
1863 5337 2021 5393 scili-

374 5434 486 5494 cet,
519 5429 576 5485 id
612 5434 703 5485 est
733 5426 889 5484 circa
916 5426 1123 5482 Deum.

442 5520 646 5575 Existit
672 5518 993 5589 manifesta.
1018 5513 1291 5587 Purgatio
1313 5513 1602 5572 videlicet.

442 5720 517 5794 (r)
553 5722 737 5809 Apoc}
760 5724 867 5807 tiu,
892 5717 1114 5807 τιιηω
1146 5719 1256 5789 Isa.
1288 5732 1366 5790 vr,
1392 5719 1464 5789 3;
1494 5720 1670 5791 Apoc.
1702 5734 1777 5792 1v,
1798 5719 1852 5775 8.

2134 4704 2232 4759 ὅσα
2258 4704 2511 4781 γινώσκει
2544 4704 2725 4768 αότός.

2203 4887 2325 4941 Ὅτι
2354 4883 2613 4960 κάθαρσίς
2644 4885 2777 4944 ἐστι.
2808 4888 2869 4941 Τί
2906 4887 3017 4943 ἐστι
3042 4890 3322 4966 κάθαρσις,
3352 4890 3442 4946 καὶ
3473 4895 3594 4955 πῶς
3622 4890 3788 4955 εἶςτὰ

2132 4974 2303 5043 νοητὰ
2329 4973 2529 5047 γίνεται
2559 4976 2708 5050 παρὰ
2736 4980 2832 5030 τοῦ
2863 4982 3019 5033 Θεοῦ.

2206 5062 2351 5132 Αὐτή
2386 5059 2462 5120 δὲ.
2494 5064 2569 5141 Ἦ,
2589 5066 2845 5140 κάθαρσις
2878 5063 3092 5136 δηλαδὴ
3126 5067 3163 5137 ἢ
3194 5070 3228 5138 ἡ
3266 5070 3544 5141 μετουσία.

2203 5152 2621 5228 Ἐξῃρημὲναις.
2680 5154 2755 5211 Ού
2807 5154 2909 5230 γὰρ
2963 5154 3053 5212 θ’ία
3100 5156 3211 5212 ἐστῖ
3255 5163 3363 5214 τῶν
3413 5160 3712 5236 ἀνθρώπων
3746 5164 3785 5233 ἡ

2130 5242 2409 5319 κάθαρσις,
2436 5242 2657 5309 τοιαύτη
2688 5242 2798 5297 ἐστὶ
2829 5244 2919 5299 καὶ
2953 5244 3041 5301 ἐπὶ
3072 5251 3179 5301 τῶν
3214 5247 3540 5322 ἀσωμάτων.

2201 5337 2330 5394 Ταῖς
2354 5330 2479 5406 περί
2509 5333 2701 5403 αὐτήν.
2730 5334 2860 5410 Περὶ
2884 5334 3055 5406 αὐτὴν
3076 5338 3174 5406 τήν
3205 5338 3463 5415 θεαρχίαν
3496 5337 3788 5413 δηλονότι,

2129 5423 2373 5479 τουτέστι
2406 5421 2528 5498 περὶ
2558 5423 2647 5478 τὸν
2681 5422 2832 5482 Θεόν.

2204 5510 2500 5591 Ἐκφαίνει.
2528 5512 2591 5570 Ἦ
2622 5511 2878 5590 κάθαρσις
2908 5511 3186 5584 δηλονότι.
