4158 6370
241 414 334 470 101
938 414 997 466 S.
1039 410 1314 466 MAXIMI
1354 409 1663 465 SCHOLIA
1697 409 1774 463 IN
1811 410 1945 461 LIB.
1987 411 2085 463 DE
2123 412 2448 468 C(ELESTI
2489 414 2962 469 HIERARCHIA.

3558 420 3663 475 102

304 536 429 593 Ἐπὶ
485 532 545 590 δὲ
593 538 711 590 τῶν
772 532 1055 610 δευτέρων.
1111 536 1342 588 Σκοπεῖν
1419 529 1521 600 δεῖ,
1580 529 1665 585 ὅτι
1715 525 1922 606 διαφέοη

2076 536 2141 590 In
2167 536 2421 593 secundis
2476 542 2679 593 autem.
2735 540 3118 598 Considerare
3175 547 3422 612 oportet,
3508 549 3663 618 quod

240 647 347 705 ρειν
379 623 542 701 φησὶν
575 621 639 679 οὗ
678 622 915 697 μετρίως
951 625 995 659 ⁷⁸
1024 620 1077 677 ἒν
1128 626 1208 695 τῷ
1260 618 1489 686 θεοειδεῖ
1535 626 1706 675 πᾶσαν
1763 619 1905 673 ἀσώσ-

245 736 406 791 ματον
440 711 673 787 δύναμιν
706 730 720 745 °
754 710 902 768 πολὺ
952 712 1049 785 μὲν
1098 712 1205 787 γὰρ
1256 708 1401 786 ἔχειν
1430 711 1492 765 τὸ
1518 706 1749 772 θεοειδές
1776 706 1906 769 τοὺς

242 805 498 862 ἀνωτάτω
570 803 728 872 νόας,
790 802 1071 879 ὑφειμένον
1134 798 1191 854 δὶ
1250 800 1470 866 λοιπὸν,
1527 798 1757 853 καθόσον
1815 795 1905 851 καὶ

245 900 278 966 ἡ
336 895 485 964 τάξις
555 891 778 946 ἀπαιτεῖ
852 889 981 952 τοὺς
1056 887 1290 952 λοιποὺς
1359 889 1508 957 νόας,
1574 882 1738 961 μέχρι
1796 888 1904 939 τῶν

248 985 493 1059 ἐσχάτων
534 1001 546 1016 ·
586 979 757 1037 πλέον
792 978 852 1034 δὶ
878 980 968 1034 καὶ
1019 983 1128 1034 τῶν
1180 976 1425 1052 ἐσχάτων
1480 976 1576 1039 τὰς
1635 974 1906 1051 ἡμετέρας

248 1074 428 1149 ψυχάς
458 1075 504 1109 7‘
532 1090 546 1103 ·
580 1070 695 1126 ἐπεὶ
726 1070 819 1124 καὶ
848 1069 1064 1123 πάντων
1106 1072 1214 1123 τῶν
1264 1071 1402 1121 νοῶν
1455 1065 1602 1120 πολὺ
1663 1062 1907 1119 λείπεται

249 1168 283 1234 ἠ
314 1163 438 1227 καθ’
460 1164 611 1234 ἡμᾶς
644 1160 824 1235 ψυχή.
858 1158 963 1213 Καὶ
1008 1160 1044 1227 ἡ
1094 1156 1211 1211 θεία
1258 1155 1436 1211 τοίνυν
1475 1149 1753 1228 ἕλλαμψις
1786 1174 1909 1207 συν-

250 1254 470 1328 ηγμένη
527 1270 644 1311 πως
704 1246 918 1322 μᾶλλον
984 1246 1074 1300 καὶ
1155 1243 1559 1318 συνεσταλμένη
1630 1245 1910 1318 θεωρεῖται

249 1343 387 1418 πρὸς
443 1342 547 1410 τήν
599 1341 715 1394 οἷον
775 1336 854 1399 εἰς
916 1342 1093 1409 μῆκος
1150 1334 1444 1390 ἀπόστασιν
1502 1340 1601 1403 τῆς
1659 1332 1734 1394 είς
1782 1332 1910 1387 Θεὸν

247 1431 627 1501 πλησιάσεως,
660 1428 964 1504 συνάγουσα
1021 1425 1186 1480 οἱονεὶ
1240 1424 1376 1494 αὐτή
1408 1426 1442 1493 ἡ
1478 1423 1597 1478 θεία
1638 1418 1914 1495 ἔλλαμψις

248 1522 345 1589 τὴν
381 1518 591 1574 οἰκείαν
634 1515 937 1595 φανέρωσιν
987 1515 1126 1590 πρὸς
1180 1514 1243 1569 τὸ
1300 1510 1499 1568 ἔνιαῖον
1558 1511 1648 1567 καὶ
1708 1510 1915 1566 ἁπλοῦν

251 1611 423 1679 αὐτῆς
458 1606 733 1683 ἄγνωστον
765 1624 780 1639 ’
827 1602 1104 1680 ἄγνωστος
1143 1605 1244 1680 γάρ
1294 1601 1435 1658 ἐστιν
1477 1603 1505 1658 6
1537 1602 1666 1665 Θεὸς
1714 1600 1776 1655 οὐ
1826 1598 1916 1655 διὰ

251 1697 537 1755 ποικιλίαν
571 1694 966 1771 συλλογισμῶν
1015 1693 1389 1770 ἀγνοουμένην
1421 1694 1580 1766 ἡμῖν,
1610 1690 1758 1747 ἀλλὰ
1780 1688 1917 1745 κατά

253 1786 457 1843 ένιαίαν
489 1785 613 1840 τινὰ
644 1785 782 1860 πρὸς
814 1784 884 1839 τὰ
911 1784 1031 1849 καθ’
1061 1785 1235 1859 ἡμᾶς,
1268 1782 1386 1848 καθ’
1414 1781 1469 1837 ’ἐν
1522 1780 1613 1836 καὶ
1671 1779 1914 1850 καθάπαξ

257 1874 645 1946 ἀκατάληπτον
680 1872 969 1929 ἀθανασίαν
990 1876 1058 1930 ⁸⁷⁵.

337 2054 679 2131 Ἐμπυρίως.
715 2052 1054 2126 Σημείωσαι,
1095 2049 1179 2107 ὅτι
1228 2049 1494 2127 έμπύριος
1544 2046 1755 2120 ἰδιότης
1804 2051 1911 2103 τῶν

263 2146 505 2223 σεραφίμ
561 2144 695 2214 ἔστι,
755 2142 848 2198 καὶ
921 2146 1060 2210 πῶς,
1119 2138 1352 2217 ἀγγέλου
1422 2137 1790 2213 καθαίροντος,
1850 2137 1917 2192 τὰ

269 2237 511 2314 σεραφὶμ
541 2232 755 2306 εἴρηται
781 2231 1078 2308 καθαίρειν,
1110 2229 1199 2286 καὶ
1228 2231 1335 2305 πρὸ
1364 2230 1573 2284 τούτων
1605 2228 1633 2283 6
1664 2228 1816 2314 Θεός.

333 2312 425 2381 Ἦή
454 2324 665 2400 ἱερέων.
702 2321 1020 2395 Σημείωσαι
1076 2321 1159 2375 δτι
1217 2320 1270 2374 οἱ
1317 2320 1482 2396 ἱερεῖς
1544 2312 1918 2387 ὑποϐεϐήκασι

256 2418 351 2472 τὸν
381 2415 654 2490 ἱεράρχην
697 2432 709 2444 ·
744 2411 835 2466 καὶ
865 2409 947 2465 ὅτι
1007 2407 1147 2466 ἄλλο
1178 2409 1431 2487 φωτίζειν
1481 2407 1570 2462 καὶ
1628 2404 1771 2461 ἄλλο
1821 2427 1916 2461 κα-

259 2506 471 2580 θαίρειν
504 2520 518 2535 ⁸
550 2503 638 2558 καὶ
671 2500 754 2557 ὅτι
816 2498 957 2556 ἄλλο
1013 2498 1350 2575 λειτουργὸς,
1380 2496 1469 2552 καὶ
1528 2496 1668 2552 ἄλλο
1701 2494 1874 2570 ἱερεύς
1902 2516 1914 2529 ο

261 2595 353 2649 καὶ
408 2596 522 2647 τῶν
573 2590 763 2665 ἱερέων
821 2586 1222 2662 καθαιρούντων
1268 2585 1304 2654 ἢ
1355 2585 1723 2664 φωτιζόντων,
1753 2584 1780 2638 6
1839 2584 1920 2638 ἱε-

265 2682 482 2760 ράρχης
514 2679 731 2755 λέγεται
764 2682 942 2732 ποιεῖν
974 2678 1071 2732 π’.

338 2774 623 2842 Διατηρῶν
686 2768 1003 2843 ἀτρέπτους.
1036 2768 1158 2823 Ὅτι
1213 2766 1241 2820 6
1292 2765 1421 2827 Θεὸς
1473 2764 1500 2819 6
1557 2762 1646 2819 καὶ
1706 2761 1920 2818 πάντων

268 2860 479 2935 ὁμοίως
538 2863 649 2914 τῶν
705 2861 915 2927 νοητῶν
975 2853 1314 2930 δημιουργὸς
1349 2900 1365 2925 ,
1420 2852 1579 2915 αὐτὸς
1660 2850 1750 2908 καί
1825 2853 1923 2916 τὰς

266 2951 492 3026 πρώτας
542 2945 725 3008 οὐσίας
784 2943 998 3020 συνέχεί
1057 2942 1148 2997 καὶ
1186 2939 1436 3016 διατηρεῖ
1464 2941 1599 3015 πρὸς
1663 2940 1919 3015 ἀτρεψίαν

266 3040 357 3096 καὶ
414 3032 836 3112 ἀμεταπτωσίαν
868 3053 879 3065 ·
912 3032 1211 3109 ἀτρέπτους
1266 3028 1325 3087 δὲ
1378 3035 1519 3086 νοεῖν
1581 3027 1664 3085 δεῖ
1712 3028 1921 3102 [αὐτὰς]

267 3130 385 3186 κατ’
417 3128 593 3183 έκεῖνο
649 3126 769 3180 καθ’
825 3122 856 3178 6'
911 3122 1070 3192 εῗσιν,
1116 3124 1231 3177 οἷον
1293 3121 1368 3184 εἷς
1396 3121 1480 3176 ’τὸ
1538 3118 1815 3189 ἀθάνατον,
1844 3118 1923 3181 εἷς

262 3221 367 3289 τὴν
432 3218 601 3287 ζωὴν,
642 3215 762 3278 καθ’
792 3214 852 3283 ἣν
912 3211 1205 3268 οὐσίωνται
1250 3209 1328 3273 εἷς
1374 3210 1437 3264 τὸ
1486 3210 1615 3264 εἶναι
1673 3213 1787 3285 φῶς
1822 3227 1833 3240 ·
1867 3207 1918 3263 ἐν

1945 1909 1994 1974 Β

2014 624 2173 681 dicat
2204 643 2321 682 non
2354 644 2562 697 parum
2594 628 2926 701 discrepare
2956 630 3015 685 in
3046 631 3535 693 dissimilitudine
3566 636 3663 693 in-

2015 730 2350 785 corpoream
2386 734 2621 773 omnem
2653 718 3212 787 virtutem;multum
3244 724 3540 796 siquidem
3565 725 3669 782 Dei

2017 802 2433 862 similitudinis
2464 806 2682 862 habere
2710 823 3022 879 supremas
3046 816 3511 884 mentes,parum
3531 831 3667 870 vero

2016 891 2177 949 illius
2209 895 2363 964 quod
2398 894 2716 967 reliquum,
2748 902 3042 968 quatenus
3074 901 3250 955 etiam
3302 904 3443 958 ordo
3492 921 3667 977 expo-

2017 981 2147 1048 scit,
2180 987 2415 1038 caateras
2446 988 2673 1040 mentes
2706 1002 2894 1055 usque
2925 987 2997 1041 ad
3029 990 3535 1058 extremas;multo
3557 1009 3666 1048 au-

2015 1075 2135 1126 tem
2170 1070 2367 1127 minus
2393 1072 2671 1129 extremis
2692 1078 2926 1130 nostras
2947 1076 3125 1132 etiam
3150 1078 3672 1151 animas,quando-

2019 1159 2255 1230 quidem
2289 1160 2486 1215 anima
2518 1166 2717 1217 nostra
2748 1163 2819 1219 ab
2854 1165 3135 1221 omnibus
3184 1168 3483 1224 mentibus
3516 1169 3669 1224 mul-

2019 1254 2147 1304 tum
2208 1249 2404 1304 distet.
2450 1251 2521 1305 Et
2576 1251 2775 1307 divina
2828 1252 3351 1324 igiturillustratio
3383 1259 3672 1329 quodam-

2022 1338 2196 1393 modo
2220 1342 2421 1395 coacta
2454 1340 2572 1396 imo
2613 1346 2915 1398 contracta
2940 1343 3322 1416 conspicitur,
3383 1347 3443 1402 in
3496 1346 3672 1420 longa

2020 1427 2180 1483 velut
2207 1427 2489 1484 distantia
2520 1446 2795 1486 accessus
2826 1432 2899 1487 ad
2931 1432 3139 1501 Deum,
3200 1440 3488 1508 tanquam
3548 1437 3672 1493 haec

2024 1516 2224 1572 divina
2247 1516 2563 1574 illustratio
2622 1524 2854 1592 cogeret
2902 1521 3203 1594 propriam
3236 1525 3673 1583 manifestatio-

2025 1622 2159 1661 nem
2194 1606 2253 1661 in
2287 1624 2466 1664 unam
2498 1612 2555 1664 et
2584 1608 2915 1681 simplicem
2945 1610 3039 1666 sui
3068 1610 3464 1683 ignorantiam
3488 1615 3675 1687 :igno-

2023 1700 2123 1751 tus
2146 1696 2303 1752 enim
2334 1700 2425 1752 est
2456 1699 2608 1753 Deus
2638 1715 2753 1754 non
2786 1703 3024 1771 propter
3050 1700 3395 1758 varietatem
3438 1704 3676 1759 ratioci-

2024 1785 2333 1841 nationum
2366 1786 2535 1843 nobis
2557 1786 2953 1858 ignotam,sed
2986 1791 3314 1847 secundum
3346 1808 3526 1847 unam
3575 1792 3677 1847 ali-

2027 1890 2203 1945 quam
2234 1873 2295 1929 in
2328 1875 2501 1931 nobis
2532 1875 2879 1947 simpliciter
2918 1881 2975 1934 et
3014 1879 3281 1936 absolute
3337 1880 3677 1954 incompre-

2023 1963 2375 2019 hensibilem
2408 1964 2864 2036 ignorationem.

2094 2054 2205 2107 Per
2230 2054 2431 2124 ignem.
2455 2058 2603 2109 Nota
2632 2054 2864 2126 igneam
2896 2057 3317 2129 proprietatem
3344 2075 3475 2115 esse
3525 2076 3679 2116 sera-

2024 2142 2426 2215 phinorum;et
2456 2144 2749 2214 quomodo
2803 2146 3010 2218 angelo
3042 2152 3353 2220 purgante,
3376 2147 3680 2219 seraphini

2027 2232 2300 2287 dicantur
2325 2248 2598 2304 purgare,
2630 2237 2688 2289 et
2719 2238 2852 2289 ante
2882 2234 2991 2291 hos
3024 2241 3194 2292 Deus.

2095 2322 2200 2377 Aut
2227 2321 2587 2378 sacerdotum.
2622 2323 2774 2378 Nota
2823 2324 3160 2381 sacerdotes
3187 2341 3315 2383 esse
3375 2326 3683 2384 inferiores

2027 2409 2403 2482 prmsulibus,
2434 2414 2492 2466 et
2519 2410 2679 2466 aliud
2710 2427 2839 2467 esse
2861 2412 3197 2470 illuminare
3226 2419 3285 2471 et
3315 2414 3479 2471 aliud
3539 2432 3683 2487 pur-

2028 2516 2166 2573 gare
2198 2516 2216 2568 ;
2245 2504 2422 2570 atque
2452 2499 2613 2555 aliud
2637 2516 2767 2557 esse
2799 2502 3157 2571 ministrum,
3189 2509 3247 2561 et
3288 2504 3448 2561 aliud
3483 2521 3679 2562 sacer-

2030 2590 2777 2661 dotem;sacerdotibusque
2806 2592 3199 2663 purgantibus
3240 2600 3343 2650 aut
3371 2593 3679 2651 illustran-

2028 2678 2209 2749 tibus,
2244 2678 2458 2750 praesul
2489 2678 2702 2734 dicitur
2731 2678 2940 2736 facere.

2102 2768 2436 2824 Conservam
2467 2769 2862 2825 immutabiles.
2906 2774 3088 2826 Deum
3137 2770 3404 2827 omnium
3459 2773 3679 2844 pariter

2031 2855 2492 2929 intelligibilium
2522 2860 3101 2930 creatorem,primas
3131 2876 3364 2933 quoque
3386 2863 3675 2918 essentias

2032 2945 2328 3003 continere
2348 2950 2405 3001 et
2423 2962 2767 3003 conservare
2784 2964 2855 3003 ne
2879 2948 3272 3004 immutantur
3295 2956 3351 3005 et
3372 2951 3672 3021 decidant;

2029 3034 2433 3091 immutabiles
2462 3052 2595 3092 vero
2651 3036 2977 3110 intelligere
3032 3041 3259 3109 oportet
3300 3038 3360 3093 in
3392 3038 3492 3094 illo
3523 3040 3681 3111 quod

2032 3124 2429 3182 substantiam
2449 3124 2660 3197 tangit,
2679 3125 2837 3181 velut
2868 3126 2926 3181 in
2957 3126 3421 3195 immortalitate,
3452 3129 3513 3183 in
3544 3129 3686 3197 vita,

2033 3214 2361 3270 secundum
2409 3230 2586 3285 quam
2635 3214 2955 3271 essentiam
3000 3222 3369 3289 acceperunt,
3428 3217 3488 3272 in
3529 3218 3682 3275 exsi-

268 3281 491 3368 τόύτοις
537 3281 647 3379 -γάρ
702 3281 1221 3376 καῖγάμεταόόλους
1251 3297 1557 3367 οὐσιωδῶς,
1587 3281 1696 3353 καὶ-
1735 3296 1811 3360 εἴς
1858 3298 1922 3353 τὸ

2043 3304 2241 3360 stendo
2271 3302 2499 3359 lumen:
2523 3303 2615 3359 his
2645 3304 2799 3359 enim
2832 3303 3232 3361 immutabiles
3289 3310 3429 3361 sunt
3484 3322 3687 3362 essen-

276 3398 354 3473 μὴ
435 3395 725 3469 τρέπεσθαι
810 3391 887 3456 εἷς
970 3388 1241 3469 έκφύλους
1325 3385 1635 3461 έπιθυμίας,
1693 3387 1783 3442 ἅτε
1839 3386 1930 3442 καὶ

274 3483 677 3556 αὖτεξουσίους,
737 3481 766 3536 6
810 3481 939 3543 Θεὸς
990 3480 1203 3555 συνέχει
1252 3475 1449 3540 αὒτοὺς
1512 3476 1602 3532 καὶ
1661 3474 1929 3552 διατηρεῖ.

277 3576 352 3632 Τὸ
415 3573 514 3647 μὲν
572 3571 677 3647 γὰρ
735 3570 872 3645 πρὸς
904 3565 1063 3623 αὺτὸν
1091 3569 1135 3605 ⁷⁸
1188 3564 1548 3629 ἀνατείνεσθαι
1606 3570 1705 3634 τῆς
1759 3560 1933 3618 αὐτῶν

282 3664 392 3719 έστι
454 3666 646 3736 νοερᾶς
700 3660 1067 3734 προαιρέσεως
1102 3677 1114 3691 ·
1148 3656 1210 3711 τὸ
1267 3653 1325 3710 δὲ
1381 3654 1543 3709 εἰσαεὶ
1604 3653 1727 3726 περὶ
1774 3657 1934 3708 τοῦτο

285 3750 529 3828 διαρκεῖν
583 3757 684 3820 τῆς
732 3747 1081 3823 ἀντιλήψεως
1125 3744 1237 3802 tot:
1266 3748 1363 3801 τοῦ
1394 3747 1529 3800 Θεοῦ
1564 3762 1577 3775 ⁸
1608 3741 1780 3797 πάντα
1830 3742 1934 3818 γὰρ

291 3839 465 3897 δεῖται
497 3842 639 3914 [τῆς]
670 3835 804 3895 Θεοῦ
839 3836 1118 3914 βοηθείας.

354 3933 421 3988 '0
448 3930 619 3985 ταῦτά
673 3948 740 4003 με
784 3924 1078 3982 διδάσκων.
1107 3922 1447 3997 Σημείωσαι,
1476 3923 1559 3978 ὅτι
1601 3925 1769 3978 ταῦτα
1810 3923 1937 3997 παρ’

286 4022 477 4095 ἑτέρου
507 4014 700 4092 ἔμαθεν
730 4018 759 4072 ὁ
794 4014 961 4091 μέγας
994 4014 1297 4075 Διονύσιος.

354 4111 669 4185 Ἰεράρχης.
706 4104 1047 4179 Σημείωσαι,
1086 4103 1169 4160 ὅτι
1215 4104 1351 4177 μετὰ
1380 4102 1507 4158 Θεὸν
1534 4100 1801 4177 ἡγεμόνες
1849 4100 1940 4156 καὶ

284 4202 335 4255 οἱ
368 4199 632 4255 ἀνωτάτω
664 4194 980 4269 διάκοσμοι.

353 4285 621 4351 Θεοειδῶς
651 4286 922 4359 έμυήθην.
954 4284 1017 4339 Ἦ
1046 4286 1143 4338 τοῦ
1175 4279 1409 4358 ἀγγέλου
1441 4280 1723 4353 ἠθοποιία,
1746 4280 1941 4335 ὡσανεὶ

284 4378 618 4451 ὁκαθαίρων
674 4372 902 4452 ἅγγελος
954 4373 1047 4428 τὸν
1096 4370 1342 4442 Ἡσαΐαν,
1371 4375 1540 4426 ταῦτα
1593 4371 1739 4443 αὐτῷ
1791 4365 1943 4446 ἔλεγε

280 4468 409 4545 περὶ
433 4471 544 4522 τῶν
578 4463 839 4542 σεραφίμ.

351 4544 426 4614 Ἦ
484 4555 613 4629 παρ’
669 4554 884 4610 ἑαυτοῦ.
919 4554 1035 4623 Τὴν
1095 4552 1213 4606 καθ’
1270 4544 1561 4626 ὑπέρϐασιν
1617 4553 1717 4606 τοῦ
1774 4548 1943 4625 ῥητοῦ

2039 3394 2275 3461 tialiter,
2331 3398 2388 3449 et
2444 3409 2515 3449 ne
2572 3398 2880 3448 mutentur
2926 3395 2987 3449 in
3030 3400 3257 3451 exteras
3312 3395 3688 3467 cupiditates,

2042 3488 2107 3538 ut
2135 3500 2264 3554 quae
2316 3486 2456 3537 sunt
2513 3481 2682 3537 liberi
2743 3481 2996 3550 arbitrii,
3046 3483 3201 3538 Deus
3233 3484 3495 3540 continet
3524 3484 3687 3556 ipsas

2042 3576 2100 3628 et
2121 3573 2445 3627 conservat.
2481 3570 2542 3625 In
2574 3570 2757 3641 ipsam
2786 3570 2943 3625 enim
2975 3570 3203 3642 (Deum)
3257 3572 3560 3629 intendere
3618 3574 3691 3629 ab

2043 3659 2391 3731 intelligenti
2423 3675 2627 3715 eorum
2658 3658 2905 3714 consilio
2938 3661 3176 3732 pendet,
3212 3676 3445 3732 semper
3491 3666 3688 3718 autem

2045 3749 2105 3806 in
2125 3750 2239 3806 isto
2265 3764 2638 3821 perseverare
2668 3765 2703 3803 a
2757 3747 2859 3803 Dei
2918 3750 3134 3819 pendet
3192 3749 3433 3818 auxilio,
3491 3752 3693 3807 omnia

2047 3838 2201 3896 enim
2232 3838 2335 3894 Dei
2368 3838 2587 3894 auxilio
2619 3854 2767 3909 opus
2800 3837 3039 3894 habent.

2121 3932 2228 3999 Qui
2268 3930 2492 3985 haecme
2533 3929 2774 3985 docebat.
2815 3931 2963 3984 Nota
3012 3944 3293 4001 magnum
3351 3930 3695 4003 Dionysium

2048 4019 2171 4075 haec
2194 4018 2266 4074 ab
2298 4017 2411 4073 alio
2442 4017 2740 4073 didicisse.

2117 4112 2219 4165 44
2241 4107 2566 4163 Hierareha.
2602 4106 2751 4162 Nota
2800 4110 2931 4179 post
2959 4107 3157 4175 Deum,
3218 4107 3513 4180 principes
3567 4124 3697 4164 esse

2049 4213 2362 4270 supremos
2393 4197 2652 4251 ordines.

2122 4287 2473 4357 Deiformz‘ter
2522 4284 2739 4341 edoctus
2781 4287 2912 4349 fuit.
2948 4284 3131 4341 Fictio
3186 4301 3421 4341 morum
3476 4286 3692 4357 angeli,

2049 4378 2331 4446 tanquam
2364 4372 2610 4446 angelus
2637 4373 2848 4429 Isaiam
2876 4390 3231 4447 expurgans,
3256 4373 3375 4430 haec
3397 4373 3483 4428 illi
3502 4374 3573 4430 de
3604 4390 3699 4430 se-

2052 4463 2320 4537 raphinis
2352 4463 2591 4518 diceret.

2124 4560 2233 4611 Aut
2256 4569 2356 4625 per
2374 4551 2775 4608 se.Sententim
2794 4552 2974 4624 hujus
2995 4552 3357 4609 constructio
3371 4553 3698 4609 secundum

281 4645 529 4716 σῦνταξιν
592 4643 726 4717 μετὰ
788 4641 1021 4697 πλεῖστα
1086 4637 1487 4713 ἀποδιδομένην
1550 4640 1691 4694 οὕτω
1749 4658 1922 4693 συνται

2047 4641 2580 4715 transgressionem
2614 4646 2746 4712 post
2776 4641 3035 4713 plurima
3073 4642 3420 4699 redeuntem
3471 4646 3555 4699 sic
3612 4647 3701 4698 est

281 4735 434 4792 ιτέον
472 4756 487 4769 ο
518 4737 620 4799 τῆς
677 4738 776 4802 σῆς
826 4729 868 4787 δ’
898 4730 957 4785 ἂν
1024 4728 1108 4801 εἶή
1154 4735 1343 4807 νοερᾶς
1393 4730 1724 4802 ἀπιστήμης,
1755 4728 1790 4797 ἢ
1838 4728 1938 4796 τὴν

284 4825 462 4881 αἰτίαν
520 4823 722 4892 ταύτην
783 4818 1051 4891 δέξασθαι,
1110 4818 1145 4888 ἢ
1203 4820 1330 4895 παρ’
1388 4820 1580 4874 ἑαυτοῦ
1647 4818 1843 4891 εὑρεῖν,
1903 4817 1938 4886 ἢ

284 4916 415 4993 παρ’
446 4912 633 4985 ἑτέρου
669 4911 879 4983 μαθεῖν,
912 4909 1003 4964 καὶ
1052 4908 1395 4983 ἀνακαλύψαι
1449 4906 1662 4981 μᾶλλον
1722 4908 1893 4980 έαυτῷ
1925 4926 1939 4941 ο

285 5002 435 5079 εἴπερ
470 5000 530 5057 δὲ
560 5000 675 5056 οἷόν
706 5020 765 5055 τε
794 5001 885 5055 καὶ
943 4997 1068 5072 ἰμοῖ
1120 4998 1381 5062 ὡσαύτως
1426 4996 1768 5069 ἀνακαλύψαι
1815 4997 1940 5071 περὶ

290 5092 536 5170 ἀγγέλων
570 5090 798 5167 ἐραστὴν
843 5089 1097 5161 θεωρίαν.
1131 5089 1209 5146 Τὸ
1265 5093 1495 5160 τιμῆσαι
1558 5082 1615 5141 δὲ
1671 5085 1788 5139 ἀντὶ
1842 5091 1941 5141 τοῦ

287 5189 646 5258 προτιμῆσαι.
702 5178 1072 5253 [Σημείωσαι,
1122 5176 1204 5233 ὅτι
1259 5178 1355 5238 τὰς
1413 5179 1510 5231 τοῦ
1568 5179 1705 5231 Θεοῦ
1763 5172 1939 5237 δόσεις

287 5274 637 5346 προξενοῦσιν
666 5271 802 5341 ἡμῖν
836 5268 889 5323 οὶ
920 5265 1191 5344 ἅγγελοι.]

2049 4732 2483 4789 construenda:
2517 4735 2631 4785 tuae
2661 4746 2795 4786 vero
2826 4730 3207 4803 intelligentia
3232 4732 3493 4788 scientia:
3520 4736 3697 4799 esset,

2048 4827 2152 4879 aut
2180 4837 2421 4877 causam
2454 4819 2604 4875 hanc
2638 4820 2972 4887 admittere,
3006 4823 3110 4875 aut
3141 4836 3244 4891 per
3294 4829 3347 4876 te
3408 4820 3693 4891 invenire,

2050 4915 2153 4969 aut
2184 4911 2255 4966 ab
2313 4909 2427 4964 alio
2457 4908 2705 4977 discere,
2728 4913 2785 4964 et
2814 4909 3009 4979 potius
3038 4909 3147 4964 tibi
3196 4908 3454 4965 revelare
3485 4926 3498 4964 :
3547 4908 3694 4979 quin

2049 5000 2227 5057 etiam
2260 4998 2309 5055 si
2340 4996 2468 5053 fieri
2500 4998 2686 5069 possit
2714 4996 2861 5052 mihi
2893 4996 3170 5053 similiter
3196 4998 3436 5053 charam
3468 4999 3539 5054 de
3588 5015 3692 5053 an-

2045 5090 2193 5163 gelis
2223 5086 2781 5158 contemplationem
2824 5087 3102 5142 revelare.
3158 5090 3399 5158 Τιμῆσαι
3456 5086 3699 5159 ponitur

2046 5194 2150 5251 pro
2180 5175 3024 5250 «paupriem,praeferre.[Nota
3051 5191 3188 5231 vero
3223 5175 3465 5249 angelos
3497 5175 3699 5231 divina

2049 5269 2205 5323 dona
2236 5266 2404 5323 nobis
2429 5264 2915 5335 communicare.]

1326 5455 1569 5512 VARIZE
1608 5451 2000 5511 LECTIONES
2039 5452 2127 5511 ET
2165 5450 2707 5510 CORRECTIONES

619 5603 809 5678 τρίως.
832 5604 936 5691 M7:
964 5602 1132 5677 μέχρι
1157 5605 1267 5691 τῷν
1297 5599 1565 5691 ἐσχάτων,
1598 5595 1974 5691 ὸφειρένογιδὲ
2002 5597 2131 5691 τοὺς
2161 5598 2275 5691 μετ’
2309 5593 2523 5691 αὐτοὺς,
2553 5594 2644 5680 καὶ
2674 5588 2753 5648 ἔτι
2785 5592 3070 5691 θιρειμένον
3097 5591 3224 5657 τοὺς
3269 5591 3707 5691 ὑποδεεςσέτέρουξ,

359 5608 403 5644 ’⁷³
436 5608 512 5679 μὴ
544 5608 809 5734 perpin
886 5608 933 5639 ⁷⁵
964 5608 1132 5677 μέχρι
1157 5608 1267 5657 τῶν
1297 5608 1491 5678 ἐσχάτω

294 5680 394 5781 r13
406 5684 524 5781 τετε
557 5670 1491 5781 “ﬁmi‘fi’l‘f‘iéi

297 5752 394 5811 hoc
418 5756 524 5813 loci
553 5744 915 5829 ἀν’ἆρμοστεῖ.
992 5750 1058 5785 ⁷⁵⁸
1094 5744 1387 5823 καθαίρειν.
1465 5744 1510 5784 ⁷⁸
1540 5744 1692 5802 Θεόνξ

1498 5666 1560 5749 αξ
1586 5666 1785 5749 443x44-
1860 5672 1905 5707 ⁷⁸

2047 5666 2199 5743 hyni.
2218 5666 2609 5745 ἀγνωσίαν,ἠωί
2627 5666 3273 5749 assentiendum'cemeo,
3290 5670 3419 5740 quia
3450 5666 3709 5722 ἀθανασία
