4158 6370
450 405 551 460 103

1268 411 1635 465 APPENDIX
1670 412 1769 465 AD
1807 408 2048 465 OPERA
2084 406 2143 459 Β.
2182 400 2499 457 DIONYBII
2537 399 3041 458 AREOPAGITE.

3764 408 3863 463 104

518 533 932 605 Interpretibus.
975 533 1311 604 Considera,
1341 534 1457 592 Deo
1503 535 1673 591 nobis
1706 535 1763 591 in
1797 531 2092 606 apertione

2282 524 2711 603 Προξενούντων.
2773 527 2995 596 Σκόπει,
3057 523 3167 598 ὅτε,
3220 530 3354 582 Θεοῦ
3433 526 3679 593 διδόντος
3724 532 3862 605 ἡμῖν

453 622 572 679 oris
605 623 790 679 nostri
815 623 1057 679 verbum
1088 624 1526 697 suppeditante,
1556 624 1796 697 angelos
1826 622 2088 696 pararios

452 728 647 785 agere,
679 717 835 785 palet
865 730 966 769 eos
994 730 1099 786 pro
1122 713 1315 783 nobis,
1336 718 1620 787 tanquam
1655 716 1875 786 legatos
1905 712 2089 768 inter-

452 802 676 858 cedere.

1053 892 1125 948 IN
1159 892 1313 949 CAP.
1357 893 1487 950 XIV

517 982 681 1038 Mille.
718 984 845 1036 [Iac
874 980 931 1035 in
967 982 1197 1038 Daniele
1237 982 1410 1039 dicta.

522 1072 809 1141 Inﬁrmum
820 1077 872 1127 et
884 1072 1560 1127 contractumJnﬁrmum
1584 1071 1826 1126 modum
1849 1067 2089 1136 vocavit,

449 1176 763 1216 numerum
786 1160 1116 1228 hominum,
1140 1167 1406 1234 respectu
1427 1160 1659 1217 numeri
1706 1158 2045 1232 angelorum
2075 1172 2088 1211 :

447 1250 669 1305 dictum
691 1249 982 1321 siquidem
1023 1256 1113 1307 est
1163 1252 1474 1323 aquodam
1506 1250 1641 1318 alio,
1704 1249 1929 1306 scilicet
1992 1247 2090 1303 Di-

446 1340 621 1411 dymo
637 1356 825 1395 caeco:
860 1339 1191 1412 Nonaginta
1221 1356 1426 1395 novem
1450 1356 1583 1395 oves
1630 1356 1759 1395 esse
1809 1337 2089 1411 angelos:

446 1445 626 1484 unam
659 1433 857 1484 autem
890 1445 1015 1500 quae
1050 1428 1317 1501 perierat,
1346 1445 1475 1485 esse
1507 1445 1614 1485 nos
1643 1428 1933 1485 homines.

516 1608 782 1664 Scienter.
826 1608 996 1673 Nota,
1030 1625 1166 1663 eum
1199 1609 1395 1664 dicere
1424 1608 1845 1681 angelosipsos
1906 1608 2089 1664 scien-

445 1701 555 1763 ter,
584 1714 699 1752 non
729 1697 1004 1768 discipuli
1040 1698 1224 1753 instar
1256 1698 1552 1770 opinando
1586 1714 1936 1770 cognoscere
1995 1700 2091 1754 de-

446 1787 763 1856 finitiones,
787 1786 964 1841 veluti
1023 1792 1283 1858 quantus
1314 1787 1395 1843 sit
1442 1787 1767 1843 caelestium
1798 1789 2086 1844 essentia-

446 1892 580 1931 rum
614 1892 894 1931 numerus
927 1893 959 1932 a
989 1876 1105 1932 Deo
1136 1877 1313 1932 etiam
1344 1876 1404 1931 in
1438 1876 1549 1933 isto
1578 1876 1925 1934 illustratos.

1051 2053 1123 2108 IN
1164 2052 1317 2108 CAP.
1360 2053 1484 2108 XV.

515 2142 542 2214 §
575 2144 797 2198 I.Prout
820 2142 1047 2211 angelos
1062 2141 1850 2209 decet.Sicutlinteum,sicut
1890 2143 2087 2215 carbo,

518 2233 719 2288 Sensus
754 2232 1067 2302 anagogici,
1124 2232 1221 2287 Gr.
1298 2230 1704 2305 ἀνακαθάρσεις.
1762 2232 2091 2307 Ἀνακαθάρ-

447 2342 555 2383 σεις
585 2326 753 2377 vocat
799 2321 1322 2392 interpretationes
1378 2322 1497 2376 vim
1552 2323 1878 2394 exponendi
1940 2322 2088 2381 ritus

446 2412 730 2468 habentes
762 2428 864 2482 per
886 2427 1035 2483 quas
1065 2409 1233 2481 signa
1261 2428 1391 2482 quae
1422 2411 1481 2466 in
1510 2411 1584 2468 iis
1615 2428 1742 2483 quae
1784 2413 2085 2483 dicuntur,

448 2502 706 2557 absurda
733 2500 1027 2568 videntur,
1055 2504 1472 2571 expurgantur.

517 2592 655 2647 Nam
683 2591 735 2645 si
770 2590 1020 2661 quidem.
1052 2588 1239 2660 Supra
1269 2590 1423 2645 enim
1446 2590 1691 2659 dixerat,
1753 2592 2088 2664 superiores

443 2682 692 2738 virtutes
722 2696 887 2734 sacro
918 2678 1165 2749 imperio
1198 2695 1447 2750 praeesse
1472 2681 1862 2751 sequentibus
1893 2687 1951 2739 et
1976 2699 2087 2738 me-

440 2771 568 2825 dias
599 2768 1049 2841 posterioribus,
1083 2776 1141 2826 et
1172 2788 1377 2827 earum
1405 2772 1760 2843 posteriores
1785 2772 1926 2827 viris
1950 2788 2092 2844 pon-

442 2859 727 2915 tiﬁcibus.
761 2859 887 2915 Non
914 2860 1071 2915 enim
1105 2860 1271 2928 dixit,
1306 2861 1581 2916 eumdem
1614 2861 1879 2916 ordinem
1913 2862 2093 2934 impe-

447 2965 576 3004 rare
606 2949 1014 3019 sequentibus,
1048 2949 1210 3004 etab
1263 2949 1472 3004 iisdem
1533 2949 1693 3021 regi;
1744 2966 1945 3005 verum
2008 2952 2091 3006 ita

448 3037 617 3103 dixit,
650 3037 901 3108 primum
932 3039 1193 3093 ordinem
1219 3038 1505 3110 imperare
1526 3038 1763 3109 quidem
1789 3040 2091 3112 sequenti-

455 3127 586 3192 bus,
624 3127 746 3198 regi
778 3142 910 3182 vero
942 3144 977 3183 a
1005 3128 1490 3200 praecedentibus:
1512 3129 1594 3183 sic
1621 3145 1857 3200 quoque
1887 3130 1943 3185 in
1976 3146 2092 3186 caa-

452 3216 597 3271 teris
618 3215 1085 3287 intelligendum.

2201 613 2366 691 λόγον
2400 613 2451 669 ἐν
2487 614 2687 687 ἀνοίξει
2715 620 2813 670 τοῦ
2861 615 3132 689 στόματος
3178 619 3365 690 ἡμῶν,
3397 613 3622 694 ἄγγελοι
3665 622 3861 696 προξε-

2198 708 2373 775 νοῦσι,
2407 702 2579 775 δῆλον
2616 705 2692 767 ὡς
2727 706 2858 781 ὑπὲρ
2890 707 3051 779 ἡμῶν
3083 701 3497 782 πρεσϐεύοντες.

2696 889 2811 940 ΕΙΣ
2854 888 2947 942 ΤΟ
2986 890 3225 941 ΚΕΦΔΛ
3266 887 3344 943 ΙΔ¹

2272 971 2492 1032 Χιλίας.
2526 978 2700 1029 Ταῦτα
2731 973 2783 1029 ὲν
2811 978 2889 1045 τῷ
2920 972 3127 1043 Δανιὴλ
3159 973 3397 1051 εἴρηται.

2270 1065 2377 1133 Τήν
2419 1064 2612 1133 ἀσθενῆ
2664 1064 2755 1118 καὶ
2801 1061 3256 1138 συνεσταλμένην.
3290 1066 3516 1135 Ἀσθενῆ
3566 1067 3861 1143 συμετρίαν

2200 1151 2422 1208 ἐκάλεσε
2470 1153 2561 1208 τὸν
2612 1157 2721 1208 τῶν
2771 1152 3074 1228 ἀνθρώπων
3127 1154 3356 1227 ἀριθμὸν
3410 1154 3549 1228 πρὸς
3596 1154 3690 1210 τὸν
3749 1160 3859 1210 τῶν

2200 1242 2493 1319 ἀγγέλων·
2557 1240 2767 1318 εἷ’ρηται
2853 1242 2954 1318 γὰρ
3028 1242 3119 1297 καὶ
3196 1243 3365 1318 ἑτάρῳ
3444 1244 3574 1315 τινὶ,
3629 1241 3857 1318 Διδόμῳ

2203 1327 2458 1398 δηλονότι
2486 1336 2566 1403 τῷ
2604 1329 2797 1410 τυφλῷ
2828 1350 2841 1365 θ
2873 1331 2947 1386 Τὰ
2978 1332 3071 1405 μὲν
3106 1330 3463 1403 ἐννενήκοντα
3511 1331 3663 1389 ἐννέα
3712 1334 3859 1408 πρό-

2201 1417 2335 1476 ϐατα
2393 1422 2520 1476 εἶναι
2578 1420 2707 1484 τοὺς
2765 1419 3033 1497 ἀγγέλους
3068 1440 3081 1455 ⁶
3114 1423 3175 1477 τὸ
3235 1418 3292 1477 δὶ
3338 1422 3393 1477 ’ὲν
3441 1423 3504 1477 τὸ
3556 1421 3856 1486 ἀπολωλὸς

2199 1512 2347 1583 ἡμᾶς
2374 1511 2501 1573 τοὺς
2536 1511 2875 1586 ἀνθρώπους,

2271 1600 2619 1663 Γνωστικῶς.
2691 1600 3030 1673 Σημείωσαι,
3099 1598 3184 1655 ὅτι
3266 1599 3356 1656 καὶ
3443 1599 3641 1663 αὐτοὺς
3724 1601 3855 1663 τοὺς

2199 1686 2465 1763 ἀγγέλους
2521 1687 2652 1763 φησί
2720 1694 3060 1765 γνωστικᾶκ,
3118 1688 3181 1744 οὐ
3263 1692 3598 1762 μαθητικῶς,
3655 1688 3855 1745 εἰδέναι

2195 1777 2322 1841 τοὺς
2398 1777 2682 1854 ὁρισμοὺς,
2764 1778 2932 1833 οἱονεὶ
3014 1778 3098 1847 τὸ,
3159 1778 3329 1841 πόσος
3400 1784 3508 1834 τῶν
3585 1778 3853 1855 οὐρανίων

2198 1866 2396 1921 οὐσιῶν
2432 1867 2663 1947 ὑπάρχει
2695 1868 2722 1922 6
2762 1866 3018 1942 ἀριθμὸς,
3051 1866 3112 1922 ἐκ
3158 1872 3292 1922 Θεοῦ
3337 1867 3429 1922 καὶ
3479 1872 3641 1923 τοῦτο
3688 1888 3854 1945 φωτι-

2199 1954 2441 2020 σθὲντας.

2669 2051 2781 2101 ΕΙΣ
2820 2047 2913 2101 ΤΟ
2952 2048 3218 2103 ΚΕΦΑΛ.
3262 2047 3363 2104 IE'.

2270 2140 2297 2205 §
2331 2136 2372 2191 Ι.
2404 2135 2904 2211 Ἀγγελοπρεποῦς.
2936 2136 3026 2198 Ὠς
3055 2134 3240 2203 ὀθόνη,
3280 2134 3354 2197 ὡς
3382 2135 3594 2210 ἄνθραξ.

2271 2226 2703 2298 Ἀνακαθάρσεις.
2740 2225 3155 2301 Ἀνακαθάρσεις
3198 2226 3331 2305 φησὶ
3373 2228 3471 2289 τὰς
3522 2225 3852 2301 ἰξηγήτικάς

2198 2315 2510 2389 ἑρμηνείας,
2544 2314 2614 2370 δι’
2646 2317 2718 2370 ὧν
2746 2317 3092 2391 καθαίρονται
3122 2320 3231 2371 τῶν
3258 2314 3311 2371 ἐν
3359 2321 3477 2378 τοῖς
3520 2315 3853 2391 λεγομένοις

2200 2402 2507 2461 δοκούντων
2540 2406 2756 2463 ἀτόπων
2785 2406 2854 2461 τὰ
2882 2400 3157 2479 σύμϐολα.

2270 2584 2334 2642 Εἰ
2393 2585 2486 2657 μὲν
2546 2586 2671 2661 γάρ.
2730 2588 2876 2643 "Avo:
2934 2586 3037 2661 γὰρ
3094 2584 3262 2657 εἶπεν,
3321 2583 3405 2640 ὅτι
3472 2586 3529 2639 αἱ
3585 2585 3853 2659 ἀνώτεραι

2200 2672 2455 2747 δυνάμεις
2513 2675 2831 2751 ἱεραρχοῦσι
2888 2676 2983 2737 τὰς
3046 2676 3162 2748 μετ’
3208 2674 3391 2743 αὑτὰς,
3440 2674 3531 2729 καὶ
3583 2676 3638 2729 αἱ
3692 2676 3852 2748 μέσαι

2198 2768 2293 2829 τὰς
2354 2767 2597 2841 ὑστέρας,
2631 2768 2722 2820 καὶ
2780 2767 2833 2820 αἱ
2892 2766 3106 2843 ὕστεραι
3167 2766 3343 2821 αὐτῶν
3387 2766 3515 2828 τοὺς
3550 2766 3601 2820 ἐν
3630 2766 3852 2840 ἀνηρώ-

2199 2877 2324 2917 ποις
2381 2855 2660 2933 ἱεράρχας.
2693 2852 2826 2909 Οὔτε
2882 2857 2986 2931 γὰρ
3047 2854 3216 2927 εἶπεν,
3272 2854 3353 2910 ὅτι
3412 2857 3447 2925 ἡ
3508 2854 3643 2924 αὑτὴ
3697 2854 3852 2925 τάξις

2200 2945 2291 3000 καὶ
2340 2942 2499 3021 ἄρχει
2540 2950 2619 3017 τῷ
2644 2948 2687 2981 ⁷⁷
2722 2946 2837 3017 μετ’
2870 2944 3061 3013 αὐτὴν,
3091 2945 3181 2999 καὶ
3232 2942 3459 3020 ἄρχεται
3510 2945 3599 2999 ὑπ’
3647 2943 3851 3014 αὐτῶν,

2200 3031 2327 3090 ἀλλ’
2388 3034 2561 3097 οὕνως
2616 3035 2781 3105 εἶπεν,
2842 3035 2925 3089 ὅτι
2982 3035 3017 3103 ἡ
3076 3035 3269 3109 πρώτη
3323 3033 3470 3105 τάξις
3528 3031 3687 3109 ἄρχει
3752 3034 3853 3106 μὶν

2200 3124 2368 3193 αὐτὴν
2400 3126 2492 3193 ⁷⁷⁸,
2527 3122 2750 3200 ἄρχεται
2799 3121 2855 3178 δὶ
2904 3123 3007 3179 ὑπὸ
3052 3128 3160 3178 τῶν
3211 3124 3316 3200 πρὸ
3347 3123 3513 3192 αὐτῆς
3536 3142 3548 3154 ·
3584 3122 3728 3177 οὕτω
3758 3123 3855 3177 καὶ

2206 3213 2281 3276 εἶς
2309 3214 2375 3268 τὰ
2402 3214 2526 3284 ἑξῆς
2556 3213 2807 3283 νοητέον.

523 3306 661 3361 Nam
690 3308 740 3360 si
769 3322 829 3360 in
858 3308 1031 3361 sacris
1060 3308 1198 3379 regi.
1232 3306 1349 3362 Hoc
1376 3306 1501 3361 vult
1531 3307 1742 3375 dicere,
1778 3308 1827 3364 si
1885 3310 2092 3365 dixeri-

2275 3303 2341 3359 Εἰ
2555 3278 2656 3378 γὰρ
2708 3304 3099 3378 ἱεραρχεῖσϐαι.
3154 3304 3223 3360 ’Ὁ
3280 3323 3412 3381 φησι
3467 3300 3628 3357 τοῦτό
3685 3301 3855 3373 ἐστιν,

452 3411 588 3452 mus
618 3395 837 3467 primos
857 3395 1091 3452 ordines
1122 3412 1288 3451 sacro
1316 3395 1563 3467 imperio
1598 3413 1845 3468 preesse
1872 3403 2094 3469 postre-

450 3484 587 3555 mis,
608 3484 817 3540 deinde
841 3484 1098 3540 vicissim
1124 3489 1453 3556 postremos
1484 3501 1650 3540 sacro
1670 3486 1914 3557 imperio
1946 3504 2091 3558 pra:-

449 3590 579 3629 esse
613 3572 820 3646 primis
848 3573 1179 3644 ordinibus,
1214 3591 1246 3629 a
1278 3574 1494 3645 quibus
1526 3576 1622 3631 45
1687 3575 1863 3631 etiam
1925 3592 2090 3632 sacro

448 3662 696 3734 imperio
722 3667 1026 3733 reguntur‘
1061 3663 1318 3717 absurda
1347 3667 1436 3718 est
1467 3664 1776 3718 sententia.

520 3750 677 3805 Haud
707 3751 1025 3821 incongrue.
1058 3750 1182 3806 Non
1215 3750 1537 3806 absurdum
1564 3752 1779 3823 inquit,
1804 3753 2092 3826 imagines

450 3857 578 3912 qua
609 3838 667 3893 in
697 3838 910 3894 divinis
932 3839 1231 3910 responsis
1243 3840 1551 3911 Scriptura?
1568 3841 1940 3912 reperiuntur
1958 3844 2094 3897 uni-

450 3924 634 3982 versis
664 3924 1003 3981 ccelestibus
1030 3925 1349 3981 virtutibus
1411 3926 1751 3999 attribuere,
1807 3933 2091 4002 tanquam

451 4029 658 4071 omnes
689 4013 828 4080 sint,
862 4019 927 4071 ut
957 4014 1039 4071 ita
1068 4014 1282 4081 dicam,
1316 4016 1604 4072 sublimes
1635 4021 1692 4073 et
1720 4018 2009 4076 salutares
2038 4026 2097 4076 et

451 4105 730 4168 scientes,
762 4103 874 4159 etsi
906 4120 1022 4159 non
1054 4104 1358 4175 aequaliter
1384 4124 1397 4174 ;
1419 4105 1519 4161 sed
1556 4106 1643 4161 haa
1700 4108 1939 4179 quidem
1998 4126 2093 4165 ex-

450 4191 743 4263 cellentes,
768 4192 893 4248 istaa
922 4209 1056 4249 vero
1089 4193 1360 4250 remissas.

522 4281 602 4338 Ad
622 4284 929 4339 anteriora.
961 4283 1240 4354 Superius
1268 4290 1326 4340 et
1354 4284 1644 4341 eminens.

524 4462 551 4527 §
584 4461 652 4516 II.
689 4460 1074 4532 Incipiendum
1098 4464 1152 4515 et
1180 4462 1561 4531 quaerendum.
1625 4464 1815 4539 [Nata]
1873 4483 1979 4521 cur
2034 4467 2094 4522 in

454 4549 738 4621 angelicis
773 4549 982 4621 ﬁguris
1014 4549 1265 4605 maxime
1294 4552 1430 4620 quid
1464 4553 1701 4625 igneum
1737 4557 2099 4626 probetur,et

2200 3394 2305 3461 ὅτι,
2357 3392 2401 3447 εί
2458 3394 2555 3455 τὰς
2599 3394 2819 3469 πρώτας
2867 3392 3043 3463 τάξεις
3092 3391 3351 3467 ἐλέγομεν
3410 3393 3688 3467 ὶεραρχεῖν
3743 3396 3856 3447 τῶν

2198 3479 2545 3554 τελευταίων,
2580 3484 2695 3536 εἶτα
2737 3480 2902 3536 πάλιν
2951 3481 3113 3544 αὑτὰς
3159 3482 3256 3544 τὰς
3302 3478 3615 3542 τελευταίας
3666 3481 3854 3557 ἱεραρ-

2200 3576 2318 3647 χεῖν
2377 3576 2483 3626 τῶν
2538 3572 2769 3646 πρώτων
2816 3571 3039 3643 τάξεων,
3067 3571 3156 3646 ὕφ’
3186 3572 3259 3626 ὧν
3304 3571 3395 3626 καὶ
3439 3571 3850 3647 ἱεραρχοῦνται,

2200 3658 2397 3716 ἄτοπον
2430 3666 2659 3736 πρᾶγμα
2686 3661 2775 3729 ἧν.

2270 3750 2386 3809 Οὐκ
2441 3750 2765 3812 ἀπεικότως.
2826 3748 2939 3807 Οὐκ
3009 3745 3208 3805 ἄτοπόν
3284 3770 3417 3827 φησι
3467 3747 3561 3811 τὰς
3615 3747 3667 3804 ἐν
3722 3755 3850 3811 τοῖς

2203 3838 2411 3916 λογίοις
2466 3846 2565 3909 τῆς
2619 3845 2836 3916 Γραφῆς
2897 3837 3109 3901 εῒκόνας
3165 3841 3367 3901 πάσαις
3429 3844 3549 3901 ταῖς
3622 3839 3874 3912 ἐπουρα-

2199 3930 2341 4007 νίαις
2402 3926 2661 4001 δυνάμεσι
2715 3928 3068 3999 περιτιθέναι,
3102 3929 3176 3991 ὡς
3236 3930 3431 3998 πάσας,
3476 3930 3602 4007 φέρε
3656 3930 3854 3998 εἴπεῖν,

2203 4021 2337 4074 εἶναι
2401 4016 2636 4092 ὑψηλὰς,
2667 4018 2759 4072 καὶ
2792 4018 3115 4094 σωτηρίους,
3148 4017 3238 4073 καὶ
3295 4018 3614 4093 γνωστικάς,
3660 4016 3707 4072 εἰ
3759 4017 3857 4072 καὶ

2206 4109 2281 4181 μὴ
2343 4106 2552 4181 ὁμοίως
2584 4126 2597 4139 ’
2642 4104 2789 4162 ἀλλὰ
2843 4108 2939 4171 τὰς
3018 4107 3112 4180 μὶν
3172 4106 3592 4183 ὑπερκείμένως,
3649 4107 3745 4167 τὰς
3800 4103 3861 4160 δὲ

2204 4198 2529 4276 ὑφειμένως.

2276 4286 2378 4345 Καὶ
2432 4287 2497 4342 τὸ
2552 4287 2688 4363 πρὸς
2751 4287 2814 4341 τὸ
2891 4288 3132 4348 ἄναντες.
3183 4285 3481 4360 ’Δνώτερον
3539 4284 3629 4339 καὶ
3692 4285 3859 4359 ὑπερ-

2202 4378 2483 4450 κείμενον.

2275 4470 2397 4539 §Il.
2428 4466 2679 4540 Ἀρκτὲον
2737 4467 2827 4522 καὶ
2880 4470 3163 4538 ζητητέον.
3196 4464 3535 4539 Σημείωσαι,
3571 4462 3660 4519 διά
3704 4463 3757 4519 τί
3807 4462 3861 4518 ἂν

2205 4561 2321 4620 τοῖς
2364 4553 2679 4630 ἆγγελικοῖς
2726 4555 2917 4616 τύποις
2969 4556 3044 4627 μή
3097 4552 3363 4629 ἐμπόριον
3411 4551 3650 4625 μάλιστα
3694 4570 3866 4625 παρα-

453 4654 637 4710 quare
660 4638 965 4710 Scriptura
994 4643 1061 4693 ut
1110 4638 1433 4711 plurimum
1467 4642 1623 4697 dicat
1681 4661 1773 4699 res
1831 4646 2092 4702 caelestes

2218 4640 2567 4718 λαμϐάνεται,
2597 4644 2688 4698 καὶ
2750 4641 2838 4699 διὰ
2881 4643 2933 4699 τί
2969 4644 3041 4698 τά
3086 4644 3207 4716 περί
3244 4644 3311 4697 τὰ
3354 4640 3579 4717 οὐράνια
3629 4635 3863 4714 πυρώδη

456 4742 589 4785 esse
621 4727 844 4801 igneas,
876 4732 933 4782 et
965 4727 1314 4800 seraphinos
1337 4729 1610 4786 ardentes
1641 4731 1777 4787 dici.

529 4910 862 4965 Incensores.
892 4908 1298 4980 Interpretatio
1340 4910 1599 4966 nominis
1631 4914 1947 4985 seraphim.

527 4999 723 5055 Sancti
759 4999 933 5053 enim.
965 4996 1081 5053 Cur
1110 4998 1285 5053 etiam
1315 5000 1463 5056 Deus
1483 4999 1542 5055 in
1588 5002 1718 5071 igne
1750 5010 2101 5077 conspectus

461 5086 558 5143 sit.

534 5174 769 5231 Seruili:
806 5178 955 5231 enim
988 5176 1157 5247 ignis.
1200 5178 1565 5235 Admiranda
1618 5197 1760 5236 sane
1818 5186 2103 5244 naturalis

460 5264 795 5320 dissertatio
827 5266 898 5320 de
928 5266 1087 5337 igne.
1131 5266 1331 5339 Ignem
1365 5268 1633 5324 videmus
1664 5272 1824 5326 omni
1859 5273 1938 5329 rei
1971 5292 2102 5331 con-

461 5354 814 5409 seminatum
849 5354 975 5409 sine
998 5356 1589 5427 admistione,hocest
1618 5359 1861 5417 minime
1892 5365 2101 5434 permi-

459 5449 618 5500 stum
652 5443 725 5498 iis
757 5443 815 5498 in
834 5443 1054 5516 quibus
1070 5446 1438 5504 exsistit.Per
1455 5450 1645 5505 omnia
1664 5465 1790 5507 vero
1814 5458 2098 5524 penetrat.

2212 4737 2286 4797 ὡς
2317 4734 2403 4789 ἐπὶ
2436 4732 2692 4789 πλεῖστόν
2740 4754 2902 4812 φησιν
2934 4735 2968 4802 ἡ
3004 4734 3213 4810 Γραφή.
3246 4730 3344 4788 Καὶ
3396 4729 3478 4786 ὅτι
3529 4730 3581 4784 οἱ
3624 4729 3869 4806 σεραφίμ.

2214 4822 2522 4900 ἐμπρησταί
2553 4823 2822 4899 λέγονται.

2285 4913 2637 4989 Ἐμπρηστὰς
2670 4909 2850 4975 ὄντας.
2875 4911 3169 4988 Ἐρμηνεία
3200 4909 3453 4988 σεραφίμ.

2284 5005 2351 5062 Οἱ
2408 5003 2509 5079 γὰρ
2568 5002 2726 5078 ἱεροί.
2763 5004 2861 5057 Διὰ
2914 5000 2968 5057 τί
3020 5000 3109 5056 καὶ
3161 5002 3189 5056 ὁ
3240 5002 3370 5062 Θεὸς
3420 4998 3496 5063 εἷς
3542 5002 3647 5071 πῦρ
3698 4995 3870 5053 ὶθεω-

2247 5095 2381 5165 ήθη.

2213 5114 2381 5239 ρηζέ.
2439 5183 2544 5259 γὰρ
2624 5180 2880 5251 αἰσθητὸν
2956 5183 3085 5254 πῦρ.
3159 5177 3502 5253 Φυσιολογία
3582 5177 3870 5249 θαυμαστή

2212 5271 2337 5348 περί
2370 5273 2563 5347 πυρός.
2596 5271 2673 5327 Τὸ
2713 5274 2820 5346 πῦρ
2874 5270 3088 5343 ὁρῶμεν
3145 5269 3225 5340 τῷ
3278 5266 3439 5322 παντὶ
3490 5266 3874 5340 κατεσπαρμὲ-

2211 5384 2324 5429 νον,
2356 5363 2569 5437 ἀμιγῶς
2620 5356 2698 5426 δὲ,
2730 5358 3005 5414 τουτίστιν
3061 5356 3165 5413 οὐκ
3210 5356 3617 5433 ἀναφυρόμενον
3663 5357 3781 5415 τοῖς
3815 5352 3871 5407 ἐν

2212 5453 2295 5515 οἷς
2358 5451 2616 5525 ὑπάρχει.
2678 5446 2775 5503 Διᾶ
2821 5448 3036 5503 πάντων
3095 5444 3153 5502 δὶ
3207 5450 3369 5524 φοιτᾷ
3400 5462 3415 5477 ⁸
3472 5444 3748 5501 τουτεστιν
3808 5441 3875 5500 οὗ

1477 5620 1721 5681 νΑΗῐΑζ
1759 5622 2151 5685 LECTIONES
2190 5627 2282 5686 ET
2317 5622 2862 5685 CORRECTIONES

535 5745 578 5779 ⁷⁷
609 5746 727 5805 ταῖς
762 5742 833 5779 77‘
864 5738 1021 5819 ἄρχει
1057 5744 1152 5819 μὶν
1172 5748 1292 5809 ταῖς
1327 5747 1442 5821 μετ’
1471 5748 1663 5819 αὐτήν.
