4158 6370
243 429 341 484 105

951 431 1008 484 S.
1054 425 1326 483 ΜΑΧῙΜΙ
1364 427 1663 483 SCHOLIA
1707 429 1781 482 IN
1822 429 1952 483 LIB.
1993 431 2089 485 DE
2128 432 2450 486 C(ELESTI
2488 434 2964 489 HIERARCHIA.

3566 428 3670 484 106

237 554 475 629 καθάπερ
507 554 572 609 τὸ
629 551 781 629 ὕδωρ
832 559 1082 631 προφανῆ
1115 554 1213 623 τὴν
1247 550 1382 629 πρὸς
1427 552 1523 621 τὴν
1574 558 1677 627 γῆν
1729 555 1896 608 ποιεῖς

2024 556 2083 612 Id
2115 561 2228 626 est,
2264 574 2378 613 non
2413 558 2564 614 sicut
2593 576 2750 632 aqua
2781 559 3154 615 manifestam
3183 557 3322 614 facit
3352 573 3488 614 cum
3519 560 3678 614 terra

238 666 320 700 ται
382 643 552 718 μίξιν·
614 643 762 699 οὕτω
821 643 911 699 καὶ
966 643 1028 698 τὸ
1061 647 1188 718 πῦρ,
1221 639 1561 720 καταφλέγον
1591 641 1656 696 τὸ
1687 646 1788 696 πᾶν
1820 642 1910 696 καὶ

243 734 574 791 ἀναλίσκον·
633 733 893 810 ἐξῄρηται
952 731 1040 802 δὲ,
1100 731 1265 808 ἤγουν
1332 731 1641 807 ὑπέρκειται
1700 732 1912 787 πάντων

243 826 351 879 κατ’
383 822 664 899 ἐξαίρετον
713 820 1006 898 στοιχείων
1068 818 1309 892 δηλαδὴ,
1365 821 1502 876 κατὰ
1548 822 1610 875 τὸ
1672 818 1910 895 δραστή-

244 934 370 989 ριον·
409 910 690 989 ἄγνωστον
721 909 779 966 δὲ
828 911 959 966 αὐτὸ
1011 911 1101 966 καὶ
1133 909 1360 988 κρύφιον
1411 908 1592 978 καλεῖ,
1625 910 1699 972 ὡς
1746 911 1910 986 ὕπαρ·

244 1023 340 1078 χον
389 1003 486 1075 μὶν
543 1000 597 1056 έν
650 1000 810 1062 ὕλαις
841 1000 998 1067 τισὶν,
1036 998 1096 1054 οὗ
1129 998 1452 1073 φαινόμενον
1488 995 1545 1053 δὲ
1576 996 1706 1072 δίχα
1731 1019 1910 1074 παρα-

244 1092 476 1168 τρίψεως
559 1092 594 1161 ἢ
676 1088 801 1145 ἄνευ
887 1089 1027 1158 ὕλης
1114 1086 1369 1157 δεκτικῆς
1449 1095 1549 1158 τῆς
1637 1087 1910 1163 ἐνεργείας

248 1182 435 1252 αὐτοῦ,
519 1177 871 1252 δεικνύμενον
941 1177 1032 1233 καὶ
1109 1178 1244 1233 κατὰ
1314 1182 1472 1232 τοῦτο
1532 1173 1760 1252 ἄσχετον
1817 1178 1904 1232 καὶ

243 1271 579 1345 ἀθεώρητον·
614 1267 826 1342 ὁμοίως
879 1267 969 1322 καὶ
1027 1269 1122 1329 τας
1177 1266 1376 1329 λοιπὰς
1427 1264 1523 1321 τοῦ
1555 1266 1726 1342 πυρὸς
1766 1261 1906 1320 ἰδιό-

241 1379 405 1430 τητας
451 1359 784 1433 Θεωρητέον,
816 1359 1032 1418 ἅστινας
1058 1357 1215 1418 οὗτος
1268 1358 1295 1411 ὁ
1347 1359 1534 1432 Πατὴρ
1581 1358 1696 1410 κατ’
1757 1355 1909 1410 εὐσε-

243 1444 310 1518 ϐῆ
361 1448 650 1523 ἀναγωγήν
691 1468 752 1502 τε
795 1447 886 1502 καὶ
936 1444 1146 1502 ἔννοιαν
1200 1440 1392 1501 ἔλαϐεν
1434 1445 1520 1501 ἐπὶ
1551 1449 1685 1501 Θεοῦ
1715 1467 1771 1500 τε
1818 1443 1907 1499 καὶ

243 1535 551 1613 ἆγγελικῶν
585 1534 818 1614 φύσεων.
853 1535 1175 1607 Σημείωσαι
1206 1532 1263 1590 δὲ
1294 1533 1382 1590 διὰ
1405 1533 1457 1588 τί
1490 1533 1689 1610 Κύριος
1723 1535 1749 1588 ὁ
1776 1535 1906 1596 Θεὸς

244 1627 315 1688 ὡς
347 1630 458 1702 πῦρ
490 1625 774 1702 ἰθεωρήθη
808 1624 1100 1694 πολλάκις,
1132 1625 1222 1680 καὶ
1252 1625 1389 1679 κατὰ
1415 1623 1524 1679 τί⁷⁸
1573 1627 1607 1694 ἡ
1641 1623 1910 1697 ὁμοίωσις

245 1714 342 1772 τοῦ
373 1715 549 1791 πυρὸς
574 1715 710 1790 πρὸς
739 1714 832 1769 τὸν
862 1713 1012 1770 Θεόν.

313 1892 696 1969 ’Δκράτητον,
756 1891 972 1968 ἀμιγὲς,
1034 1889 1387 1967 διακριτικόν.
1441 1888 1756 1963 Σημείωσαι
1813 1884 1906 1944 ἔκ-

241 2004 438 2063 φρασιν
496 1982 762 2053 αἰσθητοῦ
791 1982 984 2058 πυρὸς,
1016 1978 1142 2050 ἤτοι
1190 1974 1431 2034 ἔπαινον·
1478 1976 1736 2055 διακρίνει
1797 1979 1900 2055 γὰρ

237 2073 331 2129 καὶ
381 2074 479 2134 τὰς
538 2070 696 2141 ὕλας,
759 2071 872 2126 οἷον
931 2065 1207 2145 μόλυϐδον
1260 2069 1366 2123 ἀπὸ
1399 2067 1654 2144 ἀργύρου,
1685 2068 1901 2131 καὶτὰς

233 2162 539 2232 κολλήσεις
591 2158 822 2217 ’διαλύει⁸
857 2159 1232 2216 ἀναλλοίωτον
1287 2157 1364 2227 δὲ,
1426 2158 1559 2212 καθὸ
1593 2155 1900 2225 δυνατὸντθ,

237 2253 504 2327 μένοντος
548 2255 647 2306 τοῦ
693 2250 1078 2322 ὑποκειμένου,
1135 2249 1412 2303 τουτέστιν
1440 2247 1608 2317 αὐτῆς
1655 2246 1752 2313 τῆς
1813 2248 1903 2302 οὐ·

236 2340 356 2403 σίας
406 2344 506 2395 τοῦ
537 2339 728 2414 πυρὸς,
792 2333 1156 2411 μεταϐάλλειν
1208 2335 1337 2391 αὐτὸ
1393 2336 1443 2392 ἐν
1493 2342 1608 2398 τοῖς
1657 2335 1902 2405 πάθεσιν,

236 2433 353 2486 οἷον
390 2429 639 2506 γενέσθαι
692 2428 825 2482 αὐτὸ
873 2424 1214 2503 στρογγύλον
1266 2425 1301 2495 ἢ
1351 2423 1715 2497 κωνοειδὶςδο,
1767 2424 1899 2500 ὅπερ

234 2522 286 2578 ἰν
316 2527 438 2583 τοῖς
489 2517 707 2594 γηΐνοις
751 2517 891 2572 ἐστὶν
942 2516 1136 2592 εὑρεῖν,
1188 2517 1223 2586 ἢ
1266 2521 1455 2579 παθεῖν
1483 2515 1550 2569 τὰ
1576 2519 1672 2569 τοῦ
1719 2516 1900 2590 ἀέρος,

235 2611 353 2666 οἷον
385 2611 657 2686 φθαρῆναι
690 2605 780 2662 διὰ
807 2611 913 2662 τῶν
941 2603 1376 2678 ἀναθυμιάσεων,
1486 2605 1831 2680 παχυνθῆναι
1861 2605 1897 2674 ἢ

237 2701 328 2756 καὶ
361 2700 440 2762 ὡς
474 2699 535 2753 τὸ
567 2695 713 2772 ὕδωρ
750 2690 1063 2771 μεταϐολὰς
1093 2692 1364 2766 δέξασθαι.

306 2877 601 2956 Ὑφέσεως.
635 2872 910 2934 Οὐδέποτε
939 2873 1042 2950 γὰρ
1074 2877 1250 2950 χωρεῖ
1281 2870 1369 2926 ἐπὶ
1398 2872 1465 2928 τὰ
1487 2870 1656 2928 κάτω.

305 2964 735 3036 Ταυτοκίνητον.
767 2963 1038 3024 Ὡσαύτως
1067 2961 1218 3017 κινού
1229 2982 1320 3036 μεν
1329 2982 1385 3015 ον
1396 3005 1409 3018 .

304 3143 658 3223 Ἀπροσδεές.
707 3146 834 3202 ’Ότι
881 3138 1178 3218 ἀπροσδεὲς
1223 3141 1407 3215 ἑτέρου
1452 3139 1513 3194 τὸ
1539 3144 1666 3216 πῦρ,
1717 3141 1896 3194 καίτοι

231 3235 413 3293 δέεταί
457 3256 606 3298 τινος
658 3231 1019 3305 ὑποκειμένου
1069 3230 1145 3292 εἷς
1194 3229 1256 3284 τὸ
1304 3228 1609 3306 έξαφθῆναν
1655 3226 1784 3283 ἀλλ’
1831 3229 1895 3282 οὗ

227 3332 394 3382 τοῦτο
427 3324 601 3399 λέγει,
637 3321 762 3378 ἁλλ’
795 3322 876 3376 ὅτι
911 3322 972 3376 τὸ
997 3324 1104 3394 πῦρ
1133 3317 1194 3374 οὗ
1240 3318 1486 3395 μίγνυται
1536 3316 1703 3390 ἑτέρῳ
1746 3339 1890 3372 στοι-

231 3415 401 3492 χείῳ,
455 3411 582 3468 οὐδὲ
625 3418 892 3486 κιρνᾶται,
942 3410 1017 3470 ὡς
1057 3409 1119 3463 τὸ
1167 3405 1313 3479 ὕδωρ
1362 3410 1430 3480 τῇ
1587 3404 1670 3461 διὸ
1701 3407 1788 3461 καὶ
1834 3406 1884 3461 ἐν

230 3501 537 3579 στοιχείοις
572 3498 895 3574 μονοούσιον
928 3497 1057 3553 αὐτὸ
1097 3493 1228 3551 ἔνιοι
1259 3495 1608 3567 κεκλήκασιν.

298 3597 329 3664 §
358 3594 458 3649 ΙΙΙ.
492 3589 1060 3666 ’Δνθρωπομόρφους.
1095 3586 1191 3641 Διὰ
1217 3586 1270 3641 τί
1300 3586 1388 3640 καὶ
1422 3584 1886 3662 ἀνθρωπόμορφοι

233 3679 658 3737 διαπλάττονται
687 3679 738 3733 οἱ
769 3675 1015 3753 ἄγγελοι.

305 3772 405 3825 Καὶ
471 3772 535 3824 τὸ
597 3767 714 3822 κατ’
765 3766 1035 3836 aio-Onam).
1088 3764 1404 3838 Σημείωσαι
1465 3765 1568 3833 τὴν
1626 3761 1884 3839 διαφορὰν

229 3866 328 3916 τοῦ
379 3860 648 3928 αἰσθητοῦ
692 3861 802 3911 τῶν
845 3854 1061 3930 ἀλόγων
1106 3854 1258 3922 ζώων
1315 3853 1451 3928 πρὸς
1477 3853 1538 3908 τὸ
1569 3851 1884 3922 αἰσθητικὸν

229 3956 335 4005 τῶν
385 3950 650 4024 λογικῶν,
696 3948 856 4018 ἡμῶν
888 3943 1052 4018 λέγω·
1097 3943 1164 3997 τὰ
1213 3944 1306 4016 μὲν
1356 3944 1458 4018 γὰρ
1491 3941 1663 4018 ἄλογα
1691 3942 1752 3996 τὸ
1785 3949 1888 3996 πᾶν
1931 3992 1942 4006 ,

234 4037 490 4110 αἴσθησίς
540 4035 677 4105 εἱσι,
725 4032 794 4089 δι²
841 4035 908 4103 ἧς
957 4032 1046 4088 καὶ
1099 4032 1434 4086 συιίστανται
1485 4031 1688 4102 ἀνόητα
1736 4027 1882 4086 ὄντα·

227 4129 280 4186 ἒν
335 4128 396 4184 δὲ
447 4129 606 4200 ἡμῖν,
662 4123 841 4200 βραχὺ
887 4123 949 4178 τὸ
1002 4120 1334 4192 αἷσθητικόν’
1386 4120 1447 4175 οὗ
1487 4121 1591 4197 γὰρ
1623 4119 1693 4176 δι’
1724 4121 1886 4176 αὐτοῦ

228 4215 616 4289 ωνιστᾶμεθκ,
648 4211 796 4268 ἀλλὰ
826 4209 914 4266 διὰ
941 4209 1039 4266 τοῦ
1066 4214 1271 4288 νοεροῦ·
1326 4208 1443 4264 ὅθεν
1490 4209 1578 4264 καὶ
1627 4211 1759 4283 μετὰ
1800 4211 1889 4274 θά-

229 4329 386 4363 νατον
443 4299 522 4359 ἔτι
583 4301 766 4375 ἐσμὲν,
798 4302 951 4375 ψυχὴ
984 4300 1145 4375 νοιρᾶ
1187 4295 1354 4360 ὄντες.
1403 4298 1520 4353 Ἐπὶ
1555 4297 1611 4353 δὲ
1649 4304 1754 4354 τῶν
1789 4299 1885 4374 ἀγ-

226 4395 406 4472 γέλων
439 4390 569 4449 οὐδὲ
597 4393 656 4446 τὸ
713 4388 1053 4466 βραχύτατόν
1084 4387 1193 4442 ἐστι
1235 4392 1342 4442 τῶν
1384 4387 1708 4458 αἰσθήσεων,
1744 4388 1889 4444 ἀλλά

224 4488 401 4548 τύπος
435 4482 672 4558 παχῦς⁸¹
722 4481 790 4535 τὰ
833 4480 954 4542 καθ’
999 4481 1170 4550 ἡμᾶς·
1218 4475 1508 4553 ἐλάχιστον
1560 4475 1617 4532 δὲ
1651 4480 1744 4532 τὸν
1797 4477 1885 4532 ἄν-

225 4579 448 4653 θρωπον
494 4573 613 4628 κατ’
645 4567 890 4640 αἴσθησίν
924 4589 1110 4647 φησιν,
1139 4567 1247 4642 οὐχ
1267 4567 1341 4629 ὡς
1371 4571 1478 4622 τῶν
1509 4566 1694 4623 ἄλλων
1731 4569 1882 4637 ζώων

223 4666 490 4726 πλείονας
549 4662 826 4731 αἰσθήσεις
891 4659 1152 4734 ἱχόντων,
1216 4655 1361 4712 ἀλλὰ
1431 4655 1883 4734 δραστικωτέρας,

225 4757 311 4811 καὶ
385 4753 667 4828 ὀξυτέρας.
719 4747 959 4824 Αἴνιγμα
1009 4744 1066 4801 δὲ
1109 4743 1270 4801 τοῦτο
1322 4741 1586 4819 λαμϐάνει
1642 4747 1703 4800 τὸ
1759 4746 1884 4809 τοῦς

230 4843 498 4922 ἀγγέλους
539 4842 634 4914 μὲν
660 4839 963 4914 κεχρῆσθαι
1001 4837 1093 4910 μὶν
1122 4840 1240 4897 τοῖς
1269 4837 1390 4889 καθ’
1433 4837 1580 4908 ἡμᾶς
1619 4835 1885 4908 αἰσθητη-

230 4935 388 5010 ρίοις·
429 4931 717 5006 ὑπερέχειν
753 4925 810 4982 δὲ
830 4927 964 4981 κατὰ
993 4923 1136 4981 πολὺ
1166 4929 1246 4998 τῷ
1287 4924 1524 5000 περιόντι
1555 4932 1654 4994 τῆς
1699 4931 1886 5000 νοερᾶς

228 5023 535 5097 δυνάμεως*
571 5017 754 5087 ὥσπερ
784 5015 874 5072 καὶ
905 5017 1192 5089 ἄνθρωπος
1236 5019 1305 5089 τῇ
1350 5018 1448 5069 τοῦ
1493 5019 1589 5068 νοῦ
1638 5016 1884 5091 ὑπεροχῇ

221 5114 314 5168 καὶ
342 5112 425 5184 τῴ
455 5109 717 5186 λογισμῷ
739 5111 839 5175 τῆς
861 5102 1062 5181 ἀλόγου
1094 5105 1301 5183 φύσεως
1329 5109 1534 5180 κρατεῖ.

298 5293 400 5352 Τὰς
462 5288 559 5363 μὶν
620 5285 884 5344 ὀπτικάς.
945 5280 1013 5340 Τί
1072 5281 1122 5337 οἱ
1179 5280 1456 5360 ὀφθαλμοὶ
1513 5281 1619 5338 τῶν
1678 5289 1889 5354 νοητῶν

225 5379 487 5451 δηλοῦσι,
527 5375 621 5433 καὶ
669 5373 723 5429 τί
763 5372 831 5428 τὰ
884 5371 1234 5450 ὀσφραντὰδε,
1280 5371 1552 5427 τουτέστιν
1605 5375 1660 5428 αἱ
1723 5374 1885 5450 ῥῖνες·

219 5472 316 5526 καὶ
365 5469 417 5525 τί
445 5469 512 5525 τὰ
569 5468 710 5534 ὦτα,
758 5461 848 5518 καὶ
896 5460 949 5517 τί
995 5463 1031 5532 ἡ
1084 5465 1290 5536 γεῦσις,
1335 5462 1422 5517 καὶ
1450 5463 1504 5518 τί
1561 5465 1595 5532 ἡ
1631 5464 1760 5541 ἁφὴ,
1821 5468 1886 5534 ἣν

2022 646 2492 702 commistionem
2517 665 2530 704 :
2552 648 2632 704 sic
2657 647 2829 704 etiam
2861 649 3012 720 ignis
3033 647 3384 704 comburens
3403 647 3679 704 universa

2021 742 2075 790 et
2106 752 2490 808 consumens;
2525 745 2832 809 exemptus
2864 743 3057 793 autem
3091 743 3182 792 est
3212 755 3316 793 seu
3348 737 3676 810 superemi-

2021 829 2119 881 net
2149 826 2426 882 omnibus
2477 843 2580 899 per
2609 827 3040 895 excellentiam,
3072 825 3381 882 elementis
3431 826 3676 897 scilicet,

2022 913 2079 968 in
2112 914 2486 984 efﬁcacitate;
2522 919 2772 987 ignotum
2818 919 2997 972 autem
3047 922 3097 971 et
3149 917 3429 972 occultum
3479 916 3677 988 ipsum

2019 1008 2203 1072 vocat,
2240 1009 2304 1059 ut
2334 1007 2714 1061 exsistentem
2763 1006 3004 1077 quidem
3039 1007 3096 1060 in
3133 1005 3398 1060 materiis
3428 1005 3678 1076 quibus-

2021 1093 2178 1159 dam,
2207 1110 2322 1149 non
2354 1101 2730 1166 apparentem
2758 1111 2888 1151 vero
2922 1095 3050 1150 sine
3071 1095 3392 1163 attritione,
3418 1098 3520 1149 aut
3551 1095 3678 1150 sine

2020 1183 2266 1238 materia
2295 1184 2662 1240 efﬁcacitatis
2692 1187 2820 1255 ejus
2863 1185 3086 1256 capaci,
3120 1185 3382 1255 dumque
3412 1184 3678 1240 ostendi-

2018 1276 2134 1340 tur,
2169 1272 2344 1327 etiam
2376 1277 2503 1328 tum
2529 1273 2786 1328 cohiberi
2817 1279 2873 1329 et
2900 1273 3086 1327 videri
3113 1274 3333 1345 nequit.
3363 1273 3676 1344 Similique

2019 1362 2190 1416 modo
2216 1361 2469 1431 reliquas
2499 1362 2656 1435 ignis
2690 1363 3078 1435 proprietates
3100 1362 3482 1434 contemplari
3507 1379 3676 1433 opor-

2018 1455 2119 1517 tet,
2155 1467 2303 1523 quas
2335 1451 2430 1506 hic
2460 1457 2632 1507 Pater
2664 1452 2988 1507 secundum
3039 1453 3198 1523 piam
3241 1451 3456 1507 mentis
3487 1451 3681 1506 eleva-

2017 1539 2235 1595 tionem
2279 1544 2335 1594 et
2379 1540 2819 1596 meditationem
2874 1541 3199 1610 usurpabat
3249 1545 3376 1595 tum
3429 1541 3488 1595 in
3539 1544 3676 1606 Deo,

2017 1634 2145 1686 tum
2177 1630 2236 1684 in
2268 1629 2553 1702 angelicis
2604 1630 2852 1685 naturis.
2886 1635 3032 1686 Nota
3058 1647 3193 1685 vero
3227 1646 3332 1685 cur
3383 1629 3674 1686 Dominus

2017 1724 2170 1775 Deus
2198 1724 2482 1791 tanquam
2515 1719 2668 1791 ignis
2701 1720 2862 1775 visus
2892 1720 2968 1775 sit
3002 1721 3357 1790 lrequenter,
3381 1724 3439 1774 et
3465 1719 3522 1773 in
3555 1736 3674 1790 quo

2017 1809 2300 1864 consistat
2332 1808 2660 1865 similitudo
2693 1808 2844 1879 ignis
2876 1825 3011 1864 cum
3049 1809 3187 1864 Deo.

2089 1900 2278 1954 Τειρενὶ
2305 1900 2633 1970 miscerique
2661 1914 2771 1954 non
2799 1897 3322 1970 potest,secernendi
3351 1898 3460 1953 vim
3490 1897 3668 1954 habet.

2013 1987 2160 2042 Nota
2190 1987 2612 2058 expositionem
2646 1987 2880 2042 sensilis
2913 1986 3068 2058 ignis
3101 2003 3203 2041 seu
3235 1985 3471 2041 laudem
3499 2002 3512 2041 :
3541 1987 3672 2042 dis-

2013 2078 2232 2149 tinguit
2276 2078 2433 2132 enim
2486 2077 2662 2132 etiam
2719 2076 3020 2145 materias,
3053 2076 3206 2130 sicut
3253 2075 3560 2147 plumbum
3597 2076 3670 2130 ab

2014 2171 2278 2238 argento,
2311 2175 2363 2221 et
2404 2166 2940 2238 conglutinationes
2970 2165 3240 2220 dissolvit
3274 2181 3286 2220 :
3321 2164 3676 2221 commutari

2013 2261 2206 2312 autem
2242 2273 2357 2312 non
2411 2261 2620 2328 potest,
2654 2260 2944 2326 quatenus
2983 2253 3354 2327 impossibile
3403 2260 3514 2319 est,
3550 2271 3673 2310 ma-

2013 2350 2188 2401 nente
2215 2345 2502 2415 subjecto,
2526 2345 2634 2400 hoc
2662 2350 2751 2399 est
2781 2345 2985 2400 eadem
3011 2344 3166 2415 ignis
3192 2349 3424 2410 natura,
3451 2343 3670 2398 mutari

2011 2434 2207 2506 ipsum
2241 2435 2299 2488 in
2335 2434 2814 2506 proprietatibus,
2842 2434 2995 2488 sicut
3025 2450 3155 2488 eum
3191 2434 3313 2487 fieri
3347 2433 3665 2488 rotundum

2011 2528 2068 2578 et
2097 2524 2526 2589 acuminatum,
2559 2523 2713 2593 quod
2767 2523 2824 2576 in
2867 2522 3246 2578 terrestribus
3298 2522 3561 2578 invenire
3593 2522 3666 2576 li-

2011 2615 2132 2680 cet;
2167 2616 2268 2666 aut
2288 2611 2440 2667 aeris
2467 2611 2849 2684 proprietates
2874 2611 3208 2681 admittere,
3232 2611 3386 2665 sicut
3417 2627 3518 2682 per
3541 2627 3668 2666 eva-

2011 2701 2348 2773 porationes
2404 2702 2738 2771 corrumpi,
2772 2705 2872 2755 aut
2929 2699 3313 2764 condensari,
3371 2699 3458 2754 vel
3516 2700 3668 2755 sicut

2010 2807 2222 2862 aquam
2257 2789 2616 2845 mutationes
2649 2791 2969 2861 suscipere.

2080 2881 2467 2950 Dejectionem.
2505 2879 2820 2950 Nunquam
2855 2878 3013 2932 enim
3052 2877 3522 2948 inferiora'pelit.

2080 2970 2181 3025 40
2214 2969 2281 3023 Se
2311 2970 2430 3040 ipso
2459 2971 2733 3024 movetur.
2769 2968 2930 3033 Quod
2983 2983 3216 3038 semper
3255 2967 3456 3022 eodem
3490 2967 3664 3022 modo

2010 3063 2293 3114 movetur.

2080 3153 2197 3206 Non
2221 3152 2359 3217 eget.
2390 3151 2586 3220 Ignem
2616 3145 2794 3201 altero
2819 3162 2929 3201 non
2959 3145 3243 3214 indigere,
3266 3144 3376 3200 etsi
3399 3145 3660 3215 subjecto

2008 3236 2206 3310 aliquo
2240 3237 2492 3307 indigeat
2524 3239 2590 3290 ut
2618 3236 2974 3290 accendatur
2999 3251 3011 3290 :
3035 3251 3238 3290 verum
3282 3235 3390 3289 hoc
3421 3250 3535 3288 non
3569 3233 3663 3288 di-

1925 3313 1968 3374 Ο
2008 3328 2111 3394 cit;
2147 3326 2246 3381 sed
2295 3326 2490 3397 ignem
2541 3342 2658 3379 non
2711 3325 3078 3378 commisceri
3130 3322 3294 3377 alleri
3345 3321 3656 3390 elemento,

2000 3432 2189 3488 neque
2220 3415 2372 3470 sicut
2393 3431 2608 3485 aquam
2631 3418 2796 3468 terrae
2822 3412 3192 3484 permisceri;
3229 3411 3444 3466 idcirco
3473 3409 3658 3480 aliqui

1997 3509 2284 3561 vocarunt
2312 3504 2508 3575 ipsum
2543 3502 2730 3557 solum
2765 3501 2823 3555 in
2858 3519 2965 3556 suo
2997 3516 3227 3573 genere.

2067 3596 2094 3663 §
2126 3597 2222 3649 Ill.
2258 3592 2509 3648 Humana
2535 3595 2738 3664 forma.
2772 3591 2888 3646 Cur
2928 3589 3120 3664 angeli
3167 3589 3427 3645 humana
3471 3590 3658 3644 forma

1998 3684 2424 3757 perﬁngantur.

2072 3777 2137 3828 Et
2164 3789 2328 3828 sensu
2359 3771 2598 3843 quidem.
2633 3771 2778 3825 Nota
2811 3769 3201 3824 differentiam
3243 3767 3480 3824 sensilis
3511 3768 3656 3823 bru-

1997 3867 2192 3917 torum
2227 3861 2640 3929 animanlium,
2675 3867 2731 3915 et
2759 3859 2994 3914 sensilis
3037 3857 3438 3923 rationalium,
3471 3857 3656 3912 nostri

1995 3952 2270 4023 inquam;
2306 3951 2476 4005 bruta
2503 3951 2660 4004 enim
2707 3965 2950 4020 prorsus
2983 3953 3124 4003 sunt
3156 3964 3406 4014 sensus;
3439 3964 3508 4001 ex
3539 3964 3653 4018 quo

1997 4041 2171 4096 etiam
2197 4045 2491 4104 constant,
2523 4044 2722 4110 utpote
2745 4036 3039 4092 intellectu
3067 4036 3376 4104 destituta;
3404 4035 3461 4089 in
3483 4036 3652 4090 nobis

1997 4136 2192 4186 autem
2257 4128 2551 4184 modicum
2604 4131 2692 4182 est
2742 4125 2980 4193 sensile,
3020 4142 3210 4196 neque
3259 4125 3413 4180 enim
3464 4142 3530 4180 ex
3583 4141 3649 4179 eo

1998 4224 2354 4285 constamus,
2397 4219 2496 4273 sed
2551 4235 2618 4272 ex
2668 4213 3054 4286 intelligibili;
3106 4215 3236 4269 ideo
3284 4215 3456 4269 etiam
3519 4217 3652 4284 post

1999 4315 2245 4365 mortem
2281 4306 2674 4380 persistimus,
2709 4322 2841 4360 cum
2876 4306 3064 4361 simus
3097 4303 3313 4358 animal
3351 4302 3644 4358 intellectu

1997 4397 2329 4471 praeditum.
2365 4397 2427 4450 ln
2462 4395 2686 4468 angelis
2718 4398 2913 4450 autem
2949 4411 3135 4465 neque
3169 4393 3481 4447 minimum
3514 4408 3646 4447 sen-

1997 4506 2098 4544 sus
2149 4487 2456 4558 reperitur,
2505 4501 2703 4540 verum
2755 4489 2957 4539 nostra
3009 4488 3149 4538 sunt
3197 4483 3361 4538 rudis
3408 4481 3644 4538 illorum

1997 4578 2186 4648 figura
2229 4594 2241 4631 :
2288 4575 2600 4630 minimum
2655 4590 2788 4628 vero
2838 4573 2920 4627 ait
2967 4572 3266 4626 hominem
3321 4571 3648 4627 secundum

1918 4672 1964 4736 D
1997 4681 2260 4734 sensum,
2294 4681 2406 4719 non
2451 4664 2605 4735 quod
2656 4662 2772 4718 alia
2818 4662 3094 4716 animalia
3145 4660 3346 4733 plures
3397 4660 3652 4715 habeant

1998 4772 2232 4823 sensus,
2264 4754 2363 4808 sed
2403 4751 2760 4807 efﬁcaciores
2792 4759 2841 4804 el
2893 4751 3202 4804 acutiores.
3236 4748 3514 4819 Sequitur
3545 4764 3652 4800 au-

1996 4849 2114 4900 tem
2150 4845 2258 4899 hoc
2288 4843 2554 4914 aenigma,
2580 4839 2820 4912 angelos
2855 4857 2966 4894 non
3002 4839 3082 4893 uti
3118 4837 3334 4893 nostris
3365 4851 3647 4892 sensuum

1996 4933 2439 4999 instrumentis;
2488 4946 2766 5003 superare
2816 4936 3010 4985 autem
3059 4928 3379 5000 plurimum
3431 4923 3650 4979 intelli-

1997 5023 2185 5095 gentis
2206 5023 2372 5092 ecpia
2396 5020 2691 5075 facultatis
2713 5037 2724 5074 :
2746 5019 3245 5089 quemadmodum
3271 5016 3446 5070 homo
3469 5012 3648 5068 etiam

2000 5113 2215 5168 mentis
2259 5109 2601 5166 excellentia
2649 5113 2704 5164 et
2756 5107 3196 5164 ratiocinatione
3245 5101 3646 5158 irrationalem

1997 5201 2178 5258 vincit
2213 5206 2506 5256 naturam.

2077 5290 2303 5348 Videndi
2331 5292 2644 5362 facultates.
2674 5287 2964 5353 Quidnam
2999 5282 3152 5339 oculi
3186 5281 3648 5354 intelligibilium

2001 5381 2356 5455 signiﬁcent.
2383 5385 2440 5435 et
2484 5379 2624 5452 quid
2669 5375 2945 5432 facultate
2978 5372 3260 5428 odorandi
3295 5372 3559 5443 praedita,
3591 5372 3648 5426 id

2001 5475 2090 5527 est
2121 5486 2316 5538 nares,
2346 5474 2404 5524 et
2447 5468 2588 5541 quid
2636 5480 2829 5533 aures,
2862 5468 2918 5519 et
2961 5461 3102 5534 quid
3155 5466 3390 5535 gustus,
3424 5465 3480 5517 et
3509 5461 3649 5533 quid

1243 5591 1488 5647 VARl/E
1526 5593 1918 5652 LECTIONES
1956 5597 2046 5653 ET
2085 5592 2647 5654 COBRECTIONES.

288 5707 335 5742 ’⁷⁸
361 5702 448 5760 διὰ
475 5701 552 5759 τί.
631 5701 678 5737 ⁷³
916 5713 1044 5770 cum
1066 5697 1478 5770 ΡανιεΙῑψηειιιαθ⁷
1510 5698 1538 5752 ὃ
1571 5699 1635 5754 οὐ
1669 5696 1891 5755 δυνατόν

513 5910 761 5971 Pyram.
829 5903 939 5962 Ge.
986 5902 1091 5966 IV.

1952 5709 2050 5760 aut
2080 5706 2278 5759 saltem
2301 5697 2554 5785 adduci),
2583 5699 2728 5785 sicut
2757 5693 3140 5785 ἡηᾶκολουθία
3178 5697 3406 5785 exigit.
3455 5694 3501 5730 ⁸ο
3543 5712 3654 5766 γω-

210 5776 444 5840 νοειόές.
520 5777 563 5812 ⁸¹
597 5775 765 5832 Puch.
800 5767 969 5831 τὸπος
1006 5744 1498 5846 βραχὺςδὲκείνωνε
1529 5776 1772 5844 profecto
1802 5773 1896 5828 ἔκιε

2015 5777 2352 5833 νηθσθδδανὶο
2382 5744 2721 5830 addendum.
2783 5744 2842 5806 ’⁸³
2879 5767 3238 5847 ὀσφραντικά.

3338 5894 3375 5949 4
