4158 6370
443 360 465 414 1
477 359 545 413 ὺΊ

1258 366 1622 419 ΑΡΡΕΝΒΙΧ
1658 368 1757 418 AD
1795 366 2037 419 OPERA
2076 366 2135 416 S.
2176 364 2493 417 DIONYSII
2533 362 3036 416 AREOPAGITE.

3756 359 3855 417 108

438 486 650 552 tactus,
684 501 858 557 quem
903 484 1238 542 facultatem
1292 487 1570 559 tangendi
1620 492 1787 544 vocat
1816 503 1830 543 :
1864 490 1921 542 et
1950 485 2074 557 quid

2202 483 2434 553 ἀπτικήν
2488 502 2675 561 φησι⁹Δ
2711 481 2800 537 καὶ
2830 479 2885 535 τί
2922 481 2992 538 τὰ
3041 477 3320 559 βλέφαρα,
3368 477 3458 541 καὶ
3506 480 3561 533 αἱ
3614 478 3847 558 όφρύες·

440 573 753 646 palpebra,
776 573 1114 645 supercilia,
1136 580 1193 631 et
1220 576 1360 647 quid
1387 577 1592 648 pubes,
1612 581 1670 634 et
1689 576 1831 648 quid
1865 575 2090 644 dentes,

441 670 496 717 et
523 663 662 733 quid
715 663 967 733 humeri,
998 671 1056 720 et
1088 664 1348 733 brachia,
1381 682 1513 736 quae
1563 666 1734 721 ulnas
1785 668 1954 720 vocat
1988 681 2001 719 :
2035 666 2093 718 et

2200 571 2289 628 καὶ
2321 571 2372 627 τί
2401 567 2538 643 ἥϐη,
2588 570 2675 626 καὶ
2708 572 2759 626 τί
2795 571 2848 626 οἱ
2878 566 3117 639 ὀδόντες,
3168 568 3257 624 καὶ
3286 567 3339 624 τί
3372 568 3424 624 oi
3455 569 3623 643 ὦμοι,
3651 569 3742 625 καὶ
3802 572 3852 626 οἱ

2206 661 2517 738 βραχίονες,
2550 660 2640 725 οὕς
2673 659 2878 723 ὠλένας
2911 658 3063 738 φησί·
3117 660 3205 714 καὶ
3237 657 3290 713 τί
3318 658 3380 715 τὸ
3412 661 3630 724 στῆθος·
3663 661 3752 715 καὶ
3797 661 3849 715 τί

440 752 583 823 quid
626 756 851 825 pectus,
883 758 940 808 et
972 754 1112 823 quid
1165 755 1429 825 dorsum,
1461 759 1517 811 et
1547 755 1745 827 pedes,
1778 758 1835 809 et
1884 752 2074 809 levita:

2198 751 2261 804 τὸ
2290 749 2581 822 νωτον,καὶ
2614 751 2667 805 οἱ
2695 747 2881 811 πόδες·
2915 747 3007 804 καὶ
3038 748 3089 802 τί
3118 749 3179 803 τὸ
3211 747 3444 826 ἐλαφρὸν
3472 752 3579 803 τῶν
3613 754 3851 822 πτερῶν,

439 858 791 914 pennarum,
825 848 881 897 et
911 859 1039 914 quae
1070 843 1365 916 deinceps.

512 932 643 1001 Quae
672 932 836 988 odore
852 935 1265 1005 percipiuntur.
1290 933 1354 987 In
1378 933 1469 989 bis
1493 934 1564 989 de
1586 938 1797 989 natura
1827 931 2089 1003 proprie-

437 1022 579 1077 tatis
611 1038 901 1094 corporea!
944 1022 1242 1078 facultatis
1272 1022 1554 1078 odorandi
1584 1021 1843 1087 disserit,
1876 1037 2088 1076 secun-

438 1115 582 1169 dum
614 1112 1018 1169 sublimiorem
1062 1114 1348 1169 rationem
1378 1113 1681 1183 transfert,
1713 1113 1868 1167 sicut
1908 1112 2086 1168 etiam

434 1202 665 1275 reliqua
694 1202 956 1258 humana
984 1204 1268 1273 membra,
1293 1204 1366 1258 ad
1396 1201 1950 1274 contemplationem
1985 1218 2087 1257 na-

433 1292 715 1348 turalium
749 1293 807 1347 in
840 1291 1065 1364 angelis
1098 1292 1467 1348 facultatum.

507 1385 574 1438 Et
598 1383 965 1439 nutritiorum
1001 1382 1328 1438 rivulorum.
1363 1380 1638 1438 Rivulum
1686 1380 1948 1452 intellige
1992 1380 2086 1434 in-

432 1470 829 1545 superabilem
876 1471 1177 1542 sapientia:
1211 1470 1529 1540 fusionem,
1559 1470 1886 1526 secundum
1938 1469 2084 1524 illud

432 1561 749 1631 Scripturaa
775 1577 786 1613 :
812 1558 1113 1631 liﬂ‘undam
1142 1559 1206 1614 de
1242 1561 1448 1631 spiritu
1475 1575 1597 1615 meo
1626 1561 1687 1615 in
1716 1575 1932 1615 omnem
1957 1574 2085 1614 car-

428 1666 555 1707 nem
576 1650 728 1721 (t),et
746 1665 875 1720 quae
900 1653 1253 1719 sequuntur.
1275 1649 1482 1704 Divina
1503 1649 1660 1704 enim
1684 1648 1939 1721 cognitio
1961 1663 2086 1719 per-

428 1739 644 1794 transit
674 1756 704 1793 a
739 1739 850 1794 Deo
882 1754 983 1809 per
1024 1737 1426 1810 intelligibiles
1475 1738 1719 1794 virtutes
1748 1738 1818 1793 ad
1853 1736 2083 1792 divinos

430 1826 700 1884 homines
734 1828 923 1899 [juxta
952 1828 1243 1899 cujusque
1279 1826 1759 1900 proportionem].

506 1919 862 1989 Um'formem.
894 1921 1071 1971 Juxta
1099 1915 1516 1972 intellectionis
1548 1915 2005 1988 susceptionem.

500 2007 739 2062 Provida
792 2008 1016 2062 virtute.
1073 2005 1376 2071 Universa,
1427 2005 1642 2076 inquit,
1691 2003 2079 2077 intelligibilis

426 2096 611 2152 virtus
644 2095 903 2151 divinam
935 2095 995 2149 in
1025 2111 1087 2151 se
1117 2094 1327 2150 factam
1364 2094 1760 2167 cognitionem
1795 2094 2077 2165 multipli-

427 2190 540 2252 cat,
576 2185 631 2239 id
663 2188 752 2239 est
782 2186 876 2239 47
928 2182 1286 2250 manifestat,
1321 2186 1386 2238 ut
1416 2201 1450 2239 a
1481 2183 1646 2239 nobis
1693 2182 2079 2254 intelligatur,

425 2276 568 2330 dum
603 2291 670 2330 ea
701 2291 851 2347 quae,
884 2277 1199 2344 conspecta
1229 2277 1368 2329 sunt
1398 2272 1647 2345 explicat
1680 2288 1693 2327 :
1722 2272 1878 2328 sicut
1922 2271 2075 2343 apud

424 2362 723 2420 Danielem
752 2362 1035 2432 invenies,
1061 2378 1195 2417 cum
1229 2362 1472 2434 angelus
1504 2360 1592 2416 illi
1623 2360 1889 2433 exposuit
1919 2376 2078 2416 som-

426 2452 591 2508 nium
623 2453 779 2524 quod
816 2452 1061 2509 viderat.

498 2541 600 2598 Cor
622 2546 829 2598 autem.
849 2538 1386 2613 Comprehenditur
1405 2555 1437 2593 a
1460 2539 1628 2596 nobis
1651 2556 1770 2608 cor,
1792 2544 2075 2611 tanquam

425 2636 691 2687 centrum
724 2630 880 2702 quod
915 2630 1104 2703 primo
1134 2629 1313 2685 vitam
1358 2629 1637 2700 suscipit;
1671 2630 1947 2699 quoniam
1981 2644 2074 2684 se-

424 2721 687 2776 cundum
736 2720 1000 2775 divinum
1035 2719 1313 2774 Basilium
1356 2718 1614 2790 primum
1659 2724 1892 2773 creatur
1939 2734 2072 2787 cor;

424 2810 637 2866 deinde
666 2808 842 2863 veluti
890 2826 957 2864 ex
1002 2813 1198 2863 centro
1255 2808 1594 2863 universum
1642 2823 1857 2879 corpus
1905 2806 2073 2861 efﬁn-

423 2898 602 2971 gitur,
634 2898 717 2952 ita
751 2903 812 2952 ut
841 2896 1017 2951 vitam
1064 2896 1217 2951 hanc
1250 2895 1454 2967 quovis
1482 2895 1543 2951 in
1573 2912 1787 2967 corpus
1841 2900 2073 2966 proten-

422 2987 522 3042 dat
556 3002 568 3042 :
597 2986 719 3041 sive
768 2985 924 3041 enim
974 2984 1321 3056 congenitus
1354 2983 1511 3039 calor
1550 3001 1765 3056 corpus
1795 2984 2070 3055 viviﬁcet,

422 3076 545 3131 sive
575 3074 843 3147 spiritus,
878 3074 996 3129 sive
1047 3073 1312 3145 sanguis,
1346 3074 1595 3129 istorum
1644 3074 1908 3129 omnium
1942 3075 2071 3129 fons

418 3169 509 3221 est
536 3180 653 3221 cor.
686 3165 939 3236 Ideoque
968 3163 1160 3219 visum
1201 3170 1290 3217 est
1319 3163 1677 3234 quibusdam
1709 3178 1883 3217 omne
1915 3164 2068 3235 quod

2198 839 2287 893 καὶ
2318 839 2386 895 τὰ
2413 838 2556 912 ἑξῆς.

2268 929 2370 993 Τὰς
2430 927 2487 985 δὲ
2531 934 2638 985 τῶν
2700 928 3037 1006 ὀσφραντῶν.
3086 928 3171 985 Ἐν
3221 926 3439 990 τούτοις
3497 926 3850 1006 φυσιολογεῖν

2196 1038 2283 1073 ἰαι
2348 1018 2411 1074 τὸ
2482 1016 2688 1092 ἰδίωμα
2755 1020 2851 1072 τοῦ
2912 1020 3227 1089 σωματικοῦ
3286 1014 3653 1091 ὀφθαλμοῦδδ·
3716 1020 3854 1074 κατά

2196 1105 2489 1183 ἀναγωγὴν
2535 1106 2594 1162 δὶ
2646 1111 2816 1162 ταῦτα
2870 1100 3229 1181 μεταϐάλλει,
3281 1104 3463 1182 ὥσπερ
3507 1107 3595 1161 καὶ
3648 1107 3713 1161 τά
3741 1110 3849 1164 τῶν

2198 1193 2410 1251 λοιπῶν
2467 1196 2821 1273 ἀνθρωπίτων
2854 1195 3061 1270 μελῶν,
3092 1194 3168 1258 εἷς
3211 1194 3435 1273 θεωρίαν
3497 1199 3607 1252 τῶν
3654 1194 3704 1251 ἐν
3747 1196 3849 1272 ἀγ-

2194 1284 2379 1362 γέλοις
2410 1292 2648 1364 φυσικῶν
2680 1283 2982 1359 δυνάμεων.

2267 1377 2363 1431 Καὶ
2442 1375 2728 1454 τροφίμων
2778 1375 3011 1452 ὀχετῶν.
3060 1374 3284 1450 Ὀχετὸν
3346 1374 3543 1446 νόησον
3590 1376 3691 1445 τήν
3749 1384 3850 1447 τῆς

2196 1468 2390 1544 σοφίας
2422 1460 2830 1540 ἀνυπέρϐλητον
2862 1464 3047 1541 χύσιν,
3087 1465 3227 1521 κατὰ
3261 1465 3324 1519 τὸ
3367 1462 3680 1539 εἰρημένον.
3724 1467 3849 1521 Ἐκ-

2195 1561 2311 1631 χεῶ
2342 1556 2445 1610 άπὸ
2487 1560 2584 1611 τοῦ
2623 1554 2931 1629 πνεύματός
2958 1576 3065 1629 μου
3097 1553 3184 1609 ἐπὶ
3214 1558 3385 1610 πᾶσαν
3420 1554 3609 1627 σάρκα,
3658 1554 3752 1611 καὶ
3783 1555 3849 1611 τὰ

2194 1645 2335 1718 ἑξῆς.
2370 1640 2641 1699 Διαϐαινει
2689 1645 2792 1720 γὰρ
2840 1646 2875 1714 ἡ
2928 1643 3043 1699 θεία
3088 1649 3289 1719 γνῶσις
3318 1644 3422 1699 ἀπὸ
3460 1648 3557 1699 τοῦ
3589 1648 3722 1700 Θεοῦ
3756 1642 3847 1699 διὰ

2189 1738 2296 1789 τῶν
2330 1738 2540 1805 νοητῶν
2572 1731 2851 1806 δυνάμεων
2881 1732 2967 1789 ἰπὶ
2989 1732 3117 1798 τοὺς
3139 1731 3313 1797 θείους
3336 1733 3656 1809 ἀνθρώπους
3686 1734 3848 1806 [κατὰ

2192 1826 2290 1894 τὴν
2324 1823 2547 1879 ἑκάστου
2578 1821 2915 1897 ἀναΛογίαν].

2258 1910 2526 1983 Ἑνοειδῆ.
2559 1912 2702 1967 Κατὰ
2731 1911 3050 1985 παράληψιν
3079 1912 3346 1983 νοήσεως.

2261 2005 2603 2078 Προνοητικῇ
2650 1997 2892 2074 δυνάμει.
2942 2004 3114 2069 Πᾶσα,
3166 1999 3321 2075 φησὶ,
3371 2002 3567 2071 νοητὴ,
3611 1998 3845 2074 δύναμις

2186 2093 2284 2161 τήν
2314 2093 2607 2167 γινομένην
2641 2090 2716 2153 εἰς
2745 2089 2911 2159 αὐτὴν
2946 2089 3088 2153 θείαν
3119 2093 3317 2165 γνῶσιν
3349 2088 3640 2161 πληθύνει,
3680 2112 3846 2146 τουτο

2188 2180 2300 2245 έςτι
2354 2181 2631 2259 σαφηνίζει
2681 2180 2815 2253 πρὸς
2844 2180 2907 2234 τὸ
2936 2180 3195 2250 νοηθῆναι
3242 2179 3327 2256 ὑφ’
3374 2182 3559 2253 ἡμῶν,
3606 2177 3847 2254 διερμη-

2185 2270 2413 2326 νεύουσα
2457 2270 2525 2324 τὰ
2576 2268 2855 2343 ὁραθέντα,
2908 2268 2981 2329 ὡς
3030 2268 3176 2344 παρὰ
3221 2266 3300 2340 τῷ
3332 2267 3537 2338 Δανιὴλ
3570 2268 3845 2343 εὑρήσεις,

2187 2361 2279 2415 ὅτε
2325 2357 2719 2433 διηρμήνευσεν
2764 2357 2913 2429 αὐτῷ
2958 2358 2985 2412 ὁ
3037 2355 3264 2433 ἄγγελος
3314 2358 3376 2412 τὸ
3416 2356 3657 2412 ἐνύπνιον
3706 2356 3842 2434 ὅπερ

2188 2446 2294 2505 εἶδε
2308 2451 2373 2505 ⁸³.

2256 2540 2373 2607 Τὴν
2424 2535 2469 2593 δ’
2515 2535 2580 2591 αὗ
2635 2533 2882 2612 καρδίαν.
2934 2533 3383 2611 Περιείληπται⁸⁶
3429 2537 3557 2612 παρ’
3605 2539 3741 2611 ἡμῖν
3795 2540 3831 2607 ἡ

2185 2626 2398 2703 καρδία,
2455 2630 2570 2682 οἷον
2617 2626 2836 2702 κέντρον
2879 2625 3113 2700 πρώτως
3159 2626 3260 2695 τὴν
3312 2627 3457 2695 ζωὴν
3492 2623 3840 2701 δεδεγμένον,

2185 2714 2375 2787 ἔπειδή
2429 2717 2563 2771 κατὰ
2598 2715 2688 2770 τὸν
2734 2717 2877 2770 θεῖον
2928 2713 3215 2773 Βασίλειον
3266 2716 3459 2790 πρώτη
3513 2716 3747 2785 κτίζεται
3801 2720 3837 2786 ἡ

2182 2805 2394 2883 καρδία·
2431 2808 2544 2861 εἶτα
2573 2806 2649 2869 ὡς
2672 2806 2778 2861 ἀπὸ
2804 2805 3026 2880 κέντρου
3056 2810 3157 2859 πᾶν
3190 2805 3254 2860 τὸ
3299 2809 3461 2879 σῶμα
3513 2804 3724 2861 πλαστο
3738 2826 3837 2880 υρ-

2181 2902 2376 2973 γεῖται,
2426 2894 2564 2951 ὥστε
2610 2900 2893 2970 πανταχοῦ
2934 2893 3133 2965 ταύτην
3178 2896 3279 2964 τὴν
3345 2896 3489 2964 ζωὴν
3550 2892 3836 2950 διατείνειν

2183 2986 2258 3048 εἷς
2290 2987 2352 3041 τὸ
2403 2987 2578 3059 σῶμα·
2615 2983 2721 3041 sifts
2755 2986 2855 3061 γὰρ
2887 2986 2920 3053 ἡ
2949 2983 3232 3062 σύμφυτος
3263 2984 3533 3059 θερμότης
3568 2989 3839 3053 ζωοποιεῖ

2179 3076 2243 3131 τὸ
2283 3080 2442 3149 σῶμα
2465 3094 2477 3106 ·
2531 3071 2639 3130 εἷίτε
2680 3074 2742 3130 τὸ
2770 3077 3000 3146 πνεῦμα,
3046 3070 3155 3128 εἷ’τε
3178 3073 3241 3128 τὸ
3274 3074 3430 3145 αἷμα,
3463 3074 3676 3129 πάντων
3709 3075 3841 3130 τού-

2180 3170 2287 3220 τῶν
2344 3166 2495 3239 πηγή
2551 3167 2585 3234 ἡ
2635 3161 2866 3237 καρδία,
2918 3164 3011 3217 Διὸ
3075 3163 3165 3217 καί
3226 3183 3363 3217 τισιν
3428 3159 3575 3234 ἔδοξε
3620 3168 3724 3217 πᾶν
3773 3166 3839 3219 τὸ

417 3256 600 3309 vitam
629 3255 892 3309 conferre
923 3252 1075 3307 valet
1106 3251 1279 3306 simul
1305 3256 1357 3306 et
1381 3250 1556 3307 veluti
1583 3250 1690 3307 hoc
1722 3250 1845 3307 loco
1879 3251 2069 3322 primo

2197 3254 2408 3323 ζωτικὸν
2480 3252 2675 3328 ἀθρόον
2720 3251 2809 3306 καὶ
2862 3255 2979 3308 οἷον
3028 3251 3251 3316 ἐνταῦθα
3307 3252 3540 3326 πρώτως
3598 3249 3840 3323 μάλιστα

420 3343 679 3399 maxime
722 3341 996 3407 stabiliri,
1028 3342 1138 3397 etsi
1169 3341 1227 3396 in
1259 3341 1419 3396 omni
1471 3340 1732 3412 corporis
1763 3340 1888 3396 loco
1919 3340 2070 3396 exei-

419 3437 554 3498 stat,
578 3447 769 3503 neque
798 3431 923 3487 loco
955 3432 1305 3497 detineatur,
1334 3445 1523 3502 neque
1549 3429 1674 3485 loco
1708 3429 2073 3485 circumscri-

419 3522 616 3591 batur,
665 3536 853 3592 neque
887 3538 920 3575 a
950 3536 1191 3592 corpore
1243 3519 1631 3575 contineatur.
1663 3519 1758 3575 Sic
1806 3520 1982 3590 igitur
2012 3520 2070 3574 in

421 3609 822 3665 invisibilibus
854 3608 1032 3663 etiam
1083 3607 1411 3672 ordinibus,
1444 3607 1562 3662 sive
1608 3607 1667 3662 in
1716 3624 1925 3679 genere
1952 3608 2072 3665 sive

422 3700 483 3755 in
507 3700 700 3772 specie
722 3698 1111 3754 ministrando
1134 3696 1594 3769 providentibus,
1609 3702 1891 3769 tanquam
1913 3700 2069 3755 enim

422 3790 482 3844 in
516 3788 732 3853 medio,
758 3792 814 3842 et
835 3787 1029 3842 cordis
1060 3787 1204 3857 loco,
1230 3790 1288 3840 et
1311 3786 1487 3840 veluti
1522 3790 1788 3841 centrum
1820 3788 2072 3843 fontanas

420 3880 551 3934 vitae
583 3877 857 3934 collocari
902 3877 1082 3948 ipsas,
1108 3875 1601 3931 considerandum
1642 3882 1757 3943 est;
1791 3877 1903 3932 etsi
1935 3894 2073 3933 con-

418 3968 595 4023 tineri
630 3970 944 4039 nequeant,
977 3980 1168 4037 neque
1198 3962 1325 4019 loco
1356 3965 1937 4033 circumscribantur,
1970 3971 2072 4022 aut

417 4057 798 4130 corporaliter
826 4060 990 4129 parte
1016 4070 1218 4110 eorum
1242 4070 1368 4125 quas
1394 4058 1761 4122 conservant,
1785 4054 2070 4113 divinitus

416 4151 654 4220 accepto
688 4144 1083 4219 prospiciendi
1117 4148 1425 4216 praecepto.

484 4239 551 4293 Et
580 4252 707 4309 qua
734 4240 975 4291 tueatur.
1002 4233 1361 4289 Sententiam
1396 4232 1509 4288 isto
1540 4247 1825 4304 compone
1856 4234 2066 4289 modo:

412 4328 547 4394 Quae
578 4324 808 4381 vitalem
835 4323 1317 4379 distributionem
1348 4325 1612 4390 tueatur;
1639 4321 1851 4377 deinde
1875 4339 1888 4377 :
1912 4321 2070 4380 velut

412 4413 472 4469 in
507 4414 771 4485 subjecto
804 4414 997 4468 corde.

481 4504 718 4573 Propter
744 4501 886 4573 quod
927 4502 1096 4556 etiam
1136 4503 1423 4572 pennatos.
1457 4498 1572 4554 Cur
1603 4498 1780 4569 pedes
1829 4498 2066 4570 angelo-

2182 3341 2449 3414 ἱδρῦσθαι,
2500 3341 2676 3398 καίτοι
2734 3339 3015 3416 πανταχοῖ)
3068 3344 3165 3395 τοῦ
3218 3341 3471 3413 σώματος
3515 3340 3597 3413 ὃν,
3646 3343 3734 3395 καὶ
3770 3342 3835 3398 οὐ

2177 3433 2544 3507 κατεχόμενον
2596 3432 2776 3502 τόπῳ,
2825 3426 2949 3485 οὔτε
2990 3428 3497 3505 περιγεγραμμένον
3550 3428 3603 3483 ἐν
3652 3428 3835 3503 τόπῳ,

2182 3518 2304 3575 οὔτε
2334 3520 2701 3595 συνεχόμενον
2754 3519 2856 3574 ὑπὸ
2905 3522 3001 3572 τοῦ
3053 3519 3331 3591 σώματος.
3364 3517 3535 3579 Οὕτος
3596 3516 3688 3572 οὖν
3735 3520 3833 3575 καὶ

2181 3608 2265 3664 ἐπὶ
2298 3614 2406 3664 τῶν
2438 3609 2681 3684 ἀορᾶτῶν
2726 3608 2948 3677 τᾶξεων,
2995 3604 3095 3661 εἴτι
3142 3606 3193 3661 ὲν
3244 3612 3322 3679 τῷ
3360 3607 3546 3679 παντὶ,
3579 3605 3684 3662 εἴτε
3712 3609 3835 3663 κατ’

2181 3695 2321 3760 εἶδος
2355 3696 2677 3760 διακονικῶς
2707 3701 3079 3772 προνοουσῶν·
3133 3696 3297 3752 οἱονεὶ
3331 3697 3434 3771 γὰρ
3467 3695 3517 3751 ἐν
3554 3695 3702 3769 μέσῳ
3745 3697 3839 3751 καὶ

2179 3785 2405 3861 καρδίας
2435 3788 2590 3859 τόπῳ
2615 3788 2840 3857 νοητέον
2872 3785 3057 3853 αὐτὰς,
3092 3786 3178 3841 καὶ
3212 3787 3283 3847 ὡς
3323 3786 3540 3859 κέντρον
3594 3784 3837 3860 πηγαίας

2184 3880 2327 3945 ζωῆς
2359 3874 2624 3951 ἱδρῦσθαι·
2656 3874 2834 3931 καίτοι
2864 3876 3114 3950 ἀκρατεῖς
3145 3872 3327 3941 οὔσας,
3356 3875 3447 3929 καὶ
3500 3874 3560 3929 οὐ
3610 3894 3841 3949 περιγε-

2179 3965 2494 4040 γραμμένας
2540 3965 2717 4038 τόπῳ,
2761 3966 2795 4035 ἢ
2850 3964 2999 4039 μέρει
3044 3968 3397 4037 σωματικῶς,
3431 3964 3503 4018 ὧν
3539 3964 3836 4037 συνέχουσι

2179 4060 2430 4131 προνοεῖν
2466 4055 2644 4119 θεόθεν
2666 4055 2970 4130 ταχθεῖσαι.

2252 4232 2351 4287 Καὶ
2400 4232 2464 4288 τὸ
2508 4232 2896 4311 φρουρητικόν.
2944 4231 3019 4286 Τὸ
3070 4229 3232 4308 ῥητὸν
3285 4229 3456 4292 οὕτως
3498 4230 3705 4295 σύνθες·
3758 4232 3833 4286 Τὸ

2180 4324 2544 4399 φρουρητικὸν
2588 4329 2688 4391 τῆς
2741 4325 3013 4391 ζωοποιοῦ
3076 4317 3402 4382 διαδόσεως·
3457 4321 3566 4375 εἶτα
3618 4320 3691 4382 ὡς
3740 4318 3834 4376 ἐπὶ

2176 4418 2275 4481 τῆς
2298 4411 2663 4485 ὑποκειμένης
2711 4407 2958 4485 καρδίας.

2249 4501 2344 4555 Διὸ
2372 4500 2462 4556 καὶ
2512 4498 2868 4571 ὑποπτέρους.
2924 4499 3021 4553 Διὰ
3065 4498 3117 4552 τί
3166 4498 3535 4575 ἐπτερωμένοι
3568 4498 3620 4553 o’t
3664 4495 3834 4561 πόδες

412 4607 544 4647 rum
593 4590 857 4664 pennati,
892 4595 956 4645 ut
986 4590 1261 4645 ostendat
1291 4586 1630 4644 tacultatem
1675 4604 1778 4659 per
1833 4604 1895 4644 se
1945 4604 2067 4644 mo-

2197 4595 2281 4644 εῶν
2338 4586 2608 4666 ἀγγέλων,
2653 4585 2745 4643 ’ίνα
2794 4586 2938 4662 δείξῃ
2987 4589 3049 4643 τὸ
3096 4586 3451 4659 αὐτοκίνητον
3481 4588 3655 4643 καὶτὸ
3689 4588 3830 4662 πρὸς

405 4680 600 4747 vendi,
635 4685 691 4735 et
722 4679 834 4735 vim
868 4679 927 4734 in
961 4680 1144 4734 Deum
1184 4678 1552 4745 intendendi,
1581 4682 1637 4733 et
1666 4676 1893 4733 nullam
1924 4694 2058 4733 cum

405 4771 657 4827 terrenis
689 4768 1186 4837 communionem,
1221 4776 1508 4839 quantum
1546 4765 1606 4821 in
1639 4783 1701 4822 se
1734 4766 1896 4823 nullo
1929 4784 2058 4839 per-

404 4860 631 4916 turbari
663 4859 893 4928 affectu,
927 4858 1166 4929 quando
1206 4857 1380 4913 etiam
1411 4857 1471 4912 in
1507 4861 1663 4912 terra
1691 4855 1884 4929 angeli
1917 4873 2057 4912 con-

406 4950 588 5022 specti
622 4954 781 5005 sunt.

474 5039 708 5095 Marum
737 5039 948 5093 levitas.
984 5036 1273 5104 Quidnam
1307 5035 1463 5091 leves
1494 5051 1719 5106 pennae.

477 5133 540 5184 Et
567 5144 790 5199 purum.
828 5127 908 5183 Ab
940 5130 1315 5182 externorum
1353 5125 1700 5196 adjectione,
1732 5124 1912 5180 veluti
1945 5125 2057 5180 ali-

404 5222 759 5283 mentorum,
791 5221 847 5273 et
875 5214 1393 5283 vestimentorum;
1429 5214 1650 5285 quibus
1682 5219 1885 5271 nostra
1914 5231 2054 5270 con-

404 5310 733 5365 servantur.

474 5438 537 5511 (t)
566 5434 712 5494 Joel.
747 5453 812 5504 ιι,
842 5436 933 5490 28.

2168 4680 2231 4734 τὸ
2262 4684 2412 4735 Θεῖον
2441 4679 2780 4745 ἀνατατικὸν,
2812 4678 2900 4732 καὶ
2926 4678 3062 4750 πρὸς
3092 4678 3159 4731 τὰ
3188 4676 3399 4752 ἐπίγεια
3430 4677 3829 4747 ἀκοινώνητον,

2171 4770 2293 4823 ὅσον
2331 4770 2407 4841 μὴ
2434 4768 2494 4822 τὸ
2525 4768 2759 4840 ἐμπαθὲς
2793 4764 2844 4821 ἐν
2878 4765 3065 4832 αὐτοῖς
3092 4765 3250 4838 εἶναι,
3282 4765 3398 4822 imi
3445 4760 3701 4843 ὤφθησαν
3734 4765 3831 4820 καὶ

2171 4856 2259 4912 ἐπὶ
2290 4864 2392 4932 γῆς
2422 4854 2665 4933 ἄγγελοι.

2238 5039 2454 5110 Πτερῶν
2488 5033 2737 5113 ἐλαφρία.
2770 5032 2830 5087 Τί
2860 5032 3072 5110 ἐλαφρὰ
3102 5035 3373 5109 πτερωτά.

2238 5124 2334 5179 Καὶ
2382 5129 2697 5197 καθαρεῦον.
2757 5129 2863 5192 Τῆς
2916 5127 3024 5178 τῶν
3086 5124 3236 5186 ἐκτὸς
3298 5124 3634 5198 προσθήκης,
3695 5125 3827 5177 οἷον

2163 5218 2379 5293 τροφῶν
2429 5213 2518 5269 καὶ
2567 5212 2805 5291 ἀμφίων,
2865 5215 2946 5274 οἷς
3001 5213 3069 5268 τὰ
3116 5214 3233 5276 καθ’
3289 5214 3438 5286 ἡμᾶς
3500 5218 3827 5288 συγκρατεῖ-

2161 5324 2272 5362 ται.

1406 5532 1648 5588 VARUE
1687 5531 2082 5590 LECTIONES
2118 5532 2211 5590 ET
2249 5530 2806 5590 CORRECTIONES.

471 5636 518 5670 ⁸³
548 5631 925 5709 ὄσφραντικοῦ,
960 5632 1107 5709 nihil
1135 5632 1600 5709 enim_commune
1627 5633 1800 5688 oculis
1827 5649 1954 5689 cum
1982 5631 2234 5709 odoratu.

2340 5632 2413 5669 ει·
2443 5629 2747 5704 Ἦρμήν-ευε
2768 5626 2836 5681 τὰ
2860 5627 2979 5682 καθ’
3010 5624 3176 5683 ὕπνον
3206 5626 3464 5701 ὁραθέντα
3511 5626 3649 5683 κατὰ
3690 5627 3825 5693 τοὺς

402 5704 601 5769 ὕπνους
625 5699 662 5761 ’δ’
686 5699 937 5781 ἄγγελος.
972 5703 1444 5777 lnterpretabatur
1470 5719 1534 5759 ea
1564 5720 1683 5775 quae
1700 5720 1804 5776 per
1834 5721 2074 5763 somnum

2197 5706 2352 5763 terat.
2429 5704 2475 5740 "
2506 5699 2895 5777 προείληπται.
