4158 6370
284 406 380 461 109
990 410 1047 463 S'
1089 409 1361 463 MAXIMI
1400 407 1708 462 SCHOLIA
1745 406 1817 458 IN
1860 402 1990 455 LIB.
2033 401 2128 454 DE
2166 402 2485 457 C(ELESTI
2526 402 3001 461 HIERARCHIA.

3601 398 3702 455 110

348 525 770 594 Πολυποίκιλος
833 531 1014 609 σοφία.
1067 532 1139 587 ἸΙΔ
1185 528 1582 594 πολυποίκιλος
1640 528 1800 608 σοφία
1845 531 1941 585 τοῦ

2127 526 2480 599 Multi/armis
2528 531 2829 601 sapientia.
2863 529 3033 585 Varia
3086 526 3376 601 sapientia
3431 525 3551 585 Dei.
3584 525 3717 585 Haec

287 621 433 674 Θεοῦ.
463 623 641 675 Τοῦτο
674 621 740 675 τὸ
773 620 938 698 ῥητὸν
992 620 1353 677 ἀποστολικόν
1406 622 1517 677 ἐστι
1559 640 1569 656 ·
1610 620 1698 675 καὶ
1756 618 1844 675 διὰ
1894 617 1945 672 τί

286 706 690 763 πολυποίκιλον
757 710 932 779 αὐτὴν
990 712 1137 766 εἶπεν
1170 712 1198 765 6
1242 716 1387 775 θεῖος
1443 711 1624 786 ἀνήρ;
1664 709 1841 765 καίτοι
1883 710 1945 763 τὸ

286 796 537 869 ποικίλον
621 796 713 853 ἐπὶ
783 798 1089 876 κακούργου
1148 797 1448 876 δεχόμεθα,
1503 800 1691 863 ἄλλως
1747 821 1806 855 τε
1855 798 1943 853 καὶ

288 884 510 949 ἐνταῦθα
568 886 596 939 6
658 885 826 961 μέγας
904 886 1183 951 Διονύσιος
1265 888 1445 957 ἁπλῆν
1520 890 1608 944 καὶ
1678 887 1945 943 πολυποί-

286 974 443 1029 κιλον
501 974 674 1044 αὐτὴν
737 979 857 1032 εἷπε
891 996 903 1008 ·
969 974 1119 1032 δοκεῖ
1200 975 1257 1034 δὲ
1327 979 1394 1033 τὰ
1440 980 1484 1015 ⁸⁵
1542 976 1637 1033 δύο
1692 976 1944 1033 ἐναντίαθ

287 1062 523 1139 λέγομεν
558 1063 678 1133 οὖν,
715 1065 798 1120 δτι
829 1066 892 1120 τὸ
923 1065 1076 1135 ἁπλῆ
1108 1067 1269 1141 σοφία
1316 1064 1405 1123 διὰ
1453 1072 1614 1123 τοῦτο
1660 1071 1830 1135 εἶπεν,
1857 1064 1948 1121 ⁹ίνα

287 1151 515 1228 δηλώσῃ
545 1155 608 1208 τὸ
658 1154 940 1209 ἀσύνθετον
982 1161 1080 1211 τοῦ
1137 1162 1292 1227 Θεοῦ,
1326 1159 1414 1213 καὶ
1446 1160 1507 1212 τὸ
1556 1154 1831 1231 μηδεμιᾶς
1862 1153 1946 1209 δι-

284 1241 467 1312 πλόης
500 1241 852 1317 ὲπιδεόμενον
890 1267 902 1279 ·
936 1242 1060 1300 οὔτε
1108 1246 1211 1322 γὰρ
1262 1246 1320 1301 ἐκ
1373 1249 1659 1320 μαθήσεως
1706 1248 1870 1322 σοφὸς
1920 1247 1947 1300 6

293 1332 444 1402 Θεὸς,
462 1330 589 1388 ἀλλ’
621 1334 956 1410 αὐτόχρημα
986 1335 1148 1413 σοφία
1177 1334 1308 1392 ἐστί,
1327 1337 1405 1393 Τὸ
1438 1334 1495 1391 δὲ
1525 1335 1945 1413 φολυποίκιλον,

286 1418 428 1477 διότι
457 1421 533 1484 εἰς
561 1421 751 1480 πολλά
800 1423 1051 1499 γνώσεως
1102 1422 1218 1497 εἴδη
1276 1430 1673 1498 μετατυποῦται
1707 1423 1795 1481 διὰ
1848 1427 1947 1493 τὴν

312 1516 422 1565 τῶν
503 1509 942 1585 ἑλλαμπομένων
1021 1514 1331 1578 ἀσθένειαν·
1368 1513 1652 1591 ἀρχιερεὺς
1702 1516 1803 1590 γάρ
1862 1513 1950 1569 ἐστ

292 1600 464 1675 μέγας
534 1600 875 1678 συμπάσχων
951 1606 1068 1663 ταῖς
1144 1604 1304 1675 ἡμῶν
1366 1602 1684 1664 ἀσθενείαις.
1743 1604 1809 1659 Ἠ
1860 1598 1948 1657 καὶ

286 1687 463 1749 οὕτως
498 1708 512 1721 ·
547 1688 725 1759 Ἃπλῆ
765 1690 858 1762 μὶν
894 1690 1107 1765 λιγεται
1140 1691 1304 1766 σοφία
1350 1697 1483 1747 Θεοῦ
1513 1692 1650 1767 πρὸς
1676 1698 1776 1761 τῆς
1808 1692 1951 1748 οἱκο-

283 1777 507 1851 νομίας,
568 1779 651 1833 δτι
708 1779 881 1834 πάντα
939 1779 1014 1844 ὠς
1070 1781 1200 1843 Θεὸς
1254 1779 1683 1857 ἐδημιούργησε,
1740 1768 1830 1849 καὶ
1892 1781 1943 1835 ἐν

283 1874 400 1928 τοῖς
433 1868 559 1922 τότε
613 1866 844 1932 δικαίοις
889 1869 987 1936 τήν
1041 1867 1180 1923 ἰδίαν
1233 1869 1689 1943 ἀπερικαλύπτως
1747 1867 1950 1925 ίπιδει-
1981 1899 2029 1965 Β

284 1956 563 2033 κνύμενος
596 1954 848 2030 δύναμιν,
881 1956 955 2019 ὠς
1005 1958 1091 2012 ἐπὶ
1144 1962 1384 2021 Μωσὲως
1432 1960 1523 2014 καὶ
1552 1955 1828 2033 ’Λϐραᾶμ,
1863 1981 1952 2039 καὶ

285 2049 394 2099 τῶν
426 2045 573 2116 ἑξῆς
610 2044 698 2101 ὅτε
732 2043 787 2102 δὲ
811 2056 874 2102 τὸ
905 2053 1004 2115 τῆς
1038 2046 1355 2120 οἰκονομίας
1399 2050 1698 2123 μυστήριον
1744 2070 1955 2125 κατειρ-

285 2136 509 2209 γάζετο,
562 2137 596 2204 ἡ
656 2135 1062 2198 πολυποίκιλος
1122 2136 1345 2198 εἶ’κότως
1405 2137 1661 2208 κληθείη.
1708 2140 1951 2215 ’Ἄνθρω-

283 2244 387 2286 πος
420 2225 522 2301 γὰρ
554 2225 874 2300 γενόμενος,
911 2226 1000 2281 καὶ
1062 2226 1164 2281 ὑπὸ
1208 2226 1381 2299 νόμον
1431 2227 1804 2303 χρηματίσας,
1839 2230 1947 2302 [καὶ

283 2314 525 2388 παθὼν,]
574 2314 665 2368 καὶ
723 2313 774 2369 ἐν
834 2320 1041 2389 νεκροῖς
1102 2316 1357 2392 εὑρεθεὶς,
1392 2316 1534 2370 οὕτω
1587 2313 1674 2371 διὰ
1731 2318 1949 2392 σαρκὸς,

285 2403 381 2479 καὶ
442 2408 546 2472 τῆς
599 2402 826 2474 ἐνούσης
887 2404 1024 2478 αὐτῇ
1072 2404 1364 2473 ἀσθενείας,
1400 2401 1724 2479 ἐθριάμϐευε
1780 2406 1954 2461 πάντα

288 2478 517 2568 ἐχθρὸν,
548 2492 638 2549 καὶ
672 2493 762 2547 τὸ]
798 2487 931 2563 ᾅδην
970 2493 1202 2565 ἐνίκησε,
1236 2499 1351 2555 τοῖς
1384 2478 1493 2549 ἐκεῖ
1522 2478 1951 2570 φρουρουμένοις

286 2580 577 2634 ἀνάστασιν
632 2578 1026 2654 δωρησάμενος
1061 2601 1074 2614 '
1107 2582 1269 2637 τοῦτό
1322 2581 1432 2638 ἐστι
1479 2584 1540 2637 τὸ
1570 2583 1821 2638 ποικίλον
1848 2590 1950 2652 τῆς

301 2669 472 2724 αὐτοῦ
505 2669 718 2748 σοφίας,
753 2671 835 2724 ὅτι
883 2666 952 2724 δι’
984 2671 1255 2735 ἀσθενείας
1311 2673 1649 2748 περιεγίνετο
1712 2677 1819 2727 τῶν
1864 2671 1952 2727 δο-

286 2759 536 2815 κούντων
570 2760 835 2835 ἰσχυρῶν.

361 2939 641 2995 Καθόλου.
676 2938 777 2995 Καὶ
837 2937 905 3013 ἰν
948 2944 1027 3010 τῷ
1086 2940 1211 3014 Περὶ
1273 2938 1427 2997 θείων
1477 2939 1760 3014 ὀνομάτων
1800 2939 1950 3018 λόγῳ

283 3025 574 3105 κεφαλαίῳ
621 3025 663 3082 δ’
692 3025 944 3093 πλατέως
1006 3027 1329 3107 ἒσαφηνίσθη
1389 3030 1440 3084 τί
1497 3032 1692 3101 νοητὸν
1751 3031 1840 3085 καὶ
1896 3029 1948 3086 τί

285 3117 477 3191 νοερόν
509 3136 523 3150 ⁶
552 3115 644 3171 νῦν
697 3114 754 3172 Si
799 3118 959 3180 αὐτὸς
993 3119 1020 3174 6
1058 3119 1224 3192 μέγας
1285 3118 1564 3183 Διονύσιος
1616 3120 1899 3196 σαφηνίζει
1934 3140 1945 3153 ·

285 3205 487 3277 νοητὸν
548 3207 643 3279 μὲν
701 3207 801 3282 γὰρ
852 3206 1025 3263 ἐκεῖνο
1056 3207 1312 3283 τυγχάνει
1353 3209 1414 3263 τὸ
1469 3209 1783 3283 νοούμενον,
1817 3208 1949 3283 ὅπερ

2057 617 2346 697 sententia
2391 624 2480 673 est
2523 620 2925 692 Apostoli(t");
2968 624 3022 675 et
3054 636 3232 691 quare
3280 618 3444 674 illam
3494 615 3718 672 variam

2056 694 2369 779 appellavit
2398 709 2484 763 vir
2532 709 2805 764 divinus?
2858 708 2968 765 etsi
3012 710 3233 764 varium
3286 726 3389 780 pro
3442 709 3708 766 maleﬁco

2059 812 2441 869 usurpemus,
2473 802 2667 855 tomen
2701 800 2870 855 aliter
2910 799 3017 853 hoc
3049 798 3175 853 loco
3210 814 3464 871 magnus
3499 800 3721 871 Diony-

2057 885 2182 965 sius
2202 888 2466 942 eamdem
2489 887 3212 959 sapientiam,simplicem
3237 891 3292 942 et
3318 886 3715 942 multivariam

2058 974 2204 1028 dixit
2249 992 2261 1031 :
2305 976 2578 1031 videntur
2610 995 2779 1049 porro
2812 978 2927 1033 duo
2962 976 3289 1047 contraria;
3324 976 3578 1031 dicimus
3610 976 3721 1051 ita-

2059 1078 2192 1134 que,
2217 1080 2351 1118 eum
2384 1065 2515 1121 ideo
2539 1067 2865 1138 simplicem
2895 1066 3243 1137 sapientiam
3274 1065 3515 1134 dixisse,
3538 1063 3718 1120 utde-

2058 1151 2303 1207 clararet
2323 1154 2425 1209 Dei
2447 1155 2914 1227 simplicitatem,
2940 1160 2996 1211 et
3023 1157 3093 1210 ab
3125 1155 3287 1210 omni
3320 1154 3718 1226 duplicatione

2058 1240 2524 1312 immunitatem;
2560 1262 2750 1316 neque
2780 1245 2932 1300 enim
2969 1245 3123 1299 Deus
3151 1244 3432 1299 discendo
3453 1243 3714 1316 sapiens,

2059 1331 2160 1385 sed
2195 1335 2283 1385 est
2317 1349 2523 1405 reapse
2554 1334 2875 1405 Sapientia.
2901 1334 3297 1389 Multivariam
3333 1339 3551 1399 autem,
3580 1332 3721 1404 quia

2060 1419 2119 1473 in
2153 1420 2368 1476 multas
2399 1422 2755 1494 cognitionis
2800 1424 3022 1494 species
3077 1429 3313 1497 propter
3343 1423 3442 1479 48
3483 1439 3710 1489 eorum,

2060 1509 2160 1579 qui
2192 1509 2565 1567 illusnrantur
2609 1513 3013 1568 infirmitatem
3056 1516 3541 1581 transformatur;
3578 1528 3711 1567 nam

2060 1603 2149 1652 est
2180 1615 2431 1671 magnus
2463 1602 2723 1671 pontifex
2749 1603 2968 1657 nostris
3001 1603 3366 1673 compatiens
3400 1601 3711 1658 infirmita-

2060 1686 2218 1741 tibus
2243 1687 2344 1758 (u).
2368 1688 2469 1743 Vel
2502 1690 2676 1744 etiam
2708 1690 2820 1745 isto
2844 1692 3013 1745 modo
3043 1707 3056 1745 :
3081 1690 3340 1762 Simplex
3363 1690 3601 1761 quidem
3630 1692 3716 1745 di-

2062 1774 2213 1847 citur
2238 1776 2338 1833 Dei
2370 1779 2659 1851 sapientia
2688 1784 2822 1835 ante
2855 1780 3353 1850 dispensationem
3389 1780 3467 1852 (id
3502 1780 3589 1834 est
3620 1779 3711 1835 in-

2060 1867 2479 1939 carnationem)
2502 1885 2514 1922 :
2536 1869 2736 1925 omnia
2756 1874 2910 1925 enim
2937 1876 3001 1925 ut
3021 1871 3173 1926 Deus
3197 1869 3350 1935 fecit,
3375 1874 3429 1923 et
3452 1868 3507 1922 in
3533 1869 3709 1940 iustis

2065 1952 2238 2011 istius
2270 1958 2551 2028 temporis
2595 1964 2791 2031 aperte
2837 1960 3129 2032 propriam
3180 1958 3495 2014 ostendens
3528 1959 3711 2013 virtu-

2063 2046 2201 2111 tem,
2227 2045 2391 2100 velut
2424 2046 2477 2100 in
2513 2048 2669 2103 Mose
2699 2052 2755 2102 et
2784 2049 3076 2104 Abraham
3108 2053 3164 2103 et
3193 2047 3443 2114 caeteris;
3478 2046 3710 2117 quando

2064 2138 2259 2188 autem
2293 2136 2750 2208 dispensationis
2794 2139 3139 2211 mysterium
3184 2138 3555 2210 operabatur,
3590 2153 3712 2191 me-

2062 2222 2174 2278 rito
2203 2225 2531 2282 multivaria
2560 2228 2835 2300 sapientia
2867 2236 3104 2282 vocatus
3138 2227 3327 2282 fuerit.
3358 2226 3502 2281 Nam
3535 2226 3711 2280 homo

2063 2314 2272 2381 factus,
2305 2321 2363 2371 et
2410 2316 2523 2389 legi
2572 2317 2876 2388 subjectus
2916 2318 2995 2389 [et
3044 2315 3302 2389 passus,]
3335 2322 3507 2388 atque
3557 2316 3713 2371 inter

2063 2410 2328 2460 mortuos
2358 2406 2649 2473 inventus,
2686 2406 2769 2462 sic
2802 2423 2905 2479 per
2952 2423 3185 2461 carnem
3229 2410 3285 2460 et
3333 2405 3711 2458 inhaerentem

2062 2492 2171 2547 sibi
2227 2493 2655 2560 infirmitatem,
2688 2496 2759 2549 de
2790 2493 2949 2550 omni
3000 2494 3168 2550 hoste
3219 2492 3623 2564 triumphavit,
3657 2497 3715 2546 et

2059 2582 2357 2641 infernum
2401 2583 2560 2651 vicit,
2591 2582 2664 2637 iis
2699 2583 2796 2654 qui
2846 2583 2965 2637 illic
3012 2583 3464 2638 asservabantur
3514 2598 3709 2637 resur-

2062 2672 2376 2729 rectionem
2410 2672 2653 2740 largitus
2690 2688 2702 2727 :
2738 2673 2857 2728 haec
2899 2677 2988 2728 est
3030 2674 3158 2741 ejus
3189 2671 3487 2742 sapientiae
3518 2670 3711 2726 varie-

2060 2766 2173 2827 tas,
2207 2778 2274 2816 eo
2308 2763 2462 2834 quod
2497 2778 2600 2833 per
2635 2761 3033 2815 infirmitatem
3067 2777 3185 2830 eos,
3216 2759 3313 2832 qui
3344 2760 3520 2815 fortes
3550 2759 3710 2814 vide-

2061 2851 2279 2907 bantur
2308 2850 2687 2920 superaverit.
3448 2852 3451 2855 ’

2134 2942 2387 2997 Omnino.
2422 2940 2481 2994 In
2516 2939 2665 2995 libro
2696 2940 2872 2995 etiam
2919 2944 2996 2995 De
3028 2940 3241 2994 divinis
3268 2938 3588 2995 nominibus
3620 2955 3714 2993 ca-

2062 3030 2177 3101 pite
2208 3037 2437 3100 quarto,
2468 3028 2738 3100 pluribus
2791 3028 3147 3100 explicatum
3190 3032 3280 3084 est
3309 3045 3341 3083 a
3372 3028 3541 3083 nobis
3574 3028 3716 3099 quid

2062 3120 2139 3174 sit
2185 3119 2537 3189 intelligzbile
2587 3123 2644 3173 et
2693 3120 2830 3188 quid
2886 3118 3203 3185 intelligens
3247 3135 3265 3172 :
3312 3134 3467 3173 nunc
3514 3124 3711 3172 autem

2062 3209 2188 3281 ipse
2221 3224 2473 3279 magnus
2505 3208 2816 3280 Dionysius
2854 3208 3091 3277 exponit
3116 3224 3127 3261 :
3152 3206 3506 3276 intelligibile
3536 3205 3715 3276 siqui-

288 3294 521 3358 εἷκὸτως
552 3276 671 3355 *καὶ
714 3276 1023 3370 ελλάμπειν
1080 3276 1304 3371 τέ’-φῶς
1351 3296 1567 3372 λέγεται
1600 3276 1614 3330 ί
1646 3276 1831 3374 νοερθν
1894 3276 1950 3353 δὲ

2072 3276 2196 3353 dem
2231 3276 2379 3352 illud
2408 3301 2498 3352 est
2528 3276 2683 3367 quod
2732 3276 3103 3367 intelligitur,
3127 3296 3281 3366 quod
3332 3292 3716 3364 probabiliter

291 3383 426 3438 αὐτὸ
466 3384 530 3437 τὸ
578 3388 736 3439 νοοῦν
789 3385 1034 3461 ὑπάρχον
1066 3384 1514 3459 ἐλλαμπόμενον,
1547 3386 1635 3455 καὶ
1669 3386 1952 3460 συντόμως

294 3473 488 3541 εἰπεῖν,
518 3472 575 3526 αἱ
604 3468 1027 3544 ὑπερϐεϐηκυῖαι
1087 3474 1264 3528 οὐσίαι
1325 3475 1623 3544 νοηταὶ,αἱ
1682 3472 1739 3529 δὶ
1798 3476 1953 3551 ὑφει-

297 3562 455 3633 μὲναι
486 3562 691 3637 νοεραὶ,
722 3562 812 3615 καὶ
848 3557 1154 3633 ὑποϐέϐηκε
1198 3564 1259 3617 τὸ
1308 3568 1462 3617 νοοῦν
1521 3566 1583 3619 τὸ
1632 3564 1951 3637 νοούμενον.

298 3652 538 3719 Νοητῶς
571 3650 667 3723 μὲν
703 3648 990 3724 ἐλλάμπον
1024 3654 1060 3722 ἡ
1093 3650 1204 3707 θεία
1231 3651 1408 3730 φύσις·
1440 3657 1639 3728 νοερῶς
1670 3652 1725 3708 δὲ
1757 3652 1955 3728 ἐλλαμ·

294 3739 541 3811 πόμενον
573 3741 608 3809 ἠ
641 3738 930 3815 ἆγγελική.

362 4009 695 4083 Ἱερατικήν.
755 4007 1073 4080 Σημείωσαι
1118 4009 1169 4064 τί
1216 4009 1277 4063 τὸ
1327 4009 1594 4085 ἱερατικὸν
1646 4007 1851 4084 ἔνδυμα
1900 4008 1953 4065 ἰν

293 4096 564 4166 Ἰεζεκιὴλ
594 4096 685 4151 καὶ
719 4105 820 4151 Δαν
832 4096 924 4167 ιήλ
937 4141 948 4152 .

367 4188 690 4263 Συναγωγὸν
726 4187 899 4243 αὑτῶν
947 4183 1075 4259 ἕξιν.
1110 4186 1351 4261 Εἴπομεν
1385 4188 1664 4262 ἀνωτέρω,
1706 4189 1759 4244 τί
1811 4188 1953 4244 ἐστιν

290 4272 400 4347 ἵξις
459 4275 549 4330 ἐπὶ
604 4275 929 4348 ἀσωμάτων.
987 4277 1084 4330 Καὶ
1156 4276 1429 4352 ἀνάγνωθι
1490 4276 1541 4330 ἐν
1594 4282 1672 4350 τῷ
1734 4273 1957 4351 ἑϐδόμῳ

292 4364 580 4443 κεφαλαίῳ
621 4385 634 4397 ·
690 4365 753 4419 τὸ
811 4366 1147 4440 συνηγμένον
1207 4363 1265 4420 δὶ
1322 4367 1409 4419 καὶ
1470 4364 1791 4422 ἀσκὲδαστον
1850 4372 1956 4421 τῶν

294 4457 541 4524 νοήσεων
575 4472 587 4484 ·
626 4450 715 4508 διὰ
750 4453 960 4508 τούτων
995 4452 1163 4524 δηλοῖ
1194 4455 1220 4508 6
1254 4455 1442 4528 Πατὴρ
1494 4455 1618 4528 περὶ
1674 4456 1768 4517 τὰς
1814 4456 1957 4519 θείας

292 4542 625 4616 ἐλλάμψεις,
656 4544 744 4596 καὶ
794 4544 896 4610 τὴν
946 4542 1146 4597 οἰκείαν
1211 4542 1263 4597 ἐν
1322 4546 1388 4616 τῇ
1438 4548 1535 4597 τοῦ
1568 4544 1766 4619 ἀγαθοῦ
1826 4549 1961 4600 Θεοῦ

296 4636 441 4707 μονῇ
471 4631 784 4704 ταύτότητα
814 4631 1243 4704 συνειλουμένην
1287 4629 1376 4687 διὰ
1404 4632 1630 4694 παντός.

363 4720 678 4793 Ἀνομοίων
692 4765 704 4777 .
736 4717 966 4775 Ὑλικῶν
1002 4717 1283 4792 δηλονότι.

363 4811 490 4880 §V.
527 4810 890 4883 Γεωμετρικά.
927 4811 1056 4880 Περὶ
1108 4813 1313 4864 σκευῶν
1365 4816 1753 4885 γεωμετρικῶν
1800 4813 1844 4848 ⁸⁸
1895 4810 1947 4865 ἐν

292 4898 561 4968 Ἱεζεκιήλ
587 4898 678 4954 καὶ
710 4899 973 4974 Ζαχαρία.

363 4989 871 5062 Ἐπανορθωτικήν.
904 4989 994 5050 Ὠς
1024 4989 1086 5043 τὸ
1117 4987 1269 5060 ξίφος
1300 4987 1352 5042 ἐν
1388 4984 1695 5051 Βασιλείαις
1731 5008 1743 5022 °
1772 4989 1861 5044 καὶ
1891 4990 1953 5044 τὸ

297 5076 560 5152 δρίπανον
595 5075 650 5132 ἐν
681 5077 924 5155 Ζαχαρία
954 5082 1035 5148 τῷ
1061 5080 1347 5155 προφήτῃ.

366 5169 519 5237 §VI.
570 5168 860 5238 Ἀνέμους.
919 5169 1030 5223 Τοῦ
1095 5166 1352 5239 κειμένου
1426 5167 1572 5239 παρὰ
1650 5171 1730 5238 τῷ
1788 5162 1955 5221 Δαϐἶδ

298 5255 448 5327 οἶμαι
481 5255 643 5311 αὐτὸν
680 5254 1061 5327 μνημονεύειν,
1092 5256 1153 5313 Ὁ
1197 5259 1507 5330 περιπατῶν
1543 5254 1627 5309 ἐπὶ
1676 5256 1957 5331 πτερύγων

298 5342 532 5416 ἀνεμων,
568 5341 702 5407 ἴσως
731 5346 831 5413 τὴν
861 5342 1132 5418 ἀνάληψιν
1164 5348 1260 5399 τοῦ
1321 5348 1556 5418 Χριστοῦ
1604 5341 1909 5415 δηλοῦντος
1944 5363 1957 5377 ⁸

2065 3388 2241 3442 etiam
2293 3386 2493 3440 lumen
2543 3385 2841 3440 illustrare
2890 3386 3109 3439 dicitur
3150 3400 3162 3438 :
3212 3384 3531 3451 intelligens
3580 3400 3715 3438 vero

2065 3476 2214 3545 quod
2248 3474 2439 3546 ipsum
2474 3474 2811 3545 intelligens
2852 3474 3212 3527 illustratum
3248 3473 3509 3539 exsistit;
3541 3477 3717 3542 atque

2067 3570 2129 3619 ut
2162 3562 2538 3635 paucioribus
2578 3562 2903 3628 absolvam,
2936 3560 3269 3632 superiores
3299 3561 3534 3616 ordines
3574 3568 3715 3616 sunt

2066 3652 2496 3724 intelligibiles,
2546 3651 2851 3707 inferiores
2902 3666 3034 3706 vero
3083 3650 3501 3723 intelligentes,
3554 3652 3710 3722 quod

2064 3741 2428 3813 intelligitur,
2480 3740 2722 3811 subjicit
2773 3740 2940 3810 illud,
2972 3740 3125 3811 quod
3174 3739 3472 3813 intelligit.
3507 3740 3713 3796 Divina

2066 3837 2277 3887 natura
2317 3830 2615 3887 intellecta
2658 3830 2942 3899 illustrat;
2979 3828 3241 3901 angelica
3270 3834 3469 3885 autem
3503 3830 3714 3886 natura
3782 3823 3788 3827 ’

2066 3921 2420 3993 intelligens,
2454 3919 2803 3975 illustratur.

2136 4010 2567 4067 Sacerdotale-m.
2609 4009 2757 4064 Nota
2805 4008 2941 4080 quid
2989 4008 3169 4063 vestis
3220 4007 3600 4064 sacerdotalis
3650 4008 3710 4062 in

2067 4099 2363 4156 Ezechiele
2393 4103 2450 4155 et
2480 4098 2736 4153 Danielc.

2140 4194 2350 4245 Eorum
2377 4188 2629 4243 habitum
2649 4188 2957 4243 collectum.
2986 4186 3246 4241 Diximus
3269 4188 3712 4257 superius,quid

2068 4280 2145 4335 sit
2175 4279 2411 4334 habitus
2442 4278 2500 4331 in
2534 4275 2914 4347 incorporeis.
2946 4276 3091 4342 Lege
3122 4274 3296 4328 etiam
3331 4280 3506 4346 caput
3538 4277 3717 4346 septi-

2071 4385 2253 4433 mum,
2286 4366 2647 4421 coactionem
2684 4369 2877 4419 autem
2924 4369 2979 4418 et
3018 4363 3420 4419 collectionem
3456 4363 3718 4417 intellec-

2068 4459 2330 4525 tionum;
2362 4472 2460 4526 per
2490 4454 2610 4510 hac
2642 4454 2893 4509 declarat
2922 4454 3086 4509 Pater
3115 4454 3269 4507 circa
3290 4452 3520 4508 divinas
3551 4451 3718 4507 illus-

2072 4546 2374 4611 trationes,
2410 4549 2466 4598 et
2497 4544 2790 4615 propriam
2823 4542 2879 4596 in
2917 4543 3049 4596 boni
3087 4544 3181 4595 Dei
3222 4540 3525 4597 mansione
3556 4539 3717 4595 iden-

1991 4649 2035 4713 D
2064 4636 2317 4699 titatem,
2351 4632 2725 4688 convolutam
2758 4631 2916 4686 omni
2950 4635 3232 4701 tempore.

2135 4723 2531 4779 Dissimilium.
2565 4720 2952 4776 Materialium
2989 4718 3231 4774 scilicet.

2133 4817 2161 4883 ξ
2194 4813 2257 4868 V.
2294 4812 2652 4868 Geometrica.
2691 4816 2762 4865 De
2794 4808 3173 4882 geometricis
3216 4807 3628 4863 instrumentis
3661 4806 3718 4861 in

2061 4900 2359 4957 Ezechiele
2391 4904 2447 4954 et
2476 4899 2775 4955 Zacharia.

2138 4991 2549 5046 Correctricem.
2585 4990 2748 5043 Sicut
2778 4988 3010 5059 gladius
3058 4987 3116 5040 in
3171 4985 3339 5041 libris
3390 4986 3632 5057 Regum,
3667 4990 3723 5042 et

2067 5080 2183 5135 falx
2215 5080 2271 5133 in
2306 5078 2580 5133 Zacharia
2617 5076 2919 5149 propheta.

2139 5168 2287 5236 §VI.
2328 5172 2553 5222 Ventos.
2586 5168 2858 5222 Arbitror
2902 5166 3093 5237 ipsum
3129 5163 3489 5220 mentionem
3534 5165 3721 5221 facere

2069 5258 2232 5312 illius
2265 5258 2420 5329 quod
2454 5257 2510 5309 in
2544 5256 2760 5310 Davide
2809 5255 3075 5309 habetur.
3112 5254 3217 5321 Qui
3263 5256 3514 5310 ambulat
3560 5272 3725 5326 super

2069 5363 2280 5419 pennas
2302 5351 2590 5403 ventorum
2608 5344 2744 5417 (u‘);
2766 5345 2911 5399 forte
2929 5344 3057 5413 ejus
3079 5343 3233 5414 quod
3260 5344 3723 5415 assumptionem

364 5490 459 5560 (ι’)
491 5491 707 5563 Ephes.
744 5506 829 5560 ιιι,
865 5490 951 5548 10.
1028 5490 1111 5563 (u)
1141 5490 1312 5549 Hebr.
1347 5506 1425 5560 xv,
1461 5491 1547 5546 15.
1624 5490 1733 5564 (u')
1765 5492 1860 5550 Ps.
1892 5508 2011 5562 cm,
2043 5492 2099 5550 3.

1303 5645 1547 5703 VARIIE
1586 5645 1979 5703 LECTIONES
2019 5645 2111 5704 ET
2151 5639 2721 5702 CORRECTIONES.

367 5746 410 5783 ⁸⁸
436 5745 631 5803 ταῦτα.
716 5746 762 5783 ⁸⁸
789 5743 1103 5821 ἱερατικῶν.
