4158 6370
385 420 483 475 111

1205 415 1569 468 APPENDIX
1608 414 1703 465 AD
1742 412 1984 466 OPERA
2017 412 2077 463 S.
2118 410 2438 465 DIONYSII
2478 412 2980 467 AREOPAGITE.

3696 411 3805 464 112

380 545 593 602 Christi
625 543 956 617 signiﬁcat;
992 539 1272 613 quoniam
1325 538 1496 593 Pater
1542 535 1599 591 in
1653 534 2040 607 sequentibus

2184 532 2271 587 πεί
2300 533 2389 587 καὶ
2422 533 2473 587 ἐν
2504 538 2619 593 τοῖς
2650 508 2772 604 ὲξῆς
2801 535 2828 589 ὁ
2860 535 3071 608 Πατὴρ,
3109 510 3343 610 νειρέλης
3392 531 3588 596 αὑτοὺς
3647 554 3804 611 περι-

377 636 458 692 ait
486 635 645 707 ipsos
678 632 870 704 specie
901 630 1077 685 nubis
1105 628 1351 697 efﬁctos,
1379 643 1444 681 eo
1477 626 1631 697 quod
1669 625 1891 679 dictum
1924 621 2035 676 sit:

379 725 557 780 Nubes
585 722 821 792 suscepit
854 737 978 775 eum
1010 719 1077 773 ab
1112 718 1285 772 oculis
1316 714 1679 787 ipsorum(v).

455 815 673 884 Absque
702 827 876 866 mora.
910 808 1069 864 Dixit
1100 808 1307 862 merito
1338 806 1543 876 absque
1582 819 1776 858 mora:
1810 815 1945 856 nam
1978 798 2039 853 in

388 902 709 959 sensilibus
738 898 971 971 proprie
999 913 1091 951 res
1125 896 1273 950 ﬁunt
1303 894 1553 962 tardius,
1583 899 1635 947 et
1666 891 1723 944 in
1758 897 2039 960 tempore.

392 995 453 1049 In
495 988 855 1062 incorporeis
915 990 1111 1041 autem
1171 987 1228 1039 et
1275 980 1774 1052 intelligibilibus,
1828 982 2041 1049 puncto

390 1080 676 1153 temporis
706 1083 763 1133 et
793 1080 1071 1148 perpetuo
1102 1078 1161 1129 et
1182 1073 1310 1128 sine
1341 1071 1712 1126 cunctatione
1742 1069 1841 1123 49
1875 1067 2045 1139 perﬁ-

390 1171 662 1237 ciuntur;
699 1185 811 1223 non
845 1169 1074 1237 oportet
1115 1162 1293 1235 igitur
1341 1166 1577 1231 tempus
1607 1159 1665 1213 in
1699 1155 2043 1229 intelligibi-

388 1260 547 1314 libus
578 1257 903 1313 nominare.

458 1346 847 1420 Efﬁcientz'am.
877 1347 1009 1408 Pro,
1039 1340 1420 1413 spirationem
1450 1340 1552 1392 aut
1574 1335 1951 1392 volationem.

460 1436 696 1508 Subque.
732 1433 811 1488 Ex
838 1433 964 1487 loco
998 1445 1274 1502 supremo
1326 1428 1396 1482 ad
1446 1426 1770 1494 infernum,
1803 1423 1954 1480 sicut
1984 1424 2043 1479 in

395 1525 554 1583 scala
588 1524 790 1580 Jacob.

462 1616 640 1671 Aerei.
671 1611 819 1667 Nota
865 1610 1022 1666 enim
1070 1607 1262 1663 dicere
1292 1609 1554 1673 ventum,
1590 1619 1827 1660 aereum
1868 1602 2044 1675 spiri-

398 1710 785 1849 tngleintosum.
822 1788 949 1844 Alia
996 1785 1414 1857 contemplatio
1464 1781 1877 1856 appellationis
1906 1798 2045 1837 ven-

395 1889 613 1939 torum.

465 1972 784 2046 Symbolica
813 1968 1112 2036 theologia.
1147 1966 1293 2020 Nota
1325 1967 1383 2019 et
1412 1962 1593 2019 alium
1648 1961 1775 2032 ejus
1825 1960 2045 2016 librum

394 2062 706 2117 ineditum.
739 2056 1377 2122 Quadrielementarem
1409 2058 1601 2108 autem
1637 2051 2045 2123 purgationem

396 2151 538 2206 dicit
566 2163 897 2205 sermonem
946 2144 1104 2201 aliud
1151 2142 1345 2198 verbis
1396 2140 1554 2196 aliud
1589 2157 1764 2195 sensu
1799 2141 1871 2195 de
1901 2156 2046 2211 qua-

392 2246 528 2295 tuor
574 2236 883 2293 elementis
935 2234 1388 2307 signiﬁcantem,
1430 2234 1690 2286 mentem
1743 2230 1813 2284 ad
1865 2229 2048 2284 subli-

395 2330 638 2383 miorem
671 2325 1066 2398 cognitionem
1119 2323 1557 2394 perducentem.
1590 2320 1764 2389 Signa
1794 2336 1951 2383 vero,
1984 2321 2048 2373 ut

391 2417 643 2488 videtur,
676 2420 931 2488 quatuor
969 2413 1394 2468 elementorum
1444 2410 1634 2481 magis
1666 2408 1765 2463 illo
1813 2408 1870 2461 in
1923 2407 2049 2463 loco

390 2505 688 2579 explicuit.
757 2505 905 2560 Nota
972 2508 1168 2558 autem
1254 2499 1549 2572 quomodo
1635 2497 2052 2570 interpretetur

393 2595 540 2651 illud
597 2612 610 2649 :
662 2594 902 2665 Spiritus
952 2592 1051 2646 ubi
1094 2589 1217 2645 vult
1265 2592 1438 2661 spirat
1481 2590 1606 2659 (ν’),
1656 2604 1759 2660 per
1806 2603 1875 2642 ea
1921 2602 2052 2657 quas

397 2685 765 2752 afferuntur;
798 2680 941 2737 dicit
984 2679 1140 2737 enim
1176 2696 1189 2735 :
1222 2680 1408 2735 Nescis
1458 2676 1607 2732 unde
1653 2681 1827 2747 venit,
1859 2680 1914 2731 et
1945 2692 2053 2746 quo

400 2774 551 2830 vadit
578 2775 681 2841 (as).

473 2860 1013 2934 Supermundialiter
1077 2857 1337 2929 repletas.
1405 2856 1566 2910 Sicut
1632 2854 1789 2909 enim
1863 2854 2051 2909 nubes

402 2956 603 3010 evocat
632 2966 845 3022 aquam
894 2946 1097 3014 maris,
1129 2951 1186 3001 et
1215 2944 1462 3001 effundit
1492 2945 1680 3016 ipsam
1734 2946 1791 2999 in
1843 2945 2049 2999 faciem

402 3046 592 3108 terrae,
646 3038 969 3095 secundum
1030 3035 1435 3107 Scripturam:
1487 3034 1594 3101 Qui
1638 3039 1792 3088 vocat
1847 3048 2050 3104 aquam

398 3130 591 3194 maris,
622 3134 674 3183 et
700 3124 939 3199 effundit
987 3126 1167 3195 ipsam
1214 3124 1275 3177 in
1324 3124 1645 3177 universam
1689 3123 1889 3193 faciem
1936 3124 2050 3176 ter-

398 3235 481 3273 τε
512 3220 657 3287 (x');
692 3215 775 3271 sic
806 3214 980 3269 etiam
1033 3216 1258 3268 mentes
1309 3210 1607 3283 propriam
1660 3211 2050 3282 suscipientes

2149 618 2479 687 πλάττεσθαι
2535 620 2678 678 ἰδέαν
2737 622 2926 701 φησὶν,
2989 620 3079 677 διὰ
3133 624 3195 678 τὸ
3254 623 3547 699 εἰρῆσθαι·
3591 623 3807 701 Νεφέλη

2152 706 2415 766 ὑπέλαϐεν
2446 714 2607 768 αὐτὸν
2641 711 2748 768 ἀπὸ
2777 717 2883 767 τῶν
2920 711 3224 787 ὀφθαλμῶν
3253 713 3455 769 αὐτῶν.

2220 801 2527 875 ’Λχρὸνως.
2580 802 2856 877 Ἀχρόνως
2908 801 3130 863 εἰκότως
3185 800 3286 877 ἔφη
3324 820 3337 833 ’
3390 802 3479 856 ἐπὶ
3537 803 3641 878 γὰρ
3698 807 3811 858 τῶν

2150 888 2424 960 αἰσθητῶν
2484 891 2688 965 κυρίως
2740 889 2792 945 ἐν
2855 891 3042 965 χρόνῳ
3094 890 3183 945 καὶ
3234 888 3536 967 βραδύτερα
3564 893 3628 947 τὰ
3660 891 3811 967 γινό-

2161 999 2293 1051 μενα
2327 997 2339 1009 ·
2391 978 2478 1034 ἰπὶ
2538 977 2595 1034 δὲ
2648 985 2756 1035 τῶν
2814 980 3119 1053 ἀσωμάτων
3172 979 3265 1035 καὶ
3304 985 3515 1051 νοητῶν
3551 981 3808 1057 ἀχρόνως

2156 1069 2245 1122 καὶ
2278 1067 2513 1131 αἰωνίως
2545 1070 2634 1123 καὶ
2667 1068 2900 1143 ἀμελητὶ
2934 1068 3396 1145 τελεσιουργεῖται
3432 1088 3444 1102 ⁸
3480 1070 3542 1125 οὐ
3583 1068 3666 1125 δεῖ
3715 1069 3808 1125 οὖν

2154 1156 2356 1232 χρόνον
2390 1157 2477 1212 ἐπὶ
2508 1162 2615 1213 τῶν
2650 1163 2860 1230 νοητῶν
2895 1157 3201 1233 ὀνομάζειν.

2224 1338 2479 1408 Ποίησιν.
2513 1336 2663 1393 Ἀντὶ
2692 1342 2790 1392 τοῦ
2823 1342 3039 1393 πνεῦσιν
3073 1337 3107 1406 ἢ
3138 1344 3360 1408 πτῆσιν.

2224 1427 2321 1481 Καὶ
2358 1430 2457 1496 τὴν
2492 1424 2729 1483 ἄνωθεν.
2763 1428 2842 1484 Τὸ
2875 1423 2932 1481 δὲ
2961 1428 3160 1482 ἄνωθεν
3191 1426 3278 1482 ἐπὶ
3307 1427 3375 1482 τὰ
3402 1427 3571 1500 κάτω,
3608 1427 3682 1490 ὡς
3715 1428 3805 1483 ἐπὶ

2151 1522 2251 1585 τῆς
2281 1509 2476 1570 Ἰακὼὸ
2509 1513 2805 1588 κλίμακος.

2227 1604 2461 1680 Ἀερίου.
2498 1603 2841 1678 Σημείωσαι,
2874 1603 2959 1660 ὅτι
2988 1604 3168 1680 ἀέριον
3219 1608 3432 1680 πνεῦμα
3468 1607 3559 1662 τὸν
3613 1604 3814 1681 ἄνεμον

2157 1691 2324 1771 λέγει.

2224 1782 2557 1857 Ἀνεμιαίαν.
2620 1784 2809 1859 Ἑτέρα
2862 1785 3062 1861 θεωρία
3133 1792 3235 1855 τῆς
3313 1785 3526 1859 ἀνέμων
3606 1784 3817 1841 ἐπωνυ-

2161 1870 2308 1946 μίας.

2229 1957 2557 2034 Συμϐολικῇ
2587 1960 2866 2037 θεολογίᾳ.
2902 1963 3224 2035 Σημείιυσαι
3275 1966 3364 2017 καί
3411 1959 3597 2039 ἕτερον
3650 1963 3817 2019 αὐτοῦ

2157 2050 2488 2126 σύγγραμμα
2548 2052 2622 2123 μὴ
2699 2051 3045 2128 φερόμενον’
3104 2054 3495 2128 τετράστοιχον
3566 2050 3623 2108 δὲ
3694 2056 3821 2109 ἀνα-

2157 2140 2414 2213 κάθαρσιν
2476 2140 2573 2209 τὴν
2620 2144 2727 2193 τῶν
2788 2142 3061 2217 τεσσάρων
3112 2142 3401 2217 στοιχείων
3462 2142 3814 2217 ἀναγωγικὴν

2158 2227 2502 2304 άλληγορίαν
2534 2229 2665 2299 φησί
2704 2246 2715 2259 ⁶
2750 2228 2815 2283 τὰ
2846 2224 3101 2303 σύμϐολα
3152 2228 3231 2299 δὲ,
3279 2230 3354 2294 ὡς
3402 2228 3564 2300 ἔοικε,
3601 2230 3819 2305 μᾶλλον

2154 2322 2261 2371 τῶν
2290 2317 2563 2393 τεσσάρων
2596 2318 2881 2392 στοιχείων
2939 2318 3049 2373 ἐκεῖ
3099 2316 3187 2373 διὰ
3241 2319 3469 2395 θεωρίας
3527 2320 3807 2392 ἀνέπτυξε.

2160 2406 2476 2480 Σημείωσαι
2512 2404 2588 2476 δὲ,
2620 2411 2734 2469 πῶς
2767 2407 3056 2484 tm",ku
3084 2410 3147 2463 τό
3183 2428 3196 2442 ’
3230 2411 3450 2482 Πνεῦμα
3495 2408 3633 2464 ὅπου
3667 2408 3821 2475 θέλει

2157 2500 2300 2564 πνεῖ,
2334 2494 2421 2549 διὰ
2470 2499 2578 2550 τῶν
2629 2493 3028 2575 ἐπιφερομένων
3066 2515 3080 2530 ο
3133 2497 3267 2575 φησὶ
3317 2496 3421 2573 γάρ
3456 2518 3469 2531 ⁸
3504 2498 3613 2553 Οὐκ
3665 2497 3819 2563 οἶδας

2158 2585 2320 2640 πόθεν
2354 2578 2597 2660 ἔρχεται,
2630 2585 2721 2639 καὶ
2753 2590 2858 2640 ποῦ
2893 2585 3107 2662 ὑπάγει.

2229 2853 2638 2929 Ὑπερκοσμίως
2697 2853 3294 2930 ἀποπεπληρωμένοις·
3342 2860 3545 2933 Ὥσπερ
3622 2860 3724 2935 γὰρ
3780 2863 3817 2930 ἡ

2160 2941 2359 3019 νεφέλη
2415 2941 2808 3018 προσκαλεῖται
2868 2944 2929 2997 τὸ
2981 2948 3081 3009 τῆς
3142 2944 3418 3017 θαλάσσης
3494 2945 3662 3023 ὕδωρ,
3724 2950 3818 3004 καὶ

2161 3032 2316 3107 ἐκχεῖ
2371 3032 2503 3086 αὐτὸ
2553 3031 2641 3086 ἐπὶ
2685 3033 2746 3086 τὸ
2796 3031 3091 3107 πρόσωπον
3143 3040 3244 3103 τῆς
3274 3041 3395 3109 γῆς,
3430 3035 3565 3091 κατὰ
3616 3038 3676 3092 τὸ
3738 3038 3819 3091 εἰ-

2162 3119 2449 3196 ρημένον²
2504 3121 2563 3177 Ὀ
2639 3119 3127 3195 προσκαλούμενος
3206 3122 3267 3176 τὸ
3346 3121 3491 3198 ὕδωρ
3541 3131 3641 3194 τῆς
3719 3137 3821 3190 θα-

2162 3208 2390 3279 λάσσης,
2449 3207 2536 3264 καί
2598 3208 2803 3286 ἐκχέων
2860 3209 2991 3265 αὐτὸ
3066 3209 3152 3266 ἐπὶ
3234 3218 3336 3267 πᾶν
3396 3214 3458 3267 τὸ
3509 3213 3814 3291 πρόσωπον

401 3304 817 3378 cognitionem,
864 3302 1052 3358 instar
1103 3300 1345 3356 nubium
1397 3301 1455 3355 in
1508 3300 1812 3356 inferiores
1864 3300 2042 3372 expli-

2182 3306 2257 3369 γῆς
2312 3306 2416 3375 γῆς
2451 3320 2461 3331 ·
2498 3284 2787 3353 οὕτωηκαὶ
2848 3300 2899 3353 οἱ
2956 3298 3073 3362 νόες
3131 3298 3425 3376 δεχόμενοι
3457 3284 3563 3373 τὴν.
3612 3304 3817 3361 οἰκείαν

403 3400 560 3453 cant.

479 3575 610 3630 Sine
670 3573 845 3646 fastu.
914 3570 1098 3641 Dixit,
1164 3572 1287 3625 sine
1348 3572 1528 3640 fastu,
1597 3585 1699 3625 seu
1769 3572 2061 3641 tempera-

410 3668 506 3733 te;
548 3664 749 3718 lumen
781 3662 938 3718 enim
972 3661 1027 3715 in
1062 3660 1219 3714 nube
1266 3658 1582 3714 refractum
1635 3675 1699 3713 ac
1748 3659 2060 3714 remissum

415 3758 526 3810 est.

489 3842 683 3896 Imbris
728 3840 1154 3912 generationem.
1188 3835 1316 3891 Alia
1346 3837 1569 3891 ratione
1612 3835 2062 3907 contemplatur,

410 3932 549 4003 quid
585 3930 769 3985 nubes
801 3928 1164 3999 signiﬁcent;
1199 3924 1403 3980 ordine
1449 3930 1646 3980 autem
1700 3925 2064 3981 descendens

407 4019 572 4087 dicit,
604 4018 909 4081 electrum,
941 4033 1018 4071 aes
1049 4020 1107 4071 et
1136 4019 1326 4070 certos
1357 4014 1601 4084 colores,
1637 4018 1811 4084 atque
1846 4015 2064 4072 formas

406 4110 662 4164 ferarum
694 4107 917 4179 aliquid
952 4106 1010 4160 in
1044 4105 1271 4177 angelis
1303 4104 1658 4176 signiﬁcare.

478 4197 912 4268 Receptaculum.
950 4193 1340 4265 Excipientem
1374 4192 1571 4248 sinum
1594 4191 1817 4248 vocavit
1847 4196 2063 4247 terram

402 4286 627 4360 pluvias
653 4285 1095 4358 suscipientem,
1121 4298 1224 4354 per
1248 4283 1410 4354 ipsas
1438 4282 1702 4353 proprios
1736 4282 2059 4353 parientem

406 4376 658 4431 fructus.

472 4463 502 4537 §
531 4464 651 4519 VII.
684 4463 786 4518 Sed
819 4464 1082 4534 quoniam
1117 4460 1258 4517 haec.
1300 4461 1374 4515 De
1422 4459 1630 4531 ﬁguris
1663 4459 1878 4516 formas
1910 4460 2060 4517 fera-

404 4569 530 4608 rum
566 4551 976 4608 referentibus.

2168 3392 2388 3464 γνῶσιν,
2415 3387 2652 3466 νεφελῶν
2697 3385 2852 3457 δίκην
2885 3388 2973 3444 ἐπὶ
2998 3388 3124 3451 τοὺς
3158 3387 3574 3468 ὑποδεεστέρους
3607 3391 3824 3449 ἁπλοῦ·-

2171 3498 2277 3532 σιν.

2243 3566 2746 3640 Ἀνεκπομπεὺτως.
2810 3568 3303 3641 Ἀνεκπομπεύτως
3380 3572 3585 3646 φησὶν,
3652 3569 3830 3647 ἤγουν

2172 3674 2665 3733 συγκεκραμενως·
2727 3651 3111 3727 ἀναπόϐλητον
3183 3661 3288 3734 γὰρ
3360 3659 3411 3715 ἐν
3483 3659 3681 3738 νεφέλῃ
3759 3664 3827 3717 τὸ

2172 3766 2309 3821 φως.

2244 3829 2658 3908 Ὀμϐροτοκίαν.
2706 3835 2936 3909 Ἑτέρως
2986 3837 3198 3911 θεωρεῖ,
3248 3837 3301 3891 τί
3351 3837 3571 3916 νεφέλαι
3620 3840 3832 3913 σημαί-

2172 3945 2321 3978 νουσι
2358 3944 2370 3957 ·
2405 3926 2751 4000 παρακατιὼν
2803 3921 2882 3996 δὲ,
2913 3924 2966 3978 τί
3015 3946 3146 4002 φησι
3200 3925 3485 3998 σημαίνειν
3531 3926 3830 4003 ἤλεκτρον,

2170 4013 2260 4067 καὶ
2294 4011 2524 4087 χαλκὸν,
2556 4013 2734 4068 καὶτὰ
2763 4015 2895 4067 ποιά
2928 4014 3201 4088 χρώματα
3232 4015 3322 4070 καὶ
3358 4019 3569 4093 μορφὰς
3617 4017 3827 4092 θηρίων

2173 4102 2261 4156 ἰπὶ
2288 4102 2556 4177 ἀγγέλων.

2244 4188 2582 4266 Ἐκδόχειον.
2630 4188 2944 4266 Ἐκδόχειον
3004 4191 3238 4261 κόλπον,
3291 4195 3389 4263 τήν
3448 4193 3575 4257 τοὺς
3637 4194 3828 4257 ὑετοὺς

2173 4278 2587 4355 ὑποδεχομένην
2622 4279 2869 4354 ὠνόμασε
2916 4287 3045 4355 γῆν,
3080 4278 3149 4335 δι’
3179 4280 3353 4337 αὐτῶν
3407 4283 3532 4346 τοὺς
3586 4283 3826 4348 οἰκείους

2168 4369 2459 4425 τίκτουσαν
2490 4369 2754 4445 καρπούς.

2241 4462 2416 4530 §VII'
2452 4457 2606 4516 Ἀλλ’
2648 4456 2834 4528 ἐπειδὴ
2887 4463 3073 4518 ταῦτα.
3108 4462 3238 4535 Περὶ
3289 4465 3397 4516 τῶν
3453 4463 3827 4538 θηρομὸρφων

2167 4548 2377 4605 τύπων.

473 4645 500 4711 §
550 4641 695 4696 Vill.
744 4642 1125 4710 Vestigiorum.
1181 4637 1329 4693 Nota
1385 4654 1453 4693 ex
1510 4638 1621 4693 hoc
1680 4638 1805 4694 loco
1865 4638 2051 4696 leonis

2239 4643 2266 4709 §
2295 4639 2443 4695 VIII.
2478 4638 2691 4714 Ἰχνῶν.
2723 4637 3040 4711 Σημείωσαι
3089 4638 3152 4693 τὸ
3203 4641 3427 4714 φυσικὸν
3472 4644 3568 4695 τοῦ
3601 4639 3825 4704 λέοντος

400 4737 709 4797 naturam;
762 4730 968 4783 dicunt
1015 4727 1171 4783 enim
1222 4731 1529 4783 venatores
1576 4727 1759 4782 latere
1809 4729 2055 4800 cupien-

396 4825 540 4887 tem,
574 4821 715 4875 dum
767 4818 1004 4887 incedit,
1036 4816 1285 4888 vestigia
1334 4833 1460 4881 sua,
1499 4833 1571 4871 ne
1602 4823 2056 4903 cognoscantur,

396 4911 584 4966 cauda
615 4910 840 4975 delere;
877 4908 1031 4961 unde
1064 4911 1120 4961 et
1151 4907 1221 4961 de
1256 4910 1366 4960 Deo
1397 4905 1615 4959 dicitur
1650 4924 1661 4961 :
1698 4910 1759 4960 In
1792 4923 1937 4961 mari
1968 4911 2059 4963 via

396 5002 514 5066 tua,
547 5004 599 5053 et
626 5000 837 5055 semitw
883 5006 998 5053 tuae
1042 4998 1105 5050 in
1154 4997 1314 5067 aquis
1345 4993 1560 5062 multis,
1595 5003 1649 5049 et
1688 4998 1917 5066 vestigia
1961 5008 2058 5052 tua

394 5105 505 5143 non
532 5092 925 5157 cognoscentur
946 5087 1025 5157 (y)
1052 5103 1063 5140 :
1090 5084 1589 5156 quemadmodum
1625 5085 1781 5140 enim
1814 5086 1907 5140 via
1938 5103 2054 5141 non

396 5182 663 5233 servatur
692 5177 750 5231 in
784 5176 975 5249 aquis,
1009 5191 1201 5245 neque
1232 5173 1478 5245 vestigia
1509 5173 1717 5243 leonis,
1752 5174 1833 5229 ita
1864 5191 2055 5246 neque

393 5283 635 5339 gressus
667 5266 790 5321 Dei.

461 5356 827 5410 Facilitatem.
880 5352 1219 5408 Acutissimi
1274 5350 1565 5423 siquidem
1616 5350 1778 5406 visus
1831 5350 2050 5423 animal

389 5451 479 5501 est
524 5444 743 5516 aquila.
796 5444 974 5499 Fama
1022 5446 1110 5498 est
1158 5440 1388 5513 aquilas
1442 5441 1519 5495 ita
1574 5457 1917 5512 germanum
1976 5444 2049 5499 ab

390 5533 655 5591 adultero
702 5535 903 5588 {cntum
956 5532 1289 5588 discernere
1325 5548 1337 5587 :
1372 5531 1424 5586 si
1454 5529 1775 5587 intenderit
1823 5531 2050 5603 absque

459 5747 536 5818 (v)
566 5749 693 5804 Act.
727 5766 765 5815 ι,
798 5748 851 5803 9.
930 5747 1031 5819 (ν’)
1059 5746 1229 5802 Joan.
1263 5760 1348 5810 ιιι,
1378 5744 1432 5801 8.
1510 5743 1591 5815 (re)
1628 5744 1771 5800 Ibid.

2168 4727 2425 4781 ἐντεῦθεν·
2460 4728 2587 4804 φασὶ
2617 4727 2720 4801 γὰρ
2755 4726 3003 4799 ὅτι,τοὺς
3039 4728 3362 4804 θηρεύοντας
3389 4728 3660 4793 λανθάνειν
3699 4730 3828 4805 βου-

2172 4816 2425 4889 Λόμενος,
2476 4821 2812 4891 περιπατῶν,
2844 4820 2911 4889 τῇ
2964 4818 3098 4893 οὐρᾷ
3148 4817 3448 4895 ἒξαφανίζει
3505 4821 3572 4873 τὰ
3628 4819 3825 4873 ἑαυτοῦ

2171 4904 2323 4981 ἰίχνη,
2352 4903 2443 4959 *ίνα
2472 4906 2547 4977 μὴ
2580 4910 2894 4980 γνωσθῶσιν
2926 4926 2938 4938 ·
2974 4906 3093 4970 ὅθεν
3122 4907 3210 4961 καὶ
3242 4908 3365 4983 περὶ
3400 4913 3532 4963 Θεοῦ
3564 4904 3777 4983 εἴρηται
3809 4928 3823 4941 ·

2167 4995 2253 5050 Ἐν
2311 4998 2380 5068 τῇ
2440 4992 2682 5068 θαλάσσῃ
2732 4996 2766 5064 ἡ
2818 4992 2944 5056 ὁδός
2998 5016 3113 5066 σου,
3154 4997 3243 5050 καὶ
3299 4998 3354 5050 αἱ
3395 4992 3575 5071 τρίϐοι
3628 5018 3724 5051 σου
3767 4997 3821 5052 ἐν

2165 5081 2317 5138 ὕδασι
2377 5082 2635 5152 πολλοῖς,
2664 5084 2753 5137 καὶ
2809 5086 2877 5138 τὰ
2934 5082 3061 5159 ἴχνη
3116 5106 3211 5139 σου
3259 5086 3322 5140 οὐ
3353 5088 3770 5161 γνωσθήσονται
3805 5107 3819 5119 ·

2164 5172 2345 5248 ὥσπερ
2399 5172 2501 5249 γὰρ
2562 5170 2685 5235 ὁδὸς
2744 5174 2794 5228 ἐν
2854 5171 3039 5228 ὕδασιν
3097 5173 3157 5228 οὑ
3218 5175 3465 5245 σώζεται,
3501 5173 3623 5230 οὔτε
3683 5176 3819 5251 ἴχνη

2163 5260 2402 5330 λέοντος,
2438 5261 2611 5324 οὕτως
2647 5260 2771 5317 οὕτε
2802 5264 2934 5317 Θεοῦ
2966 5268 3210 5338 πορεῖαι.

2232 5352 2589 5427 Εὐμήχανον.
2652 5352 3089 5424 Ὀξυωπέστατον
3168 5354 3272 5429 γὰρ
3352 5358 3488 5422 ζῶον
3551 5356 3577 5408 ὁ
3636 5354 3817 5420 ἀετός.

2162 5440 2331 5516 Λόγος
2364 5441 2466 5515 γὰρ
2493 5440 2620 5502 τοὺς
2654 5440 2844 5519 ἀετοὺς
2870 5446 2976 5496 τῶν
3016 5442 3351 5515 τικτομένων
3398 5444 3465 5497 τὰ
3511 5445 3707 5517 γνήσια
3756 5442 3822 5500 ἐκ

2157 5536 2263 5587 τῶν
2322 5529 2495 5594 νόθων
2552 5526 2695 5584 οὕτω
2755 5528 3087 5606 διακρίνειν·
3122 5530 3207 5586 ἐὰν
3242 5531 3555 5587 ἀτενίσωσιν
3611 5532 3820 5608 ἀσκαρ-

1850 5745 1964 5819 (ω·)
1996 5747 2201 5815 Amos,
2230 5763 2286 5817 ν,
2317 5746 2371 5804 8.
2447 5747 2531 5817 (y)
2562 5744 2715 5802 Psal.
2752 5760 2939 5815 LXXVI,
2970 5746 3061 5800 20.
