4158 6370
327 392 431 446 113

1037 402 1095 454 S.
1140 401 1408 455 MAXIMI
1448 401 1756 456 SCHOLIA
1794 403 1869 454 IN
1908 401 2042 454 LIB.
2082 403 2180 454 DE
2217 403 2545 457 C(ELESTI
2584 406 3053 458 HIERARCHIA.

3640 402 3675 490 ‘1
3688 402 3709 456 1
3722 402 3753 454 4

326 511 559 589 δαμυκτὶ
589 516 735 591 πρὸς
763 518 857 574 τὸν
912 517 1097 589 ἥλιον,
1151 520 1347 597 γνήσιά
1396 522 1547 576 είσιψ
1598 522 1642 577 εἶ
1676 520 1734 577 δὲ
1787 523 1887 594 μὴ,
1919 522 1962 575 ὡ

2107 524 2423 581 nictatione
2456 526 2512 581 in
2545 526 2751 593 solem,
2812 541 3132 599 germanus
3164 534 3287 593 est;
3314 523 3404 579 sin
3436 540 3590 579 vero.
3623 528 3751 580 tan-

325 604 459 670 νόθα
502 601 919 664 ἀποϐάλλονται
966 613 1009 646 ⁸⁷
1058 614 1156 677 τῆς
1203 611 1418 674 καλιᾶς·
1454 612 1625 675 οὕτως
1676 610 1767 667 οῦν
1817 611 1907 666 καὶ
1960 611 1987 666 ὁ

331 696 407 770 μὴ
462 692 757 771 δυνάμενος
812 704 1061 775 καθαρῶς
1119 705 1199 773 τῷ
1255 699 1406 775 ἡλίῳ
1462 709 1560 771 τῆς
1638 700 1987 772 δικαιοσύνης

324 783 584 854 ἀτενίσαι,
616 786 782 851 νόθος
812 795 913 859 τῆς
942 787 1107 844 αὐτοῦ
1137 791 1391 866 γνώσεως
1418 791 1737 866 εὐρίσκεται.

397 874 495 929 Καὶ
564 875 775 932 λευκῶν
837 879 932 951 μέν
970 922 982 935 .
1041 879 1359 953 Σημείωσαι
1417 878 1472 935 τί
1524 880 1689 937 ’ίπποι
1748 880 1982 949 λευκοὶ,

323 964 534 1032 κυανοὶ,
592 964 833 1042 ἐρυθροὶ,
885 968 1209 1042 σύμμικτοι·
1265 969 1523 1043 ἀνόμοιον
1574 969 1631 1025 δὲ
1679 970 1983 1043 ὁμοιότητα

325 1051 438 1107 ἄνω
467 1052 669 1118 τελέως
702 1055 1098 1136 ἐσαφηνίσαμεν
1129 1057 1180 1113 ἐν
1211 1056 1445 1136 δευτέρῳ
1476 1057 1759 1135 κεφαλαίῳ
1787 1059 1983 1114 τούτου
2020 1098 2025 1101 ι

319 1146 422 1197 τοῦ
457 1138 701 1219 βιϐλίου.

392 1234 511 1303 Τήν
542 1235 659 1289 κατ’
710 1236 943 1293 εὐθεῖαν.
977 1237 1048 1293 Τὸ
1096 1239 1196 1308 τήν
1244 1238 1380 1312 πρὸς
1423 1239 1485 1293 τὸ
1535 1236 1762 1313 δύναμιν
1803 1239 1978 1312 ἅρμο-

321 1322 499 1377 στέον·
528 1323 596 1378 τὰ
625 1321 683 1379 δὶ
715 1324 887 1381 λοιπά
913 1324 1003 1381 διὰ
1037 1328 1223 1400 μέσου.

390 1414 519 1467 Κατ’
551 1411 752 1485 ἄλλην.
792 1414 982 1493 Ἑτέρα
1014 1417 1211 1492 θεωρία
1239 1416 1314 1479 εἰς
1344 1415 1474 1480 τοὺς
1504 1417 1762 1494 τροχούς.

388 1500 622 1577 Γελγέλ.
654 1505 973 1578 Σημείωσαι
1021 1506 1074 1560 τί
1107 1506 1361 1579 σημαίνει
1408 1508 1471 1562 τὸ
1499 1504 1695 1583 γελγὲλ
1728 1507 1873 1581 παρά
1898 1510 1976 1578 τῷ

315 1594 577 1669 προφήτῃ
614 1594 901 1665 Ἰεζεκιήλ.

388 1687 592 1757 Χαρᾷς.
629 1687 755 1745 Πῶς
787 1683 1038 1759 λέγονται
1088 1683 1299 1761 χαίρειν
1349 1687 1415 1740 τὰ
1447 1684 1690 1760 οὐράνια,
1721 1683 1810 1740 καὶ
1842 1683 1970 1739 αὐτὸ

312 1772 376 1826 τὸ
403 1776 584 1827 Θεῖον.

2100 630 2275 685 quam
2315 615 2684 671 adulterinus
2711 616 2986 687 dejicitur
3040 630 3069 670 e
3128 614 3306 669 nido:
3341 612 3424 669 sic
3463 629 3601 685 ergo
3650 614 3750 685 qui

2099 704 2305 776 nequit
2335 722 2477 777 pure
2509 705 2567 759 in
2602 704 3050 775 solemjustitite
3082 704 3407 772 intendere,
3459 701 3688 758 alienus
3718 720 3752 758 a

2100 794 2297 848 divina
2329 794 2664 866 cognitione
2687 794 2995 867 reperitur.

2166 885 2230 937 Et
2259 883 2519 939 alborum
2548 884 2788 955 quidem.
2820 883 2969 938 Nota
2995 882 3273 953 quidnem
3304 883 3406 939 50
3437 881 3573 953 equi
3606 880 3747 952 albi,

2095 972 2344 1042 caerulei,
2366 973 2547 1041 rubri,
2575 973 2733 1027 misti
2754 971 2966 1027 coloris
3000 970 3335 1043 significent
3358 988 3371 1038 ;
3396 969 3746 1025 dissimilem

2093 1078 2265 1133 porro
2297 1060 2745 1116 similitudinem
2781 1062 3033 1133 perfecte
3063 1076 3241 1132 supra
3296 1059 3355 1115 in
3405 1058 3595 1131 capite
3643 1074 3730 1114 se-

2091 1151 2283 1205 cundo
2313 1151 2493 1221 hujus
2525 1150 2658 1205 libri
2690 1149 3091 1222 exposuimus.

2160 1239 2267 1307 Τήν
2300 1237 2766 1307 κατέὖθεῖαν.Τήν
2791 1238 3186 1311 coaptandum
3211 1240 3302 1293 est
3320 1252 3452 1291 cum
3479 1231 3705 1308 δύναμιν
3728 1254 3741 1294 :

2090 1329 2315 1400 reliqua
2344 1346 2478 1385 vero
2510 1334 2651 1384 sunt
2680 1327 3049 1383 intermedia.

2161 1419 2469 1474 Secundum
2499 1419 2690 1473 aliam.
2724 1417 2851 1472 Alia
2880 1414 3294 1487 contemplatio
3327 1414 3385 1469 in
3416 1418 3595 1471 rotas.

2161 1508 2365 1578 Gelgel.
2398 1509 2546 1564 Nota
2576 1507 2717 1579 quid
2749 1506 3037 1579 signiﬁcet
3069 1506 3266 1577 gelgel,
3298 1505 3453 1575 apud
3486 1504 3738 1577 prophe-

2086 1604 2206 1656 tam
2243 1599 2624 1654 Ezechielem.

2155 1689 2385 1745 Gaudio.
2446 1689 2745 1754 Quomodo
2801 1688 3055 1760 gaudere
3122 1685 3397 1743 dicantur
3453 1684 3731 1755 ccelestia,

2079 1779 2322 1851 ipseque
2345 1783 2516 1834 Deus.

385 1862 692 1965 Ἐμπαθής.
755 1863 1008 1935 Ἐμπαθῆ
1068 1861 1275 1933 ἡδονὴν
1327 1865 1425 1933 τὴν
1476 1862 1821 1939 ἀνθρωπίνην
1869 1886 1966 1940 φη-

2150 1869 2468 1925 Passz'bz'lis.
2504 1866 2876 1939 Voluptatem
2919 1866 3244 1921 humanam
3292 1864 3436 1920 dicit
3492 1864 3731 1936 passibi-

312 1950 413 2017 σὶν,
448 1951 523 2011 ὡς
551 1954 621 2024 τῇ
667 1952 790 2027 περὶ
841 1953 904 2006 τὸ
956 1957 1117 2026 σῶμα
1148 1951 1508 2025 εὐαλλοιώτῳ
1558 1951 1820 2027 ἐμπαθείᾳ
1850 1974 1969 2007 συν-

313 2038 627 2111 ισταμένην.

375 2129 707 2199 Ῥᾳστώνην.
767 2130 837 2183 Τὸ
895 2137 994 2199 τῆς
1059 2130 1339 2206 ῥᾳστώνης
1389 2130 1566 2205 ὄνομα
1614 2131 1816 2196 τίθεται
1871 2132 1964 2205 μὲν

306 2216 398 2271 ἰπὶ
427 2221 536 2271 τῶν
569 2223 754 2272 πονεῖν
811 2220 886 2291 μή
944 2218 1323 2294 βουλομένων,
1356 2217 1504 2275 ἀλλά
1553 2216 1825 2297 διαφόρως
1871 2223 1963 2293 ζῇν

306 2305 612 2379 δλομένων·
661 2307 914 2380 σημαίνει
961 2306 1020 2363 δὲ
1066 2310 1100 2378 ἡ
1142 2307 1287 2382 λέξις
1334 2310 1395 2364 τὸ
1447 2309 1667 2385 εὐχερὲς
1721 2309 1812 2364 καὶ
1869 2308 1968 2363 οὐκ

303 2395 589 2451 ἐπίπονον·
647 2395 873 2461 ἐνταῦθα
935 2398 1121 2470 μέντοι
1177 2398 1238 2453 τὸ
1296 2399 1559 2473 μακάριον
1619 2399 1706 2453 καὶ
1767 2399 1966 2461 ἀπαθὲς

307 2486 397 2539 καὶ
434 2484 720 2560 ἀόχλητον
774 2486 1079 2563 ὑποφαίνει.
1111 2485 1335 2550 Ἀλλως
1390 2487 1669 2562 ῥᾳστώνην
1702 2487 1832 2564 φησῖ
1863 2488 1963 2556 τήν

305 2575 566 2630 εὐκολίαν
619 2577 709 2631 καὶ
757 2576 1046 2651 εὐμάρειαν
1093 2579 1336 2651 ψυχικὴν
1390 2575 1441 2631 ἐν
1485 2576 1776 2630 ἀναπαύσει
1832 2576 1965 2649 μετὰ

301 2664 589 2729 ἀπαθείας·
626 2665 910 2741 ἀναλόγως
940 2664 1029 2720 οῦν
1061 2665 1150 2721 καὶ
1181 2666 1267 2721 ἐπὶ
1299 2665 1541 2743 ἀγγέλων
1573 2666 1817 2737 νοητέον·

375 2842 707 2907 Εὖπάθειαν,
742 2841 1073 2908 Εὖπάθεειαν
1121 2844 1196 2907 ὡς
1250 2844 1309 2899 ἐκ
1357 2848 1463 2899 τῶν
1512 2847 1633 2909 καθ’
1662 2847 1811 2917 ἡμᾶς
1857 2843 1958 2900 λα-

305 2927 419 2987 ϐὼν
450 2929 576 3009 ἔφη·
611 2929 780 3002 δηλοῖ
822 2931 879 2987 δὲ
923 2934 986 2988 τὸ
1039 2932 1095 2988 εὖ
1139 2931 1284 3008 ἔχειν
1337 2930 1425 2987 διὰ
1472 2933 1695 3004 παντὸς,
1727 2934 1817 2988 καὶ
1858 2936 1956 3002 τὴν

299 3022 415 3093 ἀπ-ις
427 3043 566 3096 μονα
595 3021 937 3079 κατάστασιν.

371 3197 608 3276 ’Ἄνδρες
665 3200 823 3275 ἱεροί.
874 3204 1051 3255 Ταῦτα
1092 3200 1199 3276 οὐχ
1248 3201 1362 3255 οἶόν
1413 3222 1472 3256 τε
1522 3208 1662 3257 νοεῖν
1706 3203 1781 3265 ὡς
1831 3202 1955 3272 εἶσὶ,

2082 1960 2207 2027 lem,
2238 1959 2418 2015 veluti
2452 1957 2761 2014 affectione
2807 1956 2977 2012 facile
3032 1954 3189 2011 circa
3217 1971 3429 2027 corpus
3461 1952 3734 2009 mutabili

2079 2052 2469 2105 constantem.

2149 2138 2513 2193 Facilitatem.
2545 2140 2645 2192 Gr.
2690 2133 2992 2209 ῥᾳστώνην.
3025 2134 3250 2189 Nomen
3313 2130 3586 2207 ῥᾳστώνη,
3628 2147 3729 2202 po-

2077 2229 2238 2283 nitur
2268 2245 2371 2299 pro
2398 2226 2472 2282 iis
2502 2226 2601 2298 qui
2631 2223 2895 2280 laborare
2929 2222 3156 2292 nolunt,
3204 2223 3306 2278 sed
3341 2221 3514 2277 aliter
3540 2219 3731 2275 vivere

2076 2316 2339 2389 eligunt;
2374 2315 2669 2387 signiﬁcat
2700 2318 2895 2368 autem
2928 2313 3105 2368 dictio
3138 2310 3536 2382 facile,neque
3565 2308 3729 2365 labo-

2075 2406 2340 2461 riosum:
2402 2405 2495 2459 hic
2551 2418 2685 2457 vero
2744 2403 3005 2468 beatum,
3066 2400 3192 2455 sine
3235 2399 3559 2464 affectione,
3600 2396 3727 2453 sine

2074 2495 2410 2550 turbatione
2439 2492 2721 2548 insinuat.
2782 2490 2984 2558 Aliter,
3042 2487 3322 2563 ῥᾳστώνην
3366 2491 3536 2542 vocat
3567 2502 3722 2542 com-

2074 2585 2418 2639 moditatem
2480 2588 2536 2637 et
2584 2580 2923 2636 facilitatem
2982 2578 3191 2634 anima:
3250 2578 3307 2632 in
3360 2576 3560 2646 requie
3592 2576 3720 2631 sine

2073 2674 2413 2741 affectione;
2448 2688 2582 2727 cum
2616 2668 2989 2741 proportione
3010 2667 3189 2740 igitur
3219 2666 3394 2722 etiam
3420 2666 3473 2720 in
3496 2663 3720 2737 angelis

2073 2763 2565 2819 considerandum
2603 2763 2709 2815 est.

2143 2854 2353 2908 Bonam
2380 2848 2751 2924 affectionem,
2784 2846 2877 2901 Gr.
2912 2844 3215 2907 εὐπάθειαν.
3249 2842 3573 2913 Εὗπάθειαν,
3607 2842 3720 2898 sic-

2071 2946 2138 2998 ut
2168 2957 2236 2996 ex
2267 2942 2442 2995 rebus
2477 2938 2696 2994 nostris
2728 2935 3052 3008 intelligere
3084 2934 3294 3007 potuit,
3326 2935 3612 3004 usurpat;
3647 2930 3720 2986 si-

2070 3031 2310 3103 gniﬁcat
2338 3046 2497 3095 vero,
2521 3029 2667 3083 bene
2699 3026 2911 3082 habere
2941 3025 3001 3080 in
3060 3024 3221 3081 omni
3251 3027 3517 3095 tempore
3544 3025 3603 3077 et
3632 3019 3722 3074 in-

2068 3120 2360 3176 columem
2393 3123 2636 3175 statum.

2149 3211 2264 3264 Viri
2291 3209 2490 3262 sancti.
2525 3203 2898 3280 Impossibile
2924 3207 3033 3268 est,
3066 3202 3188 3256 haec
3218 3198 3545 3271 intelligere
3575 3198 3723 3253 sicut

301 3288 452 3358 πλὴν
505 3289 551 3344 εί
605 3291 681 3363 μή
736 3289 864 3353 τοὺς
915 3272 1235 3363 ἀξιωθέντας
1280 3292 1542 3362 τοιαύτης
1583 3289 1953 3363 τελειότητος,

2088 3302 2233 3368 sunt,
2266 3297 2377 3351 nisi
2412 3296 2485 3351 iis
2517 3272 3012 3367 qui-dignihabiti
3036 3295 3179 3347 sunt
3206 3288 3309 3345 tali
3342 3287 3719 3360 perfectione,

300 3377 526 3442 ὁποίους
583 3380 684 3454 ἄρα
740 3379 829 3432 καὶ
890 3381 1023 3434 εἶναι
1097 3381 1363 3455 προσήκει
1423 3376 1656 3455 ἄνδρας,
1715 3382 1952 3457 καθάπερ

301 3469 329 3523 ὁ
361 3468 520 3542 ἅγιος
552 3467 711 3529 οὗτός
744 3489 904 3546 φησιν
938 3467 1113 3543 ἱερεὺς
1142 3471 1209 3536 ⁸⁸,
1243 3469 1381 3524 ὥστε
1429 3469 1518 3524 καὶ
1554 3468 1710 3533 θείων
1744 3468 1956 3544 ἐλλάμ-

300 3559 444 3631 ψεων
502 3555 797 3627 ἀξιωθῆναι
847 3558 969 3633 περὶ
1015 3559 1115 3627 τὴν
1184 3553 1352 3612 ὄντων
1409 3562 1628 3633 γνῶσιν,
1684 3559 1773 3614 καὶ
1831 3561 1955 3634 περὶ

300 3646 401 3714 τὴν
454 3645 594 3720 πρὸς
645 3644 737 3699 τὸν
788 3645 918 3699 Θεὸν
967 3648 1200 3719 καθαρὰν
1254 3647 1529 3701 ἀνάτασιν’
1583 3647 1641 3702 ἐκ
1694 3647 1795 3723 γὰρ
1850 3653 1958 3703 τῶν

299 3734 571 3789 τοιούτων
602 3730 932 3807 έλλάμψεων
967 3734 1279 3807 θεούμενος,
1314 3732 1510 3789 λοιπὸν
1550 3737 1577 3789 ὁ
1617 3741 1742 3800 νοῦς
1774 3738 1868 3809 [ὡς
1902 3736 1954 3792 ἐν

304 3822 457 3899 ῥᾴονι
492 3820 646 3893 λήξει
693 3822 1007 3896 γενόμενος]
1041 3823 1095 3878 ἒν
1144 3820 1246 3893 ἕξει
1278 3822 1485 3898 γίνεται
1530 3832 1630 3894 τῆς
1660 3824 1958 3901 ἀγγελικῆς

300 3910 532 3983 ἡδονῆς,
571 3912 661 3966 καὶ
703 3919 803 3982 τῆς
851 3910 903 3966 ἐν
949 3911 1179 3975 ἐκείνοις
1230 3913 1557 3989 ἆοχλησίας,
1604 3916 1722 3969 καθ’
1766 3917 1827 3984 ἣν
1863 3922 1957 3993 ῥᾳ-

304 4001 711 4073 στωνευόμενος
765 3999 960 4055 λοιπὸν
995 4002 1023 4055 ὁ
1052 4005 1196 4073 νοῦς,
1232 4001 1305 4063 ὠς
1337 4001 1389 4056 ἐν
1440 4001 1591 4079 ῥᾳονι
1627 4002 1778 4074 λήξει
1808 4006 1959 4078 γενό-

309 4112 493 4164 μενος,
555 4089 644 4145 ἰπὶ
701 4094 770 4163 τῇ
833 4091 1080 4165 σωτηρίᾳ
1133 4095 1241 4146 τῶν
1296 4091 1654 4165 σωζομένων,
1715 4093 1959 4166 ἀπαθῶν,

307 4182 425 4243 καθ’
458 4181 583 4235 ὅσον
619 4176 868 4248 δυνατὸν,
904 4181 1032 4234 Θεὸν
1066 4184 1338 4253 μιμεῖται,
1364 4181 1454 4235 τὸν
1490 4180 1716 4245 θέλοντα
1760 4183 1963 4246 πάντας

306 4268 630 4342 ἀνθρώπους
681 4275 944 4339 σωθῆναι,
997 4267 1311 4332 ἀπολαύσας
1342 4274 1449 4325 τῶν
1490 4275 1587 4325 τοῦ
1614 4276 1745 4326 Θεοῦ
1775 4274 1962 4347 θεουρ-

303 4362 415 4432 γῶν
467 4358 892 4435 ἐπιφοιτήσεων,
933 4359 1178 4412 τουτέστι
1227 4362 1332 4412 τῶν
1386 4358 1540 4420 θεοὺς
1581 4358 1960 4435 ἐργαζομένων

301 4448 389 4501 καὶ
419 4445 827 4503 ἀποτελουσῶν.
866 4445 1192 4522 [Θεουργοὺς
1226 4444 1283 4501 δὲ
1309 4446 1678 4526 ἐπιφοιτήσεις
1709 4452 1842 4526 φησί
1871 4452 1967 4515 τὰς

305 4535 459 4597 θεοὺς
492 4533 860 4611 ἐργαζομένας
892 4534 982 4590 καὶ
1015 4533 1430 4610 ἀποτελούσας.]

376 4625 500 4678 “Οτι
581 4629 691 4678 τῶν
779 4624 873 4696 μὲν
951 4626 1053 4693 τὴν
1144 4625 1535 4698 ὑπερκόσμιον.

306 4710 408 4785 δὶ,]
463 4711 546 4767 ὅτι
609 4709 691 4766 δεῖ
763 4713 853 4767 τὸν
929 4714 1227 4787 ἀγνοοῦντα
1311 4717 1384 4787 μὴ
1446 4714 1691 4792 ἐρυθριᾷν
1770 4717 1821 4772 ἐν
1883 4722 1965 4781 οἷς

307 4802 602 4875 ἠγνόησεν,
656 4799 783 4856 ἀλλ’
831 4799 1124 4878 ὁμολογεῖν
1175 4804 1273 4872 τὴν
1326 4800 1575 4879 ἄγνοιαν,
1618 4806 1707 4859 καὶ
1764 4809 1840 4878 μὴ
1891 4809 1966 4871 ὡς

308 4888 498 4964 ἔτυχεν
547 4889 930 4963 ἀποκρίνεσθαι
980 4891 1105 4966 περὶ
1158 4893 1232 4944 ὧν
1288 4893 1582 4967 ἠγνόησεν.
1634 4895 1827 4950 Ἰστέον
1887 4895 1963 4967 δὲ,

312 4977 392 5033 ὅτι
422 4979 491 5033 τὰ
527 4978 880 5055 γνωρίσματα
929 4980 1063 5055 ἅπερ
1116 4982 1264 5055 εἶχον
1311 4978 1388 5036 ἔτι
1438 4980 1704 5049 Ἕλληνες
1735 4980 1884 5046 ὄντες
1915 4987 1966 5040 οἱ

308 5066 479 5141 ἅγιοι,
537 5067 690 5121 οὗτοι
750 5068 840 5122 καὶ
907 5068 1040 5139 μετὰ
1081 5069 1142 5122 τὸ
1191 5069 1506 5143 ἐπιστρέψαι
1536 5072 1674 5146 πρὸς
1722 5074 1954 5146 Χριστὸν

304 5155 737 5231 ἆνερυθριάστως
811 5156 1118 5235 ἐπέγραφον
1194 5158 1423 5222 ἑαυτοῖς.
1503 5157 1642 5215 Ἰδοὺ
1713 5163 1815 5235 γὰρ
1875 5165 1963 5218 καὶ

313 5245 469 5308 οὗτος
498 5244 893 5321 Ἀρεοπαγίτην
924 5242 1084 5299 καλεῖ
1114 5246 1318 5301 ἑαυτόν·
1355 5247 1445 5302 καὶ
1479 5250 1505 5302 ὁ
1547 5254 1688 5312 θεῖος
1732 5253 1965 5307 Ἰουστῖ-

304 5358 388 5399 νος
418 5335 474 5392 ἂν
504 5341 586 5409 τῷ
621 5336 770 5412 Πρὸς
821 5334 1102 5408 Ἕλληνας
1152 5334 1307 5412 λόγῳ
1358 5338 1650 5394 Ἰουστίνου
1700 5340 1966 5419 ἐπέγραψε

306 5424 638 5505 φιλοσόφου.

2065 3386 2272 3460 quales
2304 3386 2506 3457 utique
2524 3386 2700 3441 etiam
2731 3384 2886 3438 viros
2936 3386 3066 3435 eses
3101 3378 3394 3443 convenit,
3426 3376 3718 3447 quemad-

2067 3477 2306 3531 modum
2341 3478 2582 3530 sanctus
2612 3474 2706 3527 hic
2736 3472 2836 3540 ait,
2871 3470 3223 3534 sacerdotes,
3246 3471 3312 3521 ut
3339 3464 3555 3520 divinis
3578 3481 3721 3536 quo-

2068 3582 2180 3639 que
2232 3565 2291 3619 in
2348 3579 2545 3620 rerum
2607 3560 2941 3633 cognitione
2989 3554 3492 3612 illustrationibus
3549 3553 3716 3625 digni

2068 3661 2440 3719 censeantur,
2474 3658 2531 3709 et
2561 3653 2620 3708 in
2643 3669 2789 3724 pura
2810 3651 2871 3706 in
2906 3650 3088 3705 Deum
3110 3645 3437 3702 intentione
3460 3663 3473 3712 ;
3498 3661 3564 3700 ex
3587 3642 3719 3698 tali-

2070 3747 2179 3802 bus
2210 3746 2365 3801 enim
2398 3742 2895 3799 illustrationibus
2924 3756 3087 3795 mens
3109 3739 3255 3793 deus
3284 3736 3722 3806 etfecta,postea

2070 3834 2522 3908 [expeditiorem
2574 3836 2796 3889 statum
2854 3831 3087 3899 adepta]
3136 3825 3367 3882 exsistit
3422 3823 3483 3878 in
3515 3823 3719 3878 habitu

2070 3924 2350 3996 angelicae
2382 3922 2722 3994 voluptatis,
2754 3919 2992 3975 etillius
3022 3934 3152 3989 quae
3184 3918 3243 3971 in
3274 3914 3422 3986 ipsis
3445 3916 3537 3968 est
3565 3917 3724 3966 tran-

2070 4013 2385 4086 quillitatis
2412 4029 2425 4080 ;
2463 4012 2518 4065 in
2554 4027 2670 4083 qua
2696 4025 2883 4075 mens,
2907 4005 3119 4061 deinde
3152 4003 3520 4059 commodam
3546 4015 3727 4071 agens

2068 4104 2249 4159 vitam
2282 4103 2341 4157 in
2372 4100 2595 4156 meliori
2629 4099 2915 4153 exsistens
2947 4099 3126 4160 sorte,
3179 4097 3417 4165 propter
3474 4089 3726 4145 salutem

2071 4209 2273 4250 eorum
2308 4192 2410 4261 qui
2442 4190 2514 4245 ab
2546 4187 2708 4244 omni
2762 4186 2970 4242 affectu
3029 4183 3197 4237 liberi
3257 4182 3588 4247 servantur,
3623 4192 3725 4248 pro

2070 4282 2293 4337 viribus
2326 4280 2531 4345 Deum,
2564 4292 2767 4331 omnes
2803 4271 3024 4329 servari
3082 4270 3403 4338 volentem,
3434 4267 3704 4321 imitatur

2074 4372 2275 4426 fruens
2306 4367 2518 4423 divinis
2550 4364 2886 4436 illapsibus,
2918 4361 2975 4415 id
3024 4364 3114 4415 est
3160 4360 3300 4413 deos
3330 4354 3692 4412 efficientibu

2073 4467 2131 4516 et
2155 4451 3063 4531 perficientibusvisitationibus.
3088 4447 3357 4517 [Deificos
3379 4449 3575 4500 autem
3597 4441 3727 4497 illa-

2074 4566 2218 4621 psus
2247 4550 2419 4602 vocat
2447 4562 2546 4600 eas
2570 4543 2667 4614 qui
2695 4543 2836 4597 deos
2867 4539 3131 4595 efficiunt
3160 4553 3225 4592 ac
3257 4534 3617 4608 perficiunt]

1626 4628 1967 4700 [Σημιίωσαι
2002 4642 2046 4707 D
2152 4635 2534 4701 Quarumdam
2558 4628 3091 4703 supermundinlem.
3117 4626 3289 4697 [Nota
3308 4622 3464 4694 vero]
3499 4625 3729 4693 oporte-

2076 4744 2138 4782 re
2170 4727 2539 4797 ignorantem
2573 4722 2817 4776 minime
2847 4718 3191 4773 erubescere
3222 4716 3281 4769 in
3312 4714 3386 4769 iis
3416 4729 3538 4783 quae
3570 4711 3731 4781 igno-

2075 4821 2202 4879 rat;
2238 4814 2337 4868 sed
2396 4811 2561 4867 lateri
2618 4808 3034 4881 ignorantiam,
3078 4820 3268 4876 neque
3324 4805 3495 4873 prout
3526 4814 3725 4854 occur-

2075 4906 2152 4959 rit
2182 4901 2537 4973 respondere
2568 4901 2637 4954 de
2668 4898 2741 4953 iis
2775 4914 2901 4968 quas
2961 4896 3227 4966 ignorat;
3281 4891 3585 4946 sciendum
3619 4904 3723 4942 au-

2075 4996 2194 5047 tem
2227 4995 2335 5055 est,
2384 4993 2619 5043 sanctos
2676 4985 2880 5040 titulos
2939 4983 3084 5037 istos
3141 4997 3291 5053 quos
3351 4993 3484 5033 cum
3534 4975 3725 5030 adhuc

2074 5078 2324 5151 gentiles
2356 5082 2524 5132 erant
2554 5075 2872 5139 habebant,
2924 5072 3036 5126 sibi
3097 5073 3228 5141 post
3283 5064 3722 5123 conversionem

2076 5170 2145 5224 ad
2194 5167 2487 5223 Christum
2545 5166 2671 5220 sine
2729 5164 2940 5217 rubore
2997 5157 3358 5229 ascripsisse.
3392 5156 3536 5211 Ecce
3567 5154 3724 5210 enim

2074 5258 2249 5314 etiam
2283 5256 2375 5311 hic
2407 5253 2823 5326 AreOpagitam
2854 5267 2916 5306 se
2941 5252 3139 5303 vocat:
3175 5252 3233 5301 et
3253 5246 3424 5301 divus
3452 5244 3726 5299 Justinus

2074 5348 2135 5405 in
2166 5348 2312 5404 libro
2342 5345 2613 5401 Adversus
2643 5342 2907 5416 gentiles,
2968 5336 3243 5408 ascripsit
3297 5332 3513 5392 Justini
3544 5332 3727 5407 philo-

2071 5436 2265 5510 sopbi.

1336 5633 1583 5691 VARIIE
1631 5636 2025 5698 LECTIONES
2064 5640 2152 5696 ET
2190 5632 2726 5694 CORRECTIONES

372 5743 415 5777 ⁸⁷
447 5734 843 5797 έκϐάλλονται.
918 5736 964 5773 ⁸⁵
992 5736 1189 5813 ἱερέας.
