4158 6370
1326 778 1859 953 ΤΟΥ

1243 418 1609 472 APPENDIX
1648 420 1744 472 AD
1780 416 2023 472 OPERA
2057 417 2118 468 S.
2158 411 2474 467 DIONYSII
2516 400 3015 473 ABEOPAGITE.

3738 415 3843 469 116

2046 777 2949 954 ΑΥΤΟΥ

2012 1072 2126 1125 ΣΙΣ
2164 1073 2253 1128 ΤΟ

838 1257 1139 1355 ΠΕΡΙ
1220 1259 1461 1355 ΤΗΣ
1546 1254 2649 1353 ΕΚΚΑΗΣΙΑΣΤΙΚΗΣ
2735 1254 3439 1353 ΙΕΡΑΡΧΙΑΣ.

904 1681 1827 1847 EJUSDEM
1906 1674 3384 1847 COMMENTARIA

1820 1978 1933 2064 IN
2010 1977 2458 2066 LIBRUM

734 2191 951 2315 DE
1073 2190 2357 2318 ECGLESIASTIGA
2478 2187 3554 2313 HIERARCHIA

877 2433 1224 2514 Interprete
1265 2434 1452 2496 Petro
1482 2433 1825 2510 Lansselio,
1863 2430 2347 2512 Gravelingano,
2397 2450 2430 2493 e
2480 2428 2792 2492 Societate
2836 2430 2984 2493 Jesu
3017 2426 3408 2510 presbytero.

1021 2825 1117 2880 51
1154 2824 1227 2879 IN
1269 2824 1427 2879 CAP.
1472 2827 1517 2881 Ι.

514 2929 541 2995 §
570 2927 613 2983 Ι.
648 2928 886 2998 Dei/iraa.
920 2929 1199 2987 Deiﬁcam
1258 2930 1515 3003 appellat
1570 2946 1722 2995 eam,
1754 2946 1881 3001 quze
1915 2945 1946 2984 a
1976 2929 2092 2984 Deo

450 3016 773 3087 perﬁcitur,
808 3018 928 3073 sive
959 3034 1084 3089 quaa
1117 3019 1459 3075 hominibus
1482 3021 1857 3091 datur,atque
1878 3018 2093 3074 idcirco

451 3105 607 3175 quod
639 3106 1107 3163 Christianorum
1167 3108 1496 3165 bierarchia
1550 3110 1690 3165 deos
1730 3109 1871 3163 facit
1899 3112 1955 3163 et
1983 3107 2091 3162 ab-

450 3192 645 3250 solvit.

516 3284 935 3343 Tradz’tz‘onum.
958 3287 1103 3352 Quia
1127 3288 1509 3344 ecclesiastici
1535 3288 1760 3345 ordinis
1783 3287 2091 3344 scientiam

445 3373 762 3431 traditione
779 3377 1020 3448 accepit.

517 3468 637 3520 Non
670 3465 948 3536 explodas.
984 3466 1040 3521 Id
1063 3470 1169 3528 est.
1197 3483 1310 3522 non
1342 3468 1587 3523 ridicule
1619 3472 1675 3523 et
1707 3468 2093 3523 irreverenter

448 3552 761 3608 manifesta
794 3556 1070 3610 omnibus
1093 3556 1355 3626 profanis
1380 3557 1579 3623 facies,
1610 3557 1974 3611 occasionem
2012 3556 2092 3610 ri-

444 3657 567 3708 sus,
601 3642 829 3698 divinas
862 3647 920 3699 et
947 3645 1207 3715 mysterii
1243 3644 1443 3715 plenas
1475 3661 1566 3701 res
1598 3646 1876 3700 efﬁciens.

517 3818 657 3875 Solis
684 3836 808 3875 vero
837 3824 1061 3877 sanctis.
1097 3822 1241 3885 Quia
1272 3840 1383 3877 non
1418 3826 1644 3894 oportet
1700 3826 1899 3878 sancta
1960 3840 2091 3895 pro-

447 3906 600 3963 fanis
639 3909 949 3980 explicare,
986 3926 1092 3966 nec
1151 3912 1500 3983 margaritas
1548 3912 1754 3967 suibus
1786 3912 2089 3983 projicere.

522 4088 881 4145 Divinissima
910 4106 1082 4145 mens.
1144 4090 1477 4147 Notandum
1520 4096 1610 4147 est
1656 4096 1860 4147 contra
1890 4093 2093 4149 Nesto-

2119 2822 2174 2890 A

2693 2826 2805 2876 ΕΙΣ
2848 2821 2942 2878 ΤΟ
2982 2821 3240 2877 ΚΕΦΑΛ.
3280 2821 3362 2876 A’.

2275 2929 2375 2995 §I.
2412 2928 2486 2999 [α]
2528 2933 2879 3000 Θεουργικῆς.
2912 2931 3243 3002 Θεουργικῆς
3291 2944 3424 3002 φησι
3472 2929 3572 2993 τῆς
3626 2921 3686 2978 ix
3724 2927 3865 2978 Θεοῦ

2203 3012 2617 3090 ἑνεργουμὲνης,
2675 3014 2845 3090 ἤγουν
2906 3013 3155 3084 δοθείσης
3226 3013 3557 3089 ἀνθρώποις,
3620 3012 3863 3067 καὶρὸτι

2203 3103 2356 3166 θεοὺς
2417 3104 2772 3180 ἀπεργάζεται
2828 3104 2919 3159 καὶ
2978 3102 3235 3159 ἀποτελεῖ
3291 3105 3324 3172 ἡ
3396 3101 3447 3158 ἰν
3509 3104 3868 3177 Χριστιανοῖς

2200 3192 2473 3269 ἱεραρχία.

2273 3281 2653 3357 Παραδόσεων.
2710 3285 2834 3340 Ὅτι
2888 3284 2988 3351 τὴν
3049 3282 3377 3358 ἱεραρχικήν
3436 3279 3749 3353 ἐπιστήμην
3802 3279 3868 3335 ἑκ

2200 3370 2554 3445 παραδόσεως
2579 3368 2903 3448 παρέλαϐεν.

2277 3463 2356 3536 [β]
2438 3458 2553 3518 Οὐκ
2628 3461 2929 3536 ἐξορχήσῃ.
3002 3460 3284 3516 Τουτέστιν
3362 3458 3424 3514 οὐ
3503 3456 3861 3533 παιγνιωδῶς

2203 3551 2293 3605 καὶ
2353 3546 2667 3613 ἆνιυλαϐῶς
2724 3553 2974 3621 ποιήσεις
3037 3550 3165 3605 πᾶσι
3222 3555 3341 3613 τοῖς
3395 3548 3632 3625 ἀνιέροις
3691 3568 3862 3619 κατα-

2202 3647 2369 3718 φανῆ,
2431 3639 2677 3716 γὲλωτος
2727 3642 2983 3719 ἀφορμὴν
3041 3640 3411 3713 ποιούμενος,
3463 3638 3530 3693 τὰ
3586 3642 3703 3701 θεῖα
3760 3638 3851 3691 καὶ

2206 3731 2455 3803 μυστικά.

2276 3822 2352 3894 [γ]
2412 3821 2599 3894 Ἰεροῖς
2660 3818 2717 3875 δὲ
2780 3821 2991 3893 μόνοις·
3026 3819 3149 3877 ’Ότι
3209 3817 3269 3873 οὐ
3319 3815 3400 3872 δεῖ
3454 3816 3521 3872 τὰ
3569 3817 3693 3892 ἅγια
3743 3820 3865 3881 τοῖς

2205 3904 2468 3984 βεϐήλοις
2495 3908 2791 3987 ἐκφαίνειν,
2812 3906 2938 3964 οὐδὲ
2965 3910 3091 3971 τοὺς
3124 3907 3458 3984 μαργαρίτας
3490 3910 3604 3968 τοῖς
3638 3902 3862 3981 χοίροις

2241 3998 2430 4053 ίπτειν.

2241 3998 2430 4053 ίπτειν.

2203 3998 2349 4160 ῥ[δ]
2426 4089 2486 4145 Ὀ
2551 4088 2989 4163 θιαρχικώτατος
3064 4091 3213 4148 νοῦς.
3293 4082 3643 4159 Σημειωτὲον
3721 4084 3863 4140 κατὰ

445 4175 663 4246 rianos,
700 4182 956 4234 mentem
988 4180 1161 4234 etiam
1196 4180 1267 4235 de
1298 4179 1415 4237 Deo
1446 4181 1580 4235 dici.
1606 4182 2091 4238 Sanotificationis

2228 4182 2600 4253 ὕεστοριανῶν,
2642 4178 2723 4232 ὅτι
2774 4181 2896 4239 νοῦς
2945 4176 3033 4231 καὶ
3081 4176 3169 4231 ἐπὶ
3229 4180 3362 4231 Θεοῦ
3412 4172 3651 4249 λέγεται·
3706 4174 3864 4249 ἁγια-

445 4270 639 4321 autem
675 4266 793 4321 sive
825 4268 1098 4339 puritatis
1130 4270 1198 4323 ad
1234 4269 1627 4324 sanctitatem.

516 4355 616 4412 52
638 4357 827 4423 Quoad
852 4358 971 4425 ﬁeri
1004 4361 1195 4426 potest.
1246 4360 1578 4413 Secundum
1615 4364 1966 4431 potestatem
2000 4377 2095 4416 es-

445 4444 797 4511 sentiarum,
830 4463 956 4516 qua:
991 4451 1185 4501 mente
1216 4454 1354 4501 sunt
1379 4448 1655 4519 praeditas,
1683 4454 1741 4503 et
1764 4448 2097 4506 solamente

445 4539 923 4603 cognoscuntur:
958 4552 1143 4603 neque
1202 4536 1353 4591 enim
1414 4537 1609 4602 Jesus,
1644 4540 1965 4594 secundum
2000 4557 2098 4611 po-

445 4625 725 4678 testatem
762 4640 927 4679 suam
964 4624 1113 4695 (scil.
1149 4624 1433 4697 ἀφομοιοῖ,
1466 4626 1577 4681 sibi
1640 4628 1865 4684 similes
1893 4629 2093 4701 facit);

446 4714 537 4766 est
568 4712 723 4768 enim
772 4712 1014 4767 infinitae
1067 4716 1393 4785 potestatis,
1436 4731 1566 4771 cum
1601 4716 1678 4771 sit
1708 4717 1883 4773 etiam
1917 4718 2091 4774 Deus.

518 4800 819 4857 Connectit.
853 4801 1264 4873 Interpretatio
1307 4803 1516 4859 horum
1549 4810 1636 4861 est
1665 4806 1723 4861 in
1760 4808 1963 4879 quinto
1995 4825 2093 4864 ca-

443 4889 563 4960 pite
594 4889 722 4945 libri
759 4893 831 4946 De
850 4892 1055 4946 divinis
1076 4894 1414 4947 nominibus.

515 4980 711 5036 Multas
740 4983 1058 5036 varietates.
1120 4982 1337 5038 Multas
1394 4984 1703 5040 varietates
1757 4986 1876 5042 sive
1917 4988 2090 5043 dissi-

442 5067 811 5126 militudines
845 5071 959 5126 dici
1012 5071 1286 5142 arbitror,
1323 5073 1509 5128 multa
1555 5090 1767 5145 genera
1808 5076 2091 5131 sollicitu-

441 5154 651 5211 dinum
686 5160 756 5213 ad
789 5175 1024 5215 carnem
1062 5176 1163 5215 seu
1218 5177 1431 5233 corpus
1480 5163 1897 5233 pertinentium
1933 5167 2091 5236 cupi-

435 5243 711 5314 ditatum,
744 5264 888 5316 quas
947 5250 1235 5304 Dominus
1266 5254 1419 5305 vetat
1454 5267 1465 5305 :
1521 5252 1859 5307 uniusmodi
1894 5259 2088 5309 autem

435 5332 818 5406 divinamquc
851 5336 1049 5405 vitam,
1083 5339 1339 5409 primum
1375 5356 1633 5411 quaerere
1683 5356 1925 5412 regnum
1988 5344 2087 5398 Dei

434 5427 491 5477 et
514 5423 810 5495 justitiam
843 5427 1010 5496 ejus;
1037 5427 1094 5481 id
1119 5429 1273 5499 quod
1308 5428 1664 5501 signiﬁcavit
1693 5429 1978 5487 Dominus
2025 5431 2086 5487 in

2202 4268 2377 4328 στείας
2412 4265 2488 4335 δὲ,
2522 4265 2646 4335 ἦτοι
2677 4266 3049 4340 καθαρότητος
3079 4262 3152 4326 εἷς
3184 4262 3512 4340 ἁγιωσύνην.

2283 4356 2518 4428 [ε]Κατά
2572 4354 2822 4428 δύναμιν.
2875 4360 2991 4408 Τῶν
3048 4357 3248 4427 νοερῶν
3300 4349 3474 4406 αὐτῶν
3528 4350 3726 4405 οὐσιῶν
3768 4349 3863 4405 καὶ

2204 4450 2411 4515 νοητῶν
2442 4444 2576 4500 κατᾶ
2624 4446 2722 4512 τὴν
2775 4442 3025 4516 δύναμιν*
3058 4442 3120 4498 οὐ
3170 4442 3270 4516 γὰρ
3304 4443 3440 4495 κατὰ
3485 4442 3587 4509 τὴν
3620 4438 3787 4493 αὐτοῦ
3818 4440 3867 4475 ⁸³

2207 4532 2433 4607 δύναμιν
2524 4534 2757 4604 Ἰησοῦς·
2843 4530 3279 4608 ἀπειροδύναμος
3357 4528 3500 4605 γὰρ,
3591 4530 3681 4583 ἁτε
3766 4528 3857 4581 καὶ

2205 4623 2357 4685 Θεός.

2277 4803 2744 4877 [ς]Σι›μπτύσσει.
2805 4804 2868 4858 Ἡ
2918 4793 3176 4876 ἑρμηνεία
3226 4798 3432 4855 τούτων
3488 4797 3627 4852 ἐστὶν
3680 4795 3733 4851 ἒν
3778 4802 3864 4870 τῷ

2203 4894 2333 4967 Περὶ
2366 4894 2520 4956 θείων
2562 4892 2846 4965 ὀνομάτων
2873 4891 3109 4964 πέμπτῳ
3137 4886 3437 4967 κεφαλαίῳ.

2274 4986 2345 5055 [ζ]
2376 4980 2594 5043 Πολλὰς
2642 4983 2985 5055 ἑτερότητας.
3039 4977 3259 5040 Πολλὰς
3316 4976 3637 5052 ἑτερότητας
3696 4975 3854 5045 οἶμαι

2202 5070 2456 5147 λέγεσθαι
2519 5072 2614 5132 τὰς
2673 5068 2984 5131 πολυειδεῖς
3045 5073 3150 5123 τῶν
3213 5070 3487 5139 σαρκικῶν
3546 5064 3860 5136 ἐπιθυμιῶν

2206 5164 2486 5237 μερίμνας,
2547 5160 2607 5223 ἃς
2664 5157 2984 5236 ἀπαγορεύει
3045 5160 3072 5213 ὁ
3122 5157 3339 5232 Κύριος”
3392 5152 3603 5222 ὲνοειδῆ
3656 5151 3713 5207 δὶ
3769 5153 3866 5207 καὶ

2201 5252 2341 5315 θείαν
2381 5252 2524 5320 ζωήν
2566 5252 2627 5304 τὸ
2677 5255 2854 5319 ζητεῖν
2908 5248 2961 5302 ἐν
3011 5248 3255 5321 πρώτοις
3302 5246 3402 5313 τὴν
3451 5240 3728 5315 βασιλείαν
3761 5240 3867 5296 τοῦ

2199 5347 2333 5396 Θεοῦ
2365 5341 2454 5396 καὶ
2502 5342 2601 5409 τήν
2644 5337 2992 5408 δικαιοσύνην
3027 5336 3212 5407 αὐτοῦ,
3245 5334 3378 5410 ὅπερ
3427 5335 3457 5389 ὁ
3486 5331 3686 5407 Κύριος
3734 5331 3868 5401 ἐσή-

2204 5451 2388 5505 μανεν,
2444 5428 2608 5485 εἶ’πὼν
2668 5427 2721 5484 ἐν
2764 5432 2831 5503 τῇ
2888 5429 3049 5503 εὐχῇ,
3089 5424 3180 5480 ’ίνα
3228 5426 3358 5479 ὦσιν
3401 5421 3479 5479 ἓν·
3526 5422 3590 5475 τὸ
3623 5417 3683 5475 δὶ
3712 5420 3866 5477 οὕτω

1464 5657 1706 5717 νΑΒῘΑΕ
1744 5659 2133 5718 LECTIONES
2171 5659 2261 5717 ET
2296 5656 2831 5718 CORRECTIONES

510 5754 554 5789 ”
584 5752 794 5809 ἑαυτοῦ.
