4158 6370
306 396 407 449 117

1037 400 1097 452 S.
1122 397 1413 452 ,ΜΑΧΙΜῙ
1448 396 1767 452 SCHOUA‘
1790 396 1863 447 IN
1904 394 2039 447 LIB.
2076 395 2175 446 DE
2210 396 2503 453 ECCLES.
2544 400 3019 455 BIEBARCHIA.

3631 392 3735 448 118

304 521 637 582 πεποιῶσθαι
688 516 792 587 τήν
837 518 1047 594 ψυχὴν,
1095 515 1202 591 ἕξιν
1253 519 1401 596 ἱερὰν
1454 516 1804 585 ἆπεκάλεσεν,
1846 514 1957 585 ἥτις

2093 518 2437 589 precatione,
2473 537 2607 578 cum
2638 522 2801 594 dicit,
2832 526 2893 580 ut
2936 523 3051 578 sint
3084 537 3256 578 unum
3277 521 3388 593 (z);
3421 519 3504 575 sic
3533 523 3731 575 autem

304 608 391 665 καὶ
428 606 667 682 μάλιστα
696 612 823 671 τοῖς
857 609 1179 683 ἱερωμένοις
1209 606 1525 684 πρεπώδης.

375 882 484 938 Καὶ
540 886 642 951 τῆς
699 883 812 935 τῶν
872 879 1157 953 θεαμάτων
1218 880 1497 955 γνώσεως.
1550 874 1799 931 Τουτὲστι
1856 878 1964 929 τῶν

306 971 428 1046 περὶ
463 974 595 1027 Θεοῦ
626 966 815 1045 λόγων
848 969 938 1024 καὶ
988 967 1333 1046 διδαγμάτων
1384 970 1485 1039 τήν
1535 965 1965 1039 ἐπιπημονικήν

304 1060 653 1132 κατανόησιν·
687 1060 753 1115 οὐ
780 1060 886 1134 γὰρ
916 1054 1050 1134 ἄχρι
1082 1057 1255 1133 ψιλῆς
1284 1065 1385 1128 τῆς
1416 1061 1524 1113 τῶν
1558 1055 1762 1131 λογίων
1796 1053 1965 1123 ἀκοῆς

305 1151 340 1221 ἢ
373 1151 736 1230 ἑκφωνήσεως
762 1149 831 1205 τὰ
856 1152 964 1204 τῶν
994 1150 1152 1224 ἱερῶν
1191 1150 1466 1223 μυήσεων,
1499 1145 1645 1202 ἀλλᾶ
1672 1148 1743 1220 τῇ
1788 1164 1967 1217 παρα-

304 1239 641 1313 κολουθήσει
668 1245 770 1310 τῆς
804 1234 1046 1301 διανοίας
1096 1238 1185 1294 καὶ
1234 1242 1302 1312 τῇ
1354 1237 1560 1293 συνέσει
1608 1240 1713 1290 τῶν
1764 1235 1963 1308 ὑμνου-

312 1332 489 1406 μένων
529 1352 543 1365 ’
597 1328 743 1385 οὕτω
792 1328 892 1405 γὰρ
946 1329 1036 1383 καὶ
1087 1329 1139 1384 οἳ
1189 1329 1327 1384 κατὰ
1363 1328 1491 1383 Θεὸν
1543 1329 1760 1402 πρῶτον
1810 1325 1969 1397 ἀφιε-

307 1424 527 1495 ροῢνται
584 1418 753 1490 αὐτῷ,
816 1418 907 1473 καὶ
961 1417 1058 1482 εἶθ’
1115 1416 1293 1480 οὕτως
1339 1416 1543 1494 ὶτὲροις
1595 1415 1660 1470 τὸ
1715 1416 1963 1469 τοιοῦτον

302 1510 625 1586 προξενοῦσι
660 1528 674 1544 ’
706 1507 1067 1577 τελειοῦνται,
1099 1507 1187 1562 καὶ
1220 1504 1387 1561 πάλιν
1420 1504 1740 1561 τελειοῦσιν.

377 1783 404 1848 §
436 1783 511 1833 II.
547 1774 822 1854 Ἀγγὲλων
855 1774 986 1834 ἐστί.
1014 1778 1136 1834 Ὅτι
1165 1775 1261 1837 τὰς
1312 1772 1463 1830 ἆννέα
1508 1772 1681 1845 τάξεις
1730 1769 1820 1825 καὶ
1871 1772 1963 1823 νῦν

2080 609 2343 665 affectam
2376 627 2507 667 esse
2535 611 2712 668 veluti
2757 613 3039 684 qualitate
3090 611 3290 683 aliqua
3321 610 3603 675 animam,
3635 625 3735 665 sa-

2078 714 2243 754 crum
2278 699 2545 757 habitum
2570 701 2933 769 nominavit;
2967 703 3065 774 qui
3097 700 3274 758 etiam
3309 698 3563 756 maxime
3591 715 3733 754 con-

2079 794 2338 845 secretos
2371 790 2640 847 homines
2666 792 2854 847 decet.

2153 878 2438 936 Visionum
2470 882 2641 937 etiam
2687 882 3017 953 cognitione.
3073 880 3139 935 Id
3187 883 3277 936 est
3323 878 3633 935 verborum
3664 876 3737 931 de

2076 967 2215 1036 Deo,
2247 974 2304 1024 et
2352 976 2779 1042 praeceptorum
2830 971 2949 1026 sive
3002 971 3490 1025 documentorum
3530 965 3738 1039 cogni-

2075 1056 2240 1112 tione
2289 1058 2651 1127 scientitica;
2703 1075 2892 1131 neque
2940 1058 3100 1115 enim
3150 1073 3338 1130 usque
3389 1057 3459 1113 ad
3510 1055 3731 1112 nudam

2075 1147 2386 1204 verborum
2416 1148 2748 1204 divinorum
2773 1149 3161 1218 auditionem,
3184 1151 3287 1203 aut
3304 1145 3734 1219 pronuntiatio-

2079 1252 2211 1291 nem
2246 1253 2425 1293 sacrze
2457 1238 2737 1294 doctrinae
2785 1243 3019 1294 tantum
3070 1237 3401 1309 pertinent;
3435 1235 3537 1291 sed
3567 1250 3735 1290 asse-

2077 1327 2309 1380 cutione
2356 1327 2593 1394 mentis,
2639 1330 2697 1382 et
2744 1326 3131 1398 intelligentia
3178 1342 3381 1381 eorum
3430 1340 3556 1395 quae
3605 1322 3736 1379 lau-

2076 1412 2318 1481 dantur,
2349 1416 2726 1485 continetur;
2762 1416 2847 1472 sic
2895 1416 3076 1483 enim,
3126 1416 3226 1487 qui
3260 1415 3378 1471 Deo
3408 1413 3728 1479 adhaerent,

2076 1502 2337 1575 primum
2370 1505 2421 1559 ei
2452 1510 2895 1576 consecrantur,
2940 1504 3152 1561 deinde
3184 1503 3408 1560 casteris
3438 1500 3731 1574 ejusmodi

2076 1591 2254 1648 ritum
2304 1593 2584 1663 tradunt;
2637 1594 3045 1667 perﬁciuntur,
3076 1597 3253 1666 atque
3302 1609 3511 1650 rursus
3552 1590 3733 1663 perti-

2076 1681 2259 1738 ciunt.

2146 1776 2173 1843 §
2203 1774 2274 1831 II.
2306 1775 2640 1847 Angelorum
2670 1785 2769 1832 est.
2817 1776 2979 1840 Quod
3031 1792 3232 1831 novem
3283 1774 3520 1832 ordines
3550 1772 3727 1829 etiam

306 1865 478 1945 λέγει,
502 1866 569 1929 ’ὰς
596 1865 991 1941 προωνόμασεν
1025 1866 1076 1922 ἐν
1105 1870 1186 1939 τῷ
1216 1865 1344 1940 Περὶ
1377 1866 1475 1929 τῆς
1505 1860 1649 1927 θείας
1680 1857 1957 1937 ἱεραρχίας

2093 1880 2233 1919 ωηο
2266 1864 2427 1936 dicit,
2462 1882 2610 1937 quos
2658 1865 2822 1937 prius
2852 1866 2913 1921 in
2944 1864 3094 1921 libro
3146 1869 3227 1921 De
3272 1864 3475 1921 caelesti
3503 1862 3725 1919 bierar-

537 2053 683 2102 πᾶσα
728 2049 764 2117 ἡ
808 2050 900 2101 νῦν
943 2046 1278 2121 ὑμνουμένη.
1312 2044 1412 2106 Τίς
1443 2046 1478 2114 ἦ
1511 2041 1740 2116 δύναμις
1782 2040 1962 2110 πάσης

306 2137 616 2215 ἱεραρχίας.

375 2226 558 2285 Αὐτόν
587 2247 647 2282 τε
677 2227 768 2282 τὸν
803 2227 1091 2303 ίεράρχην.
1125 2223 1383 2282 Τουτὲστι
1408 2222 1503 2279 τὸν
1535 2220 1847 2277 ἃπίσκοπον.

374 2400 481 2458 Καὶ
510 2405 629 2462 τοῖς
662 2391 1054 2469 ὑποϐεϐηκόσι.
1089 2395 1218 2473 Περὶ
1250 2399 1566 2472 προκοπῶν.

370 2484 821 2560 Ὑποόεϐηκότας
846 2486 1088 2552 ῐπεσθαι.
1123 2481 1549 2561 Πρεσϐυτὲρους.

375 2576 539 2634 Ἀλλ’
595 2579 651 2633 αἱ
714 2579 830 2651 μέν.
892 2578 1182 2654 Σύγκρισις
1238 2578 1338 2645 τῆς
1395 2575 1655 2650 οὐρανίας
1720 2571 1810 2627 καὶ
1862 2576 1961 2640 τῆς

296 2666 571 2738 αἰσθητῆς
601 2667 910 2743 ἱεραρχίας.

376 2754 689 2825 Ἀἴσθητῶν
758 2750 1075 2828 συμϐόλων.
1123 2753 1369 2824 Αἴσθητᾶ
1430 2746 1686 2825 σύμϐολά
1736 2750 1837 2806 είσι
1893 2749 1963 2804 τὰ

304 2846 433 2916 ἑξῆς
484 2843 809 2918 δηλούμενα
867 2846 1141 2920 μυστήρια
1173 2862 1184 2875 ·
1236 2841 1480 2897 τουτίστι
1535 2841 1597 2895 τὸ
1660 2839 1961 2915 βάπτισμα,

300 2933 435 3003 ἤτοι
500 2935 759 3011 φώτισμα
789 2951 804 2967 ο
835 2936 871 3004 ἡ
920 2933 1148 3005 σύναξις,
1202 2930 1374 3008 ἤγουν
1419 2931 1483 2986 τὸ
1529 2935 1629 2999 τῆς
1679 2926 1963 2988 κοινωνίας

309 3025 635 3097 μυστήριον,
667 3023 757 3078 καὶ
787 3024 855 3077 τὰ
883 3021 1070 3080 λοιπά.

372 3112 472 3170 Ἐν
507 3113 602 3185 μὶν
634 3107 799 3171 ἔστιν.
832 3114 895 3170 Ὁ
924 3114 1055 3174 Θεὸς
1088 3108 1368 3182 δηλονότι.

379 3201 507 3277 Οὐχ
537 3200 772 3264 ἐνιαίως.
809 3201 957 3256 Ἀντὶ
1001 3205 1099 3256 τοῦ
1148 3197 1422 3273 ἐνοειδῶς,
1454 3197 1543 3254 καὶ
1592 3198 1710 3253 καθ’
1736 3194 1826 3252 ἕνα
1870 3194 1959 3251 καὶ

303 3291 399 3346 τὸν
433 3290 597 3347 αὐτὸν
629 3292 830 3366 τρόπον
841 3336 855 3349 .

372 3385 603 3450 Now-,1th
635 3400 711 3437 τε.
740 3380 1088 3453 Σημειωτὲον
1119 3378 1210 3450 θ’θ,
1240 3377 1324 3433 ὅτι
1351 3376 1415 3433 τὰ
1446 3377 1721 3452 σύνταγμα
1749 3376 1779 3431 ὃ
1808 3376 1960 3448 αὐτῷ

303 3468 546 3540 litor/‘01,
577 3472 631 3507 ’°
659 3469 781 3546 περὶ
810 3473 1029 3541 νοητῶν
1062 3470 1150 3524 καὶ
1184 3468 1482 3540 αἰσθητῶν,
1512 3468 1640 3542 παρ’
1667 3469 1802 3540 ἡμῖν
1852 3464 1960 3539 οὐχ

300 3558 547 3635 εὕρηται.

373 3643 849 3724 Διεξοδικώτερον.
887 3646 1032 3705 Ἀντὶ
1059 3648 1157 3703 τοῦ
1189 3644 1547 3721 πλατύτερον.

370 3739 405 3811 §
462 3740 560 3794 III.
620 3739 696 3811 [α]
754 3738 909 3795 Ἔστι
986 3737 1083 3811 μὲν
1162 3736 1436 3812 ίεραρχία.
1494 3731 1770 3809 Ἱεραρχία
1823 3730 1957 3801 ἐστὶ,

303 3828 459 3906 φησὶ,
490 3829 673 3890 καθὼς
720 3828 754 3892 ἡ
807 3832 977 3895 σεπτή
1027 3828 1188 3899 ἡμῶν
1220 3822 1521 3901 παράδοσις
1551 3822 1864 3895 παρίστησι,
1894 3820 1960 3875 τὰ

299 3914 614 3980 καθολικῶς
641 3915 991 3992 Θεωρούμενα
1022 3917 1057 3986 ἢ
1093 3915 1363 3991 λεγόμενα
1410 3913 1534 3988 περὶ
1583 3917 1691 3967 τῶν
1738 3932 1958 3988 προκει-

305 4008 500 4079 μένων,
560 4004 733 4081 ἤγουν
784 4004 1159 4078 ὑποκειμένων
1208 4004 1367 4080 ἰερῶν
1415 4003 1747 4078 πραγμάτων
1784 4021 1795 4032 ·
1831 3998 1959 4069 ἤτοι

301 4093 359 4150 δὲ
417 4096 510 4150 καὶ
592 4095 956 4170 πραττόμενα.
1010 4092 1492 4172 Συγκεφαλαίωσιν
1553 4092 1654 4167 γὰρ
1704 4091 1803 4159 τὴν
1861 4094 1957 4144 τοῦ

301 4183 437 4240 ὅλου
496 4183 800 4259 περίληψιν
861 4181 1030 4258 λέγει,
1101 4182 1283 4258 ὥσπερ
1342 4183 1434 4238 καὶ
1492 4178 1958 4258 ἀνακεφαλαίωσιν

301 4273 534 4348 λὲγομεν
564 4273 628 4329 τὸ
653 4267 1011 4329 ἐπαναλαϐεῖν
1044 4271 1115 4327 ἐν’
1150 4269 1364 4347 ὀλίγοις
1394 4270 1462 4325 τὰ
1489 4267 1883 4347 προλεχθὲντα.

373 4452 459 4528 ῐβ]
547 4448 1000 4520 Καθολικωτάτη.
1082 4447 1357 4505 Καθολικά
1439 4448 1551 4503 ἐστι
1651 4448 1719 4503 τὰ
1799 4466 1955 4521 περι..

303 4540 654 4616 εκτικώτερα.
708 4540 884 4611 Φησὶν
942 4538 1057 4611 οὖν,
1100 4539 1205 4607 ὅτι,
1257 4539 1425 4614 τυχὸν
1485 4536 1697 4607 ἁπάσης
1752 4534 1953 4605 τάξεως

2071 1952 2197 2009 chia
2228 1954 2575 2011 nominavit.

2141 2044 2207 2099 Et
2234 2046 2412 2100 omnis
2441 2046 2539 2115 qui
2567 2044 2731 2101 modo
2775 2044 3137 2117 praedicatur.
3190 2046 3323 2111 Quis
3351 2046 3441 2100 vis
3489 2042 3566 2099 sit
3595 2042 3722 2100 uni-

2069 2150 2246 2190 versae
2275 2134 2639 2193 bierarchia.

2140 2225 2206 2280 Et
2234 2225 2422 2293 ipsum
2449 2227 2599 2281 sacri
2644 2224 2857 2281 ordinis
2903 2225 3226 2282 antistitem.
3278 2224 3341 2281 Id
3380 2226 3472 2281 est
3497 2222 3723 2296 episco-

2070 2328 2236 2384 pum.

2142 2401 2499 2475 Subﬁwsque
2525 2420 2671 2461 suos.
2703 2403 2863 2476 (Agit
2891 2403 3011 2472 hic)
3037 2404 3109 2460 de
3138 2401 3636 2475 promotionibus.

2140 2492 2231 2547 Sic
2256 2496 2319 2547 ut
2348 2493 2559 2549 subditi
2584 2498 2907 2564 sequantur.
2940 2492 3333 2565 Presbyteros.

2141 2580 2416 2638 Caeterum
2445 2585 2571 2639 ista
2597 2582 2838 2654 quidem.
2889 2581 3264 2653 Comparatio
3309 2579 3564 2636 cmlestis
3596 2578 3724 2635 bie-

2071 2670 2331 2739 rarchiae,
2365 2676 2423 2726 et
2452 2672 2580 2741 ejus
2611 2688 2741 2743 quas
2772 2671 2885 2726 sub
2915 2686 3158 2727 sensum
3189 2669 3366 2724 cadit.

2138 2759 2507 2815 Sensibilium
2534 2761 2845 2828 signorum.
2897 2759 3077 2830 Signa
3120 2756 3426 2815 sensibilis
3455 2759 3596 2811 sunt
3625 2773 3725 2812 sa-

2069 2853 2367 2904 cramenta
2397 2865 2524 2920 quas
2558 2849 2839 2921 deinceps
2859 2852 3233 2919 exponuntur
3267 2864 3280 2899 :
3318 2846 3375 2901 id
3409 2849 3500 2902 est
3529 2846 3726 2917 bapti-

2071 2953 2259 3007 smus,
2292 2936 2413 2993 sive
2444 2937 2758 2993 illustratio
2786 2956 2801 3006 ;
2832 2938 3090 3010 synaxis,
3136 2937 3259 2992 sive
3288 2934 3725 2992 communionis

2070 3031 2504 3082 sacramentum
2517 3070 2531 3094 ,
2562 3030 2621 3081 et
2650 3030 2876 3082 cetera.

2146 3117 2326 3174 Unum
2354 3117 2584 3187 quidem
2612 3123 2708 3172 est.
2740 3115 2974 3173 Scilicet
3002 3115 3178 3171 Deus.

2144 3209 2270 3261 Non
2325 3204 2601 3263 unimode.
2661 3204 2790 3272 Pro,
2859 3204 3231 3261 uniformiter
3288 3210 3343 3259 et
3399 3203 3724 3259 secundum

1989 3266 2033 3335 α
2073 3310 2254 3350 unum
2283 3294 2677 3364 eumdemque
2707 3294 2979 3350 modum.

2142 3384 2216 3440 De
2264 3383 2693 3439 intelleclilibus.
2744 3382 3082 3438 Notandum
3134 3386 3245 3452 est,
3296 3380 3512 3437 librum
3551 3396 3725 3451 quem

2068 3472 2310 3544 scripsit
2339 3473 2414 3528 de
2438 3471 2513 3527 iis
2536 3488 2664 3543 quis
2686 3470 3076 3543 intelligentia
3098 3470 3497 3539 continentur,
3520 3473 3576 3525 et
3595 3485 3724 3540 quis

2069 3563 2179 3619 sub
2212 3577 2452 3617 sensum
2482 3562 2719 3628 cadunt,
2752 3562 2907 3633 apud
2944 3577 3048 3616 nos
3089 3577 3201 3617 non
3235 3558 3505 3616 inveniri.

2141 3652 2359 3706 Fusius.
2393 3650 2522 3713 Pro,
2554 3648 2731 3705 latius
2763 3653 2821 3704 et
2850 3648 3140 3720 pluribus.

2140 3740 2241 3797 53
2274 3738 2304 3811 §
2335 3739 2407 3794 IlI
2438 3740 2540 3794 Est
2586 3739 2807 3809 quidem
2855 3738 3194 3795 hierarchia.
3244 3735 3583 3793 Hierarchia
3612 3738 3721 3803 est,

2068 3828 2282 3899 inquit,
2313 3829 2465 3884 sicut
2494 3830 2827 3885 veneranda
2851 3829 3089 3884 traditio
3114 3833 3312 3883 nostra
3344 3824 3635 3898 proponit,
3657 3840 3725 3879 ea

2069 3936 2195 3988 quae
2228 3919 2578 3991 generaliter
2606 3923 2665 3974 et
2694 3918 2963 3974 universe
2990 3918 3285 3983 videntur,
3311 3919 3416 3971 aut
3445 3914 3723 3969 dicuntur

2067 4010 2138 4065 de
2168 4008 2353 4064 sacris
2386 4007 2564 4063 rebus
2593 4024 2722 4078 quas
2771 4008 3081 4079 prepositae
3113 4024 3217 4063 seu
3251 4006 3529 4077 subjecta
3561 4008 3719 4071 sunt,

2068 4097 2187 4154 sive
2216 4098 2392 4153 etiam
2425 4113 2555 4167 qua:
2586 4102 2860 4163 aguntur.
2913 4092 3392 4170 Συγκεφαλαίωσιν
3439 4093 3595 4149 enim
3629 4096 3722 4147 to-

2068 4186 2186 4241 tius
2254 4184 2716 4256 complexionem
2781 4184 2943 4253 dicit,
3003 4186 3157 4240 sicut
3221 4185 3395 4239 etiam
3457 4181 3723 4256 ἀνακεφα-

2067 4272 2295 4329 λαίωσιν
2326 4274 2579 4331 dicimus
2611 4277 2871 4345 repetere
2904 4274 3107 4346 paucis
3137 4289 3204 4329 ea
3235 4289 3364 4343 quae
3395 4275 3534 4327 ante
3563 4269 3721 4325 dicta

2067 4369 2224 4421 sunt.

2139 4451 2594 4509 Generaiissima.
2629 4451 2937 4508 Generalia
2957 4455 3099 4507 sunt
3127 4467 3196 4507 ea
3217 4466 3342 4522 quae
3365 4448 3554 4521 magis
3582 4463 3719 4502 con-

2067 4544 2274 4598 tinent.
2309 4541 2406 4596 Ait
2435 4557 2572 4613 ergo
2604 4541 2779 4612 quod,
2812 4541 3061 4597 fortasse
3090 4540 3247 4597 omni
3268 4539 3474 4595 ordine
3495 4537 3718 4593 bierar-

300 4629 590 4706 ίεραρχίας
635 4626 1250 4705 λεγομὲνης,ἱεραργία
1310 4627 1449 4683 ἐστὶν
1511 4627 1720 4694 ἁπάσης
1776 4625 1957 4699 ὶεραρ-

2093 4631 2201 4686 :bia
2229 4637 2589 4701 nuncupata,
2624 4629 2952 4685 bierarchia
3000 4634 3087 4686 est
3132 4628 3329 4685 omnis
3374 4624 3716 4683 hierarchiae

301 4720 431 4794 χίας
464 4721 500 4788 ἡ
532 4718 883 4794 ἄρχικωτὲρα
930 4718 1021 4772 καὶ
1069 4718 1393 4793 γενικωτέρα
1443 4714 1905 4792 συγκεφαλαίωσις
1938 4731 1951 4747 ⁸

302 4812 419 4863 οἷον
477 4814 581 4877 τῆς
638 4802 1019 4883 πρεσϐυτέρων
1081 4806 1389 4882 ἱεραρχίας,
1442 4805 1683 4860 τουτέστι
1730 4804 1957 4874 τάξεως,

300 4898 615 4973 ἱεραρχίαὸ
646 4897 966 4967 ἐπίσκοπος,
1018 4895 1253 4974 ὀφείλων
1304 4896 1608 4971 γινώσκειν,
1659 4894 1956 4970 καθαίρειν,

303 4988 583 5061 φωτίζειν,
613 4986 858 5042 τελειοῦν
895 5007 908 5020 ·
943 4992 1042 5055 τῆς
1075 4984 1337 5040 διακόνων
1387 4983 1672 5058 ίεραρχίας
1704 4983 1958 5059 ἱεραρχία

302 5078 332 5131 ὁ
360 5074 779 5153 ἁρχιδιάκονος,
811 5076 871 5137 ὃς
906 5073 1112 5151 ὀφείλει
1168 5072 1451 5149 γινώσκειν
1504 5073 1599 5134 τὰς
1653 5073 1958 5147 λειτουργι-

300 5166 394 5226 κὰς
446 5164 719 5242 ἐνεργείας
751 5185 763 5197 ·
814 5165 906 5220 καὶ
939 5164 1083 5219 οὕτω
1128 5163 1356 5234 καθεξῆς
1413 5163 1479 5217 τὰ
1537 5161 1710 5217 λοιπὰ
1765 5161 1955 5216 συντά-

304 5274 483 5329 γματα
515 5258 609 5311 κ’.

370 5347 452 5420 [γ]
536 5343 1050 5421 Συγκεφαλαίωσις.
1122 5344 1303 5420 Ἱερῶν
1393 5341 1863 5420 συγκεφαλαίωσις
1919 5342 1955 5411 ἡ

303 5438 498 5512 γνῶσις
523 5435 731 5497 παντὸς
762 5434 1037 5510 ἱερατικοῦ
1067 5433 1365 5509 τάγματος.

373 5567 448 5640 (π)
474 5566 645 5624 Joan.
668 5581 819 5635 xvn,
846 5565 940 5623 11.

2067 4719 2450 4792 principalior
2478 4718 2923 4790 generaliorque
2954 4735 3225 4785 summa;
3257 4722 3323 4772 ut
3350 4717 3717 4789 presbytero-

2067 4827 2197 4865 rum
2230 4807 2597 4874 hierarchiae,
2632 4809 2689 4863 id
2732 4811 2822 4862 est
2864 4808 3110 4877 ordinis,
3139 4806 3465 4863 bierarchia
3492 4804 3718 4874 episco-

2068 4916 2199 4970 pus,
2235 4898 2334 4970 qui
2367 4897 2519 4953 scire
2570 4898 2763 4964 debet,
2816 4913 3084 4968 purgare,
3117 4896 3411 4951 illustrare
3456 4898 3516 4948 et
3544 4892 3717 4962 perli-

2067 5003 2233 5054 cere;
2266 4987 2647 5043 diaconorum
2680 4984 3023 5041 hierarchiae
3065 4983 3396 5040 bierarchia
3426 4979 3719 5036 archidia-

2068 5092 2275 5141 conus,
2306 5073 2409 5145 qui
2440 5074 2675 5145 cognita
2723 5072 2939 5128 habere
2977 5073 3149 5128 debet
3197 5070 3390 5125 ofﬁcia
3419 5066 3720 5123 ministro-

2069 5181 2198 5221 rum
2235 5182 2248 5218 :
2282 5170 2462 5235 atque
2491 5164 2576 5218 ita
2605 5163 2879 5235 deinceps
2910 5161 3116 5231 reliqui
3150 5159 3407 5215 ordines.

2139 5343 2386 5399 Summa.
2419 5343 2733 5398 Sacrorum
2767 5356 3001 5397 summa
3031 5341 3089 5395 et
3119 5337 3446 5411 complexio
3477 5339 3568 5393 est
3596 5351 3721 5393 om-

2069 5432 2162 5489 nis
2192 5431 2576 5490 ecclesiastici
2607 5430 2833 5487 ordinis
2862 5428 3129 5486 scientia.

1318 5642 1557 5699 VARLE
1592 5642 1983 5703 LECTIONES
2020 5643 2114 5701 ET
2155 5637 2705 5699 CORREGTIONES.

370 5738 445 5777 ευ
474 5737 810 5812 σημείωσαι,
889 5736 933 5772 9°
962 5734 1229 5805 ἓπονήθη.
1306 5734 1375 5769 ’0‘
1400 5733 1669 5806 τάγματα.
