4158 6370
457 359 567 416 119

533 487 701 559 Hujus
759 488 928 559 origo.
990 487 1149 551 Quod
1213 488 1573 561 principium
1632 486 1995 557 hierarchiae,
2052 487 2191 553 etA

456 576 697 647 (ibidem)
728 577 799 631 de
830 578 1130 632 Trinitate.

527 668 750 721 Notnm.
782 666 951 733 Nota,
986 672 1249 723 sanctam
1295 670 1641 725 Trinitatem
1677 667 1975 739 cognitum
2009 664 2112 719 ba-

456 755 591 809 bere
622 756 775 826 quod
811 757 880 811 de
911 756 1147 829 propria
1197 760 1453 813 essentia
1486 757 1754 830 cognosci
1788 760 2001 829 potest,
2034 754 2114 808 si-

458 849 555 900 cut
589 863 743 900 nunc
776 847 1031 902 dicimus
1080 849 1376 921 propriam
1411 850 1806 905 substantiam
1841 849 1959 903 haec
1990 846 2114 903 sola

458 935 782 1006 cognoscit.

531 1026 863 1081 Rationalis.
896 1026 1043 1082 Nota
1066 1028 1308 1100 angelos
1338 1032 1393 1084 et
1424 1028 1689 1084 homines
1716 1026 1957 1083 rationis
1988 1042 2116 1097 par-

458 1113 669 1185 ticipes
702 1131 831 1171 esse
858 1122 1124 1173 naturas.

530 1205 655 1260 ΗιἘσ
684 1220 807 1260 vero
842 1221 947 1260 non
979 1205 1179 1263 aliter.
1210 1208 1380 1263 Salus
1413 1207 1648 1263 scilicet.

530 1294 655 1349 Haec
683 1304 867 1349 autem
896 1295 1193 1364 deiﬁcatio.
1233 1297 1380 1360 Quid
1419 1302 1492 1352 sit
1523 1296 1831 1351 deiﬁcatio.

532 1383 891 1441 Hr'erarchiae.
926 1386 1067 1450 Quis
1120 1386 1194 1440 sit
1228 1386 1364 1441 finis
1420 1385 1705 1440 universae
1755 1383 2114 1450 hierarcbiaa,

456 1475 515 1527 et
546 1472 744 1542 qualia
793 1474 953 1528 obire
1004 1480 1267 1546 oporteat
1320 1475 1684 1547 episcopum.
1737 1474 1904 1540 Nota,
1943 1474 2117 1527 finem

459 1578 562 1618 seu
636 1579 879 1635 scopum
961 1564 1245 1620 universae
1325 1564 1662 1621 bierarcbia:
1732 1563 2005 1635 angelice
2064 1564 2121 1618 et

459 1651 755 1717 humanas,
792 1669 919 1708 esse
952 1654 1049 1708 Dei
1104 1672 1419 1725 rerumque
1468 1655 1799 1708 divinarum
1835 1668 2116 1719 amorem,

459 1745 517 1795 et
564 1758 688 1811 ques
746 1742 1024 1814 deinceps
1083 1747 1430 1797 enumerata
1480 1746 1639 1797 sunt.
1692 1742 1835 1796 lllud
1900 1747 2118 1811 autem,

463 1846 591 1901 quae
648 1848 761 1885 uno
814 1833 985 1886 modo
1037 1832 1219 1887 sacris
1274 1836 1570 1903 operatur,
1620 1833 1897 1898 declarat,
1948 1832 2120 1903 plane

463 1924 520 1974 et
550 1919 674 1974 sola
706 1920 775 1973 ad
828 1920 1005 1976 talem
1052 1919 1277 1976 cultum
1329 1921 1708 1976 conversione
1757 1921 1951 1992 ipsum
2004 1936 2122 1976 cer-

472 2024 627 2064 DOI‘C.

540 2098 692 2165 §IV.
728 2099 971 2168 Superis.
1024 2099 1191 2169 Nota,
1244 2102 1536 2171 quomodo
1591 2102 1739 2156 Deus
1788 2104 2122 2171 permoveat

464 2186 713 2242 virtutes
760 2186 1186 2260 intelligibiles,
1246 2194 1303 2244 et
1352 2191 1647 2260 quomodo
1697 2206 1802 2244 nos
1861 2188 2119 2243 illustre-

465 2292 618 2331 mur.

531 2369 653 2421 Non
682 2367 859 2421 enimr
879 2368 1238 2423 extrinsecus.
1296 2366 1573 2423 Homines
1625 2368 1859 2440 quidem
1902 2368 2121 2423 extrin-

464 2470 653 2521 secus,
688 2454 743 2509 id
778 2460 867 2511 est
895 2473 927 2510 a
960 2462 1163 2511 creatae
1210 2462 1428 2511 naturae
1462 2457 1957 2529 contemplatione
1986 2472 2119 2511 ver-

463 2542 671 2614 bisque
703 2545 1064 2615 docentibus,
1100 2551 1157 2601 et
1188 2547 1316 2601 aliis
1348 2548 1613 2616 ejusdem
1662 2549 1892 2618 generis
1922 2564 2117 2602 veram

464 2634 857 2704 cognitionem
892 2635 1322 2707 scientiamque
1347 2636 1664 2702 hauriunt;
1699 2636 1887 2707 angeli
1922 2640 2117 2691 autem

462 2720 622 2776 intus
654 2739 757 2793 per
800 2724 1013 2780 mentis
1064 2742 1179 2780 sua:
1211 2726 1327 2779 vim
1363 2724 1762 2791 illustrantur,
1806 2725 2119 2796 divinaque

462 2809 756 2866 voluntate
791 2813 1219 2885 insigniuntur,
1252 2815 1308 2868 id
1360 2820 1448 2869 est
1501 2815 1928 2885 exprimuntur,
1961 2819 2015 2868 et
2047 2815 2115 2869 ad

465 2900 564 2954 Dei
598 2898 1008 2972 imitationem,
1038 2908 1093 2957 et
1125 2904 1194 2957 ad
1229 2919 1432 2958 eorum
1474 2920 1602 2974 quis
1634 2910 1793 2970 sunt,
1826 2906 2119 2975 quatenus

466 2990 625 3054 Iunt,
660 2988 1077 3058 cognitionem.
1911 2997 1915 3001 ”

537 3075 639 3130 Sed
695 3077 1039 3147 z'nteltz'gz’bili
1089 3080 1327 3134 ratione.
1387 3080 1910 3147 Considerandum,
1971 3097 2118 3152 quo-

467 3165 640 3219 modo
676 3165 1058 3237 intrinsecus,
1093 3185 1204 3223 non
1239 3170 1341 3225 54
1370 3169 1509 3225 foris
1535 3175 1593 3224 et
1624 3172 1987 3226 extrinsecus
2018 3171 2116 3226 Dei

465 3252 911 3323 illustrationes,
964 3255 1190 3312 divinas
1249 3263 1475 3313 mentes
1534 3266 1920 3330 promoveant
1971 3279 1982 3315 :

467 3341 622 3396 enim
655 3347 830 3397 Deum
869 3350 1093 3400 mentes
1119 3363 1216 3401 eas
1241 3346 1557 3402 illustrare.
1586 3349 1871 3413 Quoniam
1908 3350 2124 3405 mentis

466 3435 556 3486 est
581 3448 841 3504 compos,
892 3433 948 3487 id
997 3435 1147 3506 quod
1204 3436 1497 3508 intelligit,
1533 3442 1589 3492 et
1637 3439 1747 3492 sub
1794 3438 2124 3510 intelligen-

466 3521 608 3575 tiam
658 3523 812 3577 cadit
862 3524 918 3576 id
969 3526 1122 3595 quod
1178 3525 1561 3597 intelligitur;
1616 3527 1782 3582 cibus
1834 3534 2029 3583 autem
2072 3533 2129 3583 et

468 3611 637 3680 quasi
671 3612 846 3666 robur
878 3617 967 3666 eat
1001 3614 1055 3667 id
1090 3616 1243 3684 quod
1282 3614 1653 3686 intelligitur,
1679 3618 1806 3685 ejus
1840 3617 1938 3688 qui
1964 3618 2128 3672 intel-

469 3698 633 3769 ligit;
661 3701 795 3769 jure
827 3714 892 3754 ac
924 3702 1129 3756 merito
1162 3703 1340 3769 Deus,
1382 3721 1511 3759 cum
1552 3711 1773 3760 mentes
1807 3708 1925 3761 sint
1956 3707 1995 3760 ii
2028 3707 2127 3776 qui

468 3787 1103 3860 incorporeisunt,ipse
1129 3791 1227 3861 qui
1254 3793 1899 3865 etsubintelligentium
1925 3812 2129 3850 eorum

474 3878 631 3933 cadit
660 3884 718 3932 et
739 3878 809 3933 ab
830 3879 1593 3953 iisintelligitur,quatenus
1620 3890 1901 3954 possunt;
1928 3885 2133 3939 intrin-

472 3984 644 4023 secus
675 3983 773 4023 eos
804 3968 1060 4023 illustrat
1093 3976 1285 4025 mente
1334 3970 1697 4043 intelligente
1728 3977 1783 4028 et
1816 3974 2057 4029 nutrita.

542 4058 927 4113 Divisibilium
947 4060 1251 4129 signorum.
1278 4060 1453 4131 Signa
1477 4062 1720 4118 dividua
1743 4062 1850 4118 hoc
1874 4064 1998 4119 loco
2030 4065 2133 4119 do-

471 4145 690 4201 ctrinas
726 4148 1044 4220 Scriptura;
1078 4148 1470 4205 multiformes
1522 4152 1683 4218 dicit,
1720 4154 1974 4208 maxime
2006 4154 2131 4225 qui-

470 4235 602 4290 dem
639 4254 739 4308 per
787 4237 961 4292 verba
1015 4239 1308 4310 mysteriis
1361 4240 1531 4310 plena
1579 4241 1790 4295 divinas
1823 4246 2048 4297 natura?
2078 4248 2136 4298 et

476 4325 865 4379 essentiarum
900 4342 1029 4396 qua:
1061 4327 1270 4380 mentis
1319 4333 1459 4381 sunt
1506 4327 1822 4399 participes
1874 4333 2132 4383 contem-

469 4410 789 4481 plationem
822 4413 1202 4484 explanantes
1233 4432 1244 4481 ;
1283 4415 1382 4468 sed
1418 4415 1713 4469 interdum
1748 4415 1920 4469 etiam
1957 4416 2133 4472 actio-

469 4516 603 4553 nem
636 4503 1038 4572 emendantes,
1075 4510 1135 4555 ut
1186 4502 1329 4573 legis
1382 4508 1692 4575 praecepta,
1728 4522 1854 4576 quae
1896 4506 1969 4559 ad
2013 4523 2133 4561 mo-

1274 364 1646 419 APPENDIX
1687 365 1783 418 AD
1822 363 2063 418 OPERA
2102 364 2164 413 S.
2206 357 2521 414 DJONYSII
2561 360 3062 417 AREOPAGITE.

3772 359 3878 412 120

2293 479 2366 555 [8]
2400 484 2617 552 Ταύτης
2664 483 2833 559 ἀρχή.
2865 483 2962 544 Τίς
3011 483 3046 551 ἡ
3098 481 3243 557 ἀρχὴ
3296 487 3396 551 τῆς
3444 480 3755 558 ἱεραρχίας,
3787 481 3877 537 καὶ

2219 571 2343 647 περὶ
2376 569 2626 647 Τριάδος.

2294 663 2361 734 [ε]
2422 660 2769 731 Ἐπιστητόν.
2833 659 3172 733 Σημείωσαι,
3233 660 3315 714 δτι
3391 662 3426 729 ἡ
3501 660 3627 735 ἁγία
3705 659 3877 735 Τριὰς

2222 749 2510 820 ἐπιστητὸν
2568 746 2682 825 ἔχει
2739 750 2801 804 τὸ
2860 757 2960 819 τῆς
3018 748 3220 811 οἰκείας
3270 748 3546 823 ὑπάρξεως
3573 750 3874 825 γνώριμον,

2222 839 2299 900 ὡς
2344 840 2444 908 τὴν
2492 844 2579 892 νῦν
2636 860 2808 917 φαμεν
2860 840 2958 909 τὴν
2994 837 3133 893 ἲδίαν
3167 838 3376 907 οὐσίαν,
3413 838 3551 913 μόνη
3588 838 3721 909 αῦτη
3755 837 3874 894 ἐπί-

2224 949 2429 985 σταται.

2293 1019 2357 1074 Ἡ
2412 1018 2634 1093 λογική.
2671 1016 3010 1091 Σημείωσαι,
3046 1016 3127 1072 ὅτι
3183 1014 3402 1093 ἄγγελοι
3461 1017 3549 1071 καὶ
3596 1018 3876 1093 ἄνθρωποι

2225 1105 2443 1182 λογικαί
2477 1106 2609 1161 εἷ’σιν
2646 1107 2847 1164 οὐσίαι.

2297 1197 2360 1252 Ἡ
2396 1193 2451 1250 δὲ
2483 1197 2593 1272 οὐχ
2625 1196 2845 1271 ἑτέρως.
2877 1194 3133 1269 Σωτηρία
3166 1193 3449 1266 δηλονότι.

2294 1285 2361 1339 Ἠ
2395 1282 2451 1339 δὲ
2484 1287 2697 1348 θὲωσις.
2726 1285 2785 1339 Τί
2816 1284 2957 1339 ἐστιν
2990 1287 3024 1353 ἡ
3060 1285 3271 1349 θέωσις.

2292 1374 2614 1449 Ἱεραρχίας.
2676 1375 2743 1431 Τί
2810 1375 2872 1429 τὸ
2948 1375 3113 1448 πὲρας
3175 1374 3352 1445 πάσης
3422 1374 3730 1450 ἱεραρχίας,
3789 1375 3880 1429 καὶ

2228 1464 2392 1517 ὁποῖα
2446 1461 2527 1517 δεῖ
2580 1465 2817 1536 μετιέναι
2865 1465 2955 1518 τὸν
3008 1464 3298 1538 ἱεράρχην.
3335 1463 3654 1537 Σημείοισαι
3689 1461 3767 1532 δὲ,
3797 1464 3880 1518 δτι

2223 1554 2287 1606 τὸ
2318 1550 2498 1625 τέλος,
2538 1552 2708 1628 ἤγουν
2759 1554 2849 1607 τὸν
2904 1552 3106 1608 σκοπὸν
3148 1554 3361 1623 ἁπάσης
3400 1553 3682 1629 ἱεραρχίας
3743 1555 3883 1608 εἶναι

2227 1639 2372 1717 λὲγιι
2401 1650 2500 1710 τῆς
2535 1641 2827 1717 ἀγγελικῆς
2859 1644 2949 1696 καὶ
2978 1649 3077 1711 τῆς
3113 1642 3165 1696 ἐν
3220 1642 3529 1718 ἀνθρώποις
3582 1644 3681 1711 τήν
3741 1642 3885 1716 πρὸς

2228 1732 2354 1785 Θεὸν
2396 1731 2582 1785 καὶτὰ
2612 1733 2728 1785 Θεῖα
2775 1730 3073 1805 ἀγάπησιν,
3107 1732 3197 1785 καὶ
3246 1734 3312 1785 τὰ
3352 1732 3472 1801 ἑξῆς
3523 1730 3885 1806 κατειλεγμέ-

2226 1842 2309 1875 να.
2343 1820 2418 1875 Τὸ
2451 1817 2506 1874 8‘:
2538 1820 2753 1883 ὲνιαίως
2782 1821 3209 1896 ἱερουργουμὲνη
3244 1817 3411 1891 δηλοῖ
3446 1821 3510 1875 τὸ
3560 1821 3884 1896 ὁλοσχερῶς

2230 1910 2319 1964 καὶ
2354 1905 2706 1984 μονοτρὸπως
2740 1910 2873 1984 πρὸς
2903 1911 2999 1979 τὴν
3031 1909 3290 1981 τοιαύτην
3325 1909 3576 1987 λατρείαν
3620 1912 3771 1984 ὁρᾷν.

2300 2094 2327 2165 Ξ
2392 2091 2482 2147 IV.
2542 2088 2977 2163 Ὑπερκοσμίοις.
3042 2088 3382 2161 Σημείωσαι,
3452 2092 3569 2151 πῶς
3642 2093 3787 2143 κινεῖ
3858 2089 3889 2143 ὁ

2231 2181 2360 2242 Θεὸς
2390 2179 2485 2241 τὰς
2517 2179 2716 2249 νοητὰς
2756 2175 3033 2252 δυνάμεις,
3066 2178 3155 2233 καὶ
3206 2183 3323 2241 πῶς
3383 2181 3548 2251 ἡμεῖς
3594 2175 3890 2251 ἐλλαμπό-

2234 2281 2390 2341 μεθα.

2301 2358 2373 2412 Οὐ
2418 2360 2521 2433 γὰρ
2572 2353 2785 2428 ἔξωθεν.
2830 2359 3140 2433 ’Ἄνθρωποι
3198 2358 3293 2430 μὶν
3346 2354 3561 2428 ἔξωθεν,
3607 2357 3892 2412 τουτέστιν

2231 2450 2335 2503 ἀπὸ
2367 2455 2465 2518 τῆς
2494 2449 2628 2501 κατὰ
2668 2448 2765 2515 τὴν
2798 2446 2971 2501 κτίσιν
3007 2447 3235 2522 θεωρίας
3267 2446 3356 2501 καὶ
3403 2446 3580 2523 λόγων
3629 2444 3896 2501 διδασκα-

2230 2536 2399 2594 λικῶν
2459 2538 2547 2591 καὶ
2596 2535 2789 2611 ὶτὲρων
2844 2536 3108 2591 τοιούτων
3158 2539 3259 2605 τὴν
3301 2536 3482 2606 ἀληθῆ
3510 2540 3707 2612 γνῶσιν
3743 2536 3893 2611 λαμ-

2231 2625 2478 2683 ϐάνουσιν
2510 2648 2522 2660 ’
2560 2626 2783 2704 ἄγγελοι
2814 2625 2870 2681 δὲ
2900 2627 3067 2695 αὐτὴν
3100 2625 3313 2691 ἔνδοθεν
3340 2629 3438 2696 τὴν
3474 2630 3665 2703 νοερᾶν
3709 2628 3895 2683 αὐτῶν

2229 2716 2608 2790 ἐλλάμπονται
2666 2715 2913 2788 δύναμιν,
2951 2717 3036 2770 καὶ
3095 2717 3194 2785 τὴν
3255 2718 3400 2780 θείαν
3464 2716 3891 2790 ἐνσημαίνονται

2236 2806 2519 2882 βούλησιν,
2552 2804 2717 2883 ⁴ἤγουν
2777 2810 3069 2861 τυποῦνται
3116 2807 3255 2880 πρὸς
3312 2806 3375 2860 τὸ
3434 2806 3772 2879 θεομίμητὸν
3827 2828 3892 2862 τε

2228 2895 2316 2949 καὶ
2346 2900 2453 2950 τῶν
2485 2891 2677 2965 ὅντων,
2774 2888 2902 2948 ὅντα
2931 2892 3065 2961 ἐστὶ,
3092 2893 3412 2968 γνωστικόν.

2301 3079 2525 3145 Νοητῶς
2586 3072 2659 3129 δέ.
2723 3073 3123 3145 Κατανοητέον,
3182 3078 3299 3135 πῶς
3359 3068 3579 3145 ἔσωθεν,
3627 3073 3757 3131 ἀλλ’
3820 3076 3887 3131 οὗ

2230 3163 2477 3239 Θύραθεν,
2512 3165 2563 3217 αἱ
2595 3162 2901 3237 ἐλλάμψεις
2931 3167 3026 3217 τοῦ
3056 3168 3190 3217 Θεοῦ
3214 3163 3341 3227 τοὺς
3400 3164 3575 3227 θείους
3618 3164 3748 3226 νόας
3797 3186 3892 3220 κι-

2038 3260 2119 3315 ait
2150 3244 2192 3309 C
2229 3253 2409 3307 νοῦσιν
2447 3273 2458 3284 ·
2496 3250 2596 3329 ἔφη
2630 3254 2732 3329 γὰρ
2761 3253 2852 3307 τὸν
2887 3254 3013 3307 Θεὸν
3047 3257 3257 3323 νοητῶς
3292 3252 3490 3308 αὐτοὺς
3524 3252 3837 3326 ἐλλάμπειν
3878 3275 3891 3286 ·

2234 3341 2422 3411 ἐπειδὴ
2470 3342 2569 3416 γὰρ
2618 3343 2802 3415 νοερὸν
2860 3341 2953 3414 μὶν
3004 3340 3115 3396 ἔστι
3160 3343 3224 3396 τὸ
3274 3345 3451 3413 νοοῦν,
3493 3343 3687 3411 νοητὸν
3730 3340 3789 3397 δὲ
3831 3344 3899 3397 τὸ

2236 3434 2534 3504 νοούμενον
2570 3450 2582 3463 ·
2616 3433 2793 3505 τροφή
2824 3427 2881 3484 δὲ
2913 3430 3046 3503 [καὶ]
3076 3432 3189 3485 οἷον
3226 3431 3475 3491 σύστασις
3512 3435 3609 3485 τοῦ
3637 3435 3902 3493 νοοῦντος

2235 3523 2298 3576 τὸ
2347 3518 2662 3593 νοούμενον,
2698 3520 2919 3581 είκότως
2970 3521 2997 3573 ὁ
3046 3521 3199 3592 Θεὸς,
3252 3520 3345 3574 ἅτε
3386 3525 3522 3574 νοῶν
3571 3516 3740 3575 ὄντων
3787 3526 3905 3576 τῶν

2240 3610 2566 3683 ἀσωμάτων,
2604 3610 2763 3670 αὐτὸς
2812 3609 3009 3679 νοητὸς
3059 3610 3149 3663 καὶ
3198 3609 3494 3683 νοούμενος
3542 3610 3753 3677 αὐτοῖς,
3785 3612 3911 3665 καθ’

2240 3700 2362 3754 ὅσον
2398 3698 2761 3777 ἐφικνοῦνται,
2793 3698 3087 3774 γενόμενος
3114 3694 3337 3768 ἔσωθεν,
3370 3697 3563 3759 αὐτοὺς
3600 3696 3907 3773 ἐλλάμπει,

2239 3794 2336 3844 τοῦ
2369 3793 2463 3843 νοῦ
2490 3793 2746 3852 νοοῦντος
2776 3788 2864 3843 καὶ
2894 3789 3254 3865 τρεφομένου.

2316 4064 2607 4134 Διαιρετῶν
2669 4054 2987 4131 συμϐόλων.
3052 4054 3318 4132 Σύμϐολα
3377 4055 3619 4134 διαιρετᾶ
3672 4058 3910 4114 ἐνταῦθα

2242 4148 2337 4209 τὰς
2396 4152 2494 4213 τῆς
2550 4155 2768 4225 Γραφῆς
2826 4146 3139 4210 πολυειδεῖς
3194 4147 3547 4210 διδασκαλίας
3602 4150 3757 4225 φησὶ,
3797 4150 3912 4221 μά-

2247 4235 2405 4291 λιστα
2439 4237 2533 4309 μὲν
2567 4235 2656 4291 διὰ
2682 4233 3036 4311 ωμϐολιιῶν
3070 4236 3246 4312 λόγων
3286 4240 3386 4306 τὴν
3430 4238 3556 4313 περὶ
3599 4244 3699 4306 τῆς
3759 4237 3916 4301 θείας

2246 4326 2452 4405 φύσεως
2507 4327 2597 4381 καὶ
2656 4332 2759 4382 τῶν
2819 4333 3021 4403 νοερῶν
3084 4328 3282 4382 οὐσιῶν
3315 4328 3540 4403 θεωρίκν
3574 4327 3915 4403 εἰσηγουμέ-

2247 4439 2339 4479 νας
2372 4437 2383 4450 ·
2412 4412 2517 4480 ἔσθ’
2552 4416 2639 4471 ὅτε
2682 4414 2739 4471 δὶ
2785 4416 2875 4471 καὶ
2913 4423 3013 4485 τῆς
3048 4417 3293 4491 πράξεως
3326 4414 3488 4479 οῦσας
3523 4413 3914 4491 διορθωτικὰς,

2249 4507 2322 4567 ὡς
2354 4507 2421 4561 τὰ
2452 4505 2652 4578 νομικᾶ
2683 4505 3137 4581 παραγγέλματα,
3172 4507 3247 4569 εἷς
3306 4507 3504 4575 ἠθικὴν
3561 4503 3913 4579 ἀλληγορίαν

470 4588 653 4644 ralem
710 4588 1046 4660 allegoriam
1110 4591 1503 4659 referuntur;
1554 4595 1653 4648 sed
1712 4593 1897 4649 multo
1957 4594 2121 4650 etiam

2250 4595 2555 4670 ἀναγόμενα
2588 4614 2601 4627 ·
2634 4593 2832 4667 πολλῷ
2861 4592 2917 4649 δὲ
2947 4593 3114 4649 πλέον
3148 4596 3202 4649 αἱ
3232 4600 3338 4649 τῶν
3378 4594 3693 4671 μυστηρίων
3742 4594 3913 4649 τελε-

472 4679 662 4749 magis
695 4684 1199 4735 sacramentorum
1244 4683 1602 4737 caeremoniae
1640 4700 1703 4737 ac
1738 4682 1886 4739 ritus
1918 4684 1976 4738 in
2021 4684 2121 4756 sig'

2250 4707 2331 4739 ται
2365 4685 2417 4739 ἐν
2446 4681 2749 4758 συμϐόλοις
2782 4686 3112 4759 Θεωροῦνται
3142 4685 3233 4738 καὶ
3264 4683 3477 4745 τύποις.

473 4769 566 4825 nis
597 4770 915 4842 ﬁgurisque
946 4777 1289 4827 cernuntur.

540 4861 875 4916 Substantia
902 4862 1070 4915 enim.
1106 4861 1275 4929 Nota,
1301 4880 1571 4932 quaenam
1609 4864 1685 4919 sit
1717 4865 1801 4919 vis
1834 4870 1891 4921 et
1923 4871 2133 4921 natura

472 4955 685 5005 nostrae
716 4949 1079 5017 hierarchiaa,
1108 4955 1163 5005 et
1196 4968 1461 5021 quaenam
1502 4953 1737 5024 eloquia
1765 4954 1981 5009 divina.

540 5038 720 5093 Sacris
780 5040 1186 5094 initiatorz'bus.
1249 5041 1667 5098 Sacrosanctos
1741 5048 2123 5113 preceptores

464 5125 758 5197 apostolos
789 5127 951 5195 dicit,
988 5145 1136 5199 quos
1171 5134 1227 5184 et
1258 5130 1436 5186 duces
1484 5132 1746 5189 vocavit:
1783 5133 2124 5201 lheologz’cas

462 5220 658 5270 autem
689 5218 919 5272 tabulas
954 5218 1134 5275 libros
1186 5220 1411 5276 Veteris
1463 5227 1519 5276 et
1550 5222 1690 5277 Novi
1725 5224 2115 5289 Testamenti;

459 5305 775 5359 doctrinam
803 5323 933 5361 vero
966 5326 997 5362 a
1032 5311 1261 5364 materia
1312 5327 1569 5375 vacuam,
1622 5312 1928 5366 scientiam
1982 5330 2116 5367 sen-

460 5410 632 5449 suum
663 5394 1002 5465 Scripturae,
1059 5414 1238 5468 quam
1292 5400 1537 5469 apostoli
1572 5418 1605 5455 a
1637 5400 1857 5472 Spiritu
1892 5400 2113 5457 habue-

459 5487 613 5550 runt,
641 5500 786 5555 quas
814 5483 989 5539 etiam
1023 5502 1366 5559 corporeum
1395 5506 1728 5546 sermonem
1752 5491 2109 5560 nominavit;

2314 4863 2486 4919 Οὐσία
2543 4862 2667 4938 γάρ.
2704 4864 3050 4936 Σημοίωσαι,
3083 4863 3166 4925 τίς
3195 4864 3228 4930 ἡ
3264 4862 3423 4916 οὐσία
3463 4868 3562 4931 τῆς
3596 4863 3717 4925 καθ’
3748 4866 3915 4935 ἡμᾶς

2240 4953 2546 5029 ὶεραρχίας,
2580 4952 2668 5006 καὶ
2698 4952 2817 5006 τίνα
2848 4954 2914 5006 τὰ
2947 4958 3062 5015 θεῖα
3096 4952 3277 5025 λόγια.

2308 5040 2730 5117 Ἱεροτελεστῶν.
2816 5038 3211 5116 Ἰεροτελεστὰς
3288 5042 3381 5113 μὲν
3461 5040 3587 5104 τοὺς
3666 5040 3913 5097 ἀποστό-

2238 5129 2367 5194 λους
2399 5129 2566 5207 λέγει,
2596 5130 2690 5192 οὒς
2732 5130 2819 5185 καὶ
2873 5131 3252 5205 καθηγεμόνας
3300 5126 3488 5203 εἴρηκε
3524 5149 3535 5162 ·
3573 5128 3909 5207 Θεολογικὰς

2237 5219 2295 5276 δὲ
2352 5220 2574 5283 δέλτους
2631 5222 2697 5276 τὰ
2759 5216 2948 5297 βιϐλία
2997 5228 3097 5290 τῆς
3156 5218 3399 5284 Παλαιᾶς
3445 5220 3535 5275 καὶ
3565 5228 3666 5291 τῆς
3702 5222 3841 5283 Νέας
3887 5242 3901 5254 ⁸

2232 5313 2528 5386 ἀϋλοτέραν
2588 5309 2645 5365 δὲ
2705 5310 2901 5384 μύησιν
2962 5312 3061 5380 τήν
3123 5310 3182 5364 ἐκ
3235 5309 3554 5383 Πνεῦματος
3594 5309 3906 5387 γινομένην

2228 5408 2347 5465 τοῖς
2395 5400 2731 5462 ἀποστόλοις
2778 5405 2974 5477 γνῶσιν
3006 5404 3113 5455 τῶν
3157 5407 3256 5469 τῆς
3307 5406 3526 5478 Γραφῆς
3570 5400 3900 5473 νοημάτων,

2227 5490 2259 5544 ἃ
2289 5491 2378 5545 καὶ
2410 5490 2716 5564 σωματικὸν
2768 5488 3065 5545 ἆπεκάλεσι
3096 5492 3136 5526 ⁹¹
3188 5487 3376 5564 λόγον,
3407 5486 3459 5559 ἐξ
3510 5490 3576 5560 ᾗς
3627 5490 3896 5562 μυήσεως

1468 5608 1709 5663 VARI/E
1748 5606 2135 5664 LECTIONES
2177 5608 2264 5665 ET
2306 5608 2862 5665 CORRECTIONES.

534 5692 569 5727 ⁹¹
608 5686 850 5747 ἐκάλεσε.
