4158 6370
264 386 359 441 121
987 395 1048 447 Β.
1087 390 1361 445 MAXIM!
1397 392 1707 446 SCHOLIA
1744 394 1817 443 IN
1856 391 1990 444 LIB.
2029 393 2125 445 DE
2162 394 2449 447 ECCLES.
2506 394 2977 448 HJEBARCHIA.

3578 384 3688 440 122

261 508 349 564 καὶ
375 507 445 564 τὶ
474 516 580 579 τῆς
617 516 820 580 Καινῆς
860 513 1081 582 συνέστη
1120 509 1443 587 διδάγματα’
1474 512 1683 587 γείτονα
1732 509 1790 566 δὲ
1826 517 1925 580 τῆς

2049 528 2111 569 ex
2142 530 2257 585 qua
2286 515 2551 572 doctrina
2596 517 2739 572 Novi
2771 516 2947 571 etiam
2995 511 3355 569 Testamenti
3406 514 3691 583 precepts

268 598 519 674 οὐρανίας
545 599 837 676 ἱεραρχίας
868 602 968 669 τὴν
999 605 1078 674 τῷ
1110 604 1424 676 ἡγεμονικῷ
1454 601 1809 677 ἐγγινομένην
1830 605 1927 656 τοῦ

272 688 583 763 [Ινεῦματος
616 684 895 765 ἔλλειμψιν
932 685 1056 769 ἔφη.

340 870 431 925 Ἐκ
456 868 587 932 νοὸς
636 869 713 932 εἷς
761 875 906 927 νοῦν.
941 872 1081 947 ’Όρα
1128 873 1194 925 τά
1244 869 1332 925 διὰ
1383 871 1547 945 μέσου
1600 871 1790 946 λόγου,
1836 868 1924 924 καὶ

274 956 349 1012 δτι
401 955 493 1011 διὰ
538 957 711 1035 λόγου
761 960 1008 1038 ἀγράφου
1043 960 1109 1015 τά
1162 960 1394 1033 μυστικά
1444 957 1737 1035 παρεδόθη.
1784 958 1927 1013 Κατὰ

272 1051 456 1102 κοινοῦ
489 1044 549 1102 δὲ
599 1046 841 1118 ληπτέον
890 1051 952 1104 τὸ
1005 1047 1494 1125 παραδεδωκότωνο
1529 1051 1696 1125 ἱεροῖς
1737 1046 1793 1102 δὲ
1822 1042 1921 1125 ἔφη

274 1131 576 1209 συμϐόλοις
629 1135 721 1192 διὰ
766 1138 832 1193 τά
863 1139 983 1209 ἑξῆς
1032 1141 1315 1210 τεθειμένα
1353 1143 1397 1177 ⁰²
1430 1141 1723 1215 μυστήρια,
1773 1134 1925 1192 ἅτινα

271 1225 358 1280 καὶ
384 1225 619 1301 θεωρίας
652 1228 998 1304 ἂναγωγικῆς
1030 1228 1193 1299 ἀξιοῖ.

342 1407 643 1479 Αἷσθηταῖς
675 1407 868 1466 εἴκόσι.
906 1410 1031 1485 Περὶ
1068 1408 1315 1467 εἰκόνων.

336 1587 411 1641 Τὸ
443 1588 899 1663 συνεπτυγμὲνον,
934 1585 1073 1642 Ἰδοὺ
1106 1591 1287 1665 σαφῶς
1316 1586 1369 1642 τί
1398 1586 1752 1664 ἐπτυγμένον.

337 1676 632 1753 Ἀγράφοις
681 1679 931 1750 μυήσεσι.
991 1678 1333 1749 Σημείωσαι,
1390 1678 1472 1732 ὅτι
1512 1677 1603 1732 καὶ
1661 1673 1925 1752 ἀγράφοις

276 1766 508 1837 μυήσεσι
537 1765 604 1819 τά
634 1767 751 1820 θεῖα
780 1768 915 1839 ἡμῖν
945 1764 1359 1842 παραδέδονται.

271 1945 306 2011 ἡ
339 1942 477 1996 κατᾶ
526 1944 849 2019 ἀνθρώπους
895 1944 1171 2020 ἱεραρχίω
1220 1945 1494 2000 τουτέστιν
1529 1946 1593 1999 οὐ
1632 1947 1848 2020 γυμνὴς
1880 1947 1923 1980 ⁹³

271 2030 460 2092 αὐτοῖς
516 2037 635 2094 τοῖς
690 2033 854 2096 θείοις
916 2032 1317 2109 ἐντυγχάνομεν
1382 2033 1721 2110 πράγμασιν,
1778 2032 1925 2089 ἀλλᾶ

274 2118 363 2174 διὰ
417 2116 715 2194 συμϐόλων
773 2120 1077 2195 τελούμενα
1125 2125 1189 2191 9⁸,
1223 2124 1333 2177 οἷον
1381 2128 1478 2178 τοῦ
1526 2123 1795 2199 ποτηρίου
1826 2130 1923 2193 τῆς

270 2208 557 2284 εὐλογίας,
601 2210 676 2273 ὥς
706 2233 862 2289 φησιν
896 2213 923 2266 ὁ
963 2211 1317 2285 Ἀπόστολος,
1368 2213 1458 2268 καὶ
1508 2218 1603 2268 τοῦ
1653 2212 1816 2289 ἄρτου
1866 2214 1922 2268 ’ὸν

268 2298 521 2372 κλῶμεν,
556 2299 644 2354 καὶ
674 2305 783 2355 τῶν
818 2299 1055 2359 λοιπῶν.

342 2387 905 2463 Ἀνακεκαλυμμὲνοι.
941 2389 1199 2448 Τουτὲστι
1230 2392 1528 2467 γνώριμοι,
1559 2392 1648 2447 καὶ
1684 2394 1923 2448 ὧντινων

269 2477 610 2553 πραγμάτων
641 2479 729 2533 καὶ
764 2479 1080 2552 μυστηρίων
1106 2480 1239 2534 εἰσὶν
1272 2479 1615 2537 ἐνδεικτικοί.

342 2564 418 2619 Οὐ
456 2563 783 2639 μεταδώσεις
836 2568 1026 2644 ἑτέρῳ.
1059 2571 1183 2626 ’Ὁτι
1229 2569 1488 2647 ἀσφαλῶς
1540 2568 1621 2625 δεῖ
1650 2570 1837 2625 λαλεῖν
1864 2570 1930 2626 τὰ

275 2656 537 2727 μυστικά.

770 2766 882 2821 ΕΙΣ
924 2766 1010 2822 ΤΟ
1051 2768 1311 2823 ΚΕΦΑΑ.
1354 2769 1428 2825 Β’.

346 2854 373 2921 §
406 2858 448 2907 Ι.
484 2854 558 2925 [α]
592 2852 809 2925 Ταύτης
841 2851 914 2910 δὲ.
952 2857 1070 2925 Τῆς
1110 2857 1246 2930 πρὸς
1287 2858 1413 2911 Θεὸν
1446 2856 1842 2934 ἀφομοιώσεώς
1873 2880 1931 2915 τε

273 2942 367 2993 καὶ
404 2940 647 3004 ἑνώσεως
676 2939 956 3012 δηλονότι.

348 3030 554 3103 [mm
614 3028 706 3086 οὖν
765 3030 907 3087 ἐστίν
983 3032 1131 3109 ἀρχή
1191 3037 1254 3092 ⁸⁵·
1316 3036 1543 3111 Ἀρχὴ»
1604 3039 1758 3115 φησὶ,
1838 3037 1927 3092 καὶ

276 3116 603 3190 ὁδοποίησις
638 3128 738 3190 τῆς
786 3122 923 3198 πρὸς
970 3124 1097 3177 Θεὸν
1141 3123 1465 3187 οἶκειώσεως
1519 3126 1607 3180 καὶ
1637 3134 1738 3196 τῆς
1765 3125 1927 3181 ἐπου-

268 3207 462 3282 ρανίου
510 3206 887 3285 κληρονομίας
917 3212 979 3266 τὸ
1030 3214 1171 3267 θεῖον
1226 3213 1457 3289 ὑπάρχει
1502 3216 1799 3290 βάπτισμα*
1832 3217 1921 3271 καὶ

262 3298 369 3373 γάρ
404 3296 492 3351 ἐάν
532 3301 607 3371 μή
638 3321 723 3362 τις
774 3303 1010 3376 γεννηθῇ
1044 3301 1095 3372 ἐξ
1146 3299 1339 3364 ὕδατος
1380 3304 1469 3357 καὶ
1500 3306 1827 3377 πνεύματος,
1862 3305 1921 3359 οὐ

268 3386 345 3457 μὴ
375 3382 473 3460 ’ἴδῃ
528 3388 626 3455 τήν
686 3387 963 3464 βασιλείαν
1013 3394 1110 3444 τοῦ
1160 3395 1312 3447 Θεοῦ.
1364 3394 1522 3447 Ὅθεν
1565 3388 1868 3469 μορφοῦται
1900 3396 1927 3449 ὁ

262 3471 373 3529 ἔσω
408 3476 696 3549 ἄνθρωπος
745 3480 881 3553 πρὸς
931 3479 1214 3554 κρείττονα
1244 3476 1349 3551 ἕξιν
1394 3482 1483 3536 καὶ
1514 3486 1806 3559 σωτήριον,
1838 3486 1927 3539 καὶ

260 3568 371 3618 τῶν
406 3565 545 3620 κατᾶ
597 3568 725 3621 Θεὸν
781 3564 958 3643 λόγων
1011 3589 1069 3623 τε
1098 3569 1187 3624 καὶ
1238 3570 1571 3646 πραγμάτων
1607 3574 1706 3643 τὴν
1737 3572 1925 3645 ἐπιτή-

266 3649 473 3711 δευσιν.

335 3746 414 3817 [γ]
474 3747 536 3802 Ἠ
598 3746 737 3821 πρὸς
793 3749 892 3817 τὴν
948 3754 1056 3803 τῶν
1118 3748 1305 3805 ἄλλων
1342 3794 1354 3807 .
1412 3752 1548 3827 Τρία
1616 3753 1735 3808 τινά
1795 3776 1927 3832 φησι

266 3827 477 3887 δεῖσθαι
525 3836 661 3911 πρὸς
711 3837 809 3905 τήν
862 3837 1043 3911 ἀρχὴν
1072 3842 1178 3892 τῶν
1212 3838 1470 3895 ἐντολῶν·
1503 3844 1600 3910 τὴν
1641 3827 1923 3919 ὑποδοχὴν

260 3926 369 3975 τῶν
409 3922 567 3985 θείων
599 3924 831 4000 λογίων,
862 3927 960 3994 τὴν
993 3929 1307 4002 κατήχησιν
1338 3936 1435 3999 τῆς
1484 3930 1627 3994 θείας
1664 3932 1923 4004 πίστεως,

264 4011 355 4064 καὶ
387 4012 488 4079 τήν
523 4011 875 4087 ἆναγὲννησιν
926 4016 1026 4084 τήν
1078 4013 1167 4071 διὰ
1202 4021 1300 4072 τοῦ
1351 4018 1495 4082 θείου
1532 4020 1922 4095 βαπτίςματος.

267 4101 465 4162 Καλῶς
526 4102 616 4155 οὗν
676 4101 971 4173 ἀπέδειξεν,
1006 4106 1088 4159 ὅτι
1140 4108 1175 4175 ἡ
1216 4108 1593 4181 προτιμοτάτη
1648 4112 1736 4165 καὶ
1794 4111 1925 4182 ἐξαί-

266 4209 419 4262 ρετος
464 4190 676 4261 κίνησις
720 4197 817 4247 τοῦ
855 4197 952 4247 νοῦ
1000 4196 1033 4262 ἡ
1085 4195 1208 4269 περῖ
1260 4198 1389 4251 Θεὸν
1438 4197 1618 4272 ἀγάπη
1670 4200 1803 4255 ἐστί’
1835 4202 1923 4255 καὶ

266 4277 348 4332 δτι
385 4278 535 4353 ἀρχή
567 4280 648 4342 τίς
675 4280 784 4335 ἐστι
816 4289 917 4351 τῆς
952 4283 1087 4356 πρὸς
1123 4284 1252 4338 Θεὸν
1284 4285 1502 4360 ἀγάπης
1532 4290 1565 4356 ἡ
1599 4289 1715 4342 θεία
1762 4291 1923 4361 ἡμῶν

266 4362 628 4443 δημιουργία,
658 4371 933 4424 τουτέστιν
992 4373 1025 4441 ἡ
1088 4369 1177 4426 διὰ
1232 4378 1328 4427 τοῦ
1378 4375 1751 4450 βαπτίσματος
1801 4379 1925 4432 ἀνα-

260 4454 535 4530 γὲννησις,
598 4460 715 4522 καθ’
744 4461 805 4528 ἦν
849 4460 1009 4524 θείως
1058 4462 1191 4515 εἶναι
1239 4463 1540 4538 ἀρχόμεθα·
1571 4468 1605 4535 ἡ
1672 4466 1765 4538 μὲν
1821 4469 1921 4542 γὰρ

259 4543 318 4599 ἐκ
374 4545 689 4622 σπέρματος
748 4550 910 4622 ἡμῶν
963 4547 1324 4626 δημιουργία,
1374 4551 1470 4607 κᾶν
1529 4553 1587 4608 ἐκ
1643 4560 1776 4610 Θεοῦ
1821 4554 1922 4623 δη-

2036 608 2354 660 constant:
2391 608 2631 662 vicinam
2681 606 2857 660 etiam
2909 604 3114 660 caelesti
3162 601 3504 658 hierarchise
3548 598 3694 653 dixit

2036 693 2294 765 Spiritus
2343 694 2820 763 illustrationem,
2852 712 2978 765 qua:
3027 693 3075 748 ei
3110 692 3258 765 parti
3290 707 3420 763 qua:
3471 687 3690 761 princi-

2035 789 2235 855 patum
2272 790 2449 851 tenet,
2482 786 2593 841 fuit
2623 785 2821 840 insita.

2108 874 2183 926 De
2210 878 2391 929 mente
2421 875 2477 929 in
2525 884 2783 930 mentem.
2816 873 2960 927 Vide
2992 888 3058 927 ea
3090 888 3216 943 qua:
3267 870 3457 926 medio
3510 869 3687 924 verbo

2037 966 2313 1034 aguntur,
2347 967 2402 1017 et
2429 964 2602 1019 verbo
2648 981 2757 1019 non
2808 962 3025 1033 scripto
3078 959 3356 1032 mysteria
3403 974 3527 1014 esse
3576 964 3690 1012 tra-

2034 1052 2176 1107 dita.
2212 1052 2615 1109 Communiter
2644 1056 2841 1108 autem
2888 1050 3293 1122 accipiendum
3325 1054 3414 1104 est
3443 1048 3685 1103 verbum

2035 1141 2167 1209 hoc,
2218 1142 2603 1209 tradentibus;
2636 1144 2799 1211 signa
2848 1158 2980 1197 vero
3026 1156 3189 1193 sacra
3241 1137 3403 1207 dixit,
3454 1139 3689 1209 propter

2035 1231 2316 1302 mysteria
2363 1248 2494 1303 quae
2543 1231 2818 1303 deinceps
2866 1228 3129 1300 exposita
3161 1230 3318 1293 sunt,
3352 1242 3478 1297 quae
3510 1226 3687 1279 etiam

2036 1320 2529 1392 contemplatione
2560 1320 2841 1376 elevativa
2874 1319 3050 1389 digna
3079 1320 3297 1372 censet.

2107 1410 2468 1466 Sensibitibus
2497 1411 2715 1481 ﬁguris.
2748 1410 2828 1465 De
2859 1407 3243 1480 imaginibus.

2106 1499 2256 1567 Quod
2284 1501 2572 1555 collerlum
2603 1505 2699 1556 est.
2733 1500 2875 1555 Ecce
2907 1498 3215 1571 perspicue
3246 1494 3386 1567 quid
3420 1492 3495 1549 sit
3524 1490 3683 1544 imu-

2115 1587 2251 1645 ἑνον.

2115 1609 2251 1645 ενον.

2030 1609 2222 1734 WLNon
2250 1680 2469 1750 scriptis
2501 1679 2976 1735 institutionibus.
3010 1676 3158 1731 Nota
3187 1673 3362 1731 etiam
3394 1689 3509 1728 non
3541 1670 3685 1727 scri-

1998 1770 2149 1848 :ptis
2181 1771 2657 1827 institutionibus
2686 1770 2888 1825 divina
2919 1767 3085 1823 nobis
3116 1766 3288 1822 tradi.

345 1848 674 1958 Συμϐολική
727 1876 830 1918 τις.
872 1857 993 1912 ’Ότι
1044 1850 1357 1929 συμϐολικὴ
1408 1855 1497 1910 καὶ
1552 1855 1603 1926 ἐξ
1652 1853 1921 1926 αἰσθητῶν
1955 1893 2000 1958 Β

2105 1860 2434 1930 Symbotica.
2485 1861 2652 1925 Nota,
2686 1859 2840 1931 quod
2876 1858 3063 1929 signis
3113 1860 3311 1911 utatur
3342 1858 3400 1909 et
3429 1851 3683 1908 sensibi-

2032 1948 2189 2005 libus
2222 1954 2451 2005 constet
2499 1949 2803 2004 hominum
2854 1947 3203 2013 bierarchia,
3248 1945 3356 1999 hoc
3406 1946 3516 2010 est,
3567 1956 3683 1996 non

2034 2039 2189 2094 unde
2221 2056 2311 2093 res
2362 2040 2519 2111 ipsas
2550 2038 2776 2093 divinas
2824 2041 3187 2103 tractamus;
3220 2034 3319 2088 sed
3372 2048 3473 2104 per
3515 2031 3687 2101 signa

2034 2128 2390 2200 perﬁcimur,
2423 2128 2576 2183 sicut
2600 2127 2796 2183 aulicis
2845 2125 3258 2188 benedictionis,
3302 2120 3688 2193 quemadmo-

2036 2222 2177 2274 dum
2208 2219 2290 2273 ait
2316 2218 2625 2290 Apostolus
2658 2218 2760 2291 (a),
2792 2222 2848 2272 et
2875 2218 3043 2285 panis
3078 2231 3235 2287 quem
3266 2216 3604 2283 [rangimus,
3638 2213 3695 2263 et

2035 2308 2420 2371 reliquorum.

2110 2398 2204 2454 55
2241 2400 2496 2452 Deteclw.
2530 2396 2589 2452 Id
2623 2399 2713 2451 est
2744 2399 2915 2465 notae,
2945 2397 3001 2450 et
3031 2408 3279 2465 quarum
3314 2406 3510 2445 rerum
3543 2404 3698 2458 mys-

2040 2486 2438 2557 teriorumque
2470 2486 2588 2540 sint
2618 2484 2965 2539 indicativae.

2108 2577 2465 2647 Nequaquam
2512 2574 2679 2629 alteri
2705 2573 3158 2629 communicabis.
3209 2568 3355 2636 Quia
3386 2568 3512 2623 sine
3543 2564 3693 2638 peri-

2039 2664 2169 2721 culo
2201 2681 2266 2720 ac
2294 2668 2420 2720 tuto
2452 2662 2696 2735 mystica
2726 2662 2973 2717 dicenda
3006 2665 3162 2716 sunt.

2689 2770 2761 2825 IN
2801 2769 2956 2824 CAP.
3001 2768 3073 2822 ΙΙ.

2111 2866 2137 2932 §
2172 2864 2211 2918 Ι.
2244 2862 2413 2933 Hujus
2438 2866 2648 2917 autem.
2682 2890 2749 2900 ——
2780 2858 3011 2914 Scilicet
3039 2873 3171 2911 cum
3204 2855 3319 2910 Deo
3352 2851 3693 2909 similitudi-

2040 2952 2132 3008 nis
2164 2958 2220 3007 et
2251 2950 2555 3007 unitionis.

2113 3041 2401 3109 Quodnam
2430 3045 2507 3096 est
2540 3041 2716 3108 igitur
2756 3040 3009 3093 initium.
3061 3035 3443 3107 Principium,
3477 3030 3696 3102 inquit,

2037 3136 2095 3187 et
2124 3131 2216 3186 via
2246 3130 2317 3185 ad
2350 3129 2608 3186 divinam
2641 3126 3098 3183 familiaritatem
3127 3124 3546 3193 cmlestemque
3578 3119 3694 3173 hm-

2038 3220 2346 3276 reditatem
2380 3219 2613 3273 divinus
2644 3221 2731 3272 est
2762 3216 3114 3287 baptismus.
3148 3213 3375 3268 Etenim
3416 3211 3529 3265 nisi
3573 3208 3699 3281 quis

2037 3314 2265 3365 renatus
2294 3309 2470 3382 fuerit
2498 3324 2573 3364 ea:
2601 3324 2747 3379 aqua
2777 3317 2829 3361 et
2857 3306 3197 3377 spiritu,non
3226 3302 3429 3358 videbit
3459 3316 3695 3371 regnum

2039 3402 2137 3456 Dei
2162 3400 2256 3468 (b).
2291 3398 2495 3468 Itaque
2526 3398 2814 3452 formatur
2843 3394 3089 3449 interior
3137 3393 3311 3447 homo
3361 3391 3433 3445 ad
3484 3388 3695 3443 melio-

2036 3506 2158 3544 rem
2214 3488 2505 3551 habitum,
2538 3490 2597 3541 et
2643 3484 2961 3540 salutarem
3010 3483 3228 3553 Deique
3274 3480 3583 3536 verborum
3636 3482 3692 3532 et

2035 3594 2234 3633 rerum
2267 3575 2680 3648 aptitudinem.

2108 3758 2213 3827 Ea,
2246 3772 2370 3827 quae
2404 3764 2458 3813 et
2488 3759 2834 3811 ceterorum.
2867 3754 3006 3808 Tria
3055 3752 3323 3823 quaedam
3358 3748 3693 3805 necessaria

2036 3863 2165 3903 esse
2192 3846 2335 3901 dicit
2364 3847 2435 3901 ad
2469 3849 2892 3918 praeceptorum
2926 3842 3281 3915 principium
3310 3860 3324 3909 ;
3361 3856 3569 3910 nempe
3599 3838 3690 3892 di-

2034 3936 2305 3992 vinorum
2337 3935 2701 4007 Scriptorum
2736 3933 3241 4005 approbationem,
3259 3929 3688 3984 institutionem

2037 4026 2244 4080 divinae
2305 4025 2459 4093 ﬁdei,
2512 4023 2808 4094 divinique
2848 4020 3124 4093 baptismi
3167 4018 3689 4090 regenerationem.

2034 4115 2185 4170 Bene
2205 4114 2387 4186 igitur
2404 4112 2686 4184 probavit,
2722 4109 3276 4182 prestantissimum
3303 4107 3690 4179 praecipuum-

2035 4220 2149 4275 que
2180 4204 2395 4258 mentis
2448 4207 2668 4257 motum
2701 4216 2829 4255 esse
2860 4200 2961 4254 Dei
3014 4198 3358 4253 cbaritatem
3387 4215 3399 4263 ;
3433 4201 3489 4251 et
3520 4195 3691 4268 quasi

2034 4294 2395 4365 principium
2449 4292 2745 4363 quoddam
2779 4304 2906 4343 esse
2941 4288 3250 4343 charitatis
3300 4286 3398 4341 Dei
3429 4286 3689 4340 divinam

2033 4383 2219 4437 nostri
2251 4379 2704 4448 creationem,id
2736 4384 2827 4434 est
2858 4394 2959 4449 per
2990 4376 3352 4447 baptismum
3386 4391 3690 4447 regenera-

2032 4471 2277 4538 tionem,
2312 4487 2428 4542 qua
2458 4470 2640 4524 divini
2674 4484 2802 4523 esse
2832 4467 3186 4538 incipimus;
3219 4464 3404 4519 nostri
3435 4464 3592 4518 enim
3624 4480 3692 4518 ex

2035 4560 2259 4615 semine
2292 4556 2901 4630 productio,quamvis
2932 4556 3047 4610 Deo
3081 4554 3438 4625 producente
3470 4554 3690 4620 ﬁat,ta-

265 4641 661 4711 μιουργοῦντος
706 4640 764 4709 ᾖ,
817 4637 944 4693 ἀλλ’
976 4640 1066 4692 οὖν
1123 4643 1319 4717 φυσική
1366 4641 1527 4696 ἐστιν·
1561 4646 1595 4714 ἡ
1631 4642 1687 4699 δὲ
1720 4644 1778 4699 ἐκ
1824 4646 1924 4721 βα-

2049 4664 2168 4703 nen
2195 4648 2481 4703 naturalis
2509 4652 2598 4703 est
2627 4666 2641 4715 ;
2676 4663 2743 4701 ea
2770 4651 2964 4701 autem
2998 4660 3125 4715 quas
3157 4660 3226 4698 ex
3258 4643 3572 4714 baptismo,
3605 4641 3691 4695 di-

263 4726 569 4797 πτίσματος
626 4726 758 4781 θεία·
816 4726 878 4781 οὐ
930 4729 1031 4803 γὰρ
1085 4728 1136 4799 ἐξ
1185 4731 1430 4803 αἱμάτων
1482 4730 1649 4803 ἐστὶν,
1684 4733 1808 4790 οὐδὲ
1865 4735 1923 4790 ἐκ

265 4812 584 4887 θελήματος
637 4813 847 4892 ἀνδρός.
899 4820 1103 4893 Ὥσπερ
1135 4820 1225 4873 οὖν
1259 4818 1311 4874 ἐν
1343 4824 1410 4893 τῇ
1444 4827 1642 4897 φυσικῇ
1673 4827 1919 4899 γεννήσει

268 4900 349 4958 δεῖ
378 4910 600 4979 πρῶτον
639 4907 866 4981 ὑπάρξαι
914 4905 989 4968 εἷς
1030 4907 1092 4962 τὸ
1140 4910 1292 4981 εἶναι,
1322 4911 1412 4963 καὶ
1458 4911 1581 4967 τότε
1635 4912 1919 4989 ἐνεργῆσαι

267 4994 332 5046 τὰ
372 4991 727 5065 κατάλληλα,
760 4996 849 5049 καὶ
902 4998 1117 5066 παθεῖν,
1170 5000 1285 5052 οἷον
1338 5000 1653 5075 ἀνθρώπους
1706 5004 1797 5075 μὲν
1856 5006 1922 5059 τὰ

272 5080 464 5153 οἰκεῖα,
517 5081 694 5158 ἄλογα
742 5082 799 5138 δὲ
831 5086 874 5121 ⁹⁶
906 5084 1114 5156 ὁμοίως
1159 5089 1225 5141 τὰ
1270 5089 1574 5166 πρόσφορα³
1636 5093 1777 5147 οὕτω
1830 5095 1918 5148 καὶ

271 5168 316 5225 ἐν
346 5175 413 5237 τῆ
466 5172 580 5243 θείᾳ
608 5177 705 5227 τοῦ
751 5172 1123 5249 βαπτίσματος
1169 5177 1520 5252 ἄναγε-μνήσει
1571 5177 1653 5235 δεῖ
1701 5186 1915 5257 πρῶτον

337 5356 412 5428 (a)
444 5355 469 5412 Ι
500 5358 632 5412 Cor.
665 5373 721 5425 κ,
760 5358 843 5414 16.
923 5358 998 5430 (b)
1029 5347 1196 5415 Joan.
1231 5375 1315 5429 ιιι,
1347 5361 1401 5418 5.

1482 5363 1590 5433 (b‘)
1616 5363 1787 5421 Joan.
1823 5382 1862 5437 ι,
1899 5367 1986 5424 13.

2030 4738 2167 4793 vina.
2202 4754 2213 4793 :
2248 4754 2355 4792 non
2388 4737 2547 4792 enim
2580 4753 2649 4791 ex
2679 4737 3044 4806 sanguinibus
3076 4742 3182 4800 est,
3213 4750 3313 4788 nec
3340 4749 3409 4788 ex
3436 4732 3690 4787 volunta-

2029 4830 2084 4882 te
2114 4828 2221 4883 viri
2247 4826 2451 4898 (δ’).οι
2482 4826 2663 4897 igitur
2692 4825 2752 4879 in
2786 4824 3041 4879 naturali
3075 4830 3205 4879 ortu
3244 4827 3469 4893 oportet
3503 4820 3690 4890 primo

2031 4917 2310 4973 exsistere
2339 4916 2656 4983 nascendo,
2689 4920 2745 4969 et
2774 4914 2985 4970 deinde
3017 4918 3144 4967 tum
3188 4913 3425 4966 demum
3460 4907 3689 4980 operari

2031 5006 2456 5072 convenientia,
2491 5011 2547 5061 et
2578 5004 2695 5076 pati
2722 5021 2735 5071 ;
2772 5009 2836 5059 ut
2867 5002 3135 5058 homines
3168 5001 3404 5071 quidem
3432 4997 3687 5068 propria,

2029 5097 2206 5151 bruta
2234 5112 2368 5150 vero
2399 5094 2691 5159 similiter,
2725 5092 3115 5164 (hominibus)
3147 5090 3314 5143 utilia
3347 5104 3359 5142 :
3394 5088 3478 5142 sic
3510 5087 3568 5141 in
3601 5087 3688 5141 di-

2028 5189 2166 5241 vina
2196 5184 2475 5256 baptismi
2532 5182 2976 5254 regeneratione
3026 5183 3255 5250 oportet
3289 5177 3541 5249 primum
3573 5176 3687 5232 Deo

1276 5542 1511 5600 VARIIE
1554 5543 1952 5600 LECTIONES
1991 5544 2085 5601 ET
2125 5541 2689 5602 CORRECTIONES.

343 5651 395 5736 ’f
421 5650 863 5727 παραδεδομένα.
941 5654 1167 5710 ⁹³τοῦτό
1198 5677 1359 5734 φησιν
1391 5656 1473 5714 ὅτι
1527 5658 1587 5715 οὗ
1618 5664 1857 5776 γυίινῶς.
1934 5663 1980 5697 ⁰⁴
2003 5656 2329 5734 τελούμεθα.
2408 5662 2451 5697 ⁸⁸
2500 5656 2666 5713 οἷόνεὶ
2711 5661 2812 5726 τῆς
2858 5656 2994 5731 πρὸς
3047 5656 3174 5713 Θεὸν
3235 5650 3544 5718 ἀναϐάσεως
3596 5654 3685 5710 καὶ

281 5720 511 5776 ἀγάπης-
547 5728 953 5776 ﬂuodammodn
982 5745 1235 5776 (1312mm;
1267 5732 1324 5776 in
1371 5734 1537 5776 nmm
1566 5738 1617 5776 nl.
1647 5751 1675 5776 ρ
1715 5735 1940 5776 ηνίΐηῖίς
2035 5730 2180 5776 ἆλὶνῖι
2212 5730 2267 5776 Σὲ

313 5728 453 5800 Tim;
467 5749 511 5789 ς.
547 5728 953 5798 Quodammodo
982 5728 1235 5788 ascensus
1267 5732 1325 5788 in
1365 5734 1537 5791 Deum
1565 5728 1925 5791 et'charitati:

2049 5728 2188 5787 ἱλλᾶ
2212 5730 2287 5789 δὲ.
