4158 6370
501 372 606 426 123

1322 372 1689 426 APPBNDIX
1727 367 1827 422 AD
1850 367 2106 423 ΟΡΕΒΑ
2142 367 2157 416 ξ

2298 363 2561 420 [ONYSII
2600 366 3101 421 AREOPAGITE.
3786 373 3892 430 ³124

499 495 803 567 exsistere,
852 494 1062 551 deinde
1091 495 1220 567 ejus
1267 494 1617 549 charitatem
1666 490 1917 565 operari,
1957 493 2015 545 et
2045 504 2152 544 cm-

2298 489 2384 559 ιεῷ
2412 484 2663 561 ὑπάρξαι,
2693 488 2781 542 καὶ
2835 486 2957 543 τότε
3005 487 3288 564 ἐνεργῆσαι
3327 486 3427 556 τὴν
3480 488 3690 563 ἀγάπην
3722 492 3898 565 αὐτοῦ,

498 590 625 641 tera
657 586 727 641 ad
758 586 905 641 bene
933 584 1246 641 vivendum
1282 583 1690 639 conducentia.

576 676 641 732 Ut
672 677 831 739 enim,
852 676 1114 746 inclytus.
1150 675 1392 729 Beatum
1425 672 1804 728 Hierotheum
1840 668 2164 739 dicit,sicut

502 782 651 837 saepe
684 765 741 819 in
775 764 1238 836 praecedentibus
1270 762 1647 819 sermonibus
1678 759 2018 815 declaravit.

572 854 766 910 Prima
823 855 1013 911 motio.
1076 852 1357 917 Quisnam
1418 852 1500 908 sit
1553 849 1887 923 praecipuus
1947 845 2159 902 mentis

500 948 721 999 motus.

571 1033 803 1089 Divinas
858 1041 1051 1090 status.
1086 1034 1150 1089 Id
1211 1035 1297 1088 est
1359 1028 1721 1104 regeneratio
1778 1044 1881 1100 per
1934 1026 2161 1099 baptis‘

501 1138 688 1178 mum.

570 1211 1036 1284 Ineffabitissima.
1072 1211 1136 1266 Id
1189 1215 1279 1266 est
1310 1226 1412 1282 per
1460 1207 1822 1281 baptismum
1872 1206 2077 1279 reﬁngi
2106 1199 2165 1261 et

501 1302 853 1373 regenerari,
880 1300 1034 1357 sicut
1063 1305 1264 1374 postea
1295 1300 1553 1370 exponit.

576 1392 853 1447 Exsistere
897 1398 1124 1463 oportet.
1157 1390 1319 1454 Quod
1376 1387 1781 1443 exsistentiam
1813 1387 1915 1444 56
1954 1401 2165 1441 secun-

503 1480 646 1535 dum
678 1485 977 1551 naturam,
1010 1481 1209 1553 ipsum
1260 1479 1587 1535 secundum
1624 1492 1751 1533 eam
1802 1474 2033 1549 operari
2073 1491 2163 1531 se-

504 1586 577 1641 qu
588 1574 683 1624 atu
693 1588 739 1626 r.
2122 1584 2127 1588 ‘

576 1659 791 1717 Divinas
820 1660 1274 1729 regenerationis.
1310 1662 1430 1713 Hoc
1463 1660 1553 1712 est
1584 1655 1885 1729 baptismi.

571 1748 610 1803 A
644 1749 754 1805 sole
806 1750 1117 1819 fabricatis.
1173 1746 1604 1820 Splendoribus
1657 1762 1804 1818 quos
1850 1744 1935 1801 sol
1981 1744 2162 1821 facit:

499 1836 723 1893 indicat
753 1842 949 1893 autem
983 1838 1200 1894 radios.

572 1926 702 1999 ΞΙΙ.
770 1928 994 1985 Oxiam.
1054 1923 1204 1982 Nota
1261 1941 1532 1997 quamam
1591 1924 1931 1980 acciderunt
1985 1922 2156 1993 Ozias,

499 2016 641 2073 Core
671 2020 727 2072 et
756 2016 981 2074 Nadab.

569 2106 889 2177 Evangelia.
924 2108 1203 2173 Quanam
1236 2120 1370 2161 vere
1400 2105 1553 2160 bona
1580 2103 1805 2159 nuntia.

570 2195 1022 2252 Humanitatem.
1054 2196 1201 2252 Nota
1231 2196 1303 2251 de
1333 2194 1794 2266 dispensatione,
1826 2208 1929 2249 seu
1972 2192 2157 2247 incar-

513 2284 768 2340 natione.

571 2372 950 2445 Conformare.
1013 2373 1123 2430 Per
1174 2374 1349 2430 ﬁdem
1408 2372 1651 2441 scilicet,
1730 2372 1903 2447 sicut
1956 2374 2159 2443 postea

501 2468 813 2520 monstrat.

570 2552 679 2621 Qui
727 2553 927 2610 horum
972 2556 1148 2608 amat.
1203 2556 1345 2607 Eum
1395 2550 1497 2623 qui
1548 2566 1737 2624 nuper
1784 2550 2056 2619 credidit,
2102 2553 2158 2604 et

495 2641 786 2697 illustrari
833 2642 1037 2709 voluit,
1089 2640 1278 2697 dicit:
1333 2641 1633 2696 initiatum
1688 2644 1908 2709 autem,
1962 2640 2021 2696 id
2069 2643 2159 2695 est

497 2730 920 2801 Christianum,
955 2735 1011 2785 et
1041 2729 1143 2802 qui
1174 2730 1426 2802 perfecte
1454 2729 1659 2784 credit.

571 2822 690 2893 Ipse
719 2828 908 2876 autem
940 2822 1172 2890 integre.
1210 2820 1285 2874 De
1317 2835 1472 2873 nunc
1503 2817 1658 2873 dicto
1701 2824 2038 2890 susceptare
2069 2835 2158 2873 re-

500 2914 702 2965 center
731 2908 1184 2976 illustratorum,
1217 2923 1317 2962 seu
1351 2907 1799 2978 baptizatorum.

570 2997 823 3068 Obsequi.
855 2998 1188 3053 Secundum
1220 2994 1365 3050 illud
1414 2996 1567 3066 quod
1616 2997 1673 3050 in
1722 2994 1849 3067 lege
1898 2996 2152 3052 dicitur:

496 3089 563 3142 In
596 3087 873 3143 omnibus
903 3087 1214 3142 audiemus
1243 3102 1444 3143 vocem
1473 3086 1730 3142 Domini.

569 3176 870 3248 Suscipere.
925 3180 1071 3232 Eum
1105 3176 1206 3247 qui
1260 3181 1504 3247 rogatus
1533 3181 1644 3247 est,
1695 3180 1761 3232 ut
1810 3176 2154 3248 susciperet,

506 3266 663 3322 unde
693 3266 870 3322 etiam
902 3270 1208 3337 susceptor
1239 3265 1471 3321 dicitur.

568 3355 857 3411 Summum
886 3356 1242 3411 sacerdotem.
1280 3356 1339 3410 ld
1376 3360 1466 3411 est
1494 3356 1863 3427 episcopum.

562 3447 589 3513 §
624 3447 713 3500 IlI.
750 3446 991 3501 Duorum
1022 3446 1286 3501 virorum.
1321 3445 1416 3501 Sic
1465 3447 1873 3515 componenda
1915 3448 2003 3500 est
2033 3444 2156 3499 haec

496 3534 791 3591 sententia
823 3552 835 3590 :
867 3539 1022 3590 Duos
1070 3535 1249 3603 viros,
1279 3535 1447 3605 quasi
1502 3534 1562 3589 in
1592 3534 1871 3589 humeros
1916 3550 2018 3589 ove
2050 3534 2157 3589 im-

492 3623 709 3696 posita,
744 3629 807 3679 ut
838 3624 916 3679 sit
945 3639 1013 3678 ex
1043 3623 1276 3679 duobus
1308 3622 2032 3695 hominibus,susceptore
2063 3623 2157 3676 in-

492 3729 669 3783 quam
732 3717 790 3767 et
848 3712 1180 3779 accedente,
1232 3711 1386 3767 intra
1436 3711 1765 3781 ecclesiam,
1824 3712 2157 3784 suscipiens

492 3801 650 3856 hunc
699 3806 983 3872 tanquam
1027 3816 1190 3857 ovem
1241 3800 1557 3873 perditam,
1589 3802 1717 3872 ipso
1767 3796 2157 3873 (susceptare)

491 3890 651 3945 hunc
683 3891 755 3945 ab
786 3907 980 3946 errore
1013 3894 1405 3947 convertente.
1426 3894 1749 3963 Susceptor
1777 3890 1934 3945 enim
1968 3892 2160 3948 ﬁdebs

491 3981 639 4045 erat,
660 3993 766 4032 nec
794 3977 845 4032 ei
878 3982 1003 4034 erat
1035 3993 1275 4034 necesse
1306 3978 1574 4046 admitti;
1610 3995 1766 4034 nunc
1797 3979 2019 4050 gratias
2039 3983 2161 4051 agit

491 4066 610 4123 Deo
662 4067 995 4138 episcopus.
1030 4067 1087 4123 Si
1139 4067 1297 4123 enim
1332 4068 1415 4122 ita
1463 4072 1868 4139 componatur,
1901 4069 2153 4125 duorum

492 4154 754 4212 virorum
786 4156 1137 4227 suscipiens,
1172 4156 1346 4229 plane
1377 4155 1745 4213 soloecismus
1774 4157 1904 4213 erit.

564 4245 700 4314 [Vox
747 4242 970 4323 ἰσέφθη,
1004 4246 1094 4303 hic
1136 4247 1370 4318 ponitur
1416 4264 1517 4319 pro
1548 4240 1809 4316 ἰσεῦάσθη
1862 4251 2156 4304 veneratus

491 4333 619 4403 est].

565 4422 847 4493 Spiritati,
880 4440 975 4479 seu
1003 4425 1255 4480 mentati.
1284 4423 1591 4480 Mentalem
1627 4424 1947 4497 gratiarum
1980 4424 2154 4481 actio-

495 4527 633 4567 nem
666 4512 806 4567 dicit
856 4513 1095 4569 tacitam
1145 4518 1204 4570 et
1251 4530 1379 4585 qua:
1429 4518 1623 4571 mente
1670 4515 1737 4570 fit
1768 4530 1782 4570 :
1816 4530 2153 4585 corpoream

491 4616 629 4657 vero
660 4601 955 4657 inclinans
989 4606 1186 4673 caput,
1218 4606 1275 4658 et
1305 4603 1487 4658 Deum
1521 4604 1792 4659 adorans.

564 4691 593 4758 §
626 4688 718 4745 IV.
752 4692 983 4748 Omnem
1012 4707 1237 4746 sacrum
1269 4691 1665 4749 ordinem.Hoc
1697 4696 1787 4747 est
1818 4692 2155 4748 universum

492 4778 739 4836 olerum.

563 4871 842 4942 Hymnum
872 4868 1136 4941 aliquem.
1171 4870 1318 4926 Nota
1347 4886 1418 4925 ex
1452 4868 1612 4925 omni
1646 4868 1947 4941 Scriptura
1986 4888 2159 4942 posse

492 4958 780 5030 hymnum
812 4963 871 5015 et
900 4958 1133 5014 laudem
1166 4959 1355 5015 offerri
1389 4960 1527 5026 Deo,
1552 4976 1667 5014 non
1703 4959 1907 5031 utique
1936 4976 2003 5015 ex
2035 4960 2158 5016 solo

492 5049 729 5103 Davide.
757 5049 1064 5118 Preterea,
1100 5048 1387 5121 hymnum
1423 5047 1704 5117 aliquem,
1729 5052 1832 5102 aut
1862 5049 2157 5104 canticum

494 5135 690 5191 Maria:
746 5136 961 5209 Moysis
1013 5137 1255 5205 sororis,
1311 5138 1606 5191 Cantemus
1661 5137 1896 5191 Domino
1930 5137 2017 5207 (c),
2069 5152 2157 5205 vel

494 5222 792 5295 psalmum
852 5227 1219 5298 trigesimum
1278 5225 1521 5280 tertium
1583 5225 1840 5295 Davidis,
1876 5231 1976 5281 aut
2031 5228 2159 5298 ejus

488 5318 721 5386 partem
756 5330 770 5370 :
808 5315 1070 5372 Accedite
1100 5315 1179 5372 ad
1208 5332 1357 5387 eum,
1390 5323 1444 5371 et
1475 5315 1907 5370 illuminamini.

575 5466 648 5539 (ε)
682 5467 862 5525 Exod.
897 5484 991 5540 xv,
1024 5469 1078 5524 Ι.

2268 575 2357 629 καὶ
2387 576 2455 630 τὰ
2484 575 2658 632 λοιπά
2694 578 2834 652 πρὸς
2863 576 3114 646 εὐζωΐαν.

2340 665 2427 727 Ὠς
2454 664 2554 741 γὰρ
2587 666 2614 719 6
2640 665 2871 728 κλεινός.
2908 667 3012 723 Τὸν
3050 665 3314 742 μακάριον
3348 662 3607 742 Ἰερὸθιον
3640 666 3800 747 λέγει,
3830 674 3897 736 ὡς

2270 753 2545 816 πολλάκις
2577 752 2853 825 ἐδήλωσεν
2887 754 2937 809 ἐν
2971 760 3087 818 τοῖς
3119 756 3350 832 πρόσθεν
3386 754 3594 833 λόγοις.

2346 842 2632 917 Πρωτίστη
2665 845 2898 916 κίνησις.
2930 844 3024 909 Τίς
3052 847 3086 914 ἡ
3120 844 3389 921 ἐξαίρετός
3421 844 3531 901 ἐστι
3574 846 3781 919 κίνησις
3809 857 3901 906 τοῦ

2271 952 2387 987 νου.

2342 1022 2407 1077 Ἡ
2436 1025 2531 1075 τοῦ
2564 1023 2697 1076 εἶναι
2749 1022 2928 1087 θείως.
2960 1022 3246 1079 Τουτέστιν
3273 1026 3309 1095 ἡ
3343 1021 3433 1079 διὰ
3477 1027 3575 1079 τοῦ
3610 1024 3905 1101 βαπτίσμα-

2270 1131 2363 1173 τος
2396 1110 2766 1185 ἀναγέννησις.

2344 1199 2745 1275 Ἀῤῥητοτάτη.
2804 1201 3056 1257 Τουτέστι
3113 1203 3176 1258 τὸ
3234 1200 3322 1258 διὰ
3381 1202 3751 1279 βαπτίσματος
3793 1205 3905 1262 ἀνα-

2272 1286 2580 1357 πλασθῆναι
2611 1289 2699 1344 καὶ
2734 1290 3176 1365 ἀναγεννηθῆναι,
3204 1292 3277 1355 ὡς
3310 1289 3475 1362 δηλοῖ
3504 1291 3711 1367 ἐφεξῆς.

2341 1378 2595 1453 Ὑπάρξαι
2628 1375 2729 1435 δεῖ.
2760 1381 2885 1437 ’Ὁτι
2916 1379 3207 1436 ἀκολουθεῖ
3234 1384 3302 1455 τῇ
3329 1381 3466 1437 κατὰ
3490 1380 3644 1460 φύσιν
3677 1383 3902 1459 ὑπάρξει,

2272 1465 2335 1520 τὸ
2364 1468 2481 1521 κατ’
2509 1466 2673 1536 αὐτὴν
2708 1467 2963 1545 ἐνεργεῖν,

2347 1646 2715 1722 Θεογινεσίας.
2745 1650 3005 1705 Τουτὲστι
3035 1654 3131 1705 τοῦ
3166 1648 3557 1725 βαπτίσματος.

2346 1736 2772 1801 Ἡλιοτεύκτοις.
2827 1743 2956 1800 Ταῖς
3007 1737 3193 1814 αὐγαῖς
3245 1738 3306 1801 ἃς
3357 1740 3384 1793 6
3414 1738 3579 1809 ἥλιος
3629 1742 3670 1777 9⁷
3713 1739 3904 1816 τεύχει·

2186 1865 2237 1930 Β
2277 1822 2445 1896 δηλοῖ
2475 1823 2530 1881 δὶ
2556 1826 2652 1888 τὰς
2683 1826 2923 1888 ἀκτῖνας.

2337 1918 2363 1985 §
2393 1917 2464 1973 ΙΙ.
2499 1915 2608 1972 Τὸν
2640 1916 2736 1989 μὲν
2769 1916 2967 1985 Ὀζίαν·
2997 1917 3314 1990 Σημείωσαι
3336 1918 3403 1972 τὰ
3421 1917 3561 1972 κατὰ
3589 1917 3681 1971 τὸν
3715 1914 3911 1987 Ὀζίαν,

2264 2005 2355 2059 καὶ
2386 2006 2477 2059 τὸν
2512 2005 2676 2079 Κορὲ,
2710 2004 2798 2061 καὶ
2831 2007 2920 2061 τὸν
2953 2001 3162 2064 Ναδάϐ.

2337 2093 2667 2169 Εὐαγγὲλια.
2698 2096 2839 2153 Τίνα
2869 2092 3158 2171 εὐαγγέλια
3186 2095 3434 2167 ἀληθῶς.

2341 2181 2786 2259 Φιλανθρωπίαν.
2822 2184 3138 2257 Σημείωσαι
3170 2184 3294 2261 περὶ
3332 2192 3435 2254 τῆς
3465 2184 3807 2258 οἰκονομίας.

2334 2366 2738 2440 Ἀφομοιῶσαι.
2784 2367 2882 2421 Διὰ
2926 2370 3030 2433 τῆς
3076 2369 3311 2430 πίστεως
3363 2363 3650 2439 δηλονότι,
3686 2367 3759 2427 ὡς
3790 2365 3907 2441 ἐφι-

2267 2454 2359 2525 ξῆς
2392 2452 2626 2528 [δηλοῖ].

2338 2546 2419 2617 [α]
2472 2544 2532 2601 Ὀ
2601 2544 2807 2599 τούτων
2884 2544 3184 2621 ἀγαπήσας.
3262 2546 3366 2603 Τὸν
3431 2545 3629 2600 νεωστὶ
3702 2544 3908 2600 πιστεύ-

2268 2653 2425 2687 σαντα
2457 2634 2542 2687 καὶ
2596 2632 2825 2689 θέλοντα
2858 2633 3193 2713 φωτισθῆναί
3242 2654 3393 2713 φησιυ
3432 2636 3789 2708 μεμυημᾶνον
3834 2632 3905 2701 δὲ,

2264 2721 2508 2777 τουτέστι
2538 2723 2881 2798 Χριστιανὸν,
2911 2723 3001 2777 καὶ
3028 2722 3251 2786 τελείως
3280 2723 3495 2782 πιστόν.

2454 2811 2626 2873 Αὐτὸς
2698 2809 2755 2867 δὲ
2813 2812 3042 2875 ὁλικῶςο
3100 2814 3228 2888 Περὶ
3288 2817 3389 2869 τοῦ
3444 2813 3565 2868 νυνὶ
3619 2811 3906 2887 λεγομένου

2266 2898 2541 2975 ἀναδόχου
2570 2905 2676 2955 τῶν
2709 2902 3084 2978 νεοφωτίστων
3096 2944 3109 2957 .
3860 2954 3861 2957 η

2340 2992 2412 3066 [γ]
2468 2990 2990 3061 Ἐπακολουθήσειν.
3049 2991 3194 3047 Κατὰ
3255 2992 3321 3047 τὸ
3378 2990 3672 3066 είρημὲνον
3731 2990 3783 3046 ἐν
3840 2994 3911 3061 τῷ

2263 3081 2439 3153 νόμῳ·
2469 3081 2623 3136 Κατὰ
2650 3078 2825 3135 πάντα
2852 3080 3194 3153 ἀκουσόμεθα
3222 3083 3319 3153 τῆς
3351 3088 3544 3156 φωνῆς
3579 3081 3795 3155 Κυρίου.
3826 3092 3829 3093 ⁷

2339 3166 2411 3241 [δ]
2445 3166 2844 3241 Ἀναδὲξασθαι.
2891 3169 2990 3224 Τὸν
3043 3168 3331 3238 αἷτηθὲντα
3378 3167 3751 3241 ἀναδέξασθαι·
3800 3168 3909 3233 ὅθεν

2268 3258 2356 3312 καί
2391 3256 2657 3332 ἀνάδοχος
2690 3258 2925 3335 Λέγεται.

2340 3347 2639 3423 Ἱεραρχίας
2670 3348 2983 3421 ἐπώνυμον.
3016 3348 3302 3425 Ἱεράρχην
3336 3345 3584 3419 δηλαδή.

2338 3441 2492 3508 §lII.
2544 3439 2609 3511 [ε]
2659 3442 2783 3491 Τοῖν
2838 3434 3078 3510 ἀνδροῖν.
3127 3440 3255 3493 "Ott
3308 3436 3450 3493 οὕτω
3514 3435 3601 3492 δεῖ
3660 3438 3913 3493 συνθεῖναι

2224 3575 2226 3579 ,
2264 3526 2363 3595 τήν
2399 3526 2578 3602 ῥῆσινθ
2610 3531 2733 3580 Τοῖν
2784 3523 3026 3600 ἀνδροῖν,
3078 3525 3151 3587 ὠς
3199 3526 3280 3580 ἐπ’
3332 3521 3504 3598 ὤμων
3537 3527 3599 3582 τὸ
3651 3520 3916 3601 πρόϐατον

2268 3613 2659 3687 εἰσδεξάμενος,
2687 3612 2779 3668 ’ίνα
2889 3616 2948 3669 ἐκ
2992 3615 3099 3668 τῶν
3144 3612 3238 3669 δύο
3291 3612 3530 3687 ἀνδρῶν,
3563 3618 3664 3670 τοῦ
3710 3635 3770 3668 τε
3797 3614 3914 3667 ἀνα-

2268 3702 2440 3779 δόχου
2473 3704 2618 3781 φημὶ
2644 3703 2736 3758 καὶ
2786 3708 2882 3757 τοῦ
2931 3702 3356 3779 προσελθόντος,
3388 3699 3521 3758 εἷ’σω
3567 3711 3671 3774 τῆς
3719 3703 3913 3771 ἐκκλη-

2268 3793 2409 3864 σίας,
2460 3790 2747 3866 δεξάμενος
2806 3793 2976 3863 αὐτὴν
3037 3796 3079 3829 ⁸⁸
3129 3794 3204 3855 ὡς
3260 3788 3540 3868 πρόϐατον
3600 3791 3913 3853 ἀπολωλός

2266 3881 2429 3937 αὐτοῦ
2487 3888 2677 3937 τοῦτον
2730 3883 2789 3938 ἐκ
2861 3882 3072 3954 πλάνης
3139 3882 3559 3958 ἐπιστρέφοντος
3613 3886 3678 3920 ’9'
3740 3884 3767 3936 6
3820 3880 3915 3957 γὰρ

2266 3969 2538 4047 ἀνάδοχος
2592 3972 2783 4035 πιστὸς
2809 3973 2899 4042 ἦν,
2933 3973 3022 4026 καὶ
3074 3971 3173 4026 οὐκ
3220 3968 3393 4027 ἐδεῖτο
3424 3969 3800 4048 εἰσδεχθῆναι·
3834 3974 3915 4023 νῦν

2267 4061 2581 4136 εὐχαριστεῖ
2608 4067 2685 4133 τῷ
2716 4066 2833 4133 Θεῷ
2864 4063 2891 4116 6
2924 4061 3118 4137 ἱερεύς.
3167 4060 3229 4118 Εἰ
3276 4060 3381 4136 γὰρ
3433 4062 3582 4118 οὕτω
3622 4059 3915 4127 συντεθιίη,

2263 4156 2379 4205 τοῖν
2407 4147 2624 4225 ἀνδροῖν
2658 4148 3057 4224 εἷσδεξάμενος,
3092 4149 3346 4207 σολοικὸν
3376 4148 3526 4206 ἔσται
3559 4152 3724 4209 πάνυ.

2337 4242 2610 4318 [Ἐσὲφθη,
2644 4240 2763 4296 ἀντὶ
2794 4245 2889 4295 τοῦ
2919 4235 3229 4313 ἐσεϐάσθη.]

2340 4420 2437 4476 Διὰ
2466 4426 2679 4495 νοερᾶς.
2714 4421 2915 4496 Νοερᾶν
2950 4418 3301 4497 εὐχαριστίαν
3334 4419 3468 4498 φησὶ
3494 4421 3598 4490 τὴν
3634 4418 3921 4489 σιωπηλήν

2264 4511 2353 4566 καὶ
2388 4510 2439 4565 ἐν
2472 4514 2552 4583 τῷ
2580 4514 2660 4583 νῷ
2704 4508 3017 4586 γινομένηνο
3077 4508 3423 4582 σωματοειδῆ
3455 4507 3536 4583 δὲ,
3569 4509 3779 4566 κλίνων
3826 4508 3922 4576 τὴν

2187 4606 2235 4670 D
2272 4604 2337 4639 10°
2366 4598 2609 4677 κεφαλήν
2643 4600 2732 4655 καὶ
2763 4603 3081 4674 προσκυνῶν
3110 4599 3201 4653 τὸν
3229 4599 3379 4656 Θεόν.

2338 4695 2365 4760 §
2395 4691 2488 4747 IV.
2523 4694 2701 4744 Ηᾶσαν
2736 4687 2881 4763 ἱερὰν
2918 4682 3301 4760 διακόσμησιν.
3332 4689 3627 4746 Τουτέστιν
3662 4686 3794 4744 ὅλον
3835 4686 3920 4743 τὸν

2265 4779 2470 4854 κλῆρον
2483 4823 2493 4833 .

2342 4871 2414 4941 [ζ]
2468 4869 2671 4939 Ὕμνον
2723 4866 2862 4923 τινά.
2925 4869 3267 4943 Σημείωσαι,
3328 4869 3413 4923 ὅτι
3467 4866 3528 4922 ἐκ
3583 4870 3769 4939 πάσης
3825 4867 3923 4931 τῆς

2266 4964 2487 5034 Γραφῆς
2537 4955 2761 5012 δυνατὸν
2815 4957 2983 5031 ὕμνον
3032 4960 3355 5034 προσφέρειν
3404 4962 3484 5028 τῷ
3537 4961 3679 5029 Θεῷ,
3723 4956 3787 5010 οὐ
3822 4954 3925 5027 μὴν

2270 5046 2328 5102 ἐκ
2363 5046 2532 5119 μόνου
2562 5051 2658 5101 τοῦ
2690 5044 2871 5103 Δαυίδ.
2906 5046 3133 5110 Ἀλλως
3187 5046 3358 5118 ὕμνον
3396 5045 3540 5113 τινὰ,
3574 5046 3611 5113 ἢ
3644 5047 3747 5115 τὴν
3780 5040 3926 5116 ᾠδήν

2268 5136 2477 5205 Μαρίας
2523 5142 2621 5205 τῆς
2671 5132 2913 5211 ἀδελφῆς
2971 5134 3232 5201 Μωσέως,
3283 5138 3541 5207 ”ᾼσωμεν
3584 5139 3669 5207 τῷ
3721 5130 3929 5207 Κυρίῳ,

2269 5227 2304 5295 ἢ
2334 5226 2425 5280 τὸν
2456 5225 2776 5300 τριακοστὸν
2804 5224 2985 5299 τρίτον
3030 5228 3128 5279 τοῦ
3180 5222 3341 5278 Δαυὶδ
3390 5220 3644 5297 ψαλμὸν,
3675 5225 3711 5293 ἢ
3770 5221 3932 5297 μέρος

2268 5314 2505 5386 τούτου,
2563 5311 2901 5389 Προσέλθετε
2965 5314 3104 5386 πρὸς
3160 5312 3361 5383 αὐτὸν,
3426 5312 3519 5367 καὶ
3596 5312 3931 5391 φωτίσθητι.

1464 5558 1469 5563 ’
1506 5585 1745 5643 VARIzE
1783 5584 2173 5645 LECTIONES
2209 5585 2300 5644 ET
2338 5585 2901 5645 CORRECTIONES.

566 5702 609 5736 9"
638 5700 732 5762 τὰς
766 5696 931 5774 αὐγὰς
964 5700 1023 5763 ἃς
1056 5701 1083 5756 6
1116 5698 1297 5769 ἥλιός.
1374 5702 1417 5738 π
1449 5699 1629 5757 αὐτόν.
1707 5702 1752 5738 ⁹⁹
1777 5698 2215 5776 ὲπιστρὲῲοντος.
2296 5705 2364 5741 ¹⁰⁰
2394 5700 2780 5775 προσκύνησιν,
2816 5695 3002 5769 ἐπειδὴ
3032 5696 3203 5756 κλίνει
3234 5700 3356 5772 τήν.
