4158 6370
262 391 361 448 125

972 404 1031 457 s.
1068 386 1345 458 unum
1385 406 1695 462 scnoua
1731 411 1804 463 ιιι
1843 409 1979 461 LIB.
2018 410 2116 461 DE
2154 402 2443 464 seems.
2487 411 2960 467 arsaaacmx.

3580 410 3685 464 126

318 513 552 586 Ὀλικῆν
610 521 878 595 γενέσθαι.
957 521 1184 595 Ὀλικὴν
1276 525 1629 603 προσὲλευσιν
1700 528 1799 598 τὴν
1856 525 1905 601 ἐξ

2095 531 2191 588 57
2228 531 2443 601 Integer
2472 533 2572 589 ille
2596 533 3000 606 esl.Integrum
3032 548 3355 605 accessum,
3381 536 3439 589 et
3463 534 3683 589 adven-

256 605 390 677 ὅλης
421 610 617 683 ψυχῆς
652 631 726 688 φη
738 631 811 668 σι.

323 694 559 752 Κελεύει
614 703 736 761 τοῖς
792 700 1011 775 ἱερεῦσι.
1064 705 1406 779 Σημείωσαι,
1466 704 1547 761 ὅτι
1598 708 1762 781 ἱερεῖς
1819 727 1917 762 κα-

259 785 342 841 λεῖ
394 787 525 849 τοὺς
601 783 1018 859 ὀποϐεϐηκότας
1093 797 1200 847 τῶν
1280 792 1618 867 ἂπισκόπων,
1674 798 1918 852 τουτέστι

256 874 381 938 τοὺς
413 872 845 955 πρεσϐυτέρους,
891 881 978 935 καὶ
1037 879 1321 947 διακόνους
1369 885 1564 950 αὐτοὺς
1593 882 1765 949 οὕτως
1802 886 1920 941 ὀνο-

262 967 448 1039 μάζων
486 985 500 1000 °
562 967 719 1024 αὐτοὶ
782 969 885 1046 γὰρ
937 969 1441 1053 ὀνοματογραφοῦσι
1488 974 1618 1040 τοὺς
1662 975 1917 1053 νεοφωτί-

254 1076 441 1118 στους.

320 1164 474 1235 §VI.
529 1165 630 1220 Τὸν
684 1162 870 1242 ἄνδρα.
928 1169 1250 1242 Σημείωσαι
1309 1170 1398 1225 καὶ
1458 1172 1578 1249 περὶ
1634 1174 1737 1243 τῆς
1781 1172 1917 1227 ἀπο-

252 1260 475 1331 γραφῆς
506 1257 605 1310 τοῦ
640 1255 1042 1332 βαπτιζομένου
1073 1258 1163 1313 καὶ
1190 1260 1285 1314 τοῦ
1325 1256 1622 1338 ἀναδόχου.

324 1342 663 1416 Ἐκκλησίας
767 1346 1298 1424 συμπληρωσάσης,

248 1434 320 1507 τῇ
352 1436 452 1487 τοῦ
483 1432 661 1507 Ἀμὴν
695 1432 1014 1514 ἒκφωνήσει.

326 1520 587 1578 Ὑπολῦει
652 1524 747 1598 μὲν
800 1524 979 1581 αὐτὸν.
1044 1527 1173 1603 Περὶ
1232 1532 1340 1584 τῶν
1400 1527 1451 1584 ἰν
1506 1532 1585 1601 τῷ
1636 1528 1765 1603 θείῳ
1821 1530 1917 1605 βα-

252 1612 521 1686 πτίσματι
554 1612 979 1688 τελειουμὲνων.

322 1702 423 1756 Καὶ
460 1700 913 1781 ἀπαμφιέννυσιν.
966 1706 1228 1771 Ἐνταῦθα
1274 1706 1335 1761 οὐ
1384 1710 1553 1763 πᾶσαν
1588 1711 1684 1779 τήν
1720 1708 1917 1780 ἐσθῆτα

254 1790 710 1869 ὄπαμιριὲννυσιν,
763 1792 892 1849 ἀλλ’
951 1794 1170 1872 ἀφίησιν
1224 1790 1277 1850 ἕν
1326 1796 1569 1869 ἱμάτιον,
1621 1799 1695 1861 ὡς
1751 1796 1918 1870 δηλοῖ

1385 1352 1671 1408 Τουτὲστιν
1760 1351 1847 1406 ἐπὶ
1898 1355 1914 1389 ί

2025 622 2152 673 tum
2186 619 2328 675 dicit
2352 637 2485 676 eum
2519 620 2620 692 qui
2651 626 2770 676 toto
2804 621 2999 677 animo
3030 621 3114 677 fit.

2096 709 2319 765 Mandat
2347 710 2735 767 sacerdotibus.
2770 715 2939 781 Nota,
2972 727 3107 767 eum
3159 708 3454 783 appellare
3485 727 3683 768 sacer-

2026 798 2192 854 dotes
2245 816 2343 854 eos
2393 800 2493 871 qui
2546 800 2855 856 inferiores
2905 804 3045 857 sunt
3095 801 3409 873 episcopis,
3455 800 3563 856 hoc
3595 805 3685 856 est

2026 888 2419 959 presbyteros,
2452 889 2730 945 diaconos
2772 890 2946 946 etiam
2981 890 3142 963 ipsos
3189 890 3270 946 ita
3324 891 3678 959 nominans;

2026 974 2140 1048 ipsi
2193 977 2349 1033 enim
2397 994 2598 1034 eorum
2651 980 2751 1050 qui
2808 996 2997 1053 nuper
3039 985 3096 1035 et
3156 995 3357 1035 recens
3404 978 3683 1035 illustrati

2028 1070 2214 1134 erant,
2248 1067 2582 1124 scribebant
2612 1068 2873 1125 nomina.

2097 1171 2247 1241 §VI.
2287 1175 2494 1229 Virum.
2531 1175 2696 1245 Nota,
2738 1176 3196 1249 descriptionem
3245 1174 3371 1232 ﬁeri
3421 1174 3681 1232 nominis

2026 1262 2156 1333 ejus
2189 1263 2288 1335 qui
2321 1263 2750 1336 baptizabalur,
2784 1270 2841 1320 et
2870 1265 3248 1337 susceptoris.

2101 1351 2525 1424 Congregatione
2552 1355 2843 1427 completa.
2879 1356 2939 1410 Id
2972 1360 3065 1411 est
3108 1356 3178 1410 de
3210 1354 3684 1427 pronuntiatione

2025 1440 2214 1512 ipsius
2245 1446 2451 1496 Amen.

2097 1530 2264 1584 Illum
2290 1528 2652 1601 discingit.De
2683 1530 2755 1586 iis
2786 1547 2915 1603 quas
2942 1531 2999 1586 in
3034 1531 3330 1603 baptismo
3360 1530 3683 1604 perﬁciun-

2026 1620 2142 1673 tur.

2100 1710 2163 1763 Et
2194 1710 2372 1764 exuit.
2409 1707 2511 1764 Hic
2544 1725 2658 1764 non
2692 1725 2927 1764 omnem
2956 1712 3177 1765 vestem
3228 1708 3406 1777 exuit,
3442 1709 3542 1765 sed
3576 1708 3681 1764 de-

2026 1796 2208 1852 mittit
2238 1814 2415 1853 unam
2448 1803 2695 1865 vestem,
2727 1798 2877 1854 sicut
2904 1798 3176 1871 deinceps
3208 1796 3467 1854 declarat
3496 1816 3509 1867 ;
3562 1814 3680 1871 per

252 1877 447 1955 ὶφεξῆς
475 1900 489 1912 ·
534 1877 625 1936 διὰ
668 1885 775 1939 τῶν
837 1881 1167 1960 λειτουργῶν
1228 1882 1307 1957 δὲ,
1342 1886 1584 1943 τουτέστι
1642 1892 1750 1943 τῶν
1800 1885 1908 1943 δια-

2032 1884 2292 1959 liturgos,
2323 1886 2432 1942 hoc
2463 1890 2553 1943 est
2582 1885 2877 1943 diaconos.

252 1966 452 2028 κόνων.

331 2059 574 2134 Μετάγει
628 2061 766 2136 πρὸς
826 2061 918 2120 ἔω.
986 2059 1117 2119 Ὧδε
1186 2064 1259 2126 ὠς
1333 2063 1631 2142 εὐχόμενον
1691 2066 1781 2122 καὶ
1827 2065 1914 2123 αἶ’-

250 2151 454 2204 τοῦντα
484 2155 636 2205 ποιεῖ
667 2169 680 2183 ’
742 2149 793 2206 ἐν
852 2149 909 2207 δὲ
958 2156 1037 2225 τῷ
1087 2153 1224 2228 πρὸς
1281 2151 1487 2229 δυσμὰς
1550 2158 1797 2231 σχήματι
1840 2160 1917 2221 ὡς

254 2237 583 2294 ἀπωθοῦντα
640 2241 705 2295 τὲ
764 2238 897 2318 ἔργα
950 2246 1047 2297 τοῦ
1117 2243 1365 2305 σκότους.
1430 2244 1771 2317 Σημείωσαι,
1831 2246 1913 2303 δτι

246 2326 371 2382 τότε
395 2326 449 2383 οἱ
482 2325 725 2384 διάκονοι
762 2330 921 2405 μόνοι
962 2328 1172 2406 ἐξέδυον
1211 2331 1337 2395 τοὺς
1370 2333 1457 2388 ἐπὶ
1489 2334 1550 2389 τὸ
1584 2335 1865 2411 βάπτισμα
1895 2356 1910 2372 ·

244 2414 297 2471 οἰ
350 2413 411 2472 δὲ
457 2413 814 2495 πρεσϐὖτεροι
865 2419 930 2475 τὰ
986 2419 1157 2476 λοιπᾶ
1208 2421 1451 2491 ἐποίουν,
1498 2422 1531 2477 ’ἁ
1561 2428 1649 2479 νῦν
1703 2426 1754 2479 οἱ
1792 2422 1914 2480 διά-

238 2528 393 2561 κονοι
429 2511 683 2563 ποιοῦσιν
710 2510 751 2582 ⁸,
784 2508 861 2571 ὡς
909 2504 1081 2586 ἔγνως
1124 2510 1232 2587 πρὸ
1266 2515 1475 2587 μικροῦ
1502 2533 1513 2546 ·
1549 2514 1637 2568 καὶ
1665 2512 1716 2569 ἐν
1749 2517 1770 2551 ³
1796 2520 1915 2578 τοῖς

241 2596 363 2669 ἑξῆς
397 2593 456 2651 δὲ
492 2596 770 2671 εὑρήσεις,
803 2596 887 2654 ὅτι
940 2596 1293 2677 λειτουργοὺς
1344 2602 1473 2665 τοὺς
1506 2600 1789 2669 διακόνους
1816 2626 1913 2659 κα-

244 2684 334 2740 λεῖ
366 2704 380 2716 ·
415 2684 547 2741 τοὺς
581 2683 637 2741 δὲ
665 2682 1086 2765 πρεσϐυτέρους,
1117 2691 1306 2766 ἱερεῖς.

318 2886 345 2953 §
402 2883 532 2941 VII.
580 2886 704 2941 Τῶν
752 2883 1108 2963 λειτουργῶν.
1170 2890 1527 2966 Λειτουργοὸς
1586 2888 1729 2964 λὲγει
1780 2890 1907 2955 τοὺς

245 2969 565 3035 διακόνους.

318 3061 554 3137 Μητέρα
608 3065 706 3132 τῆς
792 3064 1084 3129 υἱοθεσίας.
1171 3068 1398 3142 Μητέρα
1469 3072 1569 3138 τῆς
1643 3069 1907 3135 υἱοθεσιας

242 3152 345 3219 τήν
376 3145 775 3227 κολυμϐήθραν
804 3152 981 3211 καλεῖ.

2100 2066 2347 2122 Traducit
2378 2067 2446 2122 ad
2475 2067 2754 2123 orientem.
2791 2067 2908 2123 Hoc
2946 2066 3071 2123 loco
3104 2070 3439 2139 precantem
3489 2070 3545 2121 et
3576 2082 3678 2139 pe-

2024 2158 2243 2211 tentem
2277 2157 2415 2212 facit
2466 2174 2479 2212 :
2534 2157 2589 2211 in
2634 2174 2699 2212 eo
2749 2160 2942 2212 autem
2992 2156 3194 2212 habitu
3240 2172 3355 2228 quo
3404 2172 3679 2212 occasum

2025 2250 2272 2317 Spectat,
2306 2251 2588 2319 tanquam
2638 2246 3021 2318 expellentem
3058 2263 3235 2318 opera
3280 2244 3681 2305 tenebrarum.

2024 2334 2175 2390 Nota
2203 2339 2327 2391 tum
2361 2336 2639 2392 diaconos
2669 2336 2977 2393 detrahere
3024 2340 3215 2392 vestes
3251 2336 3323 2391 iis
3354 2335 3453 2407 qui
3486 2334 3681 2409 bapti-

1994 2424 2347 2495 ‘zabantur;
2379 2427 2751 2499 presbyteros
2796 2431 2986 2482 autem
3034 2425 3242 2481 fecisse
3293 2424 3517 2497 reliqua
3549 2442 3677 2498 quas

2024 2532 2180 2570 nunc
2212 2515 2437 2571 diaconi
2470 2516 2708 2585 faciunl,
2742 2517 2895 2572 sicut
2924 2513 3099 2589 paulo
3132 2519 3267 2570 ante
3298 2513 3674 2583 intellexisti;

2021 2612 2077 2660 et
2107 2604 2165 2659 in
2200 2605 2272 2660 iis
2304 2610 2502 2660 autem
2535 2622 2661 2676 quas
2710 2610 3041 2676 sequuntur
3082 2605 3365 2671 invenies,
3417 2604 3570 2675 quod
3604 2603 3675 2658 1i-

2020 2699 2224 2767 turgos
2274 2699 2442 2751 vocet
2509 2694 2806 2761 diaconos,
2858 2699 2915 2750 et
2977 2694 3348 2768 presbyteros
3396 2692 3673 2750 sacerdo-

2019 2788 2131 2841 tes.

2088 2894 2116 2961 §
2145 2891 2260 2950 VII.
2293 2892 2696 2950 Miuistrorum.
2730 2892 3034 2950 Ministros
3067 2896 3235 2949 vocat
3264 2891 3565 2949 diaconos.

2085 3072 2312 3127 Matrem
2338 3071 2668 3143 adoptionis.
2706 3071 2950 3128 Matrem
2998 3070 3328 3143 adoptionis
3360 3070 3675 3143 piscinam,

2016 3177 2117 3216 seu
2153 3160 2588 3232 baptisterium,
2620 3164 2807 3217 vocat.

317 3241 391 3294 Τὸ
424 3240 571 3315 ἱερὸν
626 3248 726 3311 τῆς
768 3247 875 3297 τῶν
940 3241 1286 3315 θεολήπτων.
1348 3246 1506 3305 Οῦτω
1556 3250 1655 3318 τήν
1717 3249 1907 3323 item

347 3330 568 3354 __A___l_,,
607 3349 618 3354 -
659 3332 703 3354 Αἱ
763 3332 870 3354 (γᾼλ
1045 3331 1066 3354 Ἴ
1106 3332 1161 3354 1⁸5
1378 3343 1404 3353 ς.
1494 3338 1506 3354 1
1696 3338 1706 3354 Ι
1840 3345 1864 3354 ε

2090 3250 2323 3305 Sacrum
2360 3250 2464 3305 Deo
2509 3250 2847 3322 afﬂatorum.
2900 3249 2993 3304 Sic
3042 3248 3437 3306 construenda
3486 3248 3671 3304 oratio

246 3330 571 3385 συντακτίον
606 3349 618 3361 ⁸
650 3332 713 3386 τὸ
763 3332 909 3406 ἱερὸν
975 3331 1284 3407 μελῲδημα
1340 3343 1441 3406 τῆς
1490 3338 1771 3401 ἐπιπνοίας
1797 3345 1906 3397 τῶν

246 3417 576 3489 θεολήπτων
638 3426 896 3496 προητῶν
948 3420 1041 3477 ’ἱνα
1072 3424 1105 3492 ἦ
1138 3444 1150 3456 ο
1203 3426 1291 3479 καὶ
1339 3425 1600 3483 τολοιπὸν
1634 3429 1661 3482 ὁ
1695 3427 1912 3485 ἐπίσκο-

245 3530 370 3579 πος,
410 3509 581 3564 εἰπὼν
621 3510 682 3565 τὸ
716 3511 860 3585 ἱερὸν
919 3509 1231 3585 μελῴδημα
1260 3518 1356 3568 τοῦ
1388 3516 1541 3591 ἁγίου
1566 3518 1899 3603 Πνεῦματος,

245 3600 379 3675 ὅπερ
414 3596 569 3674 ἅγιον
622 3604 839 3673 Πνεῦμα
882 3603 915 3670 ἡ
963 3600 1215 3657 ἐπίπνοιά
1266 3602 1376 3659 ἐστι
1426 3611 1533 3660 τῶν
1580 3606 1733 3662 Θείων
1768 3596 1907 3682 προλ

247 3692 464 3761 φητῶν,
517 3685 734 3762 δέχεται
784 3689 873 3743 τὸν
925 3687 1092 3766 ἄνδρα
1128 3712 1140 3725 ο
1190 3690 1250 3746 οὐ
1300 3694 1401 3770 γὰρ
1454 3694 1517 3749 τὸ
1551 3696 1693 3771 ἱερὸν
1731 3694 1911 3771 μελῴ-

247 3774 402 3849 ὃημα
458 3782 567 3831 τῶν
614 3782 913 3855 προφητῶν
983 3799 1192 3857 φησιν⁹
1267 3783 1463 3845 πάντες
1522 3784 1625 3859 γὰρ
1684 3786 1739 3838 οἱ
1771 3806 1907 3861 προ-

246 3872 416 3941 ςιῆται
451 3866 603 3920 εἷπον
657 3868 719 3920 τὸ
778 3866 907 3921 αὐτὸ
964 3866 1019 3921 ἓν
1073 3865 1252 3941 ᾆσμα·
1318 3869 1427 3926 ἔστι
1480 3869 1537 3926 δὲ
1596 3873 1624 3926 ὁ
1668 3872 1910 3938 εἰκοστὸς

251 3952 449 4030 ὄγδοος
481 3954 705 4027 ψαλμός
739 3973 752 3985 ·
807 3957 976 4025 Φωνὴ
1034 3958 1235 4031 Κυρίου
1285 3957 1371 4013 ἐπὶ
1419 3964 1527 4015 τῶν
1558 3958 1787 4031 ὑδάτων,
1816 3965 1908 4018 καὶ

247 4045 307 4098 τὸ
342 4064 355 4076 ·
390 4042 746 4114 Αλληλούϊα.

316 4147 705 4221 Κατάλληλον.
739 4152 998 4208 Τουτέστι
1033 4150 1257 4225 λευκήν.

311 4260 403 4327 Τῷ
452 4260 927 4331 θεουργικωτὰτῳ.
976 4265 1067 4333 Γρ.
1124 4260 1173 4314 ἐν
1210 4258 1390 4334 ἄλλῳ,
1423 4264 1896 4340 θεολογικωτάτῳ.

244 4344 314 4399 Οὐ
347 4346 491 4421 χρὴ,
554 4345 708 4423 φησὶ,
756 4346 847 4400 τὸν
899 4346 1290 4424 ἐντυγχάνοντα
1345 4356 1462 4415 τοῖς
1510 4352 1640 4428 Περὶ
1682 4361 1781 4424 τῆς
1813 4352 1898 4410 ἐκ·

243 4435 646 4505 κλησιαστικῆς
700 4434 984 4511 ἱεραρχίας
1035 4436 1227 4513 λόγοις
1283 4443 1379 4494 τοῦ
1439 4442 1649 4517 Πατρὸς
1708 4446 1897 4515 ξενιζε-

250 4535 393 4589 σθαι,
424 4522 476 4577 εἴ
506 4524 652 4599 παρά
693 4526 791 4593 τὴν
839 4526 955 4580 νυνὶ
998 4530 1294 4599 κρατοῦσαν
1343 4527 1394 4583 ἒν
1429 4534 1547 4594 ταῖς
1576 4528 1897 4602 ἐκκλησίαις

244 4614 389 4685 τάξιν
420 4611 474 4666 ἐν
508 4617 627 4677 ταῖς
654 4617 761 4668 τῶν
815 4615 1128 4690 μυστηρίων
1178 4616 1424 4681 τελεταῖς
1455 4620 1897 4695 παρηλλπγμὲνα
1926 4656 1974 4723 D

249 4701 270 4723 Ἴ
292 4702 303 4723 ι
442 4722 449 4723 κ
535 4702 547 4720 Ῑ
588 4720 597 4723 _
646 4698 671 4717 ν
933 4704 947 4722 ἢ
1004 4703 1018 4723 ἱ
1125 4709 1181 4723 ου-
1379 4710 1404 4723 I.
1499 4710 1512 4723 ε
1673 4710 1684 4723 ι
1867 4716 1893 4723 .-

249 4701 392 4776 λὲγει
425 4702 553 4756 τινά
587 4720 597 4732 ·
634 4698 809 4777 ὥςπερ
860 4704 949 4758 καὶ
1001 4703 1225 4769 ἐνταῦθα
1276 4710 1409 4780 μετὰ
1452 4710 1551 4777 τήν
1586 4710 1769 4785 χρίσιν
1801 4716 1897 4765 τοῦ

253 4791 428 4867 μύρου
477 4792 580 4861 τήν
628 4798 732 4862 τῆς
778 4793 928 4869 ἆγίας
975 4794 1264 4859 κοινωνίας
1328 4796 1633 4873 μετάληψιν
1695 4798 1898 4876 εἷσᾶγει

248 4882 509 4957 γίνεσθαι.
565 4881 729 4943 Εἰκὸς
787 4883 887 4958 γὰρ
946 4882 1011 4950 ἦν
1071 4888 1259 4954 ταῦτα,
1318 4890 1385 4958 τῇ
1417 4891 1521 4941 τῶν
1554 4890 1771 4962 χρόνων
1807 4891 1901 4962 μὶν

249 4967 569 5025 καταστάσει
630 4970 909 5044 ἅρμόζειν,
965 4969 1055 5026 νῦν
1125 4971 1179 5027 δὲ
1234 4969 1611 5051 ἀκριϐέστερον
1660 4978 1901 5053 γίνεσθαι

252 5057 299 5112 ἐν
328 5065 397 5133 τῇ
429 5064 540 5114 τῶν
575 5059 733 5114 Θείων
786 5064 1099 5136 μυστηρίων
1150 5060 1329 5134 τελείᾳ
1371 5062 1682 5141 λειτουργίᾳ
1717 5086 1728 5099 ·
1780 5067 1831 5122 ἰν

246 5148 329 5203 καὶ
360 5148 490 5210 τοὺς
520 5148 916 5225 νεοφωτίστους
949 5147 1032 5204 δεῖ
1073 5147 1505 5224 μεταλαμϐάνειν
1616 5155 1791 5223 VIII.)
1817 5162 1903 5228 Τῷ

250 5233 301 5291 δὲ
341 5238 513 5293 εἰπεῖν
580 5236 748 5292 πάλιν
804 5236 888 5292 ἐπὶ
946 5240 1045 5307 τήν
1102 5244 1209 5294 τῶν
1270 5242 1503 5316 πρώτων
1539 5242 1903 5309 ἀνατείνεσθαι

247 5326 492 5405 θεωρίαν,
526 5325 565 5399 ἤ
598 5325 769 5403 εὐχὴν
828 5328 964 5402 μετὰ
1006 5332 1166 5385 τοῦτο
1217 5331 1456 5407 γίνεσθαι
1487 5330 1729 5408 ᾐνίξατο,
1752 5332 1788 5405 ἥ
1821 5336 1905 5391 δτι

2021 3343 2113 3393 est
2144 3356 2157 3395 :
2186 3339 2421 3394 Sacram
2445 3337 2903 3393 modulationem
2929 3337 3334 3409 inspirationis
3367 3336 3676 3408 propheta-

2023 3445 2178 3495 rum,
2224 3427 2326 3499 qui
2380 3427 2581 3482 divina
2630 3432 2824 3482 mente
2874 3426 3120 3497 permoti
3165 3434 3324 3492 sunt,
3358 3431 3423 3479 ut
3469 3426 3546 3479 sit
3575 3443 3588 3480 :
3621 3429 3680 3480 et

2021 3516 2297 3589 deinceps
2328 3518 2801 3588 episcopus,cum
2836 3515 2979 3569 dixit
3010 3532 3243 3569 sacrum
3277 3531 3511 3568 carmen
3537 3531 3674 3569 san~

2021 3606 2098 3661 cti
2148 3606 2423 3677 Spiritus,
2477 3604 2579 3676 qui
2631 3608 2872 3660 sanctus
2924 3603 3175 3676 Spiritus
3227 3603 3538 3674 inspiratio
3585 3606 3676 3657 est

2019 3692 2461 3764 prophetarum,
2494 3692 2688 3747 virum
2720 3690 2950 3763 accipit.
2996 3690 3121 3747 Non
3157 3695 3353 3746 autem
3408 3688 3550 3745 dicit
3581 3708 3677 3746 sa-

2019 3798 2183 3836 crum
2219 3798 2455 3836 carmen
2506 3780 2944 3853 prophetarum.
3000 3780 3125 3835 Non
3171 3797 3326 3835 enim
3378 3779 3673 3851 prophetae

2016 3887 2220 3926 omnes
2254 3887 2437 3926 unum
2484 3876 2663 3941 atque
2704 3869 2857 3924 idem
2908 3870 3200 3924 canticum
3250 3869 3544 3924 dixerunt.
3581 3870 3680 3923 Est

2014 3966 2212 4016 autem
2264 3975 2442 4015 xxvm
2490 3959 2754 4031 psalmus
2793 3975 2805 4013 :
2846 3960 2953 4015 Vox
3002 3959 3223 4014 Domini
3264 3974 3429 4029 super
3478 3974 3670 4030 aquas,

2013 4056 2069 4106 et
2098 4048 2364 4106 Alleluia.

2086 4157 2360 4227 Congrua.
2395 4158 2455 4212 Id
2488 4160 2578 4211 est
2608 4154 2763 4213 alba.

2081 4266 2359 4320 Divinitus
2412 4268 2743 4320 consecrato.
2779 4264 3072 4319 Scribitur
3128 4263 3184 4317 in
3246 4262 3383 4332 alio,
3424 4260 3670 4337 θεολογι-

2014 4351 2261 4425 κωτάτῳ,
2296 4371 2400 4409 seu
2434 4354 2676 4408 maxime
2714 4353 3008 4421 theologica
3039 4352 3218 4424 (quod
3252 4350 3411 4422 loqui
3463 4352 3532 4407 de
3561 4353 3671 4407 Deo

2008 4444 2148 4499 facit
2177 4460 2353 4515 quam
2389 4442 2685 4513 maxime).
2719 4442 2841 4496 Non
2878 4445 3123 4512 oportet,
3158 4441 3374 4513 inquit,
3407 4456 3541 4496 eum
3566 4440 3667 4511 qui

2007 4533 2264 4587 rationes
2293 4533 2675 4588 ecclesiastica)
2692 4531 3027 4587 hierarchiae
3051 4530 3213 4602 legit,
3242 4530 3314 4584 ab
3347 4529 3457 4586 hoc
3493 4529 3664 4585 Patre

2008 4622 2345 4691 abalienari,
2380 4624 2426 4678 si
2461 4627 2671 4695 praeter
2700 4640 2833 4677 eum
2868 4621 3129 4678 ordinem
3166 4621 3266 4693 qui
3303 4638 3459 4676 nunc
3490 4621 3549 4675 in
3582 4637 3672 4676 ec-

2010 4712 2205 4769 clesiis
2238 4713 2386 4768 valet
2415 4712 2472 4767 in
2506 4716 3016 4767 sacramentorum
3049 4711 3262 4765 ritil-us
3296 4728 3360 4766 ac
3392 4726 3665 4765 caeremo-

2010 4802 2125 4857 niis
2158 4806 2386 4857 mutata
2417 4801 2613 4873 aliqua
2634 4801 2804 4855 dicit:
2827 4800 3325 4872 quemadmodum
3358 4799 3531 4853 etiam
3557 4798 3665 4852 hoc

2009 4891 2156 4959 loco,
2194 4894 2323 4962 post
2373 4892 2659 4962 unguenti
2690 4891 3083 4961 perfusionem
3146 4892 3358 4944 sanctae
3412 4902 3665 4942 commu-

2011 4981 2203 5035 nionis
2236 4980 2743 5052 participationem
2773 4981 2893 5035 fieri
2940 4979 3035 5035 58
3070 4979 3315 5033 inducit.
3342 4976 3668 5032 Verisimile

2013 5069 2351 5141 estquidem
2368 5069 2488 5123 hac
2503 5069 2682 5124 statui
2704 5074 2759 5124 et
2772 5070 2918 5124 cond
2931 5068 3091 5123 itioni
3113 5073 3441 5138 temporum
3459 5082 3665 5121 conve-

2014 5160 2325 5224 nire,nunc
2345 5162 2537 5213 autem
2573 5159 2906 5214 accuratius
2936 5156 3231 5212 observari
3252 5157 3307 5210 in
3335 5155 3666 5211 divinorum

2016 5248 2429 5321 mysteriorum
2449 5248 2702 5320 perfecto
2717 5248 2911 5303 missae
2928 5244 3341 5314 ministerio,in
3359 5263 3473 5318 quo
3488 5247 3666 5301 etiam

2016 5339 2055 5393 ii
2083 5339 2185 5410 qui
2218 5354 2418 5393 recens
2452 5336 2731 5392 illustrati
2763 5341 2921 5406 sunt,
2972 5334 3407 5391 communicare
3430 5335 3663 5393 debent.

1258 5561 1503 5621 VARle
1541 5564 1933 5625 LECTIONES
1971 5566 2063 5627 ET
2100 5564 2650 5627 CORRECTIONES.

323 5743 339 5777 ¹
373 5732 443 5793 ἐν.
506 5737 530 5771 ³
558 5728 925 5790 ἐπιτελοῦσιν.
983 5734 1006 5770 ⁸
1033 5728 1086 5788 ἐν
1117 5731 1195 5807 τῷ
1226 5726 1479 5809 προτέρῳ
1506 5728 1795 5812 καταϐατῷ
1823 5736 1913 5794 καὶ
1946 5736 2022 5797 ἰν.
2086 5742 2106 5776 ⁴
2136 5738 2197 5795 τὸ
2230 5736 2415 5816 ῥητόν.
