4158 6370
524 351 625 404 127

1352 354 1714 406 APPENDIX
1753 354 1851 406 AD
1889 352 2130 407 OPERA
2165 351 2223 403 S.
2264 349 2578 404 DIONYSII
2622 350 3122 405 AREOPAGITE.
3815 350 3910 404 123

522 474 573 545 (§
599 474 771 545 VIII.)
801 477 945 530 Cum
979 478 1171 530 autem
1206 474 1307 542 ait,
1340 493 1548 532 rursus
1576 477 1646 531 ad
1682 475 2003 548 primorum
2046 490 2175 529 con-

2294 473 2428 545 μετὰ
2455 476 2615 527 τοῦτο
2665 473 2691 527 ὁ
2735 472 3002 548 ίεραίρχης
3056 469 3194 545 πρὸς
3245 468 3345 537 τὴν
3406 466 3549 523 θείαν
3608 464 3779 524 ἄπεισι
3812 471 3916 527 λει-

519 564 963 636 templationem
1014 565 1273 635 excitari,
1322 565 1407 621 vel
1460 566 1851 637 precationem
1906 568 2039 636 post
2069 563 2179 618 hoc

521 652 647 708 ﬁeri
680 653 1023 721 insinuavit,
1056 658 1156 708 aut
1211 658 1341 724 post
1388 654 1497 710 hoc
1548 654 1883 727 pontiﬁcem
1926 653 1997 708 ad
2029 650 2174 707 divi-

520 758 657 797 nam
692 743 936 798 missam
970 744 1185 801 venire.

591 832 668 885 Αιί
700 849 881 888 rerum
927 836 1336 905 praecipuarum
1383 844 1460 889 est
1514 836 1708 903 igitur.
1759 833 1917 898 Quod
1953 831 2053 901 ait;
2090 834 2179 887 est

520 920 864 991 hujusmodi
903 939 916 977 :
950 923 1272 994 Episcopus
1305 924 1403 996 qui
1440 924 1537 979 Dei
1566 924 1827 978 omnium
1863 937 2174 993 personam

519 1011 793 1080 sustinet,
828 1016 890 1066 ut
920 1011 1074 1067 Deus
1109 1012 1167 1067 in
1204 1030 1319 1067 uno
1355 1014 1677 1084 eodemque
1710 1015 1871 1067 statu
1908 1026 2175 1079 manens,

518 1104 575 1154 et
607 1099 663 1154 in
699 1100 824 1171 ipso
857 1100 1030 1170 ﬁxus,
1064 1118 1369 1173 nunquam
1404 1118 1465 1157 se
1497 1098 2015 1171 deserens,salutis
2048 1116 2176 1154 om-

516 1189 680 1245 nium
722 1206 901 1246 causa
952 1192 1327 1262 providentia:
1374 1209 1492 1246 suae
1548 1189 2065 1263 progressionibus
2101 1189 2172 1243 ad

515 1279 713 1335 omnia
746 1279 1021 1335 bonitatis
1053 1280 1479 1336 illustrationes
1511 1280 1760 1336 eﬁ'undit
1809 1284 1865 1335 et
1895 1278 2175 1349 extendit,

516 1369 912 1441 omnibusque
946 1386 1202 1441 prmscns
1242 1374 1348 1431 est.
1403 1387 1507 1425 nec
1561 1387 1594 1425 a
1645 1368 1961 1425 stabilitate
1994 1366 2173 1422 ﬁrmi-

514 1457 755 1526 tateque
777 1473 880 1511 sua
903 1456 1190 1524 discedit;
1224 1457 1306 1512 sic
1333 1456 1509 1512 etiam
1534 1456 1967 1529 episcopus,Dei
1995 1470 2171 1527 quam

514 1550 792 1615 prmstare
842 1549 1031 1616 potest
1090 1544 1462 1617 signiﬁcandi
1509 1564 1687 1602 causa
1732 1545 2061 1601 imitatione
2112 1544 2169 1597 in

514 1638 673 1689 statu
706 1651 813 1689 suo
848 1635 1176 1705 manens,id
1204 1640 1291 1690 est
1316 1636 1372 1691 in
1407 1636 1808 1691 ecclesiastico
1840 1634 2171 1707 principatu

514 1723 710 1794 prodit
743 1724 1108 1794 providentia
1140 1725 1529 1781 humanitatis
1563 1727 1631 1779 ad
1665 1725 1959 1792 secunda;
1992 1724 2048 1778 id
2083 1726 2175 1777 est

514 1811 821 1867 descendit
852 1813 925 1868 ad
957 1830 1089 1868 eum
1128 1813 1228 1885 qui
1251 1832 1311 1869 se
1343 1814 1645 1881 convertit,
1680 1819 1737 1869 et
1768 1814 2173 1878 doceteum,et

515 1901 768 1973 ungil,et
799 1903 1208 1975 insignit(sive
1236 1909 1673 1960 sacramentum
1710 1901 2173 1958 conﬁrmationis

515 1992 781 2062 confert),
813 1992 983 2063 eique
1016 1993 1237 2048 donum
1265 1994 1341 2065 (id
1369 1998 1455 2049 est
1486 1993 1879 2049 venerabilem
1904 1990 2170 2048 euchari-

515 2079 1812 2154 stiam)impertit,postquambaptizavit.Hzec
1832 2087 2023 2138 autem
2041 2097 2169 2135 cum

517 2168 832 2224 ministerii
868 2170 1007 2238 sint,
1043 2173 1301 2227 secunda
1336 2178 1476 2227 sunt
1508 2173 1578 2227 ab
1611 2173 1739 2242 ejus
1759 2171 2085 2243 principatu
2119 2174 2175 2225 et

486 2256 824 2328 'dignitate.
857 2260 1133 2315 Perfectis
1164 2276 1300 2332 ergo
1332 2260 1607 2316 secundis
1656 2260 1953 2329 omnibus,
1988 2260 2057 2314 ad
2092 2259 2175 2315 a1-

516 2349 642 2401 tare
673 2346 1003 2416 revertitur,
1039 2354 1467 2420 reprwsentans
1500 2353 1612 2403 Deo
1641 2366 1743 2420 per
1772 2350 1962 2419 signa,
1996 2347 2173 2417 quod,

518 2435 627 2491 etsi
660 2435 869 2491 salutis
901 2437 1029 2507 ejus
1062 2437 1159 2508 qui
1195 2438 1634 2493 accessitcausa
1656 2438 1723 2492 ad
1751 2436 2010 2491 secunda
2040 2452 2172 2507 pro-

519 2524 711 2580 fectus
742 2525 1104 2591 sit,0fﬁcium
1138 2531 1332 2581 tamen
1370 2543 1482 2581 non
1517 2526 1751 2581 omittat
1776 2532 1833 2580 et
1867 2525 1925 2579 in
1960 2524 2171 2591 ofﬁcio,

518 2614 577 2668 id
609 2619 700 2669 est
729 2614 786 2668 in
820 2614 1025 2669 divinae
1058 2615 1573 2687 contemplationis
1598 2617 1851 2687 fastigio,
1882 2615 2172 2686 persistat.

518 2704 625 2759 Sed
654 2721 687 2759 a
715 2704 940 2771 divinis,
977 2722 1078 2777 pro
1102 2723 1135 2760 a
1165 2710 1369 2761 sancto
1403 2722 1665 2769 munero,
1701 2706 1855 2776 quod
1886 2704 1943 2758 in
1979 2704 2050 2758 iis
2073 2702 2175 2775 qui

521 2809 724 2849 recens
754 2792 1030 2849 illustrati
1064 2798 1201 2849 sunt
1223 2794 1507 2865 expletur,
1543 2794 1613 2849 ad
1647 2794 1868 2861 divina,
1904 2793 1960 2848 id
1994 2797 2082 2848 est
2103 2792 2172 2847 ad

521 2882 728 2937 divinae
759 2883 1275 2955 contemplationis
1307 2884 1579 2939 verticem
1628 2900 1838 2939 rursus
1887 2882 2174 2938 converti-

520 2973 637 3038 tur,
672 2972 742 3026 ad
777 2971 832 3025 id
866 2973 1019 3043 quod
1055 2976 1259 3028 sancto
1290 2972 1537 3044 Spiritui
1562 2974 1847 3041 videatur,
1878 2970 2175 3042 impulsus

521 3064 697 3132 atque
756 3061 1081 3116 traductus.
1132 3061 1261 3117 Haec
1310 3062 1482 3117 etiam
1536 3062 1712 3133 paulo
1763 3066 1894 3134 post
1941 3060 2084 3116 dicit
2115 3060 2170 3115 in

518 3149 783 3221 mysterii
815 3150 1246 3206 communionis
1279 3152 1790 3223 contemplatione.

2286 563 2558 637 τουργίαν.

2358 831 2479 886 Ἐπὶ
2535 832 2633 899 τὴν
2712 834 2817 884 τῶν
2906 829 3136 901 πρώτων
3220 826 3567 884 ἀνατείνεται.
3640 828 3706 883 Ὅ
3782 825 3919 903 λέγει

2284 923 2534 974 τοιοῦτον
2567 920 2704 974 ἐστιν
2742 939 2753 951 ·
2782 919 2809 973 ὸ
2853 916 3171 985 έπίσκοποσ,
3215 918 3316 985 τήν
3365 915 3547 971 εἰκόνα
3597 914 3806 990 ἐπέχων
3833 922 3922 972 τοῦ

2284 1007 2500 1062 πάντων
2536 1013 2690 1076 Θεοῦ,
2724 1003 2906 1082 ὥσπερ
2940 1007 2967 1060 ὁ
3014 1006 3142 1067 Θεὸς
3191 1006 3277 1060 ἐπὶ
3323 1012 3423 1076 τῆς
3453 1004 3650 1066 οίκείας
3683 1004 3921 1076 ένότητος

2285 1096 2365 1151 ἀεὶ
2430 1099 2604 1171 μένων
2658 1097 2748 1153 καὶ
2813 1095 3166 1167 ταυτότητος,
3243 1095 3332 1150 καὶ
3407 1094 3801 1171 ἀνεκφοιτήτως
3855 1094 3925 1159 εἷς

2285 1187 2471 1241 ἑαυτὸν
2506 1185 2812 1263 ἱδρυμένος,
2864 1185 3133 1260 σωτηρίας
3186 1181 3345 1239 ἳνεκα
3399 1182 3609 1238 πάντων
3657 1189 3771 1244 ταῖς
3802 1203 3923 1259 προ.

2286 1282 2572 1345 νοητικαῖς
2629 1274 2891 1351 προόδοις
2947 1273 3032 1329 ἐπὶ
3084 1273 3255 1328 πάντα
3304 1276 3401 1337 τὰς
3446 1279 3545 1341 τῆς
3604 1271 3923 1345 ἆγαθὸτητος

2287 1364 2594 1439 έλλάμψεις
2628 1365 2865 1434 ἐκτείνει,
2924 1366 3013 1419 καὶ
3060 1368 3189 1418 πᾶσι
3236 1363 3461 1441 πάρεστι
3491 1369 3589 1431 τῆς
3620 1359 3753 1423 ίδίας
3786 1358 3923 1435 i396-

2285 1476 2419 1518 σεως
2445 1457 2546 1511 οὐκ
2573 1454 2809 1517 ἀποστάς
2845 1475 2856 1487 ·
2889 1452 3033 1508 οὕτω
3089 1453 3176 1508 καὶ
3228 1454 3255 1507 ὁ
3309 1451 3629 1521 ἐπίσκοπος,
3674 1450 3807 1505 κατὰ
3839 1450 3921 1522 μί-

2247 1537 2452 1618 ’μησιν
2515 1547 2589 1607 ὡς
2653 1542 2879 1600 δυνατὸν
2930 1538 3283 1617 συμϐολικῶς
3332 1545 3430 1596 τοῦ
3485 1544 3642 1611 Θεοῦ,
3696 1538 3781 1594 ἐπὶ
3835 1546 3927 1608 τῆς

2286 1633 2429 1697 ἰδίας
2488 1634 2724 1696 στάσεως
2778 1633 2972 1707 μένων,
3030 1632 3272 1687 τουτέστι
3322 1639 3421 1701 τῆς
3478 1628 3924 1699 έκκλησιαστικῆς

2288 1723 2493 1799 ἀρχῆς,
2536 1724 2748 1800 πρόεισι
2798 1722 3029 1799 προνοίᾳ
3076 1720 3487 1801 φιλανθρωπίας
3545 1718 3632 1774 ἐπὶ
3688 1719 3755 1773 τὰ
3810 1715 3923 1771 δεύ-

2202 1849 2249 1914 B
2282 1835 2431 1891 τερα,
2480 1812 2753 1869 τουτέστιν
2808 1813 2883 1876 είς
2937 1813 3000 1867 τὸ
3047 1812 3285 1867 κατιέναι
3340 1812 3475 1886 πρὸς
3532 1808 3627 1864 τὸν
3684 1806 3922 1882 ἐπιστρέ-

2576 1904 2586 1914 .
2650 1902 2673 1914 ..
2708 1900 2762 1914 κ.
2978 1902 2990 1914 .
3039 1902 3052 1914 .
3234 1902 3248 1914 .
3390 1898 3402 1914 .
3583 1898 3595 1914 ς
3815 1896 3857 1914 ι..

2284 1925 2470 1982 φοντα,
2501 1904 2591 1958 καὶ
2647 1900 2885 1957 διδάσκει
2933 1902 3115 1969 αὐτὸν,
3164 1902 3250 1955 καὶ
3304 1898 3475 1975 χρίει,
3507 1898 3599 1953 καὶ
3632 1896 3922 1974 σφραγίζει,

2280 1994 2367 2049 καὶ
2405 1990 2735 2067 μεταδίδωσι
2766 1997 2863 2047 τοῦ
2916 1989 3095 2065 δώρου
3150 1988 3649 2065 βαπτίσαςιταῦτα
3680 1983 3736 2039 δὲ
3764 1983 3925 2039 πάντα

2284 2085 2356 2145 ὡς
2380 2082 2728 2159 λειτουργικᾶ
2786 2079 3009 2153 δεύτερά
3056 2079 3155 2135 εἶσι
3201 2085 3301 2149 τῆς
3348 2080 3529 2153 ἀρχῆς
3564 2074 3746 2130 αὐτοῦ.
3779 2072 3919 2143 Πλη-

2285 2175 2463 2249 ρώσας
2504 2172 2593 2227 οὖν
2640 2173 2707 2226 τὰ
2764 2169 2987 2245 δεύτερα
3036 2167 3228 2239 πᾶντα,
3290 2166 3458 2222 πάλιν
3520 2165 3786 2220 ἐπάνεισιν
3844 2161 3924 2217 ἐπὶ

2281 2264 2343 2317 τὸ
2375 2264 2779 2337 θυσιαστήριον,
2827 2264 3102 2335 παριστῶν
3155 2252 3514 2331 συμϐολικῶς
3567 2254 3655 2309 ἐπὶ
3685 2258 3779 2309 τοῦ
3806 2256 3927 2307 Θεοῦ

2284 2354 2388 2421 ὅτι,
2421 2354 2595 2407 καίτοι
2638 2350 2922 2427 προελθὼν
2971 2352 3349 2424 προνοητικῶς
3384 2346 3460 2407 εἷς
3492 2345 3562 2399 τὰ
3594 2342 3811 2419 δεύτερα
3837 2348 3928 2409 τῆς

2281 2447 2382 2497 τοῦ
2413 2440 2812 2518 προσελθόντος
2860 2436 3016 2493 ’ἑνεκα
3072 2436 3365 2513 σωτηρίας,
3419 2435 3575 2508 ὅμως
3609 2432 3707 2488 οὐκ
3737 2432 3925 2500 ἀπέστη

2281 2537 2379 2586 τοῦ
2433 2533 2498 2586 τὰ
2551 2531 2726 2586 οἰκεῖα
2782 2530 3061 2605 πράττειν,
3128 2526 3217 2582 καὶ
3286 2525 3337 2580 ἐν
3393 2530 3511 2586 τοῖς
3567 2522 3731 2577 αὐτοῦ
3780 2522 3921 2587 εἶναι,

2281 2624 2555 2676 τουτέστιν
2585 2620 2636 2675 έν
2662 2626 2778 2681 τοῖς
2836 2626 2936 2688 τῆς
2992 2616 3115 2693 περὶ
3162 2616 3291 2672 Θεὸν
3343 2613 3577 2690 θεωρίας
3610 2612 3886 2687 ύψώμασιν
3914 2627 3925 2639 ·

2292 2710 2418 2767 ἀλλ’
2450 2711 2555 2765 ἀπὸ
2616 2709 2795 2781 θείων,
2828 2707 2945 2763 ἀντῖ
2997 2710 3093 2762 τοῦ
3151 2705 3210 2761 έκ
3265 2711 3364 2774 τῆς
3408 2708 3518 2758 τῶν
3572 2702 3695 2776 περὶ
3744 2721 3931 2777 νεοφω-

2292 2800 2487 2855 τίστων
2544 2798 2702 2875 ἁγίας
2760 2796 3128 2873 λειτουργίας,
3171 2794 3245 2856 εἷς
3303 2796 3440 2861 θεῖα,
3492 2791 3665 2847 οἱονεὶ
3714 2790 3844 2866 πρὸς
3876 2787 3933 2843 τὸ

2286 2898 2386 2959 τῆς
2412 2889 2734 2963 θεολογικῆς
2785 2887 3014 2963 θεωρίας
3063 2886 3197 2959 ὕψος
3245 2882 3409 2938 πάλιν
3444 2879 3780 2957 ἐπιστρέφει,
3809 2878 3932 2953 πρὸς

2280 2981 2344 3035 τὸ
2373 2984 2451 3051 τῷ
2506 2978 2648 3053 ἁγίῳ
2694 2977 2967 3051 ΙΙνεύματι
3015 2974 3209 3030 δοκοῦν
3252 2972 3521 3049 ἀγόμενος
3571 2970 3663 3025 καὶ
3700 2968 3925 3042 μεταγό-

2287 3090 2467 3143 μενος.
2517 3073 2693 3123 Ταῦτα
2740 3067 2829 3122 καὶ
2882 3066 3014 3139 μετὰ
3061 3064 3271 3140 βραχέα
3303 3063 3464 3141 φησὶν
3515 3061 3570 3116 έν
3618 3063 3687 3133 τῇ
3739 3057 3927 3133 θεωρίᾳ

2281 3162 2379 3214 τοῦ
2416 3157 2719 3234 μυστηρίου
2751 3163 2853 3225 τῆς
2882 3154 3193 3215 κοινωνίας.

591 3239 779 3311 Aquae.
808 3246 974 3311 Aqua
1006 3241 1163 3296 enim
1198 3257 1265 3296 ea
1295 3259 1419 3314 qua;
1442 3241 1749 3297 immunda
1772 3246 1912 3297 sunt
1941 3240 2175 3311 expian-

2356 3226 2438 3321 Τίξὶ
2500 3226 2834 3318 δι’-’ὕδατος,
2890 3248 2985 3316 Τῷ
3036 3243 3139 3319 γὰρ
3189 3239 3341 3296 ὕδατι
3397 3240 3464 3296 τὰ
3525 3241 3799 3313 ἀκάθαρτα
3852 3256 3936 3290 κα-

518 3332 636 3385 tur.

593 3436 690 3492 III.
725 3435 754 3507 §
784 3436 825 3492 Ι.
864 3438 1128 3493 Insinuet.
1164 3440 1327 3509 Apud
1363 3456 1461 3495 eos
1494 3440 1593 3511 qui
1628 3439 1879 3495 audiunt
1911 3442 2177 3510 oportere

526 3526 701 3581 etiam
734 3526 857 3581 ﬁeri
900 3527 1414 3599 interpretationes
1446 3548 1459 3596 ;
1495 3534 1551 3584 et
1581 3527 1893 3600 plerosque
1926 3545 2040 3582 non
2074 3544 2175 3582 au-

521 3615 648 3671 dire
679 3615 887 3671 solitos
918 3616 1212 3687 ejusmodi
1248 3617 1545 3689 mysteria,
1571 3618 1726 3688 quod
1754 3616 1896 3672 dicit
1925 3618 2176 3672 multitu-

520 3703 726 3760 dinem.

593 3810 726 3877 §II.
782 3811 1006 3868 Unitiva
1052 3830 1089 3868 a
1127 3815 1475 3884 promsicuis.
1533 3813 1768 3870 Unitiva
1814 3820 2001 3881 vocat,
2050 3831 2176 3885 quas

524 3900 721 3955 divina
751 3900 1055 3956 imitantur
1088 3919 1100 3957 :
1137 3902 1476 3973 promiscua
1510 3920 1641 3958 vero
1672 3903 1935 3975 vulgaria
1963 3912 2014 3958 et
2044 3920 2177 3974 pro-

527 3990 681 4045 fana.

598 4084 655 4136 In
690 4098 850 4153 opere
880 4084 954 4138 De
986 4084 1561 4157 intelligibilz'bus.De
1590 4087 1765 4141 rebus
1795 4102 1924 4156 quae
1958 4084 2180 4140 ratione

524 4170 959 4243 intelliguntur,
992 4179 1050 4229 et
1080 4191 1207 4245 quae
1240 4175 1350 4230 sub
1402 4192 1638 4230 sensum
1691 4175 1928 4241 cadunt,
1960 4173 2176 4229 librum

527 4261 600 4316 ab
634 4261 761 4331 ipso
795 4260 1081 4333 scriptum
1111 4280 1263 4329 esse,
1296 4268 1353 4318 et
1386 4263 1525 4335 quid
1555 4264 1872 4321 contineat.

597 4367 697 4423 59
729 4370 755 4436 §
784 4369 878 4424 IIl.
910 4371 1174 4423 Dicamus
1206 4371 1409 4440 itaque.
1444 4370 1999 4440 Contemplationes.

599 4456 944 4512 Mentalibus.
982 4462 1192 4512 Earum
1240 4464 1580 4512 naturarum
1613 4475 1739 4529 qua:
1774 4461 1989 4515 mentis
2042 4465 2182 4514 sunt

527 4548 850 4613 compotes,
883 4545 999 4599 duo
1034 4546 1187 4599 mala
1218 4546 1378 4600 dicit.
1405 4553 1521 4601 Aut
1550 4548 1705 4601 enim
1732 4548 1955 4619 planea
1984 4548 2178 4604 divino

525 4630 751 4686 lumine
782 4631 1092 4687 discedunt
1114 4640 1171 4687 et
1202 4634 1771 4697 aberrant,amantes
1795 4636 2053 4705 malum;
2082 4644 2181 4692 aut

526 4721 681 4793 quod
708 4721 1071 4789 neglexerint
1095 4721 1503 4778 illustrationis
1528 4725 1766 4779 modum
1793 4727 1988 4795 quieis
2008 4728 2180 4781 datus

526 4815 819 4881 est,atque
851 4826 985 4865 eum
1020 4815 1238 4866 temere
1259 4814 1512 4868 transire
1544 4819 1761 4869 conata)
1797 4815 2001 4883 sint,et
2022 4818 2177 4887 quod

525 4916 727 4956 earum
760 4900 875 4955 vim
906 4909 1167 4972 superat,
1202 4904 1695 4973 comprehendere
1751 4923 1863 4960 non
1896 4906 2176 4977 valentes,

526 4992 798 5046 amittent
828 4991 1067 5045 omnino
1099 4992 1275 5046 etiam
1311 4992 1577 5060 modum,
1622 4994 1720 5064 qui
1754 4994 1838 5050 eis
1893 4997 2064 5051 datus
2092 5006 2181 5053 est

527 5078 708 5131 divini
742 5079 1006 5149 luminis,
1050 5080 1203 5151 quod
1260 5080 1475 5151 ubique
1530 5090 1726 5138 manet
1767 5084 2083 5154 ejusmodi,
2120 5092 2183 5141 ut

527 5169 797 5223 consumi
831 5186 944 5224 non
978 5170 1181 5241 possit.

597 5258 831 5313 Arbilrii
859 5260 1105 5315 libertas.
1143 5260 1285 5316 Nota
1316 5265 1537 5329 autem,
1570 5278 1803 5318 omnem
1837 5265 1936 5335 qui
1989 5268 2183 5323 uentis

528 5351 616 5404 est
645 5352 949 5420 aspectum
980 5354 1036 5404 et
1065 5349 1180 5405 vim
1212 5349 1331 5406 sive
1354 5350 1698 5423 angelorum
1720 5352 1841 5409 sive
1871 5354 2179 5412 hominum

603 5709 623 5743 ⁵
657 5701 839 5782 μέρος.

2286 3335 2581 3411 θαίρονται.

2359 3444 2589 3517 111.21.
2642 3441 3035 3513 Αίνισσομένη.
3093 3442 3211 3496 Ὀτι
3271 3437 3408 3513 πρὸς
3466 3435 3599 3497 τοὺς
3653 3432 3937 3491 ἀκούοντας

2289 3532 2371 3589 δεῖ
2399 3533 2490 3588 καὶ
2521 3533 2615 3593 τὰς
2675 3529 2966 3607 ἑρμηνείας
3018 3528 3293 3583 ποιεῖσθαῖ
3322 3546 3334 3559 ’
3402 3524 3494 3580 καὶ
3544 3527 3628 3580 ὅτι
3663 3524 3714 3578 οἱ
3744 3518 3939 3577 πολλοὶ

2287 3622 2516 3693 ἀνήκοοί
2562 3621 2663 3676 είσι
2710 3625 2817 3674 τῶν
2877 3617 3140 3674 τοιούτων
3206 3614 3549 3691 μυστηρίων,
3608 3613 3740 3685 ὅπερ
3801 3609 3937 3684 λέγει

2287 3711 2527 3782 πληθύν.

2358 3822 2487 3888 §II.
2546 3814 2793 3886 Ἑνοειδῆ
2850 3822 2950 3884 τῆς
3010 3810 3283 3883 πληθύος.
3347 3806 3597 3878 Ἐνοειδῆ
3660 3829 3792 3885 φησι
3845 3805 3937 3872 τὴν

2289 3906 2503 3977 θεοειδῆ
2535 3927 2547 3939 ·
2582 3905 2834 3976 πληθύος
2859 3902 2939 3977 δὲ,
2970 3908 3080 3957 τῶν
3121 3899 3339 3957 πολλῶν
3371 3898 3461 3953 καὶ
3493 3899 3751 3972 ἀνιέρων.

2360 4089 2447 4144 Ἐν
2487 4090 2555 4159 τῇ
2612 4084 2739 4159 Περὶ
2796 4087 3031 4152 νοητῶν.
3091 4082 3209 4135 Ὀτι
3266 4078 3389 4154 περὶ
3447 4081 3667 4147 νοητῶν
3725 4075 3813 4130 καὶ
3860 4071 3940 4126 αἷ-

2290 4179 2503 4247 σθητῶν
2556 4175 2889 4250 σύγγραμμα
2959 4173 3107 4242 αύτῷ
3175 4167 3504 4239 πεπόνηται,
3561 4166 3654 4221 καὶ
3715 4164 3767 4219 τί
3797 4182 3947 4236 περι-

2290 4268 2427 4341 έχει.

2360 4379 2388 4443 §
2422 4376 2516 4429 III.
2552 4373 2808 4448 Λέγωμεν
2835 4369 3034 4425 τοίνυν.
3073 4366 3329 4443 Θεωρίαι.

2363 4466 2487 4520 Τῶν
2519 4447 2744 4535 νοερῶν.
2782 4460 2885 4514 Δύο
2935 4458 3121 4519 κακίας
3171 4454 3316 4531 λέγει
3346 4459 3453 4508 τῶν
3486 4458 3698 4529 νοερῶν
3736 4471 3749 4484 ⁸
3784 4449 3819 4519 ἢ
3851 4447 3949 4523 γὰρ

2290 4550 2521 4612 τελείως
2584 4551 2904 4628 ἀφίστανται
2959 4548 3055 4603 τοῦ
3128 4544 3275 4600 θείου
3334 4544 3537 4618 φωτὸς,
3598 4542 3800 4614 ἐρῶσαι
3855 4544 3949 4605 τῆς

2292 4642 2479 4702 κακίας
2514 4660 2526 4671 ·
2561 4639 2595 4708 ἢ
2626 4626 2687 4693 τὸ
2735 4635 2887 4701 δοθὲν
2944 4637 3129 4697 αὐταῖς
3178 4642 3278 4703 τῆς
3329 4631 3669 4705 ἐλλᾶμψεως
3708 4631 3900 4703 μέτρον
3935 4626 3953 4659 ⁵

2291 4731 2781 4806 περιφρονήσασαι,
2814 4726 2904 4780 καὶ
2959 4719 3259 4801 ὑπερϐῆναι
3305 4725 3466 4776 τοῦτο
3492 4719 3806 4793 τολμηρῶς
3840 4714 3955 4770 ἑπι-

2290 4805 2649 4895 χειρήσασαι,
2708 4815 2798 4871 καί
2845 4817 2906 4871 τὸ
2961 4809 3283 4889 ὑπερϐαῖνον
3335 4812 3433 4879 τήν
3483 4808 3721 4881 δύναμιν
3775 4805 3947 4861 αύτῶν

2287 4902 2618 4965 καταλαϐεῖν
2677 4907 3028 4975 ἀτονήσασαι,
3116 4900 3497 4970 ἀποτεύξονται
3573 4899 3797 4957 πάντως
3871 4890 3955 4948 καὶ

2286 5004 2382 5053 106
2418 4995 2667 5059 δοθέντος
2726 4994 2912 5055 αὐταῖς
2973 4994 3191 5067 μέτρου,
3242 4994 3338 5044 τοῦ
3392 4988 3541 5042 θείου
3576 4987 3763 5065 φωτὸς
3794 4981 3955 5037 ἀναλ-

2288 5088 2531 5143 λοιώτου
2567 5086 2827 5159 μένοντος
2858 5084 3159 5155 πανταχοῦ.

2364 5264 2711 5340 Αύθαίρετος.
2775 5260 3115 5333 Σημείωσαι,
3172 5259 3252 5312 δτι
3301 5263 3444 5311 πᾶσα
3489 5254 3657 5329 νοερὰ
3699 5249 3826 5327 ὄψις
3856 5248 3945 5305 καὶ

2293 5338 2662 5428 δύναμις-εἴτε
2707 5348 2951 5426 ἀγγέλων
3005 5345 3111 5404 είίτε
3164 5348 3253 5403 καὶ
3302 5344 3601 5420 ἀνθρώπων
3639 5338 3956 5418 αὐθαίρετός

1521 5580 1769 5640 VARl/E
1808 5582 2201 5640 LECTIONES
2240 5583 2329 5640 ET
2375 5578 2934 5640 CORREC’I‘IONES.
