4158 6370
183 430 277 483 129
942 440 1000 491 Β.
1042 440 1308 493 MAXIM]
1347 439 1654 494 SCHOLIA
1692 441 1766 492 IN
1808 440 1937 492 LIB.
1982 441 2078 493 DE
2116 443 2404 497 ECCLES.
2447 447 2917 503 HIERARCHIA.
3537 456 3638 511 130

190 552 292 609 ἔστι
350 554 448 610 καὶ
514 556 913 630 αῦτεξοόσιος·
970 562 1059 615 καὶ
1118 565 1235 623 πῶς
1292 560 1343 616 ἐν
1405 560 1565 633 κακίᾳ
1618 561 1857 637 γίνεται.

1994 582 2101 620 suae
2133 582 2260 623 esse
2293 572 2350 623 et
2379 568 2699 627 voluntatis
2730 575 2786 627 et
2819 576 3126 643 potestatis
3154 581 3211 633 et
3259 576 3425 634 liberi
3478 581 3637 637 arbi-

1979 656 2083 724 1rii
2112 673 2125 723 ;
2162 660 2218 711 et
2243 660 2541 728 quomodo
2575 660 2631 714 in
2668 661 2822 717 malo
2852 664 3117 720 exsistat.

2052 744 2118 799 Se
2145 746 2421 815 subducit,
2464 749 2561 803 Gr.
2620 748 2951 823 ἀπήρτηται.
3010 754 3082 809 Ut
3130 759 3495 831 συνηρτῆσθαι
3542 760 3630 816 3i-

1980 834 2222 904 gnificat
2248 837 2587 908 copulatum
2624 856 2789 908 esse;
2825 841 2907 897 sic
2940 844 3115 898 etiam
3149 842 3494 920 ἀπηρτῆσθαι
3528 866 3628 905 ex-

1982 923 2196 979 cidisse
2229 942 2261 978 a
2292 925 2502 997 copula
2532 932 2589 981 et
2620 930 3067 999 conjunctione:
3104 933 3400 991 interdum
3434 944 3632 995 autem

1981 1010 2155 1067 etiam
2191 1029 2549 1084 suspensum
2608 1031 2738 1071 esse
2788 1033 2854 1072 ac
2910 1020 3163 1089 pendere
3218 1023 3478 1080 declarat
3529 1026 3638 1082 boo

1978 1101 2243 1156 verbum.
2278 1106 2397 1157 Hoc
2428 1106 2623 1159 tamen
2658 1105 2783 1161 loco
2834 1106 2893 1161 in
2950 1110 3143 1180 priore
3200 1111 3635 1184 signiﬁcatione

1978 1194 2283 1261 acceptum
2317 1196 2425 1247 est.

2052 1280 2201 1348 Quod
2229 1283 2280 1336 si
2306 1283 2606 1338 mediocre.
2638 1284 2767 1339 Haec
2798 1286 2974 1342 verba
3005 1304 3072 1343 ex
3105 1287 3361 1361 imagine
3384 1296 3440 1347 et
3467 1293 3633 1349 simi-

1979 1368 2231 1425 litudine
2265 1370 2409 1425 lucis
2442 1389 2567 1442 quae
2600 1390 2811 1429 sensus
2831 1382 3043 1446 movet,
3063 1378 3131 1432 ad
3160 1381 3399 1434 modum
3425 1387 3633 1453 aptum

1975 1458 2311 1514 divinarum
2345 1459 2868 1533 intelligentiarum
2898 1465 3203 1537 copulabis
3228 1488 3241 1537 ;
3263 1472 3632 1543 quandoqui-

1978 1548 2109 1602 dem
2142 1548 2427 1621 scriptum
2460 1555 2550 1606 est
2577 1568 2588 1605 :
2622 1552 2831 1607 Altiora
2868 1562 2917 1610 te
2948 1570 3015 1609 ne
3047 1559 3330 1627 quaesieris
3361 1560 3433 1629 (d)
3463 1580 3476 1627 ;
3505 1578 3631 1633 quae

1896 1636 1903 1643 ’
1978 1636 2085 1692 tibi
2116 1643 2405 1710 praecepta
2435 1640 2725 1695 sunthaec
2756 1642 2983 1713 cogita;
3035 1646 3274 1700 modum
3329 1648 3486 1703 enim
3539 1650 3633 1708 bis

1978 1725 2038 1780 in
2068 1727 2287 1793 verbis,
2320 1732 2524 1799 aptum
2564 1731 2804 1785 modum
2841 1731 3003 1789 dicit.

266 736 623 810 Ἀπήρτηται
664 780 677 793 .
741 740 941 814 ’Ὠσπερ
1000 739 1064 793 τὸ
1142 742 1513 815 συνηρτῆσθαι
1586 738 1755 810 δηλοῖ
1809 740 1870 794 τὸ

207 825 598 900 συναρμόσθαι,
654 825 798 881 οὕτω
840 828 929 882 καὶ
982 830 1043 883 τὸ
1093 831 1438 905 ἀπηρτῆσθαι
1485 831 1547 885 τὸ
1598 829 1871 884 ἐκπεπτω-

206 918 338 970 κὲναι
390 923 496 986 τῆς
550 918 804 992 ἁρμογῆς
854 917 943 972 καὶ
990 925 1091 987 τῆς
1154 918 1452 993 συμφυΐας·
1507 915 1614 973 ἔσθ’
1674 919 1761 974 ὅτε
1815 918 1873 974 δὶ

207 1006 288 1060 καὶ
341 1006 403 1059 τὸ
458 1005 894 1080 ἐγκρεμᾶσθαιή
947 1006 1092 1079 λέξις
1149 1006 1335 1077 δηλοῖ.
1392 1011 1631 1066 Ενταῦθα
1687 1008 1869 1081 μέντοι

205 1096 335 1150 κατά
363 1097 427 1150 τὸ
460 1096 728 1171 πρότερον
758 1097 1164 1171 σημαινόμενον
1200 1096 1486 1168 εἴληπται.

273 1274 401 1331 Εἴτε
454 1279 554 1330 τοῦ
608 1276 863 1351 μετρίως.
923 1276 1008 1347 Ἐξ
1059 1277 1265 1341 εἱκόνος
1311 1281 1406 1331 τοῦ
1453 1276 1715 1347 αἰσθητοῦ
1756 1299 1872 1353 φω-

202 1366 292 1427 τὸς
324 1364 415 1419 ἐπὶ
466 1366 530 1419 τὸ
579 1370 688 1420 τῶν
742 1364 901 1420 θείων
950 1368 1192 1436 νοήσεων
1245 1366 1556 1442 σύμμετρον
1606 1367 1866 1441 ἀρμόσεις

200 1454 258 1508 τὸ
291 1455 612 1529 εἰρημένον·
654 1454 769 1509 ἐπεὶ
801 1454 891 1510 καὶ
924 1455 1244 1531 γέγραπται·
1279 1453 1617 1529 ἰ’ψηλότερά
1645 1478 1738 1510 σου
1791 1456 1867 1528 μή

203 1546 374 1614 ζήτει·
404 1544 440 1597 ἆ
463 1542 772 1619 προσετάγη
811 1566 916 1613 σοι,
943 1548 1113 1600 ταῦτα
1146 1542 1366 1600 διανοοῦ
1428 1544 1621 1621 μέτρον
1676 1546 1778 1621 γὰρ
1812 1545 1864 1601 ἐν

198 1631 419 1695 τούτοις
450 1634 514 1687 τὸ
551 1632 862 1705 σῦμμετρον
889 1632 1056 1707 λέγει.

270 1816 389 1867 Τῶν
428 1812 527 1885 μὲν
575 1811 883 1870 ἀνοικείων.
916 1816 1031 1866 Τῶν
1091 1814 1167 1886 μή
1210 1810 1621 1887 ἐναρμοζόντων
1653 1816 1673 1850 ⁶
1706 1813 1864 1888 αὐτῇ,

206 1902 279 1965 ὡς
318 1901 703 1977 ὑπερεχόντων
716 1946 729 1959 .

275 1992 421 2067 Πρὸς
446 1992 645 2061 ταύτην
675 1992 702 2046 ὁ
733 1993 900 2054 θεῖος.
930 1992 1094 2055 Τίνος
1126 1991 1295 2055 τόπος
1327 1992 1355 2045 ὁ
1386 1992 1699 2057 ἐπίσκοπος.

276 2085 607 2156 Προσιοῦσιν
666 2086 809 2143 ταῖς.
866 2080 993 2135 Ὧδε
1069 2086 1300 2159 σαφῶς,
1362 2082 1443 2136 ὅτι
1527 2084 1663 2156 πρὸς
1735 2082 1860 2145 τοὺς

205 2170 506 2234 ἀκούοντας
539 2167 801 2226 διδάσκει.

276 2263 431 2331 §IV.
479 2260 903 2335 Ἐπιγνώμονες.
962 2259 1301 2333 Σημείωσαι,
1351 2260 1432 2316 ὅτι
1488 2266 1703 2334 πρῶτον
1753 2258 1859 2316 δῶ-

206 2370 294 2425 ρον
330 2349 392 2404 ἐκ
421 2351 520 2418 τῆς
570 2343 829 2423 ἀκριϐοῦς
881 2347 1232 2412 διδασκαλίας
1284 2350 1471 2405 κτᾶταί
1521 2372 1604 2412 τις
1648 2351 1709 2406 τὸ
1742 2350 1858 2405 ἑπι-

200 2443 400 2512 γνῶναι
440 2438 650 2511 ἑαυτὸν,
677 2435 770 2491 ’ἶνα
820 2438 881 2492 τὸ
913 2436 964 2492 ἐν
1008 2439 1087 2493 τῶ
1135 2439 1291 2511 νόμῳ
1340 2439 1575 2515 φυλάξῃ,
1611 2442 1860 2513 ΙΙρόσεχε

206 2532 433 2599 σεαυτῷ,
466 2527 544 2589 ὠς
572 2528 660 2581 καὶ
693 2528 720 2581 ὁ
751 2528 896 2588 θεῖος
927 2525 1028 2604 ἔφη
1068 2526 1371 2590 Βασίλειος·
1410 2527 1552 2582 οὕτω
1583 2530 1684 2605 γὰρ
1720 2529 1856 2591 τέως

207 2622 454 2690 μιμεῖται
486 2615 752 2691 ἀγγέλους
783 2616 916 2678 τοὺς
946 2617 1312 2691 γινώσκοντας
1343 2616 1589 2680 ἑαυτούς.

268 2797 499 2869 Ὀρατὸν
569 2796 904 2872 ἀνατρέχων.
976 2797 1199 2871 Ὁρατὸν
1277 2796 1501 2851 ἐνταῦθα
1570 2798 1632 2852 τὸ
1715 2799 1851 2853 θεω-

209 2888 395 2960 ρητὸν,
429 2885 600 2960 ἤγουν
636 2883 922 2955 ἐπιστητὸν
958 2883 1121 2960 λέγει·
1154 2884 1468 2962 ἀνατρέχων
1501 2884 1855 2955 δὶ,τουτέστιν

209 2974 333 3036 ὅλος
364 2973 693 3047 κινούμενος
725 2973 813 3028 ἐπὶ
844 2974 905 3027 τὸ
953 2975 1109 3047 ὁρᾷνο
1141 2976 1284 3051 ἱερὸν
1340 2974 1397 3031 δὶ
1429 2973 1603 3052 δῶρόν
1635 2998 1767 3051 φησι
1799 2977 1858 3033 τό

210 3068 336 3119 εἶναι
362 3066 559 3119 ἑαυτοῦ
592 3064 958 3140 ὲπιγνώμονα.

272 3243 492 3313 Ταύτης
524 3240 635 3297 ἐστὶ
664 3248 786 3311 τῆς.
822 3241 1135 3318 Ἐξήγησις,
1159 3242 1211 3297 τί
1242 3242 1303 3297 τὸ
1331 3240 1400 3297 δι’
1426 3242 1700 3321 ἀναδόχου
1723 3248 1859 3322 πρὸς

208 3334 294 3387 τὸν
327 3334 601 3408 ἱεράρχην
636 3330 833 3388 ἐλθεῖν.

282 3422 555 3498 Σφραγίς.
590 3421 687 3483 Τίς
720 3423 754 3490 ἡ
788 3419 1040 3498 σφραγὶς,
1072 3421 1161 3476 καὶ
1190 3421 1271 3484 τίς
1305 3423 1338 3493 ἡ
1372 3423 1685 3499 ἀπογραφή.

280 3512 424 3582 Ηρὸς
456 3509 625 3581 αὐτῷ.
657 3509 806 3565 Ἀντὶ
835 3514 953 3581 τοῦ,
985 3512 1098 3584 μετ’
1129 3512 1317 3569 αὐτοῦ.

279 3596 624 3656 Συνοπαδόν.
656 3598 1092 3663 Συνακόλουθον.

271 3693 399 3760 §V.
446 3687 604 3746 Ἀλλ’
655 3685 885 3763 ἄσχετον
945 3690 1102 3745 εἶναι.
1156 3690 1341 3745 Οἱονεὶ
1394 3688 1667 3763 μηδεμίαν
1727 3694 1856 3768 σχέ-

210 3801 281 3834 σιν
313 3777 523 3855 ἔχοντα
549 3778 683 3852 πρὸς
724 3780 823 3847 τὴν
878 3777 1143 3851 προτίραν
1198 3781 1367 3849 ζωὴν,
1405 3777 1545 3852 μηδὲ
1592 3802 1857 3838 κατατατ-

204 3870 426 3940 τὸμενον
481 3873 601 3929 ταῖς
652 3865 944 3943 διαιρέσεσι
994 3872 1090 3922 τοῦ
1133 3867 1419 3930 ἒνοειδοῦς’
1453 3869 1516 3924 τὸ
1565 3870 1665 3946 γὰρ
1713 3870 1765 3926 ἓν
1801 3871 1853 3927 ἐν

205 3962 353 4010 πᾶσιν
409 3958 584 4028 ἑαυτῷ
624 3956 841 4029 ὅμοιον,
873 3956 991 4020 καθ’
1035 3958 1064 4011 ’ὀ
1095 3951 1168 4010 ἕν·
1202 3958 1264 4012 τὸ
1310 3956 1367 4013 δὲ
1415 3956 1652 4028 πλῆθος,
1695 3960 1768 4023 ὡς
1803 3960 1855 4015 ἐν

204 4046 458 4122 διαιρέσει
496 4047 775 4123 ἁμαρτιῶν
807 4045 1102 4121 τυγχάνον,
1136 4046 1422 4121 ἀνόμοιον.

265 4219 664 4279 Ἀπεκδόσασα.
697 4222 793 4275 Διὰ
820 4219 873 4276 τί
901 4219 1217 4280 ἀποδύεται.

264 4316 473 4388 ’Ὠσπερ
517 4310 825 4367 ἐκπνέοντα.
877 4311 1192 4383 Σημείωσαι
1240 4311 1291 4366 τί
1335 4334 1586 4386 σημαινει
1630 4314 1693 4370 τὸ
1723 4314 1850 4378 τοὺς

198 4401 653 4477 κατηχουμένους
686 4399 925 4478 ἐμφυσᾷν
957 4405 1036 4473 τῷ
1068 4396 1332 4475 διαϐόλῳ.

263 4488 711 4567 Διαγγὲλλουσα.
772 4491 834 4545 Ἡ
884 4495 991 4545 τῶν
1040 4485 1335 4564 συμϐόλων
1409 4489 1624 4563 δηλαδή
1684 4495 1857 4568 παρά-

196 4578 369 4643 δοσις.

2047 1817 2156 1887 Ipsi
2187 1816 2407 1887 quidem
2454 1819 2977 1891 improportionatis.
3029 1822 3162 1886 Quae
3193 1824 3242 1880 ei
3276 1842 3389 1881 non
3423 1844 3630 1884 conve-

1896 1935 1943 2001 Β
1976 1904 2166 1973 niunt,
2206 1910 2270 1961 ut
2299 1923 2430 1978 qua:
2462 1913 2764 1979 superent.

2045 1995 2133 2050 Ad
2161 1996 2301 2050 hanc
2326 1996 2564 2052 divinus.
2603 1997 2780 2068 Cujus
2812 1999 2889 2055 sit
2922 2000 3111 2072 figura
3150 2002 3481 2076 episcopus.

2044 2084 2451 2140 Accedentibus.
2487 2086 2603 2141 Hoc
2635 2104 2702 2142 ex
2735 2088 2863 2144 loco
2897 2090 3277 2162 perspicuum
3336 2099 3443 2165 est,
3494 2111 3629 2152 eum

1972 2174 2127 2244 apud
2161 2175 2461 2230 auditores
2494 2176 2720 2231 docere.

2042 2262 2196 2335 §IV.
2231 2264 2630 2335 Cognoscentes.
2674 2266 2840 2334 Nota,
2894 2266 3152 2341 aliquem
3205 2271 3462 2341 primum
3518 2273 3629 2329 hoc

1972 2368 2188 2407 munus
2221 2369 2290 2407 ex
2322 2358 2592 2409 accurata
2625 2353 3013 2428 diligentique
3055 2358 3372 2430 disciplina
3421 2378 3627 2417 conse-

1968 2443 2090 2512 qui,
2126 2446 2189 2497 ut
2243 2448 2443 2499 noscat
2494 2444 2802 2515 seipsum;
2858 2450 2923 2500 ut
2971 2446 3112 2502 illud
3165 2450 3321 2519 quod
3380 2449 3438 2504 in
3490 2450 3617 2523 lege

1966 2531 2249 2602 scriptum
2284 2537 2375 2587 est
2403 2537 2630 2589 servet:
2664 2534 2890 2591 Attende
2921 2539 3157 2607 teipsum
3178 2537 3237 2609 (ά
3264 2540 3311 2608 ),
3334 2540 3614 2610 quemad-

1967 2621 2208 2675 modum
2241 2620 2414 2676 etiam
2456 2621 2687 2677 divinus
2719 2622 2972 2678 Basilius
3004 2623 3085 2679 ait
3113 2641 3126 2680 :
3161 2626 3243 2680 sic
3274 2626 3431 2682 enim
3463 2628 3614 2683 inte-

1966 2726 2065 2765 rea
2094 2708 2333 2782 angelos
2364 2710 2654 2780 imitatur,
2689 2712 2787 2783 qui
2823 2717 3076 2768 noscunt
3104 2715 3351 2786 seipsos.

2036 2798 2115 2853 Ad
2145 2801 2234 2854 sui
2264 2802 2491 2855 veniunt
2519 2802 2908 2873 cognitionem.
2967 2800 3186 2876 Ὀρατόν
3239 2802 3345 2860 hoc
3396 2804 3520 2860 loco
3550 2805 3611 2859 τὸ

1969 2886 2243 2961 Θεωρητὸν
2273 2883 2440 2961 ἤγουν
2474 2884 2787 2957 ἐπιστητόν,
2820 2890 2879 2945 id
2919 2896 3010 2946 est
3059 2892 3615 2964 contemplationem

1968 2975 2091 3031 sive
2123 2976 2450 3042 scientiam,
2477 2976 2636 3032 dicit.
2669 2976 3005 3052 Ἀνχτρὲχων
3029 2995 3187 3047 vero,
3214 2979 3321 3035 hoc
3346 2986 3435 3037 est
3457 2988 3618 3038 totus

1972 3069 2270 3136 permotus
2300 3066 2371 3121 ad
2402 3066 2743 3122 videndum.
2777 3067 3022 3124 Sacrum
3053 3084 3188 3124 vero
3220 3070 3436 3125 donum
3474 3072 3619 3127 dicit

1969 3154 2230 3227 seipsum
2256 3172 2512 3211 noscere.

2044 3246 2221 3317 Hujus
2248 3254 2347 3301 est.
2383 3244 2743 3317 Explanatio,
2778 3246 2918 3319 quid
2952 3247 3031 3303 sit
3052 3264 3154 3319 per
3176 3264 3517 3319 sponsorem
3544 3250 3617 3305 ad

1892 3306 1935 3374 (ἶ
1974 3334 2359 3391 bierarchiam
2390 3335 2612 3390 venire.

2043 3424 2425 3494 Consignalio.
2460 3428 2592 3490 Quae
2619 3424 3007 3495 consignatio,
3039 3430 3095 3480 et
3126 3442 3251 3498 quae
3282 3427 3618 3498 descriptio.

2042 3512 2185 3586 Πρὸς
2219 3510 2385 3583 αὐτῷ.
2424 3517 2553 3579 Pro,
2588 3530 2719 3567 cum
2758 3514 2903 3584 ipso.

2042 3604 2329 3667 Comitem,
2362 3604 2455 3658 Gr.
2493 3597 2821 3656 συνοπαδόν.
2870 3604 3319 3660 Assectatorem.

2042 3690 2070 3762 ἕ
2099 3692 2163 3746 V.
2194 3693 2303 3747 Sed
2330 3696 2598 3747 exsortem
2629 3709 2764 3747 esse.
2800 3693 3103 3763 Tanquam
3131 3692 3356 3748 nullum
3384 3694 3484 3749 60
3522 3693 3621 3749 ha-

1968 3780 2159 3835 bitum
2193 3780 2401 3835 habent
2418 3782 2487 3835 ad
2509 3781 2689 3835 vitam
2715 3782 3295 3853 superiorem,neque
3317 3784 3619 3852 subjectus

1968 3868 2043 3923 sit
2074 3869 2482 3937 divisionibus,
2515 3870 2644 3939 ejus
2676 3870 2831 3941 quod
2864 3875 2955 3925 est
3004 3871 3384 3927 uniusmodi:
3433 3889 3617 3927 unum

1966 3959 2123 4013 enim
2156 3958 2214 4013 in
2249 3959 2549 4025 omnibus,
2584 3966 2878 4029 quatenus
2910 3964 2999 4014 est
3034 3976 3240 4025 unum,
3275 3961 3364 4015 sui
3426 3960 3619 4017 simile

1966 4051 2092 4115 est;
2129 4047 2441 4103 multitudo
2475 4054 2695 4115 autem,
2730 4054 2796 4102 ut
2827 4065 2953 4119 qua;
2988 4050 3044 4102 in
3079 4054 3452 4119 peccatorum
3478 4051 3622 4105 divi-

1967 4135 2131 4191 sione
2162 4138 2259 4207 sit,
2293 4136 2631 4191 dissimilis.

2032 4224 2274 4280 Exuens.
2311 4226 2498 4289 Quare
2529 4224 2787 4279 exuitur.

2032 4315 2346 4383 E/ﬂantem.
2380 4313 2543 4380 Nota,
2577 4314 2712 4383 quid
2739 4313 3030 4386 significet
3047 4314 3500 4372 catechumenos
3524 4317 3611 4372 in-

1961 4403 2199 4458 sul'flare
2233 4402 2489 4458 diabolo.

2028 4494 2394 4549 Annuntians.
2428 4492 2741 4564 Signorum
2773 4492 3045 4549 videlicet
3076 4494 3339 4551 traditio.

260 4672 409 4745 Πρὸς
459 4669 522 4723 τὸ
570 4667 625 4723 ’ἐν
686 4666 881 4737 ὀλικῆς
932 4668 1277 4731 συννεόσεως.
1327 4671 1433 4738 Τὴν
1488 4672 1623 4745 πρὸς
1682 4673 1744 4727 τὸ
1790 4673 1845 4729 ἓν

2031 4673 2165 4728 Cum
2189 4686 2297 4726 uno
2324 4671 2487 4727 totali
2518 4671 2950 4742 conspiratione.
2988 4672 3191 4727 Totam
3244 4674 3609 4745 conjunctio-

188 4758 383 4827 ὀλικὴν
420 4758 697 4812 σύννευσιν
749 4752 883 4812 λαϐὲ
926 4757 1062 4812 κατὰ
1098 4759 1160 4812 τὸ
1209 4763 1305 4813 τοῦ
1338 4759 1537 4832 Κυρίου
1569 4762 1734 4837 ῥητὸν
1768 4762 1843 4817 εἷ-

186 4850 411 4914 πόντος,
458 4844 548 4901 *ἶνα
596 4848 727 4900 ὦσιν
774 4846 854 4914 ἓν,
898 4846 1141 4901 τουτέστι
1191 4849 1327 4922 πρὸς
1373 4848 1435 4903 τὸ
1482 4848 1538 4904 ’ἐν
1591 4851 1842 4927 ὁρῶντες,

186 4939 317 5011 ὅπερ
368 4936 481 4991 ἐστὶ
515 4939 533 4971 ’⁸
565 4935 627 4989 τὸ
668 4933 893 5011 ἀρέσκον
945 4940 1079 5008 Θεῷ-
1132 4936 1378 4991 ἀνάτασιν
1432 4935 1510 5009 δὲ,
1556 4942 1655 5009 τὴν
1710 4942 1845 5014 πρὸς

184 5028 243 5080 τὸ
269 5031 427 5080 Θεῖον
464 5026 669 5098 ὕψωσιν
719 5022 815 5078 τοῦ
866 5022 1156 5101 λογισμοῦ,
1190 5026 1275 5080 καὶ
1310 5030 1418 5080 τῶν
1472 5029 1842 5103 χαμαιζήλων

190 5115 570 5191 ἀναχώρησιν.

249 5205 319 5258 Τὸ
350 5202 727 5259 ἀναλλοίωτον
762 5200 929 5277 ἴσχει.
963 5204 1087 5265 ΙΙῶς
1129 5204 1218 5257 καὶ
1265 5204 1426 5260 πόθεν
1470 5204 1843 5263 ἀναλλοίωτοι

186 5294 421 5368 γίνονται
454 5294 510 5348 αἱ
543 5292 725 5367 νοεραὶ
755 5288 913 5362 ἕξεις.

252 5382 638 5457 Ἀμάλθακτον
745 5384 882 5437 εἶναι
927 5426 940 5439 .

259 5512 333 5584 (ά)
362 5511 538 5568 Eccli.
574 5528 664 5581 ιιι,
697 5510 785 5567 22.
867 5510 969 5583 (d')
1002 5512 1027 5567 Ι
1058 5513 1211 5569 Tim.
1250 5530 1327 5585 ιν,
1362 5514 1445 5569 16.

1032 5383 1334 5448 Ἀθελκτον
1366 5428 1381 5455 ,

1489 5384 1797 5457 ἀθήλυντον
1831 5432 1845 5459 ,

1960 4779 2090 4817 nem
2123 4778 2255 4816 cum
2291 4778 2429 4824 uno,
2454 4759 2650 4831 accipe
2673 4776 2739 4813 ex
2774 4759 2873 4814 illo
2929 4760 3157 4815 Domini
3188 4764 3385 4827 verbo,
3416 4772 3472 4817 ut
3500 4766 3612 4818 sint

1957 4869 2167 4912 unum;
2200 4851 2255 4904 id
2284 4854 2373 4905 est
2425 4866 2607 4903 unum
2663 4848 2981 4919 intuentes,
3037 4851 3189 4921 quod
3244 4856 3332 4905 est
3366 4852 3418 4905 id
3455 4854 3610 4923 quod

1957 4948 2189 5013 gratum
2224 4944 2312 4995 est
2344 4943 2456 4993 Deo
2490 4958 2503 5006 ;
2539 4938 2977 4994 contentionem
3015 4945 3232 5009 autem,
3268 4940 3511 4995 rationis
3536 4942 3606 4995 ad

1957 5032 2141 5087 Deum
2174 5027 2599 5084 sublimitatem
2632 5032 2688 5083 et
2719 5028 2790 5083 ab
2824 5027 2898 5082 iis
2930 5032 3030 5099 qui
3086 5033 3318 5084 terrena
3371 5029 3613 5101 sapiunt

1957 5134 2282 5177 recessum.

2027 5210 2551 5267 lmmutabililatem
2583 5198 2817 5263 obtinet.
2852 5206 3151 5273 Quomodo
3186 5210 3244 5262 et
3294 5208 3448 5264 unde
3496 5209 3611 5264 im-

1960 5299 2265 5357 mutabilis
2297 5298 2397 5354 fiat
2432 5297 2648 5353 mentis
2680 5302 2871 5353 status
2905 5301 2959 5352 et
2990 5295 3249 5352 habitus.

2029 5390 2365 5449 Obduratum
2396 5387 2647 5455 esse.Qui
2679 5386 2986 5441 blanditiis
3019 5384 3343 5443 demulceri
3378 5388 3613 5462 nequit.

1206 5654 1448 5713 VARIIE
1481 5657 1790 5718 LECTION
1800 5661 1879 5718 ES
1910 5661 2003 5717 ET
2033 5653 2596 5718 CORRECTIONES.

254 5754 277 5790 ⁸
305 5752 683 5829 ἁρμοζόντων.
765 5753 786 5787 ⁷
810 5751 973 5807 τοῦτό
1004 5750 1136 5810 ἐστι.
