4158 6370
485 414 582 470 131

1304 410 1667 465 APPENDIX
1704 410 1798 461 AD
1837 407 2075 462 OPERA
2113 405 2171 459 S.
2211 402 2527 459 DIONYSII
2563 403 3066 460 AREOPAGITE.

3794 402 3898 456 132

484 540 584 613 qui
618 537 934 595 femineum
971 534 1211 591 minime
1244 533 1450 590 induat
1482 532 1768 599 animum,
1804 528 1993 598 fortis,
2036 526 2123 582 ni-

2265 521 2487 601 ινδρεῖον
2523 569 2537 595 ,
2595 522 2879 583 ἀνένδοτον
2917 572 2932 598 ,
2999 524 3395 604 ἀπαρέγκλιτον
3459 524 3636 605 ὑφέσει
3697 522 3841 599 πᾶσῃ
3878 569 3892 583 .

485 629 565 685 hil
594 629 662 683 de
696 625 1039 699 constantia
1061 623 1390 689 remittens,
1423 622 1522 694 qui
1557 619 1823 676 inclinari
1857 635 1973 673 non
2024 634 2127 691 po-

483 722 601 777 test
630 717 701 773 ad
736 715 915 772 ullam
945 714 1425 771 submissionem.
1459 711 1773 768 Sciendum
1798 712 1886 764 est
1908 710 2128 778 autem,

486 810 557 869 de
586 805 933 863 mulieribus
967 804 1235 871 fortibus,
1268 807 1370 858 aut
1399 819 1530 874 qua:
1577 816 1769 856 mares
1820 800 2127 870 apparent,

484 898 710 954 dictum
739 910 888 951 esse.

552 988 758 1043 Horum
786 994 971 1041 autem
999 985 1196 1050 cernis.
1225 982 1302 1039 De
1335 981 1626 1037 unctione.

559 1074 633 1131 Ad
653 1092 773 1148 quae
801 1075 896 1130 sub
928 1075 1140 1130 Christo
1172 1072 1509 1127 munerario.
1541 1069 1867 1141 Hyperbato
1900 1068 2130 1121 constat

483 1166 663 1236 hujus
693 1164 803 1219 loci
834 1167 1123 1219 struclera
1154 1161 1498 1233 interposita
1518 1160 1693 1230 longa
1719 1156 2125 1212 collocutione.

481 1256 572 1311 Sic
603 1271 739 1327 ergo
762 1252 1223 1309 construendum
1247 1255 1367 1306 est:
1403 1267 1504 1319 per
1525 1266 1651 1320 quae
1674 1246 1994 1303 certamina
2017 1245 2127 1300 sub

484 1344 735 1410 Christo,
770 1342 868 1415 qui
897 1342 1138 1414 praemia
1169 1339 1493 1414 pr0posuit,
1522 1340 1581 1393 in
1604 1336 1926 1393 certamina
1974 1353 2127 1407 quaa-

484 1434 644 1501 dam,
682 1437 743 1488 ut
774 1432 969 1487 divina
1001 1431 1171 1487 laetus
1203 1430 1525 1497 incumbet,
1548 1432 1753 1499 etquae
1776 1429 2126 1498 sequuntur.

1127 1535 1483 1593 CHRISTUS

491 1632 554 1688 Ut
586 1635 730 1686 Deus
877 1631 939 1685 Ut
968 1644 1070 1683 sa-
1257 1628 1318 1683 Ut
1348 1626 1576 1696 pulcher
1689 1625 1752 1681 Ut
1782 1626 1953 1679 bonus

480 1707 719 1775 praemia
862 1702 1017 1775 piens
1047 1702 1127 1753 te-
1237 1699 1553 1775 certamina
1684 1713 1797 1750 una
1826 1712 1941 1751 cer-

483 1770 679 1857 propo-
861 1789 951 1843 ges
980 1774 1109 1842 fert.
1242 1770 1516 1825 honestat.
1677 1777 1782 1823 tat.

486 1854 591 1901 ιιιι.

558 1951 1015 2025 Quandoquidem
1044 1959 1106 2007 ut
1136 1955 1297 2006 Deus.
1332 1948 1494 2014 Quod
1527 1945 1796 2003 Christus
1828 1945 1905 2002 sit
1955 1949 2127 2015 Deus,

486 2047 693 2099 contra
724 2041 1127 2097 Nestorianos.

556 2131 915 2186 Descendens.
952 2129 1029 2183 De
1061 2127 1356 2200 baptismo
1390 2128 1550 2182 dicit.

557 2220 814 2291 Pugilum
842 2219 1121 2290 primatis.
1159 2217 1429 2289 Pugilum
1463 2216 1772 2287 primatem
1817 2215 2128 2271 Dominum

485 2310 649 2377 dicit,
682 2308 776 2381 qui
811 2308 936 2363 sola
967 2324 1074 2363 sua
1104 2307 1464 2379 benignitate
1495 2307 1731 2376 ductus,
1756 2321 1887 2362 cum
1926 2304 2131 2361 mortis

490 2398 741 2471 imperio
772 2397 1150 2469 potentiaque
1182 2396 1443 2452 certavit.

555 2487 982 2546 Certaminibus.
1015 2485 1243 2541 Scilicet
1274 2502 1376 2557 per
1412 2485 1747 2542 unctionem
1795 2483 1975 2541 divini
2026 2500 2131 2539 un-

492 2578 714 2650 guenti.

558 2668 824 2737 Actiones,
858 2670 968 2722 etc.
1000 2665 1275 2722 Actiones
1307 2665 1546 2736 quidem
1570 2664 1712 2720 dicit
1734 2669 1989 2737 peccata,
2010 2668 2134 2721 tur-

484 2754 881 2826 bulentaeque
912 2752 1261 2824 cupiditates
1284 2757 1341 2806 et
1370 2758 1563 2807 motus
1589 2771 1601 2819 ;
1628 2754 1914 2807 essentias
1939 2756 2135 2806 autem

486 2846 821 2901 daemonum
856 2845 949 2899 6|
990 2848 1250 2907 naturas,
1284 2859 1414 2913 qua;
1467 2842 1585 2896 vim
1640 2842 1846 2905 agendi
1897 2842 2134 2897 habent.

487 2935 800 2989 Enimvero
834 2933 1117 3004 improba
1170 2931 1429 2986 actiones
1481 2947 1595 2987 non
1627 2931 1685 2985 in
1722 2947 1830 2985 sua
1884 2932 2141 2987 essentia

492 3027 821 3094 naturaque
853 3024 1214 3092 spectantur.

559 3111 743 3183 §VIL
779 3111 1055 3178 Quoniam
1086 3125 1233 3164 mors
1281 3113 1375 3164 est.
1428 3109 1574 3173 Quid
1629 3110 1705 3165 sit
1753 3127 1910 3165 mors
1960 3110 2137 3177 dicit;

489 3198 1175 3271 conglutinationemque
1206 3198 1389 3254 nostri
1423 3215 1551 3254 esse
1584 3200 2056 3270 conjunctionem
2089 3206 2145 3256 et

490 3290 789 3345 unionem.

559 3377 636 3433 Ad
666 3378 959 3433 obscurum
992 3378 1122 3449 quid
1147 3378 1367 3433 ducens.
1404 3378 1522 3433 Hoc
1573 3378 1767 3450 ipsum
1819 3381 1969 3449 quod
2029 3397 2147 3436 non

486 3466 734 3531 videtur,
768 3467 1006 3537 quidam
1033 3467 1251 3523 inferos
1283 3484 1413 3523 esse
1445 3468 1719 3523 dixerunt
1748 3489 1761 3537 ;
1800 3470 1855 3524 id
1901 3474 1989 3525 est
2036 3470 2151 3525 dis-

487 3573 716 3613 cessum
748 3558 1297 3627 separationemque
1330 3556 1530 3624 animi,
1567 3573 1693 3628 quas
1727 3576 1842 3614 non
1897 3560 2152 3614 videtur!

489 3662 596 3700 nec
627 3649 889 3717 apparet,
922 3647 992 3700 ad
1023 3646 1149 3701 loca
1189 3662 1317 3717 quas
1372 3646 1557 3701 videri
1613 3664 1727 3703 non
1775 3653 2025 3720 possunt
2076 3650 2147 3704 ab

490 3734 564 3790 iis
591 3734 690 3805 qui
724 3734 833 3789 sub
866 3750 1109 3790 sensum
1151 3736 1393 3790 cadunt.

558 3823 841 3893 Corporeis
871 3824 1371 3879 immutationibus.
1402 3825 1563 3895 Saepe
1583 3826 1743 3880 enim
1800 3826 2146 3884 dissolvitur

489 3916 545 3967 et
567 3911 777 3967 recidit
812 3929 1046 3983 corpus,
1071 3930 1185 3967 non
1211 3912 1400 3968 solum
1440 3914 1496 3968 in
1522 3931 1767 3980 vermes,
1803 3916 1903 3970 sed
1936 3916 1993 3971 in
2030 3916 2144 3973 alia

488 4013 723 4071 quoque
756 3999 1099 4055 animantia.
1120 4000 1267 4055 Vide
1290 4002 1463 4057 etiam
1491 4006 1553 4057 ut
1576 4003 1960 4059 mutationem
1984 4007 2139 4077 ejus-

489 4089 647 4144 modi
681 4085 1001 4155 ἀλλοίωσιν,
1037 4089 1093 4144 id
1125 4094 1215 4145 est
1238 4093 1761 4148 commutationem
1785 4094 2056 4166 appellat,
2084 4100 2141 4151 et

490 4182 737 4233 mortem
774 4195 885 4233 non
919 4196 1047 4234 esse
1070 4180 1335 4235 essentiae
1362 4187 1572 4237 nostris
1596 4184 2135 4254 consumptionem;

489 4271 549 4322 et
579 4267 843 4322 animum
878 4285 1011 4324 cum
1043 4269 1318 4325 discessit
1351 4288 1380 4325 a
1413 4289 1672 4343 corpore,
1699 4290 1813 4328 non
1839 4292 2137 4346 apparere,

490 4373 597 4411 nec
630 4357 848 4413 versari
880 4357 1099 4412 circum
1153 4375 1387 4430 corpus,
1425 4366 1488 4414 ut
1520 4361 1788 4416 nonnulli
1844 4363 2136 4431 dixerunt,

490 4445 1048 4518 immersionemque
1086 4447 1145 4501 in
1180 4464 1390 4519 aquam
1453 4454 1607 4505 recte
1660 4457 1958 4522 acceptam
2009 4469 2138 4509 esse

492 4549 597 4605 pro
628 4538 833 4589 morte.

2160 1892 2209 1957 B

2240 614 2434 672 Ἰστέον
2468 612 2525 670 δί
2556 616 2628 678 ὡς
2674 615 2759 674 ἐπὶ
2807 621 3074 692 γυναικῶν
3125 613 3524 692 ἀνδριζομένων
3576 614 3611 683 ἢ
3665 613 3891 691 ἄρρενο-

2239 726 2337 783 ιραν
2347 709 2419 761 ὧν
2454 703 2685 778 εἷ’ρηται,

2309 977 2471 1050 Ὁρᾷς
2505 974 2561 1031 δὲ
2587 979 2705 1039 τάς.
2744 977 2872 1053 Περί
2902 981 2999 1033 τοῦ
3026 976 3392 1052 ἀλείμματος.

2310 1067 2436 1120 Καθ’
2488 1064 2579 1129 οὓς
2633 1067 2719 1122 ὑπ’
2766 1066 3059 1142 ἆθλοθὲτῃο
3100 1070 3190 1126 Ἐν
3245 1062 3531 1141 ὑπερϐαιτῷ
3561 1068 3596 1137 ἡ
3649 1066 3894 1137 σύνταξις

2238 1161 2331 1211 τοῦ
2364 1158 2631 1233 παρόντος
2684 1156 2893 1233 χωρίου
2944 1155 3336 1233 μεταξυλογίας
3392 1156 3734 1224 συντεθείσης
3787 1177 3893 1227 μα-

2237 1252 2386 1323 κρᾶς.
2439 1244 2625 1309 Οὕτως
2674 1246 2764 1302 οὗ)
2812 1248 3153 1303 συντακτὲονο
3200 1249 3319 1302 καθ’
3351 1244 3443 1310 οὓς
3498 1247 3584 1301 ὑπ’
3626 1245 3896 1319 ἆθλοθὲτῃ

2236 1338 2456 1413 Χριστῷ
2497 1334 2808 1411 γινόμενος,
2855 1342 2974 1401 τοῖς
3025 1337 3119 1409 μὲν
3168 1337 3391 1412 ἀγῶσιν,
3424 1334 3497 1398 ὠς
3549 1334 3715 1399 θείοις
3744 1336 3772 1390 6
3800 1354 3897 1389 τε-

2239 1421 2511 1499 λούμενος
2542 1420 2856 1496 ὲπιϐήσεται
2892 1424 3127 1501 χαίρων,
3160 1426 3249 1481 καὶ
3280 1426 3347 1480 τὰ
3373 1424 3518 1496 ἑξῆς.

2863 1534 2923 1589 Ὁ
2962 1534 3268 1589 ΧΡΙΣΤΟΣ

2238 1622 2327 1682 Ὠς
2361 1623 2454 1694 μὲν
2638 1622 2726 1683 Ὠς
2762 1618 2819 1675 δὶ
3033 1622 3123 1694 fu;
3149 1617 3208 1675 δὶ
3232 1640 3331 1694 ptat-
3548 1620 3638 1694 ᾭς
3670 1616 3733 1673 δὲ
3758 1619 3897 1693 drya-

2241 1691 2370 1767 Θερά
2647 1695 2812 1767 σοφὸς
3159 1691 3296 1767 καλ-
3550 1692 3640 1767 Ορς
3656 1691 3895 1766 συναγω-

2243 1764 2403 1819 ἀθλο-
2644 1762 2867 1838 νομοθε-
3032 1762 3183 1838 λύνει
3208 1764 3275 1819 τὰ
3542 1763 3764 1833 νίζεται.

2244 1842 2404 1900 estsi.
2640 1834 2744 1893 τεῗ.
3029 1834 3187 1900 ἆθλα.

2312 1942 2534 2012 Ἐπειδὴ
2567 1944 2639 2006 ὡς
2684 1943 2834 2006 Θεός.
2868 1945 2993 1999 ’Ότι
3039 1944 3067 1997 6
3117 1943 3359 2015 Χριστὸς
3410 1940 3540 2003 Θεός
3596 1939 3725 2012 ἐστι,
3759 1940 3898 1995 κατᾶ

2239 2037 2633 2109 Νεστοριανῶν,

2310 2118 2553 2186 Ἑπιῦάς.
2588 2120 2718 2196 Περὶ
2749 2126 2845 2177 τοῦ
2880 2122 3259 2197 βαπτίσματος
3287 2118 3452 2195 λέγει.

2309 2216 2419 2269 Τοῦ
2452 2211 2701 2283 ἀθλητῶν
2748 2211 2989 2287 πρώτου.
3050 2211 3336 2280 Ἀθλητῶν
3384 2214 3599 2284 πρῶτον
3650 2209 3743 2263 τὸν
3793 2207 3899 2262 K6-

2243 2323 2357 2379 ριον
2404 2302 2574 2376 λέγει,
2625 2300 2683 2362 ὃς
2723 2297 2811 2354 διὰ
2867 2300 3042 2374 μόνην
3094 2298 3404 2375 ἆγαθότητα
3456 2296 3618 2369 ἰδίαν,
3651 2298 3790 2375 πρὸς
3836 2298 3899 2351 τὸ

2240 2395 2336 2446 τοῦ
2370 2389 2595 2445 θανάτου
2625 2390 2936 2465 ἠγωνίσατο
2967 2390 3189 2463 κράτος.

2313 2478 2626 2551 Ἀθλήσεσι.
2683 2480 2781 2535 Διὰ
2822 2485 2923 2548 τῆς
2984 2478 3219 2556 ἀλοιφῆς
3279 2474 3541 2549 δηλονότι
3596 2480 3694 2531 τοῖ’)
3752 2474 3899 2530 θείου

2249 2571 2446 2647 μύρου.

2324 2656 2625 2735 Ένεργείας
2674 2679 2733 2713 τε
2783 2654 2895 2714 καί.
2950 2655 3251 2729 Ἐνεργείας
3314 2658 3407 2729 μὶν
3468 2654 3565 2718 τὰς
3625 2655 3895 2728 ἁμαρτίας

2244 2750 2334 2805 καὶ
2408 2749 2505 2812 τὰς
2575 2746 2835 2821 ἐμπαθεῖς
2916 2745 3200 2823 ἐριθυμίας
3257 2746 3344 2800 καὶ
3410 2748 3654 2817 κινήσεις
3713 2744 3899 2821 φησὶν

2253 2838 2502 2915 ὑπάρξεις
2545 2834 2603 2893 δὲ
2638 2836 2735 2899 τὰς
2783 2834 3130 2913 ἐνεργητικὰς
3183 2838 3289 2889 τῶν
3350 2832 3623 2909 δαιμόνων
3688 2832 3899 2911 φύσεις’

2250 2932 2304 2985 αἱ
2362 2930 2463 3005 γὰρ
2514 2926 2749 3004 πονηραῖ
2808 2925 3024 3002 πράξεις
3082 2924 3181 2980 οὐκ
3236 2924 3287 2980 ἐν
3342 2922 3452 2978 ἰδία
3506 2923 3723 2997 ὑπάρξει
3772 2933 3907 2985 θεω-

2253 3040 2493 3096 ρουνται.

2328 3109 2509 3183 ξνΙΙ.
2544 3103 2766 3174 Ἐπειδή
2803 3103 3027 3165 θάνατός
3060 3102 3223 3161 ἔστιν.
3261 3103 3329 3160 Τί
3359 3102 3469 3158 ἐστι
3517 3103 3763 3173 Θάνατος,
3813 3099 3907 3155 καὶ

2256 3196 2340 3253 ὅτι
2369 3195 2560 3261 ἓνωσίς
2586 3195 2725 3251 ἐστιν
2754 3197 2788 3265 ἡ
2823 3195 3062 3256 σύνθεσις
3095 3196 3277 3263 ἡμῶν.

2332 3375 2552 3453 ’Λιρανὶς
2618 3376 2841 3450 ἄγουσα.
2901 3376 3073 3426 Τοῦτο
3134 3372 3196 3425 τὸ
3254 3371 3446 3449 ἀφανὲς
3504 3391 3647 3431 τινες
3702 3367 3905 3445 ἔφησαν

2262 3467 2393 3521 εἶναι
2422 3465 2511 3519 τὸν
2566 3458 2718 3535 ᾅδην,
2752 3462 2994 3516 τουτέστι
3036 3462 3127 3515 τὸν
3181 3457 3333 3528 ἀειδῆ
3380 3458 3468 3513 καὶ
3522 3460 3697 3533 ἀφανῆ
3744 3459 3909 3534 γενό-

2265 3576 2422 3629 μενον
2453 3557 2551 3618 τῆς
2577 3556 2763 3628 ψυχῆς
2796 3552 3104 3628 χωρισμὸν,
3138 3549 3212 3611 είς
3241 3550 3442 3611 τόπους
3495 3547 3757 3626 ἀοράτους
3786 3553 3907 3609 τοῖς

2259 3645 2561 3716 αἰσθητοῖς.

2329 3819 2728 3897 Σωματοειδῶν
2807 3818 3183 3875 ἆλλοιώσεων.
3254 3816 3531 3879 Πολλάκις
3610 3817 3710 3893 γὰρ
3779 3817 3910 3871 hoi-

2254 3917 2623 3989 στοιχειοῦται
2684 3910 2745 3965 οὐ
2802 3909 2965 3982 μόνον
3017 3907 3092 3970 εἷς
3154 3905 3470 3978 σκώληκας,
3504 3905 3648 3961 ἀλλά
3691 3906 3781 3961 καὶ
3832 3905 3912 3967 εἷς

2251 4000 2397 4058 ἄλλα
2433 4005 2541 4070 ζῶα
2570 4000 2631 4054 τὸ
2683 4003 2860 4071 σῶμα.
2895 3998 3035 4071 ’Όρα
3089 3993 3166 4068 δὲ,
3220 3994 3301 4049 ὅτι
3354 3996 3439 4049 καὶ
3492 3996 3590 4063 τήν
3648 3993 3906 4063 τοιαύτην

2255 4086 2563 4166 μεταϐολὴν
2606 4086 2904 4144 ἀλλοίωσιν
2958 4083 3150 4153 καλεῖ,
3201 4084 3290 4139 καὶ
3340 4082 3422 4137 ὅτι
3474 4084 3501 4137 6
3560 4081 3786 4144 θάνατος
3846 4082 3910 4136 οὐ

2246 4187 2348 4249 τῆς
2383 4179 2568 4240 οὐσίας
2618 4181 2780 4249 ἡμῶν
2833 4174 2975 4229 ἰστιν
3028 4172 3349 4249 ἀνυπαρξία,
3394 4173 3484 4227 καὶ
3530 4171 3614 4227 ὅτι
3660 4175 3694 4241 ἡ
3750 4173 3905 4247 ψυχή

2249 4270 2463 4341 ἐξιοῦσα
2498 4266 2599 4322 τοῦ
2649 4267 2905 4337 σώματος
2938 4262 3148 4341 ἂιρανής
3197 4262 3422 4336 γίνεται,
3455 4260 3545 4315 καὶ
3593 4259 3695 4315 οὐκ
3735 4258 3907 4315 εἶλεῖ-

2245 4382 2332 4415 ται
2366 4358 2488 4433 περὶ
2519 4358 2581 4412 τὸ
2614 4360 2792 4428 σῶμα,
2821 4348 2895 4416 ὥς
2924 4374 3061 4414 τινες
3097 4352 3269 4421 εἶπον,
3298 4350 3389 4405 καὶ
3436 4351 3518 4405 ὅτι
3546 4352 3579 4417 ἡ
3612 4346 3907 4412 κατάδυσις

2244 4454 2343 4505 τοῦ
2373 4446 2566 4508 ὕδατος
2600 4446 2716 4501 ἀντί
2750 4445 2982 4508 θανάτου
3011 4441 3197 4503 καλῶς
3229 4438 3625 4517 παρείληπται.

563 4622 838 4678 Divinam.
869 4623 1133 4679 Divinam
1168 4629 1413 4681 mortem
1461 4633 1627 4683 vocat
1677 4630 1857 4685 trium
1910 4632 2137 4687 dierum

2318 4631 2415 4683 Τὸν
2468 4625 2783 4702 Θεαργικόν.
2813 4625 2936 4681 ⁰Οτι
2980 4622 3268 4697 θεαρχικὸν
3322 4618 3545 4675 θάνατον
3598 4618 3759 4673 καλεῖ
3803 4618 3904 4686 τὴν

494 4710 725 4767 Domini
758 4712 1144 4783 sepulturam,
1176 4715 1471 4786 verbaque
1515 4715 1614 4772 illa
1661 4718 1933 4775 Domini:
1992 4724 2143 4777 Venit

492 4802 746 4872 princeps
778 4801 940 4870 huius
972 4803 1184 4870 mundi,
1218 4806 1265 4858 et
1300 4806 1360 4859 in
1411 4822 1499 4859 me
1547 4823 1658 4863 non
1705 4809 1943 4864 inveniet
1989 4812 2140 4881 quid-

493 4907 659 4960 quam
691 4892 784 4962 (e),
817 4891 974 4945 verbi
1000 4906 1129 4946 esse
1153 4891 1333 4961 dicit;
1366 4894 1689 4967 principem
1715 4903 1907 4953 autem
1939 4901 2147 4955 mundi

494 4982 550 5033 et
592 4978 1021 5035 diabolicarum
1082 4980 1448 5037 voluntatum
1514 5001 1641 5055 qum
1692 4986 1752 5040 in
1803 4986 2145 5046 hominibus

495 5072 630 5121 sunt
659 5068 938 5124 Satanam
972 5069 1131 5138 dicit,
1166 5071 1263 5139 qui
1315 5072 1523 5127 mortis
1578 5075 1895 5145 imperium
1945 5078 2144 5145 habet,

495 5155 757 5226 Apostoli
791 5160 1103 5222 sententia.
1137 5160 1235 5231 qui
1272 5161 1325 5214 in
1354 5161 1587 5217 Christo
1622 5164 1767 5218 nihil
1800 5182 1918 5221 suae
1964 5168 2144 5222 viola-

495 5245 673 5300 tionis
703 5245 925 5303 invenit
955 5267 967 5315 ;
1001 5255 1279 5321 peccatum
1312 5254 1463 5307 enim
1505 5271 1615 5306 non
1647 5257 1777 5324 fecit
1823 5274 1994 5329 neque
2039 5259 2137 5314 do-

497 5334 633 5419 lum,
666 5340 732 5390 ut
761 5337 841 5392 ait
872 5338 1049 5394 Isaias
1107 5341 1196 5411 (Ι).
1258 5341 1458 5413 Itaque
1504 5344 1685 5397 teneri
1719 5361 1751 5398 a
1784 5352 1968 5403 morte
2024 5364 2136 5403 non

497 5426 747 5494 poterat,
782 5433 841 5479 ut
874 5427 954 5481 ait
987 5428 1227 5496 Petrus;
1263 5431 1360 5485 sed
1390 5432 1573 5501 factus
1602 5437 1681 5487 est
1710 5435 1856 5489 solus
1887 5438 1948 5490 in
1984 5453 2139 5491 mor-

496 5513 609 5567 tuis
642 5511 803 5580 liber,
840 5515 1069 5570 Davidis
1099 5518 1393 5574 sententia
1421 5519 1527 5592 (g).

566 5747 633 5820 (e)
668 5747 839 5805 Joan.
872 5767 985 5824 xw,
1015 5751 1103 5806 30.
1205 5752 1273 5823 (Γ)
1302 5754 1433 5823 Cap.
1470 5771 1587 5825 Lm,
1617 5774 1666 5815 v.
1700 5759 1753 5816 9.

2251 4721 2550 4795 τριήμερον
2601 4719 2700 4771 τοῦ
2752 4712 2950 4787 Κυρίου
2997 4713 3213 4789 ταφήν·
3262 4708 3354 4764 καὶ
3414 4710 3497 4764 ὅτι
3554 4710 3618 4763 τὸ
3673 4706 3826 4783 ῥῆμα
3878 4708 3907 4762 ’ὀ

2257 4794 2397 4863 εἶπεν
2433 4807 2461 4860 6
2510 4803 2727 4880 Κύριος
2765 4800 3084 4877 Ἔρχεταιὸ
3138 4796 3324 4872 ἄρχων
3373 4800 3472 4851 τοῦ
3522 4795 3733 4870 κόσμου
3784 4794 3910 4849 τοῦ-

2253 4918 2371 4965 του,
2423 4895 2513 4949 καὶ
2564 4894 2613 4947 ἐν
2664 4891 2789 4965 ἐμοὶ
2854 4891 3075 4965 εὑρήσει
3132 4885 3321 4955 οὖδὶν,
3367 4889 3463 4941 τοῦ
3513 4884 3686 4960 λόγου
3744 4884 3911 4961 φησὶν

2257 4988 2411 5041 εἶναι.
2445 4986 2726 5058 Ἀρχοντα
2770 4978 2827 5034 δὲ
2858 4984 2953 5034 τοῦ
3000 4978 3210 5050 κόσμου
3240 4974 3331 5031 καὶ
3369 4978 3476 5029 τῶν
3514 4974 3563 5029 ἐν
3598 4974 3907 5050 ἀνθρώποις

2257 5069 2588 5130 διαϐολικῶν
2640 5069 3031 5145 προαιρέσεων,
3081 5066 3175 5120 τὸν
3232 5070 3465 5118 ἳατανᾶν
3516 5060 3683 5137 λέγει,
3715 5063 3808 5118 τὸν
3846 5064 3910 5117 τὸ

2253 5164 2451 5240 κράτος
2502 5159 2699 5236 ἔχοντα
2751 5163 2847 5213 τοῦ
2897 5157 3148 5223 θανάτου,
3198 5153 3334 5208 κατὰ
3397 5154 3490 5207 τὸν
3546 5150 3905 5209 Ἀπόστολον·

2254 5254 2328 5315 ὡς
2362 5252 2413 5306 ἐν
2460 5254 2683 5324 Χριστῷ
2734 5244 2890 5301 οὖδὶν
2936 5252 3038 5312 τῆς
3088 5241 3292 5303 οἷ’κείας
3345 5235 3702 5317 παραϐάσεως
3734 5239 3907 5317 εὗρεν·

2251 5343 2518 5418 ἁμαρτίαν
2568 5339 2668 5415 γὰρ
2720 5338 2819 5391 οὑκ
2869 5334 3144 5405 ἐποίησεν,
3192 5329 3315 5386 οὐδὲ
3364 5327 3551 5399 δόλον,
3582 5326 3908 5394 ὡςἩσαΐας

2252 5430 2407 5508 φησί.
2455 5430 2547 5484 Διὸ
2595 5428 2685 5482 καὶ
2732 5424 2995 5481 ἀδύνατον
3044 5424 3109 5491 ἦν
3166 5420 3326 5475 αὐτὸν
3378 5420 3481 5475 ὑπὸ
3528 5424 3625 5473 τοῦ
3675 5418 3909 5483 θανάτου

2253 5521 2584 5599 κρατεῖσθαι,
2637 5512 2710 5579 ὥς
2754 5536 2887 5594 φησι
2931 5513 3157 5588 Πέτρος⁸
3212 5508 3337 5599 ἀλλ’
3386 5508 3579 5585 ἀφείθη
3635 5508 3803 5583 μόνος
3854 5509 3907 5567 ἐν

2254 5595 2467 5686 νεκροῖς
2497 5606 2803 5682 ἐλεύθερος,
2836 5603 2974 5659 κατὰ
3001 5602 3091 5657 τὸν
3126 5595 3314 5656 Δαυίδ.

1833 5761 1916 5835 (g)
1948 5764 2043 5822 Ps.
2077 5779 2327 5836 Lxxxvu,
2357 5759 2411 5815 6.
