4158 6370
256 402 352 459 133

967 403 1023 454 S.
1064 397 1340 459 MAXIMI
1378 395 1794 453 SCHOLIA;IN
1834 394 1969 448 LIB.
2011 395 2106 448 DE
2156 396 2448 452 ECCLES.
2500 399 2967 458 HIERARCHIA.

3564 408 3665 463 134

307 525 527 600 ξνιιι.
561 524 636 577 Τὸ
688 519 934 593 ἄκοσμον
982 523 1293 592 κοσμεῖται.
1325 514 1547 585 Ἐπειδή
1598 517 1660 570 τὸ
1717 513 1910 575 σκότος

2095 516 2124 590 §
2153 518 2306 576 VIII.
2336 521 2400 576 Id
2431 523 2571 593 quod
2600 528 2807 581 ornatu
2835 529 3077 597 carebat,
3109 531 3668 597 ornatur.Quoniam

244 615 378 671 ἐστὶν
413 613 442 667 ὁ
477 611 726 687 ῥυπαρὸς
778 609 920 685 βίος,
968 609 1104 665 κατά
1145 609 1237 663 τὸν
1269 605 1630 675 Ἀπόστολον,
1663 602 1904 676 ἀκοσμό-

243 702 395 759 τατόν
420 722 475 756 τι
506 700 752 775 ὑπάρχει
784 699 873 753 καὶ
906 696 1145 753 άνείδεὸν
1180 695 1345 767 ἐστιν,
1380 695 1485 750 οὐκ
1516 692 1642 769 ἔχον
1670 693 1733 748 τὸ
1765 689 1907 755 εἶδος

245 798 335 850 τοῦ
362 791 515 847 θείου
547 791 906 868 φρονήματος
937 806 950 818 ·
986 785 1337 859 ἀποσκίασμα
1385 785 1489 860 γὰρ
1528 784 1617 839 καὶ
1648 784 1904 858 ἀντίφρα-

245 903 351 957 γμα
405 888 510 951 τῆς
571 880 770 956 ἀρετῆς
822 876 964 933 ὶστιν
1003 897 1014 909 ’
1050 875 1274 937 εἷ’κότως
1327 879 1407 946 τῷ
1458 872 1764 951 φωτίσματι
1810 892 1902 925 κο-

248 977 488 1045 σμεῖται,
520 968 614 1025 καὶ
667 966 813 1030 εἶδος
864 964 1081 1041 δέχεται
1132 965 1312 1043 φωτὸς
1364 965 1391 1017 ὁ
1426 962 1690 1036 προσιὼν,
1725 960 1908 1015 τὲκνον

248 1062 427 1140 φωτὸς
483 1059 797 1134 γινόμενος,
829 1056 919 1111 καὶ
976 1055 1192 1129 σπέρμα
1222 1057 1319 1107 τοῐι⁹
1373 1056 1530 1120 Θεοῦ,
1565 1053 1593 1105 ὅ
1621 1050 1733 1105 ἐστι
1794 1055 1908 1127 φῶς

252 1137 577 1225 δεχόμενος,
608 1146 748 1201 κατά
799 1145 890 1200 τὸν
945 1150 1086 1209 θεῖον
1122 1142 1400 1213 Ἰωάννην.
1433 1138 1695 1198 Ἀνείδεον
1750 1137 1807 1195 δὲ
1854 1138 1904 1193 ἐν

247 1244 363 1300 τοῖς
398 1241 419 1275 ³
452 1235 573 1292 οὖσι
628 1236 692 1290 τὸ
754 1231 994 1295 δυσειδὶς
1049 1230 1375 1288 ἀπεκάλεσεν
1426 1229 1559 1305 οὐχὶ
1607 1230 1669 1285 τὸ
1730 1226 1905 1289 εἷ’δους

245 1329 422 1396 πάντη
458 1325 763 1399 ἀμέτοχον,
794 1324 973 1397 ὥσπερ
1015 1323 1102 1378 καὶ
1157 1321 1220 1377 τὸ
1274 1318 1586 1399 δύσμορφον
1638 1316 1908 1379 πολλάκις

248 1416 502 1495 ἄμορφόν
535 1434 735 1492 φαμεν.

320 1690 651 1763 Ἐπιγνῶναι
700 1688 924 1758 νοερῶς.
959 1683 1101 1757 Ἐγὼ
1151 1682 1247 1755 μὶν
1302 1674 1676 1752 ὑπολαμϐάνω
1726 1681 1913 1749 σκοπῷ

254 1774 747 1852 μετριοφροσύνης,
783 1774 856 1834 ὡς
917 1771 1216 1847 ἀγνοοῦντα
1274 1767 1431 1840 δῆθεν
1489 1773 1764 1837 σιωπῆσαι
1818 1767 1909 1821 τὸν

259 1867 428 1941 μέγαν
491 1863 797 1919 Διονύσιον.
829 1863 953 1919 ’Ότι
1006 1861 1100 1933 μὶν
1143 1859 1244 1935 γὰρ
1300 1857 1607 1954 πνεύματος
1661 1856 1989 1954 προςρῴ-Β

252 1977 391 2019 σεως
443 1954 669 2024 ἠξίωτο,
726 1949 897 2021 δῆλον
950 1949 1000 2003 ἰν
1060 1952 1128 2022 τῇ
1189 1949 1327 2023 πρὸς
1370 1947 1460 2001 τὸν
1521 1943 1913 2020 εὐαγγελιστήν

251 2045 510 2117 Ἰωάννῃν
546 2039 814 2114 ἐπιστολῇ
847 2037 1145 2108 πεποίηκεν
1180 2056 1193 2067 ·
1229 2036 1383 2109 ὅμως
1414 2036 1573 2090 τοῦτό
1628 2056 1718 2107 μοι
1766 2031 1914 2088 δοκεῖ

252 2134 572 2205 σημαίνειν,
605 2130 690 2184 ὅτι
720 2132 956 2205 Χριστοῦ
991 2124 1194 2182 εὐωδία
1223 2120 1368 2187 ὄντες
1402 2130 1656 2199 πανταχῆ
1710 2124 1762 2179 οἱ
1811 2128 1912 2177 τοῦ

252 2222 403 2286 θείου
438 2220 753 2292 Πνεῦματος
801 2218 1128 2290 ἠξιωμενοι,
1161 2216 1248 2270 κοὶ
1307 2215 1592 2275 ἑνωθέντες
1646 2212 1793 2283 αὐτῷ
1841 2215 1909 2285 τῇ

250 2304 589 2385 καθαρότητι
648 2308 787 2362 κατὰ
843 2307 934 2360 τὸν
998 2303 1357 2373 Ἀπόστολον,
1419 2302 1757 2358 αἰσθάνονται
1812 2304 1912 2365 τῆς

252 2400 423 2454 αὐτοῦ
477 2397 801 2469 παρουσίας,
833 2394 912 2467 τῷ
970 2394 1244 2469 γλώσσαις
1305 2390 1512 2459 Λαλεῖν,
1563 2390 1598 2460 ἢ
1648 2410 1915 2467 προφητι-

251 2490 349 2545 κὸν
382 2484 533 2563 ἔχειν
570 2487 843 2561 χάρισμα,
874 2483 909 2553 ἢ
944 2482 1111 2544 ἰάσεις
1158 2480 1414 2557 ἐνεργεῖν,
1445 2480 1536 2535 καὶ
1585 2478 1685 2534 ὅσα
1713 2478 1762 2532 ἐν
1794 2483 1912 2539 ταῖς

251 2579 488 2652 Πράξεσι
550 2572 838 2644 δηλοῦται,
896 2572 986 2626 καὶ
1036 2570 1183 2646 παρᾶ
1236 2574 1317 2642 τῷ
1375 2570 1637 2641 θειοτάτῳ
1685 2567 1908 2639 Παύλῳ.

249 2665 478 2726 Ἀλλως
507 2683 522 2698 ⁸
557 2665 627 2722 Ol.
655 2663 731 2725 ὡς
770 2660 1128 2733 πνευματικοὶ
1170 2660 1240 2714 τὰ
1283 2660 1622 2732 πνευματικᾶ
1665 2661 1914 2717 νοοῦντες

249 2755 342 2810 καὶ
386 2759 510 2815 τοῖς
559 2756 950 2824 πνευματικοῖς
998 2748 1391 2823 συγκρίνοντες,
1440 2747 1532 2802 καὶ
1580 2748 1679 2815 τὴν
1733 2740 1909 2799 ἔνθεον

247 2845 341 2900 καὶ
403 2842 778 2915 πνευματικὴν
840 2837 1068 2894 εὐωδίαν
1130 2837 1274 2893 οὕτω
1335 2838 1619 2907 νοήσουσι.
1674 2836 1910 2910 Χριστοῦ

252 2936 353 3008 μὲν
402 2933 503 3009 γὰρ
557 2929 787 2985 εὐωδίαν
825 2930 985 3007 φησὶν
1020 2931 1157 2982 εἷμαι
1187 2924 1426 2993 Παῦλος,
1458 2926 1586 2988 τοὺς
1640 2924 1706 2978 τά
1746 2923 1911 2995 εὐαγ-

248 3022 458 3099 γελικὰ
495 3021 889 3095 κηρύττοντας,
921 3015 997 3078 ὠς
1051 3014 1112 3071 ἐκ
1157 3017 1299 3084 ζωῆς
1347 3017 1447 3082 τῆς
1475 3014 1709 3074 πίστεως
1738 3014 1913 3087 ἡγου-

253 3111 454 3184 μένους
502 3108 591 3163 ἐπὶ
645 3108 791 3176 ζωὴν
840 3107 937 3174 τὴν
985 3102 1073 3160 διὰ
1127 3102 1500 3179 βαπτίσματος
1563 3103 1771 3175 αφεσιν,
1818 3100 1910 3155 καὶ

246 3205 346 3255 τοῦ
400 3197 562 3273 ἁγίου
611 3195 925 3269 Ηνεύματος
978 3192 1149 3261 δόσιν,
1182 3192 1272 3247 καὶ
1328 3188 1607 3268 βασιλείαν
1661 3191 1905 3266 οὐρανῶν

2012 607 2264 663 tenebrae
2290 610 2567 681 quiddam
2591 618 2755 683 sunt,
2789 618 2943 687 quod
2977 620 3231 676 maxime
3252 624 3464 676 ornatu
3489 624 3670 689 caret,

2014 696 2276 767 Apostoli
2307 700 2618 768 sententia,
2644 719 2771 775 quae
2815 711 2955 761 sunt
2984 707 3105 764 vita
3140 708 3414 777 sordida;
3454 716 3511 766 et
3543 710 3672 767 sine

2018 784 2207 842 forma
2225 792 2384 854 sunt,
2407 804 2541 845 cum
2566 791 2813 848 formam
2836 798 2893 850 et
2914 797 3165 867 speciem
3183 798 3391 854 divina
3418 801 3669 871 pruden.

2016 875 2109 928 tiae
2134 892 2248 930 non
2274 877 2529 934 habeant
2558 897 2570 935 :
2596 882 2929 940 obscuratio
2961 886 3118 941 enim
3169 894 3307 942 sunt
3349 888 3587 945 virtutis
3614 896 3672 945 et

2017 964 2338 1022 obstructio
2361 985 2374 1021 :
2401 968 2535 1037 jure
2564 986 2632 1025 ac
2664 974 2872 1029 merito
2907 973 3299 1031 illustratione
3330 985 3591 1043 ornatur,
3614 982 3673 1033 et

2019 1054 2272 1123 speciem
2326 1056 2697 1132 formamque
2746 1061 2898 1118 lucis
2951 1064 3164 1137 accipit
3202 1065 3253 1121 is
3286 1066 3386 1137 qui
3418 1068 3489 1120 ad
3524 1067 3670 1138 bap-

2017 1143 2261 1198 tismum
2309 1148 2555 1214 accedit,
2610 1149 2800 1207 factus
2858 1152 3009 1209 lucis
3043 1153 3285 1217 ﬁlius,et
3315 1155 3539 1211 semine
3567 1156 3670 1212 Dei

2020 1233 2174 1304 quod
2206 1232 2304 1288 lux
2324 1240 2412 1291 est
2442 1244 2699 1309 accepto,
2735 1245 2800 1295 ut
2829 1242 2913 1296 ait
2943 1242 3176 1299 divinus
3232 1247 3525 1303 Joannes:
3569 1246 3671 1301 de-

2016 1322 2201 1377 forme
2232 1329 2425 1379 autem
2454 1326 2509 1380 id
2532 1329 2686 1396 quod
2722 1329 2780 1384 in
2807 1331 2982 1385 rebus
3005 1332 3250 1403 pulchra
3275 1338 3435 1389 caret
3454 1334 3670 1405 specie,

2019 1428 2137 1466 rem
2172 1416 2367 1485 specie
2384 1414 2723 1472 destitutam
2754 1421 3015 1487 vocavit;
3044 1438 3161 1477 non
3191 1439 3326 1477 vero
3360 1425 3513 1493 quod
3538 1439 3671 1495 spe-

2020 1501 2125 1557 ciei
2152 1502 2321 1573 plane
2351 1519 2554 1575 expers
2582 1507 2678 1577 sit,
2729 1507 2885 1564 sicut
2932 1508 3078 1565 illud
3112 1512 3267 1582 quod
3302 1516 3392 1567 est
3423 1508 3670 1584 δύσμορ-

2021 1610 2142 1666 φον,
2174 1591 2444 1663 deforme,
2493 1611 2645 1666 saepe
2696 1591 2967 1673 ἄμορφον,
3000 1600 3122 1653 sine
3150 1601 3364 1669 forma,
3394 1601 3674 1658 dicimus.

2090 1681 2437 1752 Spiritalitcr
2463 1685 2911 1753 cognoscendum.
2938 1687 3219 1756 Equidem
3256 1689 3526 1745 existimo
3546 1707 3671 1747 mo-

2021 1770 2221 1825 destize
2271 1787 2449 1827 causa
2486 1774 2655 1844 quasi
2709 1775 3080 1846 ignorantem
3137 1777 3361 1835 scilicet
3414 1779 3673 1836 tacuisse

2021 1876 2297 1930 magnum
2322 1862 2421 1917 02
2449 1863 2804 1934 Dionysium.
2836 1870 2906 1921 Se
2934 1865 3091 1922 enim
3124 1866 3335 1937 spiritu
3367 1869 3671 1938 prtenotio-

2022 1949 2366 2019 nisdignum
2384 1951 2713 2022 judicatum
2740 1968 2890 2021 esse,
2916 1954 3156 2025 planum
3184 1956 3317 2011 fecit
3340 1955 3396 2011 in
3422 1957 3672 2027 epistola

2022 2038 2091 2092 ad
2115 2038 2403 2093 Joannem
2438 2041 2885 2112 evangelistam.
2924 2047 3039 2099 Hoc
3069 2048 3266 2101 tamen
3309 2045 3452 2101 mihi
3481 2046 3670 2118 signi-

2022 2127 2193 2182 ﬁcare
2217 2128 2468 2193 videtur,
2501 2146 2634 2185 cum
2669 2130 2883 2187 Christi
2924 2133 3114 2188 bonus
3146 2134 3293 2188 odor
3321 2135 3443 2189 sint
3473 2134 3535 2201 ii,
3569 2136 3668 2207 qui

2022 2216 2283 2271 divinum
2314 2218 2592 2289 Spiritum
2613 2227 2984 2291 acceperunt,
3018 2226 3076 2278 et
3104 2223 3398 2293 conjuncti
3449 2224 3499 2280 ei
3551 2225 3671 2285 sint

2022 2307 2299 2375 puritate,
2350 2307 2614 2378 Apostoli
2667 2310 2980 2375 sententia,
3037 2311 3198 2382 ipsos
3248 2313 3377 2381 ejus
3424 2329 3676 2383 praesen-

2020 2394 2161 2450 tiam
2193 2394 2593 2467 sentire,quod
2622 2396 3671 2472 linguisloquantur,etpropheticum

2022 2500 2240 2538 munus
2263 2484 2603 2551 habeant,et
2623 2494 2830 2542 curent
2853 2488 3174 2558 morbos,et
3203 2490 3402 2545 omnia
3432 2491 3670 2561 faciant,

2022 2590 2149 2645 quae
2183 2575 2241 2628 in
2289 2574 2452 2629 Actis
2503 2575 2902 2646 apostolorum
2958 2578 3357 2648 declarantur,
3406 2585 3465 2635 et
3512 2583 3669 2653 apud

2020 2662 2429 2718 beatissimum
2465 2662 2733 2720 Paulum.
2770 2665 2983 2722 Aliter:
3034 2667 3143 2732 Qui
3182 2673 3246 2723 ut
3276 2669 3574 2740 spiritales
3602 2687 3670 2728 ea

2020 2769 2147 2824 quae
2179 2751 2424 2823 spiritus
2456 2758 2595 2807 sunt
2625 2753 2969 2825 intelligunt
2998 2761 3053 2811 et
3084 2756 3493 2827 spiritualibus
3515 2775 3671 2815 com'

2020 2844 2249 2912 parant,
2280 2845 2338 2895 et
2366 2841 2404 2895 ii
2438 2840 2693 2896 divinam
2755 2844 2934 2898 etiam
2986 2844 3432 2916 spiritalemque
3473 2848 3670 2904 odoris

2019 2932 2364 2986 suavitatem
2400 2932 2481 2985 ita
2504 2930 3260 3004 intelligent.Christianum
3285 2936 3505 2991 bonum
3528 2938 3669 2992 odo-

2019 3037 2141 3075 rem
2159 3020 2301 3076 dicit
2333 3019 2545 3075 Paulus
2576 3038 2781 3077 omnes
2815 3038 2944 3079 esse
2975 3023 3075 3094 qui
3108 3024 3443 3095 evangelica
3466 3027 3671 3098 praedi-

2018 3108 2418 3179 cant;quippe
2441 3108 2538 3179 qui
2559 3125 2627 3163 ex
2642 3110 2761 3165 vita
2778 3110 2909 3166 ﬁdei
2932 3112 3001 3166 ad
3027 3112 3201 3168 vitam
3232 3115 3577 3184 perducant,
3614 3121 3671 3170 et

2019 3200 2429 3255 remissionem
2448 3216 2575 3269 quis
2600 3200 2660 3255 ﬁt
2684 3218 2783 3271 per
2798 3201 3181 3273 baptismum,
3207 3204 3394 3259 sancti
3418 3205 3672 3275 Spiritus

250 3288 323 3343 δι’
355 3284 532 3363 ἔργων
564 3288 903 3356 θεοπρεπῶν,
936 3284 1043 3337 τῶν
1084 3281 1173 3337 καὶ
1225 3278 1449 3344 εὐωδίας
1495 3286 1697 3350 νοητῆς
1739 3275 1904 3333 ὄντων

2024 3289 2388 3360 largitionem
2441 3305 2806 3362 regnumque
2841 3291 3118 3346 cmlorum
3147 3309 3251 3363 per
3272 3309 3448 3363 opera
3476 3294 3674 3350 divina

251 3376 562 3447 δηλοῦντας
596 3393 610 3408 ·
644 3374 763 3438 ὅθεν
797 3372 997 3451 φιάλας
1030 3370 1387 3445 θυμιαμάτων
1443 3370 1638 3442 μεστὰς
1680 3368 1776 3431 τὰς
1826 3367 1912 3423 εὐ-

253 3468 359 3542 χάς
421 3470 533 3521 τῶν
594 3461 820 3519 δικαίων
871 3460 1129 3531 Ἰωάννης
1179 3462 1207 3516 ὁ
1252 3465 1394 3524 θεῖος
1454 3458 1505 3513 ἐν
1540 3457 1915 3531 Ἀποκαλύψει

256 3561 454 3631 θεωρεῖ
485 3559 527 3612 9.
563 3551 808 3609 Δυσωδία
838 3550 895 3607 δὲ
922 3556 1019 3606 τοῦ
1070 3546 1336 3606 διαϐόλου
1383 3551 1451 3605 τὰ
1495 3556 1596 3619 τῆς
1650 3547 1915 3623 ἁμαρτίας

255 3647 391 3701 εἰσὶν
448 3640 601 3718 ἔργα,
634 3643 709 3704 ὠς
768 3641 857 3697 καὶ
917 3640 968 3695 ἰν
1028 3639 1289 3713 Ψαλμοῖς
1339 3638 1549 3715 εἷ’ρηται
1580 3657 1592 3669 ⁸
1626 3638 1916 3713 Ιιροσώζε-

252 3756 344 3790 σαν
426 3734 522 3789 καὶ
597 3732 870 3802 ὲσάπησαν
949 3731 1001 3786 οἱ
1063 3727 1337 3803 μώλωπες
1409 3748 1515 3802 μου
1573 3726 1681 3781 ἀπὸ
1745 3747 1913 3802 προσ-

259 3826 418 3878 ώπου
475 3828 577 3891 τῆς
637 3819 943 3898 ἀφροσύνης
1008 3839 1132 3891 μου,
1187 3818 1430 3873 τουτέστι
1494 3822 1596 3884 τῆς
1650 3815 1917 3888 ἁμαρτίας

260 3934 395 3986 μου.
432 3912 528 3966 Διὸ
577 3909 668 3965 καὶ
708 3911 736 3963 ὁ
768 3908 998 3981 Χριστὸς
1048 3907 1219 3982 μύρον
1272 3905 1556 3969 ἐκκενωθὶν
1588 3905 1921 3979 κεγρησμῲ-

257 3999 420 4071 δηται
459 4020 473 4034 ⁸
530 3999 622 4055 καὶ
681 3998 1022 4076 ὀσφραίνεται
1083 3997 1260 4070 ὀσμὴν
1316 3992 1547 4056 εὐωδίας
1607 3993 1801 4069 Κύριος
1865 3992 1914 4048 ἂν

254 4096 324 4164 τῇ
384 4093 674 4167 προσφορᾷ
728 4091 825 4142 τοῦ
882 4084 1094 4141 δικαίου
1162 4089 1301 4139 Νῶε.
1364 4084 1632 4139 Ἐντεῦθεν
1710 4084 1799 4136 καὶ
1854 4084 1916 4137 τὸ

255 4178 598 4255 Εὐαγγὲλιον
624 4182 743 4239 τοῖς
779 4178 873 4250 μὲν
913 4175 1058 4250 ὀσμή
1091 4177 1286 4247 [Corrig
1318 4178 1436 4236 τοῖς
1465 4178 1679 4234 πιστοῖς
1713 4170 1918 4243 δηλον-

258 4268 340 4323 ότι
376 4287 390 4300 ⁶
427 4272 545 4330 τοῖς
577 4263 633 4321 δὲ
665 4263 934 4337 ἀπίστοις]
969 4262 1218 4327 θανάτου,
1252 4261 1368 4317 ἀντὶ
1398 4266 1494 4315 τοῦ
1523 4266 1638 4324 τοῖς
1670 4260 1918 4323 ἀπίστοις

252 4359 340 4413 καὶ
374 4350 646 4423 ἀσεϐέσιν,
674 4354 820 4427 ὀσμὴ
854 4352 1021 4408 πάλιν
1052 4352 1128 4414 εἷς
1157 4352 1378 4405 θάνατον
1426 4350 1647 4424 γίνεται,
1681 4347 1914 4424 ἐλέγχον

255 4449 323 4503 τά
352 4443 512 4520 ἔργα,
543 4444 634 4498 καὶ
664 4447 983 4517 κατακρῖνον
1014 4440 1091 4502 εἷς
1116 4441 1351 4515 γὲενναν,
1384 4440 1443 4494 ’ὸν
1483 4440 1683 4514 τρόπον
1734 4437 1823 4493 καὶ
1854 4440 1917 4493 τὸ

255 4535 530 4610 ἐξαίρετον
591 4534 730 4587 πάνυ
794 4531 962 4605 μύρον
1020 4529 1156 4585 κατά
1203 4528 1398 4583 ταύτὸν
1446 4526 1536 4583 καὶ
1595 4529 1914 4604 ἀνθρώπους

2024 3394 2225 3435 eorum
2248 3377 2348 3449 qui
2382 3379 2514 3433 boni
2542 3378 2737 3434 odoris
2760 3380 3245 3447 sunt,declarant.
3274 3382 3417 3437 Hinc
3442 3382 3672 3454 phialas

2023 3467 2395 3522 incensorum
2430 3468 2674 3522 odorum
2711 3467 2936 3539 plenas,
2969 3486 3168 3539 preces
3190 3471 3492 3541 justorum
3522 3472 3674 3526 divi-

2025 3573 2136 3611 nus
2166 3557 2427 3611 Joannes
2461 3556 2514 3609 in
2549 3555 2898 3628 Apocalypsi
2929 3558 3086 3612 videt
3118 3558 3215 3629 (h).
3260 3559 3432 3614 Teter
3472 3564 3671 3614 autem

2026 3645 2240 3701 diaboli
2276 3646 2419 3699 odor
2442 3650 2582 3699 sunt
2601 3662 2776 3716 opera
2800 3646 3114 3716 peccati,ut
3130 3647 3307 3702 etiam
3342 3648 3402 3702 in
3425 3648 3676 3704 Psalmis

2026 3734 2245 3789 dictum
2268 3736 2770 3791 estzPutruerunt
2795 3744 2846 3790 et
2899 3741 3173 3808 corrupta
3220 3742 3348 3791 sunt
3391 3737 3679 3794 cicatrices

2024 3840 2157 3879 meae
2177 3839 2211 3877 a
2236 3825 2379 3895 facie
2409 3824 2751 3895 insipientize
2779 3842 2914 3880 mem
2941 3825 3023 3896 (ἱ),
3048 3826 3105 3880 id
3130 3830 3219 3881 est
3269 3826 3489 3897 peccati
3539 3827 3676 3883 mei.

2027 3914 2230 3984 Itaque
2251 3912 2519 3968 Christus
2544 3916 2912 3984 unguentum
2937 3914 3189 3969 effusum
3216 3915 3287 3969 ab
3308 3915 3543 3970 oraculo
3576 3932 3677 3971 vo-

2027 4008 2198 4055 catus
2228 4005 2337 4069 est,
2366 4005 2423 4055 et
2451 4001 2732 4056 odoratus
2765 4002 3002 4056 odorem
3045 4004 3352 4059 suavitatis
3394 4004 3680 4061 Dominus

2028 4090 2087 4143 in
2133 4090 2280 4159 justi
2329 4089 2448 4144 Noe
2483 4088 2778 4144 oblatione
2815 4095 2872 4144 et
2923 4091 3236 4147 sacrificio.
3288 4092 3432 4146 Hinc
3479 4097 3675 4147 autem

2024 4176 2407 4249 Evangelium
2439 4177 2570 4233 aliis
2622 4179 2861 4248 quidem
2894 4179 3038 4235 odor
3075 4185 3167 4235 est
3197 4181 3372 4247 [vitaa,
3403 4181 3679 4236 videlicet

2026 4266 2300 4321 fidelibus
2318 4284 2329 4333 ;
2348 4271 2642 4320 estautem
2666 4266 3027 4337 infidelibus]
3052 4269 3388 4339 mortis,pro
3407 4286 3419 4322 :
3440 4270 3678 4339 perfidis

2026 4355 2302 4426 etimpiis
2329 4373 2342 4422 ;
2374 4355 2504 4409 odor
2560 4372 2783 4410 rursum
2831 4359 3023 4411 mortis
3081 4365 3159 4412 est
3190 4373 3444 4428 arguens
3480 4373 3677 4426 opera,

2025 4445 2427 4500 condemnans
2458 4461 2626 4515 pmna
2657 4445 3471 4517 gehennae,quemadmodum
3503 4445 3675 4500 etiam

2025 4535 2305 4589 eximium
2330 4539 2701 4605 unguentum
2734 4535 2937 4590 eadem
2963 4552 3031 4591 ex
3054 4540 3218 4606 parte
3239 4540 3296 4590 et
3326 4535 3595 4590 homines
3617 4536 3678 4590 in

254 4622 441 4694 ἡδύνει
498 4621 591 4677 καὶ
651 4621 879 4696 χοίρους
926 4619 1154 4693 ἀναιρεῖ,
1189 4619 1253 4672 οὐ
1296 4618 1548 4694 φέροντας
1589 4618 1689 4686 τήν
1744 4616 1906 4691 ἄκραν

2024 4624 2311 4679 suavitate
2338 4627 2528 4678 movet
2576 4628 2633 4678 et
2684 4640 2822 4678 sues
2870 4625 3179 4690 interimit,
3232 4625 3329 4691 qui
3379 4640 3676 4679 summam

255 4711 512 4768 εὐωδίαν.
571 4713 755 4769 Ταῦτα
810 4708 1061 4770 πλατέως
1117 4706 1267 4781 λέγει
1327 4706 1474 4760 κάτω
1529 4705 1580 4760 ἐν
1631 4706 1911 4784 κεφαλαίῳ

259 4803 503 4877 τετάρτῳ
533 4800 611 4861 εἷς
638 4799 701 4853 τὸ
734 4797 923 4874 μύρον.

586 4919 684 4975 Ἐκ
708 4922 817 4972 τῶν
850 4914 1234 4972 ἆποστολικῶν
1269 4910 1582 4987 διατάξεων.

329 5028 482 5082 Ἐστι
512 5023 693 5080 τοίνυν
723 5024 788 5079 τὸ
826 5024 920 5096 μὲν
956 5024 1238 5098 βάπτισμα
1278 5021 1353 5083 είς
1402 5022 1490 5075 τὸν
1539 5019 1757 5084 θάνατον
1817 5025 1915 5076 τοῦ

268 5117 458 5191 Κυρίου
518 5110 805 5186 διδόμενον
844 5130 855 5143 ·
888 5113 951 5167 τὸ
1003 5109 1061 5167 δὲ
1113 5108 1260 5187 ὕδωρ
1310 5110 1427 5164 ἀντὶ
1466 5116 1566 5179 τῆς
1596 5117 1774 5185 ταφῆς
1806 5130 1817 5141 ’
1851 5111 1913 5164 τὸ

271 5200 445 5261 ἔλαιον
478 5204 596 5260 ἀντὶ
624 5206 725 5259 τοῦ
756 5201 1073 5275 Πνεύματος
1100 5204 1196 5255 τοῦ
1227 5198 1385 5274 ἁγίου
1418 5220 1430 5232 σ
1468 5202 1502 5269 ἡ
1536 5200 1760 5273 σφραγὶς
1797 5198 1916 5253 ἀντὶ

270 5299 358 5349 τοῦ
387 5297 622 5367 σταυροῦ
656 5312 669 5324 ·
703 5290 767 5345 τὸ
796 5290 964 5363 μύρον
1002 5284 1292 5365 βεϐαίωσις
1317 5296 1420 5360 τῆς
1452 5288 1772 5365 ὁμολογίας.

333 5474 406 5548 (h)
429 5480 605 5550 Apoc.
628 5491 687 5540 ν,
708 5473 764 5528 8.
817 5471 883 5544 (ἱ)
905 5471 1058 5529 Psal.
1080 5488 1319 5540 xxxvm,
1345 5473 1400 5529 6.

2019 4714 2217 4769 odoris
2248 4713 2598 4768 suavitatem
2633 4730 2746 4767 non
2784 4714 2990 4769 ferant.
3025 4714 3153 4769 Haec
3186 4714 3377 4770 fusius
3407 4718 3464 4768 et
3494 4712 3677 4784 pluri-

2020 4803 2132 4857 bus
2153 4802 2297 4856 dicit
2326 4802 2479 4856 inl‘ra
2498 4801 2558 4856 in
2581 4808 2792 4873 quarto
2820 4803 3007 4875 capite
3042 4804 3114 4859 de
3146 4807 3461 4874 unguento.

2377 4920 2461 4972 Ea:
2478 4918 2798 4988 apostolici:
2819 4919 3322 4974 constitutionibus.

2094 5025 2197 5078 Est
2225 5039 2360 5093 ergo
2401 5023 2738 5095 baptismus
2789 5024 2998 5081 mortis
3052 5024 3279 5078 Domini
3327 5023 3452 5079 loco
3486 5025 3679 5091 datus,

2025 5129 2175 5182 aqua
2208 5128 2310 5182 pro
2339 5111 2681 5182 sepultura;
2718 5113 2912 5168 oleum
2948 5130 3049 5184 pro
3080 5112 3300 5184 Spiritu
3337 5117 3574 5181 sancto;
3603 5112 3681 5167 si-

2025 5218 2208 5274 gnum
2250 5217 2351 5272 pro
2384 5217 2552 5256 cruce
2580 5219 2594 5270 ;
2620 5209 3009 5273 unguentum,
3035 5201 3425 5259 confessionis
3465 5204 3680 5261 confir-

2028 5291 2233 5346 matio.

1285 5641 1527 5699 VARI/E
1566 5640 1962 5700 LECTIONES
2001 5640 2090 5697 ET
2130 5635 2669 5697 CORREGTIONES
