4158 6370
442 398 548 453 135

1062 521 1136 577 ΙΝ
1176 521 1332 577 CAP.
1369 521 1467 577 III.

509 619 554 671 Ῐ.
588 617 989 685 Ρνέεεεριονθιη
1020 616 1513 667 sacramentorum.
1547 612 1829 669 Sanctum
1883 612 2081 668 lliero-

438 704 642 761 theum
673 702 969 775 intelligit.

508 795 698 850 Sacra
728 796 844 862 eius
875 792 1263 864 descriptionis
1296 794 1670 864 interpretem.
1702 794 1765 848 Id
1799 795 1889 848 est
1918 808 2087 849 sacra

437 884 830 954 descriptione
861 899 1060 938 eorum
1088 899 1216 954 qua:
1244 887 1445 937 sancte
1476 883 1837 938 efﬁciuntur.

511 974 833 1028 Commune.
870 973 968 1027 Est
1000 989 1103 1044 per
1136 972 1441 1043 praesentis
1467 971 1871 1027 emissionem.

508 1156 608 1210 63
642 1154 978 1210 Communia.
1016 1152 1097 1207 De
1129 1152 1562 1208 communione.

509 1246 783 1316 Per/ectio
813 1260 900 1299 ex.
962 1242 1087 1297 Non
1130 1258 1304 1313 posse
1361 1242 1686 1313 quidquam
1733 1241 1931 1314 perlici
1963 1242 2089 1299 sine

439 1333 875 1389 communione.

504 1427 566 1480 In
596 1424 795 1495 capite.
832 1422 892 1477 Id
927 1424 1017 1476 est
1050 1421 1299 1476 maxime
1332 1420 1666 1475 necessaria
1699 1421 1944 1476 ratione.

503 1515 827 1584 Imperfecta
855 1511 1095 1583 quidem.
1124 1508 1356 1566 Nullam
1378 1511 1639 1581 synaxim
1667 1511 1941 1581 perﬁcere
1965 1510 2091 1567 sine

437 1601 875 1659 communione.

505 1694 577 1745 Et
606 1696 788 1761 caput.
846 1690 1035 1758 Atque
1090 1687 1198 1742 hoc
1257 1687 1433 1743 etiam
1495 1686 1620 1743 loco
1649 1686 1711 1741 τό
1768 1685 2086 1765 κεφάλαιον,

435 1786 620 1850 caput,
654 1794 757 1849 pro
791 1777 1122 1832 necessario
1154 1781 1212 1831 et
1244 1776 1537 1848 praecipuo
1570 1782 1877 1849 acceptum
1905 1784 2015 1833 est.

505 1869 813 1937 Cognomen
846 1867 976 1937 ipsi.
1010 1865 1126 1919 Cur
1158 1864 1472 1920 illustratio
1515 1866 1765 1935 dicatur,
1825 1873 1883 1922 et
1935 1872 2087 1923 recte
2116 1898 2163 1963 Β

430 1957 513 2012 ita
544 1955 678 2011 dici.

498 2048 587 2101 E1
618 2048 829 2116 eﬂeciu.
871 2044 937 2098 Et
969 2042 1062 2098 hic
1094 2060 1197 2115 per
1258 2043 1648 2100 omissionem
1708 2045 1868 2101 verbi
1903 2043 2078 2118 ὑπάρ-

428 2152 547 2208 χειν
564 2134 867 2203 accipitur.

503 2225 571 2277 Ιῐ.
609 2224 865 2291 Ponti/ex
886 2223 1130 2293 quidem.
1150 2222 1301 2278 Ordo
1324 2222 1417 2277 hic
1444 2224 1630 2278 Patris
1654 2224 1832 2295 hujus
1855 2230 2080 2295 tempo-

1261 400 1622 453 APPENDIX
1661 401 1758 453 AD
1795 399 2035 453 OPERA
2071 400 2127 451 S.
2175 397 2482 451 DIONYSII
2525 396 3027 453 AREOPAGITJE.

2120 523 2176 589 A

3751 399 3857 453 136

2696 524 2810 575 ΕΙΣ
2851 521 2944 577 ΤΟ
2986 520 3246 577 ΚΕΦΑΛ.
3289 523 3361 575 I".

2266 614 2310 666 Ι.
2340 606 2700 684 Καθηγεμόνα
2740 607 2997 666 τελετῶν.
3044 609 3149 664 Τὸν
3201 609 3350 685 ἅγιον
3377 607 3634 685 Ἰερόθεον
3684 609 3852 687 λέγει.

2267 789 2345 865 [α]
2400 792 2803 865 Ιερογραφικῶς
2880 787 3188 862 ἐκθέμενον.
3247 786 3498 843 Τουτέστι
3558 788 3696 844 κατᾶ
3750 790 3853 859 τήν

2196 880 2342 954 ἱερὰν
2379 876 2680 956 διαγραφὴν
2715 884 2821 933 τῶν
2856 877 3108 954 ἐμφανῶς
3146 876 3520 949 τελουμένων.

2269 969 2347 1024 Τὸ
2412 968 2619 1023 κοινόν.
2685 967 2828 1023 Κατὰ
2912 964 3241 1041 παράλειψιν
3322 963 3421 1021 τοῦ
3508 965 3855 1042 ὑπάρχοντός

2198 1056 2331 1113 ἐστι.

2380 1145 2644 1201 Κοινωνία
2672 1167 2751 1202 τε.
2786 1144 2917 1220 Περὶ
2952 1143 3255 1207 κοινωνίας,

2269 1237 2330 1292 ἹΙ
2380 1235 2657 1297 τελείωσις
2712 1235 2771 1290 ἐκ
2814 1240 2946 1291 τῶν.
2997 1236 3119 1291 "Ott
3167 1232 3425 1289 ἀδύνατον
3484 1232 3769 1305 τελεθῆναι
3809 1236 3856 1271 ¹⁰

2201 1322 2331 1400 δίχα
2358 1331 2459 1395 τῆς
2496 1324 2880 1399 μεταλήψεως.

2271 1416 2357 1469 Ἐν
2387 1414 2686 1487 κεφαλαίῳ.
2720 1412 3000 1469 Τουτέστιν
3032 1411 3437 1488 ἀναγκαιοτάτῳ
3472 1411 3643 1488 λόγῳ.

2271 1503 2501 1573 Ἀτελὴς
2560 1503 2673 1577 μὲν.
2732 1506 2849 1559 ’Ὀτι
2928 1500 3161 1576 οὐδεμία
3218 1502 3429 1572 σύναξις
3481 1500 3857 1579 τελεσιουργεῖ

2201 1591 2332 1669 δίχα
2360 1600 2460 1664 τῆς
2494 1591 2880 1667 μεταλήψεως.

2269 1690 2307 1737 Κ
2349 1684 2364 1703 ‘
2434 1684 2460 1737 ὸ
2609 1682 2661 1737 ’λ
2924 1682 2936 1698 “
3097 1686 3123 1697 ’⁸
3254 1682 3269 1701 ‘
3427 1684 3437 1699 '
3705 1681 3720 1700 ‘
3821 1686 3847 1696 ”

2315 1704 2365 1737 αι
2398 1704 2428 1738 τ
2489 1703 2626 1759 κεφα
2668 1704 2808 1739 αιον.
2843 1690 2941 1737 Και
2972 1681 3196 1746 ἐνταυθα
3217 1703 3278 1736 το
3307 1680 3600 1760 κεφαλαιον
3634 1680 3721 1737 ἐπι
3751 1702 3850 1736 του

2199 1773 2490 1849 ἀναγκαίου
2519 1773 2607 1829 καί
2638 1774 2855 1850 καιρίου
2889 1774 3173 1845 εἴληπται.

2271 1862 2617 1938 Ἐπωνυμίαν
2651 1864 2811 1937 αὐτῇ.
2847 1865 2943 1918 Διὰ
2970 1864 3022 1918 τί
3055 1862 3269 1939 λὲγιται
3303 1864 3580 1941 φώτισμα,
3620 1863 3711 1917 καὶ
3762 1861 3849 1918 ὅτι

2197 1952 2441 2016 δικαίως.

2261 2045 2354 2100 Ἐκ
2382 2046 2478 2098 τοῦ
2507 2040 2864 2115 τελουμένου.
2900 2042 3000 2099 Καὶ
3053 2041 3281 2106 ἐνταῦθα
3326 2042 3462 2097 κατά
3509 2041 3838 2118 παράλειψιν

2188 2138 2284 2188 τοῦ
2320 2131 2583 2207 ὑπάρχειν
2618 2133 2684 2187 λα
2694 2127 2832 2203 μόάν
2842 2152 2975 2187 εται.

2266 2224 2337 2279 ΙΙ.
2366 2224 2427 2279 Ὁ
2462 2222 2555 2295 μὲν
2587 2222 2875 2296 ἱεράρχης.
2905 2224 2963 2277 Ἥ
2991 2221 3136 2293 τάξις
3179 2220 3312 2291 αὕτη
3365 2220 3416 2274 ἰν
3463 2224 3581 2284 τοῖς
3610 2219 3840 2295 χρόνοις

430 2313 597 2369 ribus
628 2314 1052 2369 observabatur
1079 2313 1347 2369 fortassis
1379 2315 1435 2369 in
1468 2313 1730 2369 ecclesiis
1778 2332 1906 2386 quae
1956 2315 2075 2371 loca

2227 2316 2285 2367 οὔ
2314 2311 2522 2387 Ιίατρὸς
2558 2309 2902 2365 ἐπολιτεύετο
2935 2308 3063 2371 ἴσως
3105 2307 3158 2365 ἐν
3206 2314 3324 2371 ταῖς
3374 2308 3510 2363 κατᾶ
3552 2309 3718 2363 τόπον
3761 2307 3846 2363 ἐκ·

430 2401 531 2457 illa
559 2402 839 2457 distincta
867 2402 1109 2473 (quibus
1133 2402 1356 2457 scilicet
1386 2402 1903 2474 distinguebantur
1936 2414 2083 2459 cale-

2192 2400 2468 2471 κλησίαις.

428 2490 727 2558 chumeni,
762 2492 1140 2564 energumeni
1175 2495 1233 2547 et
1290 2494 1639 2564 pmnitentes
1696 2511 1728 2548 a
1785 2494 2031 2567 reliquis
2086 2492 2537 2568 separabantur)
2597 2490 2913 2547 habebant.
2964 2489 3115 2563 (Haec
3148 2489 3303 2546 enim
3328 2489 3528 2545 omnia
3574 2504 3677 2561 per
3706 2486 3847 2542 κατά

428 2577 593 2633 τόπον
628 2580 948 2652 signiﬁcari
984 2580 1128 2635 mihi
1161 2582 1532 2653 persuadeo.)

499 2670 804 2725 Sacrorum
859 2670 1126 2726 codicum.
1171 2670 1344 2726 Sacre
1389 2672 1637 2743 scriptos
1688 2672 1871 2729 libros
1915 2676 2081 2729 vocat

427 2758 608 2814 Vetus
638 2763 987 2831 Novumqus
1007 2761 1471 2815 Testamentum.

501 2852 573 2903 Et
601 2865 723 2903 cum
754 2850 826 2903 iis
856 2851 1233 2918 energumeni.
1276 2850 1333 2903 Id
1362 2854 1451 2903 est
1492 2850 1562 2905 ab
1596 2850 1921 2906 immundis
1954 2850 2079 2923 spi—

434 2938 645 2992 ritibus
678 2938 891 2992 vexati.

501 3028 671 3081 Porro
694 3028 1104 3081 ministrorum.
1167 3027 1467 3083 Ministros
1525 3028 1667 3083 dicit
1714 3029 1990 3086 diaconos
2023 3035 2080 3087 et

433 3130 532 3169 eos
565 3113 665 3186 qui
697 3131 854 3169 nunc
886 3115 1233 3171 subdiaconi
1264 3121 1567 3171 vocantur.

503 3202 722 3259 Selecti.
754 3202 983 3272 Selecti,
1010 3204 1181 3276 primi
1205 3205 1434 3261 diaconi
1462 3226 1475 3274 ;
1501 3208 1834 3264 sacerdotes
1856 3213 2074 3278 autem,

430 3292 781 3364 presbyteri.

502 3388 839 3453 Proponunt.
888 3382 1005 3439 Hoc
1056 3386 1383 3439 secundum
1435 3388 1921 3442 consuetudinem
1946 3404 2075 3459 quae

428 3472 623 3528 Romae
656 3472 835 3544 viget.
869 3472 994 3527 lllic
1024 3472 1179 3528 enim
1214 3478 1437 3545 septem
1469 3475 1577 3530 soli
1629 3477 1857 3532 diaconi
1908 3477 2077 3533 altari

432 3561 784 3626 inserviunt,
846 3578 996 3632 quos
1050 3562 1317 3631 selectos,
1381 3565 1652 3632 arbitror,
1691 3571 1896 3631 vocat;
1930 3567 2076 3622 alios

425 3665 558 3704 vero
591 3650 824 3721 aliquod
860 3649 1019 3704 aliud
1057 3668 1321 3706 exercere
1370 3654 1785 3721 ministerium,
1837 3661 1892 3710 et
1939 3661 2076 3711 nota

426 3738 600 3793 etiam
636 3754 703 3792 ex
735 3739 844 3792 hoc
892 3737 1018 3793 loco
1079 3740 1487 3810 antiquitatem
1551 3743 1758 3811 Patris,
1813 3748 1869 3798 et
1917 3745 2073 3815 quod

423 3842 560 3882 cum
592 3827 856 3882 diaconis
878 3829 1205 3883 sacerdotes
1230 3846 1439 3899 panem
1466 3830 1852 3886 otferant.Hoc
1877 3839 2071 3887 autem

424 3915 642 3986 ubique
665 3916 751 3981 ﬁt,
784 3917 937 3987 quod
1000 3917 1163 3988 pauci
1216 3917 1334 3971 sint
1393 3919 1622 3974 diaconi
1657 3937 1669 3987 ;
1706 3920 1898 3976 Romae
1937 3938 2071 3977 vero

424 4003 597 4075 plane
628 4008 783 4059 recte
818 4004 941 4059 fieri
967 4004 1238 4072 arbitror,
1293 4012 1597 4079 proptere.
1648 4010 1802 4080 quod
1839 4010 1943 4065 soli
1979 4027 2069 4065 se-

424 4097 578 4165 ptem
611 4093 812 4149 selecti
846 4094 903 4147 in
955 4094 1126 4149 altari
1160 4097 1533 4152 ministrent:
1567 4098 1833 4154 fortassis
1874 4104 2068 4155 autem

422 4181 504 4236 illi
537 4187 757 4255 septem
787 4183 962 4239 etiam
999 4184 1113 4239 vita
1145 4185 1217 4240 ab
1252 4185 1384 4241 aliis
1415 4187 1615 4242 selecti
1649 4193 1805 4243 sunt.

496 4362 850 4418 Universalis.
870 4367 1014 4418 Tum
1035 4364 1210 4418 etiam
1246 4365 1378 4420 ﬁdei
1414 4366 1749 4434 symbolum
1772 4369 2068 4439 quoddam

422 4455 555 4506 ante
586 4450 701 4507 dici
736 4451 973 4506 solitum
1001 4452 1146 4518 fuit;
1173 4459 1273 4507 aut
1298 4454 1491 4524 potius
1513 4472 1691 4525 quam
1741 4463 1863 4511 tum
1916 4458 2068 4513 acci-

420 4539 662 4611 piebant
707 4541 1037 4595 doctrinam
1099 4546 1157 4597 et
1212 4546 1702 4601 consuetudinem
1766 4563 1867 4602 seu
1920 4547 2069 4602 ritus

422 4628 580 4683 ﬁdei.

2260 2670 2635 2746 Ἀγιογράφων
2688 2666 2915 2724 δέλτων.
2964 2668 3364 2744 Ἀγιογράφους
3411 2664 3635 2729 δέλτους
3684 2664 3848 2722 καλεῖ

2187 2761 2289 2829 τὴν
2318 2758 2557 2813 Παλαιὰν
2592 2757 2682 2811 καὶ
2712 2758 2812 2825 τὴν
2837 2758 2975 2812 Νέαν
3011 2757 3305 2827 Διαθήκην.

2262 2847 2356 2901 Καὶ
2390 2846 2527 2922 πρὸς
2557 2845 2742 2908 αὐτοῖς
2771 2844 3167 2921 ἐνεργούμινοι.
3201 2845 3480 2900 Τουτὲστιν
3527 2846 3629 2900 ὑπὸ
3678 2867 3843 2901 πνευ-

2193 2936 2374 3010 μάτων
2407 2936 2723 3012 ἀκαθάρτων
2734 2979 2746 2992 .

2258 3030 2373 3080 Τῶν
2421 3024 2748 3099 λειτουργῶν
2810 3021 2886 3080 δὲ.
2936 3024 3301 3100 Λειτουργοός
3352 3046 3483 3100 φησι
3544 3025 3671 3079 τοὺς
3723 3021 3843 3079 δια-

2186 3116 2401 3186 κόνους,
2434 3114 2524 3169 καὶ
2556 3113 2683 3176 τοὺς
2715 3118 2805 3167 νῦν
2844 3111 3237 3178 ὑποδιακόνους
3267 3113 3618 3189 λεγομένους.

2259 3206 2561 3281 Ἔκκριτοι.
2595 3204 2874 3277 Ἕκκριτοι
2913 3204 2964 3257 οἱ
3016 3208 3226 3277 πρῶτοι
3277 3201 3537 3272 διάκονοι,
3571 3203 3734 3281 ἱερεῖς
3784 3200 3845 3258 δὶ

2105 3322 2148 3388 C
2190 3295 2241 3349 οἱ
2268 3288 2645 3388 πρεσϐύτεροι.

2263 3382 2598 3459 Προτιθὲασι.
2661 3385 2834 3438 Τοῦτο
2900 3383 3037 3437 κατὰ
3101 3384 3201 3451 τήν
3257 3381 3308 3437 ἐν
3366 3381 3554 3457 Ῥώμῃ
3607 3387 3841 3458 κρειτοῦ-

2187 3494 2278 3527 σαν
2333 3472 2639 3542 συνήθειαν.
2686 3473 2832 3527 Ἐκεῖ
2887 3471 2989 3546 γάρ
3051 3471 3184 3525 ἑπτὰ
3251 3473 3409 3545 μόνοι
3461 3468 3702 3526 διάκονοι
3760 3476 3841 3544 τῷ

2184 3561 2554 3636 θυσιαστηρίῳ
2586 3558 3016 3634 λειτουργοῦσιν,
3052 3558 3141 3622 οὓς
3190 3559 3491 3636 ἐκκρίτους,
3532 3563 3708 3633 οἶμαι,
3737 3582 3841 3615 κα-

2186 3649 2274 3705 λεῖ
2306 3670 2318 3682 ³
2350 3648 2477 3710 τοὺς
2509 3646 2565 3703 δὲ
2596 3646 2801 3712 ἄλλους
2832 3648 3008 3719 ἄλλην
3033 3649 3154 3703 τινὰ
3184 3648 3420 3705 ἐκτελεῖν
3455 3648 3798 3724 λειτουργίαν
3821 3670 3835 3683 ”

2182 3740 2271 3794 καὶ
2305 3739 2609 3811 σημείωσαι
2640 3738 2922 3802 κάντεῦθεν
2954 3740 3044 3793 τὸν
3078 3739 3387 3815 ἀρχαίσμὸν
3435 3739 3531 3793 τοῦ
3583 3733 3793 3815 Πατρός
3819 3757 3833 3771 ⁸

2181 3830 2267 3882 καὶ
2305 3828 2387 3882 ὅτι
2421 3828 2511 3882 σὺν
2537 3833 2653 3889 τοῖς
2703 3825 2977 3889 διακόνοις
3026 3829 3118 3883 τὸν
3168 3825 3327 3901 ἄρτον
3375 3830 3427 3883 οἱ
3475 3824 3832 3903 πρεσϐύτεροι

2181 3919 2517 3993 προτιθέασι.
2552 3922 2729 3975 Τοῦτο
2781 3917 2837 3972 δὶ
2884 3920 2971 3972 καὶ
3034 3924 3316 3992 πανταχοῦ
3363 3918 3587 3990 γίνεται,
3622 3916 3830 3991 ὀλίγων

2183 4005 2350 4062 ὄντων
2403 4005 2665 4062 διακόνων
2704 4025 2715 4038 ·
2765 4006 2816 4061 ἐν
2847 4006 3036 4079 Ῥώμῃ
3088 4004 3164 4073 δὲ,
3192 4007 3365 4077 οἶμαι,
3398 4006 3627 4058 πάντοτε
3687 4004 3831 4058 εἰκό-

2178 4118 2309 4169 τως,
2354 4094 2441 4150 διὰ
2486 4096 2547 4149 τὸ
2595 4096 2794 4169 μόνους
2845 4096 2980 4148 ἑπτὰ
3028 4093 3155 4155 τοὺς
3207 4093 3482 4169 ἐκκρίτους
3524 4097 3604 4164 τῷ
3646 4104 3829 4156 θυσια-

2183 4184 2392 4261 στηρίῳ
2424 4184 2760 4259 λειτουργεῖν
2798 4203 2808 4216 ·
2840 4184 3006 4258 τυχὸν
3043 4180 3100 4237 δὶ
3130 4184 3220 4237 καὶ
3258 4182 3362 4258 βίῳ
3406 4187 3514 4237 τῶν
3562 4179 3746 4237 ἄλλων
3777 4184 3831 4236 οἱ

2181 4276 2315 4329 ἑπτα
2342 4274 2708 4349 τυγχάνουσιν
2744 4268 2982 4348 ἔκκριτοι
2996 4316 3007 4328 .

2252 4367 2368 4433 Τῆς
2397 4362 2721 4431 καθολικῆς.
2756 4365 2873 4416 Ὅτι
2906 4361 2995 4415 καὶ
3026 4360 3147 4416 τότε
3177 4360 3408 4422 πίστεώς
3440 4382 3491 4415 τι
3547 4356 3827 4433 σύμϐολον

2180 4450 2580 4529 προελὲγιτο·ἢ
2610 4450 2821 4525 μᾶλλον
2848 4452 2978 4526 ὅπερ
2998 4447 3121 4505 τότε
3140 4446 3562 4525 παρελάμϐανον
3599 4451 3830 4523 μάθημα

2176 4543 2267 4597 καὶ
2299 4542 2644 4615 συμμάθημα
2672 4548 2771 4610 τῆς
2804 4544 3061 4602 πίστεως.

493 4718 799 4774 Sacrorum
827 4720 1167 4775 tabularum.
1204 4720 1304 4775 Hic
1339 4739 1449 4776 non
1476 4727 1614 4777 sunt
1636 4723 1836 4795 prima;
1860 4725 2074 4781 tabulas

2252 4729 2375 4782 Τῶν
2437 4726 2596 4799 ἱερῶν
2651 4729 2901 4800 πτυχῶν.
2932 4721 3059 4777 Ὧδε
3118 4723 3179 4778 οὐ
3237 4727 3429 4795 πρῶτα
3484 4724 3549 4777 τὰ
3588 4719 3827 4797 δίπτυχα

416 4808 573 4879 apud
608 4824 715 4863 nos
745 4826 758 4874 ;
794 4812 1053 4879 tempore
1080 4826 1216 4863 vero
1264 4811 1442 4881 hujus
1495 4812 1713 4881 Patris,
1748 4819 1877 4884 post
1908 4814 2068 4869 salu'

412 4898 693 4953 tationem
726 4896 940 4953 tabulas
989 4898 1404 4969 recitabantur,
1457 4902 1955 4971 quemadmodum
2007 4906 2067 4959 in

418 4986 671 5041 Oriente.

489 5077 721 5131 Diaconi
745 5079 1045 5148 praecipui.
1079 5078 1189 5133 Eos
1219 5078 1385 5145 dicit,
1417 5079 1517 5149 qui
1567 5080 1739 5151 primi
1786 5087 1953 5137 erant
2008 5082 2065 5136 in

414 5165 699 5231 diaconis,
734 5167 889 5221 solos
916 5172 1123 5238 praesto
1156 5168 1339 5223 fuisse
1371 5169 1565 5224 divino
1600 5168 1805 5237 altari;
1860 5172 2065 5227 fortas-

417 5250 502 5304 sis
527 5255 722 5306 autem
757 5258 925 5309 erant
952 5255 1023 5309 ab
1055 5260 1140 5311 eis
1199 5255 1399 5311 selecti
1452 5261 1508 5311 et
1557 5258 1760 5313 secreti
1805 5275 1907 5331 pro
1940 5260 2066 5315 vitea

418 5338 731 5409 dignitate.

489 5429 591 5483 64
614 5430 678 5483 Et
710 5430 770 5483 in
798 5435 1075 5501 aspectum
1132 5434 1298 5491 ducit.
1364 5436 1422 5490 Id
1450 5508 1453 5509 ν
1482 5440 1570 5491 est
1630 5436 1969 5493 manifestat
1999 5455 2067 5493 ea

2177 4820 2305 4889 παρ’
2361 4816 2522 4887 ἡμῖν,
2582 4812 2669 4868 ἐπὶ
2730 4810 2788 4867 δὲ
2842 4816 2943 4866 τοῦ
2998 4812 3206 4887 Πατρὸς
3278 4809 3474 4865 τούτου
3546 4812 3679 4883 μετὰ
3729 4812 3823 4866 τὸν

2178 4903 2457 4975 ἀσπασμὸν
2514 4901 2577 4956 τὰ
2636 4899 2876 4975 δίπτυχα
2932 4899 3173 4976 ἐλέγετο,
3208 4899 3389 4974 ὥσπερ
3447 4900 3537 4953 καὶ
3584 4898 3634 4953 ἐν
3669 4901 3825 4956 Ἀνα-

2176 4996 2340 5063 τοΑῇ.

2246 5082 2314 5138 υἱ
2343 5084 2451 5135 τῶν
2486 5079 2818 5156 λειτουργῶν
2870 5076 3132 5153 ἔκκριτοι.
3165 5080 3288 5136 ’Ότι
3339 5077 3389 5131 οἱ
3447 5081 3657 5153 πρῶτοι
3714 5085 3826 5135 τῶν

2178 5166 2439 5224 διακόνων
2492 5170 2650 5241 μόνοι
2700 5170 3054 5244 παρίστανται
3098 5172 3176 5239 τῷ
3226 5167 3595 5243 θυσιαστηρίῳ
3628 5187 3641 5199 ·
3681 5172 3833 5246 τάχα

2179 5256 2236 5313 δὲ
2263 5260 2354 5313 καὶ
2384 5260 2434 5312 οἱ
2467 5257 2518 5313 ἐν
2549 5258 2649 5335 βίῳ
2680 5258 2885 5313 τούτων
2915 5255 3173 5332 ἔκκριτοι.

2248 5436 2351 5494 Καὶ
2406 5438 2493 5492 ὑπ’
2522 5433 2645 5511 ὄψιν
2697 5439 2835 5514 ἄγει.
2870 5437 3136 5495 Τουτὲστι
3185 5436 3468 5514 σαφηνίζει
3516 5437 3583 5491 τά
3624 5437 3826 5511 ὑμνού-

1430 5614 1671 5673 νΑΗΙίΕ
1709 5616 2096 5677 LECTIONES
2134 5618 2223 5676 ET
2263 5617 2792 5676 COBRECTIONES

495 5715 541 5753 ίθ
564 5709 902 5784 τελεσθῆναι.
