4158 6370
315 345 414 400 137

1064 345 1126 398 8.
1167 342 1438 396 ΜΔΧῙΜῙ
1475 336 1777 393 SCHOLIA
1815 334 1890 389 IN
1929 332 2062 384 LIB.
2105 334 2196 386 DE
2239 337 2523 391 ECCLES.
2569 341 2967 394 HIERARCH.
3056 393 3079 408 ,

3623 338 3728 397 138

312 489 461 542 μεναγ
500 468 633 537 οἷον,
688 468 770 522 ὅτι
801 463 926 521 τόδε
972 464 1061 520 καὶ
1090 462 1216 519 τόδε
1260 465 1513 539 Χριστοῦ·
1549 463 1638 516 καὶ
1682 458 1774 514 τόε
1824 458 1939 530 Χρι·

2079 476 2205 531 quae
2236 459 2475 518 laudata
2506 466 2667 529 sunt,
2696 463 2785 520 vel
2814 465 2923 521 hoc
2954 468 3010 521 et
3038 465 3185 523 illud
3239 466 3457 524 Christi
3505 472 3617 540 est,
3668 473 3727 526 et

310 563 434 613 στοῦ
469 599 482 612 .
544 554 919 612 Ὑποδείκνυσι
980 551 1036 609 δι
1083 553 1174 609 καὶ
1248 554 1345 616 τὰς
1402 550 1489 605 ἐπὶ
1549 550 1763 611 τούτοις
1822 546 1963 610 θείας

316 646 542 724 δωρεὰς,
576 646 711 715 οἶον,
763 643 846 699 ὅτι
888 643 965 707 είς
1016 640 1200 721 ἄφεσιν
1252 643 1553 717 ἁμαρτιῶν,
1583 637 1671 693 καὶ
1704 636 1779 699 εἷς
1814 636 1957 706 ζωὴν

310 738 550 810 αἰώνιον,
601 736 691 791 καὶ
740 734 839 790 ὅσα
890 738 1116 790 τοιαῦτα
1170 733 1424 807 μυστικά.
1467 729 1618 805 Τάχα
1666 727 1722 783 δὲ
1768 726 1831 781 τὸ
1875 727 1963 781 ὑπ’

311 824 428 899 ὄψιν
455 830 624 880 τοῦτο
680 823 957 899 σημαίνει,
990 824 1063 884 ὡς
1108 820 1231 876 τότε
1280 817 1815 890 ἀποκαλυπτομένων
1850 818 1957 869 τῶν

311 916 474 991 ἁγίων
523 912 740 989 δώρων,
803 911 937 987 μετὰ
982 910 1078 972 τὰς
1128 908 1320 984 εὐχὰς,
1372 907 1639 981 μενόντων
1700 902 1757 959 δὲ
1806 923 1959 958 κεκαο

312 1004 629 1077 λυμμένων,
686 1000 792 1065 ἕως
863 1004 1058 1074 καιροῦ
1114 997 1516 1073 μεταλάψεως·
1577 994 1612 1063 ἢ
1670 992 1813 1069 τᾶχα
1866 992 1957 1047 τὸν

310 1094 610 1167 κουφισμὸν
662 1090 754 1147 καὶ
807 1091 906 1159 τὴν
957 1089 1162 1163 ὕψωσιν
1211 1089 1310 1156 τῆς
1363 1091 1489 1160 μιᾶς
1549 1083 1803 1159 εὐλογίας
1861 1085 1957 1136 τοῦ

311 1182 451 1236 θείου
484 1183 651 1257 ἄρτου
689 1177 874 1257 φησίν,
907 1179 966 1233 ’ὀν
1016 1177 1143 1250 ὑψοῖ
1189 1176 1216 1230 ὁ
1246 1173 1441 1250 ἱερεὺς,
1493 1171 1692 1249 λέγων,
1723 1170 1790 1226 τὰ
1833 1172 1958 1245 ἅγια

307 1276 418 1333 τοῖς
452 1270 648 1347 ἁγίοιςο
689 1271 821 1344 ὅπερ
869 1267 961 1323 καὶ
996 1264 1208 1340 μᾶλλόν
1260 1262 1403 1319 ἐστιν
1457 1261 1677 1335 ἀληθὲς,
1713 1261 1786 1323 ὡς
1832 1258 1956 1335 περὶ

307 1362 366 1416 τὸ
394 1358 553 1421 τέλος
581 1363 680 1415 τοῦ
710 1355 1009 1435 κεφαλαίου
1038 1354 1284 1430 εὑρήσεις
1313 1352 1621 1429 εἰρημένον.

380 1540 481 1595 ΙΙΙ.
516 1541 543 1607 §
572 1542 618 1594 Ῑ.
649 1537 757 1599 Τὰς
789 1534 999 1597 εἲκόνας
1044 1532 1096 1588 ἐν
1127 1530 1293 1603 τάξει.
1343 1528 1570 1591 Εἰκόνας
1602 1525 1821 1582 ἐκάλεσε
1846 1529 1953 1580 τῶν

311 1626 531 1697 ἀληθῶν
560 1627 628 1681 τὰ
655 1630 748 1681 νῦν
779 1622 1084 1696 τελούμενα
1104 1621 1156 1675 ἐν
1183 1625 1253 1694 τῇ
1282 1617 1511 1689 συνάξει.

373 1717 463 1779 Ὡς
497 1712 624 1771 οὐδὲ
668 1718 776 1770 τῶν
823 1706 1144 1787 συμϐόλων.
1175 1711 1299 1768 ’Ότι
1356 1702 1610 1781 σύμϐολα
1647 1710 1834 1778 ταῦτα,
1866 1704 1954 1760 καὶ

314 1804 408 1861 οῦκ
434 1802 692 1875 ἀλήθεια.

375 1896 445 1950 Αἱ
479 1894 574 1967 μὲν
607 1894 709 1970 γὰρ
758 1892 1071 1969 ἱερώταται.
1103 1887 1168 1945 Τί
1220 1890 1271 1943 οἱ
1317 1884 1557 1962 ψαλμοὶ,
1591 1884 1679 1940 καὶ
1726 1885 1794 1939 τὰ
1823 1883 1951 1939 ἀνα-

305 1984 619 2058 γνώσματα.

376 2073 473 2134 Εἷς
507 2073 756 2146 μνήμην.
799 2072 927 2128 ’Ότι
980 2069 1114 2141 μετὰ
1155 2066 1219 2123 τὸ
1264 2063 1480 2121 δεῖπνον
1532 2059 1716 2118 λαϐὼν
1769 2060 1952 2135 ἄρτον,

311 2163 397 2217 καὶ
425 2162 492 2217 τὰ
529 2162 673 2232 ἑξῆς
706 2161 794 2216 καὶ
844 2158 926 2214 ὅτι
958 2160 985 2212 ὁ
1019 2160 1244 2222 θάνατος
1290 2155 1452 2210 αὐτοῦ
1497 2149 1948 2227 καταγγέλλεται,

312 2249 469 2326 ἄχρις
503 2251 564 2306 οῦ
614 2245 770 2323 ἔλθῃ,
798 2250 936 2304 κατὰ
982 2248 1073 2303 τὸν
1125 2246 1467 2303 ἈπόστοΛον
1518 2243 1609 2298 καὶ
1652 2242 1810 2296 αὐτὸν
1859 2240 1952 2295 τὸν

310 2340 509 2416 Κύριον
581 2340 896 2417 φάσκονταο
967 2340 1135 2390 Τοῦτο
1211 2339 1420 2389 ποιεῖτε
1495 2331 1570 2394 εἰς
1642 2332 1741 2399 τὴν
1811 2329 1948 2402 ἐμὴν

307 2428 622 2501 ἀνάμνησιν,
683 2428 773 2482 καὶ
821 2426 890 2482 τὰ
938 2424 1080 2496 ἑξῆς.
1136 2423 1241 2480 Καὶ
1291 2422 1593 2495 σημείωσαι
1652 2418 1733 2473 ὅτι
1792 2419 1951 2494 ἀρχι-

309 2512 583 2590 σύμϐολον
617 2514 719 2592 ἔφη
767 2516 830 2570 τὸ
885 2514 1143 2589 μυστικὸν
1187 2516 1285 2568 τοῦ
1333 2510 1535 2586 Κυρίου
1574 2507 1813 2579 δεῖπνον,
1843 2512 1950 2562 τῶν

303 2612 389 2661 νῦν
421 2607 579 2660 θείων
614 2603 948 2680 μυστηρίωνο
981 2623 1071 2657 και
1124 2600 1207 2656 ὅτι
1249 2601 1338 2654 τὸν
1389 2599 1618 2671 ἀναξίως
1664 2595 1949 2670 μεταλαμ-

306 2691 538 2751 ϐάνοντα
563 2698 661 2750 τοῦ
710 2691 875 2769 ἄρτου
922 2691 1012 2747 καὶ
1059 2694 1157 2746 τοῦ
1204 2688 1496 2764 ποτηρίου,
1529 2684 1683 2741 οὐδὲν
1789 2684 1949 2759 μετά-

306 2784 474 2858 ληψις
506 2783 730 2863 ὠφελεῖ,
768 2780 981 2856 μᾶλλον
1014 2780 1110 2854 μὲν
1143 2779 1233 2834 οὗν
1264 2779 1353 2833 καὶ
1386 2777 1461 2839 εἰς
1494 2781 1667 2853 κρῖμα
1713 2774 1876 2829 αὐτοῦ
1908 2777 1947 2810 ¹¹

306 2862 575 2947 λήψεται,
602 2873 738 2928 κατὰ
785 2871 874 2926 τὸν
925 2866 1284 2927 Ἀπόστολον.
1322 2868 1412 2922 Ἐκ
1466 2862 1523 2921 δὲ
1567 2869 1673 2921 τῶν
1717 2864 1836 2934 ἑξῆς
1869 2863 1951 2919 εὐ-

308 2963 486 3039 λόγως
516 2958 577 3017 ἅν
616 2982 698 3024 τις
741 2960 899 3039 φαίη,
935 2960 1018 3013 ὅτι
1072 2958 1208 3033 μετὰ
1242 2958 1305 3012 τὸ
1358 2954 1589 3026 ἐξελθεῖν
1620 2954 1711 3009 τὸν
1745 2950 1951 3010 Ἰούδαν

307 3049 362 3106 ἐκ
390 3055 485 3106 τοῦ
519 3049 739 3105 δείπνου
769 3045 1077 3125 παρέδωκεν
1108 3047 1136 3101 ὁ
1161 3045 1389 3122 Χριστὸς
1422 3047 1540 3105 τοῖς
1593 3043 1860 3116 μαθηταῖς
1886 3042 1949 3096 τὸ

312 3142 608 3217 μυστήριον
621 3182 634 3195 .

1985 1831 2034 1896 Β

2072 549 2182 604 hoc
2204 554 2377 622 atque
2400 550 2544 606 illud
2570 553 3086 611 Christi.Ostendit
3106 560 3303 612 autem
3324 556 3502 613 etiam
3527 557 3725 614 divina

2071 638 2225 694 dona
2257 644 2312 695 et
2342 656 2604 715 munera,
2641 647 2704 699 ut
2745 661 2809 699 ea
2856 643 3047 700 valere
3093 647 3165 701 ad
3212 651 3590 718 peccatorum
3641 662 3725 703 re-

2073 728 2417 785 missionem
2440 734 2496 785 et
2516 731 2645 786 vitae
2668 736 2894 788 aeterna
2914 734 3310 806 adeptionem,
3335 752 3581 808 quaque
3599 736 3726 793 sint

2073 817 2319 888 mystica
2347 820 2612 889 ejusdem
2640 822 2896 893 generis.
2935 822 3081 877 Illud
3116 828 3335 894 autem,
3369 825 3554 881 oculis
3586 825 3729 897 obji-

2071 904 2168 974 cit,
2201 906 2449 963 fortasse
2494 910 2604 965 hoc
2657 910 2915 968 declarat
2965 915 3092 969 tum
3144 913 3371 985 aperire
3419 915 3727 987 detegique

2071 998 2275 1049 sancta
2307 997 2459 1052 dona
2505 1003 2639 1070 post
2690 1016 2912 1072 preces,
2966 1017 3203 1058 manere
3251 1006 3447 1059 autem
3496 1002 3729 1059 obtecta

2074 1100 2255 1155 usque
2285 1088 2356 1141 ad
2389 1090 2623 1159 tempus
2655 1090 3127 1160 communionis;
3159 1096 3262 1148 aut
3292 1092 3537 1148 forsitan
3568 1091 3725 1149 leva-

2070 1173 2291 1229 tionem
2321 1176 2849 1250 exaltationemque
2883 1180 3059 1236 unius
3088 1180 3522 1237 benedictionis
3545 1181 3727 1237 divini

2069 1262 2239 1333 panis
2270 1263 2566 1338 intelligit,
2599 1282 2775 1338 quem
2825 1267 3046 1324 extollit
3100 1270 3394 1341 sacerdos,
3448 1270 3651 1327 dicens
3706 1288 3720 1327 :

2066 1351 2279 1407 Sancta
2308 1354 2531 1409 sanctis
2563 1372 2576 1410 :
2605 1355 2659 1410 id
2690 1357 2846 1426 quod
2876 1361 2966 1413 est
2994 1357 3722 1431 verius,quemadmodum

2069 1439 2127 1493 in
2160 1441 2275 1497 ﬁne
2306 1442 2511 1513 capitis
2543 1444 2764 1501 dictum
2798 1445 3086 1502 invenies.

2140 1530 2237 1587 III.
2273 1531 2365 1603 ΞΙ.
2396 1533 2623 1604 Figuras
2648 1535 2707 1589 in
2738 1535 2955 1592 ordine.
3009 1536 3251 1607 Figuras
3299 1552 3572 1594 verorum
3622 1554 3721 1595 vo-

2067 1620 2219 1675 cavit
2248 1636 2315 1675 ea
2347 1637 2475 1693 quae
2505 1638 2655 1678 nunc
2686 1623 3071 1695 perﬁciuntur
3101 1626 3161 1680 in
3192 1626 3418 1698 synaxi.

2138 1710 2213 1765 Ne
2239 1710 2629 1780 symbolarum.
2662 1712 2842 1783 Signa
2870 1711 2991 1769 haac
3023 1730 3174 1783 esse,
3225 1731 3341 1771 non
3389 1716 3716 1773 veritatem.

2136 1888 2208 1942 Ac
2231 1890 2612 1945 sacratissima
2659 1889 2898 1961 quidem.
2953 1891 3101 1956 Quid
3154 1892 3368 1964 psalmi
3417 1897 3474 1951 et
3518 1894 3718 1952 lectio-

2066 1992 2191 2033 nes.

2134 2067 2196 2121 In
2224 2068 2565 2124 memoriam.
2599 2069 2759 2134 Quod
2807 2073 2941 2141 post
2988 2086 3214 2127 coenam
3265 2071 3565 2144 accipiens
3614 2088 3715 2144 pa-

2064 2172 2220 2227 nem,
2241 2161 2296 2211 et
2317 2174 2442 2228 quae
2466 2162 2818 2229 sequuntur,
2852 2174 3086 2231 quoque
3118 2176 3277 2217 mors
3312 2162 3440 2232 ejus
3472 2177 3714 2217 annun-

2058 2244 2241 2300 tiatur
2272 2248 2454 2303 donec
2484 2246 3033 2315 veniat,secundum
3061 2248 3403 2320 Apostolum
3427 2254 3485 2306 et
3514 2251 3712 2323 ipsum

2059 2334 2371 2390 Dominum
2406 2336 2700 2391 dicentem
2724 2353 2735 2390 :
2756 2338 2861 2392 Hoc
2888 2337 3060 2409 facite
3089 2340 3148 2393 in
3178 2356 3358 2395 meam
3386 2355 3712 2396 commemo-

2057 2425 2331 2480 rationem
2363 2426 2449 2496 (i),
2479 2430 2691 2496 etquae
2742 2431 3090 2497 sequuntur.
3145 2428 3294 2486 Nota
3341 2428 3516 2485 etiam
3564 2446 3701 2485 eum

2057 2514 2271 2569 dixisse
2300 2514 2557 2585 primum
2588 2513 2919 2569 divinorum
2943 2516 3353 2587 mysteriorum
3386 2534 3513 2590 quae
3547 2534 3705 2573 nunc

2058 2608 2197 2658 sunt
2227 2601 2483 2672 signum,
2519 2601 2826 2674 mysticam
2858 2603 3089 2658 Domini
3115 2621 3370 2669 coenam;
3419 2610 3597 2677 atque
3649 2607 3703 2662 ei

2058 2692 2159 2763 qui
2185 2691 2420 2762 indigne
2450 2706 2659 2763 panem
2693 2695 2750 2747 et
2780 2691 3018 2747 calicem
3054 2692 3227 2764 capit,
3245 2692 3390 2748 nihil
3422 2695 3702 2765 prodesse

2058 2780 2585 2853 sumptionem,sed
2617 2780 2812 2850 potius
2842 2781 2913 2835 ad
2937 2781 3229 2852 judicium
3256 2786 3311 2837 et
3341 2783 3702 2839 condemna—

2060 2871 2277 2926 tionem
2311 2870 2400 2925 sui
2434 2870 2644 2941 capiet,
2665 2870 2987 2925 secundum
3021 2871 3361 2942 Apostolum
3398 2871 3500 2944 (k).
3521 2872 3601 2927 Ex
3631 2871 3705 2927 iis

2058 2964 2257 3015 autem
2289 2975 2415 3030 quae
2463 2962 2794 3029 sequuntur
2840 2962 2993 3015 recte
3040 2958 3256 3031 aliquis
3305 2961 3462 3017 dicat
3511 2960 3707 3016 Chris-

2056 3052 2206 3116 tum,
2241 3052 2555 3119 postquam
2583 3064 2615 3102 a
2645 3064 2809 3104 omna
2839 3048 3027 3104 Judas
3057 3049 3704 3122 surrexisset,discipu-

2060 3137 2134 3193 lis
2162 3136 2481 3194 tradidisse
2511 3140 2969 3193 sacramentum.

374 3198 731 3305 Ὀμίότρόπως
787 3226 853 3282 τὰ
901 3226 1041 3302 ἱερά.
1090 3226 1194 3283 Τὸν
1240 3221 1443 3281 Ἰούδαν
1495 3220 1646 3300 φησί.
1700 3220 1805 3277 Καὶ
1850 3241 1948 3291 ση-

2133 3228 2324 3282 Animo
2353 3226 2611 3282 concordi
2637 3242 2816 3282 sacra.
2864 3226 3075 3281 Judam
3126 3227 3284 3283 dicit.
3337 3228 3487 3284 Nota
3530 3227 3707 3285 etiam

312 3319 562 3393 μείωσαι,
593 3317 677 3373 ὅτι
706 3316 795 3372 καὶ
826 3315 974 3387 αὐτῷ
1026 3311 1295 3388 μετέδωκε
1338 3316 1439 3368 τοῦ
1493 3315 1754 3385 μυστικοῦ
1786 3308 1950 3384 ἄρτου

305 3409 393 3463 καὶ
423 3412 520 3463 τοῦ
550 3405 838 3481 ποτηρίων
868 3405 936 3460 τὰ
965 3400 1023 3458 δὲ
1056 3403 1327 3476 μυστήρια
1355 3406 1470 3462 τοῖς
1515 3401 1782 3473 μαθηταῖς
1818 3399 1953 3471 μετὰ

304 3498 363 3551 τὸ
393 3495 627 3567 ἐξελθεῖν
658 3499 755 3550 τοῦ
788 3490 1006 3548 δείπνου
1027 3493 1119 3547 τθν
1146 3486 1372 3561 Ἰούδαν,
1397 3488 1469 3551 ὡς
1501 3488 1713 3560 ἀναξίου
1741 3487 1948 3543 τούτων

306 3580 458 3647 ὄντος
489 3584 677 3639 αὐτοῦ.

373 3676 463 3736 Ὡς
515 3676 548 3743 ἡ
608 3673 726 3728 καθ’
780 3667 909 3745 ἕξιν.
969 3671 1098 3734 Καθ’
1148 3668 1254 3740 ἕξιν
1329 3667 1380 3722 ἐν
1457 3666 1673 3728 τούτοις
1723 3667 1785 3720 τὸ
1835 3672 1951 3721 κατ’

306 3762 595 3839 ἐπίγνωσιν
629 3759 814 3832 δηλοῖ,
848 3759 1091 3816 τουτέστι
1118 3759 1179 3812 τὸ
1226 3755 1541 3820 ἐνδιαθέτως
1573 3754 1744 3817 οὕτως
1777 3754 1947 3830 ἔχειν,

306 3852 394 3906 καὶ
427 3850 489 3905 οῦ
519 3848 654 3904 κατά
708 3849 879 3923 μόνην
907 3850 1006 3918 τὴν
1040 3848 1359 3920 σωματικὴν
1388 3843 1764 3922 προσέλευσιν,
1805 3842 1951 3898 ἀλλὰ

307 3941 441 3996 κατὰ
496 3940 595 4008 τὴν
655 3945 756 4008 τῆς
814 3936 1051 3999 διανοίας
1111 3934 1199 3991 διὰ
1244 3935 1475 3997 πίστεως
1519 3934 1607 3989 καὶ
1649 3933 1949 4004 αἰσθήσεως

309 4034 700 4102 πνευματικῆς.

376 4121 504 4189 §II.
562 4116 698 4174 Ἀπὸ
752 4113 861 4172 τῶν
921 4112 1195 4171 αἷτιατῶν.
1253 4115 1516 4170 Τουτέστι
1574 4113 1635 4167 τὸ
1687 4109 1791 4166 ἀπό
1840 4115 1948 4167 τῶν

310 4210 515 4283 ὁρατῶν
539 4205 911 4279 τελουμένων,
944 4203 1031 4260 ἐπὶ
1062 4205 1129 4259 τὰ
1158 4203 1361 4277 ἀόρατα
1387 4203 1476 4257 καὶ
1530 4202 1781 4274 μυστικὰ,
1815 4199 1947 4273 ἅπερ

306 4303 411 4353 τῶν
466 4295 521 4351 ἐν
570 4295 817 4366 αἰσθήσει
866 4292 1015 4349 αἴτιά
1062 4292 1166 4347 εἰσι
1212 4293 1300 4347 καὶ
1353 4290 1652 4368 ἀρχέτυπα.
1688 4287 1845 4344 Δί¹τια
1893 4287 1950 4344 δὲ

310 4386 557 4462 λέγονται
605 4386 673 4440 τὰ
719 4384 972 4459 ἑτέρωθεν
1020 4381 1082 4437 τὸ
1132 4382 1378 4437 ὁπωσοῦν
1431 4382 1563 4435 εἶναι
1628 4380 1726 4447 τὴν
1776 4377 1946 4433 αἰτίαν

308 4474 522 4552 ἔχοντα’
556 4475 592 4546 ἢ
640 4475 746 4529 ἀπὸ
792 4476 901 4528 τῶν
943 4471 1200 4528 αἶτιατῶν
1244 4470 1320 4533 εἷς
1360 4468 1426 4524 τὰ
1462 4466 1625 4542 αἱτια,
1675 4468 1946 4522 τουτέστιν

2059 3332 2193 3371 eum
2252 3331 2484 3387 quoque
2533 3332 2567 3370 a
2613 3314 2862 3371 Domino
2918 3315 3259 3387 participem
3311 3317 3531 3372 factum
3581 3334 3713 3374 esse

2061 3404 2292 3477 mystici
2350 3404 2519 3475 panis
2569 3408 2624 3458 et
2673 3402 2876 3458 calicis
2927 3419 2938 3456 :
2991 3405 3268 3476 mysteria
3326 3410 3526 3461 autem
3584 3407 3705 3463 sive

2059 3497 2431 3551 sacramenta
2461 3493 2596 3548 data
2617 3508 2746 3547 esse
2772 3491 3079 3564 discipulis
3103 3509 3237 3551 cum
3264 3512 3297 3551 a
3319 3511 3484 3550 coena
3503 3496 3690 3552 Judas

2061 3588 2124 3640 ut
2153 3582 2269 3639 illis
2301 3582 2602 3653 indignus,
2637 3581 3009 3637 surrexisset.
3346 3646 3347 3649 η

2133 3674 2197 3730 Ut
2224 3671 2523 3727 secundum
2552 3671 2821 3726 habitum.
2857 3671 2980 3724 Καθ’
3010 3666 3139 3743 ἕξιν,
3174 3671 3234 3728 in
3269 3673 3363 3729 his
3406 3673 3599 3730 verbis
3642 3689 3713 3730 ex

2058 3762 2303 3819 scientia
2333 3760 2673 3830 declarat,id
2704 3763 2794 3816 est
2824 3760 3020 3816 animo
3050 3760 3133 3817 ita
3161 3762 3368 3818 affecto
3399 3766 3455 3819 et
3485 3763 3710 3819 consti—

2058 3856 2186 3907 tuto
2218 3868 2367 3917 esse,
2400 3867 2466 3906 ac
2496 3866 2610 3905 non
2644 3848 2770 3905 solo
2798 3849 3057 3921 corporis
3088 3867 3348 3923 accessu,
3399 3853 3501 3908 sed
3535 3852 3709 3909 etiam

2060 3941 2274 3998 mentis
2306 3956 2409 4012 per
2436 3940 2613 3996 ﬁdem
2645 3942 2701 3994 et
2730 3955 2974 3996 sensum
3000 3940 3357 4012 spiritalem.

2129 4118 2158 4192 §
2208 4120 2275 4174 Il.
2330 4118 2402 4173 Ab
2449 4117 2669 4189 eﬂectis.
2724 4117 2785 4171 Id
2838 4121 2927 4171 est
2976 4117 3048 4172 ab
3098 4117 3169 4172 iis
3226 4134 3353 4190 quae
3400 4120 3712 4177 visilibiter

2059 4206 2516 4282 peraguntur,ad
2548 4222 2616 4261 ea
2640 4221 2770 4277 qua:
2802 4221 2916 4260 non
2946 4205 3306 4274 videntur,et
3331 4208 3402 4262 ad
3439 4209 3709 4281 mystica,

2059 4316 2183 4369 quae
2217 4312 2404 4353 causae
2436 4299 2574 4350 sunt
2594 4301 2647 4349 et
2667 4293 3021 4366 exemplaria
3044 4310 3244 4350 eorum
3278 4312 3405 4367 quae
3438 4299 3547 4354 sub
3578 4315 3707 4354 sen-

2059 4404 2188 4443 sum
2217 4386 2456 4441 cadunt.
2476 4385 2675 4440 Causae
2701 4387 2894 4439 autem
2920 4384 3196 4439 dicuntur
3215 4401 3283 4440 ea
3308 4402 3435 4459 quae
3467 4387 3708 4443 aliunde

2058 4476 2371 4542 habent,ut
2397 4488 2631 4545 quoquo
2664 4473 2836 4529 modo
2867 4489 3050 4529 causa
3081 4474 3222 4542 sint;
3247 4479 3351 4531 aut
3382 4477 3454 4532 ab
3486 4475 3708 4534 eﬂ‘ectis

308 4566 409 4620 ἀπὸ
437 4570 547 4619 τῶν
580 4562 851 4634 αἰσθητῶν
902 4555 1197 4635 συμϐόλων
1231 4560 1315 4613 ἐπὶ
1347 4558 1414 4614 τὰ
1451 4559 1620 4628 νοητὰ
1647 4558 1735 4611 καὶ
1767 4558 1946 4631 νοερὰ’

2074 4568 2128 4620 ιᾱ
2160 4579 2391 4632 causas,
2423 4562 2480 4615 id
2514 4564 2603 4617 est
2633 4579 2666 4617 a
2692 4561 2875 4633 signis
2906 4578 3032 4633 quaa
3065 4579 3278 4619 sensus
3309 4565 3406 4621 65
3446 4568 3700 4629 movent,

306 4652 501 4730 ἤγουν,
531 4654 639 4708 ἀπὸ
667 4656 774 4707 τῶν
822 4650 1185 4726 ἀτελεστέρων
1218 4648 1293 4710 εἷς
1330 4649 1397 4702 τὰ
1443 4645 1774 4721 τελειότερα’
1809 4648 1946 4719 οἷον,

307 4745 408 4799 ἀπὸ
438 4748 549 4799 τῶν
580 4742 763 4797 τύπων
814 4741 902 4796 ἐπὶ
954 4742 1055 4809 τὴν
1106 4734 1306 4794 εἰκὸνα·
1358 4736 1448 4791 καὶ
1477 4737 1583 4791 ἀπὸ
1628 4735 1831 4805 ταύτης
1861 4735 1949 4790 ἐπὶ

306 4835 401 4902 τὴν
451 4831 738 4903 ἀλήθειαν,
786 4830 922 4885 Σκιὰ
964 4828 1065 4905 γὰρ
1113 4828 1181 4883 τὰ
1226 4833 1327 4896 τῆς
1372 4824 1640 4887 Παλαιᾶςο
1686 4823 1840 4879 ε’ίκὼν
1893 4822 1951 4880 δὲ

306 4924 370 4977 τὰ
397 4930 499 4992 τῆς
526 4922 663 4983 Νέας
696 4920 987 4991 Διαθήκης’
1018 4916 1251 4989 ἀλήθεια
1298 4913 1355 4971 δὲ
1384 4917 1419 4985 ἡ
1470 4918 1580 4970 τῶν
1633 4912 1947 4988 μελλόντων

309 5016 627 5073 κατάστασις
642 5052 657 5068 .

372 5193 517 5263 Κᾷτα
559 5191 662 5259 τὴν
699 5187 870 5264 ἱεράν.
929 5185 1074 5258 Κᾷτα
1120 5182 1518 5262 παροξυτόνως·
1554 5178 1721 5254 δηλοῖ
1778 5180 1836 5237 δὲ
1862 5182 1947 5254 τὸ,

306 5281 395 5336 καὶ
421 5280 548 5336 τότε
578 5282 624 5336 *.

371 5398 438 5470 (1)
469 5396 613 5455 Luc.
641 5408 783 5462 nu,
817 5393 906 5451 19.
980 5391 1060 5466 (k)
1089 5393 1113 5451 Ι
1143 5390 1275 5451 Cor.
1309 5407 1390 5459 x1,
1420 5390 1513 5446 29.

2059 4654 2128 4710 ad
2157 4668 2225 4707 ea
2256 4667 2384 4722 quae
2418 4653 2611 4705 mente
2641 4650 3220 4722 comprehenduntur
3249 4656 3306 4708 et
3339 4659 3479 4709 sunt
3530 4654 3701 4726 spiri-

2058 4739 2345 4797 taliazsive
2374 4740 2444 4794 ab
2476 4739 2547 4794 iis
2579 4755 2707 4809 quae
2740 4738 2937 4794 minus
2969 4740 3225 4811 perfecta
3250 4742 3491 4807 sunt,ad
3524 4743 3710 4813 perfe-

2059 4828 2241 4885 ctiora
2267 4845 2281 4884 :
2303 4826 2462 4883 velut
2482 4844 2515 4881 a
2538 4826 2739 4898 ﬁguris
2760 4828 2831 4881 ad
2855 4827 3171 4899 imaginem
3194 4833 3251 4884 et
3275 4831 3345 4885 ab
3370 4830 3478 4885 hac
3508 4830 3578 4885 ad
3605 4847 3700 4885 ve-

2059 4915 2535 4973 rilatem.Umbra
2563 4915 2721 4970 enim
2751 4919 2890 4970 sunt
2917 4932 2986 4971 ea
3025 4933 3155 4988 quae
3184 4922 3324 4972 sunt
3350 4918 3577 4973 Veteris
3608 4920 3710 4973 Te-

2059 5004 2367 5072 stamenti;
2404 5004 2619 5074 imago,
2647 5018 2714 5058 ea
2743 5020 2870 5075 qua
2902 5004 3078 5074 Novi;
3111 5006 3345 5074 veritas,
3381 5009 3572 5063 status
3605 5024 3699 5064 re-

2057 5110 2189 5151 rum
2222 5094 2581 5148 futurarum.

2129 5185 2263 5239 Tum
2307 5198 2483 5236 sacra.
2518 5178 2665 5248 Κᾷτα
2697 5183 2937 5235 accentu
2972 5180 3031 5235 in
3060 5181 3391 5252 penultima
3423 5199 3435 5240 :
3471 5186 3702 5257 signiﬁ-

2056 5276 2149 5329 cat
2175 5286 2309 5328 vero
2340 5270 2459 5327 haec
2489 5269 2689 5339 dictio,
2720 5271 2894 5325 etiam
2923 5273 3072 5327 tunc.

1320 5503 1562 5564 VARle
1598 5502 1983 5561 LECTIONES
2022 5504 2112 5559 ET
2150 5499 2700 5560 COBRECTIONES.

380 5586 425 5621 ¹¹
456 5580 581 5638 ἕαυτ
592 5579 659 5651 ᾦ.

380 5676 407 5698 "
434 5626 1086 5741 duoadfsigniﬁcatum,
1111 5664 1269 5722 idem
1296 5663 1451 5722 valet
1470 5663 1626 5735 quod
1651 5660 1740 5717 καὶ
1769 5659 1915 5733 τότε,
1940 5662 2128 5735 quoad
2162 5626 2296 5716 λίθω
2318 5658 2595 5732 ﬁguram’
2621 5657 2855 5729 ponitur
2878 5674 2979 5730 pro
3000 5658 3087 5713 καὶ
3113 5660 3304 5730 dw’et
3324 5666 3473 5720 tunc.
3490 5663 3715 5725 DMCH'

634 5795 897 5856 PA'I'IOL.
945 5794 1057 5855 Gn.
1103 5789 1208 5853 IV.

3344 5790 3382 5846 5
