4158 6370
443 357 548 414 139

1266 357 1629 410 APPENDIX
1668 359 1764 409 AD
1799 357 2039 410 OPERA
2078 358 2137 409 S.
2178 358 2491 415 DIONYSII
2534 360 3031 416 AREOPAGITE.

3750 357 3856 416 140

503 486 531 553 §
561 482 659 540 III.
692 481 1163 539 Simulacrcrum.
1205 478 1383 549 Signa
1413 478 1653 551 quidem
1685 478 1850 548 dicit,
1873 493 2074 533 eorum

2262 482 2290 549 §
2332 481 2425 537 Ill.
2458 483 2578 538 Τῶν
2639 480 2994 558 ἀγαλμάτων·
3057 481 3377 559 Ἀγάλματα
3428 485 3523 558 μὲν
3574 503 3708 560 φησι
3753 483 3852 544 τὰς

429 590 554 645 quae
586 590 702 629 non
732 572 1009 631 videntur
1037 575 1094 627 et
1126 570 1506 644 mysticorum
1541 569 1852 641 imagines,
1885 567 1944 623 id
1998 571 2092 623 est

434 679 502 720 ea
533 679 661 736 quas
692 678 796 735 per
824 661 997 734 signa
1025 661 1429 733 perﬁciuntur.
1463 658 1723 714 Primum
1758 662 1955 714 autem
1992 656 2092 712 bo-

437 768 592 823 rum,
620 753 854 825 synaxis
879 757 1306 817 sacramentum,
1338 749 1563 805 vocavit
1595 764 1608 803 :
1644 765 1678 803 a
1708 764 1819 819 quo
1850 747 1907 802 id
1934 747 2088 817 quod

437 840 888 915 intelligendum
918 843 1027 909 est,
1044 841 1164 897 sive
1193 840 1251 894 id
1284 838 1440 911 quod
1470 835 1960 910 contemplatione
1988 836 2088 892 de-

440 931 716 999 claratur,
748 931 975 987 nudum
1008 928 1390 1003 promittitur.

516 1020 627 1078 Illa
655 1023 826 1092 enim,
858 1036 977 1093 quae
1004 1020 1220 1076 cunctis
1249 1018 1545 1074 antecellit.
1578 1016 1722 1073 Ecce
1753 1031 1938 1071 unum
1969 1032 2090 1071 mo-

440 1111 582 1168 dum
616 1109 1129 1183 contemplationis
1160 1106 1465 1181 praesentis
1496 1106 1723 1177 capitis.

507 1201 624 1257 Non
653 1207 829 1256 extra.
863 1198 1012 1256 Nota
1041 1201 1260 1264 autem,
1293 1195 1560 1253 essentia:
1610 1198 1830 1251 statum
1877 1193 2090 1251 immo-

438 1286 621 1346 bilem
647 1304 799 1358 esse,
830 1292 890 1343 et
920 1287 1017 1345 Dei
1048 1288 1300 1360 ﬁguram
1335 1301 1464 1342 esse
1502 1284 1867 1356 episcopum.
1918 1283 2088 1356 Nota,

435 1379 508 1435 ad
539 1382 658 1435 tres
708 1378 914 1434 modos
962 1393 1030 1433 ea
1078 1393 1204 1447 quas
1252 1375 1324 1431 de
1373 1375 1757 1431 incendendis
1808 1373 2088 1429 odoribus

435 1468 737 1538 dicuntur,
771 1465 958 1538 redigi
988 1470 1162 1537 atque
1191 1465 1483 1532 revocari;
1518 1464 1774 1536 pontifex
1806 1462 1964 1519 enim
2015 1462 2087 1517 ab

435 1556 605 1614 altari
634 1554 863 1628 incipit,
899 1570 1074 1610 omne
1101 1552 1392 1627 templum
1424 1552 1632 1622 ambit,
1662 1555 1719 1608 et
1750 1552 1963 1608 iterum
2013 1552 2085 1608 ad

435 1645 636 1719 ipsum
667 1644 850 1700 altare
881 1642 1287 1700 constituitur.

510 1732 805 1791 Similiter.
836 1732 1005 1789 Alius
1037 1731 1267 1787 modus.

508 1824 652 1881 Pari
696 1822 873 1891 modo,
923 1822 1164 1877 divinus.
1219 1820 1449 1876 Tertius
1506 1819 1718 1875 modus
1775 1819 2087 1891 propositas

440 1910 976 1986 contemplationis,
1012 1909 1305 1981 quomodo
1336 1912 1392 1965 et
1422 1907 1480 1963 in
1520 1908 1796 1981 episcopo
1849 1909 1921 1965 ab
1972 1924 2085 1965 uno

439 2001 887 2075 multiplicatur,
916 2000 984 2056 ab
1011 1999 1371 2070 inferioribus
1410 2013 1539 2054 vero
1575 1999 1818 2055 detineri
1861 2000 2087 2070 nequit;

435 2094 546 2151 hoc
575 2096 682 2161 est,
712 2092 827 2149 non
860 2091 1304 2148 communicans
1331 2090 1739 2147 deterioribus.

506 2185 534 2252 §
561 2182 655 2239 lV.
688 2187 864 2239 Porro
894 2181 1268 2251 psalmorum.
1301 2179 1450 2243 Quid
1484 2179 1878 2251 psalmi.Nota
1907 2180 2083 2236 etiam

432 2271 541 2328 hoc
568 2271 813 2328 verbum
847 2266 1278 2340 συνουσιωμὲνη,
1311 2268 1781 2325 consubstantiata
1831 2285 1934 2324 seu
1983 2285 2083 2324 ne-

431 2360 687 2417 cessaria
719 2378 732 2416 :
767 2360 867 2416 sed
898 2358 961 2413 τὸ
992 2354 1210 2432 σχεδόν,
1244 2358 1383 2429 fere,
1403 2357 1688 2429 adjunxit;
1709 2372 1897 2430 neque
1927 2357 2082 2414 enim

430 2449 555 2506 haec
585 2450 737 2505 inter
765 2464 828 2505 se
858 2464 1007 2504 nexa
1037 2452 1093 2503 et
1135 2448 1339 2519 juncta
1385 2451 1527 2502 sunt
1576 2463 1678 2518 per
1726 2447 2083 2517 essentiam;

431 2538 533 2595 sed
565 2537 676 2594 hoc
706 2537 857 2610 ipso,
909 2537 1063 2609 quod
1111 2537 1312 2592 omnia
1361 2537 1429 2591 ad
1484 2552 1669 2591 unum
1723 2537 1899 2592 ﬁnem
1952 2552 2080 2608 per-

430 2627 639 2699 tinent,
670 2627 728 2682 id
762 2631 850 2683 est
879 2643 952 2682 an
985 2625 1295 2681 hominum
1325 2626 1599 2692 salutem,
1630 2624 1776 2681 dixit
1804 2625 1914 2680 hoc
1961 2641 2080 2680 ver-

433 2715 576 2772 bum
609 2714 1014 2786 συνουσιωμὲνη
1046 2731 1060 2770 :
1095 2714 1343 2785 ideoque
1373 2713 1576 2770 statim
1606 2716 1721 2785 fere
1752 2714 2078 2785 subjunxit,

437 2806 735 2877 corrigens
764 2804 1075 2860 verborum
1105 2802 1574 2874 repugnantiam
1608 2819 1621 2856 :
1655 2802 1829 2874 paulo
1882 2807 2079 2859 autem

434 2893 589 2949 infra
617 2893 906 2963 ait,unam
935 2890 1403 2963 inspirationem,
1435 2890 1493 2945 id
1523 2894 1613 2947 est
1641 2906 1817 2947 unam
1844 2892 2080 2965 conspi-

432 2982 745 3052 rationem,
794 2980 949 3053 quod
999 2978 1257 3036 declarat
1302 2995 1488 3035 unum
1547 2979 1726 3035 ﬁnem
1775 2995 1904 3037 esse
1949 2997 2077 3038 om-

431 3070 620 3128 nium:
1620 3088 1623 3091 ·

504 3160 704 3218 Omnis
730 3175 1032 3231 numquam
1058 3173 1254 3216 sacrm.
1303 3157 1580 3214 Omnium
1629 3156 1914 3214 librorum
1962 3158 2077 3215 Ve-

2200 566 2412 634 εἷκόνας
2437 575 2545 625 τῶν
2598 572 2841 649 ἀοράτων
2885 572 2977 628 καὶ
3032 576 3301 646 μυστικῶν
3345 570 3516 649 ἤγουν
3544 576 3611 629 τὰ
3642 568 3853 647 συμϐο-

2201 656 2372 721 λικῶς
2425 657 2746 734 τελούμενα⁸
2806 666 3026 736 πρῶτον
3080 659 3138 717 δὲ
3186 663 3392 718 τούτων
3441 662 3505 718 τὸ
3532 670 3634 734 τῆς
3688 661 3855 719 συνά-

2199 744 2330 817 ξεως
2389 751 2687 822 μυστήριον
2721 748 3072 807 ἀπεκάλεσεν·
3104 752 3316 817 οὗτινος
3341 751 3403 808 τὸ
3434 753 3648 825 νοητὸν,
3681 751 3851 829 ἤγουν

2196 835 2436 892 τὸκατά
2478 850 2707 913 θεωριαν
2760 837 3129 914 δηλούμενον,
3179 840 3534 915 ἀπογυμνοῦν
3585 839 3854 918 ἐπαγγέλ-

2200 925 2375 985 λεται.

2267 1018 2401 1071 Ἥτε
2426 1017 2529 1092 γὰρ
2564 1017 2697 1094 ὑπὲρ
2728 1017 2922 1074 πάντα.
2959 1015 3100 1076 Ἰδοὺ
3152 1020 3229 1083 εἷς
3254 1018 3460 1094 τρόπος
3489 1025 3588 1090 τῆς
3624 1019 3854 1096 θεωρίας

2195 1109 2293 1160 τοῦ
2319 1108 2680 1181 προκειμένου
2697 1110 2741 1145 ¹²
2771 1106 3096 1186 κεφαλαίου.

2270 1194 2384 1252 Οὐκ
2437 1194 2537 1268 ἔξω
2583 1204 2705 1266 τῆς.
2757 1196 3073 1271 Σημείωσαι
3121 1198 3217 1267 τὴν
3263 1198 3381 1253 κατ’
3430 1197 3617 1254 οὐσίαν
3652 1197 3849 1269 ἀκίνη-

2195 1304 2287 1339 τον
2335 1284 2536 1359 στάσιν,
2566 1286 2657 1340 καὶ
2689 1285 2770 1341 ὅτι
2804 1291 2937 1342 Θεοῦ
2965 1287 3135 1350 τύπος
3166 1288 3194 1342 ὁ
3225 1287 3543 1350 ἐπίσκοπος.
3589 1287 3849 1363 Σημείω-

2199 1395 2309 1443 σαι,
2359 1373 2443 1430 ὅτι
2492 1375 2627 1431 κατὰ
2672 1382 2818 1451 τρεῖς
2863 1377 3102 1451 τρόπους
3151 1376 3400 1453 ἀνάγεται
3457 1378 3525 1433 τὰ
3570 1377 3693 1454 περὶ
3749 1381 3850 1433 τοῦ

2198 1468 2417 1537 θυμιᾷν·
2451 1465 2557 1520 ἀπὸ
2585 1470 2683 1521 τοῦ
2715 1466 3099 1540 θυσιαστηρίου
3142 1465 3451 1542 ἀρχόμενον
3509 1467 3602 1522 τὸν
3657 1468 3849 1545 ἱεράρ-

2199 1572 2330 1627 χην,
2355 1553 2450 1608 καί
2478 1554 2652 1610 πάντα
2679 1557 2772 1611 τὸν
2802 1555 2926 1611 ναὸν
2982 1555 3337 1632 περιελθόντα
3388 1555 3463 1619 εἲς
3521 1556 3651 1613 αὐτὸ
3681 1556 3850 1613 πάλιν

2194 1642 2673 1708 ἀποκαθίστασθαι.

2264 1731 2559 1794 Ὡσαύτως.
2590 1728 2808 1807 Τρόπος
2839 1731 3046 1809 ἕτερος.

2264 1820 2504 1895 Τρόπον,
2565 1821 2593 1875 ὁ
2652 1823 2816 1886 θεῖος.
2875 1822 3094 1898 Τρόπος
3132 1822 3314 1900 τρίτος
3343 1826 3444 1894 τῆς
3476 1822 3849 1900 προκειμένης

2200 1911 2453 1985 θεωρίας,
2484 1915 2601 1973 πῶς
2646 1911 2735 1966 καὶ
2787 1911 2874 1966 ἐπὶ
2903 1916 3000 1967 τοῦ
3031 1911 3328 1968 ἐπισκόπου
3357 1912 3463 1968 ἀπὸ
3497 1916 3543 1951 ¹³
3572 1917 3668 1969 τοῦ
3725 1914 3845 1976 ἐνὸς

2195 1996 2554 2069 πληθύνεται,
2583 2005 2701 2061 τοῖς
2726 1997 2783 2054 δὲ
2802 1999 3025 2070 ἥττοσιν
3058 2001 3425 2078 ἀκατάσχετός
3458 2001 3846 2072 ἐστι,τοστέστι

2199 2089 2273 2161 μή
2308 2088 2652 2143 ἐπικοινῶνη
2678 2093 2796 2151 τοῖς
2828 2088 3092 2164 χείροσιν.

2265 2180 2412 2251 ἕΙν.
2443 2179 2505 2234 Ἡ
2555 2176 2613 2232 δὲ
2666 2182 2773 2233 τῶν
2803 2175 3062 2252 ψαλμῶν.
3119 2177 3181 2233 Τί
3232 2180 3283 2234 οἳ
3314 2178 3551 2254 ψαλμοί,
3584 2181 3681 2237 Καὶ
3744 2203 3847 2254 ση-

2197 2267 2425 2339 μείωσαι
2472 2268 2534 2321 τὸ
2582 2269 3012 2339 συνουσιωμένη·
3057 2264 3204 2323 ἀλλά
3234 2267 3351 2323 τὸ¹⁸
3381 2266 3576 2344 σχεδὸν
3641 2268 3847 2344 προσέ-

2194 2356 2376 2426 θηκεν·
2412 2354 2474 2409 οὐ
2517 2355 2617 2431 γὰρ
2676 2354 2956 2427 ἀλλήλοις
3005 2355 3212 2425 ἥνωται
3242 2361 3411 2414 ταῦτα
3456 2360 3573 2414 κατ’
3630 2358 3844 2430 οὐσίαν,

2194 2443 2339 2499 ἀλλὰ
2365 2449 2443 2516 τῶ
2487 2446 2624 2519 πρὸς
2651 2441 2742 2500 ἕνα
2791 2446 2990 2502 σκοπὸν
3022 2447 3089 2501 τὰ
3117 2446 3293 2502 πάντα
3322 2447 3619 2519 συντελεῖν,
3676 2469 3843 2506 τουτο

2192 2533 2334 2588 ἐστιν
2364 2534 2438 2595 εἷς
2467 2535 2567 2603 τὴν
2594 2539 2701 2589 τῶν
2734 2534 3034 2609 ἀνθρώπων
3067 2535 3362 2611 σωτηρίαν,
3395 2535 3496 2612 ἔφη
3538 2538 3601 2593 τὸ
3658 2560 3848 2594 συνου-

2193 2622 2457 2695 σιωμὲνη’
2519 2622 2639 2686 ὅθεν
2695 2622 2848 2687 εὐθὺς
2898 2625 3146 2700 ἀπήγαγε
3198 2626 3261 2681 τὸ
3318 2624 3538 2702 σχεδὸν,
3588 2625 3843 2696 κολάζων

2187 2712 2287 2779 τὴν
2339 2711 2444 2765 ἀπὸ
2492 2719 2591 2781 τῆς
2640 2711 2834 2783 λέξεως
2882 2712 3216 2770 ἐναντίωσιν.
3275 2714 3575 2792 Κατωτέρω
3600 2713 3658 2771 δὲ
3713 2717 3842 2789 μίαν

2188 2796 2473 2871 ἕμπνευσίν
2504 2821 2658 2877 φησι,
2686 2803 2927 2857 τουτέστι
2976 2800 3100 2875 μίαν
3148 2802 3475 2877 σύμπνοιαν,
3497 2805 3526 2861 ὃ
3558 2803 3728 2876 δηλοῖ
3754 2807 3840 2878 τὸ,

2187 2885 2279 2943 ἕνα
2308 2886 2522 2943 πάντων
2547 2889 2678 2944 εἶναι
2711 2888 2936 2949 σκοπόν.

2257 3163 2405 3213 Πᾶσα
2439 3159 2533 3231 μὶν
2562 3157 2666 3234 γὰρ
2698 3158 2835 3233 ἱερά.
2868 3162 2987 3214 Τῶν
3014 3165 3113 3230 τῆς
3145 3157 3389 3226 Ηαλαιᾶς
3436 3157 3670 3238 βιϐλίων
3714 3166 3840 3222 κατ’

428 3250 571 3307 teris
597 3248 955 3307 Testamenti
986 3247 1178 3306 brevis
1225 3251 1284 3304 et
1330 3263 1433 3319 per
1479 3250 1863 3305 transennam
1916 3264 2073 3305 com-

2220 3225 2492 3323 πιδρομην
2524 3225 2837 3321 ἐπίμνησις.

433 3339 801 3398 memoratio.

506 3430 786 3499 Tristium,
811 3430 909 3483 Gr.
940 3428 1047 3480 τῶν
1099 3425 1396 3482 ἀνιώντων.
1445 3426 1767 3483 Tristitiam
1816 3431 1872 3484 et
1918 3427 2081 3484 dolo-

437 3534 562 3576 rem
589 3517 980 3583 aﬂ‘erentium,
1013 3520 1079 3572 ut
1108 3516 1167 3571 in
1197 3516 1328 3572 Job.

511 3608 772 3665 Amorum
799 3607 1037 3662 cantica.
1070 3605 1151 3661 De
1179 3620 1377 3660 amore
1409 3603 1799 3660 Canticorum.

517 3786 621 3841 Aut
649 3783 1023 3841 virilesﬁinc
1054 3782 1328 3840 similiter
1360 3782 1501 3840 Novi
1531 3783 1893 3839 Testamenti
1926 3800 2088 3840 sum-

447 3889 604 3933 mam
634 3873 885 3932 inducit.

522 3965 748 4021 Dilecti.
795 3963 1079 4031 Arbitror,
1133 3961 1299 4018 illum
1346 3961 1593 4019 Joannis
1641 3960 1896 4035 theologi
1945 3963 2091 4035 Apo-

2262 3426 2386 3482 Τῶν
2420 3425 2714 3484 ἀνιώντων.
2749 3425 3103 3500 Λυπούντων,
3137 3426 3210 3489 ὡς
3241 3425 3329 3483 ἐπὶ
3359 3415 3457 3484 τοῖ’)
3488 3424 3637 3489 Ἰώϐ.

2267 3602 2516 3678 Ἐρώτῶν
2576 3599 2821 3676 ᾅσματα.
2894 3602 3023 3677 Περὶ
3081 3607 3178 3659 τοῦ
3236 3600 3440 3682 ἔρωτος
3496 3611 3604 3663 τῶν
3664 3609 3849 3684 ᾀσμά-

2195 3713 2302 3746 των
2322 3693 2385 3749 1⁸.

2268 3781 2339 3838 Ἠ
2404 3782 2498 3844 τὰς
2551 3778 2847 3856 ἀνδρικάς.
2917 3784 3191 3839 Ἐντεῦθεν
3251 3784 3464 3858 ὁμοίως
3520 3785 3586 3842 τὰ
3638 3787 3776 3852 Νέας
3802 3793 3851 3831 1⁷

2198 3870 2424 3944 εἰσάγει.

2270 3959 2586 4034 Ἀγαπητοῦ
2637 3957 2744 4016 καί,
2794 3958 3023 4031 Νομίζω
3053 3958 3127 4020 ὡς
3174 3959 3273 4027 τήν
3307 3961 3683 4036 Ἀποκάλυψιν
3743 3972 3851 4023 τοῦ

449 4053 735 4127 calypsim
766 4052 1098 4121 diccre,aut
1126 4053 1257 4123 ejus
1287 4049 1693 4123 Evangelium;
1728 4052 1879 4123 quod
1912 4051 2082 4108 etiam

2220 4047 2343 4103 lateo
2370 4048 2619 4102 Ἰωάννου
2675 4044 2860 4121 δηλοῖ,
2910 4048 2943 4116 ἢ
2970 4047 3032 4102 τὸ
3062 4046 3393 4124 Εὐαγγέλιον
3448 4049 3635 4120 αὐτοῦ,
3665 4052 3695 4107 ’ὀ
3748 4055 3848 4111 καὶ

441 4143 657 4201 verius.

514 4234 544 4301 §
641 4230 709 4287 V.
808 4231 1131 4303 Gonjunxit,
1234 4228 1331 4285 Gr.

442 4321 639 4378 traxit.

1419 4225 1421 4228 ⁴
1462 4225 1836 4303 συνεῤῥίζωσε.

516 4409 618 4465 06
665 4410 991 4465 Divinarum
1040 4414 1245 4463 autem.
1294 4409 1516 4479 Scopus
1565 4405 1929 4478 psalmorum
1977 4412 2087 4478 est,

1947 4234 2091 4288 Con-

2202 4134 2412 4211 μᾶλλον
2423 4180 2435 4193 .

2267 4228 2297 4300 §
2326 4227 2393 4283 V.
2428 4222 2818 4301 Συνεῤῥίζωσε.
2854 4224 3229 4284 ΣυνείΛκυσεν.

2265 4403 2328 4460 Ἡ
2377 4400 2435 4456 δὶ
2487 4405 2593 4457 τῶν
2644 4400 2825 4458 θείων.
2884 4402 2942 4456 Ὅ
2988 4403 3189 4466 σκοπὸς
3242 4408 3351 4459 τῶν
3402 4406 3642 4481 ψαλμῶν
3705 4408 3859 4486 ἔστι,

440 4497 656 4571 inquit,
687 4498 872 4553 Deum
903 4497 1165 4562 laudare,
1198 4512 1265 4551 ac
1293 4510 1458 4551 veros
1485 4495 1614 4565 ejus
1666 4495 1936 4568 famulos,
1970 4496 2082 4568 'qui

2220 4491 2327 4562 ›ησὶ
2356 4491 2419 4545 τὸ
2467 4491 2736 4564 ὑμνῆσθαι
2768 4491 2896 4546 Θιόν
2928 4511 2987 4547 τι
3049 4492 3139 4547 καὶ
3190 4491 3318 4555 τοὺς
3375 4493 3541 4551 αὐτοῦ
3586 4497 3863 4572 γνησίους

439 4586 656 4661 psalmi
671 4585 1080 4658 hancjubendi
1100 4591 1157 4641 et
1172 4583 1507 4641 continendi
1525 4584 1873 4641 babentvim
1896 4601 1910 4640 :
1936 4601 2082 4657 quas,

2220 4579 2548 4657 ιεροὶποντας,
2584 4581 3009 4656 ὑπαγορευτικήν
3057 4586 3170 4637 τῶν
3225 4581 3490 4640 τοιούτων
3550 4586 3640 4642 καὶ
3696 4608 3869 4665 περι-

435 4674 649 4749 inquit,
666 4676 994 4731 necessario
1027 4675 1085 4730 In
1117 4672 1393 4729 omnibus
1424 4672 1514 4743 iis,
1536 4689 1662 4743 quae
1689 4672 2082 4729 ecclesiastico

2220 4669 2411 4737 ηκτικήν
2447 4664 2686 4744 ἐχόντων
2725 4666 2972 4743 δύναμιν
3024 4668 3174 4742 ἥτις,
3218 4671 3406 4749 φησὶν,
3440 4673 3739 4753 ἀναγκαίως
3774 4664 3859 4734 γὲν

435 4779 599 4822 more
628 4764 1036 4837 perﬁciuntur,
1069 4762 1375 4834 accipitur,
1410 4760 1679 4817 stabilem
1712 4778 1913 4817 eorum
1955 4779 2082 4833 quas

2220 4764 2321 4813 πᾶσι
2349 4764 2465 4821 τοῖς
2497 4760 2780 4831 ἱερατικῶς
2808 4755 3164 4833 τελουμένοις
3203 4758 3712 4839 παραλαμϐάνεται,
3742 4760 3863 4840 ἔμ-

435 4857 731 4910 canuntur
760 4851 1129 4921 memoriam,
1163 4851 1224 4906 in
1256 4851 1327 4907 iis
1357 4850 1459 4923 qui
1489 4856 1709 4907 canunt
1738 4851 2019 4909 efﬁciens.

508 5031 741 5089 Divinas
816 5032 1188 5105 operationes,
1255 5029 1353 5086 Gr.
1426 5026 1726 5103 θεουργίας.
1798 5029 2083 5101 Magnitu-

443 5118 613 5175 dines
626 5161 639 5176 .

504 5207 932 5281 vicinarumque
976 5208 1308 5266 carminum.
1355 5206 1504 5264 Nota
1556 5209 1767 5263 cantus
1829 5207 2087 5279 psalmo-

2195 4867 2358 4991 μονον
2387 4848 2487 4916 τὴν
2518 4852 2626 4902 τῶν
2659 4847 2894 4922 ψαλμῶν
2931 4850 3156 4923 μνήμην
3189 4848 3494 4923 ἐμποιοῦσα
3535 4858 3653 4917 τοῖς
3696 4852 3862 4928 ψάλ-

2233 4957 2373 4991 ουσι.

2233 4957 2373 4993 ουσι.

2265 5025 2571 5103 Θεουργίας.
2603 5024 3072 5102 Μεγαλιιότητας.

2265 5202 2462 5277 Καὶτῇ
2490 5206 2598 5259 τῶν
2635 5202 2789 5259 θείων
2845 5199 3025 5275 ᾠδῶν.
3071 5203 3420 5277 Σημείωσαι,
3479 5204 3563 5262 ὅτι
3619 5204 3685 5263 τὸ
3739 5211 3867 5281 τῆς

1444 5439 1679 5497 VARIIE
1719 5439 2115 5499 LECTIONES
2154 5441 2246 5498 ET
2282 5440 2836 5500 GORRECTIONES.

502 5606 1007 5692 ¹²ιπροειρημένουιἶ
1047 5607 1129 5692 ,¹³
1158 5608 1275 5692 πῶΙς
1305 5604 1394 5659 καὶ
1476 5604 1769 5692 ἐπίσκοπος
2020 5610 2063 5692 ιβ
2112 5605 2197 5692 ἐπὶ
2248 5612 2547 5664 κοινωνῶν.
2625 5609 2668 5644 ¹⁸
2711 5606 2803 5663 καὶ
2854 5608 2961 5665 ὅτι.
3038 5609 3083 5646 ¹⁶
3121 5604 3364 5682 ᾄσματος
3409 5612 3519 5669 τῶν
3549 5604 3855 5688 ᾀσμάτων,

433 5676 650 5736 Canuti
678 5676 884 5737 cautio.
963 5679 1006 5714 ¹⁷
1036 5677 1351 5747 Legendum
1378 5676 1444 5730 τὰ
1471 5684 1572 5746 τῆς
1592 5677 1751 5752 Νέας,
1782 5681 1990 5737 scilicet
2020 5686 2078 5734 Δι

2220 5697 2316 5750 ιης.
