4158 6370
279 367 364 422 Mt
1030 369 1087 421 S.
1130 368 1399 421 MAXIMI
1440 368 1744 422 SCHOLIA
1781 370 1855 421 IN
1895 369 2027 421 LIB.
2068 371 2162 422 DE
2202 369 2488 423 ECCLES.
2530 338 2928 423 HIERARCH.

3578 366 3683 420 142

278 487 593 563 ψαλμῳδίας
621 486 917 563 σύμφωνον
953 486 1336 565 ὁμοφροσύνης
1362 494 1461 557 τῆς
1504 489 1641 564 πρὸς
1671 489 1799 545 Θεὸν
1828 488 1918 543 καὶ

2057 508 2163 547 υω
2204 496 2575 559 concentum,
2625 490 2946 547 concordiae
2997 505 3128 546 cum
3177 493 3291 547 Deo
3340 506 3406 546 ac
3453 505 3677 560 secum,

281 578 487 642 ἑαυτοὺς
529 580 771 654 ὑπάρχοι
802 574 1142 634 διδασκαλία.

346 668 791 741 Συντετμημένα.
874 668 1000 725 "Oti
1072 668 1140 721 τὰ
1214 667 1625 740 συντετμημένα
1662 713 1676 737 ,
1761 688 1917 722 τουτ-

285 759 381 813 tem
412 759 482 812 τὰ
512 757 717 834 ἀσαφῆ,
751 754 841 811 διὰ
868 760 978 811 τῶν
1010 755 1447 830 ἐπιτελουμένων
1482 751 1775 829 συμϐόλων
1827 776 1918 809 σα-

286 846 572 924 φηνίζεταιο
623 849 786 901 τοῦτο
832 846 932 920 γὰρ
982 843 1150 916 δηλοῖ
1195 844 1257 899 τὸ
1310 843 1605 919 εὐρύνεται.
1670 843 1922 916 Σημείω-

286 956 383 1003 σαι,
413 933 492 1003 δὲ,
525 934 607 989 ὅτι
638 935 706 989 τὰ
735 933 1197 1007 συνεσκιασμένως
1230 934 1279 987 ἐν
1306 940 1422 995 τοῖς
1468 933 1712 1008 ψαλμοῖς
1762 932 1919 1009 λεγό-

288 1045 429 1098 μενα,
462 1021 552 1078 διὰ
580 1029 680 1093 τῆς
707 1027 817 1079 τῶν
849 1027 1073 1102 Γραφῶν
1118 1022 1490 1099 ἀναγνώσεως,
1539 1022 1919 1101 σαφηνίζεσθαι

288 1113 423 1188 λέγει
455 1113 484 1167 ὁ
513 1114 727 1187 Πατήρ.

350 1203 434 1258 Ἐν
467 1200 706 1264 ταύταις.
738 1205 827 1257 Ἐν
857 1200 1075 1263 ταύταις
1102 1199 1229 1276 γὰρ,
1259 1205 1378 1265 ταῖς
1398 1205 1635 1278 Γραφαῖς
1666 1197 1920 1270 δηλονότι

286 1291 311 1345 ὁ
338 1284 571 1362 ἀκριϐῶς
598 1290 824 1367 ἐνορῶν.
856 1290 1135 1365 γινώσκει,
1168 1290 1249 1345 ὅτι
1280 1286 1333 1344 ἓν
1365 1288 1454 1344 καὶ
1475 1289 1538 1344 τὸ
1596 1288 1724 1343 αὐτὸ
1754 1292 1920 1343 Πνεῦ-

288 1400 355 1453 μα
380 1378 552 1441 πάσας
582 1376 843 1450 ἐλάλησε.

348 1465 712 1540 Κηρόσσεται.
770 1466 860 1528 Ὡς
920 1465 1290 1540 σαφηνίζουσα
1321 1463 1392 1520 δι’
1440 1467 1633 1536 ἑαυτῆς
1663 1466 1763 1534 τήν
1814 1470 1922 1519 Πα-

285 1550 454 1610 λαιάν.

347 1645 403 1696 Ὀ
436 1643 531 1716 μὶν
584 1640 685 1721 ἔφη
736 1644 857 1706 τάς.
909 1643 1002 1706 Ὁς
1048 1645 1084 1713 ἡ
1140 1642 1257 1717 μὲν,
1309 1645 1344 1711 ἡ
1396 1642 1610 1701 Παλαιὰ
1656 1644 1922 1715 Διαθήκη,

285 1730 401 1809 ἐφηο
434 1733 470 1801 ἡ
505 1729 563 1787 δὲ
591 1732 703 1789 Νέα
723 1729 954 1789 ἐτέλεσε.

2028 596 2158 637 esse
2189 580 2585 651 disciplinam.

2099 671 2177 724 Ea
2205 686 2325 742 quae
2354 672 2569 726 concisa
2598 673 2743 725 sunt.
2772 669 2933 734 Quod
2966 686 3033 726 ea
3060 684 3187 739 qum
3235 668 3471 725 concisa
3515 671 3679 736 sunt,

2028 758 2138 814 hoc
2171 764 2259 814 est
2288 760 2537 815 obscura
2568 758 2757 831 signis
2788 776 2915 831 quae
2948 757 3348 831 perﬁciuntur,
3377 757 3678 829 explican-

2029 852 2144 903 tur.
2173 848 2288 903 Hoc
2337 848 2493 903 enim
2548 848 2803 904 declarat
2847 847 3090 902 verbum
3138 845 3280 899 illud
3330 845 3677 902 dilatantur.

2031 937 2179 995 Nota
2241 952 2395 1004 vero,
2456 938 2610 1007 quod
2678 936 2848 991 Pater
2912 935 3073 991 dicat
3137 950 3263 1005 quae
3334 934 3680 990 adumbrata

2031 1026 2090 1081 in
2122 1024 2367 1097 psalmis
2397 1026 2693 1094 dicuntur,
2725 1025 3159 1097 Scripturarum
3189 1023 3436 1079 lectione
3481 1022 3683 1095 expla-

2033 1132 2181 1171 nari.

2100 1208 2169 1261 In
2201 1205 2306 1261 his.
2341 1205 2403 1259 In
2434 1203 2528 1259 his
2575 1203 2753 1275 enim,
2804 1203 3126 1274 Scripturis
3177 1201 3422 1271 scilicet,
3480 1201 3531 1257 is
3580 1199 3683 1272 qui

2034 1294 2241 1350 acriter
2270 1293 2478 1365 aspicit
2507 1291 2784 1364 intelligit
2830 1308 3014 1347 unum
3062 1291 3453 1363 eamdemque
3502 1288 3684 1361 Spiri-

2032 1386 2160 1438 tum
2192 1398 2396 1437 omnes
2426 1381 2660 1437 dixisse.

2104 1473 2518 1540 Promulgatur.
2551 1470 2623 1526 Ut
2653 1487 2754 1542 per
2785 1487 2847 1526 se
2874 1473 3058 1525 Vetus
3090 1469 3435 1541 explanans.

2108 1651 2196 1709 Uti
2225 1649 2366 1705 illud
2396 1649 2527 1721 quid
2555 1649 2787 1705 dixerit.
2818 1650 2981 1714 Quod
3013 1649 3047 1716 ἡ
3085 1647 3201 1720 μὲν,
3253 1646 3313 1702 id
3366 1651 3456 1704 est
3496 1647 3681 1703 Vetus

2032 1741 2494 1810 Testamentum,
2526 1738 2671 1794 dixit
2703 1757 2716 1795 :
2748 1739 2782 1806 ἡ
2819 1734 2895 1806 δὲ,
2944 1738 3003 1793 id
3052 1741 3143 1794 est
3186 1737 3410 1793 Novum
3457 1739 3677 1803 autem,

2108 1828 2277 1884 rﬁcit.

348 1916 455 1981 Τῆς
488 1909 794 1986 θεολογίας.
828 1916 909 1981 Ση
921 1911 1173 1985 μιίωσαι,
1198 1909 1280 1964 ὅτι
1309 1911 1409 1979 τὴν
1439 1909 1681 1967 Παλαιὰν
1707 1872 1921 1988 Γραιρὴν

2057 1847 2068 1883 ι
2108 1846 2277 1884 ι-[ιοιι.

2074 1846 2428 1989 ΘΤὴεοιοθίέιε.
2465 1917 2613 1975 Nota
2640 1932 2775 1972 eum
2804 1916 3070 1972 Veterem
3100 1916 3462 1986 Scripturam
3510 1913 3680 1969 theo-

284 1998 559 2074 θεολογίαν
592 1998 773 2069 διαλεῖ·
804 2000 905 2069 τὴν
938 1996 995 2053 δέ
1025 2000 1226 2069 Καινὴν
1258 1998 1557 2075 θεουργίαν.

350 2178 503 2247 δνι.
544 2176 796 2241 Καθόλου
852 2180 981 2233 τῶν.
1042 2177 1105 2230 Οἱ
1146 2176 1387 2241 καθόλου
1434 2178 1775 2252 ἆκατήχητοι
1835 2179 1925 2232 καὶ

284 2266 502 2335 ἀνήκοοι
531 2266 739 2321 τούτων
771 2270 949 2340 μεῖναι
984 2263 1237 2339 ἑλόμενοι
1273 2267 1555 2329 ἑκουσίως.

349 2446 463 2512 Τῆς
512 2442 840 2519 θεογενεσίας
875 2486 889 2500 .
939 2444 1198 2500 Τουτὲστι
1252 2449 1347 2500 τοῦ
1405 2443 1560 2521 ἆγίου
1614 2443 1923 2517 ϐαπτίσμα-

280 2553 391 2594 τος.

346 2619 488 2681 Τοὺς
542 2618 599 2675 δὲ
643 2622 1120 2697 κατηχουμένους.
1154 2622 1281 2698 Περὶ
1305 2626 1416 2677 τῶν
1467 2622 1923 2696 κατηχουμὲνων,

282 2710 367 2764 καὶ
399 2708 826 2785 ἐνεργουμένων,
873 2710 964 2765 καὶ
994 2709 1045 2766 ἐν
1083 2712 1342 2785 μετανοίᾳ
1389 2706 1582 2779 ὅντων,
1631 2711 1723 2765 καὶ
1763 2710 1927 2766 τίνων

287 2797 615 2874 μετέχουσαν
624 2841 638 2855 .

351 2888 414 2942 Ἡ
443 2888 537 2960 μὶν
569 2884 663 2942 οὖν
712 2886 942 2964 ἐσχάτη.
990 2888 1115 2947 Ὀτι
1145 2890 1197 2945 οἱ
1240 2889 1670 2964 κατηχούμενοι,
1704 2884 1927 2962 ἔσχατοι

287 2976 438 3032 εἰσιν.

354 3065 689 3138 Ἀμέθεκτοι.
721 3063 1042 3142 ’Δμὲτοχοι.

348 3154 555 3211 Μαιευό
564 3174 740 3227 μενοι.
773 3155 1075 3231 Ἀναγεννώ
1083 3175 1234 3229 μενοι
1246 3200 1259 3215 ,

346 3237 787 3317 ’Δμϐλωθρίὸια.
817 3246 1172 3318 Νικροτόκια.

344 3332 586 3400 ’Δνίερος
662 3332 757 3405 μὶν
833 3333 920 3387 καὶ
996 3333 1155 3404 αὐτή.
1230 3332 1599 3397 Ἀτελείωτος.
1657 3333 1914 3407 Σημείω-

272 3441 379 3491 σαι,
425 3419 509 3475 ὅτι
557 3425 673 3484 τοῖς
728 3418 1133 3497 ἐνεργουμένοις
1178 3421 1490 3479 κατατάττει
1522 3424 1611 3479 καὶ
1640 3423 1767 3486 τοὺς
1797 3429 1914 3485 τοῖς

274 3515 604 3583 σωματικοῖς
665 3508 1010 3585 θελκτηρίοις
1066 3508 1454 3585 ἀμετανοήτως
1514 3512 1866 3586 ἐπιμένοντας
1899 3556 1913 3583 ,

272 3602 382 3653 οἷον
430 3598 561 3661 τοὺς
615 3599 871 3674 πόρνους,
927 3599 1056 3663 τοὺς
1084 3600 1506 3678 φιλοθεάμονας,
1547 3602 1637 3657 καὶ
1695 3601 1821 3664 τοὺς
1851 3601 1918 3655 τὰ

274 3689 632 3763 παραπλήσια
665 3690 968 3761 μετιόντας,
1004 3688 1095 3752 οὕς
1128 3689 1467 3763 ἐξονομάζων
1523 3691 1550 3744 ὁ
1582 3695 1723 3754 θεῖος
1753 3690 1916 3747 Ἀπό-

274 3775 466 3839 στολος
499 3776 762 3853 ἐπιφέρει,
792 3781 872 3850 τῷ
903 3780 1139 3851 τοιούτῳ
1186 3775 1327 3852 μηδὲ
1377 3778 1686 3842 συνεσθίειν.
1738 3781 1919 3836 Ταῦτα

274 3868 357 3921 καὶ
402 3866 455 3920 ὲν
504 3870 623 3927 τοῖς
676 3867 796 3939 ἑξῆς
859 3865 1073 3939 μᾶλλον
1120 3873 1332 3944 τρανοῖ.
1384 3868 1577 3924 ’Ῑστὲον
1622 3865 1699 3937 δὶ,
1751 3870 1833 3923 ὅτι
1882 3871 1916 3939 ἡ

275 3949 524 4031 ἀκρίϐεια
553 3954 686 4025 αὕτη
720 3958 812 4009 νῦν
842 3962 944 4026 τῆς
973 3960 1081 4012 τῶν
1115 3956 1379 4013 τοιούτων
1424 3954 1717 4026 διαστολῆς
1743 3979 1801 4013 τι
1830 3958 1919 4013 καὶ

276 4040 606 4106 διαστάσεως
636 4043 700 4098 οὐ
728 4042 955 4118 γίνεται.

340 4313 405 4371 Ὁ
458 4310 714 4375 τοιοῦτός
776 4332 928 4370 ποτε.
985 4311 1328 4387 Σημιίωσαι,
1386 4312 1469 4368 ὅτι
1529 4315 1557 4368 ὁ
1615 4317 1726 4386 Θιῷ
1782 4317 1927 4383 ἠνω-

278 4404 437 4474 μὲνος
499 4401 599 4457 οὐκ
677 4401 1098 4478 ἐνεργηθήσεται
1166 4400 1269 4457 ὑπὸ
1326 4401 1626 4477 ἀκαθάρτου
1684 4402 1923 4477 πνεύμα-

275 4511 365 4554 τος
389 4494 456 4549 ⁸⁸.

2034 2007 2271 2080 logiam,
2319 2007 2377 2062 id
2427 2011 2515 2062 est
2545 2005 2646 2062 Dei
2680 2022 3009 2062 sermonem
3038 2020 3243 2061 vocare
3275 2021 3288 2059 :
3324 2003 3541 2062 Novam
3573 2019 3682 2059 au-

2034 2101 2174 2152 tem.
2206 2092 2507 2169 θεουργίαν,
2540 2094 2598 2149 id
2630 2098 2719 2151 est
2750 2094 2851 2150 Dei
2880 2094 3301 2166 operationem.

2105 2185 2135 2257 §
2163 2185 2258 2240 VI.
2294 2185 2521 2241 Penitus
2551 2183 2771 2239 horum.
2805 2182 2912 2247 Qui
2943 2181 3206 2253 omnino,
3238 2198 3304 2236 ac
3355 2180 3526 2252 plane
3577 2179 3685 2235 ho-

2032 2290 2166 2329 rum
2197 2273 2376 2329 rudes
2407 2289 2663 2339 manere,
2697 2288 2802 2328 nec
2854 2272 3057 2327 audire
3106 2273 3314 2342 sponte
3362 2268 3687 2326 constitue-

2034 2366 2193 2418 runt.

2105 2453 2322 2507 Divina
2349 2452 2742 2521 generationis.
2778 2451 2893 2505 Hoc
2923 2452 3013 2505 est
3043 2447 3233 2504 sancti
3263 2447 3566 2519 baptismi.

2106 2636 2277 2686 Porro
2301 2627 2815 2685 catechumenosDe
2846 2622 3303 2691 catecbumenis,
3336 2638 3682 2695 energume-

2038 2718 2151 2789 nis,
2176 2722 2233 2775 et
2260 2717 2332 2774 iis
2363 2716 2463 2789 qui
2493 2720 2634 2773 sunt
2658 2717 2717 2771 in
2749 2713 3089 2787 paenitentia
3115 2712 3320 2784 (dicit);
3344 2715 3401 2767 et
3429 2727 3682 2783 quorum

2037 2809 2157 2864 sint
2188 2806 2519 2879 participes.

2106 2898 2181 2953 Ac
2207 2899 2517 2968 postremus
2564 2893 2802 2966 quidem.
2847 2892 3310 2949 Catechumenos
3355 2891 3685 2961 postremos

2038 3002 2168 3042 esse
2197 2983 2404 3056 (dicit).

2109 3076 2355 3141 Exortes,
2390 3072 2487 3128 Gr.
2519 3070 2826 3143 ἀμὲθεκτοι.
2856 3070 2984 3127 Non
3014 3067 3349 3142 participes.

2111 3166 2433 3232 Foveantur,
2465 3163 2557 3217 Gr.
2595 3160 2962 3232 μαιευόμενοι.
2986 3157 3212 3215 Renati.

1951 3250 1993 3316 C
2102 3253 2376 3320 Abortivi,
2408 3254 2505 3306 Gr.
2537 3244 2943 3323 ἀμϐλωθρίδια.
2978 3248 3187 3303 Partus
3215 3243 3452 3301 mortui.

2102 3342 2379 3411 Pro/anus
2408 3340 2626 3412 quidem
2655 3346 2709 3393 et
2735 3338 2844 3408 hic,
2876 3340 2974 3392 Gr.
3007 3335 3217 3409 ἀνίερος
3253 3332 3345 3405 μὶν
3379 3331 3468 3385 καὶ
3518 3328 3678 3399 αὐτή.

2023 3429 2149 3484 Non
2182 3429 2472 3484 initiatus.
2510 3427 2677 3497 Nota,
2710 3442 2845 3482 eum
2877 3425 2935 3480 in
2970 3439 3282 3479 numerum
3328 3435 3678 3492 energume-

2025 3534 2235 3574 norum
2267 3516 2559 3573 ascribere
2589 3515 2765 3571 etiam
2802 3530 2900 3570 eos
2930 3511 3033 3584 qui
3071 3510 3331 3583 corporis
3384 3507 3679 3565 illecebris

2025 3608 2153 3667 sine
2182 3607 2364 3664 animi
2395 3605 2715 3661 mutatione
2744 3606 2801 3659 et
2830 3600 3172 3675 poenitentia
3201 3602 3442 3655 manent
3466 3615 3479 3667 ;
3522 3595 3685 3653 velut

2027 3700 2401 3762 scortatores,
2436 3694 2732 3750 studiosos
2784 3690 3276 3764 spectaculorum,
3326 3691 3384 3745 et
3433 3703 3531 3743 eos
3580 3685 3685 3757 qui

2029 3785 2247 3842 similia
2276 3788 2531 3841 tractant
2564 3800 2576 3838 :
2612 3799 2759 3854 quos
2792 3781 3105 3836 nominans
3151 3777 3387 3833 divinus
3436 3778 3680 3846 Aposto-

2027 3875 2140 3943 lus,
2169 3874 2427 3946 subjicit,
2461 3889 2595 3929 cum
2628 3870 2922 3942 ejusmodi
2952 3885 3057 3925 nec
3088 3868 3288 3923 cibum
3321 3879 3554 3922 sumere
3597 3861 3681 3933 (ι).

2029 3967 2159 4019 Haec
2190 3964 2367 4019 etiam
2398 3962 2458 4017 in
2490 3961 2585 4017 his
2616 3977 2740 4031 quae
2773 3961 3126 4031 sequuntur,
3162 3955 3349 4028 magis
3391 3952 3681 4025 explanat.

2028 4053 2341 4109 Sciendum
2373 4056 2463 4108 est
2491 4054 2712 4119 autem,
2747 4048 2881 4103 huic
2912 4046 3121 4102 talium
3171 4046 3269 4100 67
3325 4058 3521 4100 rerum
3574 4040 3688 4095 dif-

2034 4141 2287 4198 ferentiae
2341 4145 2399 4197 et
2454 4136 2773 4207 distantias,
2825 4133 3143 4207 diligentiae
3187 4149 3343 4189 nunc
3394 4148 3510 4188 non
3560 4143 3690 4186 esse

2030 4231 2249 4287 locum.

2105 4320 2364 4390 Quisquis
2391 4315 2658 4389 ejusmodi
2690 4317 2788 4372 est.
2840 4313 3008 4383 Nota,
3058 4327 3193 4367 eum
3241 4310 3341 4380 qui
3388 4309 3505 4365 Deo
3553 4321 3691 4362 con-

2025 4409 2270 4480 junctus
2299 4409 2407 4477 est,
2438 4421 2553 4461 non
2580 4406 2851 4460 vexatum
2882 4400 2952 4455 iri
2987 4400 3059 4456 ab
3089 4398 3399 4455 immundo
3455 4393 3691 4467 spiritu.

342 4577 739 4656 Ἐναγεστάτην
768 4576 1058 4655 ἐνέργειαν.
1088 4580 1208 4633 Ὅτι
1250 4577 1382 4654 ὑπὲρ
1412 4578 1539 4642 τοὺς
1564 4580 1922 4636 καταπίπτον-

2108 4583 2604 4642 Detestabilissima
2632 4580 2953 4638 obsessione.
2987 4577 3135 4633 Nota
3183 4575 3349 4675 quod.
3390 4570 3693 4685 libjidinosi

276 4690 368 4733 τας
403 4666 735 4743 δαιμονῶσιε
759 4668 813 4724 οἱ
842 4668 1113 4744 ἀσελγεῖς.

350 4845 438 4904 Τὰ
487 4846 585 4919 μὶν
644 4842 854 4909 ὅντως.
903 4848 1021 4903 ’Ὀτι
1079 4844 1147 4902 τὰ
1190 4842 1359 4909 ὅντως
1414 4843 1543 4902 ὄντα
1589 4848 1685 4910 τὰς
1742 4849 1931 4922 ἀρετὰς

512 5021 813 5099 πρόσυλον.
862 5020 1084 5092 Ἐπειδὴ
1122 5023 1213 5077 καὶ
1257 5025 1293 5093 ἡ
1327 5021 1433 5094 ὕλη
1465 5022 1807 5089 πολυπαθῶς
1831 5022 1931 5079 ἀλ-

286 5108 561 5167 λοιοῦται.

355 5198 446 5255 Ἐν
502 5202 625 5261 τοῖς
682 5196 1033 5273 ἀλλοτρίοις.
1094 5198 1455 5272 Σημείωσαι,
1514 5199 1597 5255 ὅτι
1671 5199 1939 5276 ἀλλότρια

2037 4689 2218 4745 supra
2264 4688 2364 4728 eos
2412 4670 2511 4743 qui
2559 4670 2620 4725 in
2652 4667 2868 4725 diaboli
2901 4665 3302 4724 obsessionem
3335 4662 3621 4729 incidunt,
3655 4675 3689 4714 a

2040 4764 2301 4818 daemone
2332 4763 2602 4833 agantur.

2113 4852 2243 4919 Quae
2275 4832 2394 4906 vera
2420 4856 2566 4904 sunt.
2600 4847 2745 4902 Nota
2775 4845 2933 4917 quod
2963 4860 3033 4901 ea
3057 4859 3185 4915 quae
3215 4856 3347 4898 vere
3377 4839 3536 4908 sunt,
3575 4832 3693 4888 vir-

2041 4943 2201 4995 tutes
2232 4938 2395 4994 dicit.

2116 5028 2481 5085 Mater-talem.
2513 5023 2797 5089 Quoniam
2828 5022 3005 5079 etiam
3037 5017 3304 5084 materia,
3339 5012 3525 5071 multa
3553 5009 3700 5083 pati-

2045 5118 2163 5180 tur,
2194 5119 2251 5169 et
2280 5116 2695 5169 commutatur.

2118 5206 2185 5257 In
2213 5202 2441 5258 alienis.
2474 5202 2644 5267 Nota,
2678 5200 2917 5270 peccata
2948 5209 3079 5249 ecce
3110 5192 3300 5248 aliena
3329 5207 3363 5247 a
3393 5187 3694 5255 nobis;ne-

289 5284 454 5356 ὴμῶν
507 5285 620 5340 ἐστι
647 5286 717 5341 τὰ
743 5287 879 5361 πρὸς
923 5287 1214 5361 ἁμαρτίαν·
1248 5286 1315 5341 οὗ
1370 5288 1475 5364 γὰρ
1523 5291 1721 5367 φυσική
1782 5273 1922 5362 ἡμῶε

2057 5306 2165 5361 que
2194 5290 2352 5347 enim
2382 5288 2648 5346 naturale
2676 5290 2765 5342 est
2794 5287 3123 5356 peccatum,
3156 5281 3261 5336 sed
3310 5277 3575 5367 aptitudo
3626 5273 3700 5367 ad

292 5368 437 5427 ἐστιν
458 5374 495 5442 ἡ
528 5372 787 5449 ἁμαρτία,
819 5371 945 5428 ἀλλ’
983 5374 1019 5442 ἡ
1053 5373 1130 5435 εἰς
1153 5377 1257 5427 πᾶν
1300 5368 1458 5450 ἔργον
1506 5375 1699 5450 ἀγαθὸν
1753 5374 1942 5446 ἐπιτη-

372 5490 439 5561 (ι)
469 5493 496 5545 Ι
527 5489 657 5547 Cor.
692 5506 750 5562 ν,
784 5493 872 5547 11.
946 5491 1047 5561 (m)
1074 5492 1125 5548 II
1155 5489 1282 5547 Cor.
1316 5508 1394 5560 xx,
1423 5493 1477 5548 8.

2051 5394 2225 5434 omne
2254 5395 2401 5450 opus
2432 5378 2675 5441 bonum,
2707 5370 3032 5428 secundum
3079 5368 3425 5441 Apostolum
3474 5364 3594 5437 (m),
3644 5364 3705 5417 et

1315 5607 1554 5664 VARI/E
1594 5609 1979 5669 LECTIONES
2018 5610 2104 5666 ET
2142 5606 2694 5665 CORRECTIONES.

375 5674 425 5713 ¹⁸
453 5671 736 5749 δαίμονος.
