4158 6370
430 325 535 380 143

1247 327 1618 382 APPENDIX
1659 330 1753 381 AD
1792 328 2031 381 OPERA
2068 331 2125 383 Β.
2168 328 2484 409 DIONYSI‘I
2525 326 3017 384 AREOPAGITE.

3736 330 3842 387 144

424 449 571 506 illud
605 450 665 506 in
698 449 945 507 Psalmis
978 468 990 506 :
1024 452 1088 506 Et
1118 452 1184 507 ab
1213 452 1417 507 alienis
1444 465 1608 522 parce
1634 465 1786 506 servo
1830 456 1921 505 tuo
1971 450 2068 521 (τι).

2213 446 2431 519 ἱειότης,
2484 448 2617 503 κατᾶ
2662 450 2753 504 τὸν
2801 449 3160 523 Ἀπόστολον,
3205 448 3293 505 καὶ
3338 450 3400 505 τὸ
3448 449 3500 505 ἐν
3552 449 3839 525 Ψαλμοῖς⁶

429 538 572 595 Hinc
602 538 776 595 etiam
808 538 1090 612 intelligis
1118 539 1175 595 id
1208 540 1363 610 quod
1389 557 1422 595 a
1442 539 1689 595 Domino
1722 538 1942 593 dictum
1968 541 2078 593 est:

427 628 488 683 Si
514 645 645 685 vero
676 631 738 684 in
758 628 954 685 alieno
974 629 1157 699 ﬁdeles
1178 646 1288 684 non
1313 629 1525 685 inventi
1543 628 1940 696 estis,vestrum
1961 628 2083 699 quis

430 717 578 773 vobis
606 717 759 773 dabit
790 717 897 788 (0)?
927 717 1011 773 Ob
1043 734 1289 791 eamque
1324 735 1564 775 causam
1596 717 1789 773 aliena
1814 716 1935 771 haec
1965 733 2079 771 non

425 806 767 862 exsistentia
787 807 1220 863 dicuntur.Non
1244 809 1400 863 enim
1429 811 1651 864 naturae
1679 805 1948 873 sunt,sed
1973 804 2043 859 ad
2062 834 2079 843 -

427 895 869 951 ulterina.Actio
901 902 1099 953 autem
1134 914 1263 968 quae
1297 898 1621 970 secundum
1654 898 1927 951 naturam
1968 898 2077 959 est,

425 1002 530 1041 ens
562 989 670 1053 est,
703 990 759 1042 et
788 990 989 1042 nostra
1021 991 1126 1042 est.
1169 985 1347 1043 Alter.
1398 986 1605 1041 Aliena
1652 984 1795 1039 dixit
1830 1001 1897 1039 ea
1948 1000 2077 1054 quae

425 1075 496 1130 ad
523 1076 810 1131 mundum
835 1076 1309 1147 pertinent,quod
1334 1092 1445 1131 non
1472 1075 1824 1145 cujusquam
1846 1071 2079 1143 proprie

424 1164 565 1236 sint,
597 1165 696 1220 sed
728 1164 800 1220 ab
832 1164 961 1221 aliis
992 1166 1061 1220 ad
1094 1164 1239 1221 alios
1288 1168 1594 1220 transeant
1626 1166 1681 1218 et
1716 1161 2077 1217 transferan-

423 1258 551 1323 tur;
588 1258 690 1309 aut
720 1254 896 1309 etiam
929 1255 1083 1327 quod
1119 1270 1230 1309 non
1265 1253 1342 1309 sit
1371 1253 1561 1325 posita
1592 1252 1649 1306 in
1703 1251 1794 1308 his
1847 1250 2078 1319 penitus

425 1348 628 1399 nostra
656 1342 886 1399 vivendi
919 1343 1197 1413 ratio,sed
1230 1342 1406 1399 aliam
1438 1342 1615 1398 vitam
1649 1339 2079 1414 spectet,cujus

425 1431 600 1487 etiam
633 1448 810 1488 causa
841 1433 961 1488 nati
994 1448 1224 1488 sumus.

496 1536 756 1592 Ministri.
793 1536 853 1591 Id
884 1540 995 1604 est,
1027 1553 1099 1593 ne
1131 1537 1265 1607 quis
1296 1553 1498 1592 eorum
1530 1537 1630 1609 qui
1660 1536 2003 1607 agitandum
2046 1552 2080 1591 a

426 1625 709 1695 daemone,
743 1624 882 1696 quid
913 1626 1201 1697 patiatur;
1236 1629 1302 1681 ut
1332 1627 1608 1697 deinceps
1640 1623 1804 1680 dicit.

495 1716 606 1784 Qui
648 1714 1008 1786 passionibus
1054 1716 1427 1786 exagitantur.
1478 1713 1904 1771 Demonstratio
1953 1713 2078 1770 efﬁ-

425 1818 551 1859 cax.

499 1893 589 1949 Uti
614 1892 833 1948 demum
856 1892 1066 1949 divino.
1098 1892 1179 1949 De
1211 1893 1413 1950 ordine
1459 1908 1682 1964 eorum,
1737 1891 1835 1964 qui
1888 1889 2081 1946 dimit-

426 1984 658 2037 tuntur.

499 2070 605 2139 Qui

434 2159 588 2215 nosL

504 2248 609 2316 Qui
636 2250 962 2306 terroribus.
995 2249 1569 2321 Expressionumque
1598 2248 1923 2305 illusiones.

498 2339 629 2395 Prae
655 2339 899 2408 ignavia.
932 2339 1102 2407 Nota,
1132 2339 1287 2394 unde
1320 2338 1472 2394 dicat
1521 2338 1747 2410 aliquos
1799 2336 2001 2393 fideles
2048 2354 2082 2393 a

431 2428 797 2484 daemonibus
826 2427 1055 2500 agitari.

495 2517 721 2587 Habitu,
754 2533 1061 2589 umoreque.
1098 2517 1158 2572 Id
1189 2520 1279 2572 est
1308 2517 1526 2588 (quasi)
1556 2517 1915 2588 pcenitentia.

498 2608 731 2662 Omnino
761 2608 959 2662 sancti.
994 2604 1218 2662 Fideles
1250 2606 1351 2678 qui
1383 2622 1516 2661 cum
1550 2607 1662 2661 Deo
1707 2610 1762 2661 et
1815 2605 1969 2661 inter
2017 2620 2079 2661 se

427 2695 726 2764 conjuncti
754 2700 913 2751 sunt.

491 2782 765 2839 Generali.
799 2781 1137 2838 Generalem
1172 2781 1316 2836 dixit
1348 2781 1590 2836 laudum
1646 2782 2077 2851 recitationem,

424 2873 526 2926 aut
556 2872 714 2943 quod
746 2871 818 2926 ab
851 2870 1127 2926 omnibus
1158 2870 1279 2940 ﬁat,
1314 2874 1415 2925 aut
1445 2871 1600 2941 quod
1632 2887 1737 2942 pro
1786 2874 2080 2927 universo-

430 2976 562 3014 rum
592 2959 800 3032 gratia.

494 3047 775 3119 Hymnum
803 3051 987 3104 autem
1016 3048 1184 3104 hunc.
1218 3046 1491 3116 Observa,
1526 3048 1597 3105 ab
1620 3062 1686 3105 eo
1718 3047 2079 3120 appellatum

424 3151 552 3191 esse
582 3135 892 3208 hymnum,
927 3135 1283 3208 symbolum,
1308 3135 1752 3208 professionem,
1786 3140 1843 3191 et
1870 3136 2081 3209 gratia-

424 3240 556 3280 rum
588 3224 897 3282 actionem.

499 3313 721 3371 Videtur
747 3317 898 3371 enim
926 3315 1089 3372 mihi.
1121 3315 1206 3371 Ad
1238 3330 1414 3387 quem
1448 3315 1624 3371 ﬁnem
1656 3318 1878 3387 spectet
1917 3330 2076 3387 sym-

424 3401 651 3459 bolum.
944 3451 948 3453 Α

492 3491 872 3549 Substantiam
939 3492 1182 3565 quidem.
1247 3494 1360 3549 Hoc
1422 3497 1512 3549 est
1577 3493 1906 3549 secundum
1973 3492 2074 3550 68

420 3582 684 3653 Apostoli
716 3582 1068 3638 sententiam
1099 3582 1346 3637 dicentis
1381 3599 1392 3637 :
1428 3582 1637 3637 Omnia
1670 3582 1826 3637 enim
1875 3587 2077 3638 nostra

420 3674 561 3725 sunt
591 3669 1082 3741 (p).Primigenias
1112 3674 1310 3725 autem
1341 3675 1676 3726 venustates
1701 3670 1956 3741 appellat
1976 3685 2075 3727 eas

424 3775 551 3829 quae
582 3759 640 3813 in
672 3758 869 3814 divina
900 3763 1111 3814 natura
1156 3760 1453 3828 videntur,
1505 3776 1756 3831 quarum
1807 3760 2074 3816 homines

428 3864 531 3918 pro
562 3851 757 3917 captu,
788 3852 845 3902 et
875 3848 1046 3902 modo
1077 3864 1184 3902 suo
1215 3847 1368 3903 Deus
1412 3864 1514 3920 pro
1564 3865 1672 3904 sua
1720 3848 2076 3920 benignitate

427 3936 741 4007 participes
767 3935 933 4004 fecit;
966 3939 1067 3990 aut
1098 3940 1252 3992 certe
1282 3936 1444 4005 dicit,
1478 3938 1535 3992 id
1564 3938 1636 3993 ad
1667 3938 1835 4008 cujus
1866 3937 2074 4009 imagi-

429 4041 562 4081 nem
593 4028 648 4078 et
679 4024 1131 4080 similitudinem
1163 4024 1301 4081 facti
1331 4030 1493 4081 sunt.

497 4112 983 4184 Prwparatisﬂoc
1014 4119 1105 4170 est
1132 4115 1325 4185 bonis,
1358 4131 1486 4186 quae
1520 4115 1686 4170 nobis
1715 4114 1786 4169 ab
1813 4130 1878 4170 eo
1917 4131 2075 4171 com-

427 4206 734 4272 parantur.

500 4290 767 4361 Perfecta.
800 4292 968 4359 Nota,
1021 4290 1161 4361 quid
1192 4290 1283 4362 [de
1330 4289 1564 4346 Christo
1611 4289 1786 4358 dicat,
1838 4289 1959 4346 sive
2005 4290 2075 4345 de

421 4379 680 4448 perfecta
698 4379 827 4449 ejus
853 4378 1251 4450 assumptione
1276 4378 1665 4435 humanitatis
1684 4378 1859 4434 etiam
1873 4382 2078 4435 contra

420 4465 867 4537 Apollinarium.

678 2070 890 2127 initiati
952 2087 1063 2129 non
1137 2075 1286 2127 sunt.
1361 2070 1798 2141 Catechumeni,
1886 2069 2080 2125 libidi-

2110 1830 2160 1894 B

2190 537 2295 592 Καὶ
2353 537 2459 592 ἀπὸ
2517 535 2826 615 ἀλλοτρίων
2879 544 3056 617 φεῖσαι
3106 543 3203 595 τοῦ
3253 536 3455 595 δούλου
3505 560 3602 596 σου
3637 583 3649 596 .
3720 543 3841 597 ’Ἐνο

2190 635 2275 689 θεν
2321 632 2463 688 νοεῖς
2510 628 2596 681 καὶ
2650 627 2711 681 τὸ
2761 626 3048 703 εἰρημένον
3098 628 3245 704 παρὰ
3291 628 3513 703 Κυρίου·
3568 629 3630 687 Εἰ
3680 628 3736 686 δὶ
3784 630 3837 687 ἐν

2186 720 2264 788 τῷ
2316 714 2597 790 ἀλλοτρίῳ
2645 717 2827 771 πιστοὶ
2882 716 2990 792 οὐχ
3056 718 3313 791 εὐρέθητε
3345 760 3362 789 ,
3419 718 3481 773 τὸ
3541 719 3693 792 ὑμῶν
3751 719 3836 783 τίς

2189 804 2314 877 ὑμῖν
2368 801 2567 872 δώσει;
2621 805 2717 859 Διὰ
2768 809 2929 860 τοῦτο
2974 806 3063 860 καὶ
3122 809 3188 861 τὰ
3246 806 3516 883 ἀλλότρια
3546 811 3710 863 ταῦτα
3740 808 3839 863 οὐκ

2188 888 2316 947 ὄντα
2346 891 2582 967 λέγεται·
2620 893 2682 948 οὐ
2734 895 2837 969 γὰρ
2885 901 2986 965 τῆς
3021 895 3234 970 φύσεώς
3285 894 3445 966 εἷ’σιν,
3488 895 3634 952 ἀλλὰ
3681 898 3834 951 νόθα*

2185 982 2247 1035 τὸ
2280 978 2337 1036 δὶ
2384 983 2520 1036 κατὰ
2551 982 2705 1059 φύσιν
2737 983 2991 1057 πράττειν
3024 980 3083 1038 ὅν
3116 983 3226 1039 ἐστι
3256 983 3344 1039 καὶ
3372 986 3663 1061 ἡμέτερον.
3696 985 3836 1042 Ἀλ-

2189 1069 2318 1131 λως.
2356 1067 2656 1146 Ἀλλότρια
2687 1070 2786 1150 ἔφη
2819 1072 2885 1126 τὰ
2912 1073 3047 1127 κατὰ
3076 1069 3305 1146 κόσμον,
3339 1074 3413 1134 ὡς
3445 1072 3506 1127 οὗ
3549 1075 3697 1136 τινὸς
3732 1071 3840 1129 ἰδι-

2185 1163 2294 1221 κῶς
2325 1156 2505 1233 [ἷ’ὃια],
2555 1158 2682 1215 ἀλλ’
2726 1159 2776 1231 ἐξ
2811 1157 2996 1217 ἄλλων
3022 1160 3096 1222 εἷς
3126 1158 3330 1223 ἄλλους
3365 1162 3772 1236 μεταπίπτοντα
3802 1164 3839 1234 ἢ

2186 1248 2275 1302 καὶ
2303 1249 2376 1309 ὡς
2408 1247 2505 1302 οὐκ
2534 1247 2697 1319 οὔσης
2753 1248 2803 1304 ἐν
2837 1250 3056 1312 τούτοις
3088 1248 3179 1304 διὰ
3208 1251 3407 1315 παντὸς
3437 1250 3537 1320 τῆς
3567 1253 3839 1328 ἡμετέρας

2188 1334 2485 1412 διαγωγῆς,
2514 1333 2659 1391 ἀλλὰ
2688 1337 2824 1414 πρὸς
2855 1335 3035 1414 ἕτερον
3073 1337 3189 1414 βίον
3222 1339 3462 1415 ὁρώσης,
3515 1338 3597 1418 ἐφ’
3644 1341 3691 1412 ᾦ
3750 1341 3842 1396 καὶ

2186 1426 2503 1502 γεγόναμεν.

2259 1534 2368 1588 Τοῦ
2400 1530 2738 1608 λειτουργοῦ.
2774 1534 3061 1604 Τουτὲστι,
3092 1536 3167 1606 μή
3200 1556 3341 1599 τινες
3370 1540 3480 1591 τῶν
3512 1534 3841 1611 ἐνεργουμέ-

2185 1642 2287 1676 νων
2320 1620 2635 1694 ἐμπαθῶσιν
2654 1626 2718 1694 19,
2749 1622 2824 1686 ὡς
2852 1622 2977 1693 ἑξῆς
3008 1644 3192 1701 φησιν.

2257 1711 2319 1765 Ἡ
2348 1714 2455 1766 τῶν
2500 1710 2775 1783 ἐμπαθῶς.
2809 1708 3114 1783 Ἀπόδειξις
3145 1711 3396 1790 ἐναργής.

2262 1885 2483 1958 Ἐπειδὴ
2518 1886 2574 1943 δὲ
2603 1893 2699 1944 τοῦ
2731 1888 2896 1947 θείου,
2931 1891 3061 1967 Περὶ
3089 1897 3189 1961 τῆς
3222 1890 3421 1965 τάξεως
3447 1896 3554 1948 τῶν
3600 1891 3842 1948 ἀπολυο·

2195 1975 2391 2049 μὼωψ

2263 2064 2551 2138 Ἀμόητοι.
2583 2067 2646 2120 Οἱ
2674 2066 3103 2142 κατηχούμενοι,
3135 2066 3186 2122 οὶ
3221 2050 3507 2145 ἀσελγεῖς..

2262 2242 2497 2315 Δεῖματά
2526 2265 2604 2302 τε.
2637 2244 3023 2300 Ἐκτυπώσεών
3052 2266 3112 2300 τε
3139 2244 3515 2321 χλευάσματα.

2262 2333 2340 2385 Δι’
2372 2331 2680 2409 ἀνανδρίαν.
2710 2333 3051 2406 Σημείωσαι,
3083 2334 3244 2398 πόθεν
3281 2337 3444 2410 φησὶν
3509 2337 3612 2391 ὑπὸ
3640 2336 3838 2411 δαιμό-

2189 2440 2297 2474 νων
2329 2420 2672 2495 ἐνοχλεῖσθαί
2698 2443 2846 2484 τινας
2876 2427 2983 2477 τῶν
3010 2428 3236 2480 πιστῶν.

2259 2512 2401 2581 "seu
2432 2511 2523 2564 καὶ
2556 2506 2738 2583 ἔρωτι.
2772 2512 2956 2568 Οἱονεὶ
2986 2516 3054 2585 τῇ
3092 2514 3368 2585 μετανοίᾳ.

2260 2599 2326 2655 Οἱ
2358 2598 2618 2673 πανίεροι.
2654 2602 2719 2657 Οἱ
2751 2601 2952 2672 πιστοὶ,
2978 2603 3067 2656 καὶ
3098 2603 3233 2677 πρὸς
3276 2604 3403 2658 Θεὸν
3434 2603 3523 2659 καὶ
3556 2605 3694 2679 πρὸς
3726 2603 3825 2660 ἆλ-

2190 2685 2400 2757 λήλους
2429 2685 2730 2761 ἡνωμὲνοι.

2260 2778 2337 2848 [α]
2372 2774 2674 2851 Καθολικῇ.
2734 2777 3046 2847 Καθολικὴν
3098 2777 3199 2854 ἔφη
3256 2781 3356 2850 τὴν
3409 2779 3764 2856 ὑμνολογίαν,
3798 2784 3835 2853 ἢ

2189 2863 2263 2926 ὡς
2299 2864 2401 2919 ὑπὸ
2432 2866 2642 2920 πάντων
2698 2864 2986 2941 ᾀδομὲνην,
3035 2866 3070 2938 ἢ
3102 2869 3177 2931 ὡς
3212 2869 3343 2945 ὑπὲρ
3372 2869 3675 2942 καθολικῆς
3729 2875 3837 2949 χά-

2190 2970 2343 3027 ριτος
2374 2955 2693 3029 γινομένην.

2260 3043 2340 3117 [β]
2397 3044 2494 3100 Τὸν
2555 3042 2722 3105 ὕμνον
2783 3041 2841 3099 δὶ
2893 3048 3125 3104 τοῦτον.
3203 3048 3544 3121 Σημείωσαι,
3602 3047 3685 3105 ὅτι
3740 3050 3835 3105 τὸν

2192 3130 2382 3205 ὕμνον,
2417 3126 2699 3206 σύμϐολον
2734 3133 2824 3188 καὶ
2856 3134 3184 3211 ὁμολογίαν⁹
3215 3137 3305 3192 καὶ
3338 3136 3685 3214 εὐχαριστίαν
3718 3136 3839 3194 ἐκά-

2194 3216 2335 3275 λεσε.

2256 3313 2415 3363 Δοκεῖ
2466 3310 2567 3384 γάρ
2646 3330 2741 3383 μοι
2775 3354 2788 3368 .

2185 3392 2375 3455 ϐολον,

2256 3488 2335 3561 [γ]
2385 3488 2502 3556 ’Τὴν
2553 3488 2646 3560 μὲν
2699 3488 2902 3546 οὐσίαι.
2961 3492 3225 3547 Τουτὲστι
3255 3492 3391 3547 κατὰ
3413 3494 3504 3549 τὸν
3532 3498 3628 3549 τοῖ’)
3659 3496 3831 3550 Ἀπο-

2186 3572 2384 3629 στόλου
2428 3573 2588 3651 λόγον
2635 3574 2905 3641 εἰπόντος.
2956 3579 3138 3635 ΙΙάντα
3177 3580 3279 3657 γὰρ
3314 3583 3474 3655 ἡμῶν
3510 3580 3671 3638 ἐστιν.
3707 3584 3829 3659 Ἀρ·

2184 3661 2393 3737 χὲτυπα
2423 3660 2479 3717 δὲ
2508 3661 2690 3735 κάλλη
2725 3664 2857 3741 φησὶ
2887 3666 2953 3720 τὰ
2980 3670 3048 3740 τῇ
3109 3668 3228 3739 θείᾳ
3283 3668 3435 3746 φύσει
3492 3668 3829 3745 ἐπιθεωροό-

2188 3771 2339 3822 μενα,
2372 3756 2445 3806 ὢν
2473 3753 2571 3821 τὴν
2614 3754 2750 3809 κατὰ
2787 3755 2848 3808 τὸ
2879 3751 3237 3830 ἐνδεχόμενον
3274 3759 3554 3831 μετουσίαν
3586 3765 3702 3822 τοῖς
3735 3759 3831 3815 ἆν-

2187 3841 2427 3915 θρώποις
2459 3838 2793 3918 ἒδωρήσατο’
2826 3845 2860 3913 ἣ
2886 3843 2949 3899 τὸ
2998 3847 3114 3900 κατ’
3164 3846 3343 3902 εἰκόνα
3374 3846 3523 3922 λέγει
3576 3849 3666 3904 καὶ
3715 3851 3835 3905 καθ’

2184 3929 2473 4003 ὁμοίωσιν.

2866 3313 3009 3387 Ηρὸς
3088 3313 3141 3369 τί
3191 3310 3359 3390 πέρας
3417 3316 3518 3387 ὁρᾷ
3571 3316 3635 3372 τὸ
3693 3316 3832 3391 σύμ-

2256 4104 2330 4179 [δ]
2362 4107 2821 4169 Ἐπισκευαστοῖς.
2882 4111 3143 4166 Τουτὲστι
3200 4117 3316 4176 τοῖς
3365 4113 3416 4186 ἐξ
3447 4114 3612 4171 αὐτοῦ
3641 4138 3833 4172 κατασ-

2182 4192 2566 4268 κευαζομένοις
2593 4197 2813 4270 ἀγαθοῖς
2845 4196 2919 4260 εἷς
2952 4201 3119 4273 ἡμᾶς.

2255 4286 2321 4357 [ε]
2348 4284 2611 4340 Ηαντελεῖ
2637 4290 2765 4342 τῶν.
2801 4287 3137 4361 Σημείωσαι,
3168 4289 3221 4343 τί
3250 4311 3381 4368 φησι
3410 4294 3531 4369 περὶ
3564 4298 3828 4369 Χριστοῦ,

2181 4370 2353 4448 ἤγουν
2401 4381 2500 4443 τῆς
2555 4372 2768 4438 τελείας
2814 4374 2979 4432 αὐτοῦ
3009 4376 3491 4452 ἐνανθρωπήσεως,
3548 4382 3638 4438 καὶ
3693 4385 3831 4439 κατὰ

2183 4460 2635 4538 ’Λπολλιναρίου.

488 4556 724 4611 Divinas
754 4558 935 4627 panis.
970 4556 1404 4618 Animadverte,
1437 4573 1552 4612 non
1587 4556 1779 4612 solum
1811 4556 2072 4611 divinum

2213 4636 2217 4649 ν
2252 4551 2312 4607 Ὁ
2345 4555 2487 4615 θεῖος
2537 4548 2726 4655 fauo-rec:
2788 4551 3128 4626 Σημείωσαι,
3183 4557 3265 4610 ὅτι
3313 4558 3375 4613 οὐ
3417 4557 3580 4632 μόνον
3614 4560 3642 4614 ὁ
3673 4561 3829 4636 ἅγιος

422 4660 634 4713 panem
682 4644 978 4700 obtectum
1030 4645 1276 4717 proponi
1330 4645 1571 4701 solitum
1618 4646 1824 4713 fuisse,
1872 4661 2074 4701 verum

420 4733 599 4790 etiam
626 4737 897 4790 sanctum
929 4734 1192 4804 calicem;
1227 4735 1382 4806 quod
1416 4752 1570 4790 nunc
1602 4736 1846 4790 minime
1876 4735 2074 4791 obser-

420 4828 614 4879 vatur.

496 4915 523 4979 §
550 4912 704 4969 VIII.
736 4913 1100 4969 Divinissima
1127 4929 1251 4969 vero
1280 4913 1556 4968 salutatio.
1586 4911 1732 4970 Nota
1763 4928 1868 4967 cur
1914 4911 2073 4968 salu-

424 4998 570 5054 tatio
598 5001 781 5057 fieret.

495 5087 847 5160 Cupiditates,
897 5105 985 5147 ex.
1041 5090 1293 5146 Observa
1348 5087 1703 5160 cupiditates
1764 5086 1959 5145 carnis
2015 5090 2075 5144 et

2184 4636 2347 4711 ἄρτος
2403 4638 2815 4713 κεκαλυμμένος
2863 4642 3204 4717 προετίθετο,
3263 4643 3407 4702 ἀλλὰ
3450 4646 3538 4703 καὶ
3584 4649 3646 4703 τὸ
3686 4651 3830 4705 θεῖον

2183 4730 2469 4801 ποτήριον·
2506 4726 2636 4803 ὅπερ
2668 4732 2759 4783 νῦν
2794 4728 2854 4784 οὐ
2883 4730 3107 4807 γίνεται.
3437 4726 3445 4733 ’

2254 4906 2453 4973 §VIII.
2485 4904 2774 4970 Θειότατος
2818 4907 3124 4982 ἀσπασμός.
3175 4911 3519 4985 Σημείωσαι,
3550 4912 3639 4970 διὰ
3692 4914 3748 4971 τί
3800 4917 3830 4972 ὁ

2184 4995 2468 5067 ἀσπασμὸς
2500 4991 2728 5050 δίδοται·

2253 5082 2595 5158 Ἐπιθυμίας,
2649 5083 2721 5155 ἐξ.
2776 5086 3116 5161 Σημείωσαι,
3163 5085 3246 5143 ὅτι
3279 5088 3334 5144 αἱ
3385 5088 3648 5165 ἐμπαθεῖς
3706 5092 3829 5150 ἔπι-

491 5289 574 5363 (u)
604 5290 757 5348 Psal.
790 5308 952 5363 mu,
983 5293 1073 5351 44.
1149 5293 1224 5367 (ο)
1256 5294 1395 5352 Luc.
1426 5310 1543 5365 xvr,
1576 5295 1663 5350 12.
1739 5293 1813 5365 (p)
1846 5292 1867 5348 Ι
1894 5292 2022 5349 Cor.
2056 5306 2141 5363 nr,
2172 5291 2263 5347 22.

1396 5496 1638 5555 VARIJE
1675 5494 2062 5552 LECTIONES
2097 5492 2187 5551 ΒΤ
2224 5491 2787 5552 GORRECTIONES.

496 5620 540 5655 ¹⁹
563 5616 840 5693 ἐμπαθῶς.
