4158 6370
284 477 378 532 145
1041 479 1100 531 S.
1142 477 1410 531 MAXIMI
1455 474 1762 531 SCHOLIA
1798 477 1874 528 IN
1912 475 2044 529 LIB.
2087 478 2182 529 DE
2220 477 2508 530 ECCLES.
2552 478 2949 532 HIERARCH.

3594 477 3697 532 146

276 602 458 677 θυμίαι
497 600 753 679 μερισταί
783 602 909 675 εἶσι,
953 602 1266 679 μερίζουσαι
1317 602 1463 674 ἡμᾶς
1506 598 1595 656 καὶ
1642 604 1740 656 τοῦ
1798 605 1918 656 Θεοῐ

2045 603 2307 675 corporis
2335 602 2453 658 vim
2484 603 2698 659 habere
2729 604 3049 673 dividendi,
3065 620 3199 662 cum
3220 608 3276 661 et
3298 623 3331 662 a
3354 609 3466 662 Deo
3490 622 3620 674 nos,
3640 610 3697 662 et

278 692 364 747 καὶ
393 691 690 764 ἀλλήλων
722 691 869 768 τάχα
899 688 956 746 δὶ
986 692 1075 747 καὶ
1112 691 1338 746 ἑαυτῶν.

348 868 658 944 Ὀμοειδεῖς
697 872 1013 946 ἀπέχθειαι.
1060 868 1320 927 Τουτέστι
1354 870 1492 944 πρὸς
1521 868 1649 933 τοὺς
1703 868 1933 941 ὁμοίους

281 962 622 1035 ἀνθρώπους.

344 1054 372 1120 §
402 1051 494 1107 IX.
527 1053 788 1125 Πτυχῶν.
840 1049 937 1105 Διὰ
984 1050 1038 1105 τί
1093 1047 1227 1123 μετᾶ
1254 1049 1344 1103 τὸν
1375 1047 1657 1120 ἀσπασμὸν
1692 1044 1930 1122 δίπτυχα

276 1138 701 1213 ἀναγινώσκεται
717 1180 729 1197 .

348 1226 486 1288 Τοὺς
518 1226 705 1288 ὁσίως.
741 1223 1081 1299 Σημείωσαι,
1114 1223 1198 1280 ὅτι
1227 1224 1293 1281 τὰ
1323 1223 1559 1300 δίπτυχα
1584 1228 1689 1279 τῶν
1722 1224 1926 1279 ἀποθα-

271 1313 473 1371 νόντων
505 1314 593 1371 ἐπὶ
644 1314 810 1369 αὐτοῦ
860 1316 1027 1389 μόνον
1055 1316 1439 1393 ἀνεγινῴσιιετο
1472 1314 1623 1390 [οὐχ,
1678 1314 1750 1376 ὡς
1808 1318 1923 1386 νῦν,

267 1404 356 1460 καὶ
386 1408 495 1460 τῶν
532 1406 793 1476 ζώντων].

336 1496 399 1549 Ἡ
433 1491 688 1568 θεολογία
720 1492 877 1570 φησί.
917 1494 1101 1549 Ταῦτα
1137 1491 1197 1547 ἐκ
1224 1498 1325 1562 τῆς
1378 1490 1683 1566 λεγομένης
1724 1490 1925 1567 Σοφίας

2044 710 2151 749 nos
2180 693 2334 748 inter
2363 709 2467 749 nos
2498 692 2791 762 dividant;
2817 693 3085 751 fortassis
3110 699 3307 750 autem
3339 699 3397 752 et
3425 713 3458 751 υ.
3489 695 3694 752 nobis-

2042 781 2330 854 metipsis.

2111 870 2375 925 Adversus
2403 869 2645 941 aquales
2676 871 3019 929 inimicitiae.
3041 872 3103 927 Id
3128 875 3217 928 est
3238 888 3370 928 cum
3393 871 3694 930 similibus

2038 959 2403 1015 hominibus.

2107 1049 2137 1122 §
2169 1048 2259 1103 IX.
2294 1050 2641 1104 Tabularum.
2674 1049 2789 1104 Cur
2818 1054 2952 1121 post
2980 1048 3398 1106 salutationem
3450 1053 3687 1106 sancto-

2036 1155 2165 1193 rum
2199 1138 2437 1193 nomina
2469 1138 2808 1193 recitantur.

2106 1228 2212 1295 Qui
2239 1236 2445 1282 sancte.
2469 1227 2615 1281 Nota
2636 1231 3000 1282 mortuorum
3026 1230 3278 1297 tantum,
3298 1244 3365 1283 eo
3388 1227 3685 1299 pontiﬁce,

2032 1316 2261 1372 recitari
2313 1315 2485 1371 solita
2531 1315 2713 1371 fuisse
2759 1316 2998 1371 nomina
3029 1317 3190 1387 [non,
3223 1321 3287 1371 ut
3318 1316 3680 1388 nunc,etiam

2028 1405 2338 1476 vivorum].

2103 1498 2392 1565 Theologia
2439 1495 2611 1551 docet.
2672 1495 2802 1550 Haec
2860 1500 2948 1551 est
3002 1496 3336 1553 Salomonis
3379 1496 3681 1568 Sapientia

269 1586 659 1654 Σοηομῶντος·
692 1582 782 1636 καὶ
819 1581 1147 1655 σημείωσαι,
1194 1580 1277 1636 δτι
1334 1580 1423 1635 καὶ
1476 1581 1633 1642 οὗτος
1693 1581 1721 1635 6
1771 1581 1918 1656 ἅγιος

2040 1602 2155 1657 quae
2188 1586 2422 1643 dicitur.
2454 1585 2600 1640 Nota
2628 1584 2803 1640 etiam
2836 1585 2993 1640 hunc
3024 1591 3295 1641 sanctum
3351 1586 3581 1641 Patrem
3613 1601 3679 1641 ea

266 1672 448 1745 πατὴρ
478 1670 649 1745 ταύτῃ
683 1670 981 1747 ἐχρήσατο.

340 1760 546 1813 Σκόπει
581 1754 657 1814 δέ.
689 1758 861 1812 Τοῦτό
892 1780 1077 1835 φησιν,
1112 1756 1193 1813 ὅτι
1222 1758 1285 1813 τὸ
1334 1757 1628 1833 λεγόμενον
1679 1756 1731 1812 έν
1784 1777 1919 1833 προ-

270 1851 467 1926 φήταις
499 1850 805 1921 ἀναμνῆσαι
838 1847 1068 1902 ἐνώπιον
1101 1847 1321 1922 Κυρίου,
1380 1848 1489 1922 οὐχ
1517 1844 1658 1901 οὕτω
1690 1845 1773 1901 δεῖ
1825 1868 1920 1901 νο-

270 1943 366 2006 εῖν,
429 1937 505 1999 ὡς
552 1944 651 2006 τῆς
707 1937 933 2010 μνήμης
982 1940 1080 1991 τοῦ
1127 1941 1259 1992 Θεοῦ
1288 1936 1681 2009 ἀνανεουμένης
1740 1934 1790 1990 έν
1848 1939 1916 2010 τῇ

267 2026 533 2103 φαντασία
582 2029 680 2081 τοῦ
734 2025 1099 2099 μνημονικοῦ·
1136 2024 1267 2099 ὅπερ
1331 2025 1419 2080 ἐπὶ
1469 2029 1577 2080 τῶν
1638 2023 1690 2079 ἐν
1755 2025 1913 2101 σαρκὶ

264 2108 712 2191 προσδεδεμένων
776 2118 1003 2191 νοερῶν,
1057 2113 1331 2169 τουτέστιν
1378 2117 1565 2187 ἡμῶν,
1606 2110 1910 2187 συμϐαίνει,

264 2203 409 2260 ἀλλὰ
470 2205 663 2277 μνήμη
722 2207 857 2259 Θεοῦ
907 2204 1131 2265 εἰκότως
1159 2204 1366 2279 λέγοιτ’
1425 2201 1485 2257 ἂν
1526 2205 1560 2273 ἡ
1593 2207 1787 2279 γνῶσις
1816 2208 1912 2258 τοῦ

261 2298 418 2365 Θεοῦ,
442 2293 561 2347 καθ’
591 2294 654 2361 ἢν
682 2293 936 2368 γινώσκει
964 2291 1092 2356 τοὺς
1122 2290 1389 2362 τελείους,
1407 2289 1661 2353 θεοειδεῖς
1692 2291 1742 2346 έν
1766 2291 1912 2364 αὐτῷ

259 2380 588 2456 γενομένους
621 2379 692 2435 δι’
720 2380 971 2457 ἐναρέτου
1007 2380 1147 2457 βίου,
1191 2382 1279 2436 καὶ
1314 2380 1634 2451 ἀξιωθέντας
1662 2388 1760 2450 τῆς
1792 2381 1912 2435 ἆνε-

260 2470 537 2540 πιλήστου
566 2470 690 2545 περὶ
724 2468 883 2524 αὐτὸν
915 2470 1192 2546 γνώσεως.
1228 2469 1566 2543 [Σημείωσαι
1598 2474 1715 2532 πῶς
1765 2468 1914 2542 λαμ-

260 2556 409 2615 ϐάνει
438 2560 502 2614 τὸ
534 2558 697 2636 ῥητὸν
734 2562 831 2613 τοῦ
857 2558 1127 2633 ψαλμοῦ].

331 2820 668 2898 Συμϐόλων.
701 2825 812 2881 Τοῦ
841 2824 1094 2897 σώματος
1127 2823 1216 2877 καὶ
1250 2820 1501 2896 α’ίματος.

332 2915 461 2987 §X.
516 2910 705 2967 Ὕδατι
760 2911 873 2976 τάς.
930 2912 989 2967 Τί
1039 2913 1103 2968 τὸ
1158 2911 1405 2987 νίψασσαι
1458 2910 1554 2974 τὰς
1580 2916 1790 2988 χεῖρας,
1823 2911 1912 2966 καὶ

268 3022 425 3057 ποτε.

330 3092 537 3161 Φησέν,
600 3088 1017 3162 ὁλελουμένος.
1073 3088 1413 3163 Σημείωσαι,
1471 3094 1589 3152 πῶς
1647 3084 1911 3163 λαμϐάνει

263 3182 291 3235 6
352 3181 536 3255 πατὴρ
591 3180 654 3234 τὸ
683 3182 779 3234 τοῦ
802 3178 1001 3254 Κυρίου
1035 3177 1222 3253 ῥητὸν,
1251 3180 1313 3233 τὸ
1345 3177 1523 3256 λέγον·
1557 3180 1617 3236 Ὁ
1645 3178 1912 3251 λελουμέ-

264 3290 355 3330 νος
415 3268 477 3322 οὐ
535 3268 724 3343 χρείαν
784 3264 899 3342 ἔχει
953 3266 987 3336 ἢ
1052 3266 1183 3329 τοὺς
1239 3265 1408 3329 πόδας
1450 3267 1724 3341 νίψασθαι.
1758 3268 1821 3323 Ἡ
1856 3266 1913 3322 δὲ

262 3357 513 3427 σύνταξις
560 3360 671 3411 τῶν
723 3355 1095 3430 προκειμένων
1126 3357 1262 3431 πρὸς
1291 3356 1355 3410 τὸ
1390 3357 1754 3411 ὑπαινίσσεται
1811 3358 1910 3424 τήν
1944 3348 1985 3415 C

258 3444 523 3500 ἀπόδοσιν
581 3444 718 3519 ἔχει,
771 3441 845 3498 ’ίν’
991 3446 1052 3499 τὸ
1084 3442 1385 3520 λεγομενον
1417 3444 1609 3507 οὕτως.
1635 3448 1702 3503 Ὃ
1730 3467 1781 3500 τι
1817 3448 1911 3518 μὲν

259 3533 383 3589 τόδε
413 3533 583 3601 ἐστὶν,
639 3532 1026 3605 ὑπαινίσσεται,
1077 3534 1105 3586 6
1136 3532 1342 3609 λουτὴρ
1384 3535 1477 3606 μὲν
1531 3533 1581 3589 έν
1614 3538 1681 3607 τῇ
1708 3538 1911 3609 νομικῇ

263 3622 511 3697 λατρεία,
549 3621 601 3677 ἐν
638 3619 695 3677 δὶ
721 3625 790 3696 τῇ
824 3623 944 3686 καθ’
975 3624 1124 3696 ἡμᾶς
1154 3623 1190 3692 ἡ
1248 3626 1356 3678 τῶν
1389 3627 1591 3698 χειρῶν
1636 3623 1911 3697 ἀπόνιψις.

262 3713 331 3767 Τὸ
389 3708 447 3765 δὲ
502 3706 732 3785 ἄσχετος
777 3709 867 3765 καὶ
910 3710 1183 3774 ἆπόλυτος
1234 3708 1419 3782 δηλοῖ,
1481 3712 1554 3772 ὡς
1603 3714 1670 3785 τῇ
1727 3711 1912 3780 ἥττονι

266 3802 367 3855 οὐκ
416 3799 769 3874 ἐνεχθήσεται
826 3799 1015 3876 ἀγωγῇ
1061 3800 1150 3855 καὶ
1201 3797 1428 3864 διαθέσει
1465 3842 1478 3857 .
1538 3798 1791 3862 ’Ἄλλωςο
1848 3803 1914 3857 Ἡ

265 3889 385 3952 καθ’
423 3881 718 3964 ὑπέρϐασιν
758 3890 857 3953 τῆς
899 3889 1196 3959 συντάξεως
1243 3887 1446 3960 ταύτης
1495 3887 1789 3964 ἀνάγνωσις
1823 3888 1913 3945 06'-

264 3998 371 4038 τως
402 3977 828 4052 ἀρμοσθήσεται·
885 3974 967 4031 ὅτι
1022 3977 1117 4050 μὶν
1150 3975 1264 4048 οὗν,
1322 3980 1395 4039 ὡς
1422 3977 1489 4033 τὰ
1538 3977 1697 4055 λόγιά
1726 4001 1910 4056 φησιν,

266 4067 292 4120 6
322 4063 665 4137 λελουμένος
714 4066 778 4119 οὐ
826 4061 996 4120 δεῖταί
1037 4086 1183 4128 τινος
1216 4067 1444 4142 [ἑτέρας]
1485 4066 1817 4142 καθάρσεως,
1868 4067 1913 4123 εἰ

269 4155 343 4225 μὴ
375 4162 477 4223 τῆς
506 4157 614 4208 τῶν
648 4150 852 4229 ἄκρων,
886 4150 980 4208 εἴτ’
1011 4156 1101 4209 οὗν
1160 4154 1427 4231 ἑχάστων,
1471 4157 1661 4211 ἑαυτοῦ
1692 4157 1910 4231 νίψεως,

266 4240 333 4297 δι’
376 4244 445 4312 ἧς
494 4241 795 4315 ἀκροτάτης
845 4244 1156 4317 καθάρσεως
1216 4243 1267 4298 ἐν
1322 4243 1577 4320 πανάγνῳ
1613 4250 1708 4299 τοῦ
1741 4247 1912 4300 θεοει-

266 4328 388 4393 δοῦς
420 4328 525 4402 ’ἔξει
559 4332 826 4405 ἄχραντον
859 4333 1140 4401 ποιήσεται
1175 4334 1263 4388 καὶ
1296 4332 1640 4403 ἀκηλίδωτον
1667 4336 1764 4402 τὴν
1795 4335 1909 4389 ἐπι·

264 4423 528 4498 στροφὴν,
587 4420 677 4474 καὶ
734 4420 871 4493 πρὸς
925 4421 992 4475 τὰ
1050 4420 1239 4497 εὖτερα
1299 4423 1507 4496 προϊὼν
1557 4422 1909 4497 ἆγαθοειδῶς·

266 4509 338 4573 ὡς
381 4513 483 4564 τοῦ
556 4507 828 4572 θεοειδοῦς
885 4510 1186 4579 ἀποσώζων
1239 4512 1301 4565 τὸ
1358 4509 1570 4586 πλῆρες
1626 4511 1716 4566 καὶ
1784 4511 1912 4567 ὁλό-

264 4596 496 4672 κληρον,
555 4594 787 4673 ἄσχετος
846 4592 988 4653 ἔσται
1048 4600 1138 4653 καὶ
1189 4598 1485 4669 ἀπόλυτος,
1541 4601 1617 4662 ὡς
1673 4601 1913 4671 καθάπαξ

266 4684 507 4756 ένοειδής
539 4686 632 4741 καὶ
663 4686 801 4760 πρὸς
832 4688 894 4742 16
939 4684 995 4742 ἓν
1054 4688 1207 4752 αὗθις
1264 4688 1477 4751 ένιαίως
1523 4688 1912 4765 ἐπιστρεφόμε-
1942 4720 1990 4785 D

266 4797 379 4837 νος.

332 4950 400 5009 Εἴ
433 4952 512 5025 μή
542 4958 647 5021 τῆς
675 4957 785 5008 τῶν
832 4953 1031 5029 ἄκρων.
1081 4954 1142 5009 Τί
1173 4954 1375 5011 ἔστιτὸ
1430 4957 1504 5029 μὴ
1564 4952 1769 5020 δεῖσθαι
1821 4957 1911 5011 τὸν

268 5039 603 5113 λουσάμενον
660 5042 843 5117 ἑτέρας
894 5042 1117 5117 νίψεως,
1170 5044 1217 5099 εἰ
1251 5045 1327 5117 μὴ
1367 5044 1433 5099 τὰ
1472 5045 1609 5120 ἄκρα
1639 5045 1911 5118 νίῲασθαυ

267 5125 483 5203 δεύτερα
537 5127 596 5184 δέ
650 5152 781 5207 φησι
835 5131 903 5186 τὰ
958 5131 1210 5203 αἰσθητὰ,
1268 5133 1345 5197 εἷς
1395 5132 1428 5186 ἃ
1477 5131 1565 5187 διὰ
1622 5134 1914 5211 φαντασίας

266 5220 607 5294 προσπάσχει
640 5221 675 5288 ἡ
708 5222 885 5295 ψυχή.

334 5308 396 5363 Ὀ
431 5308 526 5379 μὲν
557 5306 724 5382 ἱερός.
778 5309 1118 5382 Σημείωσαι,
1152 5308 1233 5365 ὅτι
1276 5309 1335 5365 οὗ
1369 5310 1575 5387 λουτὴρ
1606 5312 1672 5380 ἦν
1730 5311 1782 5365 ἐν
1837 5317 1916 5383 τῷ

270 5395 441 5466 νόμῳ,
474 5396 566 5450 καὶ
598 5394 680 5450 ὅτι
714 5396 991 5472 σύνταγμα
1017 5396 1135 5472 ἔχει
1168 5396 1310 5454 ἄλλο
1337 5401 1458 5475 περὶ
1505 5404 1607 5466 τῆς
1654 5400 1786 5456 κατά
1828 5403 1914 5456 νό-

271 5503 368 5554 μον
399 5484 706 5558 ίεραρχίας,
742 5486 872 5561 ὅπερ
906 5487 968 5542 οὐ
1000 5489 1239 5563 φέρεται.

334 5574 446 5629 Τοῦ
477 5574 766 5649 ἱεράρχου.
804 5578 1127 5649 Σημείωσαι
1164 5578 1226 5632 τὸ
1278 5575 1454 5641 ἔνθεον
1482 5582 1579 5633 τοῦ
1611 5576 1799 5653 ἱερέως
1833 5580 1915 5651 [τὸ

265 5656 487 5732 ἀληθῶς
516 5661 915 5737 τελειότατον].

334 5792 412 5865 (q)
440 5791 614 5851 Joan.
642 5809 767 5863 xm,
800 5792 889 5850 10.

2030 1692 2203 1731 usum
2236 1674 2437 1729 fuisse.

2098 1763 2333 1817 Advorte
2375 1764 2575 1817 autem.
2614 1763 2727 1817 Hoc
2759 1762 2859 1833 ait,
2886 1763 3038 1834 quod
3071 1762 3130 1817 in
3162 1762 3463 1835 prophetis
3513 1763 3674 1819 dica-

2026 1855 2145 1922 tur,
2180 1851 2468 1907 recordari
2501 1866 2694 1905 coram
2726 1850 2863 1917 Deo,
2912 1868 3025 1905 non
3070 1851 3150 1906 ita
3181 1851 3585 1922 accipiendum
3617 1856 3675 1907 et

2026 1939 2472 2012 intelligendum
2495 1938 2830 2012 esse,quasi
2852 1940 2953 1995 Dei
2979 1940 3259 1995 memoria
3281 1943 3590 1995 renovetur
3609 1940 3669 1995 in

2022 2045 2089 2084 ea
2120 2034 2276 2100 parte
2305 2028 2509 2093 animi,
2532 2028 2591 2083 in
2616 2045 2734 2099 qua
2763 2029 3125 2099 objectarum
3157 2044 3351 2084 rerum
3383 2029 3669 2084 memoria

2021 2118 2422 2188 consignatur;
2447 2118 2503 2173 id
2528 2118 2684 2190 quod
2716 2118 2773 2172 in
2807 2117 2878 2172 iis
2906 2118 3005 2189 qui
3039 2117 3253 2173 mentis
3282 2122 3585 2189 compotes
3606 2118 3665 2172 in

2020 2209 2213 2265 carnis
2236 2225 2464 2264 carcere
2494 2208 2715 2280 alligati
2741 2212 2901 2278 sunt,
2926 2209 2983 2263 id
3007 2212 3097 2265 est
3120 2209 3306 2278 nobis,
3343 2208 3668 2280 contingit;

2020 2300 2120 2354 sed
2154 2300 2307 2369 quod
2344 2298 2625 2354 memoria
2656 2299 2756 2354 Dei
2788 2302 2943 2354 recte
2975 2298 3206 2353 dicatur
3248 2298 3348 2353 Dei
3399 2298 3667 2367 scientia,

2021 2404 2139 2458 qua
2169 2389 2455 2459 perfectos
2486 2387 2815 2459 cognoscit:
2848 2387 2951 2458 qui
2982 2385 3438 2441 similitudinem
3462 2386 3560 2440 Dei
3582 2402 3673 2441 ex-

2021 2480 2362 2548 presserunt
2390 2476 2508 2531 vita
2534 2475 2733 2530 virtuti
2778 2478 3211 2542 consentanea;
3261 2482 3316 2530 et
3361 2474 3462 2545 qui
3510 2473 3674 2545 digni

2021 2565 2256 2620 fuerunt
2284 2563 2498 2619 habere
2530 2564 2658 2634 ejus
2690 2562 2983 2631 notitiam,
3003 2580 3128 2634 quae
3150 2561 3327 2617 deleri
3349 2562 3675 2616 obliterari-

2020 2670 2131 2723 que
2179 2670 2293 2708 non
2344 2656 2557 2725 potest.
2592 2653 2760 2723 [Nota
2804 2652 3096 2723 quomodo
3148 2651 3398 2722 accipiat
3448 2650 3673 2706 dictum

2018 2740 2278 2814 psalmi.]

2090 2829 2386 2903 Symbolis.
2416 2828 2687 2901 Corporis
2718 2832 2775 2884 et
2804 2828 3132 2899 sanguinis.

2091 2920 2213 2989 §X.
2248 2920 2419 2991 Aqua.
2450 2918 2599 2983 Quid
2660 2918 2736 2973 sit
2793 2917 3031 2972 abluere
3092 2932 3328 2981 manus,
3377 2919 3434 2970 et
3482 2931 3669 2987 quan-

2021 3010 2115 3063 do.

2092 3099 2252 3165 Dicit,
2295 3097 2392 3168 qui
2439 3094 2583 3150 lotus
2631 3098 2727 3150 est.
2779 3097 2946 3162 Nota,
2995 3094 3288 3165 quomodo
3339 3096 3502 3164 pater
3548 3092 3671 3148 hac

2018 3186 2253 3242 Domini
2301 3185 2479 3239 verba
2528 3184 2809 3255 accipiat:
2865 3184 2973 3251 Qui
3020 3184 3162 3237 lotus
3210 3191 3308 3248 est,
3360 3197 3471 3235 non
3514 3181 3670 3235 indi-

2018 3277 2256 3345 get,ni.si
2284 3278 2342 3329 ut
2372 3273 2530 3346 pedes
2557 3274 2698 3328 lavet
2727 3271 3207 3344 (q).Constructio
3240 3275 3435 3325 autem
3467 3285 3667 3325 eorum

2026 3382 2152 3437 quae
2186 3367 2621 3435 proponuntur,
2655 3364 2722 3415 ad
2772 3362 3011 3415 verbum
3064 3357 3426 3411 ὖπαινίσσετοιι
3477 3374 3673 3429 respe-

2022 3457 2182 3508 ctum
2208 3452 2477 3519 habet,ut
2506 3451 2584 3506 sit
2612 3451 2821 3505 horum
2845 3449 3157 3505 verborum
3181 3444 3495 3503 sententia:
3520 3448 3671 3513 Quid

2022 3543 2259 3612 quidem
2291 3541 2401 3595 hoc
2427 3544 2483 3596 et
2512 3539 2655 3595 illud
2691 3539 2768 3595 sit
2797 3538 3165 3594 subindicat:
3200 3538 3298 3591 69
3335 3536 3517 3608 pelvis
3539 3536 3674 3607 qui-

2023 3631 2153 3686 dem
2176 3630 2237 3685 in
2261 3629 2405 3701 legis
2427 3628 2589 3684 cultu
2611 3633 2668 3684 et
2693 3628 2987 3701 religione,
3011 3627 3070 3680 in
3096 3630 3297 3683 nostra
3328 3629 3521 3680 autem
3548 3642 3673 3682 ma-

2023 3735 2207 3774 nuum
2236 3718 2473 3774 lavatio.
2496 3716 2644 3773 Illud
2678 3720 2875 3773 autem
2907 3716 3121 3771 solutus
3149 3724 3203 3771 et
3235 3715 3392 3781 liber,
3416 3712 3676 3769 declarat

2023 3823 2157 3862 eum
2184 3807 2520 3861 inferiorem
2552 3805 2728 3861 vitam
2762 3809 2817 3861 et
2846 3804 3027 3859 animi
3051 3803 3534 3860 constitutionem
3556 3818 3671 3857 non

2023 3911 2152 3953 esse
2186 3900 2547 3952 secuturum.
2583 3894 2799 3950 Aliter:
2838 3893 3030 3949 Lectio
3063 3891 3521 3949 constructionis
3547 3907 3672 3961 quae

2022 3986 2342 4058 hyperbato
2373 4002 2474 4040 seu
2508 3984 2973 4053 transgressione
3002 3986 3251 4052 constat,
3268 3981 3352 4037 sic
3374 3980 3673 4051 copulabi-

2023 4074 2456 4137 turzouoniam
2504 4073 2702 4144 igitur,
2722 4076 2786 4126 ut
2815 4071 3039 4141 Scripta
3084 4069 3280 4125 divina
3328 4069 3671 4141 loquuntur,

2022 4162 2123 4233 qui
2152 4162 2308 4217 lotus
2338 4166 2425 4217 est
2457 4178 2571 4215 non
2605 4159 2831 4230 indiget
2862 4158 3212 4229 expiatione,
3246 4158 3362 4212 nisi
3408 4173 3672 4212 summa-

2022 4268 2153 4306 rum
2180 4251 2297 4306 sive
2320 4254 2711 4305 extremarum
2737 4263 2978 4302 suarum
3002 4247 3257 4317 partium
3282 4244 3591 4311 lavatione,
3608 4260 3677 4299 ex

2022 4356 2249 4396 summa
2271 4338 2600 4410 expiatione
2625 4337 2682 4391 in
2706 4335 3081 4392 sanctissimo
3104 4334 3310 4389 divina:
3332 4332 3675 4388 similitudi—

2024 4428 2115 4482 nis
2147 4427 2347 4482 habitu
2383 4430 2440 4482 et
2472 4428 2772 4491 statu,non
2796 4424 3167 4494 inquinatam
3194 4438 3298 4476 nec
3321 4421 3675 4476 contamina-

2021 4522 2140 4571 tam
2177 4516 2347 4572 faciet
2376 4514 2878 4571 conversationem
2910 4530 3104 4578 suam;
3128 4516 3184 4566 et
3215 4527 3349 4567 cum
3372 4511 3444 4566 ad
3468 4526 3675 4565 secun-

2022 4606 2097 4661 da
2126 4604 2406 4676 prodierit
2436 4604 2672 4675 benigni
2706 4602 2805 4658 Dei
2839 4601 3259 4671 imitatione,ut
3280 4600 3487 4655 divinae
3511 4598 3676 4653 simi-

2021 4693 2288 4750 litudinis
2320 4692 2734 4765 perfectionem
2752 4692 3275 4763 integritatemque
3293 4689 3674 4758 retinens,so-

2023 4783 2183 4838 lutus
2205 4782 2315 4837 erit
2332 4799 2399 4837 ac
2420 4781 2590 4849 liber,
2618 4780 2786 4853 quasi
2810 4779 3151 4836 uniusmodi
3173 4782 3230 4834 et
3251 4779 3325 4834 ad
3347 4792 3533 4833 unum
3557 4791 3672 4830 uno

2023 4871 2429 4943 singularique
2462 4871 2629 4925 modo
2662 4873 2980 4924 revertens.

2094 4960 2216 5016 Nisi
2253 4960 2668 5015 summitatum.
2704 4958 2850 5021 Quid
2904 4957 2981 5012 sit
3028 4972 3162 5011 eum
3211 4954 3307 5023 qui
3358 4952 3520 5019 lavit,
3554 4968 3671 5007 non

2023 5065 2192 5121 egere
2223 5048 2356 5115 alia,
2388 5048 2501 5104 nisi
2532 5052 2925 5104 extremarum
2948 5045 3201 5118 partium
3233 5040 3542 5097 lavatione.
3577 5040 3673 5096 Sc-

2022 5139 2204 5196 cunda
2236 5143 2401 5194 vocat
2429 5155 2495 5193 ea
2526 5154 2652 5209 quae
2700 5137 2808 5192 sub
2865 5150 3101 5191 sensum
3156 5132 3395 5198 cadunt,
3428 5130 3500 5185 ad
3548 5146 3673 5202 quae

2025 5228 2258 5284 animus
2290 5226 2483 5299 specie
2515 5243 2582 5282 ac
2610 5226 2753 5281 visis
2786 5223 3062 5280 afficitur.

2096 5319 2270 5374 Porro
2301 5316 2701 5371 sacrumNota
2731 5312 2886 5385 quod
2921 5328 3034 5366 non
3069 5313 3194 5365 erat
3224 5308 3408 5382 pelvis
3440 5308 3499 5364 in
3531 5308 3676 5379 lege,

2025 5409 2081 5461 et
2111 5406 2263 5477 quod
2301 5409 2612 5459 tractatum
2645 5401 2822 5457 alium
2844 5400 3056 5455 habeat
3086 5399 3156 5453 de
3188 5397 3674 5467 hierarchia,qute

2025 5495 2086 5549 in
2120 5494 2245 5564 lege
2275 5499 2421 5559 erat,
2450 5492 2551 5562 qui
2582 5508 2696 5545 non
2728 5494 2936 5544 exstat.

2098 5582 2560 5651 Pontiﬁcz‘s.Nota
2590 5579 2855 5633 divinum
2889 5578 3152 5633 afﬂatum
3186 5575 3674 5645 sacerdotis[vere

2028 5667 2569 5743 perfectissimum].
2766 5672 2773 5679 '
