4158 6370
1000 425 1057 472 S.
1099 424 1367 477 MAXIM!
1406 423 1710 477 SCHOLIA
1746 423 1818 474 IN
1859 422 1992 474 LIB.
2034 421 2129 472 DE
2167 421 2452 474 ECCLES.
2499 423 2890 476 HIERARCH.

3546 423 3653 479 150

716 543 746 599 ὁ
803 541 901 619 γὰρ
964 539 1292 618 ἁμαρτωλὸς
1346 541 1548 618 τρόπον
1606 542 1726 596 τινὰ
1784 539 1870 614 οὐ)

2009 557 2138 597 nem
2191 545 2428 614 propter
2467 545 2810 614 peccatum;
2862 545 3131 615 peccator
3171 543 3328 600 enim
3362 546 3652 618 quodam-

765 633 911 686 ἀκὸν
940 630 1306 706 ἀνύπαρκτον.

838 719 1149 794 τνθρωπία.
1203 720 1334 793 Περὶ
1383 726 1483 789 τῆς
1540 720 1886 795 ἐνανθρωπή-

902 810 1183 886 ’νθρώπως
1213 809 1554 885 ἐνήργησεν.]

969 897 1239 971 ημείωσαι
1297 899 1396 966 τὴν
1436 892 1716 972 ἀκρίϐειαν
1771 902 1879 953 τῶν

385 979 466 1057 1.3.
1031 988 1079 1057 Γᾳ
1119 987 1311 1060 λέξεων
1365 988 1730 1064 φραζομένην,
1790 989 1877 1042 καὶ

1093 1075 1226 1138 τούς·
1273 1077 1334 1130 τὰ
1392 1077 1484 1149 μὲν
1516 1082 1618 1152 γὰρ
1653 1075 1878 1151 αὐτουρ-

1147 1165 1398 1239 -τρόνοιαν
1448 1169 1544 1218 τοῦ
1598 1169 1730 1219 Θεοῦ
1789 1163 1881 1236 δη-

1202 1253 1336 1326 ’γος’
1398 1253 1458 1307 οὐ
1485 1255 1591 1326 μὴν
1627 1252 1797 1318 ἄλλος
1827 1253 1878 1308 ἐν

1254 1343 1527 1416 ἐστορίῳ.
1587 1341 1661 1398 Td
1714 1340 1770 1396 δὲ
1828 1341 1877 1396 ἐν

1302 1434 1428 1484 ὀων
1483 1430 1880 1504 ἀναμαρτήτως

1355 1525 1385 1578 ’,
1430 1518 1520 1573 καὶ
1554 1518 1880 1576 Ἀπολλινα-

1402 1606 1722 1679 ’παξαπλῶς
1752 1609 1880 1672 τοὺς

1506 1786 1681 1857 ’τητός
1735 1809 1879 1850 τινος

1579 1884 1710 1946 -νῆς,
1753 1876 1878 1946 ἤτοι

1723 2055 1876 2131 ἰσχύϊ

1784 2144 1872 2200 καὶ

1799 2258 1823 2286 τ
1831 2240 1874 2306 ᾧ

1155 2903 1161 2910 .
1209 2864 1311 2926 ιῆς
1345 2859 1638 2933 θεαρχικῆς
1668 2857 1867 2933 ἀγαθό-

1003 2975 1045 2997 ,J
1077 2943 1393 3022 κεφαλαίου.

880 3077 890 3087 .
972 3035 1218 3088 Τουτὲστι
1294 3035 1386 3089 τὸν
1447 3034 1606 3110 ἄρτον
1660 3037 1748 3090 καὶ
1804 3037 1867 3092 τὸ

672 3145 765 3194 μην
829 3126 933 3176 τῶν
990 3123 1155 3197 ἁγίων
1217 3121 1424 3198 δώρων.
1461 3125 1777 3198 Σημείωσαι
1812 3124 1867 3182 δὲ

515 3217 648 3284 ...λιώ
693 3205 1039 3282 συμϐολικὴν
1095 3211 1242 3287 λέγει
1291 3214 1387 3282 τὴν
1449 3216 1593 3277 θείαν
1655 3217 1867 3291 ἱερουρ-

1999 631 2173 686 modo
2208 647 2323 685 non
2356 631 2623 702 exsistit;
2663 631 2880 687 malum
2903 634 3058 688 enim
3091 633 3434 690 exsistentia
3474 639 3652 691 caret.

2067 720 2195 790 [Dei
2241 720 2577 792 principalis
2620 723 2894 778 bonitatix.
2949 723 3082 794 Agit
3112 725 3181 778 de
3207 724 3650 794 Incarnatione;

1997 811 2150 880 quod
2183 825 2312 864 eam
2348 809 2804 866 misericorditer
2840 812 3167 884 perfecerit.

2063 900 2173 952 Per
2201 915 2257 954 se
2287 907 2600 969 operantem
2647 901 2845 957 nostri.
2908 901 3054 956 Nota
3085 906 3418 959 accuratam
3447 903 3648 961 obser-

1996 988 2286 1042 vationem
2320 989 2711 1055 decretorum,
2763 1007 2888 1061 qua:
2940 990 2998 1045 in
3033 991 3411 1048 multitudine
3441 993 3647 1049 dictio-

1999 1093 2142 1132 num
2175 1077 2412 1145 dicitur,
2443 1084 2854 1150 expugnatque
2904 1097 3110 1137 omnes
3141 1081 3466 1138 haereticos.
3499 1082 3644 1138 Nam

1996 1181 2098 1236 per
2129 1182 2190 1220 se
2220 1171 2556 1237 operantem
2580 1168 2762 1224 fuisse
2783 1185 2922 1240 erga
2940 1186 3046 1224 nos
3071 1169 3172 1225 Dei
3195 1169 3647 1242 providentiam,

1995 1253 2268 1321 declarat,
2303 1256 2457 1326 quod
2491 1256 2741 1311 Verbum
2773 1256 2930 1312 idem
2962 1263 3084 1312 erat
3118 1261 3304 1328 Deus;
3340 1275 3456 1314 non
3515 1276 3648 1316 vero

1995 1344 2148 1398 alius
2201 1345 2260 1398 in
2313 1344 2447 1409 alio,
2482 1349 2545 1399 ut
2579 1346 2819 1416 quidam
2853 1363 2986 1402 cum
3019 1348 3285 1403 Nestorio
3319 1348 3643 1404 insaniunt.

1996 1432 2142 1487 Illud
2165 1448 2322 1498 vero,
2356 1432 2416 1486 in
2447 1449 2583 1488 vera
2612 1435 3059 1507 participatione
3082 1437 3347 1492 omnium
3381 1454 3508 1508 qua
3541 1455 3644 1493 no-

1994 1525 2116 1576 stra
2148 1525 2285 1576 sunt
2317 1521 2443 1577 sine
2476 1528 2731 1594 peccato,
2766 1529 2822 1578 et
2852 1525 3202 1581 Manichwos
3241 1529 3299 1582 et
3329 1525 3646 1598 Eutychia-

1992 1627 2120 1681 nos,
2166 1615 2223 1666 et
2275 1609 2667 1682 Apollinarios
2713 1616 2770 1668 et
2816 1613 3138 1686 Acephalos
3170 1619 3225 1671 et
3258 1631 3373 1670 uno
3404 1617 3642 1671 nomine

1994 1716 2198 1755 omnes
2223 1699 2526 1756 haereticos
2558 1702 2892 1772 prosternit.

2065 1789 2272 1843 Habitu
2309 1805 2407 1844 seu
2435 1793 2602 1855 statu,
2636 1789 2733 1844 Gr.
2765 1785 2943 1858 ἕξεως.
2975 1792 3177 1862 "Esaia:
3207 1792 3316 1848 hoc
3346 1792 3492 1858 loco,
3527 1810 3644 1848 non

1994 1877 2296 1949 qualitatis
2347 1879 2660 1949 cujusdam
2711 1879 2940 1934 stabilis
2990 1879 3477 1953 intelligendum:
3535 1882 3638 1937 sed

1987 1966 2530 2037 comprehensionis
2561 1973 2618 2022 et
2650 1967 2950 2022 ﬁrmitatis
2981 1973 3082 2023 aut
3111 1969 3478 2036 retentionis,

2052 2061 2173 2114 Non
2202 2056 2440 2111 viribus.
2490 2056 2636 2111 Nota
2685 2056 2981 2112 Christum
3016 2074 3134 2113 non
3168 2059 3257 2113 71
3290 2059 3496 2114 robore
3547 2059 3630 2113 vi-

1983 2145 2132 2200 cisse
2163 2145 2460 2200 diabolum
2489 2163 2502 2212 ;
2537 2145 2634 2200 sed
2663 2143 2888 2215 judicio
2920 2149 2978 2200 et
3001 2145 3258 2216 justitia.
3301 2151 3417 2203 Hoc
3450 2147 3628 2202 etiam

1981 2234 2294 2306 Gregorius
2325 2233 2622 2306 Nyssenus
2654 2234 2714 2289 in
2747 2234 3083 2290 Cateclzetico
3115 2235 3274 2290 dicit.

2051 2414 2238 2479 Beato,
2273 2411 2370 2467 Gr.
2405 2405 2620 2465 ὀλϐίου.
2655 2411 2851 2466 Diviti.
2885 2413 3146 2484 copioso.

2049 2503 2346 2571 Informem
2371 2499 2900 2572 pulchritudinibus.
2935 2502 3123 2556 Etiam
3158 2518 3338 2573 supra
3365 2502 3446 2557 ita
3479 2501 3628 2557 dixi-

1980 2589 2296 2660 mus,quod
2328 2584 2562 2642 ἀνείδεον
2592 2589 2982 2660 ignorationis
3016 2589 3324 2661 caliginem
3357 2589 3629 2646 dicat.Si-

1979 2679 2218 2750 gnificat
2249 2683 2443 2733 autem
2476 2677 2804 2732 libertatem
2839 2682 3122 2733 nostram.

2047 2767 2406 2824 Fazdissimis.
2440 2766 2982 2837 Coinquinatorum.

2049 2858 2078 2929 §
2108 2858 2226 2912 ΧΙΙ.
2262 2856 2484 2928 Semper
2508 2855 2893 2911 hierarchicis.
2934 2856 3146 2910 Divina:
3180 2854 3483 2926 bonitatis,
3516 2854 3630 2911 sic-

1977 2953 2042 3002 ut
2066 2947 2211 3002 dixit
2238 2946 2296 2999 in
2331 2945 2620 3016 principio
2655 2945 2884 3016 capitis.

2050 3035 2401 3101 Cotlaudans,
2457 3042 2558 3089 etc.
2611 3035 2670 3088 Id
2709 3037 2816 3104 est,
2853 3049 3064 3105 panem
3096 3037 3150 3088 et
3185 3033 3426 3088 calicem
3457 3032 3633 3088 bene-

1978 3126 2180 3180 dicens
2208 3129 2548 3180 sanctorum
2573 3124 2880 3178 donorum.
2906 3123 3054 3178 Nota
3077 3139 3210 3178 vero
3231 3123 3385 3194 quod
3411 3121 3632 3192 ubique

1980 3213 2406 3271 sacramentale
2437 3213 2579 3268 dicit
2608 3213 2874 3267 divinum
2910 3212 3290 3278 sacrificium,
3341 3215 3397 3267 et
3427 3214 3632 3267 sancta

355 3345 362 3358 ,
400 3300 488 3350 καὶ
521 3300 586 3353 τὰ
617 3300 740 3375 ἅγια
771 3297 920 3374 δῶρα
952 3286 1206 3374 σύμϐολα
1233 3306 1338 3355 τῶν
1368 3303 1474 3357 ἅνω
1522 3303 1610 3357 καὶ
1669 3286 1869 3375 ἀληθι-

2009 3306 2138 3360 lona
2166 3305 2537 3358 sacramenta
2566 3318 2694 3358 esse
2727 3301 3072 3368 caelestium,
3105 3305 3161 3356 et
3191 3301 3506 3356 veriorum.

237 3391 492 3461 κλήρων.

290 3475 398 3533 Τὸν
453 3477 556 3550 γὰρ
612 3474 1114 3551 ἐγκεκαλυμμένον.
1175 3479 1332 3536 Οὕτω
1369 3479 1457 3534 καὶ
1514 3479 1620 3556 πρὸ
1681 3480 1869 3557 ὀλίγου

230 3563 457 3640 εἴρηται,
510 3565 595 3620 ’ὁτι
644 3565 1057 3640 κεκαλυμμένον
1087 3564 1244 3640 ἔμενε
1269 3569 1331 3623 τὸ
1364 3575 1505 3633 θεῖον
1540 3567 1714 3643 δῶρον
1767 3569 1870 3633 ἕως

227 3655 411 3727 καιροῦ
465 3654 846 3729 μεταλήψεως,
898 3656 942 3710 εἰ
997 3657 1074 3730 μὴ
1127 3658 1227 3732 ἄρα
1274 3656 1683 3732 κεκαλυμμένον
1717 3659 1871 3734 λεγε-

231 3761 306 3796 ται
337 3741 402 3796 τὸ
435 3743 544 3798 ἀπὸ
582 3747 690 3798 τῶν
724 3741 952 3800 πολλῶν
983 3745 1072 3799 καὶ
1103 3742 1203 3816 ἔξω
1236 3745 1504 3815 ἑστώτων,
1536 3748 1625 3802 καὶ
1681 3747 1870 3811 ἁπλῶς

232 3829 426 3886 λαϊκῶν
461 3831 969 3907 ἀποκεκρυμμένον.

289 3921 366 3977 Τὸ
423 3920 525 3996 γὰρ
574 3918 632 3976 ἓν
693 3922 782 3976 καὶ
845 3921 1078 3980 ἁπλοῦν.
1143 3922 1361 3994 Ἐπειδὴ
1409 3925 1496 3979 καὶ
1545 3929 1728 4001 ψυχὴν
1757 3949 1870 3982 νοε-

232 4008 314 4078 ρᾶν
345 4011 434 4064 καὶ
471 4013 634 4082 σῶμα
679 4013 868 4086 γήϊνον
919 4006 1102 4068 ἔλαϐε.
1151 4015 1256 4087 [Ἐξ
1304 4017 1464 4084 ἡιλῶν
1499 4013 1873 4089 εἷδοποιούμε-

232 4118 334 4166 νον,
382 4100 532 4153 τοῦτ’
582 4098 692 4154 ἔστι
737 4101 800 4155 τὸ
843 4102 962 4154 καθ’
1009 4104 1156 4174 ἡμᾶς
1189 4101 1349 4173 εἶδος,
1381 4101 1550 4179 ἤγουν
1583 4107 1680 4172 τὴν
1714 4105 1868 4182 φύσιν

234 4182 454 4260 λαϐὼν·]
490 4187 809 4260 Σημείωσαι
840 4187 897 4244 δὲ
927 4195 1045 4252 πῶς
1077 4192 1332 4246 κοινωνοὶ
1365 4192 1506 4257 θείας
1536 4193 1743 4271 φύσεως
1779 4216 1870 4270 γι-

233 4270 424 4346 νόμεθα
454 4281 679 4350 Χριστῷ
704 4277 1007 4351 ἓνούμενοι.
1060 4280 1374 4354 Σημείωσαι
1406 4282 1493 4336 καὶ
1523 4270 1592 4337 τὰ
1618 4283 1740 4357 περὶ
1770 4292 1870 4353 τῆς

235 4362 562 4439 οἰκονομίας,
622 4366 712 4420 καὶ
766 4366 846 4429 τίς
900 4368 927 4422 ὁ
972 4369 1174 4446 φανεὶς,
1205 4369 1292 4425 καὶ
1331 4371 1410 4432 τίς
1445 4373 1478 4440 ἡ
1527 4372 1717 4434 κλάσις
1775 4377 1870 4428 τοῦ

235 4452 412 4526 ἄρτου,
441 4454 531 4508 καὶ
565 4451 822 4528 διανομή.

296 4546 422 4597 Κατ’
455 4543 642 4619 ἄκρον.
676 4543 924 4600 Τουτέστι
957 4548 1074 4602 κατ’
1107 4549 1269 4622 ἄκραν
1301 4545 1490 4604 ἕνωσιν
1516 4552 1602 4605 καὶ
1635 4549 1866 4619 τελείαν,

235 4630 314 4684 καὶ
344 4629 582 4704 οὖσιώδη
611 4634 730 4688 καθ’
764 4634 1052 4692 ὑπόστασιν
1085 4635 1288 4708 ἀληθῆ.

301 4806 642 4883 Ἀλωϐήτου.
676 4807 1000 4877 Ἀϐλαϐοὖς.

305 4902 416 4974 Χρή
446 4901 545 4976 γὰρ
577 4903 747 4973 ἡμᾶς.
801 4903 1116 4976 Σημείωσαι
1147 4903 1226 4966 τίς
1266 4905 1293 4959 ὁ
1326 4907 1524 4968 σκοπὸς
1571 4911 1668 4961 τοῦ
1715 4910 1872 4980 Χρισ-

244 4993 508 5061 τιανισμοῦ
525 4992 591 5046 ³³.

304 5076 408 5131 ’Τπ’
464 5074 590 5152 ὄψιν
650 5077 813 5154 ἄγων.
875 5081 1006 5155 Περὶ
1060 5086 1155 5135 τοῦ
1213 5083 1413 5156 Κυρίου
1473 5086 1632 5156 ἡμῶν
1693 5087 1871 5152 Ἰησοῦ

244 5163 462 5236 Χριστοῦ
495 5167 724 5232 ἐνταῦθα
755 5191 916 5244 φησιν
961 5169 1021 5224 οὐ
1056 5166 1428 5244 συμϐολικῶς,
1490 5173 1545 5227 ὅν
1601 5175 1686 5227 καὶ
1739 5195 1872 5244 νοη-

241 5252 326 5318 τὴν
383 5257 539 5328 ἡμῶν
601 5255 703 5332 ἔφη
769 5261 936 5329 ζωήν.
986 5261 1055 5314 Τὸ
1117 5258 1172 5314 δὲ
1219 5261 1496 5334 παντελεῖ,
1540 5260 1726 5330 ἐπειδὴ
1786 5263 1874 5318 καὶ

242 5342 411 5418 ψυχὴν
437 5345 646 5420 νοερὰν,
679 5346 769 5401 καὶ
804 5351 962 5422 σῶμα
994 5349 1188 5424 γήϊνον
1230 5347 1476 5408 ἀνέλαϐε.
1539 5352 1636 5406 Καὶ
1694 5350 1878 5415 καλῶς

2053 3483 2309 3554 Opertum
2334 3481 2502 3536 enim.
2552 3480 2646 3534 Sic
2687 3479 2858 3534 etiam
2893 3477 3066 3550 paulo
3101 3481 3234 3533 ante
3264 3477 3487 3532 dictum
3519 3481 3631 3547 est,

1981 3571 2134 3643 quod
2168 3574 2431 3643 opertum
2467 3569 2742 3624 manebat
2771 3567 3035 3623 divinum
3085 3567 3305 3622 donum
3338 3583 3526 3637 usque
3557 3567 3629 3621 ad

1979 3667 2214 3732 tempus
2240 3657 2673 3715 communionis
2703 3676 2716 3726 ;
2753 3657 2868 3713 nisi
2899 3657 3043 3713 forte
3074 3660 3342 3728 opertum
3391 3655 3630 3723 dicitur,

1979 3750 2038 3804 id
2071 3749 2226 3821 quod
2261 3747 2465 3803 multis
2493 3752 2549 3806 et
2579 3747 2652 3801 iis
2672 3747 2772 3819 qui
2805 3751 2966 3802 extra
2997 3750 3181 3812 stant,
3213 3748 3270 3801 et
3297 3761 3412 3800 uno
3436 3743 3632 3800 nomi-

1983 3856 2074 3909 ne,
2117 3837 2284 3894 laicis
2315 3836 2613 3893 occultum
2644 3842 2754 3892 est.

2056 3927 2285 3984 Unicum
2313 3925 2465 3982 enim
2497 3925 2664 3991 illud,
2697 3941 2760 3980 ac
2779 3924 3039 3995 simplex.
3061 3921 3545 3994 Quandoquidem
3573 3926 3632 3977 et

1982 4018 2238 4073 animam
2267 4014 2746 4084 intellectualem,
2771 4019 3051 4084 etcorpue
3065 4016 3365 4067 terrenum
3385 4010 3630 4082 accepit.

1983 4109 2086 4180 [Ex
2119 4106 2288 4162 nobis
2321 4107 2628 4168 formatus,
2660 4104 2767 4158 hoc
2799 4107 2906 4171 est,
2942 4101 3134 4173 specie
3159 4118 3262 4156 seu
3288 4107 3498 4156 natura
3529 4116 3630 4155 no-

1982 4200 2104 4250 stra
2134 4195 2484 4266 assumpta]
2520 4193 2667 4246 Nota
2698 4207 2852 4255 vero,
2877 4191 3168 4260 quomodo
3200 4189 3517 4260 participes
3548 4187 3634 4242 di-

1982 4285 2125 4341 vina:
2158 4289 2376 4339 natura)
2424 4280 2754 4337 efﬁciamur
2798 4279 3028 4336 Christo
3061 4277 3248 4333 uniti:
3285 4281 3425 4332 nota
3451 4277 3629 4332 etiam

1981 4390 2048 4430 ea
2077 4391 2201 4445 quae
2235 4372 2694 4427 incarnationem
2719 4370 3096 4438 attingunt,et
3118 4368 3254 4439 quis
3272 4364 3629 4438 apparuerit:

1981 4480 2110 4535 quae
2141 4462 2214 4516 sit
2242 4461 2444 4516 fractio
2479 4460 2650 4532 panis
2683 4464 2739 4514 et
2773 4457 3132 4513 distributio.

2050 4558 2159 4608 Per
2185 4567 2487 4617 summam,
2522 4550 2619 4604 Gr.
2653 4548 2768 4601 κατ’
2803 4543 2982 4622 ἄκρον.
3019 4547 3079 4601 ld
3111 4550 3200 4602 est
3230 4560 3464 4602 summa
3493 4560 3632 4600 con-

1901 4661 1948 4725 ι)
1971 4641 2276 4713 junctione
2306 4643 2362 4696 et
2396 4640 2668 4710 perfecta,
2694 4643 2869 4710 atque
2891 4634 3271 4693 substantiali
3303 4632 3630 4692 secundum

1981 4747 2178 4786 veram
2210 4728 2677 4785 subsistentiam.

2053 4821 2446 4885 Immaculata),
2481 4817 2578 4873 Gr.
2613 4809 2928 4885 ἀλωϐήτου.
2965 4817 3254 4870 Innocuae.

2059 4913 2286 4981 Oportet
2343 4909 2491 4962 enim
2539 4923 2654 4962 nos.
2705 4911 2871 4974 Nota,
2906 4904 3042 4976 quis
3100 4903 3233 4958 ﬁnis
3290 4899 3633 4957 Christianas

1989 4996 2386 5071 perfectionis.

2058 5087 2166 5141 Sub
2215 5095 2491 5157 aspectum
2538 5085 2839 5140 adducens.
2875 5087 2950 5138 De
2981 5081 3230 5138 Domino
3263 5081 3464 5135 nostro
3492 5077 3636 5133 Jesu

1987 5177 2215 5233 Christo
2250 5176 2358 5230 hoc
2392 5174 2514 5231 loco
2539 5174 2681 5230 dicit
2711 5191 2824 5229 non
2862 5189 2963 5244 per
2993 5171 3197 5242 signa;
3233 5185 3406 5242 quem
3457 5168 3635 5224 etiam

1988 5265 2309 5338 spiritalem
2332 5265 2510 5320 vitam
2545 5268 2808 5320 nostram
2840 5279 2968 5318 esse
2990 5261 3420 5316 dixit.Verbum
3439 5262 3636 5314 autem

1990 5358 2246 5408 παντεΛεῖ
2277 5354 2515 5409 adhibet
2545 5372 2556 5421 ;
2594 5357 2903 5424 propterea
2920 5351 3073 5423 quod
3100 5354 3157 5406 et
3185 5349 3448 5406 animum
3479 5363 3638 5406 men-

1242 5560 1472 5616 VARI/E
1513 5562 1898 5618 LECTIONES
1939 5564 2027 5618 ET
2064 5561 2622 5619 CORRECTl0NES.

315 5728 357 5768 ³¹
381 5728 796 5808 Εὖτυχιανιτάς.
872 5737 917 5773 ²²
946 5735 1248 5810 σημείωσαι
1282 5733 1357 5795 δέ.
1436 5740 1482 5775 ³³
1511 5743 1868 5816 Χριστιανῶν.
