4158 6370
410 456 513 513 147

413 674 657 731 scilicet.

485 762 836 835 Speculorum
867 762 1232 833 splendorem.
1266 760 1515 832 Specula
1547 759 1802 832 appellat
1831 762 2064 816 sancto-

414 868 545 908 rum
578 851 832 918 animos,
865 851 1020 921 quod
1055 849 1260 905 divinae
1293 848 1413 904 sint
1440 848 1589 904 lucis
1620 864 1885 920 capaces,
1915 848 2063 902 vim-

415 956 529 1012 que
579 954 709 994 eam
761 938 1039 1006 habeant,
1072 941 1136 993 ut
1168 937 1428 993 melioris
1458 936 1813 993 conditionis
1842 935 2067 991 similes

415 1028 555 1085 sint.

493 1120 792 1175 Penetrare
843 1117 1210 1188 cupientibus,
1240 1117 1335 1171 Gr.
1373 1112 1626 1188 ἐφιέντων
1688 1109 1901 1169 διϊέναι.
1954 1116 2069 1169 Ηοο

416 1206 927 1262 etiamlocoAttice
942 1206 1284 1277 loquens,ut
1304 1204 1945 1272 Atheniensis,verbum
1960 1202 2069 1257 hoc

418 1294 745 1350 construxit
776 1294 1013 1349 dicens:
1037 1296 1152 1345 Τῶν
1186 1295 1555 1366 μαρμαρυγῶν
1587 1288 1839 1367 ἐφιέντων
1869 1290 2064 1362 splen-

420 1382 664 1439 doribus
696 1382 1101 1454 cupientibus;
1137 1398 1269 1437 cum
1303 1382 1607 1437 debuisset
1636 1380 1825 1436 dicere
1858 1396 1960 1451 per
1989 1380 2069 1435 fe-

426 1470 691 1527 mineum
714 1468 984 1543 ἐφιεισῶν.
1010 1471 1159 1534 Quin
1187 1471 1363 1526 etiam
1395 1487 1575 1541 supra
1604 1469 1662 1524 in
1694 1469 1842 1524 libro
1873 1470 1945 1524 De
1972 1486 2071 1523 ca:-

420 1560 547 1616 lesti
576 1560 1051 1632 hierarchia,cap.
1082 1560 1117 1611 7
1150 1558 1338 1616 fusius
1380 1575 1567 1632 genus
1598 1557 1827 1614 dicendi
1858 1558 2071 1616 Attico-

419 1666 554 1704 rum
583 1665 713 1705 esse
741 1648 1049 1703 docuimus
1076 1665 1090 1716 ;
1125 1648 1205 1702 ibi
1236 1648 1419 1719 igitur
1445 1648 1642 1719 legito.

495 1738 762 1794 Caeterum
812 1738 1094 1809 pontiﬁcis
1148 1737 1283 1793 illa.
1332 1737 1503 1805 Nota,
1552 1753 1657 1791 cur
1705 1736 1965 1809 pontifex
2012 1738 2069 1793 in

422 1826 611 1895 altari,
644 1825 763 1882 sive
794 1827 853 1880 in
888 1825 1125 1893 sanctis,
1160 1824 1218 1879 id
1248 1829 1338 1880 est
1369 1830 1501 1881 ante
1532 1825 1653 1891 illa,
1682 1825 1974 1882 abluatur.

494 2006 561 2059 Et
589 2005 940 2061 summitatis.
974 2005 1231 2059 Summas
1262 2003 1573 2060 lavationis
1604 2005 1842 2061 scilicet.

495 2185 570 2238 Et
594 2184 655 2237 in
684 2190 981 2254 aspectum.
1016 2182 1247 2237 Diutius
1277 2188 1419 2237 tunc
1450 2184 1679 2237 obtecta
1705 2182 1899 2237 divina
1919 2182 2073 2238 dona

426 2270 972 2342 manebant,’usque
1002 2272 1073 2326 ad
1106 2275 1339 2343 tempus
1369 2276 1586 2326 sancta:
1618 2270 2071 2327 communionis:

425 2358 601 2431 idque
654 2359 829 2431 paulo
862 2364 993 2431 post
1021 2360 1307 2431 explicat;
1358 2364 1459 2414 aut
1507 2362 1779 2415 accurata
1819 2358 1940 2414 haec
1987 2362 2077 2415 est

423 2447 923 2519 explicatio,quod
956 2448 1217 2520 pontifex
1249 2447 1521 2503 attollens
1544 2452 1814 2503 sanctum
1840 2462 2073 2519 panem,

429 2537 774 2592 ostendebat
818 2537 1311 2605 benedictionem,
1346 2554 1449 2593 seu
1500 2541 1935 2593 sacramentum
1985 2537 2077 2592 di-

430 2640 569 2680 cens
594 2641 608 2680 :
641 2629 854 2681 Sancta
883 2625 1125 2681 sanctis.

502 2714 600 2768 70
632 2713 899 2780 Quaenam
928 2729 1110 2785 porro.
1142 2713 1568 2769 Providentiam
1602 2729 1740 2784 erga
1789 2729 1897 2769 nos
1946 2713 2076 2768 uni-

420 2819 675 2874 versam,
708 2805 881 2875 pauci
913 2808 1152 2870 norunt,
1183 2808 1284 2859 aut
1316 2803 1560 2859 forsitan
1612 2820 1683 2859 ne
1732 2804 1903 2875 pauci
1950 2803 2077 2875 qui-

423 2891 557 2947 dem
583 2910 600 2945 :
631 2894 688 2947 et
718 2896 957 2963 propter
988 2908 1162 2962 quam
1194 2891 1432 2946 oblatio.

498 2980 915 3051 Opitulatorem,
949 2980 1047 3035 Gr.
1083 2978 1319 3052 ἀρωγόν.
1354 2978 1736 3034 Auxiliarem.

499 3070 831 3124 Humanam.
863 3072 939 3123 De
967 3067 1275 3122 hominum
1306 3067 1499 3140 lapsu.

492 3247 914 3313 Prmorieatio,
950 3250 1045 3301 Gr.
1077 3240 1395 3320 ὑπερϐασία.
1429 3247 1864 3320 Transgressio.

1225 459 1594 512 APPENDIX
1630 460 1730 509 AD
1767 457 2005 512 OPERA
2046 459 2106 510 S.
2146 454 2460 509 DIONYSII
2498 455 2998 510 AREOPAGITE.

482 584 561 640 Ad
614 584 951 654 sacriﬁcium
1007 584 1265 655 expiatos
1321 599 1458 639 esse.
1511 583 1716 639 Divino
1778 580 2063 638 sacrificio

2245 578 2563 653 Ἰερουργίαν
2644 579 3124 654 ἀποκεκαθάρθαι.

3716 455 3816 510 148

3194 584 3275 654 Τῇ
3352 581 3471 651 θείᾳ
3529 579 3817 654 ἱερουργίᾳ

2174 664 2454 737 δηλονότι.

2244 755 2557 831 Ἐσόπτρων
2592 756 3156 833 ἀγλαίανξιἜσοπτρά
3180 778 3311 834 φησι
3350 756 3444 819 τὰς
3489 760 3597 812 τῶν
3650 756 3819 832 ἁγίων

2174 844 2379 919 ψυχὰς,
2411 846 2485 907 ὡς
2514 850 2611 899 τοῦ
2637 844 2781 899 θείοο
2825 846 3003 921 φωτὸς
3033 843 3301 919 δεκτικὰς,
3331 845 3420 901 καὶ
3450 852 3549 915 τῆς
3576 844 3823 922 κρείττο-

2174 954 2262 997 νος
2294 933 2504 1004 λήξεως
2540 935 2966 1012 ἀφομοιωτικάς.

2248 1112 2536 1189 Ἐφιὲντων
2570 1110 2782 1168 διϊὲναι.
2816 1114 2914 1167 Καὶ
2969 1115 3058 1166 νῦν
3119 1112 3460 1182 Ἀττικίζων,
3521 1114 3594 1175 ὡς
3648 1115 3822 1182 Ἀθη-

2187 1206 2362 1271 ναῖος,
2402 1202 2649 1272 συνέταξε
2677 1203 2739 1257 τὸ
2767 1201 2928 1278 ῥητὸν
2982 1203 3225 1280 φάσκων,
3281 1206 3389 1257 τῶν
3452 1207 3820 1278 μαρμαρυγῶν

2178 1287 2433 1363 ἐφιέντων
2464 1292 2561 1359 τὴν
2598 1290 2796 1345 οίκείαν
2849 1288 3063 1367 αἶ’γλην·
3099 1288 3220 1346 δὲον
3260 1292 3395 1365 πρὸς
3428 1292 3665 1362 θηλυκὸν
3714 1296 3823 1346 τῶν

2184 1383 2555 1454 μαρμαρυγῶν
2605 1378 2854 1454 ἐφιεισῶν
2911 1380 3102 1447 εἰπεῖν,
3150 1381 3179 1435 ’ὁ
3230 1377 3296 1448 δὴ
3338 1380 3428 1434 καὶ
3480 1377 3590 1435 ἄνω
3640 1380 3690 1434 ἐν
3735 1402 3824 1435 κε-

2180 1465 2400 1544 φαλαίῳ
2464 1470 2503 1536 ζ’
2576 1472 2671 1522 τοῦ
2730 1468 2860 1544 Περὶ
2936 1467 3187 1544 οὐρανίας
3255 1469 3536 1545 ἱεραρχίας
3604 1464 3823 1543 βιϐλίου

2181 1554 2517 1632 πλατύτερον
2554 1554 2851 1631 ἐδείξαμεν,
2884 1557 2958 1621 ὡς
3014 1558 3255 1615 ’Δττικὸν
3308 1558 3371 1612 τὸ
3431 1565 3642 1633 σχῖκμα.
3676 1558 3825 1615 Ἐκεῖ

2181 1646 2271 1700 οὖν
2305 1646 2595 1721 ἀνάγνωθι.

2250 1736 2314 1792 ἸΙ
2376 1732 2433 1790 δὶ
2489 1739 2584 1789 τοῦ
2642 1732 2925 1811 ἱεράρχου.
2983 1734 3321 1809 Σημείωσαι,
3371 1733 3461 1791 διὰ
3499 1734 3553 1791 τί
3585 1734 3673 1791 ἐπὶ
3728 1740 3827 1792 τοῦ

2182 1823 2566 1898 θυσιαστηρίου
2598 1822 2835 1879 νίπτεται
2868 1826 2895 1879 ὁ
2926 1824 3211 1901 ἱεράρχης,
3244 1822 3367 1896 ἤτοι
3400 1825 3487 1880 ἐπὶ
3515 1829 3623 1880 τῶν
3655 1824 3822 1901 ἁγίων

2102 1953 2149 2017 Β
2179 1912 2451 1969 τουτέστιν
2483 1909 2782 1988 ἔμπροσθεν
2812 1912 3006 1971 αὐτῶν.

2252 2004 2349 2057 Καὶ
2410 2006 2508 2073 τῆς
2568 2002 2909 2079 ἀκροτάτης.
2978 2008 3084 2073 Τῆς
3136 2004 3299 2077 ἄκρας
3352 2004 3663 2075 καθάρσεως
3720 2000 3828 2074 δη-

2180 2089 2343 2160 λαδή.

2255 2179 2350 2233 Καὶ
2388 2180 2475 2234 ὑπ’
2531 2176 2674 2252 ὄψιν.
2728 2178 2958 2236 Μᾶλλον
2991 2179 3113 2235 τότε
3132 2175 3319 2254 ἔμενον
3348 2180 3735 2253 κεκαλυμμένα
3762 2181 3830 2233 τὰ

2184 2274 2300 2331 θεῖοι
2350 2265 2515 2343 δῶρα,
2563 2265 2665 2329 ἓως
2715 2272 2910 2343 καιροῦ
2961 2271 3059 2333 τῆς
3106 2268 3263 2344 ἁγίας
3311 2269 3690 2342 μεταλήψεως·
3737 2267 3826 2322 καὶ

2182 2360 2342 2413 τοῦτο
2376 2353 2542 2426 δηλοῖ
2575 2357 2688 2427 μετ’
2722 2356 2905 2432 ὀλίγα.
2938 2359 3009 2414 "H
3026 2359 3153 2431 τόγε
3178 2353 3417 2432 ἀκριϐὲς,
3444 2357 3527 2413 ὅτι
3550 2356 3826 2435 κουφίζων

2184 2448 2213 2502 ὁ
2243 2445 2507 2521 ἱεράρχης
2536 2447 2628 2500 τὸν
2662 2446 2812 2520 ἅγιον
2840 2448 3024 2522 ἄρτον,
3054 2444 3258 2503 ἐδείκνυ
3291 2448 3389 2515 τὴν
3424 2446 3696 2521 εὐλογίαν,
3740 2445 3835 2503 λέ-

2184 2554 2336 2611 γωνι”
2371 2534 2437 2588 τά
2460 2539 2618 2610 ’Ἅγια
2644 2540 2763 2599 τοῖς
2788 2537 2963 2609 ἁγίοις

2259 2711 2427 2773 Τινάς
2463 2713 2557 2785 μὲν
2586 2710 2700 2768 οὖν.
2734 2713 2847 2775 Τὰς
2870 2712 2943 2774 είς
2974 2714 3124 2786 ἡμᾶς
3156 2712 3418 2789 προνοίας
3448 2713 3623 2775 πάσας
3654 2711 3839 2789 ὀλίγοι

2188 2799 2353 2867 ἴσασι,
2383 2802 2527 2875 τάχα
2568 2798 2625 2855 δὲ
2674 2797 2798 2855 οὐδὲ
2849 2800 3031 2879 ὀλίγοι
3089 2800 3255 2857 ί¹σασι³
3305 2801 3396 2857 καὶ
3443 2800 3568 2877 περῖ
3615 2801 3754 2857 τίνοι
3802 2804 3838 2871 ἡ

2190 2888 2563 2965 προσκομιδή.

2260 2978 2534 3054 Ἀρωγόν.
2569 2978 2804 3049 Βοηθόν.

2263 3068 2378 3136 Τὴν
2439 3067 2801 3144 ἀνθρωπείαν.
2854 3069 2983 3143 Περὶ
3040 3075 3140 3138 τῆς
3187 3071 3295 3123 τῶν
3338 3067 3634 3143 ἀνθρώπων
3666 3068 3839 3125 ἀποπ-

2189 3157 2429 3218 τώσεως.

2258 3240 2602 3321 Ὑπερϐασία.
2634 3239 2971 3321 Παραϐασία.

497 3336 623 3391 Suis
670 3317 1323 3406 propensionibusfHoc
1379 3339 1467 3391 est
1520 3317 1754 3408 proprio
1814 3336 2075 3393 arbitrio.

2262 3317 2501 3396 Οίκείαις
2537 3317 2751 3409 ῥοπαῖς.
2778 3338 2848 3391 Ὅ
2872 3333 3011 3388 ἐστιν
3046 3332 3449 3407 αὖθαιρὲτωςκ.
3483 3336 3543 3393 Ὁ
3574 3333 3632 3390 δὲ
3654 3334 3842 3390 σύντα-

428 3423 799 3480 Constructio
833 3425 903 3477 ad
935 3439 1002 3477 ea
1033 3440 1158 3494 quae
1186 3440 1368 3495 supra
1400 3424 1559 3479 dicta
1595 3429 1753 3491 sunt,
1787 3426 2078 3497 pertinet;

431 3513 576 3569 dixit
604 3512 762 3568 enim
795 3511 1119 3567 humanam
1152 3518 1424 3568 naturam
1456 3513 1573 3568 vita
1604 3513 1807 3570 multis
1838 3516 2008 3572 malis
2024 3521 2082 3572 et

428 3600 975 3675 perturbationibus
1025 3602 1277 3656 obnoxia
1325 3602 1556 3673 excipit.
1588 3602 1716 3658 Alia
1764 3620 1897 3659 vero
1944 3610 2083 3660 sunt

428 3688 805 3755 intermedia,
839 3687 910 3742 ab
943 3684 1259 3747 ἀκολούθως
1292 3686 1415 3761 γάρ,
1450 3705 1639 3760 usque
1670 3691 1741 3745 ad
1773 3685 1916 3743 ἔνθεν
1958 3688 2081 3746 ἐλε-

434 3796 576 3838 ινως.

502 3865 853 3921 Illecebrosis.
885 3864 1194 3920 Officiosis.

507 3954 807 4025 Originem.
841 3952 1325 4023 Quandoquidem
1360 3955 1549 4007 status
1581 3954 1766 4009 nostri
1797 3955 2082 4027 originem

435 4047 641 4098 aterra
662 4042 982 4111 habemus;
1010 4058 1221 4113 corpus
1254 4040 1409 4096 enim
1444 4047 1707 4097 nostrum
1742 4060 1809 4098 ex
1838 4060 1905 4099 ea
1942 4062 2081 4100 con-

434 4135 586 4188 stat:
616 4132 751 4202 jure
783 4148 847 4185 ac
881 4130 1090 4185 merito
1151 4134 1285 4201 post
1331 4131 1860 4201 transgressionem
1906 4134 2082 4189 finem

433 4221 613 4277 etiam
644 4219 931 4292 principio
965 4224 1427 4274 consentaneum
1460 4219 1765 4276 habemus.
1787 4221 1849 4276 In
1867 4226 2081 4277 terram

433 4310 590 4366 enim
620 4308 1479 4379 revertimur.Quandoquidem
1514 4308 1740 4365 dictum
1776 4311 1883 4367 sit:
1920 4312 2084 4369 Terra

430 4414 505 4467 es,
537 4402 588 4453 et
614 4400 671 4452 in
699 4407 907 4452 terram
936 4398 1227 4452 reverteris
1257 4398 1352 4467 (r).

502 4488 710 4542 Finem.
746 4488 863 4541 Hoc
888 4490 977 4541 est
1008 4490 1278 4541 mortem.

506 4575 631 4631 Vita
654 4591 775 4646 qum
806 4574 875 4629 ad
903 4590 1144 4645 superna
1198 4574 1404 4644 tendat,
1436 4577 1529 4629 Gr.
1566 4573 1852 4651 ἀναγώγου
1912 4581 2077 4646 ζωῆς.

434 4661 739 4738 Ἀνάγωγον
792 4662 969 4719 vitam
1001 4663 1143 4718 dicit
1173 4678 1301 4718 eam
1334 4680 1459 4734 quae
1494 4666 1795 4735 superiora
1854 4669 2075 4740 quaerit,

2211 4672 2301 4723 ίνω
2390 4673 2650 4737 ζητοῦσαν

434 4758 493 4810 et
523 4754 594 4809 ad
626 4754 801 4809 Deum
836 4755 1082 4824 spectat.

506 4842 690 4899 Multis
715 4842 1066 4915 passionibus
1099 4841 1397 4898 obnoxiam
1432 4843 1899 4899 immutationem.
1935 4846 2085 4909 Quid

437 4934 512 4991 sit
564 4930 863 4993 ἀλλοίωσις
896 4931 956 4987 in
988 4931 1351 5004 corporibus,
1386 4932 1443 4986 in
1476 4931 1623 4987 libro
1654 4934 1727 4987 De
1755 4933 1958 4990 divinis
1986 4952 2083 4990 no-

435 5022 675 5078 minibus
705 5021 983 5078 diximus.

506 5113 789 5180 Exitiosis,
822 5113 918 5167 Gr.
954 5106 1259 5183 δυσμενεῖς.
1291 5111 1686 5165 Erumnosis.

504 5202 568 5255 In
596 5205 770 5256 status
794 5201 1165 5272 privationem
1193 5200 1421 5255 misere.
1456 5198 1518 5253 In
1571 5203 1760 5255 status
1810 5201 2084 5273 privatio-

501 5436 579 5510 (r)
611 5436 753 5491 Gen.
787 5450 873 5502 III,
914 5435 998 5487 19.

2192 4934 2278 4988 ἐπὶ
2338 4935 2605 5006 σωμάτων
2644 4978 2657 5004 ,

2194 5020 2573 5095 διεξήλθομεν.

2190 3426 2268 3496 ξις
2322 3425 2457 3500 πρὸς
2515 3422 2579 3477 τά
2630 3421 2739 3477 ἅνω
2792 3421 3053 3497 εἰρημένα
3100 3422 3262 3478 ἐστίν·
3306 3424 3419 3479 εἶπε
3442 3423 3565 3499 γάρ,
3599 3422 3681 3479 ὅτι
3736 3424 3837 3493 τήν

2189 3512 2527 3588 ἀνθρωπείαν
2556 3512 2713 3589 φύσιν
2744 3513 2778 3582 ἡ
2819 3510 3273 3582 πολυπαθεστάτη
3332 3514 3444 3581 ζωὴ
3504 3510 3838 3589 διαδέχεται.

2191 3602 2274 3659 Τά
2305 3600 2362 3656 δὲ
2392 3598 2537 3656 ἄλλα
2593 3601 2682 3654 ὸιά
2736 3600 2921 3673 μὲσου,
2972 3600 3078 3655 ἀπὸ
3131 3603 3229 3655 τοῦ
3258 3598 3576 3666 ἀκολούθως
3606 3603 3707 3677 γάρ
3737 3597 3841 3663 ἓως

2190 3696 2286 3747 τοῦ
2318 3689 2463 3755 ἔνθεν
2495 3688 2765 3751 ἐλεεινῶς.

2267 3867 2605 3931 Θελκτικαῖς.
2642 3872 3081 3943 Θεραπευτικαῖς.

2265 3959 2341 4014 Τὸ
2366 3965 2465 4026 τῆς
2494 3958 2694 4032 ἀρχῆς.
2731 3953 2954 4023 Ἐπειδή
2982 3955 3069 4010 καὶ
3102 3956 3281 4031 ἀρχὴν
3311 3963 3412 4026 τῆς
3442 3959 3743 4022 συστάσεως
3778 3958 3839 4015 ἐκ

2194 4054 2295 4123 γῆς
2322 4045 2545 4122 ἔχομεν·
2579 4047 2639 4101 τὸ
2665 4047 2765 4121 γὰρ
2789 4046 3096 4118 σωματικὸν
3115 4048 3149 4114 ἠ
3160 4050 3276 4117 μῶν
3309 4044 3359 4116 ἐξ
3389 4046 3579 4117 αὐτῆς·
3614 4047 3841 4111 είκότως

2199 4136 2332 4208 μετά
2359 4137 2456 4203 τὴν
2488 4130 2791 4209 παράϐασιν
2826 4135 2914 4189 καὶ
2945 4136 3007 4191 τὸ
3057 4134 3216 4197 τέλος
3263 4134 3573 4212 πρόσφοδον
3630 4133 3832 4212 ἔχομεν

2194 4228 2260 4297 τῇ
2294 4226 2461 4300 ἀρχῇ·
2496 4223 2570 4285 εἷς
2596 4231 2695 4298 γῆν
2730 4224 2831 4298 γάρ
2865 4222 3207 4285 ἀναλύοντες·
3242 4222 3358 4279 ἐπεὶ
3388 4223 3618 4300 ἐρρήθη,
3649 4225 3731 4280 ὅτι
3764 4227 3840 4293 Γῆ

2193 4316 2261 4383 εἴ,
2290 4315 2377 4368 καὶ
2412 4312 2488 4377 εἰς
2516 4320 2614 4387 γῆν
2649 4311 2945 4387 ἀπελεύσῃ,

2264 4491 2461 4568 Πέρας.
2495 4491 2755 4548 Τουτὲστι
2785 4492 2875 4546 τὸν
2910 4490 3162 4554 θάνατον.

2261 4580 2574 4656 Ἀναγώγου
2637 4584 2811 4649 ζωῆς.
2868 4580 3179 4655 Ἀναγωγὸν
3256 4577 3357 4654 [Si]
3414 4580 3557 4649 ζωήν
3615 4581 3717 4649 τήν
3774 4579 3842 4635 τά

2689 4714 2703 4739 ,
2786 4669 2875 4723 καὶ
2959 4668 3097 4744 πρὸς
3178 4668 3305 4723 Θεὸν
3392 4667 3839 4744 ἆπεστραμμὲνην

2194 4757 2345 4834 φησί.

2266 4842 2753 4915 Πολυπαθεστάτην
2810 4842 3107 4900 ἀλλοίωσιν
3144 4887 3157 4902 .

3227 4843 3291 4901 Τί
3348 4842 3488 4899 ἐστιν
3540 4842 3842 4908 ἀλλοίωσις

2732 4933 2783 4988 ἐν
2836 4937 2915 5005 τῷ
2988 4933 3117 5008 Περὶ
3172 4937 3277 4987 τῶν
3333 4932 3487 4988 θείων
3552 4933 3838 5007 ὀνομάτων

2264 5117 2571 5184 Δυσμενεῖς.
2605 5110 3020 5183 Ταλαιπώρους.

2264 5168 2385 5263 Εἷςι
2419 5168 2753 5277 ἀνυπαρξίας
2811 5168 3060 5275 οίκτρως.
3124 5198 3219 5261 Εἰς
3270 5168 3595 5276 ἀνυπαρξίαν
3657 5198 3716 5256 δὲ
3746 5197 3839 5256 διὰ

1366 5684 1373 5691 .
1444 5632 1675 5688 VARI/E
1716 5632 2102 5689 LECTIONES
2140 5632 2230 5687 ET
2266 5629 2833 5689 CORRECTIONES.

503 5767 549 5802 ³ο
578 5783 668 5840 γρ.
702 5759 1058 5838 αὐθαιρὲτοις.
