4158 6370
248 411 350 466 149

1021 415 1078 463 S.
1120 415 1387 467 MAXIM!
1427 414 1729 468 SCHOLIA
1766 415 1838 466 IN
1879 415 2012 465 LIB.
2054 413 2150 464 DE
2188 414 2473 467 ECCLES.
2518 415 2910 468 HIERARCH.

3567 417 3674 472 150

241 534 342 602 τήν
373 533 674 607 ἁμαρτίανο
738 535 767 590 6
823 533 922 609 γὰρ
985 531 1313 609 ἁμαρτωλὸς
1366 532 1568 610 τρόπον
1626 534 1746 588 τινὰ
1803 532 1892 606 οὐ)

2029 549 2158 589 nem
2211 537 2448 606 propter
2487 539 2831 606 peccatum;
2883 538 3152 608 peccator
3192 536 3349 593 enim
3383 539 3673 611 quodam-

248 622 505 698 ὑπάρχει·
539 623 606 677 τὸ
636 624 741 698 γὰρ
769 623 931 677 κακὸν
961 621 1326 698 ἀνύπαρκτον.

313 713 706 787 [Ἀπιιροτάτη
753 710 1170 788 φιλανθρωπία.
1224 711 1354 784 Περὶ
1403 718 1503 781 τῆς
1560 711 1906 787 ένανθρωπή-

244 821 404 869 σεως,
435 803 518 855 ὅτι
555 800 760 870 ταύτην
796 801 1203 876 φιλανθρώπως
1234 800 1574 877 ἐνήργησεν.]

309 890 631 966 Αὖτουργὸν
691 893 877 963 ἡμῶν.
939 889 1260 962 Σημείωσαι
1317 891 1416 958 τὴν
1455 883 1736 963 ἀκρίϐειαν
1791 894 1899 945 τῶν

243 978 560 1054 δογμάτων,
609 979 662 1034 ἐν
712 978 1099 1050 πολυπληθείᾳ
1139 978 1332 1051 λέξεων
1385 979 1750 1055 φραζομένην,
1809 981 1897 1034 καὶ

243 1067 602 1142 πολεμοῦσαν
658 1069 861 1129 πάντας
921 1067 1247 1141 αἱρετικούς·
1293 1068 1354 1122 τὰ
1411 1069 1504 1140 μὲν
1536 1074 1638 1143 γὰρ
1672 1067 1898 1143 αὐτουρ-

241 1158 340 1230 γὸν
383 1156 631 1232 γενέσθαι
687 1157 784 1226 τήν
835 1154 914 1218 εἲς
966 1159 1113 1228 ἡμᾶς
1163 1157 1418 1230 πρόνοιαν
1468 1161 1564 1210 τοῦ
1618 1161 1749 1210 Θεοῦ
1808 1155 1901 1228 δη-

242 1245 360 1312 λοῖ,
421 1244 504 1299 ὅτι
570 1243 730 1308 αὐτὸς
788 1245 855 1314 ἦν
918 1246 944 1300 ὁ
998 1246 1128 1308 Θεὸς
1157 1244 1356 1320 Λόγος·
1418 1244 1478 1298 οὐ
1506 1246 1610 1318 μὴν
1646 1243 1817 1308 ἄλλος
1846 1245 1898 1300 ἐν

240 1333 426 1404 ἄλλῳ,
473 1333 550 1395 ὥς
597 1354 740 1395 τινες
777 1331 1060 1407 μαίνονται
1092 1332 1184 1386 σὺν
1244 1333 1547 1408 Νεστορίῳ.
1608 1332 1680 1390 Td
1735 1331 1791 1388 δὲ
1848 1333 1897 1388 ἐν

237 1421 444 1491 ἀληθεῖ
505 1423 712 1495 μεθέξει
764 1423 981 1476 πάντων
1028 1425 1137 1476 τῶν
1167 1423 1448 1495 ἡμετέρων
1503 1421 1900 1496 ἀναμαρτήτως

237 1510 330 1566 καὶ
363 1511 737 1585 Μανιχαίους,
774 1512 862 1565 καὶ
899 1510 1406 1585 Εὐτυχιανιστάς²¹,
1450 1509 1540 1565 καὶ
1573 1509 1900 1567 Ἀπολλινα-

237 1600 449 1674 ριστὰς,
481 1601 571 1654 καὶ
609 1600 974 1675 Ἀκεφάλους,
1034 1600 1124 1655 καὶ
1173 1600 1376 1661 πάντας
1409 1597 1742 1670 ἁπαξαπλῶς
1772 1600 1899 1664 τοὺς

237 1689 615 1763 αἱρετίζοντας
644 1683 1003 1747 καταϐάλλει,

312 1778 515 1849 Ἔξεως
550 1822 562 1834 .
644 1779 714 1832 Τὸ
788 1775 949 1850 ἕξεως
1005 1777 1230 1843 ἐνταῦθα
1285 1777 1346 1832 οὗ
1408 1777 1700 1850 ποιότητός
1754 1800 1898 1841 τινος

240 1867 492 1941 ἑμμόνου
522 1866 774 1940 νοητέον,
828 1866 977 1923 ἀλλὰ
1004 1869 1269 1941 καθέξεως
1317 1868 1408 1923 καὶ
1439 1865 1729 1941 διαμονῆς,
1773 1867 1898 1938 ἤτοι

240 1955 643 2033 κατασχέσεως.

311 2044 387 2102 Οὐ
445 2044 583 2100 κατά
637 2041 883 2118 δύναμιν.
948 2043 1289 2118 Σημείωσαι,
1348 2047 1430 2100 ὅτι
1482 2046 1581 2100 οὐκ
1627 2045 1678 2101 ἐν
1741 2045 1896 2122 ἰσχύϊ

238 2131 480 2202 ἐνίκησεν
533 2135 560 2188 6
617 2135 848 2209 Χριστὸς
902 2136 992 2190 τὸν
1047 2139 1309 2204 Σατανᾶν,
1371 2133 1517 2191 ἀλλὰ
1571 2136 1741 2210 κρίσει
1803 2136 1891 2191 καὶ

240 2220 576 2297 δικαιοσύνῃ.
631 2227 800 2279 Τοῦτο
859 2223 948 2278 καὶ
993 2223 1298 2300 Γρηγόριος
1363 2226 1391 2279 6
1443 2225 1655 2295 Νύσσης
1709 2226 1759 2280 ἐν
1814 2231 1892 2299 τῷ

243 2317 616 2387 Κατηχητικῷ
645 2333 830 2390 φησιν.

308 2396 562 2458 Ὀλϐίου.
596 2401 892 2456 Πλουσίου.

308 2489 572 2548 Ἀνείδεον
603 2489 852 2547 κάλλεσι.
889 2489 989 2548 Καὶ
1033 2491 1286 2567 ἀνωτέρω
1327 2490 1499 2554 οὕτως
1545 2489 1773 2567 ἔφημεν,
1807 2493 1887 2549 ὅτι

236 2575 469 2633 ἀνείδεον
503 2581 565 2634 τὸ
596 2585 696 2649 τῆς
745 2578 964 2654 ἀγνοίας
1015 2577 1206 2644 σκότος
1251 2579 1400 2657 φησί.
1457 2581 1721 2654 Σημαίνει
1774 2580 1892 2637 δὲ²²

235 2669 328 2736 τήν
362 2666 676 2742 ἐλευθεριαν
707 2670 892 2741 ἡμῶν.

301 2757 724 2830 Ἐναγεστάτων.
757 2755 1179 2830 Μεμιασμένων.

307 2849 335 2915 §
367 2850 492 2900 XII.
529 2845 640 2899 Ἀεὶ
669 2850 788 2907 ταῖς
817 2845 1183 2922 ἱεραρχικαῖς.
1216 2849 1330 2917 Τῆς
1363 2851 1658 2924 θεαρχικῆς
1687 2849 1886 2924 ἀγαθό-

237 2954 425 3004 τητος,
460 2935 534 2995 ὡς
565 2932 666 3010 ἔφη
701 2932 752 2988 ἐν
782 2934 931 3008 ἀρχῇ
970 2940 1066 2990 τοῦ
1094 2934 1412 3014 κεφαλαίου.

307 3023 584 3095 Ὑμνήσας
651 3020 709 3077 δὲ
782 3021 910 3080 καί.
989 3026 1237 3079 Τουτέστι
1313 3025 1405 3080 τὸν
1465 3024 1624 3100 ἄρτον
1679 3029 1766 3082 καὶ
1823 3029 1886 3083 τὸ

240 3113 505 3187 ποτήριον
540 3110 786 3187 εὐλογῶν
847 3116 952 3167 τῶν
1008 3113 1174 3188 ἁγίων
1235 3112 1443 3189 δώρων.
1478 3117 1796 3189 Σημείωσαι
1831 3115 1887 3172 δὲ

242 3201 320 3255 ὅτι
379 3205 668 3277 πανταχοῦ
710 3196 1058 3274 συμϐολικὴν
1113 3202 1260 3279 λέγει
1310 3205 1406 3273 τὴν
1467 3207 1612 3269 θείαν
1674 3208 1886 3282 ἱερουρ-

2020 624 2194 678 modo
2229 640 2343 678 non
2377 624 2643 694 exsistit;
2683 624 2901 680 malum
2924 627 3080 681 enim
3113 625 3455 682 exsistentia
3495 632 3673 684 caret.

2087 712 2214 782 [Dei
2261 713 2597 785 principalis
2641 715 2914 770 bonitatis.
2969 716 3103 787 Agit
3133 717 3202 771 de
3227 717 3670 787 Incarnatione;

2017 804 2171 872 quod
2203 817 2331 857 eam
2368 802 2824 859 misericorditer
2860 805 3188 876 perfecerit.

2085 892 2193 944 Per
2222 907 2277 946 se
2308 900 2621 962 operantem
2667 893 2866 949 nostri.
2927 894 3074 949 Nota
3105 899 3440 952 accuratam
3468 896 3669 953 obser-

2017 980 2306 1035 vationem
2340 981 2731 1048 decretorum,
2783 999 2908 1054 quae
2960 983 3019 1038 in
3054 983 3432 1040 multitudine
3462 985 3668 1042 dictio-

2020 1085 2163 1123 num
2195 1069 2433 1136 dicitur,
2463 1076 2874 1143 expugnatque
2924 1089 3130 1128 omnes
3161 1073 3487 1130 hareticos.
3519 1075 3665 1130 Nam

2016 1173 2117 1228 per
2149 1174 2210 1212 se
2240 1163 2576 1228 operantem
2601 1159 2782 1216 fuisse
2804 1177 2942 1232 erga
2960 1178 3066 1217 nos
3092 1162 3192 1218 Dei
3216 1162 3668 1235 providentiam,

2014 1245 2288 1312 declarat,
2323 1248 2477 1318 quod
2510 1248 2762 1303 Verbum
2793 1249 2949 1304 idem
2983 1254 3104 1305 erat
3139 1252 3325 1320 Deus;
3361 1268 3476 1307 non
3536 1269 3669 1308 vero

2015 1336 2167 1390 alius
2221 1336 2279 1390 in
2333 1336 2467 1401 alio,
2502 1341 2565 1391 ut
2599 1337 2839 1408 quidam
2873 1355 3006 1394 cum
3039 1340 3305 1396 Nestorio
3338 1341 3664 1397 insaniunt.

2015 1424 2162 1479 Illud
2185 1440 2342 1491 vero,
2376 1424 2436 1478 in
2467 1441 2602 1480 vera
2631 1426 3080 1499 participatione
3102 1429 3368 1485 omnium
3402 1447 3529 1501 quae
3563 1447 3665 1486 no-

2013 1517 2135 1568 stra
2167 1517 2305 1568 sunt
2337 1513 2464 1570 sine
2496 1520 2752 1586 peccato,
2785 1520 2841 1570 et
2871 1517 3222 1573 Manichaeos
3261 1523 3319 1574 et
3349 1518 3666 1591 Eutychia-

2012 1619 2140 1672 nos,
2186 1607 2243 1657 et
2295 1601 2686 1674 Apollinarios
2733 1609 2790 1660 et
2836 1605 3158 1678 Acephalos
3190 1611 3246 1664 et
3278 1625 3393 1663 uno
3424 1609 3663 1664 nomine

2013 1707 2217 1747 omnes
2243 1691 2545 1748 haereticos
2577 1694 2912 1764 prosternit.

2085 1781 2292 1835 Habitu
2329 1797 2426 1836 seu
2455 1785 2622 1847 statu,
2655 1782 2752 1836 Gr.
2784 1777 2962 1850 ἕξεως.
2995 1784 3198 1854 "Egeo;
3227 1785 3336 1840 hoc
3367 1785 3513 1852 loco,
3548 1802 3664 1841 non

2013 1869 2316 1942 qualitatis
2367 1871 2679 1941 cujusdam
2731 1871 2960 1927 stabilis
3010 1872 3498 1946 intelligendum:
3556 1875 3658 1930 sed

2006 1958 2550 2029 comprehensionis
2580 1965 2638 2014 et
2670 1959 2969 2014 firmitatis
3001 1966 3102 2016 aut
3130 1961 3498 2030 retentionis,

2072 2053 2192 2105 Non
2221 2048 2458 2103 viribus.
2510 2049 2656 2103 Nota
2704 2049 3000 2104 Christum
3035 2067 3153 2106 non
3188 2052 3277 2106 71
3310 2052 3516 2108 robore
3568 2051 3651 2107 vi-

2002 2136 2152 2192 cisse
2183 2136 2480 2192 diabolum
2508 2155 2522 2205 ;
2556 2137 2654 2192 sed
2682 2135 2908 2208 judicio
2939 2142 2998 2193 et
3020 2138 3278 2208 justitia.
3320 2144 3437 2196 Hoc
3471 2141 3648 2196 etiam

2000 2226 2313 2297 Gregorius
2343 2225 2642 2298 Nyssenus
2672 2226 2733 2281 in
2766 2227 3103 2283 Catec/zetico
3135 2227 3294 2283 dicit.

2070 2405 2258 2471 Beato,
2293 2403 2388 2459 Gr.
2425 2397 2640 2458 ὀλϐίου.
2674 2403 2870 2458 Diviti.
2905 2405 3166 2476 cOpioso.

2070 2495 2366 2563 Informem
2390 2492 2919 2564 pulchritudinibus.
2954 2495 3143 2548 Etiam
3178 2511 3357 2566 supra
3385 2495 3465 2549 ita
3499 2494 3648 2549 dixi-

2000 2581 2315 2652 mus,quod
2347 2577 2581 2634 ἀνείδεον
2612 2581 3002 2652 ignorationis
3036 2582 3345 2654 caliginem
3377 2582 3649 2638 dicat.Si-

1998 2671 2237 2742 gnificat
2268 2674 2463 2725 autem
2495 2669 2824 2724 libertatem
2857 2675 3142 2726 nostram.

2066 2759 2425 2816 Fredissz'mis.
2459 2759 3000 2830 Coinquinatorum.

2068 2850 2098 2922 §
2126 2849 2245 2904 ΧΙΙ.
2281 2848 2503 2920 Semper
2527 2848 2912 2903 hierarchicis.
2952 2848 3165 2902 Divime
3200 2847 3503 2918 bonitatis,
3535 2847 3649 2904 sic-

1996 2944 2061 2994 ut
2085 2938 2230 2994 dixit
2256 2939 2315 2992 in
2350 2937 2639 3009 principio
2674 2937 2903 3008 capitis.

2069 3027 2420 3093 Collaudans,
2476 3035 2577 3082 etc.
2629 3027 2689 3081 Id
2728 3030 2836 3096 est,
2872 3042 3082 3097 panem
3115 3029 3170 3080 et
3203 3025 3446 3081 calicem
3476 3025 3652 3081 bene-

1997 3118 2199 3173 dicens
2227 3121 2566 3172 sanctorum
2592 3116 2900 3170 donorum.
2924 3116 3072 3170 Nota
3096 3131 3229 3170 vero
3249 3115 3404 3186 quod
3430 3114 3651 3185 ubique

1999 3205 2425 3262 sacramentale
2456 3205 2598 3260 dicit
2627 3205 2892 3260 divinum
2929 3204 3308 3270 sacriﬁcium,
3360 3207 3416 3259 et
3446 3206 3652 3260 sancta

240 3290 385 3362 γίαν,
416 3289 508 3344 καὶ
537 3290 605 3344 τὰ
636 3291 758 3366 ἅγια
790 3288 938 3365 δῶρα
970 3288 1224 3365 σύμϐολα
1251 3297 1356 3346 τῶν
1386 3294 1493 3348 ἄνω
1540 3294 1628 3349 καὶ
1688 3293 1888 3367 ἀληθι-

2029 3298 2157 3351 lona
2185 3297 2556 3351 sacramenta
2585 3310 2713 3349 esse
2745 3294 3090 3362 ccclcstium,
3123 3297 3180 3348 et
3211 3293 3525 3348 veriorum.

241 3378 510 3452 νωτέρων.

309 3465 418 3523 Τόν
474 3468 574 3541 γὰρ
631 3465 1132 3542 ἐγκεκαλυμμένον.
1193 3469 1350 3527 Οὕτω
1387 3470 1476 3525 καὶ
1532 3470 1639 3546 πρὸ
1700 3471 1888 3548 ὀλίγου

244 3553 477 3629 εἴρηται,
529 3557 613 3610 ’ὁτι
663 3556 1076 3631 κεκαλυμμένον
1106 3554 1262 3632 ἔμενε
1287 3560 1349 3614 τὸ
1383 3566 1523 3623 θεῖον
1559 3558 1732 3634 δῶρον
1785 3560 1890 3624 ἓως

242 3645 431 3718 καιροῦ
484 3644 865 3720 μεταλήψεως,
916 3647 960 3701 εἰ
1016 3647 1091 3720 μή
1145 3649 1245 3722 ἄρα
1291 3647 1702 3723 κεκαλυμμένον
1736 3650 1890 3725 λέγε-

244 3753 326 3787 ται
358 3732 422 3788 τὸ
455 3733 563 3796 ἀπὸ
600 3737 709 3788 τῶν
742 3731 969 3790 πολλῶν
1001 3736 1090 3790 καὶ
1122 3733 1222 3807 ἔξω
1253 3736 1522 3806 ἑστώτων,
1555 3739 1644 3794 καὶ
1699 3738 1888 3802 ἁπλῶς

245 3820 445 3876 λαϊκῶν
479 3821 988 3898 ἀποκεκρυμμένον.

308 3912 385 3968 Τὸ
441 3911 544 3986 γὰρ
593 3908 650 3967 ἓν
711 3912 800 3968 καὶ
864 3911 1096 3970 ἁπλοῦν.
1159 3913 1380 3986 Ἐπειδή
1427 3916 1514 3970 καὶ
1563 3920 1746 3992 ψυχὴν
1776 3939 1888 3974 νοε-

245 3998 332 4071 ρᾶν
364 4001 452 4054 καὶ
489 4003 652 4071 σῶμα
696 4003 886 4076 γήϊνον
937 3996 1120 4058 ἔλαϐε.
1169 4005 1274 4078 [Ἐξ
1322 4008 1482 4074 ἡμῶν
1517 4004 1892 4081 εἷδοποιοῦμε-

243 4109 350 4156 νον,
400 4090 550 4144 τοῦτ’
600 4088 710 4144 ἔστι
755 4091 818 4145 τὸ
861 4093 979 4145 καθ’
1027 4095 1174 4165 ἡμᾶς
1207 4091 1366 4164 εἶδος,
1399 4092 1568 4170 ἤγουν
1601 4097 1698 4164 τὴν
1732 4096 1886 4174 φύσιν

246 4173 473 4251 λαϐὼν]
508 4178 827 4252 Σημείωσαι
858 4177 915 4235 δὲ
945 4185 1062 4244 πῶς
1095 4183 1350 4236 κοινωνοὶ
1383 4183 1525 4248 θείας
1554 4184 1761 4262 φύσεως
1799 4208 1888 4261 γι-

243 4262 441 4338 νόμεθα
474 4272 697 4341 Χριστῷ
723 4268 1024 4342 ένούμενοι.
1078 4271 1391 4345 Σημείωσαι
1425 4273 1511 4327 καὶ
1541 4275 1610 4328 τὰ
1637 4274 1759 4348 περὶ
1788 4282 1889 4344 τῆς

245 4354 581 4429 οἰκονομίας,
640 4357 730 4411 καὶ
784 4357 865 4420 τίς
918 4359 944 4412 ὁ
990 4359 1192 4437 φανεὶς,
1223 4361 1310 4416 καὶ
1349 4362 1428 4424 τίς
1463 4365 1496 4432 ἡ
1545 4363 1734 4426 κλάσις
1793 4368 1888 4418 τοῦ

245 4444 429 4519 ἄρτου,
460 4444 550 4498 καὶ
583 4442 841 4519 διανομή.

309 4536 440 4589 Κατ’
473 4535 659 4610 ἄκρον.
693 4534 942 4591 Τουτέστι
975 4539 1092 4593 κατ’
1125 4539 1287 4613 ἄκραν
1319 4536 1509 4595 ἕνωσιν
1534 4543 1620 4596 καὶ
1652 4539 1884 4610 τελείαν,

243 4622 324 4676 καὶ
357 4619 599 4694 οὐσιώδη
628 4625 748 4679 καθ’
782 4625 1069 4683 ὑπόστασιν
1103 4626 1306 4699 ἀληθῆ.

307 4797 659 4873 Ἀλωϐήτου.
694 4798 1018 4868 Ἀϐλαόοῦς.

309 4893 430 4967 Χρή
463 4891 564 4967 γὰρ
596 4894 765 4964 ἡμᾶς.
818 4893 1132 4966 Σημείωσαι
1165 4895 1244 4958 τίς
1283 4896 1311 4950 ὁ
1343 4898 1542 4958 σκοπὸς
1590 4902 1686 4952 τοῦ
1733 4900 1890 4972 Χρισ-

245 4984 526 5052 τιανισμοῦ
544 4982 609 5036 ³³.

309 5069 423 5122 ’Τπ’
481 5064 608 5142 ὄψιν
667 5067 831 5144 ἄγων.
891 5071 1023 5146 Περὶ
1078 5076 1172 5126 τοῦ
1231 5074 1430 5148 Κυρίου
1491 5077 1649 5146 ἡμῶν
1710 5077 1888 5144 Ἰησοῦ

245 5157 479 5229 Χριστοῦ
512 5157 741 5223 ἐνταῦθά
772 5181 934 5234 φησιν
979 5160 1038 5215 οὐ
1074 5158 1446 5235 συμϐολικῶς,
1507 5163 1563 5218 ὅν
1619 5165 1703 5218 καὶ
1757 5187 1890 5235 νοη-

241 5247 332 5313 τὴν
394 5249 556 5319 ἡμῶν
619 5245 721 5322 ἔφη
786 5251 954 5319 ζωήν.
1004 5251 1073 5304 Τὸ
1135 5249 1190 5306 δὲ
1237 5251 1514 5326 παντελεῖ,
1557 5251 1743 5322 ἐπειδή
1803 5254 1892 5309 καὶ

244 5336 422 5411 ψυχὴν
451 5336 663 5411 νοεράν,
697 5337 786 5392 καὶ
821 5342 980 5412 σῶμα
1011 5341 1206 5415 γήϊνον
1247 5337 1495 5400 ἀνέλαϐε.
1557 5343 1654 5396 Καὶ
1711 5342 1896 5407 καλῶς

2073 3475 2328 3546 Opertum
2353 3472 2520 3528 enim.
2570 3472 2664 3527 Sic
2706 3472 2877 3526 etiam
2912 3470 3085 3542 paulo
3119 3473 3252 3525 ante
3283 3470 3506 3524 dictum
3538 3473 3649 3540 est,

2000 3563 2152 3635 quod
2187 3565 2450 3634 opertum
2486 3561 2760 3616 manebat
2790 3560 3054 3616 divinum
3103 3560 3324 3614 donum
3356 3575 3545 3630 usque
3577 3559 3648 3614 ad

1998 3658 2232 3723 tempus
2258 3650 2692 3706 communionis
2722 3668 2734 3718 ;
2772 3649 2886 3705 nisi
2918 3650 3062 3704 forte
3093 3652 3360 3720 opertum
3410 3647 3648 3716 dicitur,

1998 3742 2057 3796 id
2090 3741 2244 3812 quod
2278 3739 2484 3795 multis
2511 3743 2568 3797 et
2598 3739 2670 3793 iis
2690 3739 2790 3811 qui
2823 3743 2985 3794 extra
3015 3742 3199 3804 stant,
3231 3741 3288 3793 et
3317 3754 3430 3793 uno
3455 3737 3651 3793 nomi-

2003 3847 2093 3900 ne,
2134 3829 2303 3886 laicis
2334 3828 2632 3884 occultum
2663 3834 2772 3884 est.

2075 3919 2304 3976 Unicum
2331 3917 2484 3973 enim
2515 3917 2682 3984 illud,
2716 3933 2778 3972 ac
2797 3916 3057 3988 simplex.
3079 3914 3563 3986 Quandoquidem
3592 3918 3650 3971 et

2001 4009 2257 4064 animam
2285 4006 2764 4076 intellectualem,
2789 4011 2843 4061 et
2858 4022 3069 4076 corpus
3083 4008 3383 4060 terrenum
3403 4003 3648 4074 accepit.

2002 4101 2104 4170 [Ex
2137 4097 2306 4153 nobis
2339 4098 2646 4160 formatus,
2679 4096 2786 4149 hoc
2817 4098 2924 4163 est,
2960 4093 3152 4165 specie
3177 4111 3280 4149 seu
3305 4099 3516 4148 natura
3546 4109 3648 4148 no-

2000 4191 2123 4241 stra
2153 4187 2503 4256 assumpta]
2538 4185 2686 4238 Nota
2716 4199 2871 4248 vero,
2895 4183 3187 4252 quomodo
3219 4181 3535 4252 participes
3566 4181 3652 4234 di-

2001 4276 2143 4332 vinae
2176 4280 2394 4330 natura)
2443 4272 2772 4328 efﬁciamur
2816 4271 3047 4328 Christo
3079 4270 3266 4325 uniti:
3303 4274 3443 4324 nota
3469 4269 3646 4324 etiam

1999 4381 2067 4421 ea
2096 4382 2220 4437 qua:
2253 4364 2713 4419 incarnationem
2737 4362 3115 4431 attingunt,et
3137 4359 3272 4431 quis
3290 4357 3647 4430 apparuerit:

1999 4472 2128 4527 quae
2159 4453 2234 4509 sit
2261 4452 2463 4508 fractio
2497 4451 2668 4524 panis
2701 4456 2758 4505 et
2791 4449 3151 4505 distributio.

2068 4549 2177 4600 Per
2205 4559 2506 4609 summam,
2541 4542 2638 4596 Gr.
2671 4540 2786 4593 κατ’
2821 4535 3000 4613 ἄκρον.
3037 4539 3098 4594 Id
3129 4543 3218 4594 cst
3248 4552 3482 4593 summa
3510 4552 3650 4592 con-

1919 4652 1966 4716 Ι)
1989 4633 2296 4704 junctione
2325 4635 2381 4687 et
2415 4632 2686 4702 perfecta,
2712 4634 2888 4702 atque
2910 4626 3290 4685 substantiali
3321 4625 3647 4683 secundum

1998 4739 2196 4777 veram
2229 4720 2695 4776 subsistentiam.

2071 4811 2464 4874 Immaculatw,
2498 4809 2596 4864 Gr.
2631 4801 2946 4876 ἂλωϐήτου.
2982 4809 3271 4862 Innocuac.

2077 4903 2305 4972 Oportet
2361 4900 2508 4953 enim
2556 4914 2672 4953 nos.
2723 4901 2889 4965 Nota,
2925 4895 3060 4967 quis
3117 4895 3250 4950 finis
3308 4890 3651 4948 Christianis

2006 4988 2404 5062 perfectionis.

2075 5079 2184 5133 Sub
2233 5085 2508 5149 aspectum
2555 5075 2856 5131 adducens.
2891 5079 2968 5130 De
2998 5072 3247 5129 Domino
3279 5072 3482 5126 nostro
3510 5068 3654 5125 Jesu

2005 5168 2233 5224 Christo
2266 5167 2375 5222 hoc
2408 5166 2532 5222 loco
2556 5166 2699 5221 dicit
2729 5182 2842 5220 non
2879 5181 2980 5235 per
3010 5162 3214 5234 signa;
3250 5176 3423 5232 quem
3475 5159 3653 5216 etiam

2006 5257 2326 5329 spiritalem
2350 5257 2529 5312 vitam
2563 5259 2826 5311 nostram
2857 5270 2985 5308 esse
3007 5251 3438 5307 dixit.Verbum
3456 5253 3654 5305 autem

2007 5350 2263 5399 παντελεῖ
2295 5345 2533 5401 adhibet
2563 5363 2574 5414 ;
2611 5348 2920 5416 propterea
2937 5342 3091 5413 quod
3117 5345 3173 5396 et
3202 5339 3464 5397 animum
3497 5355 3655 5396 men-

1259 5551 1490 5607 VARI/E
1530 5553 1915 5610 LECTIONES
1957 5555 2044 5608 ET
2082 5553 2640 5610 CORRECTIONES.

317 5723 361 5762 ³⁸
387 5721 814 5800 Εὐτυχιανιτάς.
889 5727 935 5763 ²²
963 5725 1266 5801 σημείωσαι
1299 5724 1375 5786 δέ.
1453 5731 1500 5766 ³³
1529 5734 1885 5806 Χριστιανῶν.
