4158 6370
462 434 561 488 151
1276 438 1644 491 APPENDIX
1684 441 1782 491 AD
1821 438 2063 491 OPERA
2099 437 2157 488 S.
2197 435 2510 490 DIONYSII
2550 438 3052 495 AREOPAGITE.

462 562 536 618 tis
571 561 944 633 participem,
995 564 1049 616 et
1097 565 1396 617 terrenum
1429 579 1640 635 corpus
1673 562 1901 635 accipit.
1937 562 2109 617 Recte

2255 559 2363 614 ίπεν
2443 560 2737 636 άσυγχύτῳ
2817 561 3220 637 ἐνανθρωπήσει
3253 583 3267 597 θ

465 651 640 707 etiam
658 649 803 705 dixit
822 652 1111 721 incon/usa
1133 652 1497 707 humanitatis
1518 654 1916 723 assumptione;
1947 667 2113 705 man-

463 742 539 797 sit
560 741 717 797 enim
743 742 891 796 Deus
917 740 1016 812 qui
1049 741 1224 796 homo
1246 742 1410 796 visus
1435 747 1543 809 est,
1568 742 1813 798 servatis
1845 741 2113 813 utrisque

458 834 679 886 natura
711 830 1167 902 proprietatibus
1193 851 1206 899 ;
1239 836 1291 886 et
1318 836 1456 887 nota
1473 837 1677 887 contra
1700 830 2111 903 Apollinarios.

526 921 780 975 Nostram
829 920 1057 991 speciem
1105 920 1443 976 induentem.
1500 922 1564 976 Id
1595 926 1684 976 est
1712 921 1967 993 speciem
2011 936 2112 975 no-

461 1012 649 1065 stram
683 1008 804 1065 sive
836 1015 1107 1065 naturam
1151 1026 1284 1065 cum
1318 1010 1756 1080 assumpsisset.

531 1100 841 1169 Participes
869 1098 983 1153 Dei.
1021 1098 1187 1168 Nota,
1220 1101 1510 1169 quomodo
1560 1099 1875 1171 participes
1906 1097 2114 1152 divinae

466 1191 687 1243 naturae
719 1186 1031 1254 efﬁcimur,
1063 1187 1293 1243 Christo
1324 1188 1645 1258 conjuncti.

542 1277 637 1333 ’12
688 1278 717 1349 §
763 1276 912 1332 XIV.
954 1278 1016 1331 In
1065 1277 1379 1347 gratiarum
1430 1278 1720 1344 actionem,
1762 1274 1855 1337 Εἰς
1897 1275 2115 1349 εὔχαρι-

468 1362 637 1419 στίαν.
668 1366 743 1421 De
773 1365 1132 1422 eucharistia
1161 1366 1323 1422 dicit.

539 1454 990 1511 Distributionem
1022 1456 1308 1511 antecedit.
1344 1455 1747 1511 Communiter
1767 1455 1982 1528 ἡγεῖται
2016 1471 2118 1526 pro

468 1547 791 1617 προηγεῖται
815 1544 1056 1615 ponitur
1080 1565 1093 1613 ;
1125 1546 1281 1616 quod
1314 1546 1570 1617 primum
1598 1548 1825 1616 oportet
1847 1544 2119 1599 sacerdo-

465 1637 584 1688 tem
618 1650 869 1701 sumere,
905 1636 1079 1704 atque
1112 1634 1191 1689 ita
1222 1634 1679 1690 communicare.
1712 1631 1981 1705 Sumptio
2012 1632 2121 1705 igi-

466 1726 563 1777 tur
592 1726 648 1777 et
676 1723 1014 1777 communio
1048 1723 1176 1793 ejus
1209 1723 1310 1795 qui
1350 1722 1585 1793 obtulit,
1640 1722 1947 1794 mysticam
1983 1720 2121 1777 reli-

469 1826 724 1883 quorum
755 1811 1231 1866 distributionem
1274 1811 1586 1867 antecedit.

3775 440 3881 495 152

3352 562 3530 637 ἔμεινε
3585 568 3690 641 γὰρ
3751 567 3880 629 Θεὸς

2223 645 2515 725 ἄνθρωπος
2570 650 2777 728 ὀφθεὶς,
2833 652 2921 705 καὶ
2991 652 3243 729 ἑκατέρας
3303 654 3516 732 φύσεως
3574 656 3760 724 σώζων
3815 656 3882 710 τὰ

2225 736 2519 811 ἰδιώματα·
2555 740 2644 794 καὶ
2678 739 2982 813 σημείωσαι
3013 743 3147 796 κατὰ
3168 740 3695 819 Ἀπολλιναριστῶν.

2294 917 2377 988 Ἐξ
2428 918 2590 989 ἡμῶν
2639 914 3107 991 εἶ’δοποιοόμενον.
3154 917 3413 974 Τουτὲστι
3457 920 3520 974 τὸ
3559 920 3677 983 καθ’
3726 921 3875 993 ἡμᾶς

2224 1001 2386 1073 εἶδος,
2417 1003 2586 1080 ἤγουν
2618 1007 2715 1075 τὴν
2752 1005 2906 1081 φύσιν
2940 1002 3199 1064 λαϐόντα,

2293 1096 2561 1150 Κοινωνοὶ
2591 1096 2745 1151 Θεοῦ.
2802 1096 3123 1169 Σημείωσαι
3164 1102 3283 1161 πῶς
3318 1096 3573 1153 κοινωνοὶ
3606 1097 3748 1160 θείας
3778 1096 3878 1172 φύ-

2226 1202 2361 1244 σεως
2391 1183 2672 1258 γινόμεθα,
2708 1190 2921 1258 Χριστῷ
2952 1184 3255 1259 ἐνούμενοι,

2296 1277 2322 1341 §
2354 1272 2495 1329 XIV.
2529 1271 2624 1335 Ei:
2658 1272 3025 1348 εὐχαριστίαν.
3051 1275 3179 1351 Περὶ
3213 1276 3579 1353 εὐχαριστίας.

2300 1449 2659 1513 Μεταδόσεως
2747 1454 2980 1529 ἡγεῖται.
3061 1454 3209 1508 Κατὰ
3292 1458 3479 1509 κοινοῦ
3522 1454 3584 1508 τὸ
3640 1456 3879 1529 ἡγεῖται,

2226 1538 2397 1614 ἤγουν
2453 1546 2791 1616 προηγεῖται”
2858 1541 2939 1596 ὅτι
2973 1546 3190 1615 πρῶτον
3244 1539 3325 1597 δεῖ
3367 1544 3457 1598 τὸν
3510 1543 3656 1619 ἱερέα
3713 1563 3875 1615 μετα-

2230 1623 2550 1701 λαμϐάνειν,
2582 1629 2671 1682 καὶ
2730 1629 2872 1683 οὕτω
2934 1628 3298 1703 μεταδιδόναι.
3349 1630 3557 1689 Οὐκοῦν
3588 1635 3623 1700 ἡ
3663 1631 3876 1705 μετοχή

2229 1719 2463 1793 ἡγεῖται,
2514 1719 2602 1772 καὶ
2641 1720 2675 1787 ἡ
2743 1717 3048 1794 μετάληψις
3101 1724 3198 1775 τοῦ
3258 1720 3727 1794 προσκομίσαντος
3778 1725 3879 1788 τῆς

2234 1812 2498 1877 μυστικῆς
2532 1803 2900 1879 διανεμήσεως
2929 1812 3035 1863 τῶν
3070 1806 3301 1865 λοιπῶν.

540 1899 761 1956 Divinis
806 1900 1170 1971 magisteriis.
1204 1900 1444 1965 Qualem
1476 1903 1737 1972 oporteat
1762 1900 2117 1956 sacerdotem

2303 1899 2431 1956 Ταῖς
2469 1892 2670 1958 ἐνθέοις
2725 1892 3121 1959 διδασκαλίαις.
3172 1898 3389 1953 Ὁποῖον
3449 1897 3529 1953 δεῖ
3586 1898 3674 1953 τὸν
3730 1894 3879 1972 ἱερέα

476 2006 626 2045 8886.

551 2079 657 2147 Qui
687 2090 885 2135 temere
915 2079 1239 2135 abutuntur.
1274 2080 1436 2145 Quod
1461 2080 1543 2135 ait
1562 2083 1651 2135 est
1672 2079 1962 2151 ejusmodi
1988 2095 2000 2133 :
2051 2077 2125 2133 Ut

474 2168 748 2224 sacerdos
778 2168 878 2239 qui
913 2185 1025 2225 non
1059 2169 1285 2241 primus
1319 2170 1473 2241 capit
1503 2186 1571 2226 ea
1601 2186 1724 2240 quae
1757 2168 2121 2240 obtulii,pro-

473 2257 648 2313 fanus
688 2260 779 2312 est
808 2275 821 2325 ;
882 2256 966 2312 sic
998 2257 1036 2312 ii
1070 2258 1169 2330 qui
1203 2259 1423 2314 audent
1453 2259 1657 2314 docere
1688 2259 1853 2326 alios,
1889 2274 1989 2313 nec
2039 2259 2123 2312 fa-

470 2345 637 2401 ciunt
693 2362 821 2416 qua
879 2346 1110 2417 docent,
1164 2347 1394 2418 profani
1445 2351 1620 2403 sunt:
1654 2348 1985 2403 faciendum
2034 2352 2123 2403 est

466 2434 644 2503 enim,
680 2438 855 2505 atque
904 2435 984 2490 ita
1028 2436 1378 2501 docendum,
1412 2437 1737 2492 secundum
1772 2437 1913 2490 illud
1949 2454 1982 2491 a
2011 2441 2120 2491 Do-

464 2522 624 2578 mino
654 2522 908 2579 dictum:
943 2525 1048 2592 Qui
1072 2526 1263 2596 fecerit
1313 2529 1368 2580 et
1408 2526 1679 2594 docuerit,
1737 2525 1827 2581 hic
1881 2542 2122 2595 magnus

460 2611 754 2668 vocabitur
783 2612 870 2684 (s).

532 2701 732 2757 Divina
762 2702 1053 2758 sententia.
1087 2701 1292 2757 Divina
1321 2701 1465 2774 lege.

539 2790 765 2847 Minime
794 2792 1137 2848 audendum.
1171 2793 1363 2847 Metue
1394 2792 1653 2847 omnino.

537 2881 875 2951 Aptatorem,
908 2885 1004 2936 Gr.
1038 2881 1335 2952 ἁρμοστήν.
1374 2881 1429 2935 Id
1461 2886 1549 2937 est
1597 2897 1943 2953 congruum.
1992 2881 2118 2954 Ἀρ-

472 2969 679 3039 μοστήν
715 2969 987 3025 dicebant
1034 2970 1451 3024 Lacedmmonii
1500 2986 1634 3024 eum
1667 2970 1766 3040 qui
1814 2970 2117 3040 prafectus

468 3061 593 3112 erat
624 3058 696 3113 ab
728 3057 875 3130 ipsis
908 3057 1153 3113 urbibus
1184 3062 1240 3113 et
1269 3058 1519 3130 Oppidis,
1554 3075 1678 3129 quae
1710 3074 1911 3114 eorum
1943 3058 2119 3114 ditio-

2235 1982 2386 2038 εἶναι.

2307 2073 2373 2128 Oi
2449 2073 2749 2147 τολμηρῶς
2830 2072 3299 2151 ἀποκεχρημένοι.
3377 2077 3447 2133 "0
3520 2074 3663 2151 λέγει
3720 2073 3885 2130 τοῦτό

2232 2163 2392 2219 ἐστιν·
2430 2163 2608 2237 ὥσπερ
2641 2167 2667 2219 ὁ
2701 2166 2864 2240 ἱερεῖς
2899 2167 2973 2237 μή
3007 2171 3223 2242 πρῶτος
3282 2162 3716 2239 μεταλαμϐάνων
3774 2170 3882 2221 τῶν

2233 2254 2321 2307 ὑπ’
2351 2253 2514 2308 αὐτοῦ
2561 2256 3101 2329 προσκομισθέντων,
3150 2255 3364 2331 ἀνίερός
3405 2255 3565 2310 ἐστιν·
3602 2255 3745 2310 οὕτω
3792 2256 3882 2310 καὶ

2231 2344 2282 2397 οἱ
2314 2340 2627 2415 τολμῶντες
2663 2340 2930 2398 διδάσκειν
2966 2342 3192 2417 ἄλλους,
3229 2346 3303 2417 μὴ
3357 2346 3683 2419 πράττοντες
3716 2342 3748 2398 ἃ
3802 2341 3886 2398 δι-

2230 2428 2535 2501 δάσκουσιν,
2594 2431 2797 2506 ἀνίεροί
2854 2433 2977 2487 εἰσι*
3039 2431 3121 2488 δεῖ
3170 2434 3270 2509 γὰρ
3316 2439 3492 2488 ποιεῖν
3530 2478 3544 2501 ,
3592 2434 3682 2488 καὶ
3743 2432 3888 2488 οὕτω

2228 2517 2531 2598 διδάσκειν,
2608 2521 2744 2575 κατᾶ
2813 2521 2874 2575 τὸ
2940 2519 3228 2598 εἰρημένον
3283 2521 3455 2577 imo"
3504 2525 3603 2577 τοῦ
3653 2520 3880 2596 Κυρίου’

2226 2594 2291 2665 Ὀ
2346 2611 2581 2679 ποιήσας
2639 2609 2727 2664 καὶ
2783 2594 3000 2683 διδάξας
3058 2609 3215 2673 οὗτος
3270 2609 3440 2686 μέγας
3517 2594 3881 2681 κληθήσεται.

2300 2696 2684 2770 Θεσμοθεσίας.
2726 2701 2835 2755 Τοῦ
2866 2698 3011 2754 θείου
3042 2701 3233 2772 νόμου.

2300 2786 2377 2841 Οὐ
2407 2786 2738 2860 τολμητέον.
2776 2782 3063 2858 Φοϐήθητι
3093 2791 3254 2844 πάνυ.

2299 2877 2631 2949 Ἀρμοστήν.
2692 2876 2978 2933 Τουτὲστιν
3035 2875 3301 2953 ἁρμόδιον
3337 2921 3350 2934 .
3398 2877 3710 2953 Ἀρμοστήν
3766 2873 3889 2933 ἔλε-

2226 2985 2322 3040 γον
2371 2966 2422 3018 οἱ
2483 2962 2925 3037 Λακεδαιμόνιοι,
2977 2967 3068 3020 τὸν
3131 2966 3520 3039 καθιστάμενον
3558 2967 3646 3021 ὑπ’
3704 2967 3884 3021 αὑτῶν

2228 3052 2469 3128 ἄρχοντα
2539 3058 2644 3108 τῶν
2727 3054 3094 3127 ὑποκειμένων
3173 3054 3356 3116 αὐτοῖς
3422 3054 3638 3110 πόλεων
3677 3101 3691 3127 ,
3739 3056 3893 3127 παρὰ

468 3148 564 3203 nis
615 3152 801 3215 erant,
861 3148 933 3202 ab
992 3144 1271 3220 ἁρμόζειν,
1329 3147 1386 3202 id
1448 3153 1537 3202 est
1585 3148 1839 3219 aptando
1887 3163 1985 3203 eos
2017 3149 2117 3220 qui

2260 3143 2286 3197 ὸ
2318 3142 2572 3216 ἁρμόζειν
2604 3142 2732 3205 τοὺς
2766 3142 3108 3218 ἀρχομένους
3158 3147 3254 3218 ζῇν
3304 3143 3440 3198 κατᾶ
3479 3143 3608 3206 τοὺς
3657 3144 3887 3217 νόμους,

466 3240 695 3309 parent,
743 3240 806 3291 ut
836 3236 1030 3292 vivant
1058 3253 1125 3291 ex
1158 3235 1407 3307 legibus.
1459 3236 1605 3291 Hinc
1634 3237 1804 3291 etiam
1842 3236 2118 3311 ἁρμοστῇ-

2228 3230 2346 3285 8θεν
2392 3231 2481 3285 καὶ
2531 3232 2881 3305 ἀρμοστῆρας
2930 3230 3095 3286 πάλιν
3149 3231 3377 3287 ἐκάλουν
3424 3234 3706 3303 Ἀθηναῖοι
3757 3232 3889 3294 τοὺς

467 3298 563 3399 ρας
616 3298 853 3383 rursum
905 3298 1280 3397 appellabant
1329 3325 1720 3381 Athenienses
1750 3298 1999 3396 eos,'qui

2258 3319 2305 3373 ic
2334 3321 2397 3373 τὸ
2429 3320 2482 3373 εὖ
2513 3324 2606 3393 ζῇν
2634 3317 3033 3388 διατάττοντας,
3068 3321 3141 3383 ὡς
3176 3325 3358 3398 σαφῶς
3392 3320 3619 3375 Πλάτων
3649 3322 3676 3375 ὁ
3706 3341 3884 3393 κωμι-

464 3415 616 3471 bene
645 3414 955 3470 vivendum
988 3413 1135 3470 alios
1168 3413 1501 3484 dirigebant
1529 3433 1541 3473 :
1595 3418 1659 3469 ut
1690 3414 1861 3486 plane
1891 3414 2029 3469 dicit
2057 3414 2115 3469 in

460 3505 727 3561 dramate
770 3504 990 3573 Legatis
1044 3503 1203 3560 Plato
1235 3504 1519 3559 comicus.
1565 3504 1682 3559 Hoc
1712 3503 1892 3575 igitur
1940 3504 2116 3559 etiam

460 3593 588 3650 loco
618 3593 934 3665 Dionysius
967 3593 1249 3667 ἁρμοστήν
1274 3593 1613 3665 episcopum
1656 3592 1925 3648 Ecclesiae
1956 3594 2117 3665 prin-

468 3684 659 3754 cipem
698 3682 930 3753 proprie
958 3681 1304 3737 nominavit.

540 3771 814 3838 Quoniam
845 3772 946 3841 qui
972 3774 1181 3825 sancta.
1224 3770 1371 3825 Nota
1403 3769 1544 3840 quid
1576 3769 1652 3825 sit
1684 3769 1922 3839 Gustaze,
1952 3778 2003 3825 et
2032 3771 2117 3825 vi-

468 3859 586 3916 dele
608 3860 692 3931 (t).

1093 3964 1163 4020 IN
1205 3965 1357 4020 CAP.
1403 3964 1495 4020 IV.

543 4077 570 4142 §
600 4077 643 4129 Ι.
676 4074 785 4129 Hoc
811 4072 970 4127 modo
999 4072 1068 4127 ad
1100 4072 1244 4127 illud
1275 4089 1468 4127 unum.
1508 4071 1624 4127 Hoc
1656 4075 1765 4136 est,
1800 4072 1870 4127 ad
1903 4071 2117 4128 intelli-

468 4162 649 4234 gibile
680 4166 737 4217 et
764 4161 1091 4232 spirituale.

540 4251 676 4307 Cum
730 4250 909 4307 odoris
965 4252 1279 4321 fragrantia
1336 4254 1716 4321 processione.
1779 4256 1881 4306 Pro
1906 4292 1922 4321 ,
1982 4267 2116 4305 cum

463 4341 773 4413 episcopus
806 4344 995 4394 totum
1024 4338 1311 4410 templum
1344 4339 1603 4394 incensis
1647 4339 1927 4394 odoribus
1956 4354 2116 4395 com-

464 4430 724 4499 pleverit.

538 4518 841 4573 Canticum.
900 4516 1111 4587 Ἄγιος,
1162 4516 1219 4571 id
1253 4520 1343 4571 est
1372 4516 1646 4583 Sanctus,
1698 4516 1957 4585 scilicet;
2016 4521 2115 4573 aut

473 4603 739 4660 Alleluia.

537 4696 602 4749 Et
630 4709 796 4763 super
825 4692 1020 4749 eo.Per
1049 4692 1247 4764 ipsum
1276 4693 1432 4749 enim
1467 4709 1639 4749 omne
1668 4695 1819 4765 quod
1849 4700 2116 4751 sanctum

466 4787 555 4839 est
588 4781 907 4853 perficitur.

538 4873 636 4927 IlI.
671 4870 701 4943 §
733 4872 773 4925 Ι.
810 4870 1045 4925 Sanctis.
1078 4869 1374 4926 Notavere
1392 4871 1659 4926 divinum
1690 4872 1929 4927 verbum
1959 4874 2114 4943 quod

462 4964 690 5031 oportet
720 4959 951 5015 divinos
984 4958 1135 5015 viros
1166 4957 1425 5015 occultas
1456 4959 1671 5015 habere
1701 4977 1733 5015 a
1764 4978 1910 5016 vana
1929 4962 2116 5032 gloria

458 5050 693 5105 virtutis
728 5049 1007 5105 actiones.

531 5138 925 5205 Simulacrum,
959 5138 1053 5191 Gr.
1088 5132 1331 5208 ἄγαλμα.
1366 5137 1587 5208 Imago.

528 5225 585 5280 Si
615 5226 698 5295 fas
723 5234 822 5295 est,
854 5230 951 5280 Gr.
986 5223 1031 5277 εἰ
1063 5224 1241 5296 θέμις.
1276 5225 1333 5281 Si
1358 5227 1615 5296 justum.

524 5316 585 5368 In
616 5316 877 5385 imagine.
914 5314 1031 5369 Etsi
1054 5314 1433 5371 immutatam
1458 5320 1633 5385 alque
1654 5316 1814 5371 omni
1846 5333 1914 5371 ex
1946 5321 2117 5391 parte

522 5482 592 5552 (s)
628 5481 836 5537 Matth.
871 5498 926 5548 ν,
963 5480 1049 5535 49.
1129 5485 1193 5551 (t)
1225 5482 1375 5538 Psal.
1407 5499 1610 5552 xxxm,
1642 5484 1696 5537 9.

2225 3410 2321 3469 κὸς
2353 3405 2522 3477 δηλοῖ
2547 3408 2599 3463 ἐν
2633 3404 2892 3483 Πρέσϐεσι
2925 3413 3003 3480 τῷ
3034 3406 3289 3484 δράματι.
3327 3408 3424 3464 Καὶ
3458 3410 3682 3463 ἐνταῦθα
3706 3409 3892 3464 τοίνυν

2226 3496 2528 3571 ἁρμοστὴν,
2556 3498 2647 3552 τὸν
2682 3495 2922 3573 ἅρχονια
2949 3505 3051 3567 τῆς
3101 3495 3429 3569 Ἐκκλησίας
3477 3497 3768 3554 ἐπίσκοπον
3805 3497 3886 3552 oi-

2225 3586 2383 3649 κείως
2414 3586 2683 3661 ὠνόμασε.

2296 3765 2377 3836 Τῇ
2405 3765 2509 3838 γὰρ
2539 3764 2676 3836 ἱερᾷ.
2735 3762 3049 3836 Σημείωσαι
3090 3761 3143 3818 τί
3176 3762 3285 3819 ἐστι
3316 3762 3400 3818 τό’
3433 3763 3728 3829 Γεύσασθαι
3787 3762 3881 3819 καὶ

2228 3848 2386 3908 ἴδετε.

2740 3961 2849 4016 ΕΙΣ
2892 3961 2981 4015 ΤΟ
3021 3960 3284 4016 ΚΕΦΑΛ.
3327 3961 3378 4014 Δ⁴

2298 4072 2324 4136 §
2356 4069 2400 4123 Ι.
2435 4064 2588 4119 Οὕτω
2620 4066 2756 4141 πρὸς
2785 4066 2847 4120 τὸ
2876 4062 2950 4123 ἓν.
2985 4068 3235 4121 Τουτὲστι
3269 4067 3405 4143 πρὸς
3431 4068 3494 4122 τὸ
3540 4067 3737 4138 νοητὸν
3787 4068 3881 4122 καὶ

2224 4154 2612 4227 πνευματικόν.

2297 4243 2548 4315 Εὐόσμου
2602 4248 2978 4317 περιαγωγῆς.
3033 4242 3180 4300 Ἀντὶ
3228 4248 3325 4299 τοῦ
3357 4246 3717 4320 θυμιάσαντος
3775 4249 3875 4301 τοῦ

2225 4331 2520 4387 ἐπισκόπου
2551 4336 2721 4385 πᾶσαν
2750 4332 2845 4399 τὴν
2881 4329 3189 4401 ἐκκλησίαν.

2295 4509 2637 4585 Μελῴδημα.
2698 4511 2775 4568 Τὸ
2801 4512 2993 4586 Ἄγιος
3026 4508 3301 4582 δηλονότι,
3360 4513 3394 4581 ἢ
3448 4513 3537 4568 καὶ
3579 4514 3641 4568 τὸ
3673 4511 3881 4586 Ἀλλη-

2225 4603 2407 4659 λούϊα.

2148 4667 2194 4731 D
2297 4692 2395 4747 Καὶ
2443 4692 2541 4759 τὴν
2597 4689 2679 4745 ἐπ’
2733 4690 2897 4763 αὐτῷ,
2933 4691 3012 4745 Δι’
3041 4689 3206 4745 αὐτοῦ
3248 4691 3353 4767 γὰρ
3393 4688 3529 4747 ’ἁπαν
3582 4693 3735 4769 ἅγιον
3787 4715 3875 4749 τε⁵

2227 4780 2489 4851 λειοῦται,

2297 4872 2389 4926 ΙΙΙ.
2424 4873 2450 4939 §
2482 4870 2523 4925 Ι.
2557 4871 2687 4929 Τοῖς
2711 4868 2879 4941 ἱεροῖς
2912 4874 2987 4939 Ση
3002 4866 3227 4941 μείωσαι
3256 4865 3480 4937 ἀληθῶς
3510 4873 3654 4933 θεῖον
3686 4866 3877 4944 λόγον,

2224 4958 2305 5013 ὅτι
2340 4956 2421 5013 δεῖ
2474 4957 2601 5019 τοὺς
2658 4959 2835 5021 θείους
2883 4955 3080 5031 ἄνδρας
3126 4954 3542 5031 κεκαλυμμένας
3592 4956 3737 5034 ἔχειν
3774 4960 3878 5015 ἀπὸ

2223 5046 2381 5119 δόξης
2414 5054 2573 5117 κενῆς
2606 5046 2700 5110 τὰς
2729 5053 2827 5115 τῆς
2858 5046 3057 5121 ἀρετῆς
3085 5046 3324 5122 πράξεις.

2291 5136 2468 5212 ’Ἄγαλ
2480 5158 2571 5211 μα.
2601 5136 2798 5193 Εἷκών.

2291 5226 2352 5281 Ei
2382 5227 2555 5299 οὲμις.
2590 5224 2648 5279 Ei
2674 5222 2907 5282 δίκαιον.

2288 5320 2378 5374 ’Ev
2408 5320 2475 5380 τῆ
2506 5313 2697 5371 εἷ’κόνι.
2729 5313 2791 5370 Ei
2833 5312 2923 5368 καὶ
2978 5312 3041 5368 τὸ
3085 5310 3507 5391 ἀπαράλλακτον
3554 5316 3645 5370 καὶ
3691 5316 3873 5391 πάντῃ

1474 5660 1710 5716 νΑΙιιιλΕ
1753 5661 2139 5719 LECTIONES
2177 5664 2267 5719 ET
2306 5657 2857 5719 CORRECTIONES.

527 5758 573 5792 "
602 5754 767 5833 παρὰ.
