4158 6370
280 455 381 511 153

1043 455 1101 507 S.
1145 451 1414 506 MAXIMI
1454 449 1760 504 SCHOLIA
1797 451 1870 502 IN
1908 449 2041 503 LIB.
2081 451 2177 502 DE
2214 451 2501 505 ECCLES.
2541 453 2934 506 HIERARCH.

3591 456 3696 511 154

276 574 479 650 ὅμοιον
540 572 658 650 ἔχει
691 577 726 645 ἡ
762 573 923 629 εἰκὼν
984 573 1116 649 πρὸς
1172 572 1236 627 τὸ
1268 572 1597 647 ἀρχέτυπον,
1626 568 1754 625 ἀλλ’
1782 570 1817 638 ἡ
1851 567 1934 623 οὐ-

2056 572 2365 643 perfectam
2416 573 2863 630 similitudinem
2909 575 3084 630 habet
3130 575 3346 648 imago,
3378 577 3449 633 ad
3493 592 3694 636 exem-

277 666 390 735 σία,
425 666 584 743 φησὶ,
622 662 889 739 διάφορος
921 681 933 694 ”
968 664 1002 731 ἡ
1041 660 1135 734 μὲν
1161 659 1261 736 γὰρ
1294 656 1507 733 ἄψυχος
1542 678 1554 691 ⁸
1587 659 1649 712 τὸ
1681 656 1738 713 δὶ
1766 655 1935 732 ἔμψυ-

283 775 387 831 χον
426 774 439 788 ⁸
471 754 565 808 καὶ
595 752 661 808 τὸ
694 753 788 825 μὶν
824 749 1085 821 ἀληθινὸν
1131 753 1269 819 ζῶον
1318 744 1557 821 ἔμπνοῦν
1590 767 1603 780 ·
1642 747 1706 802 τὸ
1756 744 1813 801 δὲ
1838 750 1934 800 τοῦ

278 842 571 921 ζωγράφου
603 840 762 917 ἔργον
788 840 848 895 ἐκ
876 843 1052 915 κηροῖο⁹
1081 838 1170 894 καὶ
1200 836 1517 913 χρωμάτων
1547 839 1594 873 ²⁶
1626 856 1639 869 ·
1673 835 1724 890 ἐν
1755 836 1934 907 τούτῳ

275 934 464 987 τοίνυν
522 933 625 1000 τῆς
686 927 949 1003 διαφορᾶς
1007 922 1414 1002 θεωρουμένης,
1471 928 1506 995 ἡ
1558 924 1824 995 ταυτότης
1881 923 1933 978 ἐν

286 1022 626 1099 ἀμφοτέροις
656 1022 726 1093 τῇ
759 1017 1048 1092 ὁμοιότητι
1082 1014 1367 1091 διάφορος.

349 1195 537 1256 ’Ίνδαλ
549 1217 642 1270 μα.
675 1194 994 1269 Ὁμοίωμα.

348 1288 617 1348 Εἰκότως.
648 1286 793 1361 Πρὸς
818 1284 881 1339 τὸ
914 1287 1056 1348 θεῖον
1089 1280 1299 1345 κάλλος
1332 1278 1627 1351 δηλονότι.

351 1381 553 1451 Δρῶσι.
583 1376 940 1449 Πράττουσιν.

354 1466 454 1527 Εἲς
511 1465 575 1519 τὸ
632 1465 909 1532 θεαθῆναι.
946 1459 1286 1534 Σημείωσαι,
1320 1462 1435 1521 πῶς
1487 1453 1818 1532 ἐκλαμϐάνει
1872 1458 1935 1513 τὸ

286 1555 364 1629 μὴ
402 1552 514 1609 δεῖν
546 1555 707 1627 ἡμῶν
739 1552 837 1614 τὰς
869 1550 1121 1612 εὐποιίας
1150 1548 1533 1621 ἐκπομπεύειν.

351 1643 506 1701 Εἰσὶν
561 1639 813 1703 εὐωδίας.
858 1640 1141 1695 Τουτέστιν
1173 1656 1185 1672 ⁸
1238 1638 1267 1692 ὁ
1330 1636 1459 1701 Θεός
1521 1640 1697 1710 (τοῦτο
1753 1635 1856 1712 γὰρ
1899 1639 1935 1706 ἡ

276 1728 523 1803 εὐωδία),
582 1731 646 1785 τὸ
705 1726 929 1800 ἀληθῶς
978 1726 1146 1783 καλὸν
1207 1726 1297 1803 ἀφ’
1352 1726 1548 1781 ἑαυτοῦ
1606 1728 1805 1796 ποιῶν,
1861 1724 1937 1787 εἷς

280 1822 520 1882 ἅπαντας
575 1818 675 1873 οὐκ
734 1817 1129 1894 ἐπιστρέφεται,
1189 1815 1462 1870 τουτέστιν
1535 1814 1596 1868 οὐ
1668 1814 1937 1891 φροντίζει

278 1903 580 1979 κενοδόξως
608 1909 717 1960 τῶν
774 1905 850 1978 μὴ
902 1900 1331 1980 ἀποδεχομένων
1384 1900 1491 1957 ἔσθ’
1522 1901 1613 1957 ὅτε
1658 1901 1754 1965 τὰς
1810 1902 1939 1978 παρ’

278 1995 444 2051 αὐτοῦ
475 1993 706 2072 κρίσεις,
740 1991 866 2049 οὐδὶ
912 1991 1220 2065 ἐπιτηδεύει
1266 1989 1421 2065 δόξαν
1470 1987 1616 2067 ἔχειν
1661 1991 1807 2067 παρά
1846 1991 1939 2045 άν-

285 2086 554 2158 θρώποις.

355 2178 383 2244 §
416 2176 486 2231 ΙΙ.
520 2175 612 2238 Ὠς
640 2170 906 2250 κρυφίων.
945 2168 1227 2232 Πολλάκις
1261 2170 1313 2224 ἐν
1344 2174 1422 2242 τῷ
1451 2168 1581 2245 Περὶ
1632 2170 1791 2223 θείων
1826 2168 1944 2223 ὀνο-

289 2264 474 2335 μάτων
505 2260 892 2333 ἐδηλώσαμεν,
911 2260 964 2316 τί
988 2258 1184 2330 νοητὸν
1214 2260 1306 2314 καὶ
1330 2259 1383 2313 τί
1412 2260 1621 2332 νοερόν.
1653 2262 1822 2313 Τοῦτο
1848 2257 1937 2312 οὖν

282 2352 373 2406 καὶ
406 2350 637 2415 ἐνταῦθά
679 2371 866 2425 φησιν,
900 2349 984 2405 ὅτι
1036 2353 1117 2421 τῷ
1169 2349 1470 2421 ἐπισκόπῳ,
1508 2348 1643 2424 ἁγίῳ
1701 2344 1834 2414 ὄντι,
1867 2346 1942 2411 ὠς

284 2445 533 2516 συγγενεῖ
560 2444 656 2494 106
691 2437 836 2503 θείου
886 2438 1065 2517 φωτὸς
1119 2436 1491 2493 ἀποκαλύπτει
1523 2439 1551 2492 ὸ
1583 2439 1732 2506 Θεὸς,
1766 2435 1826 2491 οὐ
1873 2434 1941 2491 δι’

279 2530 466 2605 ἑτερου
502 2525 858 2599 διδασκάλου,
890 2526 1017 2583 ἀλλ’
1049 2526 1208 2589 αὐτὸς
1241 2525 1400 2582 αὐτὸν
1443 2525 1717 2603 φωτίζων,
1745 2527 1808 2580 τὸ
1845 2547 1940 2599 μυ-

286 2620 513 2693 στήριον
542 2624 643 2688 τῆς
689 2618 919 2691 θεωρίας
968 2617 1054 2672 καὶ
1105 2621 1202 2671 106
1257 2616 1432 2691 μύρου
1467 2636 1479 2646 ·
1515 2613 1600 2670 διὸ
1658 2615 1805 2687 αὐτῷ
1859 2618 1937 2687 τῷ

278 2706 567 2780 ἐπισκόπῳ
617 2708 682 2761 οὐ
738 2705 1039 2779 περίκειναι
1094 2704 1363 2779 κάλυμμα
1412 2704 1547 2760 κατά
1612 2709 1709 2758 106
1790 2702 1937 2767 θείου

280 2796 457 2873 μύρου
513 2799 579 2864 ’⁸,
612 2793 740 2850 ἀλλ’
770 2794 1273 2868 ἀνακεκαλυμμένῳ
1320 2798 1603 2870 προσώπῳ
1659 2792 1795 2848 κατά
1845 2794 1934 2847 τὸν

280 2882 627 2941 Ἀπόστολον
653 2886 847 2959 θεωρεῖ
873 2884 939 2939 τὰ
974 2886 1245 2957 μυστήρια
1270 2905 1282 2918 ·
1315 2888 1431 2946 τοῖς
1462 2881 1518 2937 δὲ
1559 2884 1634 2956 μὴ
1682 2881 1934 2951 τελείοις,

285 2975 452 3051 χρεία
502 2969 821 3048 συμϐόλωνο
879 2971 962 3028 διὸ
991 2978 1111 3037 ταῖς
1137 2974 1353 3049 πτέρυξι
1385 2972 1802 3047 κεκαλυμμένον
1854 2972 1936 3048 γί-

282 3086 429 3119 νεται
460 3065 524 3119 τὸ
552 3064 702 3139 ἅγιον
739 3063 909 3137 μύρον
941 3068 1038 3117 106
1070 3067 1204 3118 Θεοῦ
1236 3060 1325 3117 διὰ
1370 3067 1471 3117 τοῦ
1524 3064 1789 3139 ἱεράρχου
1842 3083 1934 3135 με-

279 3158 505 3214 σοῦντος
538 3152 617 3214 εἷς
646 3154 714 3206 τὰ
742 3152 878 3224 πρὸς
910 3153 1035 3207 Θεὸν
1068 3151 1159 3207 καὶ
1209 3152 1299 3206 τὸν
1362 3149 1517 3220 λαὸν,
1550 3150 1638 3206 καὶ
1698 3150 1786 3205 διὰ
1833 3158 1935 3220 τῆς

2043 660 2203 733 plar:
2233 664 2329 718 73
2354 667 2548 718 tamen
2571 662 2881 719 dissimilis
2904 667 3012 735 est,
3036 664 3249 736 inquit,
3275 666 3564 737 essentia;
3592 667 3693 725 illa

2041 751 2197 806 enim
2230 751 2570 823 inanimata,
2602 752 2711 808 hoc
2740 769 2873 808 vero
2906 754 3262 823 animatum;
3313 758 3371 810 et
3416 756 3525 813 hoc
3556 756 3691 828 qui-

2043 840 2175 895 dem
2208 857 2409 896 verum
2441 841 2656 898 animal
2688 842 3038 914 animatum,
3071 841 3173 897 illa
3205 846 3397 899 autem
3446 845 3691 916 pictoris

2043 946 2192 1001 opus
2221 946 2287 985 ex
2321 947 2451 987 cera
2480 935 2537 986 et
2566 930 2878 987 coloribus.
2899 931 3044 987 Cum
3079 931 3264 1004 igitur
3293 934 3352 988 in
3387 933 3495 990 hoc
3526 934 3694 990 diffe-

2042 1019 2232 1075 rentia
2261 1021 2791 1088 cernatur,diversa
2822 1025 2912 1077 est
2944 1020 3335 1078 similitudine
3363 1021 3423 1077 in
3445 1026 3695 1095 utroque

2042 1112 2107 1164 ut
2136 1108 2219 1164 ita
2247 1110 2438 1165 dicam
2470 1109 2770 1165 identitas.

2115 1199 2422 1269 Impressio,
2456 1198 2554 1253 Gr.
2592 1194 2849 1270 ἰνδαλμα.
2882 1198 3233 1256 Similitudo.

2114 1286 2321 1343 Merito.
2357 1288 2443 1342 Ad
2476 1288 2733 1343 divinam
2765 1287 3271 1360 pulchritudinem
3300 1289 3538 1346 scilicet.

2115 1381 2406 1447 Formant,
2440 1377 2537 1432 Gr.
2572 1373 2761 1452 δρῶσι.
2796 1376 3062 1433 Faciunt.

2118 1466 2184 1523 Ut
2210 1466 2522 1522 videantur.
2555 1467 2724 1532 Nota,
2758 1467 3059 1537 quomodo
3122 1467 3391 1539 accipiat,
3426 1484 3541 1523 non
3573 1485 3703 1525 esse

2044 1570 2078 1609 a
2107 1553 2274 1609 nobis
2307 1553 2498 1626 palam
2531 1554 2903 1625 praedicanda
2935 1558 3092 1609 recte
3133 1555 3287 1611 facta
3318 1559 3539 1612 nostra.

2115 1643 2257 1698 Sunt
2281 1643 2410 1698 boni
2437 1643 2637 1699 odoris.
2686 1644 2801 1699 Hoc
2851 1648 2974 1699 est:
3030 1643 3204 1713 Deus,
3243 1644 3352 1700 hoc
3400 1645 3559 1701 enim
3609 1646 3699 1701 bo-

2043 1748 2149 1789 nus
2176 1732 2326 1800 odor,
2360 1732 2512 1804 quod
2544 1747 2677 1787 vere
2706 1733 2925 1788 bonum
2958 1749 2991 1788 a
3023 1748 3082 1788 se
3126 1733 3254 1805 ipso
3310 1733 3570 1803 faciens;
3623 1736 3696 1790 ad

2045 1838 2252 1878 omnes
2281 1838 2397 1877 non
2430 1820 2804 1887 convertitur,
2826 1821 2883 1875 id
2908 1825 3148 1888 est,non
3182 1826 3349 1877 curat
3380 1822 3536 1878 inani
3569 1822 3698 1895 glo-

2047 1912 2136 1968 ria
2163 1913 2375 1967 ductus
2402 1910 2637 1983 eos,qui
2658 1910 2974 1983 aliquando
3005 1927 3118 1966 non
3153 1910 3489 1984 suscipiunt
3511 1912 3700 1985 ipsius

2049 2002 2301 2071 decreta,
2338 2015 2527 2072 neque
2559 2000 2755 2056 studet
2800 1999 3050 2072 gloriam
3094 2000 3165 2055 ab
3212 2000 3544 2057 hominibus
3590 2001 3699 2058 ba-

2050 2091 2206 2148 bere.

2121 2178 2150 2251 §
2181 2178 2253 2234 Il.
2292 2180 2478 2249 Utpote
2504 2177 2753 2233 arcanis.
2787 2177 2949 2250 Saepe
2979 2177 3038 2232 in
3071 2177 3222 2233 libro
3251 2183 3329 2234 De
3356 2178 3561 2234 divinis
3590 2194 3694 2235 no-

2046 2267 2287 2323 minibus
2320 2266 2759 2339 explanavimus
2790 2267 2928 2338 quid
2962 2266 3041 2323 sit
3069 2266 3286 2336 νοητόν,
3320 2271 3377 2323 et
3407 2268 3545 2340 quid
3576 2287 3697 2321 νοε-

2048 2353 2164 2428 ρόν,
2198 2356 2255 2410 id
2287 2361 2376 2411 est
2406 2354 2778 2428 intelligibile
2834 2359 2892 2411 et
2945 2355 3302 2428 intelligens.
3341 2358 3456 2411 Hoc
3514 2357 3696 2429 igitur

2049 2445 2225 2500 etiam
2249 2445 2342 2499 hic
2372 2444 2514 2499 dicit
2543 2446 2699 2515 quod
2725 2444 3021 2518 episcopo,
3055 2449 3255 2500 sancto
3282 2445 3607 2510 exsistenti,
3629 2449 3696 2501 ut

2047 2532 2418 2590 afﬁnidivini
2442 2533 2688 2589 luminis
2720 2533 2934 2589 revelat
2984 2534 3158 2602 Deus,
3194 2550 3307 2589 non
3360 2550 3463 2605 per
3512 2533 3694 2589 alium

2047 2628 2483 2694 praeceptorem,
2534 2622 2634 2677 sed
2687 2622 2811 2694 ipse
2858 2621 3057 2693 ipsum
3104 2620 3430 2690 illustrans,
3480 2624 3695 2693 myste-

2046 2711 2195 2766 rium
2232 2710 2744 2783 contemplationis
2774 2714 2832 2766 et
2863 2710 3191 2779 unctionis;
3223 2726 3402 2781 quare
3426 2709 3539 2782 ipsi
3573 2709 3699 2780 epi-

2042 2817 2217 2872 scopo
2250 2817 2364 2856 non
2398 2799 2774 2870 circumjacet
2802 2798 2997 2855 velum
3028 2798 3088 2853 in
3119 2798 3315 2855 divino
3347 2803 3648 2872 unguento
3676 2822 3692 2867 ;

2044 2890 2145 2947 sed
2179 2889 2429 2944 revelata
2462 2888 2605 2943 facie
2631 2888 2949 2944 secundum
2972 2887 3314 2959 Apostolum
3334 2887 3696 2960 contempla-

2042 2983 2140 3034 tur
2156 2978 2428 3050 mysteria
2449 2978 2552 3050 (u);
2572 2994 2682 3032 non
2704 2977 2974 3049 perfectis
2988 2981 3359 3050 autem,opus
3374 2980 3464 3033 est
3479 2976 3689 3049 signis;

2045 3068 2173 3124 ideo
2207 3066 2314 3123 alis
2347 3066 2601 3122 velatum
2629 3071 2720 3121 est
2750 3067 3014 3121 divinum
3049 3071 3419 3138 unguentum
3453 3082 3555 3138 per
3580 3066 3698 3138 epi-

2044 3174 2287 3230 scopum
2321 3161 2684 3228 sequestrem
2717 3156 2868 3211 inter
2899 3156 3084 3211 Deum
3116 3160 3172 3211 et
3202 3156 3578 3228 populum,et
3599 3172 3699 3226 per

278 3241 573 3319 ἑρμηνείας
642 3240 1049 3304 ἀκαλύπτοντος
1101 3243 1167 3295 τὰ
1226 3236 1499 3313 σύμϐολα.
1560 3239 1805 3315 Θεωροὺς
1880 3238 1934 3294 δὲ

2056 3246 2484 3318 explicationem
2521 3245 2830 3301 revelantis
2866 3245 3057 3318 signa.
3092 3244 3339 3318 Θεωρούς
3365 3261 3503 3301 vero
3534 3249 3701 3300 vocat

275 3330 434 3386 καλεῖ
460 3330 591 3392 τοὺς
618 3328 965 3396 ἐπισκόπους,
1021 3327 1211 3399 ἐπειδή
1242 3329 1331 3383 καὶ
1363 3331 1491 3406 παρ’
1520 3328 1759 3400 Ἕλλησι
1794 3341 1931 3393 θεω-

2056 3335 2379 3407 apiscopos;
2405 3334 2541 3407 quia
2561 3335 2735 3390 etiam
2765 3334 2921 3405 apud
2953 3334 3182 3391 Graecos
3213 3332 3462 3406 gentiles
3496 3332 3697 3406 θεωροί

279 3421 362 3496 poi
386 3419 683 3475 ἐκαλοῦντο
714 3420 765 3474 οἱ
797 3415 1245 3494 προϐαλλόμενοι
1277 3420 1425 3495 παρά
1456 3420 1671 3474 πάντων
1730 3417 1927 3493 ἐπερω-

274 3514 368 3580 τᾷν
398 3510 493 3565 τὸν
524 3508 653 3563 Θεὸν
686 3508 809 3584 περῖ
845 3505 1189 3580 μελλόντων,
1221 3507 1309 3562 καὶ
1341 3506 1527 3570 θυσίας
1565 3509 1696 3583 ὑπὲρ
1754 3507 1926 3562 αὐτῶν

274 3597 624 3673 προσφέρειν,
656 3598 745 3652 καὶ
784 3594 1119 3668 ἐξιλεοῦσθαι
1181 3597 1313 3672 ὑπὲρ
1374 3596 1573 3655 αὐτῶν,
1603 3595 1927 3669 ’Δνομοίους

277 3684 333 3741 δὲ
362 3684 525 3740 καλεῖ
552 3686 680 3748 τοὺς
713 3684 923 3747 ἀτελεῖς
951 3682 1047 3740 106
1081 3685 1216 3741 λαοῦ
1242 3704 1253 3716 ⁶
1287 3690 1448 3740 τοῦτο
1480 3685 1577 3759 γὰρ
1610 3685 1755 3757 αὐτῷ
1784 3680 1926 3749 ἔθος.

276 3772 437 3847 [Οὐδὲ
490 3774 592 3850 γὰρ
651 3771 1053 3847 ἀποκρύπτεται
1106 3772 1235 3836 τοὺς
1289 3772 1534 3847 νοεροὺς,
1562 3772 1690 3829 ἀλλ’
1718 3774 1928 3852 ἀφανής

275 3863 381 3919 ἐστι
412 3868 534 3919 τοῖς⁹
571 3860 856 3939 βιϐλίοις.]

341 3953 717 4029 Αἷνιγμάτων.
778 3954 854 4006 Δι’
910 3951 1244 4026 αἰνιγμάτων
1327 3950 1427 4027 γὰρ
1484 3952 1575 4007 καὶ
1631 3946 1924 4025 συμϐόλων

277 4042 407 4116 πρὸς
436 4044 535 4112 τὴν
570 4042 772 4097 ἑαυτῶν
802 4040 1072 4096 ἀσθένειαν
1122 4042 1274 4096 αὗται
1329 4043 1384 4095 αἱ
1429 4041 1605 4113 τάξεις
1658 4043 1925 4119 φωτίζον-

276 4150 378 4187 ται.

340 4223 499 4290 §III.
539 4224 651 4288 Τῆς
704 4222 811 4273 τῶν
867 4219 1221 4295 ἱεραρχικῶν.
1253 4216 1472 4274 Τελειοῖ
1496 4221 1596 4296 γὰρ
1646 4221 1820 4274 πάντα
1861 4221 1924 4275 τὸ

278 4314 414 4372 θεῖον
472 4307 642 4384 μύρον
693 4306 1106 4382 ἐπιχριόμενον,
1153 4308 1330 4383 ὥσπερ
1388 4310 1422 4377 ἡ
1473 4307 1777 4383 μετάληψις
1826 4313 1924 4364 106

276 4400 424 4475 ἁγίου
457 4400 717 4471 σώματος
747 4397 836 4452 καὶ
866 4396 1119 4471 α’ίματος.

339 4492 468 4546 Τῶν
500 4487 680 4544 θείων.
714 4486 916 4549 Ηάντες
949 4488 1051 4562 γὰρ
1082 4488 1132 4541 οἱ
1166 4485 1591 4561 εὐωδιαζόμενοι
1642 4495 1741 4560 τῆς
1778 4488 1920 4551 θείας

276 4583 541 4651 μυστικῆς
570 4574 805 4639 εὐωδίας
840 4572 1347 4650 μεταλαμϐάνουσιν
1376 4576 1678 4651 ἀναλόγως.

2038 3423 2488 3495 appellabantur
2519 3423 2617 3495 qui
2650 3422 2930 3494 propositi
2962 3426 3130 3478 erant
3170 3423 3242 3477 ab
3292 3421 3589 3485 omnibus,
3627 3426 3693 3477 ut

2034 3512 2652 3583 interrogarentDeum
2687 3511 2758 3565 de
2793 3512 3027 3577 futuris,
3052 3514 3109 3566 et
3140 3509 3365 3566 hostias
3397 3525 3501 3579 pro
3543 3509 3694 3581 ipsis

2036 3600 2330 3665 offerrent,
2349 3603 2406 3654 et
2438 3599 2757 3671 prepitium
2789 3599 3103 3654 redderent
3132 3614 3308 3670 super
3337 3597 3519 3668 ipsos.
3538 3595 3692 3651 Ἀνο-

2040 3686 2229 3762 μοίους
2263 3692 2458 3744 autem
2490 3691 2657 3744 vocat
2688 3688 2888 3743 minus
2921 3687 3209 3760 perfectos
3237 3686 3297 3741 in
3330 3684 3547 3758 populo
3574 3703 3588 3754 ;
3637 3684 3689 3741 is

2035 3779 2192 3835 enim
2224 3779 2275 3834 ei
2309 3794 2438 3835 mos
2463 3781 2573 3834 est.
2607 3776 2750 3850 [Non
2780 3779 2931 3834 enim
2987 3778 3119 3833 latet
3166 3776 3556 3848 intelligentes,
3588 3774 3691 3830 sed

2033 3870 2293 3924 obscurus
2322 3871 2402 3923 est
2432 3867 2491 3922 in
2529 3866 2735 3939 libris.]

2107 3957 2313 4026 Quibus
2370 3957 2565 4027 signis,
2614 3955 2711 4013 Gr.
2764 3951 3126 4028 αἲνιγμάτων.
3188 3954 3294 4010 Per
3350 3953 3690 4027 enigmata,

2034 4046 2249 4118 inquit,
2281 4049 2337 4101 et
2368 4045 2534 4116 signa
2564 4044 2622 4099 hi
2655 4043 2891 4100 ordines
2917 4044 3359 4100 accommodate
3385 4044 3455 4099 ad
3488 4059 3690 4099 eorum

2037 4135 2442 4191 infirmitatem
2474 4133 2866 4188 illustrantur.

2103 4223 2133 4296 §
2166 4224 2260 4279 III.
2284 4221 2762 4278 Hz'erarchiarum.
2782 4220 3010 4275 Perﬁcit
3025 4219 3182 4275 enim
3202 4219 3400 4277 omnia
3418 4220 3682 4275 divinum

2034 4316 2396 4385 unguentum
2412 4327 2544 4366 cum
2558 4308 3683 4380 etfunditur,quemadmodumsumptio

2032 4402 2219 4458 sancti
2251 4400 2511 4472 corporis
2542 4404 2599 4455 et
2628 4397 2959 4471 sanguinis.

2105 4480 2452 4546 Divinarum.
2486 4490 2702 4545 Omnes
2734 4489 2892 4544 enim
2924 4488 3076 4544 bono
3111 4489 3210 4544 74
3235 4487 3410 4544 odore
3442 4486 3684 4560 perfusi,

2032 4580 2215 4635 divini
2246 4595 2311 4635 ac
2341 4578 2574 4651 mystici
2624 4578 2822 4634 odoris
2872 4578 3185 4649 suavitate,
3216 4594 3320 4649 pro
3371 4580 3545 4649 captu
3578 4592 3685 4633 suo

2032 4669 2405 4741 participant.

340 4753 797 4830 Ἐνεργουμὲνων.
848 4755 964 4807 Τῶν
1025 4750 1416 4825 δαιμονώντων
1476 4753 1564 4808 καὶ
1622 4753 1696 4816 εἷς
1754 4754 1917 4811 ἀσέλ-

2100 4760 2621 4830 Energumenorum.
2675 4761 2715 4810 Α
2771 4755 3138 4812 daemonibus
3199 4756 3573 4829 agitatorum,
3625 4758 3681 4810 et

273 4864 422 4918 γειαν
454 4841 871 4917 τετραμμένων,
902 4840 1028 4918 περὶ
1070 4842 1142 4895 ὧν
1201 4842 1290 4897 καὶ
1342 4842 1394 4896 ἐν
1441 4847 1520 4915 τῷ
1577 4843 1683 4919 πρὸ
1726 4844 1919 4899 τούτου

2056 4847 2099 4902 .d
2135 4847 2440 4902 libidinem
2473 4861 2889 4901 conversorum
2915 4862 2929 4900 :
2964 4846 3036 4900 de
3067 4844 3282 4917 quibus
3301 4845 3478 4901 etiam
3501 4843 3559 4898 in
3583 4856 3679 4898 su-

272 4931 550 5011 κεφαλαίῳ
583 4932 736 5010 φησί.
779 4929 972 4985 Πτοίαν
1014 4928 1071 4986 δὲ
1120 4930 1295 5007 λέγει,
1330 4933 1493 4987 οἱονεί
1534 4928 1787 5009 θόρυϐον,
1819 4934 1919 5011 φό-

273 5017 382 5093 ϐον,
415 5022 674 5091 πτόησιν,
702 5019 935 5091 ἀπάτην.

336 5112 469 5172 Τοῖς
506 5107 564 5164 δὲ
594 5108 671 5173 εἷς
697 5113 844 5166 νοῦν.
881 5107 977 5163 Διά
1000 5107 1127 5171 τοὺς
1160 5106 1212 5163 ἐν
1248 5111 1507 5183 μετανοίᾳ
1536 5109 1719 5188 φησίν.

335 5201 613 5276 Ἄγουσιν.
649 5195 921 5261 Εὕτακτος
970 5197 1287 5268 ἀκολουθία,
1339 5199 1428 5254 καὶ
1485 5194 1741 5262 ἀνάϐασις
1799 5206 1915 5264 τοῖς

274 5288 438 5364 ἁγίοις
470 5286 852 5358 κατάλληλος.

337 5480 415 5552 (u)
446 5480 496 5537 II
524 5484 653 5537 Cor.
687 5493 772 5549 ιιι,
806 5480 892 5535 18.

2028 4936 2254 5007 periere
2283 4935 2471 5006 capite
2494 4934 2653 4991 dicit.
2688 4932 2889 4989 ΙΙτοίαν
2913 4950 3046 4990 vero
3069 4934 3230 5001 dicit,
3255 4932 3425 5004 quasi
3453 4930 3675 4987 tumul-

2028 5032 2186 5095 tum,
2222 5030 2475 5096 metum,
2508 5029 2815 5091 terrorem,
2852 5023 3073 5079 dolum.

2098 5117 2171 5170 Iis
2200 5131 2324 5169 vero
2354 5116 2451 5186 qui
2480 5114 2550 5170 ad
2577 5117 2834 5169 mentem.
2872 5113 3111 5185 Propter
3141 5110 3484 5183 pcenitentes
3518 5110 3679 5167 dicit.

2099 5205 2446 5260 Promovent.
2526 5203 2698 5259 Recte
2775 5202 3062 5274 disposita
3133 5200 3554 5273 consequentia
3623 5204 3684 5258 et

2027 5310 2310 5350 ascensus
2341 5291 2562 5351 sanctis
2593 5294 3040 5348 consentaneus.

1275 5611 1519 5669 VARle
1560 5614 1958 5673 LECTIONES
1997 5616 2090 5672 ET
2130 5613 2669 5673 CORRECTIONES

341 5763 385 5800 ³⁵
411 5760 755 5839 γραφόμενον
787 5714 940 5837 ἔργον
984 5757 1044 5816 ἐκ
1074 5758 1411 5837 χρωμάτων.
1492 5764 1537 5801 ³⁸
1565 5762 1630 5818 τὸ
1661 5763 1802 5820 θεῖον
1833 5764 2025 5839 μύρον.
