4158 6370
424 426 527 482 155

1229 432 1595 484 APPENDIX
1632 433 1732 484 ΔΙ)
1770 432 2009 485 OPERA
2048 433 2108 484 S.
2149 431 2469 487 DIONYSII
2511 434 3015 489 AREOPAGITE.

3723 432 3833 486 156

498 555 963 628 Uniformitatem,
994 555 1092 613 Gr.
1126 553 1380 617 ὲνοιιδᾶς.
1414 552 1683 618 Ἑνοειδὲς
1728 557 1870 613 dicit
1902 572 2065 612 men-

2248 556 2317 610 Τὸ
2378 555 2630 620 ἐνοειδές.
2699 560 2769 613 Τὸ
2827 556 3057 621 ἐνοειδὲς
3129 579 3260 636 φησι
3316 559 3380 612 τὸ
3436 558 3572 634 πρὸς
3626 558 3689 613 τὸ
3744 556 3833 625 ἓν,

425 647 545 702 tem
574 646 787 717 ipsam,
823 663 949 719 qua:
986 646 1268 711 unum,id
1304 651 1393 703 est
1420 653 1605 703 Deum
1636 647 1793 703 videt
1825 664 1838 703 :
1898 663 2075 717 quam

427 734 605 791 etiam
655 734 809 790 uniri
842 735 923 790 ait
952 751 1086 790 cum
1119 752 1234 791 uno
1264 735 1416 807 ipso,
1450 740 1625 807 atque
1674 737 1803 807 eius
1850 734 2080 807 explere

425 823 728 881 unionem.

497 914 525 981 §
556 913 644 968 IV.
680 913 824 981 Quid
850 929 1035 985 porro,
1060 913 1157 969 Gr.
1200 913 1251 966 τί
1304 910 1378 970 δὲ.
1419 915 1527 970 Per
1559 915 1797 970 modum
1831 916 2079 970 interro-

425 1002 609 1075 gandi
638 1002 765 1074 lege
796 1003 950 1058 hunc
984 1003 1199 1059 locum.

504 1090 566 1146 Si
594 1093 749 1147 enim
785 1108 991 1147 rerum.
1027 1097 1248 1148 Bonum
1282 1093 1516 1148 odorem
1551 1091 1913 1163 sensibilem,
1947 1109 2081 1148 sen-

427 1196 561 1236 sum
594 1180 949 1253 alere,dicit,
964 1186 1023 1237 et
1054 1182 1265 1252 facere,
1288 1186 1353 1237 ut
1378 1182 1525 1237 bene
1557 1182 1633 1237 sit
1660 1183 1916 1238 affectus.

495 1269 705 1325 Judicii
757 1272 964 1340 vigore,
997 1271 1093 1327 Gr.
1144 1273 1423 1343 κριτικοῦ.
1484 1269 1732 1344 Κρίτικόν
1766 1271 1907 1326 dicit
1961 1271 2077 1325 vim

427 1358 637 1415 anima:
656 1359 1121 1429 dijudicativam,
1147 1376 1249 1415 seu
1272 1360 1685 1416 intellectivam
1710 1379 1721 1427 ;
1760 1377 1935 1431 quam
1968 1359 2081 1415 nisi

428 1464 462 1504 a
492 1448 885 1519 prepensione
916 1449 988 1503 ad
1023 1448 1246 1503 malum
1280 1454 1582 1521 purgetur,
1618 1466 1919 1519 nunquam
1947 1465 2078 1505 sen-

428 1553 563 1594 sum
598 1536 778 1592 divini
811 1536 945 1591 boni
983 1538 1179 1592 odoris
1212 1542 1615 1609 percepturam
1643 1538 1802 1594 dicit.

499 1625 751 1696 Uberem,
784 1625 881 1681 Gr.
916 1618 1106 1682 ὄλϐον.
1140 1626 1406 1682 Divitias.

490 1716 750 1771 Suaviter
804 1715 1039 1786 affectae,
1072 1714 1171 1771 Gr.
1206 1711 1492 1788 ἡδόμενοι.
1527 1716 1635 1772 Pro
1695 1716 1847 1773 bono
1906 1717 2081 1773 odore

427 1803 699 1876 perfusis.

2184 643 2358 719 ἤγουν
2388 647 2479 701 τὸν
2513 648 2619 720 [τὸ]
2650 653 2804 702 Θεῖον
2830 649 3041 723 ὁρῶντα
3070 646 3230 702 αὐτὸν
3261 651 3409 717 νοῦν,
3442 648 3499 701 ὃν
3550 648 3640 701 καὶ
3680 648 3832 702 ἑνοῦ-

2187 736 2305 790 σθαι
2340 734 2483 812 λέγει
2516 737 2650 811 πρὸς
2683 738 2816 793 αὐτὸ
2844 738 2906 791 τὸ
2933 736 3011 809 ἓν,
3041 736 3129 792 καὶ
3177 742 3277 806 τῆς
3332 735 3530 791 τούτου
3582 734 3839 806 ἀποπλη-

2188 829 2409 900 ροῦσθαι
2442 826 2701 887 ὲνώσεως.

2258 916 2408 983 §IV.
2436 916 2499 972 Τί
2550 912 2626 972 δέ.
2678 916 2809 970 Κατ’
2841 913 3104 989 ἐρώτησιν
3163 913 3433 987 ἀνάγνωθι
3488 915 3551 969 τὸ
3600 912 3839 990 χωρίον.

2260 1095 2321 1150 Εἰ
2354 1094 2456 1169 γὰρ
2488 1096 2521 1162 ἡ
2553 1098 2683 1149 τῶν.
2710 1097 2831 1150 ’Ὁτι
2862 1095 2897 1162 ἡ
2950 1094 3181 1164 αἰσθητὴ
3244 1091 3444 1148 εὐωτία
3496 1092 3676 1170 τράφει
3734 1092 3836 1160 τήν

2189 1183 2455 1255 αἴσθησιν,
2489 1183 2577 1237 καὶ
2610 1183 2839 1238 εὐεκτεῖν
2872 1186 2914 1219 ³⁷
2946 1187 3113 1237 ποιεῖ.

2261 1276 2540 1348 Κριτικοῦ.
2593 1271 2845 1345 Κριτικόν
2895 1292 3026 1348 φησι
3075 1272 3137 1325 τὸ
3184 1277 3283 1339 τῆς
3340 1274 3527 1345 ψυχῆς
3570 1267 3839 1341 διακριτι-

2186 1362 2302 1430 κὸν,
2335 1358 2459 1430 ἤτοι
2491 1361 2552 1415 τὸ
2582 1361 2789 1435 νοερὸν,
2819 1359 2950 1435 ὅπερ
2979 1361 3023 1414 εί
3064 1361 3138 1433 μή
3169 1367 3270 1429 τῆς
3305 1360 3393 1413 ἐπὶ
3423 1360 3486 1414 τὸ
3517 1364 3704 1435 χεῖρον
3741 1358 3839 1434 ῥο-

2187 1453 2295 1519 πῆς
2326 1450 2639 1526 καθαρεύοι,
2670 1450 2769 1504 οὐκ
2799 1448 2857 1504 ἃν
2888 1448 2940 1503 ἐν
2974 1448 3222 1520 αἰσθήσει
3254 1455 3353 1518 τῆς
3413 1448 3557 1510 θείας
3606 1445 3837 1509 εὐωδίας

2188 1542 2505 1615 γενήσεσθαι
2539 1539 2707 1614 λίγει.

2258 1622 2459 1683 ’Όλϐον
2472 1669 2483 1682 .
2518 1626 2760 1682 Πλοῦτον
2773 1669 2784 1683 .

2259 1714 2569 1789 Ἡδόμενοι.
2602 1715 2749 1772 Ἀντὶ
2779 1719 2876 1770 τοῦ
2908 1711 3356 1786 εὐωδιαζόμινοι.

494 1892 523 1965 ἕ
552 1893 620 1950 ν.
652 1892 798 1948 ιιιυά
827 1892 1124 1950 secundum
1154 1896 1413 1950 mentem.
1448 1897 1563 1949 Hoc
1608 1894 1680 1950 de
1720 1894 1947 1966 angelis
1991 1893 2080 1950 in-

2260 1898 2287 1965 §
2318 1896 2384 1949 V.
2421 1895 2538 1963 Τῆς
2567 1891 2703 1947 κατὰ
2733 1897 2876 1949 νοῦν.
2901 1893 2978 1949 Τὸ
3008 1891 3144 1946 κατὰ
3173 1892 3318 1959 νοῦν,
3353 1887 3440 1943 ἐπὶ
3473 1886 3743 1965 ἀγγέλων.

431 1980 845 2054 telligendum.

494 2072 557 2126 In
589 2072 696 2125 alis
723 2070 1009 2127 duodecim
1066 2072 1431 2143 signiﬁcatur.
1478 2074 1657 2144 Cujus
1709 2077 1885 2145 typus
1938 2074 2083 2131 duo-

425 2159 616 2216 decim
650 2160 1029 2231 pennaeNota
1057 2178 1191 2218 vero
1222 2162 1693 2234 magnitudinem
1727 2163 2048 2233 seraphim.

498 2248 867 2320 Theotogiam.
901 2250 1175 2319 Sanctus,
1210 2256 1473 2321 sanctus,
1509 2255 1769 2308 sanctus.

501 2338 673 2393 Omni
702 2354 821 2409 quae
852 2338 1079 2394 malitia
1108 2340 1487 2405 simul.Nota,
1521 2341 1677 2411 quod
1710 2357 1823 2395 non
1856 2343 2087 2395 tantum

425 2424 576 2497 vitii,
612 2427 714 2482 sed
743 2426 922 2483 etiam
955 2427 1264 2485 oblivionis
1293 2434 1558 2501 expertes
1608 2428 1868 2485 caelestes
1897 2430 2084 2486 virtu-

429 2518 519 2570 tes
550 2513 707 2570 dicat
736 2519 928 2573 Pater.

501 2605 826 2660 Scientiam.
862 2606 1036 2662 Recte
1083 2622 1218 2661 cum
1253 2606 1499 2662 scientia
1529 2607 1835 2678 conjunxit
1867 2607 2085 2663 intelli-

428 2693 722 2765 gentiam;
757 2700 1031 2751 accurata
1062 2696 1221 2751 enim
1253 2696 1516 2767 cujusvis
1561 2696 1643 2751 rei
1695 2692 2084 2753 consideratio

427 2782 557 2854 ejus
588 2783 895 2840 scientiam
928 2785 1139 2856 gignit.

500 2872 650 2939 §VI.
682 2878 799 2929 Has
830 2874 1021 2942 igitur.
1056 2876 1190 2939 Quas
1241 2873 1319 2929 sit
1368 2874 1696 2947 proprietas
1744 2875 2082 2947 seraphim;

428 2963 486 3017 et
515 2961 669 3031 quod
700 2961 853 3017 hanc
884 2978 1066 3033 supra
1095 2963 1261 3020 dixit.

501 3048 1011 3120 Supercaelcstium.
1049 3051 1108 3107 In
1141 3054 1391 3107 tractatu
1425 3053 1498 3108 De
1531 3052 1734 3109 caelesti
1770 3053 2084 3109 hierarchia

430 3137 593 3195 dicit.
1324 3158 1327 3163 '

498 3230 527 3297 §
557 3227 678 3285 VII.
710 3226 779 3280 Τὸ
814 3227 909 3300 μὶν
939 3225 1052 3285 οὖν.
1087 3229 1515 3301 Contemplatio
1547 3235 1885 3287 sanctorum
1920 3248 2082 3287 sera—

428 3316 632 3389 phim;
668 3322 805 3373 nota
850 3318 1144 3391 integrum
1189 3319 1406 3388 locum,
1429 3320 1721 3391 quomodo
1752 3322 1811 3376 in
1843 3336 1910 3377 eo
1941 3338 2083 3377 con-

426 3406 599 3474 cedit,
633 3422 741 3463 nos
791 3407 1118 3481 intelligere
1143 3426 1270 3481 quas
1299 3410 1370 3465 de
1400 3408 1737 3466 coelestibus
1767 3410 2084 3466 virtutibus

428 3495 649 3567 scripta
678 3500 819 3552 sunt
848 3496 907 3553 in
942 3498 1265 3569 prophetis.

498 3585 873 3657 Sextuplicem
910 3589 1262 3659 positionem,
1294 3588 1389 3645 Gr.
1422 3584 1660 3657 ἐξαπλῆν
1714 3584 1880 3644 θέσιν.
1926 3586 2086 3658 Ἑξα-

426 3669 575 3743 πλῆν
594 3672 758 3743 θέσιν,
791 3692 893 3731 sex
924 3675 1048 3731 alas
1080 3692 1207 3731 esse
1238 3676 1399 3732 dicit.

497 3765 715 3819 Primus
743 3767 792 3819 et
843 3766 1076 3821 medias.
1110 3764 1341 3820 Dictum
1375 3768 1464 3821 est
1495 3766 1553 3820 in
1581 3767 1883 3837 superiore
1912 3766 2084 3834 libro,

428 3853 723 3924 quomodo
754 3852 1108 3924 accipiendae
1157 3853 1277 3909 sint
1322 3854 1546 3925 primas,
1580 3860 1639 3911 et
1668 3856 1893 3924 mediae,
1926 3861 2085 3928 post-

428 3956 721 4014 remusque
751 3944 993 3999 virtutes
1022 3944 1503 4015 intelligentiam.

504 4033 597 4089 75
634 4034 996 4103 Efﬁctionem.
1030 4034 1143 4089 Nec
1171 4033 1327 4089 enim
1355 4050 1521 4089 veras
1551 4034 1675 4090 alas
1701 4035 1939 4092 habent.

499 4122 748 4178 Atarum.
782 4122 932 4178 Nota
960 4127 1182 4190 autem,
1213 4124 1505 4195 quomodo
1537 4124 1761 4195 accepit
1786 4141 1851 4180 ea
1874 4126 1945 4180 de
1976 4124 2085 4180 alis

431 4211 751 4284 seraphim,
784 4217 842 4268 et
873 4214 1028 4285 quod
1061 4214 1302 4268 omnino
1336 4215 1464 4286 ipsa
1493 4213 1788 4281 volabant,
1813 4213 1958 4269 nihil
1987 4214 2088 4269 ha-

430 4301 630 4357 bentia
661 4302 1025 4358 submissum
1059 4307 1116 4358 et
1148 4302 1391 4359 humile.

499 4393 527 4459 §
555 4391 703 4447 VlII.
736 4392 886 4459 Quod
932 4394 984 4447 si
1030 4392 1220 4461 facies.
1253 4392 1404 4447 Nota
1433 4392 1894 4463 pulcherrimam
1947 4408 2084 4448 con-

429 4479 875 4552 templationem
910 4486 967 4536 et
996 4497 1236 4547 novam;
1273 4496 1453 4551 quare
1484 4482 1784 4554 seraphim
1819 4473 2086 4550 iabies,et

430 4569 609 4643 pedes
638 4570 921 4642 obtegunt
952 4569 1086 4641 alis,
1118 4575 1177 4625 et
1207 4570 1419 4627 mediis
1448 4571 1663 4627 volant.

501 4744 532 4819 §
560 4744 653 4802 1X.
688 4746 829 4813 Quia
858 4747 1028 4800 etiam
1056 4745 1171 4801 hoc.
1208 4746 1620 4817 Interpretatio
1652 4748 1974 4819 seraphim.

502 4836 530 4903 §
556 4837 630 4891 Χ.
663 4835 878 4891 Statum
906 4835 1259 4890 naturalem.
1294 4836 1357 4890 In
1391 4835 1541 4892 libro
1572 4837 1645 4891 Ile
1674 4838 1876 4892 caetrati
1931 4838 2084 4893 hier-

427 4924 653 4980 rarclu'a
684 4924 1041 4995 explicatum
1073 4924 1341 4995 est,quid
1366 4925 1443 4979 sit
1464 4924 1522 4979 in
1548 4926 1774 4997 angelis
1805 4927 2087 4982 essentia-

430 5011 505 5067 lis
536 5012 797 5081 habitus,
830 5011 889 5067 in
914 5012 1167 5084 septimo
1200 5012 1410 5083 capite.

502 5106 621 5157 Non
678 5102 991 5169 ignorabat.
1034 5102 1197 5165 Quod
1257 5108 1310 5156 et
1372 5100 1559 5155 sancti
1620 5101 1811 5174 angeli
1872 5104 2086 5172 sciunt,

2264 2068 2648 2127 Δυοκαιδεκάδι
2706 2089 3053 2142 σημαινεται.
3111 2067 3267 2130 Τίνος
3326 2066 3502 2127 τύπος
3559 2067 3604 2102 ²³
3663 2065 3720 2119 αἱ
3776 2059 3848 2119 ιϐ’

2192 2164 2476 2236 πτέρυγες.
2514 2160 2831 2232 Σημείωσαι
2866 2156 2924 2213 δὲ
2952 2157 3013 2211 τὸ
3048 2157 3271 2232 μέγεθος
3300 2159 3408 2210 τῶν
3440 2153 3697 2232 σεραφίμ.

2264 2247 2578 2324 Θεολογίαν.
2612 2251 2825 2323 “Αγιος,
2860 2248 3037 2321 ἅγιος,
3073 2248 3250 2319 ἅγιος.

2267 2338 2462 2401 Κακίας
2513 2359 2571 2393 τε
2630 2338 2762 2411 ἅμα.
2798 2336 3117 2409 Σημείωσαι
3177 2334 3259 2389 ὅτι
3319 2333 3381 2389 οὗ
3425 2332 3585 2406 μόνον
3637 2331 3848 2401 κακίας,

2195 2426 2342 2484 ἀλλὰ
2369 2427 2458 2482 καὶ
2490 2427 2666 2498 λήθης
2696 2424 3006 2500 ἀμετόχους
3035 2424 3129 2487 τὰς
3164 2421 3271 2479 ἅνω
3303 2421 3558 2496 δυνάμεις
3607 2422 3771 2499 φησὶν
3821 2422 3849 2475 ὁ

2194 2518 2402 2593 Πατήρ.

2266 2607 2638 2679 Ἐπιστήμην.
2700 2606 2896 2666 Καλῶς
2970 2606 3175 2677 συνῆψε
3246 2605 3316 2675 τῇ
3388 2601 3667 2674 ὂπιστήμῃ
3743 2598 3847 2667 τὴν

2192 2696 2380 2766 νόησιν
2417 2714 2429 2727 ·
2463 2697 2497 2764 ἠ
2532 2694 2636 2770 γὰρ
2667 2688 2897 2767 ἀκριϐὴς
2928 2692 3053 2768 περὶ
3086 2693 3311 2747 ὁτουοῦν
3352 2691 3679 2760 κατανόησις
3730 2686 3849 2742 ἐπι-

2195 2786 2412 2857 στήμην
2440 2783 2636 2838 τούτου
2668 2782 2966 2859 ὶργοὶζεται.

2264 2878 2413 2943 §Vl.
2446 2874 2554 2934 Τὰς
2617 2873 2713 2945 μὲν
2770 2870 2882 2928 οὖν.
2915 2871 3010 2935 Τίς
3056 2872 3090 2941 ἡ
3148 2867 3357 2940 ἰδιότης
3413 2872 3521 2924 τῶν
3582 2866 3847 2944 σιραφὶμ,

2190 2964 2278 3018 καὶ
2314 2961 2396 3018 ὅτι
2426 2962 2626 3032 ταύτην
2658 2966 2907 3037 προεῖπε.

2265 3055 2389 3109 Τῶν
2446 3050 2871 3125 ὑπερουρανίων.
2930 3050 3019 3106 Ἐν
3068 3051 3137 3122 τῇ
3213 3049 3340 3123 Περὶ
3411 3052 3512 3116 τῆς
3590 3043 3845 3119 οὐρανίας

2194 3140 2478 3217 ἱεραρχίας
2508 3138 2855 3215 πραγματείᾳ
2894 3137 3044 3215 φησί.

2266 3232 2441 3301 §VIL
2490 3231 2565 3285 Τὸ
2628 3230 2722 3302 μὲν
2769 3228 2883 3285 οὖν.
2935 3228 3146 3303 Θεωρία
3192 3229 3299 3282 τῶν
3361 3224 3522 3301 ἁγίων
3584 3220 3843 3301 σεραφίμ.

2200 3321 2521 3392 Σημείωσαι
2553 3317 2683 3374 ὅλον
2714 3319 2776 3372 τὸ
2807 3316 3037 3392 χωρίον,
3072 3317 3221 3378 ὅπως
3266 3312 3550 3370 ἐκδίδωσιν
3598 3311 3651 3367 ἐν
3698 3313 3851 3383 αὐτῷ

2192 3415 2334 3464 νοιῖν
2366 3411 2513 3481 ἡμᾶς
2540 3410 2608 3463 τὰ
2632 3408 2754 3483 περὶ
2784 3411 2895 3462 τῶν
2927 3404 3037 3461 ἅνω
3078 3403 3359 3478 δυνάμεων
3418 3401 3767 3479 γεγραμμένα
3797 3399 3852 3455 ἐν

2192 3504 2309 3561 τοῖς
2341 3499 2671 3575 προφήταις.

2264 3585 2539 3657 Ἐζαπλῆν
2565 3587 2727 3651 θὲσιν.
2761 3584 3035 3656 Ἐξαπλῆν
3066 3582 3209 3649 θέσιν
3240 3582 3302 3637 τὸ
3332 3581 3386 3653 ’ἐξ
3418 3583 3548 3637 εἶναι
3578 3581 3847 3655 πτέρυγάς

2236 3697 2351 3747 ησι.

2279 3698 2351 3732 σι.

2195 3698 2463 3840 φηΠρῶτα
2491 3764 2581 3819 καὶ
2618 3765 2773 3837 μὲσα.
2806 3761 3036 3839 Εἴρηται
3085 3760 3137 3816 ἐν
3180 3765 3297 3822 τοῖς
3341 3760 3449 3832 πρὸ
3477 3757 3695 3826 τούτου,
3727 3760 3849 3819 πῶς

2195 3858 2307 3931 χρή
2342 3853 2655 3930 ἐκδέχεσθαι
2687 3853 2782 3916 τὰς
2810 3854 3051 3927 πρώτας,
3083 3850 3173 3905 καὶ
3211 3849 3501 3924 μὲσας,καὶ
3530 3844 3851 3909 τελευταίας

2197 3942 2452 4017 δυνάμεις
2482 3948 2589 3997 τῶν
2623 3946 2850 4014 νοερῶν.

2268 4030 2587 4088 Διάπλασιν.
2622 4030 2699 4089 Οὐ
2729 4032 2829 4106 γὰρ
2862 4028 3043 4099 ἀληθῆ
3076 4026 3247 4102 πτερὰ
3278 4024 3487 4101 ἔχουσι.

2266 4126 2383 4176 Τῶν
2415 4126 2644 4195 πτερῶν.
2681 4118 2997 4191 Σημείωσαι
3026 4115 3103 4185 δὲ,
3134 4117 3251 4177 πῶς
3285 4110 3447 4170 ἔλαϐε
3476 4114 3545 4169 τὰ
3587 4112 3711 4187 περὶ
3740 4116 3849 4167 τῶν

2195 4212 2477 4287 πτερύγων
2506 4215 2613 4266 τῶν
2648 4208 2907 4286 σεραιρὶμ,
2926 4206 3015 4261 καὶ
3036 4205 3121 4261 δτι
3149 4211 3265 4268 καθ’
3295 4203 3429 4259 ὅλον
3463 4202 3597 4257 αὐτὰ
3620 4200 3852 4255 ’ίπταντο

2198 4299 2366 4375 μηδὲν
2398 4295 2600 4375 ἔχοντα
2634 4301 2679 4335 ³⁸
2712 4298 2999 4375 ὑφειμένον
3031 4296 3120 4350 καὶ
3148 4292 3424 4349 ταπεινόν.

2268 4396 2472 4461 §VIII.
2508 4390 2569 4445 Et
2630 4385 2687 4442 δὲ
2743 4387 2809 4441 τὰ
2856 4385 3145 4461 πρόσωπα.
3204 4382 3525 4455 Σημιίωσιιι
3582 4377 3850 4454 ὡραιοτά-

2192 4502 2290 4551 την
2351 4479 2579 4554 θεωρίαν
2633 4477 2723 4531 καὶ
2779 4477 2954 4548 ξένην,
2990 4472 3080 4529 διὰ
3125 4471 3177 4527 τί
3208 4473 3260 4527 οἱ
3293 4471 3512 4549 σιραφὶν
3535 4470 3602 4525 τὰ
3632 4467 3851 4545 πρόσω-

2193 4591 2268 4625 πα
2298 4570 2385 4624 καὶ
2420 4567 2548 4629 τοὺς
2579 4563 2749 4625 πόδας
2790 4564 3131 4620 καλύπτουσι
3179 4567 3298 4625 τοῖς
3344 4565 3587 4634 πτεροῖς,
3618 4559 3735 4620 τοῖς
3796 4554 3855 4612 δὲ

2198 4660 2382 4732 μέσοις
2417 4656 2669 4711 πὲτανται
2682 4699 2694 4710 .

2114 4719 2162 4783 D
2198 4719 2209 4732 l
2263 4753 2289 4817 ἓ
2322 4719 2408 4805 IX.
2444 4745 2541 4800 Καὶ
2568 4746 2731 4799 τοῦτο
2765 4739 2841 4798 δέ.
2873 4740 3174 4817 Ἑρμηνεία
3201 4743 3309 4794 τῶν
3340 4734 3598 4814 σεραφίμ.

2264 4842 2384 4907 §X.
2442 4837 2558 4903 Τῆς
2611 4829 3054 4892 οὐσιωδους.Ἐν
3112 4834 3192 4900 τῷ
3251 4826 3380 4903 Περὶ
3438 4830 3537 4892 τῆς
3600 4823 3854 4900 οὐρανίας

2193 4924 2478 5001 ἰιραρχίας
2537 4921 2688 4996 λόγῳ
2746 4920 3106 4998 ἔσαφηνίσθη,
3160 4918 3211 4971 τί
3269 4916 3412 4972 ἑστιν
3466 4914 3553 4970 ἐπὶ
3602 4911 3852 4989 ἀγγέλων

2198 5012 2471 5084 οὖσιώδης
2501 5010 2630 5083 ἕξις,
2663 5010 2714 5065 ἐν
2748 5006 2972 5082 ἑϐδόμῳ
3003 5006 3309 5083 κεφαλαίῳ.

2269 5106 2346 5176 [α]
2379 5101 2492 5159 Οὐκ
2524 5100 2816 5177 ἠγνόησεν.
2848 5102 2967 5153 Ὅτι
3025 5098 3115 5152 καὶ
3174 5098 3226 5151 οἱ
3281 5096 3423 5171 ἅγιοι
3473 5091 3701 5169 ἄγγελοι
3744 5088 3860 5145 ἴσα-

433 5190 590 5263 qnod
619 5193 792 5246 Jesus
822 5190 1200 5247 sanctiﬁcans
1232 5190 1408 5245 etiam
1442 5190 1847 5249 sanctiﬁcatus
1891 5197 2000 5259 est,
2033 5198 2081 5248 el

2237 5216 2307 5262 ιν,
2339 5191 2421 5247 ὅτι
2458 5193 2486 5246 ὁ
2519 5190 2749 5266 ἁγιάζων
2785 5185 2994 5257 Ἰησοῦς
3026 5188 3116 5241 καὶ
3148 5184 3406 5261 ἡγιάσθη,
3436 5182 3527 5239 καὶ
3573 5183 3727 5255 πότι,
3758 5178 3852 5236 καὶ

432 5280 692 5352 quando,
723 5284 779 5335 et
811 5281 1123 5352 quomodo.

504 5369 873 5425 Descendisse.
906 5373 1025 5425 Hoc
1056 5373 1147 5424 est
1175 5368 1467 5427 hominem
1505 5370 1744 5424 factum.

2198 5302 2712 5439 πωιῗατεληλυθότα.
2746 5366 3035 5423 Τουτέστιν
3067 5366 3350 5440 ἄνθρωπον
3378 5361 3703 5439 γενόμενον.

1431 5570 1679 5626 VARI/I43
1719 5571 2111 5631 LECTIONES
2151 5573 2239 5629 ET
2276 5571 2832 5628 CORRECTIONES.

505 5751 551 5789 π
580 5769 670 5826 γρ.
703 5748 935 5806 ιόκτιῖν.
1013 5750 1059 5787 ³³
1088 5767 1175 5825 γρ.
1206 5744 1389 5805 τύποι.
1468 5749 1514 5785 ²⁹
1542 5768 1628 5823 γρ.
1662 5743 1905 5825 ἕχοντες-
