4158 6370
252 404 343 458 157
1007 412 1067 464 S.
1109 412 1379 466 ΜΔΧΙΜΙ
1422 410 1731 465 SCHOLIA
1769 413 1843 464 IN
1882 412 1899 463 l

2055 411 2149 464 DE
2189 411 2481 463 ECCLES.
2523 410 2920 465 HIERARCH.

3568 402 3670 458 158

460 530 613 604 Πρὸς
672 530 775 587 τοῦ
831 533 1062 609 Πατρός.
1112 533 1285 591 Τοῦτό
1334 521 1467 611 ᾧησι
1529 531 1616 589 διὰ
1666 535 1730 589 τὸ
1791 532 1899 606 μίαι

2098 535 2139 590 Α
2185 539 2367 590 Patre.
2402 534 2519 590 Hoc
2574 533 2736 600 dicit,
2795 534 3100 604 propterea
3148 530 3303 603 quod
3362 528 3539 585 unica
3596 528 3676 586 sit

247 621 380 675 ιῖναι
409 625 514 689 τῆς
548 621 707 697 ἁγίας
766 619 1006 697 Τριάδος
1052 623 1151 692 τήν
1181 621 1472 699 ἐνέργειαν.
1512 622 1829 697 Σημείωσαι
1861 619 1917 676 δὲ

245 710 348 776 τήν
380 704 783 783 ἀπαράϐλητον
837 708 1150 785 ὀρθοδοξίαν
1200 716 1297 767 τοῦ
1327 711 1569 787 μεγάλου
1610 711 1912 782 Διονυσίου,

248 799 343 853 καὶ
395 802 517 862 πῶς
566 798 801 874 ἐφύλαξε
847 806 947 870 τῆς
997 796 1253 872 θεότητος
1300 806 1399 856 τοῦ
1456 802 1660 877 Κυρίου
1713 803 1912 872 Ἰησοῦ,

252 887 345 943 καὶ
375 894 478 957 τῆς
509 889 711 962 σαρκὸς
742 890 842 957 τήν
876 887 1159 968 διαφοράν·
1195 892 1223 945 ὁ
1252 892 1355 965 γὰρ
1410 890 1647 965 ἁγιάζων
1678 892 1911 961 Ἰησοῦς,

252 975 328 1037 ὠς
365 976 521 1047 Θεὸς,
554 976 752 1047 πάντα,
783 979 873 1032 καὶ
906 978 1065 1040 αὐτὸς
1098 979 1173 1040 ὡς
1219 979 1504 1053 ἅνθρωπος
1532 979 1769 1055 ἡγιάσθη
1810 978 1911 1034 ὑπό

244 1085 304 1120 τε
353 1069 452 1119 τοῦ
500 1064 737 1141 Ππρὸς,
783 1067 870 1121 καὶ
926 1067 1013 1145 ὑφ’
1063 1068 1279 1135 ἑαυτοῦ,
1327 1065 1441 1122 ἐπεὶ
1491 1068 1581 1122 καὶ
1622 1068 1773 1138 Θεὸς,
1822 1067 1911 1121 καὶ

248 1153 359 1208 ὑπὸ
385 1158 488 1208 τοῦ
536 1154 691 1228 ἁγίου
742 1154 1085 1227 ΙΙνεύματος,
1119 1153 1333 1211 εἷ’δυιῶν
1378 1157 1469 1211 καὶ
1505 1161 1613 1212 τῶν
1644 1155 1910 1229 οὐρανίων

244 1242 457 1316 τάξεων
486 1243 586 1311 τήν
634 1241 775 1297 ἰδίαν
829 1244 1032 1319 ἀρχὴν,
1086 1246 1349 1316 τουτέστι,
1383 1247 1474 1300 τὸν
1525 1244 1696 1301 αἷίτιον
1736 1246 1908 1301 αὐτῶν

244 1332 337 1386 καὶ
368 1332 467 1387 τὸν
519 1329 872 1407 δημιουργὸν
905 1333 995 1388 τὸν
1052 1335 1288 1406 Ἰησοῦν,
1321 1334 1403 1389 ὅτι
1452 1335 1547 1390 κᾶν
1597 1336 1909 1411 ἁγιάζηται,

242 1419 379 1475 ἀλλ’
411 1420 505 1476 οὗν
536 1422 627 1475 καὶ
661 1420 835 1483 οὕτως
884 1418 1000 1497 ἔχει
1052 1424 1114 1477 τὸ
1142 1424 1260 1478 κατ’
1300 1422 1481 1479 οὐσίαν
1514 1422 1907 1479 ἀναλλοίωτον’

244 1510 385 1572 Θεὸς
417 1509 542 1584 γάρ·
579 1509 896 1583 Σημείωσαι
930 1508 986 1566 δὲ
1016 1510 1099 1567 ὅτι
1144 1514 1244 1582 τήν
1297 1512 1496 1568 οἰκείαν
1544 1510 1682 1568 οἶδεν
1729 1513 1908 1589 ἀρχὴν

247 1597 313 1653 ἔτι
340 1604 443 1668 τῆς
474 1598 758 1674 θεουργίας
782 1599 967 1657 αὐτοῦ.

323 1772 397 1849 [ὃ]
463 1777 715 1854 Σεραιρῖμ
766 1778 1098 1853 περιίστησι.
1160 1781 1517 1854 Σημείωσαι,
1577 1778 1666 1835 διὰ
1720 1781 1775 1836 τί
1828 1786 1908 1855 τῷ

252 1862 386 1935 Θείῳ
436 1863 597 1937 μύρῳ
645 1866 1016 1941 περιίστανται
1064 1869 1131 1921 τὰ
1177 1868 1524 1945 ἑξαπτέρυγα.
1562 1869 1907 1946 Ἀπαράλλα-

247 1971 374 2006 κτον
410 1949 467 2007 δὶ
497 1953 641 2007 εἶπεν
669 1956 704 2024 ἢ
739 1955 816 2016 ὡς
846 1956 983 2029 πρὸς
1012 1957 1075 2011 τὸ
1106 1959 1244 2012 κατᾶ
1281 1957 1453 2014 πάντα
1482 1966 1583 2029 τῆς
1612 1961 1731 2014 καθ’
1762 1962 1907 2030 ἡμᾶς

250 2040 463 2117 φύσεως
514 2042 860 2115 ὁμοιωθῆναι
908 2047 1045 2118 ἡμῖν
1093 2046 1271 2123 χωρὶς
1321 2048 1607 2124 ἁμαρτίας·
1641 2050 1675 2119 ἢ
1718 2049 1793 2113 ὡς
1827 2051 1902 2123 μὴ

253 2130 628 2202 ὑπομείναντα
657 2131 1044 2209 παραλλαγὴν,
1070 2134 1105 2204 ἢ
1136 2143 1348 2210 τροπῆς
1395 2136 1742 2211 ἀποσκίασμα
1771 2138 1906 2193 κατὰ

246 2219 347 2285 τήν
379 2218 635 2289 θεότητα,
672 2220 724 2276 ἐν
777 2226 857 2290 τῷ
906 2218 1240 2299 προσλαϐεῖν
1289 2225 1352 2279 τὸ
1396 2226 1754 2301 ἀνθρώπινον.
1787 2235 1902 2299 Ση-

254 2307 487 2379 μείωσαι
523 2304 581 2363 δὶ
609 2308 709 2376 τήν
741 2309 936 2380 ὁλικὴν
982 2309 1414 2387 ἐνανθρώπησιν,
1460 2311 1547 2370 διὰ
1574 2315 1702 2379 τοὺς
1743 2313 1901 2371 ἄνουν

254 2394 415 2451 αὐτὸν
450 2395 729 2471 λέγοντας.

313 2577 383 2649 [ε]
413 2576 517 2631 Τὸν
576 2575 957 2651 ἁγιαζόμενον.
1010 2577 1242 2635 Μᾶλλον
1290 2581 1415 2636 τότε
1462 2580 1636 2645 οὕτως
1685 2581 1903 2660 ἐφέρετο

247 2661 300 2718 ἐν
356 2668 431 2737 τῇ
489 2665 629 2737 πρὸς
681 2660 987 2740 Ἑϐραίους·
1048 2670 1113 2721 "0
1169 2688 1225 2723 τε
1280 2668 1381 2745 γὰρ
1439 2671 1676 2747 ἁγιάζων
1728 2674 1817 2728 καὶ
1874 2675 1903 2729 ὁ

251 2752 444 2827 ἆγιαζό
454 2772 635 2825 μενος.

314 2841 389 2896 Τὸ
425 2840 620 2915 μόρον.
682 2841 783 2897 Διὰ
839 2842 891 2897 τί
947 2842 1309 2919 σταυροειδῶς
1363 2848 1425 2903 τὸ
1486 2847 1655 2927 μύρον
1717 2851 1768 2906 ἐν
1824 2856 1906 2925 τῷ

249 2930 637 3004 βαπτιστηρίῳ
669 2930 933 3007 ἐκχεῖται.

315 3020 434 3073 Ὑπ’
466 3016 593 3093 ὄψιν
628 3022 764 3097 δίγει.
799 3020 945 3079 Ἀντὶ
976 3026 1073 3077 τοῦ
1104 3030 1348 3102 φανερῶς
1378 3028 1654 3101 κηρύττει.

318 3109 668 3186 Θιογενεσίας
723 3108 1124 3185 καταδεόμενον
1175 3117 1239 3170 ³ο.
1307 3115 1536 3189 Ἀνέστη
1593 3118 1693 3194 γὰρ
1744 3123 1904 3195 τριή-

253 3217 445 3271 μερος,
483 3200 561 3271 μή
596 3200 883 3275 κρατηθεὶς
910 3202 1013 3257 ὑπὸ
1042 3206 1139 3258 τοῦ
1168 3202 1418 3267 θανάτου.

312 3376 664 3451 Ἀκρατήτῳ.
695 3377 923 3450 ’Δνέστη
957 3380 1061 3456 γὰρ
1090 3383 1216 3456 τριή
1231 3401 1392 3458 μερος
1429 3385 1503 3457 μὴ
1537 3385 1843 3457 κρατηθείς.

309 3464 458 3553 Τοῦς
516 3464 596 3528 εἲς
651 3467 743 3521 τὸν
803 3469 1069 3525 θάνατον.
1130 3472 1281 3526 Ἐστι
1338 3473 1436 3546 γὰρ
1496 3472 1809 3553 ἀπόκρυφος
1860 3479 1895 3546 ἡ

244 3552 560 3630 αἰτιολογία
588 3560 704 3617 τοῖς
752 3554 993 3622 πολλοῖς
1034 3563 1130 3613 τοῦ
1173 3561 1495 3635 μυστηρίου,
1528 3560 1616 3617 διὰ
1645 3563 1697 3617 τί
1726 3565 1788 3619 τὸ
1819 3565 1896 3629 εἰς

242 3642 475 3716 Χριστὸν
534 3643 835 3718 βάπτισμα,
870 3644 1056 3717 ὅτιπερ
1108 3646 1187 3710 εἷς
1224 3649 1317 3703 τὸν
1352 3651 1571 3705 θάνατον
1604 3651 1766 3706 αὐτοῦ
1801 3654 1895 3728 βαι

240 3731 568 3804 πτιζόμεθα.

307 3822 462 3889 §XI.
521 3822 1057 3897 Ἀνθρωποπρςπῶς.
1119 3824 1437 3899 Σημείωσαι
1491 3829 1581 3884 καὶ
1638 3828 1894 3901 ἐντεῦθεν,

241 3908 268 3962 ὁ
297 3909 566 3982 Χριστὸς,
598 3909 687 3964 καὶ
741 3911 817 3974 ὡς
860 3909 1164 3987 ἄνθρωπος,
1200 3912 1418 3991 δέχεται
1467 3919 1529 3971 τὸ
1578 3923 1794 3991 Πνεῦμα
1833 3921 1894 3975 τὸ

240 3998 388 4071 ἅγιον
422 3997 810 4072 ἀγιαζόμενος·
846 4002 936 4054 καὶ
985 4003 1061 4064 ὡς
1111 4004 1263 4072 Θεὸς,
1298 4002 1518 4061 δίδωσιν
1570 4006 1724 4066 αὐτό.
1780 4016 1893 4080 Ση-

245 4086 475 4158 μείωσαι
535 4087 628 4141 καὶ
680 4089 744 4143 τὸ
791 4097 893 4158 τῆς
946 4089 1245 4155 οὐσιώδους
1303 4094 1561 4166 θεότητος
1593 4140 1607 4166 ,
1668 4100 1755 4152 καὶ
1808 4098 1889 4154 ὅτι

240 4172 619 4237 ἀναλλοίωτος
653 4175 882 4249 ἔμεινεν.

304 4264 451 4332 ’Βξει
490 4263 556 4317 τὸ
606 4264 909 4327 θειότατον.
950 4266 1037 4336 Εἴ,
1091 4268 1177 4323 ἐπὶ
1232 4275 1340 4325 τῶν
1395 4271 1637 4348 ἀγγέλων
1690 4274 1889 4330 οὐσιώ-

239 4347 343 4437 dare
370 4348 512 4421 ἕξεις
561 4352 873 4424 ἀκούοντες,
906 4355 971 4410 οὐ
1017 4357 1315 4429 ποιότητας
1361 4347 1550 4431 ἔξωθεν
1589 4364 1722 4419 κατᾶ
1752 4387 1889 4437 συμι

237 4434 472 4509 ϐεϐηκὸς
505 4440 889 4517 ὶπιγινομὲνας
921 4449 1174 4520 νοοῦμεν,
1207 4448 1284 4511 ὡς
1326 4451 1414 4505 καὶ
1454 4454 1559 4526 πρὸ
1593 4452 1780 4527 ὀλίγου
1813 4434 1886 4509 εἴ·

234 4547 419 4619 ρηται,
472 4530 576 4619 καὶΔ
641 4530 692 4584 ἐν
768 4537 847 4619 τῇ)
906 4535 1035 4607 Περὶ
1107 4542 1207 4605 τῆς
1282 4538 1535 4613 οὐρανίας
1602 4542 1889 4619 ἱεραρχίας

2025 628 2239 679 sanctas
2288 623 2591 679 Trinitatis
2650 621 2885 692 energia
2932 636 3035 676 seu
3085 619 3345 675 inﬂuxus
3393 618 3456 674 in
3502 634 3670 691 opus.

2024 714 2170 768 Nota
2199 730 2356 781 vero,
2387 710 2907 783 incomparabilem
2941 708 3139 781 magni
3161 708 3420 781 Dionysii
3452 712 3671 763 rectam

2024 804 2095 858 de
2126 802 2638 873 ﬁdeisententiam,
2662 807 2718 855 et
2747 800 3042 872 quomodo
3073 797 3323 853 servavit
3351 796 3673 853 divinitatis

2024 892 2254 949 Domini
2302 893 2465 960 Jesu,
2500 897 2557 948 et
2595 890 2788 947 carnis
2821 889 3239 955 differentiam;
3287 888 3463 943 Jesus
3510 888 3668 944 enim

2024 983 2419 1049 sanctiﬁcans,
2464 986 2526 1036 ut
2582 981 2759 1047 Deus,
2812 979 3103 1045 universa,
3155 978 3311 1033 idem
3369 976 3545 1032 etiam
3603 981 3671 1032 ut

2022 1073 2196 1128 homo
2229 1072 2630 1127 sanctificatus
2661 1073 2751 1124 est
2779 1074 2907 1123 tum
2937 1085 2970 1123 a
3001 1071 3190 1137 Patre,
3222 1071 3347 1122 tum
3379 1083 3413 1121 a
3442 1065 3665 1138 seipso;

2020 1160 2494 1233 quandoquidem
2537 1159 2715 1214 etiam
2764 1163 2938 1226 Deus,
2972 1161 3027 1213 et
3076 1174 3109 1213 a
3155 1156 3373 1227 Spiritu
3427 1160 3667 1222 sancto;

2022 1250 2343 1307 scientibus
2374 1265 2608 1320 quoque
2646 1247 2982 1303 cmlestibus
3013 1246 3321 1303 ordinibus
3363 1244 3667 1317 proprium

2021 1340 2397 1413 principium,
2434 1339 2488 1393 id
2535 1342 2626 1393 est
2674 1341 2971 1392 auctorem
3017 1352 3192 1391 suum
3244 1339 3299 1390 et
3346 1338 3667 1390 creatorem

2018 1430 2245 1497 Jesum,
2278 1429 2433 1499 quod
2483 1427 2592 1482 etsi
2642 1426 3061 1490 sanctilicetur,
3107 1429 3301 1480 tamen
3352 1425 3531 1480 etiam
3582 1426 3668 1480 sic

2019 1519 2196 1574 habet
2225 1522 2446 1573 natura:
2494 1513 3071 1581 immutabilitatem;
3110 1515 3260 1569 Deus
3307 1513 3485 1568 enim.
3520 1513 3669 1570 Nota

2018 1624 2153 1664 vero
2195 1607 2351 1678 quod
2399 1605 2699 1677 proprium
2748 1602 2986 1675 agnovit
3037 1602 3391 1675 principium
3442 1619 3511 1659 ex
3558 1619 3669 1659 sua

2020 1697 2219 1752 divina
2252 1695 2499 1751 actione.

2092 1784 2383 1856 Seraphim
2430 1783 2683 1855 apponit.
2715 1782 2863 1838 Nota
2903 1798 3009 1837 cur
3050 1780 3346 1853 seraphim
3392 1796 3495 1837 sex
3542 1779 3665 1837 ala-

1937 1912 1985 1979 B
2020 1891 2149 1933 rum
2184 1874 2747 1930 circumstatuantur
2793 1871 2989 1927 divino
3034 1874 3352 1942 unguento.
3386 1867 3667 1942 ’Δπαράλ-

2016 1962 2237 2033 λακτον,
2273 1980 2388 2018 non
2439 1967 2638 2017 autem
2669 1960 3019 2017 dissimilem
3051 1959 3213 2027 dixit,
3242 1962 3344 2015 aut
3374 1960 3526 2031 quod
3560 1975 3664 2030 per

2014 2054 2214 2110 omnia
2256 2056 2477 2107 natura;
2530 2055 2741 2107 nostris
2791 2049 3005 2105 similis
3057 2050 3247 2105 factus
3295 2053 3383 2105 est
3428 2048 3662 2105 sublato

2013 2146 2271 2215 peccato,
2304 2149 2402 2196 aut
2434 2141 2587 2212 quod
2640 2157 2754 2196 non
2804 2138 3111 2210 pertulerit
3156 2137 3544 2193 mutationem
3576 2134 3665 2193 vel

2011 2229 2442 2288 vicissitudinis
2472 2229 2983 2285 obumbrationem
3029 2227 3358 2284 secundum
3391 2224 3666 2281 divinita-

2012 2324 2154 2390 tem,
2177 2336 2311 2375 cum
2339 2322 2611 2375 naturam
2634 2319 2960 2374 humanam
2993 2315 3337 2388 assumpsit.
3360 2315 3510 2371 Nota
3531 2330 3664 2371 vero

2010 2413 2196 2466 totam
2221 2414 2444 2464 natura:
2462 2408 2951 2479 assumptionem,
2974 2411 3211 2479 propter
3226 2422 3324 2461 eos
3342 2405 3441 2477 qui
3466 2404 3663 2476 ipsum

2011 2498 2311 2555 Christum
2345 2496 2560 2552 mentis
2591 2500 2886 2569 expertem
2919 2512 3049 2551 esse
3080 2495 3304 2550 dicunt.

2085 2587 2525 2655 Sanctiﬁcatum.
2556 2586 2706 2640 Tum
2747 2584 2938 2656 magis
2984 2585 3096 2640 hoc
3145 2583 3318 2639 modo
3367 2582 3665 2639 ferebatur

2012 2677 2071 2733 in
2103 2674 2365 2749 Epistola
2406 2676 2474 2730 ad
2530 2675 2795 2731 Hebraeos
2818 2675 2894 2746 (v)
2930 2690 2943 2729 :
2980 2674 3087 2742 Qui
3134 2674 3287 2728 enim
3332 2674 3661 2743 sanctiﬁcat,

2012 2773 2063 2822 et
2093 2766 2188 2835 qui
2216 2766 2615 2835 sanctiﬁcatur.

2088 2857 2452 2926 Unguentum.
2487 2857 2601 2911 Cur
2631 2853 2821 2910 crucis
2851 2852 3044 2926 specie
3074 2854 3443 2924 unguentum
3473 2849 3532 2906 in
3562 2850 3664 2906 ba-

2013 2945 2229 3017 ptismo
2262 2945 2601 3001 effunditur.

2086 3035 2194 3089 Sub
2225 3038 2506 3106 aspectum
2532 3035 2713 3103 ponit.
2750 3037 2881 3099 Pro,
2913 3031 3109 3104 palam
3140 3030 3438 3104 praedicat.

2089 3125 2186 3179 76
2219 3130 2329 3179 Pro
2374 3124 2565 3179 divina
2613 3124 2971 3195 generatione
3017 3122 3314 3177 demersus.
3365 3119 3663 3176 Excitatus

2015 3218 2107 3269 est
2163 3213 2319 3268 enim
2368 3213 2541 3269 tertio
2582 3213 2696 3279 die,
2731 3229 2845 3268 non
2906 3212 3182 3267 detentus
3240 3214 3341 3267 aut
3393 3210 3581 3266 victus
3630 3227 3663 3265 a

1928 3285 1973 3353 C
2012 3305 2223 3358 morte.

2078 3391 2475 3462 Insuperabiti.
2499 3390 2761 3446 Surrexit
2792 3389 2949 3446 enim
2982 3389 3151 3446 tertio
3182 3388 3275 3445 die
3308 3405 3423 3445 non
3448 3389 3660 3445 victus.

2078 3482 2177 3535 Eos
2210 3481 2310 3551 qui
2334 3481 2393 3533 in
2426 3482 2617 3534 morte.
2641 3479 2743 3534 Est
2770 3480 2926 3534 enim
2955 3480 3229 3535 abstrusa
3250 3477 3454 3533 multis
3485 3494 3661 3533 causa

2008 3568 2292 3641 mysterii,
2314 3585 2420 3623 cur
2437 3567 2655 3623 Christi
2688 3568 3022 3640 baptismus
3052 3567 3415 3639 detur,quod
3448 3567 3507 3622 in
3531 3568 3661 3638 ejus

2012 3663 2199 3714 morte
2230 3657 2605 3730 baptizamur

2075 3839 2101 3905 §
2132 3835 2225 3891 XI.
2261 3838 2512 3892 Humano
2542 3852 2711 3893 more.
2745 3836 2914 3903 Nota,
2948 3835 3125 3892 etiam
3167 3836 3276 3892 hoc
3318 3834 3463 3907 loco,
3495 3835 3661 3892 Chri-

2005 3929 2187 3994 stum,
2222 3931 2279 3981 et
2310 3929 2374 3981 ut
2402 3926 2703 3982 hominem
2755 3926 3017 3998 accipere
3067 3924 3353 3997 Spiritum
3384 3934 3658 3983 sanctum

2004 4032 2139 4070 cum
2191 4016 2618 4085 sanctificatur,
2671 4019 2727 4069 et
2778 4020 2844 4069 ut
2891 4015 3099 4080 Deum,
3133 4032 3267 4070 eum
3318 4017 3476 4071 dare.
3510 4016 3661 4073 Nota

2002 4104 2157 4159 enim
2194 4121 2208 4161 :
2250 4104 2557 4159 essentiam
2604 4103 2937 4173 divinitatis,
2988 4110 3044 4159 et
3093 4105 3247 4175 quod
3294 4105 3660 4161 immutabilis

2002 4196 2222 4250 mansit.

2071 4288 2239 4341 Statu
2269 4283 2610 4340 divinitatis.
2644 4282 2701 4336 Si
2734 4299 2868 4338 cum
2900 4282 2960 4337 in
2984 4281 3211 4354 angelis
3236 4284 3656 4341 substantiales

1999 4372 2240 4429 habitus
2294 4371 2595 4435 audimus,
2627 4388 2742 4427 non
2778 4370 3094 4443 qualitates
3142 4371 3505 4429 extrinsecus
3553 4389 3657 4445 per

2000 4462 2273 4517 accidens
2304 4460 2681 4516 advenientes
2714 4460 3124 4533 intelligimus,
3156 4462 3654 4532 quemadmodum

1998 4549 2172 4622 paulo
2204 4556 2334 4606 anle
2383 4550 2608 4605 dictum
2660 4554 2769 4615 est,
2802 4554 2859 4605 et
2892 4550 2951 4605 in
2983 4550 3130 4605 libro
3163 4552 3236 4606 De
3281 4551 3484 4607 ccelesti
3534 4551 3655 4609 hie-

233 4613 388 4721 λόγιρ
420 4616 705 4721 πιφανλαίω
753 4616 978 4721 εϐξόμῳ
1023 4621 1443 4721 ἑξιεσαφήσαμενθ
1493 4613 1693 4703 πολλῷ
1724 4613 1885 4704 'an-

2028 4640 2221 4694 archia
2251 4639 2439 4711 capite
2489 4639 2741 4711 septimo
2786 4639 3168 4710 exposuimus
3202 4658 3215 4697 :
3249 4640 3434 4697 multo
3467 4642 3655 4714 magis

232 4703 325 4791 λον
357 4706 450 4762 ἐπὶ
479 4711 579 4761 τοῦ
609 4708 698 4763 καὶ
754 4710 886 4786 ὑπὶρ
938 4711 1120 4767 οὐσίαν
1171 4713 1373 4789 κυρίως
1422 4712 1578 4780 ὄντος
1626 4703 1757 4775 Θεοῦ
1787 4724 1885 4791 τήν

230 4789 333 4866 ἴξιν
381 4796 450 4850 οὐ
500 4795 773 4866 ποιότητα
825 4796 1104 4873 δεξόμεθα,
1152 4805 1250 4873 τὴν
1313 4803 1401 4860 ἐπὶ
1444 4811 1561 4869 τοῖς
1613 4789 1887 4874 συνθέτοις

233 4878 661 4957 συμϐαίνουσαν,
696 4884 822 4942 ἀλλ’
852 4884 959 4958 ἕξιν
992 4889 1292 4954 οὐσιώδους
1343 4894 1620 4965 θεότητος,
1654 4899 1750 4966 τήν
1784 4921 1888 4971 φυ-

230 4977 395 5034 σικῶς
430 4969 666 5047 ἔχουσαν
701 4974 751 5045 ἐξ
803 4976 974 5047 αὐτῆς
1015 4978 1081 5034 τὰ
1126 4984 1227 5045 τῆς
1276 4981 1608 5057 ἆγαθότητος
1658 4969 1882 5044 ἅπαντα.

229 5058 378 5123 Τέως
429 5059 489 5117 δὶ
546 5063 826 5135 σημαίνει,
862 5064 944 5120 ὅτι
996 5067 1087 5122 καὶ
1135 5072 1169 5139 ἡ
1205 5070 1396 5138 θεότης
1446 5072 1548 5127 οὐκ
1597 5074 1887 5133 αὐτοουσία

229 5144 334 5203 tati
364 5154 463 5205 τοῦ
495 5156 657 5219 Θεοῦ,
690 5150 837 5209 ἀλλὰ
860 5162 960 5225 τῆς
996 5156 1179 5221 οὐσίας
1210 5158 1357 5231 δόξα.

296 5239 478 5330 §XII.
537 5244 958 5319 Θυσιαστηρίου.
1020 5247 1143 5305 ’Ότι
1199 5250 1287 5303 καὶ
1361 5252 1423 5305 τὸ
1499 5256 1881 5330 θυσιαστήριον

235 5328 385 5403 μόρῳ
407 5329 739 5400 τελειοῦται,
768 5335 857 5388 καὶ
895 5331 984 5390 διὶ
1009 5336 1081 5393 τί.

298 5498 368 5571 (υ)
400 5500 540 5573 Cap.
576 5517 640 5569 ιι,
675 5518 727 5558 ν.
765 5505 849 5559 11.

1999 4729 2058 4783 in
2090 4728 2228 4797 Deo,
2261 4727 2360 4800 qui
2392 4729 2568 4783 etiam
2603 4728 2834 4799 proprie
2865 4729 3183 4785 essentiam
3216 4729 3460 4799 excedit,
3493 4730 3655 4786 habi-

1996 4821 2121 4873 tum
2154 4834 2270 4873 non
2300 4816 2648 4889 qualitatem
2683 4816 3045 4889 accipiemus
3071 4818 3418 4890 compositis
3449 4836 3654 4875 conve-

1996 4906 2283 4975 nientem;
2327 4907 2428 4962 sed
2480 4905 2750 4961 habitum
2803 4906 3139 4963 essentialis
3171 4907 3519 4975 divinitatis,
3553 4908 3656 4981 qui

1996 4995 2341 5051 naturaliter
2370 5011 2438 5050 ex
2469 4996 2599 5067 ipsa
2628 4995 2843 5052 habeat
2873 5014 3000 5068 quae
3042 5001 3181 5052 sunt
3213 4996 3493 5052 bonitatis
3522 5013 3654 5053 om-

1994 5084 2109 5139 nia.
2146 5085 2384 5139 Interim
2415 5100 2549 5140 vero
2584 5089 2739 5152 nota,
2766 5086 2939 5140 etiam
2972 5085 3360 5151 divinitatem,
3381 5102 3496 5142 non
3519 5102 3650 5143 esse

1993 5174 2313 5229 essentiam
2347 5174 2538 5246 ipsam
2570 5174 2697 5241 Dei,
2729 5175 2829 5231 sed
2864 5175 3128 5230 essentia:
3160 5174 3516 5246 opinionem.

2061 5265 2087 5330 §
2120 5263 2244 5319 XII.
2279 5264 2503 5319 Attaris.
2540 5264 2701 5331 Quod
2734 5265 2915 5319 etiam
2957 5263 3142 5324 altare
3173 5271 3475 5338 unguento
3505 5284 3643 5326 con-

1992 5358 2276 5422 secretur,
2311 5358 2366 5408 et
2398 5354 2801 5425 quamobrem.

1241 5635 1481 5694 VARIJE
1520 5638 1917 5701 LEGTIONES
1956 5645 2047 5703 ET
2088 5644 2631 5703 CORRECTIONES

300 5710 344 5747 ⁹⁰
364 5731 454 5789 γρ.
482 5709 916 5789 καταδυόμενον.
