4158 6370
455 372 559 430 159

1266 382 1631 435 APPENDIX
1666 383 1764 434 AD
1802 381 2045 436 OPERA
2083 382 2143 434 S.
2183 381 2503 436 DIONYSII
2541 382 3044 437 AREOPAGITE.

3757 378 3863 434 160

525 500 717 557 Altare
770 503 944 557 Iesus.
992 503 1155 566 Quod
1213 503 1381 558 Jesus
1438 508 1528 558 est
1584 502 1813 558 altare:
1854 508 1911 557 et
1968 505 2106 557 nota

2291 503 2683 578 θυσιαστήριον
2742 506 2974 573 Ἰησοῦς.
3032 505 3157 559 ’Ότι
3211 502 3420 569 Ἰησοῦς
3480 498 3590 555 ἐστι
3646 521 3710 555 το
3769 512 3862 565 θυ-

457 590 929 661 magnitudinem
986 596 1044 645 et
1098 592 1473 647 altitudinem
1534 591 1827 662 ejusmodi
1885 590 2105 657 altaris,

457 681 613 751 quod
647 680 881 749 quidem
914 680 1182 736 Christus
1208 685 1315 736 est.

525 768 741 840 Mystice
788 771 1016 825 omnino
1063 772 1411 826 concremati.
1449 770 1723 826 Innuitur
1769 768 1905 824 ﬁnis
1937 768 2105 839 quin-

453 858 783 929 quagesimi
818 857 1053 931 psalmi.

530 949 805 1018 Unguenti
840 952 1188 1021 mysterium.
1222 950 1384 1015 Quod
1436 947 1721 1021 unguenti
1775 962 2108 1004 sacramen-

452 1038 582 1092 tum
616 1041 885 1093 vocatum
919 1042 1029 1104 est,
1061 1043 1119 1093 et
1149 1038 1553 1109 quamobrem.

527 1126 811 1181 Divinitus
832 1135 1048 1183 cuncta.
1070 1127 1232 1190 Quod
1257 1127 1337 1181 ait
1360 1132 1450 1181 est
1470 1124 1795 1197 ejusmodi:
1821 1125 2107 1189 Quoniam

453 1215 649 1271 omnis
681 1214 877 1270 divina
909 1214 1198 1288 apparitio
1239 1219 1297 1270 et
1333 1215 1594 1286 operatio
1626 1214 1816 1285 signis
1845 1214 2109 1270 ostendi-

452 1306 571 1370 tur,
606 1319 862 1374 sequens
893 1308 1101 1359 cantus
1135 1304 1550 1375 prophetarum
1584 1302 1818 1359 alleluia
1847 1303 2108 1375 signum,

452 1392 763 1447 considera
792 1392 934 1463 quid
974 1392 1251 1448 declaret.

525 1481 695 1536 Aiunt
722 1481 781 1535 hi
809 1482 907 1552 qui
936 1482 1218 1538 Hebraice.
1252 1482 1400 1537 Nota
1444 1481 1565 1537 haec
1606 1486 1809 1537 contra
1842 1480 2109 1552 Acepha-

454 1567 565 1627 los.

524 1659 625 1713 Dei
661 1659 1049 1729 apparitionis.
1085 1659 1229 1725 Quis
1288 1659 1555 1731 psalmus
1605 1659 1841 1725 dicitur,
1874 1663 1931 1715 et
1978 1676 2106 1731 per-

451 1746 725 1819 spicuum
760 1748 915 1819 quod
952 1764 1105 1804 unus
1136 1747 1561 1820 inscriptorum
1592 1749 1856 1805 Alleluia.

1097 1880 1169 1940 IN
1211 1881 1363 1939 CAP.
1405 1882 1472 1939 V.

525 2006 629 2079 §I.
660 2007 1106 2063 Distributiones.
1166 2006 1521 2064 Sortitiones
1580 2007 1687 2063 has
1733 2010 1922 2077 vocat,
1971 2006 2113 2079 quia

455 2096 870 2167 unusquisque
914 2097 1057 2152 ordo
1102 2096 1537 2152 ecclesiasticus
1567 2095 1884 2168 separatim
1936 2096 2116 2151 habet

457 2184 855 2240 ecclesiastica
889 2188 927 2240 7
943 2186 982 2240 7
1018 2185 1370 2254 ministeria,
1399 2190 1459 2240 ut
1486 2185 1599 2241 sibi
1631 2190 1786 2241 sorte
1808 2185 2112 2255 attributa,

464 2289 596 2345 qua:
614 2272 908 2344 praeterire
934 2273 1166 2344 nequit;
1195 2275 1568 2329 manifestum
1595 2277 1683 2328 est
1704 2273 1860 2328 enim
1883 2271 2115 2327 diaconi

459 2361 740 2429 ofﬁcium,
773 2366 831 2416 et
874 2361 1125 2417 aliorum
1176 2361 1473 2416 similiter.
1507 2361 1768 2417 Virtutes
1817 2365 2010 2416 autem
2061 2364 2119 2415 et

461 2450 793 2507 activitates
825 2451 885 2504 in
915 2449 1032 2519 his,
1065 2450 1200 2505 licet
1233 2451 1472 2523 quidem
1506 2450 1563 2505 in
1598 2466 1715 2505 uno
1748 2465 1927 2506 sensu
1958 2449 2117 2505 acci-

461 2555 619 2611 pere,
651 2554 782 2594 cum
814 2538 969 2595 idem
1004 2539 1303 2595 declarent
1330 2556 1344 2595 ε
1380 2539 1498 2594 vim
1526 2538 1687 2594 enim
1739 2538 2029 2611 purgandi
2059 2541 2118 2593 et

460 2628 837 2683 illuminandi
887 2629 1148 2684 docendo
1198 2628 1414 2685 habere
1449 2629 1730 2685 dicuntur
1775 2627 1816 2682 ii
1846 2628 1947 2699 qui
1996 2628 2117 2683 haec

459 2717 689 2773 efficere
720 2718 1183 2789 permittuntur:
1209 2717 1345 2772 licet
1375 2722 1572 2773 autem
1595 2718 1771 2773 etiam
1795 2716 1965 2772 aliter
1993 2716 2114 2773 dis-

456 2805 747 2879 tinguere,
781 2811 846 2861 ut
876 2807 1123 2862 virtutes
1155 2806 1391 2877 quidem
1435 2805 1797 2876 accipiamus
1829 2805 2118 2877 spiritalia

461 2894 615 2949 dona
643 2898 700 2949 et
730 2894 970 2961 merita;
1011 2893 1339 2949 activitates
1383 2911 1540 2963 vero,
1574 2880 1930 2961 ministeria;
1983 2911 2113 2966 per-

460 2982 741 3038 fectiones
768 2983 949 3049 enim,
972 2984 1301 3050 manifeste,
1322 2983 1476 3038 sicut
1505 2983 1565 3038 in
1596 2983 2115 3039 constitutionibus

464 3088 567 3127 seu
600 3070 1073 3127 ordinationibus
1105 3071 1484 3144 accipiemus.

530 3161 603 3215 Ac
644 3161 921 3232 triplicem
970 3177 1199 3233 quoque.
1236 3161 1519 3233 Deinceps
1568 3161 1839 3232 explicat,
1865 3177 1992 3233 qua
2039 3160 2115 3217 sit

466 3248 679 3319 triplex
711 3248 939 3315 divisio,
973 3254 1030 3304 et
1059 3250 1190 3320 quis
1230 3250 1309 3306 sit
1340 3250 1527 3306 ternio
1563 3250 1925 3322 superiorem
1960 3251 2116 3306 ordi-

458 3354 623 3405 num,
649 3339 721 3393 de
749 3338 967 3408 quibus
989 3340 1165 3394 etiam
1198 3340 1368 3411 paulo
1391 3344 1526 3395 ante
1550 3339 1819 3411 exposuit
1838 3339 1896 3393 in
1922 3339 2108 3410 primo

456 3426 646 3497 capite
678 3425 811 3482 libri
864 3427 1044 3495 hujus
1077 3445 1090 3483 :
1125 3434 1183 3483 et
1223 3433 1382 3493 nota,
1415 3428 1573 3500 quod
1604 3428 1664 3483 in
1714 3427 2111 3484 ecclesiastica

455 3514 784 3572 hierarchia
810 3515 1024 3587 triplex
1052 3516 1259 3572 divisio
1290 3520 1399 3582 est,
1434 3521 1492 3573 et
1521 3516 1737 3588 qualis.

793 3692 970 3748 Sacra
1003 3700 1200 3747 nostra
1232 3693 1468 3748 traditio
1499 3693 1781 3750 dividitur

458 3781 524 3836 In
550 3782 881 3851 mysterium
909 3798 928 3835 :
1179 3782 1245 3835 In
1290 3782 1525 3835 initian—

461 3869 559 3925 hoc
634 3870 785 3925 enim
858 3877 939 3924 est
1186 3872 1318 3925 tem.

458 3965 890 4014 sacramentum.

533 4042 564 4119 §
593 4050 664 4102 II.
699 4047 1059 4102 Sanctissima
1105 4046 1341 4118 quidem.
1377 4048 1654 4113 Quaenam
1686 4048 1747 4103 in
1777 4049 1937 4105 caelis
1985 4049 2113 4107 hie-

462 4134 716 4201 rarchia,
749 4141 807 4189 et
835 4135 990 4207 quod
1023 4140 1458 4191 sacramentum
1490 4136 1744 4191 caelestis
1774 4135 2113 4192 hierarchia

463 4223 564 4290 sit,
596 4223 697 4279 Dei
728 4241 832 4295 pro
864 4224 1090 4279 viribus
1122 4225 1374 4296 cognitio
1406 4228 1463 4279 et
1491 4224 1749 4280 habitus.
1784 4224 2114 4281 Initiatores

462 4318 662 4369 autem
697 4312 899 4384 hujus,
931 4313 1167 4368 ordines
1201 4314 1374 4384 primi
1398 4312 1499 4383 qui
1532 4317 1643 4369 Deo
1666 4313 1981 4383 assistunt;
2017 4315 2115 4384 qui

462 4401 854 4472 perficiuntur
900 4406 1119 4469 autem,
1152 4401 1192 4454 ii
1224 4403 1320 4470 qui
1365 4407 1695 4472 sequuntur
1724 4404 1796 4459 ab
1829 4403 1973 4475 ipsis
2003 4404 2116 4458 ini-

460 4489 591 4546 tiati
619 4494 677 4544 et
709 4490 861 4545 docti
891 4490 1148 4546 ordines.

1805 3784 1869 3837 In
1912 3782 2110 3838 initia-

1804 3879 1905 3926 tos.

2135 1881 2183 1947 B

2216 593 2552 661 σιαστήριονο
2585 590 2674 646 καὶ
2732 592 3037 664 σημείωσαι
3084 592 3147 645 τὸ
3204 591 3432 665 μέγεθος
3475 589 3566 643 καὶ
3613 589 3675 643 τὸ
3726 588 3861 663 ὕψος

2214 679 2312 736 τοῦ
2343 680 2594 735 τοιούτου
2626 680 3030 755 θυσιαστηρίου,
3065 679 3198 754 ὅπερ
3230 677 3369 732 ἐστὶν
3404 679 3432 731 ὁ
3463 678 3715 752 Χριστός.

2285 773 2573 831 Μυστικῶς
2606 766 3091 841 ὁλοκαυτούμενοι.
3121 769 3198 826 Τὸ
3243 766 3401 822 τέλος
3442 766 3732 822 αἰνίττεται
3763 770 3862 821 τοῦ

2214 862 2585 929 πεντηκοστοῦ
2614 857 2859 932 ψαλμοῦ.

2285 947 2473 1021 Μύρου
2521 945 2768 1019 τελετήν.
2822 950 2941 1001 Ὅτι
2991 947 3167 1023 μύρου
3220 943 3414 1015 τελετὴ
3471 943 3716 1017 ἐκλήθη,
3768 943 3859 999 καὶ

2217 1031 2306 1089 διὰ
2334 1034 2407 1090 τί.

2287 1129 2630 1199 Θεουργικῶς
2708 1123 2934 1183 ἅπαντα.
2994 1128 3064 1183 "0
3144 1145 3275 1203 φησι
3331 1123 3493 1180 τοῦτό
3545 1121 3689 1178 ἐστι’
3748 1123 3862 1177 Πά-

2216 1236 2316 1285 σης
2366 1214 2511 1279 θείας
2552 1214 2865 1292 θεοφανείας
2897 1217 2939 1253 ³¹
2992 1215 3081 1269 καὶ
3130 1214 3377 1291 ἐργασίας
3425 1210 3515 1268 διὰ
3565 1207 3863 1284 συμϐόλων

2217 1301 2592 1377 δεικνυμένης,
2624 1304 2923 1360 ἀκόλουθον
2952 1309 3049 1359 τοῦ
3088 1302 3407 1374 ἀλληλούϊα
3446 1306 3542 1357 τοῦ
3587 1305 3693 1357 τῶν
3724 1321 3864 1377 προ-

2217 1390 2400 1471 φητῶν
2437 1391 2639 1465 μέλους
2667 1394 2731 1448 τὸ
2762 1388 3064 1465 σύμϐολον,
3099 1399 3367 1466 θεωρῆσαι
3399 1390 3450 1445 τί
3481 1388 3669 1460 δηλοῖ.

2289 1479 2462 1534 Φασίν
2511 1479 2563 1533 οἱ
2608 1478 2677 1533 τὰ
2723 1474 2987 1555 Ἑϐραίων
3019 1523 3032 1536 .
3085 1480 3404 1553 Σημείωσαι
3450 1476 3584 1532 κατά
3638 1476 3865 1555 ’Δκεφά-

2215 1566 2351 1624 λων.

2287 1657 2633 1734 Θεοφανείας.
2684 1664 2852 1720 Ποῖος
2904 1656 3119 1733 λέγεται
3162 1657 3405 1731 ψαλμὸς,
3436 1658 3529 1712 καὶ
3577 1654 3744 1725 δῆλον
3778 1656 3864 1710 ὅτι

2216 1748 2293 1809 εἷς
2315 1751 2421 1802 τῶν
2456 1746 2947 1824 ἐπιγεγραμμένων
2978 1745 3345 1818 Ἀλληλούῖα.

2703 1881 2817 1936 ΕΙΣ
2856 1881 2947 1937 ΤΟ
2987 1881 3243 1937 ΚΕΦΑΛ.
3290 1880 3365 1936 E'.

2292 2010 2393 2076 §I.
2458 2004 2928 2080 Ἀποκληρώσεις.
2985 2004 3433 2079 Ἀποκληρώσεις
3500 2001 3698 2065 ταύτας
3770 2023 3869 2057 κα-

2223 2094 2311 2150 λεῖ
2368 2092 2456 2149 διὰ
2505 2095 2568 2149 τὸ
2639 2095 2866 2163 ἑκάστην
2942 2093 3087 2164 τάξιν
3142 2094 3422 2166 ἱερατικὴν
3478 2092 3875 2169 ἀφωρισμένως

2222 2180 2370 2259 ἔχειν
2431 2182 2691 2259 ἱερατείας
2752 2181 3050 2258 ὑπηρεσίας
3083 2226 3098 2249 ,
3156 2183 3266 2237 οἷον
3337 2180 3875 2257 ἀποκεκληρωμένας

2223 2273 2383 2346 αὐτῇ,
2435 2272 2495 2335 ἃς
2550 2268 2851 2349 ὑπερϐῆναι
2902 2272 2964 2326 οὐ
3016 2269 3254 2327 δύναται·
3304 2268 3475 2336 δῆλον
3534 2270 3635 2345 γάρ
3668 2268 3871 2324 ἔστιτὸ

2224 2357 2377 2437 ἔργον
2408 2366 2506 2416 τοῦ
2538 2359 2811 2433 διακόνου,
2841 2361 2931 2415 καὶ
2969 2365 3076 2416 τῶν
3111 2358 3298 2416 ἄλλων
3348 2358 3578 2433 ὁμοίως.
3613 2358 3877 2431 Δυνάμεις

2226 2448 2284 2506 δὲ
2312 2450 2402 2505 καὶ
2431 2449 2696 2527 ἐνεργείας
2741 2450 2791 2505 ἐν
2840 2449 3078 2522 τούτοις,
3108 2448 3219 2505 ἔστι
3274 2451 3368 2522 μὲν
3419 2444 3608 2504 λαϐεῖν
3645 2446 3725 2524 ἐφ’
3756 2446 3879 2510 ένὸς

2223 2542 2519 2613 νοήματος,
2566 2538 2630 2594 τὸ
2684 2538 2814 2594 αὐτὸ
2867 2536 3209 2609 δηλούντων
3243 2539 3342 2607 τήν
3397 2536 3501 2613 γὰρ
3550 2540 3647 2592 τοῦ
3689 2536 3879 2601 καθαί-

2227 2650 2335 2704 ρειν
2364 2629 2452 2684 καὶ
2502 2627 2752 2705 φωτίζειν
2805 2626 3205 2693 διδασκαλικῶς
3235 2626 3459 2699 δύναμιν
3492 2625 3637 2701 ἔχειν
3681 2623 3881 2701 λέγον-

2222 2740 2311 2775 ται
2343 2720 2395 2773 οἱ
2441 2722 2607 2773 ταῦτα
2656 2716 2886 2793 ἐνεργεῖν
2938 2716 3240 2795 ἀφιέμενοι·
3274 2712 3386 2771 ἔστι
3432 2713 3488 2770 δὶ
3535 2716 3623 2771 καὶ
3676 2716 3880 2789 ἑτέρως

2227 2805 2648 2874 διαστείλασθαι,
2700 2807 2775 2870 ὡς
2826 2804 3077 2879 δυνάμεις
3128 2806 3222 2878 μὲν
3257 2800 3443 2861 λαϐεῖν
3496 2804 3594 2866 τὰς
3623 2824 3876 2876 πνευμα-

2221 2898 2374 2958 τικὰς
2424 2894 2629 2971 δωρεὰς
2681 2896 2768 2950 καὶ
2826 2894 2990 2965 ἀξίας·
3042 2893 3306 2969 ἐνεργείας
3365 2892 3423 2949 δὲ
3477 2895 3573 2955 τὰς
3622 2892 3879 2968 λειτουρ-

2223 2986 2360 3061 γίας·
2393 2985 2489 3047 τὰς
2518 2985 2622 3060 γὰρ
2665 2984 2999 3056 τελειώσεις,
3044 2981 3353 3058 πρόδηλον,
3383 2984 3458 3045 ὡς
3484 2982 3569 3037 ἐπὶ
3612 2986 3721 3037 τῶν
3761 3003 3867 3036 κα-

2222 3076 2553 3142 ταστάσεων,
2583 3072 2750 3149 ἤγουν
2780 3078 3134 3148 χειροτονιῶν
3164 3071 3537 3146 ἐκληψόμεθα.

2296 3164 2398 3219 Καὶ
2430 3164 2528 3231 τὴν
2573 3161 2687 3235 μέν.
2736 3163 2893 3233 Ἑξῆς
2943 3161 3245 3231 σαφηνίζει,
3295 3160 3376 3223 τίς
3426 3181 3485 3215 τε
3532 3162 3567 3229 ἡ
3612 3157 3871 3234 τριαδικὴ

2147 3251 2190 3318 C
2226 3249 2506 3326 διαίρεσις,
2537 3251 2625 3305 καὶ
2655 3250 2737 3314 τίς
2766 3253 2800 3319 ἡ
2832 3251 2982 3325 τριὰς
3010 3255 3117 3305 τῶν
3170 3245 3615 3325 ὑπερϐεϐηκυιῶν
3643 3248 3876 3320 τάξεων,

2217 3339 2341 3411 περὶ
2372 3341 2444 3393 ὧν
2488 3340 2579 3394 καὶ
2631 3340 2945 3412 προεξέθετο
2997 3339 3048 3393 ἐν
3081 3342 3161 3409 τῷ
3212 3339 3415 3412 πρώτῳ
3460 3335 3741 3415 κεφαλαίῳ
3770 3339 3873 3391 τοῦ

2216 3430 2487 3503 παρόντος
2520 3428 2715 3502 Λόγου.
2748 3427 2848 3482 Καὶ
2890 3425 3197 3499 σημείωσαι
3244 3425 3327 3481 ὅτι
3378 3424 3467 3480 ἐπὶ
3514 3431 3614 3494 τῆς
3664 3421 3869 3493 ἐκκλη-

2217 3522 2501 3586 σιαστικῆς
2561 3516 2844 3591 ἱεραρχίας
2917 3511 3174 3591 τριαδική
3244 3512 3504 3585 διαίρεσίς
3564 3511 3723 3583 ἐστι,
3780 3509 3879 3566 καὶ

2220 3604 2405 3663 ὁποία.

2453 3696 2518 3752 Ἡ
2548 3694 2666 3759 καθ’
2696 3696 2844 3767 ἡμᾶς
2877 3695 2995 3768 ἰερὰ
3021 3690 3323 3768 παράδοσις
3354 3690 3641 3769 διαιρεῖται

3064 3782 3143 3846 εἷς
3176 3781 3277 3855 μύ-
3517 3779 3593 3842 εἰς
3626 3780 3874 3853 μυουμέ-

3073 3891 3224 3943 στην,
3512 3890 3662 3932 νους.

2221 3783 2298 3848 εἷς
2332 3786 2652 3859 μυστήριονο
2684 3786 2845 3838 τοῦτο

2220 3872 2324 3949 γὰρ
2356 3874 2390 3941 ἡ
2422 3871 2640 3942 τελετή.

2293 4055 2320 4122 §
2351 4052 2417 4107 ΙΙ.
2445 4051 2509 4107 Ἠ
2543 4052 2638 4123 μὲν
2673 4051 2974 4125 ἀγιωτάτη.
3006 4050 3104 4113 Τίς
3144 4052 3179 4120 ἡ
3212 4048 3261 4104 έν
3312 4047 3561 4123 οὐρανοῖς
3591 4044 3871 4121 ἱεραρχία·

2221 4139 2311 4195 καὶ
2344 4141 2428 4194 ὅτι
2480 4137 2670 4210 τελετή
2722 4138 2834 4194 ἐστι
2880 4146 2979 4208 τῆς
3032 4137 3283 4215 οὐρανίας
3333 4135 3639 4211 ἱεραρχίας,
3693 4137 3728 4203 ἡ
3779 4138 3881 4189 τοῦ

2223 4233 2357 4284 Θεοῦ
2404 4228 2541 4282 κατὰ
2591 4225 2819 4300 δύναμιν
2870 4232 3071 4302 γνῶσις
3120 4228 3209 4281 καὶ
3260 4223 3386 4296 ἕξις.
3415 4226 3626 4281 Μῦσται
3657 4220 3716 4277 δὲ
3746 4222 3877 4277 ταύ-

2221 4339 2323 4387 της
2369 4318 2424 4371 αἱ
2472 4317 2597 4392 περὶ
2641 4316 2769 4372 Θεὸν
2817 4320 3030 4390 πρῶται
3078 4315 3277 4386 τάξεις*
3327 4312 3655 4386 τιλούμεναι
3705 4308 3763 4365 δὲ
3818 4311 3879 4364 αἱ

2228 4407 2343 4479 μετ’
2385 4405 2549 4467 αὐτὰς
2594 4407 2719 4480 παρ’
2767 4403 2941 4459 αὐτῶν
2994 4406 3293 4477 μυούμεναι
3337 4401 3427 4457 καὶ
3483 4398 3875 4472 διδασκόμεναι

2221 4496 2416 4565 τάξεις.

534 4578 1068 4680 Secundumutlam.
1103 4580 1241 4643 Quae
1272 4579 1348 4635 sit
1380 4581 1707 4637 secundum
1738 4582 1888 4639 duos
1928 4599 2112 4656 popu-

2298 4585 2428 4642 Μετ’
2484 4582 2713 4652 ἐκείνην.
2763 4582 2857 4645 Τίς
2915 4585 2950 4651 ἠ
3004 4583 3140 4637 κατὰ
3181 4579 3309 4642 τοὺς
3359 4577 3455 4635 δύο
3485 4577 3652 4641 λαοὺς
3684 4578 3877 4653 ἱεραρ-

459 4666 549 4724 los
587 4666 935 4723 hierarchia.

530 4758 810 4828 Legalem.
848 4759 923 4814 De
954 4758 1281 4815 hierarchia
1312 4775 1439 4831 quae
1471 4759 1529 4814 in
1561 4759 1686 4833 lege
1715 4765 1859 4817 erat.

530 4940 637 4995 Nec
666 4941 749 4995 ita.
781 4940 1007 5010 facilem
1025 4938 1355 5009 dijudicatu.
1389 4939 1558 5011 Nota,
1581 4956 1717 4996 eum
1742 4957 1858 4997 non
1881 4941 2112 4997 facilem

460 5026 784 5096 intellectu,
818 5042 1009 5098 neque
1052 5026 1279 5082 facilem
1313 5026 1597 5082 distinctu
1647 5027 1926 5099 legalium
1958 5028 2113 5084 ordi-

460 5130 604 5169 num
634 5115 1191 5187 contemplationem
1223 5118 1281 5169 et
1310 5114 1650 5187 allegoriam
1688 5116 1898 5173 dicere.

529 5204 702 5274 Hujus
732 5215 921 5260 autem
951 5206 1171 5275 legalis.
1192 5204 1326 5268 Quae
1353 5205 1633 5276 perfectio
1657 5221 1759 5262 seu
1789 5222 2118 5263 sacramen-

460 5296 589 5348 tum
621 5292 681 5347 in
712 5292 857 5365 lege.

528 5380 821 5437 lnitiatore
847 5397 914 5436 ac
941 5381 1094 5439 duce.
1126 5383 1321 5455 Moyse
1351 5381 1641 5438 videlicet.

2271 4694 2338 4729 ια.

2223 4695 2406 4831 χιέζὴν
2463 4760 2599 4815 κατὰ
2649 4761 2841 4834 νόμον.
2894 4761 3024 4834 Περί
3080 4765 3181 4829 τῆς
3254 4757 3391 4813 κατὰ
3461 4755 3632 4829 νόμον
3680 4754 3876 4830 ἱεραρ-

2221 4852 2371 4927 χίας.

2293 4938 2402 4994 Οὐκ
2460 4936 2822 5014 εὐδιάκριτον.
2882 4939 3224 5011 Σημείωσαι,
3298 4938 3381 4991 δτι
3438 4934 3540 4990 οὐκ
3599 4932 3876 5003 εὔληπτον

2223 5027 2374 5104 λέγει
2428 5028 2518 5083 καὶ
2566 5026 2902 5101 εὐδιάκριτον
2951 5028 3052 5095 τὴν
3107 5030 3214 5082 τῶν
3279 5027 3522 5098 νομικῶν
3584 5020 3878 5092 διατάξεων

2226 5116 2451 5192 θεωρίαν
2486 5117 2574 5172 καὶ
2608 5115 2975 5192 ἀλληγορίαν.

2295 5206 2469 5281 Ταύτῃ
2509 5203 2566 5261 δὶ
2612 5210 2681 5280 τῇ
2731 5206 2867 5261 κατὰ
2914 5206 3102 5278 νόμον.
3135 5202 3233 5265 Τίς
3287 5205 3321 5273 ἡ
3368 5200 3564 5271 τελετή
3596 5203 3642 5238 ⁸³
3670 5204 3779 5256 τῶν
3830 5197 3883 5255 ἐν

2225 5294 2522 5441 “iactos
2548 5385 2635 5438 καὶ
2669 5383 2963 5459 ἡγεμόνος.
2998 5382 3240 5446 Μωσέως
3270 5378 3507 5453 δηλαδή.

1458 5564 1697 5621 VARI/E
1737 5561 2134 5620 LECTIONES
2173 5564 2264 5620 ET
2302 5564 2863 5624 CORBECTIONES.

527 5706 572 5744 ³¹
607 5702 936 5783 ἐπιφανείας.
1016 5707 1064 5743 ³³
1096 5706 1131 5776 ἡ
1162 5707 1297 5762 κατὰ
1327 5702 1494 5781 νὸμον
1519 5703 1738 5777 τελετή.
