4158 6370
203 382 296 436 161
914 381 972 433 S.
1014 378 1290 433 MAXIMI
1328 376 1633 431 SCHOLIA
1674 376 1745 427 IN
1786 370 1922 425 LIB.
1964 373 2059 425 DE
2109 372 2401 426 ECCLES.
2450 372 2919 425 HIERARCHIA.

1690 495 1851 568 Ὅρα,
1881 492 1937 560 Α
2033 492 2230 548 Sancte
2286 492 2629 549 describens.
2677 492 2855 548 Juxta
2902 492 3127 549 dictum
3168 509 3184 549 :
3238 493 3390 564 vide,
3439 494 3619 551 facies

267 503 635 579 Ἱερογραιρῶν
716 502 840 570 τήν.
920 499 1064 553 Κατὰ
1144 498 1206 553 τὸ
1291 496 1577 573 εἶ’ρημὲνον
1617 512 1631 526 ⁸

199 594 457 661 ποτήσεις
513 590 688 645 πάντα
734 590 871 644 κατὰ
924 589 1016 643 τὸν
1073 586 1242 642 τύπον
1300 587 1390 641 τὸν
1433 583 1718 659 δειχθέντα
1773 601 1858 635 σοι

204 681 256 736 ὲν
285 684 367 753 τῷ
398 676 539 755 ὄρει.

269 772 377 839 Τὴν
437 767 803 843 τελειοτέραν.
856 768 986 843 Περὶ
1038 773 1137 835 τῆς
1212 764 1330 829 νὲας
1403 761 1688 838 ἱεραρχίας
1763 766 1862 829 τῆς

210 858 259 913 ἰν
294 856 598 928 Ἐκκλησία
643 855 921 932 λέγει,δτι
978 854 1262 931 κλήρωσίς
1294 857 1340 891 ³⁸
1396 851 1505 907 ἐστι
1561 856 1669 906 τῶν
1728 850 1863 904 κατὰ

203 948 396 1019 νόμον.
429 950 608 1001 Ταῦτα
657 943 715 1000 δὲ
746 946 773 999 ὁ
806 942 1144 1006 Ἀπόστολος
1195 944 1246 999 ἐν
1292 946 1361 1017 τῇ
1410 942 1545 1016 πρὸς
1576 935 1860 1015 Ἑϐραίους

205 1037 360 1112 φησί,
392 1035 486 1089 καὶ
538 1036 566 1089 ὁ
610 1033 835 1110 Κύριος·
874 1033 989 1091 Οὐκ
1016 1031 1186 1101 ἦλθον
1219 1031 1517 1087 καταλῦσαι
1546 1030 1638 1084 τὸν
1668 1026 1861 1100 νόμον,

202 1123 350 1179 ἀλλὰ
376 1123 494 1193 πλη
504 1127 697 1197 ρῶσαι.

270 1216 351 1286 Τῇ
404 1211 688 1285 μεσότητι.
742 1210 1083 1283 Σημείωσαι,
1115 1214 1234 1271 πῶς
1296 1209 1434 1281 μὲση
1494 1205 1632 1261 ἐστὶν
1694 1207 1865 1282 οὖρα-

201 1302 319 1363 νίας
349 1300 662 1375 ἱεραρχίας,
694 1299 787 1354 καὶ
818 1306 917 1368 τῆς
969 1305 1206 1372 νομικῆς
1236 1300 1271 1367 ἠ
1304 1296 1731 1367 ἐκκλησιαστική
1784 1296 1865 1349 ἰε-

206 1389 435 1466 ραρχία,
466 1388 557 1443 καὶ
588 1393 707 1451 πῶς
742 1394 859 1451 ταῖς
891 1386 986 1442 δύο
1030 1392 1303 1454 κοινωνεῖ,
1326 1389 1395 1460 τῇ
1441 1387 1535 1459 μὶν
1584 1390 1663 1457 τῷ
1705 1382 1866 1438 πνεύ-

210 1501 343 1553 ματι
380 1498 393 1511 ·
426 1482 496 1552 τῇ
557 1475 617 1532 δὲ
669 1482 749 1549 τῷ
800 1478 1106 1553 γράμματι,
1164 1477 1431 1545 τουτέστι,
1488 1479 1604 1537 τοῖς
1658 1467 1865 1548 συμϐό-

203 1568 351 1630 λοις.

276 1658 349 1712 Τὸ
404 1656 653 1731 τρισσόν.
686 1659 811 1717 Πῶς
866 1657 901 1725 ἡ
960 1654 1039 1717 εἷς
1106 1656 1231 1731 τρία
1291 1652 1553 1730 διαίρεσις
1605 1656 1715 1708 τῶν
1771 1652 1865 1706 τά·

208 1748 361 1817 ξεων.

276 1832 548 1897 Θεοειδεῖς
606 1838 713 1889 τῶν
776 1834 956 1909 ἱερῶν.
989 1834 1297 1901 Τουτέστιν,
1328 1831 1405 1897 εἷς
1452 1830 1597 1906 ἱερὰν
1645 1834 1863 1907 γνῶσιν,

205 1925 298 1979 καὶ
327 1920 720 1991 διδασκάλους,
750 1923 837 1977 καὶ
873 1919 1318 1996 διδασκομένους.

278 2102 403 2159 Τῶν
434 2101 559 2156 καθ’
589 2104 758 2173 ἡμᾶς.
790 2104 906 2155 Τῶν
935 2098 1212 2175 ἀγγέλων.

487 2193 786 2265 Διαιρεῖται
826 2192 862 2258 ἡ
893 2193 1000 2243 τῶν
1032 2186 1265 2244 τελετῶν
1307 2187 1589 2263 ἱερουργία

588 2278 668 2339 εἷς
699 2278 789 2332 κά-
922 2277 1143 2349 μύησιν.
1364 2275 1538 2331 τελεί-

577 2368 784 2442 θαρσιν,
1359 2386 1513 2423 ωσιν.

566 2461 629 2511 Ἠ
658 2459 767 2510 τῶν
812 2455 1108 2529 ἱερουργῶν
1144 2450 1505 2527 διακόσμησις

208 2546 281 2608 εἰς
322 2546 586 2620 κάθαρσιν
828 2544 906 2605 εἰς
947 2564 1211 2621 φωταγω-
1456 2542 1533 2605 εἷς
1580 2541 1861 2599 τελείωσιν

204 2640 306 2691 τῶν
356 2632 545 2690 ἀτελὲ-
832 2632 951 2709 γίαν
981 2637 1088 2687 τῶν
1119 2653 1214 2687 κα·
1458 2636 1565 2687 τῶν
1578 2633 1867 2709 φωτισθέν-

209 2746 371 2797 στων,
830 2723 1156 2796 θαρθέντων,
1454 2742 1586 2791 των,

618 2903 680 2959 Ἡ
709 2905 818 2956 τῶν
850 2897 1195 2973 τελουμένων
1229 2897 1457 2973 δύναμις

370 2989 453 3053 εἷς
484 3000 677 3053 καθαι-
836 2988 913 3051 εἷς
945 2994 1180 3066 φωτιζο-
1344 2989 1421 3052 εἷς
1451 2988 1694 3045 τελειου-

371 3078 542 3156 ρομέν
552 3100 666 3147 ους,
836 3077 1053 3152 μένους,
1349 3078 1566 3152 μένους.

3514 370 3620 427 162

1968 584 2161 639 omnia
2189 581 2487 638 secundum
2514 582 2820 653 exemplar,
2853 582 2991 654 quod
3016 591 3381 640 monstratum
3408 588 3486 640 est
3515 584 3621 641 tibi

1968 670 2026 723 in
2058 680 2240 727 monte
2266 672 2369 742 (ας).

2038 761 2447 830 Perfectiorem.
2480 760 2560 815 De
2590 776 2738 816 nova
2759 759 3085 817 hierarchia
3104 778 3232 833 quae
3264 761 3323 817 in
3355 762 3616 819 Ecclesia

1970 852 2060 903 est
2087 848 2229 920 agit,
2262 849 2413 919 quod
2463 848 2763 921 plenitudo
2811 856 2899 905 est
2927 867 3129 905 eorum
3182 867 3308 921 quae
3354 852 3413 907 in
3463 853 3615 926 lege.

1972 935 2102 992 Haec
2140 937 2457 1009 Apostolus
2502 938 2561 993 in
2610 939 2869 1010 Epistola
2918 939 2990 995 ad
3039 939 3311 997 Hebraos
3357 941 3526 1010 dicit;
3559 945 3619 998 et

1972 1026 2253 1082 Dominus
2313 1043 2326 1082 :
2385 1028 2507 1082 Non
2572 1030 2702 1084 veni
2759 1030 2961 1085 solvere
3021 1028 3232 1101 legem,
3289 1030 3381 1085 sed
3433 1030 3620 1086 adim-

1970 1116 2119 1186 plere
2148 1115 2250 1187 (μ).

2042 1205 2234 1261 Medio.
2284 1205 2456 1274 Nota,
2506 1207 2801 1278 quomodo
2851 1208 3047 1263 media
3097 1206 3175 1263 sit
3221 1209 3376 1263 inter
3420 1209 3621 1266 coales-

1975 1300 2091 1349 tem
2122 1294 2509 1351 hierarchiam
2542 1300 2599 1351 et
2635 1295 2903 1366 legalem,
2941 1296 3036 1351 '38
3068 1296 3468 1353 ecclesiastica
3495 1297 3623 1355 hie-

1975 1382 2225 1453 rarchia,
2276 1388 2334 1439 et
2388 1385 2671 1454 quomodo
2730 1386 2801 1440 de
2851 1391 3097 1457 utraque
3148 1386 3507 1458 participat:
3554 1388 3626 1443 de

1973 1471 2075 1527 illa
2122 1473 2362 1545 quidem
2412 1473 2649 1545 spiritu,
2696 1475 2768 1529 de
2816 1474 2925 1530 hac
2974 1490 3108 1530 vero
3159 1474 3377 1543 littera,
3424 1476 3481 1531 id
3537 1480 3628 1532 est

1974 1560 2182 1634 signis.

2047 1652 2359 1722 Tripticem.
2393 1653 2695 1719 Quomodo
2725 1652 2784 1707 in
2812 1651 2927 1708 tria
2955 1652 3165 1709 divisio
3197 1654 3490 1712 ordinem.

2048 1830 2350 1902 Deiforme:
2396 1846 2705 1900 sacrorum,
2740 1831 2839 1887 Gr.
2884 1828 3139 1893 θεοειδεῖς
3186 1834 3294 1886 τῶν
3346 1832 3530 1906 ἱερῶν,
3563 1833 3626 1890 Id

1972 1923 2064 1975 est
2094 1920 2152 1975 in
2185 1936 2411 1977 sacram
2451 1921 2783 1987 scientiam,
2815 1924 2873 1976 et
2902 1921 3242 1993 magistros,
3275 1924 3331 1978 et
3360 1922 3625 1995 discipu-

1972 2008 2078 2063 los.

2045 2098 2179 2166 Quae
2208 2106 2402 2154 nostra
2430 2097 2567 2155 haec.
2602 2098 2660 2154 Id
2692 2102 2782 2155 est
2812 2098 3179 2172 angelorum.

2276 2188 2566 2244 Dividitur
2596 2188 2873 2265 initiandi
2904 2205 3071 2245 sacra
3099 2190 3324 2246 functio

1973 2278 2034 2331 in
2080 2280 2383 2350 purgatw-
2705 2278 2976 2334 eruditio-
3330 2279 3628 2350 perfectio-

1972 2381 2121 2437 nem,
2707 2383 2858 2434 nem,
3336 2384 3485 2424 nem.

2259 2456 2472 2512 Eorum
2504 2456 2605 2528 qui
2637 2474 2804 2512 sacra
2839 2455 3169 2528 perﬁciunt,
3202 2456 3342 2513 ordo

1975 2546 2035 2600 in
2095 2561 2304 2615 purga-
2595 2547 2657 2601 in
2699 2546 2955 2601 illustra-
3209 2548 3269 2601 in
3322 2549 3625 2618 perfectio-

1974 2636 2182 2689 tionem
2220 2650 2303 2690 eo-
2587 2636 2791 2690 tionem
2864 2651 2952 2691 eo-
3205 2652 3335 2691 nem
3406 2652 3620 2706 eorum,

1972 2741 2137 2794 rum,
2211 2726 2307 2794 qui
2590 2727 2846 2797 rum,qui
2863 2741 2959 2780 ειε-
3210 2727 3309 2796 qui
3349 2726 3627 2782 illustrati

1974 2813 2138 2869 rudes
2153 2818 2301 2870 sunt.
2588 2814 2731 2885 picti
2755 2824 2909 2871 sunt.
3208 2818 3355 2873 sunt.

2464 2902 2835 2959 lnitiatorum
2868 2906 3133 2975 potestas

1974 2994 2035 3047 in
2055 3009 2146 3049 eos
2167 2995 2262 3064 qui
2279 3009 2419 3065 pur-
2672 2994 2731 3048 in
2760 3009 2850 3049 eos
2878 2994 2975 3064 qui
3002 2993 3074 3049 it-
3328 2995 3388 3050 in
3414 3008 3502 3050 eos
3531 2994 3630 3066 qui

1970 3086 2194 3151 gantur.
2664 3084 2999 3141 lustrantur.
3320 3085 3625 3156 perﬁciun-

3316 3178 3430 3231 tur.

274 3261 436 3335 §III.
481 3258 721 3331 Δύναμιν
779 3258 879 3325 τήν
936 3255 1105 3329 ἱεράν.
1165 3257 1251 3312 Ἐν
1308 3255 1524 3319 τούτοις
1581 3255 1853 3329 σκόπησον

2039 3263 2067 3328 §
2099 3261 2195 3317 IlI.
2236 3262 2501 3317 Virtutem
2540 3264 2816 3317 sanctam.
2851 3261 2913 3315 In
2964 3259 3057 3316 his
3105 3228 3427 3318 considera
3461 3238 3619 3319 recte

208 3349 471 3423 εὖκρινῶς
529 3344 880 3417 δεικνυμένην
930 3348 1031 3415 τὴν
1084 3343 1370 3421 τριαδικήν
1419 3348 1521 3416 τῆς
1573 3347 1860 3423 ἰεραρχίας

1990 3354 2266 3405 ιεῑθιιδαω
2296 3349 2593 3421 triplicem
2628 3347 2966 3405 hierarcbiae
2996 3348 3366 3407 divisionem.

212 3438 492 3493 διαίρεσιν.

271 3458 492 3512 ιιρεσιν.

271 3528 334 3583 Ἡ
364 3524 425 3581 δι
452 3530 564 3580 τῶν
594 3526 915 3600 ἱερουργῶν.
950 3524 1079 3597 Περὶ
1110 3527 1218 3578 τῶν
1250 3520 1582 3581 τελούντων.

266 3613 679 3688 Ἀποκαθαίρει.
721 3611 787 3670 Τί
838 3612 977 3667 ἐστιν
1028 3612 1412 3687 ἀποκαθαίρειν
1452 3615 1516 3681 ³⁴,
1562 3614 1651 3668 καὶ
1698 3614 1751 3669 τί
1798 3616 1861 3669 τὸ

214 3704 488 3778 οωτίζειν,
518 3702 609 3757 καὶ
639 3701 691 3755 τί
716 3703 780 3756 τὸ
808 3702 1075 3768 τελειοῦν,
1109 3701 1252 3756 εἶπεν
1284 3701 1335 3756 ἐν
1366 3707 1447 3773 τῷ
1491 3702 1617 3778 Περὶ
1663 3710 1764 3772 τῆς
1808 3703 1860 3758 ἐν

217 3796 471 3868 οὐρανοῖς
502 3795 549 3831 ⁸⁸
576 3790 863 3866 ίεραρχίας
894 3788 1174 3864 κεφαλαίῳ
1216 3792 1261 3866 γ’
1290 3792 1413 3866 περὶ
1458 3792 1520 3845 τὸ
1562 3790 1741 3861 τέλος,
1771 3793 1863 3848 καὶ

216 3881 317 3938 ὧδε
345 3880 560 3958 προϊών
595 3879 749 3955 [ἐρεῖ’
781 3877 915 3946 αὕτη
949 3875 1004 3933 δὲ
1035 3880 1070 3948 ἡ
1099 3878 1293 3954 τριάς].

281 3970 666 4028 Τελειώσεσιν.
733 3968 963 4043 Πρώτη-ι
1010 3968 1072 4021 τὸ
1140 3967 1409 4044 καθαίρειν
1465 3967 1593 4032 τοὺς
1642 3970 1864 4027 ἀτελέσ-

216 4081 338 4123 τους
365 4078 379 4092 ·
420 4057 591 4132 μέσην
617 4057 737 4120 καθ’
766 4058 831 4126 ἣν
866 4053 1070 4119 ἄλλους
1107 4059 1329 4129 μυοῦσιν
1362 4076 1374 4089 ·
1410 4056 1645 4133 ἐσχάτην
1698 4057 1755 4113 δὲ
1801 4061 1863 4115 τὸ

215 4147 570 4217 τελειωθῆναι
608 4145 796 4220 μόνον.

284 4239 347 4295 Ἡ
374 4238 573 4310 πρώτη
611 4233 900 4308 μὲν.⁷Αντὶ
928 4238 1025 4289 τοῦ
1055 4236 1090 4305 ἡ
1120 4234 1276 4310 τριὰς
1304 4239 1412 4290 τῶν
1449 4230 1862 4308 ὑποϐεϐηκυιῶν

220 4328 412 4397 τάξεων
425 4368 439 4382 .

285 4418 345 4471 Ἡ
372 4414 595 4491 τρισσή.
627 4410 726 4476 Τίς
754 4414 788 4482 ἡ
818 4412 1015 4488 τρισσή
1048 4409 1277 4485 δύναμις
1310 4418 1416 4467 τῶν
1450 4414 1661 4489 ἱερέων.

287 4504 590 4575 Συνάξεως.
623 4503 758 4559 Ἀπὸ
782 4500 966 4555 κοινοῦ
993 4500 1078 4571 τὰ,
1113 4500 1552 4575 ἀποδειχθείσης.

2040 3526 2343 3582 Sacrorum
2366 3527 2771 3581 ministrorum.
2804 3524 2886 3580 De
2918 3524 2990 3580 iis
3022 3524 3124 3597 qui
3154 3526 3486 3597 perﬁciunt.

2039 3616 2265 3686 Expiet.
2299 3614 2446 3678 Quid
2498 3615 2575 3669 sit
2621 3614 2876 3685 expiare,
2910 3618 2969 3669 et
3016 3614 3158 3685 quid
3211 3615 3531 3683 illustrare,
3564 3620 3623 3672 et

1973 3705 2115 3775 quid
2157 3704 2453 3774 perﬁcere,
2484 3703 2630 3758 dixit
2672 3704 2731 3758 in
2780 3703 2930 3758 libro
2962 3704 3036 3758 De
3064 3703 3271 3758 cetein
3301 3704 3624 3761 hierarchia

1973 3792 2162 3863 capite
2191 3792 2361 3847 tertio
2406 3792 2561 3847 circa
2604 3793 2805 3860 ﬁnem,
2839 3798 2895 3847 et
2926 3791 3021 3846 hic
3053 3793 3434 3864 progrediens
3466 3794 3572 3865 [ait
3606 3810 3623 3851 :

1973 3883 2095 3953 ipsa
2123 3885 2307 3935 autem
2338 3880 2509 3951 trias]
2521 3924 2533 3936 .

2043 3970 2503 4040 Per/ectionibus.
2555 3969 2835 4037 Primam,
2888 3985 3137 4042 purgare
3196 3987 3294 4027 eos
3353 3972 3453 4045 qui
3502 3989 3620 4029 non

1974 4064 2115 4114 sunt
2142 4058 2386 4123 initiati;
2436 4058 2713 4127 mediam,
2746 4058 2805 4113 in
2852 4074 2967 4129 qua
3018 4058 3164 4115 alios
3213 4060 3455 4129 docent;
3488 4078 3624 4134 pos-

1972 4151 2245 4215 tremam,
2279 4146 2477 4218 perﬁci
2510 4150 2756 4201 tantum.

2044 4239 2236 4292 Prima
2300 4235 2537 4306 quidem.
2597 4235 2737 4303 Pro,
2795 4235 2984 4291 ternio
3050 4235 3399 4294 inferiorum
3459 4239 3624 4295 ordi-

1974 4343 2138 4382 num.

2045 4416 2285 4487 Triplex.
2319 4414 2454 4478 Quze
2484 4413 2571 4468 vis
2603 4411 2815 4485 triplex
2845 4414 3243 4472 sacerdotum.

2044 4504 2346 4576 Synaxeos.
2380 4500 2596 4574 Supple
2625 4496 3068 4576 ἀποδειχθείσης,
3102 4503 3534 4563 demonstrata-3.

287 4599 389 4650 Νῦν
424 4591 483 4648 δὶ
506 4594 631 4663 τήν.
664 4592 758 4646 Ἐκ
784 4591 885 4667 γὰρ
916 4595 1024 4645 τῶν
1059 4589 1215 4655 θείων
1250 4596 1477 4667 Γραφῶν
1500 4592 1862 4668 καθαιρόμεθα

2044 4595 2200 4649 Nunc
2232 4597 2439 4648 autem.
2475 4589 2693 4646 Divinis
2733 4592 2890 4646 enim
2933 4592 3251 4665 Scripturis
3299 4612 3626 4669 purgamur

219 4687 298 4740 καὶ
334 4682 737 4755 ἐλλαμπόμεθα
774 4681 912 4755 πρὸς
952 4680 1051 4748 τήν
1084 4680 1231 4753 ἱερὰν
1281 4682 1633 4755 θεογενεσίανο
1667 4681 1727 4737 ἐκ
1766 4688 1867 4753 τῆς

222 4774 478 4843 συνάξεως
512 4768 572 4825 δὲ
598 4769 687 4824 καὶ
717 4772 817 4833 τῆς
843 4772 940 4823 τοῦ
994 4768 1166 4841 μύρου
1210 4768 1434 4838 τελετῆς
1486 4766 1863 4843 ἐπιστημόνως

221 4861 593 4933 τελειοῦμεθα.
627 4858 947 4929 Σημείωσαι
1000 4857 1089 4911 καὶ
1138 4856 1363 4912 ἐνταῦθα
1408 4857 1617 4932 ὁμοίως
1661 4857 1865 4930 δηλου-

228 4952 386 5022 μένην
413 4948 514 5016 τὴν
544 4943 830 5023 τριαδικήν
866 4943 1142 5020 διαίρεσιν.

224 5039 368 5112 [Περὶ
388 5035 624 5107 τάξεων,
654 5032 779 5103 ἤτοι
824 5033 949 5109 περὶ
997 5038 1103 5089 τῶν
1145 5035 1430 5107 ἱερατικῶν
1476 5034 1863 5109 τελειώσεων.]

519 5128 815 5197 Διαιρεῖται
845 5124 880 5192 ἡ
913 5122 1159 5195 ἱερατικὴ
1192 5120 1553 5196 διακόσμησις

226 5214 293 5279 εἲς
317 5224 580 5289 καθαρτι-
852 5211 1184 5284 φωτιστικὴν
1201 5253 1218 5284 ,
1482 5209 1859 5285 τελειωτικήν.

228 5303 346 5373 κῆν,

293 5448 372 5519 (κ)
396 5444 582 5507 Exod.
612 5459 753 5517 xxv,
780 5442 871 5503 40.
950 5442 1032 5517 (y)
1064 5442 1272 5503 Matth.
1302 5460 1358 5515 ν,
1391 5443 1481 5502 17.

1978 4687 2035 4738 et
2063 4681 2435 4736 illustramur
2465 4680 2538 4735 ad
2583 4696 2811 4735 sacram
2862 4680 2964 4736 Dei
3012 4684 3447 4754 generationem
3478 4702 3492 4741 :
3525 4702 3624 4758 sy-

1978 4787 2191 4827 naxeos
2220 4786 2352 4825 vero
2380 4774 2437 4825 et
2466 4770 2752 4841 unguenti
2799 4775 3168 4827 sacramento
3199 4772 3451 4829 scienter
3494 4790 3626 4845 per-

1975 4860 2228 4915 ﬁcimur.
2260 4861 2408 4914 Nota
2453 4856 2628 4912 etiam
2677 4856 2772 4911 hic
2805 4857 3083 4915 similiter
3113 4860 3468 4917 declaratam
3515 4862 3622 4917 tri-

1974 4949 2181 5021 plicem
2216 4947 2586 5003 divisionem.

2012 5038 2109 5093 79
2144 5037 2245 5107 [De
2275 5036 2606 5104 ordinibus,
2633 5052 2732 5092 seu
2768 5037 2839 5092 de
2870 5038 3053 5093 sacris
3084 5038 3584 5110 perfectionibus.]

2326 5124 2617 5181 Dividitur
2660 5124 3093 5181 ecclesiasticus
3123 5128 3265 5183 ordo

2114 5217 2176 5272 in
2207 5213 2454 5287 expiati-
2704 5214 2996 5270 ittumina-
3241 5218 3462 5288 perfec-

2116 5320 2267 5371 vum,
2708 5304 2903 5369 tivum,
3256 5306 3457 5364 tivum.

1228 5582 1471 5645 VARle
1508 5587 1901 5649 LEGTIONES
1941 5590 2029 5648 ET
2065 5585 2618 5649 CORRECTIONES.

302 5704 347 5742 ⁸³
371 5699 681 5780 πλήρωσις.
753 5700 803 5739 ⁸⁸
827 5697 1124 5774 καθαίρειν.
1200 5702 1246 5740 ³⁸
1276 5698 1551 5779 οὐρανίας.
