4158 6370
512 362 614 418 163

1325 363 1689 416 APPENDIX
1725 366 1823 417 AD
1859 364 2099 418 OPERA
2136 363 2194 414 Β.
2238 360 2552 418 DIONYSII
2593 365 3091 421 AREOPAGITE.

3812 368 3920 423 164

577 490 606 557 §
636 486 727 542 ιν.
758 487 841 540 Αη
866 500 977 541 non
1022 498 1252 557 quaeque
1291 485 1592 541 sensibiles.
1632 485 1700 541 Ut
1732 485 1791 541 in
1817 486 1966 541 vitro
1999 484 2142 555 quod

2340 488 2367 554 §
2425 486 2516 540 IV.
2578 487 2649 541 Ἢ
2705 486 2835 560 οὐχὶ
2892 486 2981 540 καὶ
3034 487 3129 549 τὰς
3186 487 3467 558 αἰσθητάς.
3525 488 3615 551 Ὠς
3668 488 3758 545 ἰπὶ
3812 497 3915 561 τῆς

507 576 693 633 solem
725 573 950 647 recipit,
984 575 1139 645 quod
1168 574 1344 630 etiam
1376 591 1556 646 supra
1586 574 1759 644 dixit;
1794 578 1969 647 atque
2000 579 2067 629 ut
2094 574 2154 629 in

506 666 642 739 igne
671 669 772 721 aut
813 664 1036 720 lumine
1083 664 1336 735 perspici
1386 663 1539 733 licet,
1575 680 1707 719 cum
1740 664 1881 720 illud
1915 663 2155 735 quidem

508 771 612 829 per
640 754 839 811 tenuia
859 759 917 810 et
942 753 1236 825 perlucida
1265 770 1509 826 corpora
1536 752 1841 824 colluceat,
1864 757 1921 809 et
1941 753 2155 809 crassis

508 849 568 901 et
596 843 893 912 obscuris;
924 843 1079 915 ignis
1109 847 1305 899 autem
1346 860 1449 915 per
1493 843 1800 899 materiam
1832 859 1959 914 quae
1994 841 2157 898 facile

511 933 779 990 comburi
829 937 1039 1005 potest,
1071 933 1243 988 etiam
1276 933 1475 988 minus
1507 937 1675 1004 aptas
1725 933 1796 988 ad
1844 948 1976 988 eum
2010 931 2156 987 reci-

509 1023 792 1097 piendum
825 1026 1066 1078 naturas
1097 1026 1320 1078 exurat.

580 1113 864 1168 Illucescit.
900 1112 1172 1168 Efﬁcacia
1202 1112 1460 1184 episcopi
1486 1111 1777 1167 videlicet.

582 1203 814 1259 Istorum
843 1203 1016 1273 igitur
1043 1210 1136 1258 est.
1172 1206 1249 1257 Ex
1279 1203 1601 1273 communi,
1626 1200 1848 1257 scilicet
1875 1200 2154 1272 loquendi

505 1293 702 1361 modo,
745 1292 1100 1349 sumendum
1157 1295 1246 1347 est
1299 1292 1541 1347 verbum
1602 1288 1741 1360 ἐστίς
1802 1290 2156 1347 subauditur

505 1381 661 1437 enim
698 1399 711 1438 :
746 1380 805 1435 in
838 1379 1116 1436 omnibus
1147 1396 1273 1451 quae
1306 1384 1447 1436 sunt
1479 1381 1538 1435 in
1572 1380 1717 1437 loco.

578 1471 685 1539 Qui
711 1473 884 1527 Deum
911 1474 1163 1539 cernunt,
1194 1469 1255 1521 τὸ
1294 1474 1429 1531 τοῖς.
1463 1470 1629 1537 Nota,
1659 1468 1990 1542 pontiﬁcem
2031 1470 2150 1541 pri-

505 1575 601 1615 mo
632 1559 831 1615 divina
860 1558 1082 1614 visione
1113 1557 1420 1625 collucere,
1456 1558 1819 1628 deindeZeam
1848 1557 2050 1629 largiri
2078 1557 2152 1613 iis

502 1649 721 1721 quibus
754 1653 980 1721 praeest,
1015 1653 1310 1721 postremo
1342 1650 1448 1706 hos
1480 1649 1706 1720 perﬁcit
1737 1649 1951 1721 quibus
1983 1647 2151 1705 illus-

500 1738 814 1795 trationem
845 1737 1265 1793 communicat.

2268 573 2429 629 ὑέλου
2462 572 2769 649 δεχομένης
2794 576 2886 631 τὸν
2919 576 3107 647 ἥλιον,
3138 576 3271 653 ὅπερ
3314 579 3402 631 καὶ
3453 577 3708 653 ἀνωτέρω
3752 580 3870 635 εἷπε
3896 600 3910 613 ·

2263 662 2351 716 καὶ
2385 664 2496 719 οἷον
2533 663 2619 719 ἐπὶ
2652 669 2748 719 τοῦ
2774 666 2942 741 πυρὸς
2991 668 3025 735 ἢ
3068 669 3166 721 τοῦ
3215 666 3393 740 φωτὸς
3443 664 3582 721 ἔστιν
3634 664 3785 739 ἰδεῖν,
3814 674 3915 725 τοῦ

2267 751 2360 823 μὲν
2418 749 2507 807 διὰ
2550 757 2656 807 τῶν
2710 754 2910 828 ἀραιῶν
2956 754 3047 808 καὶ
3099 751 3371 831 διαφανῶν
3432 754 3698 829 σωμάτων
3747 777 3913 813 κατα-

2264 838 2580 914 λάμποντος
2637 842 2727 897 καὶ
2786 844 2854 897 τὰ
2906 844 3190 918 παχύτερα
3244 843 3335 898 καὶ
3387 840 3619 917 ἀλαμπῆ
3654 862 3668 877 ⁸
3698 850 3798 901 τοῦ
3852 844 3913 901 δὲ

2262 931 2432 1005 πυρὸς
2464 929 2552 986 διὰ
2588 939 2687 1001 τῆς
2739 930 3181 1004 εὖκαταπρήστου
3240 930 3403 1004 ὅλης,
3441 934 3533 987 καὶ
3583 933 3676 997 τὰς
3722 935 3911 991 ἀνεπι-

2260 1018 2510 1090 τηδείους
2539 1022 2675 1095 πρὸς
2710 1042 2992 1093 μετουσιαν
3025 1022 3189 1076 αὑτοῦ
3218 1021 3582 1097 ἐκπυροῦντος
3614 1022 3823 1098 φύσεις.

2333 1108 2662 1183 Ἐλλάμπειο
2697 1112 2761 1167 Ἥ
2793 1109 3029 1187 ἐνέργεια
3057 1115 3153 1165 τοῦ
3185 1112 3446 1187 ἱεράρχου
3479 1109 3762 1182 δηλονότι.

2331 1198 2544 1254 Τούτων
2578 1196 2668 1254 οὖν
2720 1199 2851 1256 ἐστι.
2885 1202 3035 1256 Κατὰ
3088 1205 3277 1255 κοινοῦ
3335 1198 3575 1271 ληπτέον
3631 1203 3694 1257 τὸ
3744 1200 3905 1258 ἐστί·

2260 1288 2734 1362 προσυπακούεται
2765 1288 2869 1364 γὰρ
2901 1288 2988 1344 ἐπὶ
3019 1288 3167 1345 ὅλων
3195 1293 3301 1344 τῶν
3335 1289 3385 1345 ἰν
3417 1295 3496 1363 τῷ
3515 1290 3690 1364 τόπῳ.

2331 1471 2660 1541 Θεοπτικῶν,
2700 1469 2762 1524 τὸ
2812 1472 2948 1532 τοῖς.
2998 1467 3339 1541 Σημείωσαι,
3391 1466 3474 1523 ὅτι
3526 1474 3827 1533 θεοπτικῶς
3877 1470 3907 1524 ὁ

2258 1557 2523 1633 ἱεράρχης
2552 1561 2768 1634 πρῶτον
2821 1556 3159 1631 ἐλλάμπεται
3195 1575 3207 1589 ·
3243 1559 3355 1612 εἶτα
3406 1555 3736 1631 μεταδίδωσι
3787 1563 3909 1621 τοῖς

2261 1648 2348 1701 ὑπ’
2380 1645 2537 1702 αὐτόν
2573 1666 2587 1679 ·
2621 1648 2731 1703 εἶτα
2767 1652 2974 1703 τελειοῖ
3009 1646 3254 1718 τούτους,
3282 1649 3363 1710 οἷς
3425 1644 3752 1721 μεταδίδωσι
3800 1654 3907 1717 τῆς

2258 1734 2607 1809 ἐλλάμψεως.

570 1826 707 1900 ἓν.
736 1829 961 1883 Primus
1017 1826 1234 1898 quidem
1289 1834 1388 1883 est.
1447 1827 1801 1897 Notandum,
1856 1826 2142 1898 quomodo

2327 1825 2444 1894 §V.
2478 1826 2675 1901 Πρώτη
2741 1824 2833 1899 μέν
2895 1824 3028 1881 ἐστι.
3064 1824 3436 1899 Σημειωτέον,
3494 1829 3610 1889 πῶς
3668 1827 3704 1896 ἡ
3764 1824 3903 1895 αὐτὴ

497 1915 656 1973 idem
687 1918 829 1973 ordo
862 1916 938 1972 sit
969 1916 1199 1988 primus
1231 1919 1287 1971 et
1318 1920 1667 1988 postremus.

571 2006 855 2063 Hierarchi
885 2012 1095 2064 autem.
1129 2009 1203 2060 De
1250 2005 1305 2060 vi
1356 2005 1626 2060 ordinum
1678 2004 1838 2061 dicit.
1875 2008 1960 2060 Ita
2009 2020 2144 2061 vero

496 2099 724 2167 oportet
751 2112 819 2151 ea
844 2094 1144 2166 proposita
1172 2093 1447 2166 intelligi,
1472 2096 1626 2166 quod
1649 2094 1847 2150 omnia
1868 2093 2145 2151 ecclesia-

496 2184 644 2239 stico
676 2200 836 2239 more
886 2184 1159 2254 perfecta,
1186 2183 1257 2238 ad
1290 2184 1625 2255 pontiﬁcem
1676 2184 2046 2251 referuntur;
2081 2188 2145 2239 ut

498 2272 599 2345 qui
630 2288 697 2328 ea
726 2288 829 2345 per
859 2289 996 2328 suos
1028 2274 1264 2328 ordines
1315 2278 1608 2345 cperatur,
1635 2273 1851 2344 quibus
1897 2273 2145 2345 praebuit

493 2364 839 2433 potestatem
880 2361 1002 2416 haec
1043 2362 1283 2433 agendi;
1318 2362 1419 2417 sed
1454 2365 1646 2417 tamen
1681 2362 1967 2433 praecipue
1998 2378 2141 2434 pon-

493 2450 661 2521 tiﬁci,
696 2456 759 2507 ut
789 2452 1038 2522 ipsemet
1066 2456 1326 2523 peragat,
1360 2456 1418 2507 et
1447 2468 1561 2506 non
1586 2448 1996 2523 iper_aliorum
2030 2452 2142 2505 mi-

489 2538 823 2609 nisterium,
856 2539 1139 2595 attributa
1185 2545 1274 2595 est
1322 2540 1607 2611 unguenti
1648 2539 2051 2607 sanctiﬁcatio,
2086 2544 2142 2595 et

488 2628 691 2684 altaris
722 2628 1106 2698 consecratio,
1138 2632 1194 2683 et
1224 2628 1757 2683 ccclesiasticorum
1796 2629 2086 2683 ordinatio
2120 2645 2133 2682 :

488 2734 615 2790 quae
644 2716 821 2774 etiam
854 2717 1229 2789 perfectionis
1260 2718 1579 2773 effectrices
1612 2717 2136 2789 imagines'divinaa

485 2808 792 2878 potestatis
830 2806 1072 2862 vocavit.
1103 2803 1374 2874 Ὁλότητα
1425 2822 1702 2861 summam
1751 2811 1948 2861 autem
1995 2806 2139 2861 dicit

484 2896 789 2952 universos
822 2897 1079 2964 ordines,
1114 2899 1177 2950 ut
1208 2895 1405 2950 statim
1441 2895 1696 2967 exponit.

554 3072 647 3127 Ηω
675 3075 860 3127 autem
888 3075 1035 3127 sunt.
1072 3072 1133 3126 Id
1179 3075 1289 3139 est,
1323 3088 1453 3143 quae
1502 3072 1814 3143 perﬁciunt
1861 3074 2131 3128 sanctum

485 3176 711 3233 panem
742 3161 801 3216 in
850 3178 1062 3232 corpus
1091 3160 1326 3232 Christi,
1360 3166 1417 3216 et
1463 3161 1699 3217 calicem
1753 3162 1812 3216 in
1862 3165 2127 3217 sanctum

483 3251 855 3323 sanguinem,
888 3255 945 3306 ct
975 3266 1187 3322 aquam
1228 3250 1285 3304 in
1332 3255 1596 3306 sanctam
1629 3250 2045 3322 expiationem,
2077 3253 2133 3305 et
2162 3222 2207 3290 θ

479 3356 613 3397 eum
646 3340 747 3412 qui
778 3356 898 3395 non
938 3344 1028 3396 est
1067 3339 1399 3396 illustratus
1428 3340 1489 3395 in
1521 3341 1927 3412 adoptionem;
1961 3343 2134 3395 caete-

479 3445 659 3502 raque
690 3429 889 3485 omnia
921 3430 1125 3485 eodem
1154 3430 1348 3485 modo.

548 3518 695 3574 Licet
726 3521 878 3574 enim
908 3535 943 3573 a
969 3519 1358 3575 sacerdotibus.
1394 3519 1542 3574 Nota
1583 3521 1639 3573 et
1683 3533 2044 3587 consecrare,
2079 3520 2135 3572 et

480 3608 767 3663 conﬁcere
821 3612 1212 3679 unguentum,
1272 3625 1386 3662 non
1448 3624 1575 3663 esse
1634 3609 2130 3679 presbyterorum,

483 3712 631 3767 quos
662 3697 842 3751 etiam
892 3696 1223 3752 sacerdotes
1273 3694 1556 3767 appellat;
1607 3696 1748 3765 quin
1798 3711 1904 3750 nec
1952 3695 2135 3750 altare

482 3801 844 3853 consecrare,
876 3784 1106 3839 etiamsi
1155 3783 1213 3838 in
1246 3800 1312 3838 eo
1348 3784 1618 3851 offerant;
1654 3800 1759 3839 nec
1811 3800 1943 3839 vero
1975 3785 2133 3839 ordi-

484 3891 644 3930 nare.
678 3873 807 3929 Haec
852 3873 1007 3927 enim
1042 3872 1198 3928 solus
1234 3873 1496 3944 pontifex
1545 3874 1793 3943 perficit,
1817 3878 1979 3927 extra
2008 3889 2133 3944 quas

484 3962 807 4036 presbyter,
843 3977 947 4016 nec
994 3961 1334 4033 baptizabit,
1369 3977 1474 4016 nec
1525 3961 1755 4029 offeret;
1787 3961 1889 4017 80
1934 3962 2033 4017 sed
2074 3961 2131 4015 in

483 4052 555 4106 iis
578 4067 704 4122 quae
725 4050 890 4122 prius
917 4068 950 4105 ιι
980 4049 1253 4122 pontiﬁce
1276 4054 1615 4107 consecrata
1636 4050 1875 4121 fuerint,
1900 4066 2133 4106 sacrum

484 4139 677 4196 faciet.

556 4228 1087 4301 Sanctiﬁcatzonem.
1138 4230 1234 4285 Gr.
1292 4226 1581 4302 ἀγιστείαν.
1636 4230 1765 4287 Sive
1814 4229 2134 4285 ordinatio-

483 4332 640 4375 nem.

554 4407 953 4478 Singulariter,
985 4408 1083 4462 Gr.
1127 4404 1350 4467 ὲνιαίος.
1388 4406 1453 4462 In
1485 4404 1737 4463 solidum
1788 4422 1890 4462 seu
1942 4406 2135 4478 priva-

482 4497 613 4552 tim.

2255 1912 2445 1990 πρώτη
2478 1913 2568 1968 καὶ
2600 1911 2802 1989 ἐσχάτη
2834 1913 2998 1984 τάξις.

2323 2004 2383 2059 Ἡ
2419 2000 2475 2057 δὲ
2518 2009 2616 2072 τῆς
2666 2003 3011 2079 ἱεραρχικῆς.
3042 2002 3172 2072 Περὶ
3229 2010 3329 2073 τῆς
3387 2007 3494 2059 τῶν
3553 2002 3751 2074 τάξεων
3805 2000 3904 2060 δυ-

2252 2090 2489 2164 νάμεως.
2531 2090 2692 2148 Οὕτω
2747 2090 2803 2146 δὲ
2859 2093 2971 2167 χρὴ
3027 2095 3220 2157 νοῆσαι
3278 2092 3346 2147 τὰ
3402 2090 3753 2168 προκείμενα,
3817 2094 3906 2149 ὅτι

2252 2182 2426 2235 πάντα
2488 2181 2580 2253 μὲν
2639 2182 2706 2235 τὰ
2759 2182 3041 2257 ἱερατικῶς
3097 2180 3421 2255 τελούμενα,
3456 2181 3531 2243 είς
3578 2182 3669 2237 τὸν
3716 2182 3905 2259 ἱεράρ-

2251 2288 2359 2345 χην
2417 2272 2516 2340 τὴν
2574 2269 2844 2348 ἀναφορὰν
2905 2267 3046 2345 ἔχει,
3078 2271 3152 2333 ὡς
3182 2270 3349 2326 πούτοῦ
3382 2268 3471 2326 διὰ
3497 2275 3605 2325 τῶν
3640 2271 3775 2345 [ὑπ’]
3806 2272 3906 2326 αὒ-

2250 2363 2344 2413 τοῦ
2403 2358 2696 2434 ταγμάτων
2751 2363 2919 2414 ταῦτα
2979 2358 3344 2435 ἐνεργοῦντος,
3391 2361 3474 2422 οἷς
3516 2360 3605 2415 καὶ
3661 2360 3907 2437 παρέσχε

2247 2450 2345 2517 τὴν
2400 2446 2625 2521 δύναμιν
2676 2452 2772 2503 τοῦ
2827 2453 2995 2503 ταῦτα
3038 2447 3289 2524 ἐνεργεῖν·
3325 2446 3478 2521 ὅμως
3537 2446 3588 2503 ἐν
3642 2446 3904 2524 ἐξαιρέτῳ

2247 2540 2326 2608 τῷ
2356 2535 2586 2611 ἱεράρχῃ
2616 2537 2751 2611 πρὸς
2783 2537 3129 2612 αὐτουργίαν,
3161 2537 3253 2591 καὶ
3299 2537 3362 2592 ού
3413 2534 3501 2591 διὰ
3544 2544 3645 2608 τῆς
3701 2538 3900 2613 ἑτέρων

2252 2624 2543 2699 ὑπουργίας
2595 2625 3046 2699 ἀποκεκλήρωται
3109 2628 3136 2680 ὁ
3196 2630 3292 2680 τοῦ
3374 2626 3545 2701 μύρου
3604 2628 3902 2701 ἁγιασμὸς,

2245 2714 2335 2768 καὶ
2367 2716 2401 2783 ἡ
2436 2719 2531 2769 τοῦ
2564 2712 2947 2788 θυσιαστηρίου
2986 2715 3333 2789 καθιέρωσις,
3364 2714 3453 2769 καὶ
3499 2717 3534 2784 ἡ
3593 2719 3701 2770 τῶν
3746 2716 3899 2791 ἱερα-

2243 2807 2409 2857 τικῶν
2469 2804 2783 2879 χειροτονία
2814 2822 2826 2834 ’
2862 2806 3015 2859 ἅτινα
3072 2805 3159 2859 καὶ
3217 2802 3629 2880 τελεσιουργοὺς
3682 2804 3896 2867 εἰκόνας

2242 2898 2342 2960 τῆς
2401 2892 2543 2954 Θείας
2598 2890 2874 2965 δυνάμεως
2934 2890 3259 2948 ἀπεκάλεσεν
3297 2912 3309 2926 ’
3353 2888 3594 2963 ὀλὸτητα
3639 2890 3697 2949 δέ
3752 2914 3891 2972 φησι

2242 2983 2413 3043 πάσας
2442 2981 2536 3044 τὰς
2564 2983 2760 3054 τάξεις,
2790 2982 2864 3045 ὡς
2896 2982 3048 3044 εὐθὺς
3080 2981 3438 3057 ἆπεξηγεῖται.

2313 3070 2481 3126 Αὗται
2531 3067 2589 3125 δέ
2634 3070 2756 3127 εἶσι.
2786 3071 3066 3126 Τουτέστιν
3127 3071 3183 3125 αἳ
3222 3069 3528 3127 τελειοῦσαι
3586 3071 3678 3126 τὸν
3732 3073 3889 3148 ἅγιον

2242 3156 2399 3235 ἄρτον
2434 3158 2510 3223 εἷς
2537 3163 2695 3232 σῶμα
2725 3163 2976 3236 Χριστοῦ,
3010 3159 3099 3215 καὶ
3152 3161 3213 3215 τὸ
3271 3162 3536 3235 ποτήριον
3594 3160 3671 3224 εἷς
3729 3162 3889 3236 ἅγιον

2244 3253 2404 3323 αἷμα,
2434 3249 2522 3304 καὶ
2553 3251 2616 3304 τὸ
2646 3247 2786 3312 ὕδως
2822 3249 2899 3312 εἲς
2941 3250 3095 3326 ἁγίαν
3147 3249 3422 3326 κάθαρσιν,
3454 3252 3543 3306 καὶ
3597 3252 3690 3306 τὸν
3737 3251 3895 3329 ἀφώ-

2242 3359 2422 3394 τιστον
2456 3338 2533 3403 εἰς
2562 3340 2857 3403 υἱοθεσίανθ
2888 3338 3022 3413 [καὶ]
3053 3340 3227 3395 πάντα
3254 3338 3321 3395 τὰ
3351 3339 3523 3395 Αοίπὰ
3552 3339 3783 3414 ὁμοίως.

2315 3517 2380 3575 Εἰ
2437 3517 2539 3593 γὰρ
2583 3518 2672 3573 καὶ
2719 3518 2855 3593 πρὸς
2904 3522 3011 3573 τῶν
3061 3515 3245 3591 ἱερῶν.
3298 3518 3641 3591 Σημείωσαι,
3674 3519 3757 3573 ὅτι
3807 3519 3905 3574 καὶ

2244 3606 2481 3681 ἁγιάσαι,
2532 3608 2622 3661 καὶ
2664 3606 2949 3662 τελειῶσαι
3002 3607 3064 3662 τὸ
3113 3605 3305 3681 μύρον,
3358 3606 3459 3661 οὐκ
3504 3604 3614 3662 ἔστι
3666 3602 3905 3683 πρεσϐυ-

2242 3696 2436 3769 τέρων,
2468 3695 2559 3757 οὓς
2612 3696 2702 3751 καὶ
2756 3697 2917 3772 ἱερεῖς
2948 3696 3106 3751 καλεῖ
3138 3716 3150 3729 ·
3184 3695 3310 3751 ἀλλ’
3343 3693 3464 3751 οὔτε
3509 3698 3901 3773 θυσιαστήριον

2243 3782 2552 3855 τελειῶσαι,
2580 3782 2672 3839 ’ίνα
2727 3784 2816 3839 καὶ
2874 3786 3205 3861 προσενέγκῃ
3235 3783 3317 3838 ἐπ’
3363 3783 3527 3840 αὐτοῦ
3552 3804 3563 3816 ·
3602 3781 3726 3840 οὔτε
3788 3787 3898 3859 μὴν

2248 3881 2653 3949 χειροτονῆσαι.
2686 3874 2859 3928 Ταῦτα
2908 3874 3012 3950 γὰρ
3069 3873 3235 3946 μόνος
3283 3874 3311 3927 ὁ
3354 3874 3624 3949 ἰεράρχης
3652 3879 3803 3929 ποιεῖ
3829 3877 3900 3944 ⁸⁸,

2245 3963 2319 4016 ὧν
2360 3963 2511 4026 ἐκτὸς
2564 3965 2591 4017 ὁ
2639 3958 3027 4040 πρεσϐύτερος,
3062 3962 3184 4017 οὕτε
3246 3963 3513 4038 βαπτίσει,
3542 3959 3665 4017 οὕτε
3721 3983 3901 4041 προσ-

2247 4050 2403 4114 οίσει,
2436 4051 2563 4108 ἀλλ’
2595 4052 2669 4115 εἷς
2718 4053 2785 4106 τὰ
2829 4050 3256 4127 προτελεσθέντα
3305 4042 3550 4107 ὑπὸ’τοῦ
3594 4049 3902 4108 ἐπισκόπου

2247 4142 2619 4217 ἱερουργήσει.

2316 4228 2645 4306 Ἃγιστείαν.
2678 4232 2837 4287 ’Ἤτοι
2871 4230 3239 4306 χειροτονίαν.

2318 4406 2592 4469 Ἑνιαίως.
2625 4412 2985 4484 Μονομερῶς.

550 4584 845 4641 Scienttas.
880 4582 1005 4639 Vim
1056 4587 1114 4638 et
1161 4582 1497 4639 facultatem
1554 4584 1801 4639 docendi
1859 4584 2136 4657 mysteria

2314 4586 2417 4647 Τὰς
2449 4584 2776 4658 ἐπιστήμας.
2812 4586 2935 4642 ’Ότι
2965 4587 3001 4655 ἡ
3036 4583 3398 4657 διδασκαλική
3431 4590 3538 4643 τῶν
3581 4588 3901 4663 μυστηρίων

481 4671 864 4744 pontiﬁcibus
895 4671 1223 4728 convenire.

552 4761 712 4829 §VI.
763 4760 1121 4817 Sacerdotum
1171 4762 1372 4815 autem.
1427 4760 1567 4826 Quis
1614 4764 1983 4819 sacerdotum
2031 4779 2133 4820 seu

481 4849 960 4923 presbyterorum
994 4850 1067 4905 sit
1098 4850 1260 4905 ordo.

551 4940 668 5010 Ipse
696 4937 864 5011 facit.
898 4938 1279 4993 Sacerdotum
1314 4936 1537 4993 scilicet
1567 4940 1729 4995 ordo.

552 5027 938 5083 Ministrorum
966 5043 1116 5083 vero.
1148 5026 1288 5091 Quis
1320 5026 1398 5083 sit
1436 5028 1847 5085 ministrorum
1880 5029 2042 5098 ordo,
2077 5028 2133 5083 id

481 5119 573 5171 est
602 5114 1013 5172 diaconorum.

548 5205 775 5275 Expiat.
810 5204 1113 5269 Quomodo
1144 5203 1375 5260 diaconi
1409 5206 1666 5277 explent.

552 5294 742 5364 Itaque
775 5294 836 5347 in
876 5301 1086 5349 sancta.
1119 5294 1543 5366 Contemplatio
1590 5292 1959 5363 expiationis.
1987 5293 2135 5351 Nota

479 5394 637 5449 vero,
668 5380 1046 5438 diaconorum
1076 5396 1204 5438 esse
1234 5397 1442 5439 exuere
1464 5384 1655 5437 vestes
1685 5385 1743 5436 et
1772 5380 1999 5437 tibialia
2028 5382 2132 5437 ba-

2245 4671 2474 4746 δύναμις
2506 4678 2623 4734 τοῖς
2652 4674 2939 4749 ἱεράρχαις
2969 4675 3218 4749 ἁρμόζει.

2316 4767 2342 4832 §
2368 4763 2467 4820 Vl.
2507 4762 2571 4817 Ἡ
2604 4759 2661 4815 δὲ
2689 4765 2795 4816 τῶν
2827 4763 3038 4836 ἱερέων.
3069 4764 3159 4826 Τίς
3190 4766 3225 4834 ἡ
3256 4769 3365 4820 τῶν
3397 4766 3586 4841 ἱερέων
3616 4763 3791 4838 τάξις,

2244 4850 2411 4926 ἤγουν
2438 4855 2544 4905 τῶν
2578 4844 2978 4926 πρεσϐυτέρων.

2315 4939 2467 5006 Αύτή
2501 4935 2619 5012 δρᾷ.
2652 4939 2711 4993 Ἡ
2743 4942 2850 4993 τῶν
2884 4938 3069 5014 ἱερέων
3101 4940 3249 5011 τάξις
3291 4938 3572 5011 δηλονότι.

2316 5028 2379 5083 Ἡ
2413 5025 2470 5081 δὲ
2496 5031 2602 5080 τῶν
2638 5026 2993 5103 λειτουργῶν.
3026 5028 3117 5091 Τίς
3147 5031 3180 5099 ἡ
3210 5033 3317 5084 τῶν
3351 5027 3689 5105 λειτουργῶν
3718 5031 3898 5105 τάξις,

2244 5116 2486 5170 τουτέστι
2515 5119 2621 5169 τῶν
2655 5112 2919 5170 διακόνων
2934 5158 2948 5173 .

2320 5204 2719 5278 Ἀποκαθαίρει.
2755 5206 2878 5266 Ηῶς
2919 5203 3370 5279 άποκαθαίρουσιν
3403 5205 3454 5259 οἱ
3487 5203 3754 5263 διάκονοι.

2314 5293 2471 5348 ’Ὁθεν
2558 5291 2644 5346 ἐπὶ
2700 5294 2798 5360 τῆς
2874 5292 3041 5365 ἱερᾶς.
3103 5293 3311 5367 Θεωρία
3382 5299 3483 5362 τῆς
3555 5296 3895 5369 καθάρσεως.

2246 5381 2562 5453 Σημείωσαι
2596 5376 2672 5453 δὲ,
2706 5380 2788 5435 ὅτι
2818 5383 2925 5433 τῶν
2961 5377 3222 5436 διακόνων
3255 5378 3364 5436 ἐστὶ
3422 5382 3486 5436 τὸ
3514 5379 3771 5438 ἀποδύειν
3804 5381 3894 5439 καὶ

1490 5560 1737 5614 VARI/E
1776 5560 2172 5617 LECTIONES
2205 5561 2297 5616 ET
2334 5557 2889 5616 GORRECTIONES.

564 5678 609 5713 ³⁸
634 5677 874 5747 ποιήσει.
