4158 6370
212 376 317 430 165
926 381 984 432 S.
1026 377 1299 433 MAXIMI
1338 377 1645 431 SCHOLIA
1683 376 1757 429 1N
1796 376 1930 426 LIB.
1972 376 2067 426 DE
2107 376 2393 429 ECCLES.
2438 379 2907 433 HIERARCHIA.
3522 382 3627 436 166

212 496 473 555 ὑπολύειν
503 498 637 563 τοὺς
670 498 1121 575 βαπτιζομένους,
1146 499 1235 553 καὶ
1266 498 1403 575 πρὸς
1449 494 1654 571 δυσμὰς
1687 497 1859 565 ἱστᾷν,

2017 497 2285 569 tizandis,
2318 505 2374 553 et
2404 500 2473 554 ad
2508 516 2779 556 occasum
2827 502 3052 573 sistere,
3085 518 3150 560 ac
3182 519 3390 560 rursus
3420 505 3494 562 ad
3526 522 3623 562 or-

206 590 295 644 καῖ
324 586 479 651 αὖθις
510 589 650 662 πρὸς
678 587 947 657 ἀνατολήν
995 587 1263 662 μετάγειν.

2010 602 2103 641 um
2136 589 2429 645 reducere.

926 381 984 432 S.
1026 377 1299 433 MAXIMI
1338 377 1645 431 SCHOLIA
1683 376 1757 429 IN
1796 375 1930 426 LIB.
1972 375 2067 426 DE
2107 375 2393 429 ECCLES.
2438 379 2907 433 HIERARCHIA.

279 679 375 733 Διὸ
437 679 529 732 καὶ
580 683 701 740 ταῖς
752 678 945 753 ἱεραῖς.
982 676 1323 750 Σημείωσαι,
1384 675 1466 732 ὅτι
1526 676 1578 731 οἱ
1628 672 1867 729 διάκονοι

208 768 331 824 τότε
357 767 456 829 τὰς
487 766 656 842 θύρας
688 768 857 843 εἶχον·
891 771 980 822 νῦν
1016 764 1073 821 δὲ
1102 767 1155 822 οἱ
1188 764 1561 822 ὑποδιάκονοι·

282 951 311 1016 §
339 947 458 1006 VII.
493 945 772 1000 Δέδεικται
803 944 1006 1001 τοίνυν.
1042 943 1571 1022 Ἀνακεφαλαίωσις.

284 1032 513 1105 Δηλαδή
562 1041 665 1104 τῆς
716 1035 1065 1109 ἱεραρχικῆς.
1119 1036 1241 1091 ’Ότι
1275 1035 1303 1088 6
1336 1032 1633 1093 ἐπίσκοπος
1680 1029 1769 1085 καὶ
1807 1030 1873 1084 τὰ

208 1130 317 1180 τῶν
356 1122 665 1201 ὑφειμένων
698 1128 866 1191 ποιεῖ,
896 1123 988 1177 καὶ
1020 1123 1071 1177 οἱ
1103 1127 1311 1196 πρῶτοι
1341 1123 1407 1175 τὰ
1446 1125 1554 1175 τῶν
1609 1117 1870 1195 δευτέρων

208 1214 302 1269 καὶ
349 1217 460 1267 τῶν
518 1213 635 1284 μετ’
687 1212 883 1274 αὐτοὺς
927 1216 1177 1266 ποιοῦσιν
1250 1210 1349 1265 οῦκ
1396 1207 1663 1265 ἀνάπαλιν
1716 1205 1792 1278 δὲ,
1821 1208 1873 1261 οἳ

210 1299 457 1377 δεύτεροι
485 1302 554 1355 τὰ
584 1305 690 1355 τῶν
723 1302 978 1376 πρώτων.

281 1393 592 1467 Ἐγχειρεῖν
644 1389 982 1459 ἀλαζονείαν.
1035 1392 1157 1447 Ὅτι
1207 1386 1431 1443 ἕκαστον
1481 1388 1597 1463 χρὴ
1652 1389 1727 1460 μὴ
1775 1406 1871 1441 κα-

206 1478 494 1551 τατολμᾷν
522 1484 629 1533 τῶν
667 1478 947 1551 μειζόνων.

280 1568 508 1630 Εἶκόνες
566 1569 620 1622 αἱ
690 1568 996 1643 ἱερατικαί.
1057 1567 1213 1629 Τίνος
1270 1566 1431 1622 τύποι
1493 1566 1547 1619 αἱ
1609 1566 1874 1640 ῖερατικαὶ

208 1658 414 1731 τάξεις,
442 1657 512 1712 τὰ
536 1658 684 1728 παρὰ
730 1662 827 1711 τοῦ
877 1661 1011 1712 Θεοῦ
1060 1656 1184 1733 περὶ
1214 1656 1343 1718 τοὺς
1384 1655 1701 1730 ἀνθρώπους
1729 1651 1874 1727 ἐνερ-

209 1752 425 1823 γοῦσαι.
954 1760 957 1763 λ
1362 1746 1367 1751 ’

2045 677 2278 747 Propter
2306 678 2445 749 quod
2472 682 2661 735 sacris.
2689 680 2835 736 Nota
2865 682 3018 752 quod
3047 682 3274 739 diaconi
3307 687 3435 741 tum
3468 685 3621 742 fores

1978 766 2416 835 custodierunt;
2448 785 2603 823 nunc
2633 785 2767 825 vero
2800 770 3167 827 subdiaconi.

2049 859 2074 919 ς
2102 853 2221 910 VII.
2257 857 2695 913 Demonstratum
2724 864 2803 915 es!
2830 861 3026 929 igitur.
3063 861 3486 934 Recapitulatio
3517 878 3619 922 seu

1980 944 2431 1015 pracedentium
2464 948 2750 1019 repetitio.

2049 1033 2381 1104 Pontiﬁcum
2421 1051 2637 1108 nempe.
2671 1037 3026 1110 Episcopum
3059 1055 3127 1095 ea
3169 1039 3346 1097 etiam
3378 1057 3505 1113 quin
3535 1041 3633 1098 in-

1980 1120 2256 1176 feriorum
2293 1128 2431 1179 sunt
2465 1126 2674 1196 facere,
2708 1126 3051 1199 primosque
3101 1129 3305 1184 munia
3345 1130 3633 1186 secundo-

1982 1225 2137 1277 rum,
2171 1214 2228 1266 et
2272 1228 2473 1268 eorum
2507 1214 2607 1285 qui
2658 1214 2767 1270 hos
2818 1220 3172 1288 sequuntur,
3208 1219 3482 1290 exsequi;
3533 1220 3636 1276 sed

1981 1314 2097 1355 non
2129 1304 2350 1369 contra,
2384 1304 2677 1359 secundos
2709 1304 2810 1360 illa
2836 1321 2963 1376 quae
2996 1309 3134 1360 sunt
3164 1307 3512 1377 primorum.

2055 1391 2398 1445 Proterviam
2430 1408 2722 1464 usurpare.
2757 1392 3250 1466 Unumquemque
3277 1413 3390 1452 non
3422 1396 3634 1453 debere

1983 1478 2093 1534 sibi
2126 1495 2193 1535 ea
2222 1496 2348 1552 quae
2381 1486 2521 1537 sunt
2552 1484 2867 1563 majorum,
2902 1487 3119 1538 temere
3151 1501 3471 1542 assumere.

2052 1569 2323 1639 Imagines
2352 1572 2757 1629 ecclesiasticae.
2783 1572 2963 1641 Cujus
2992 1571 3111 1628 sint
3141 1574 3341 1647 ﬁgures
3363 1574 3634 1632 ecclesia-

1984 1656 2116 1713 stici
2146 1659 2401 1728 ordines,
2436 1661 2538 1731 qui
2573 1678 2639 1717 ea
2669 1678 2796 1733 qum
2841 1661 2937 1718 Dei
2970 1666 3128 1731 sunt,
3161 1662 3312 1719 inter
3358 1664 3633 1723 homines

1984 1752 2216 1817 gerunt.

286 1834 515 1905 Ἐπειδή
546 1836 671 1912 γάρ.
706 1836 836 1907 Περὶ
866 1840 976 1891 τῶν
1007 1834 1273 1911 οὐρανίων
1303 1836 1347 1871 ³⁷
1376 1833 1596 1908 τάξεων,
1627 1836 1743 1894 πῶς
1774 1831 1872 1886 ὑπὸ

2057 1835 2190 1891 Cum
2217 1838 2387 1893 enim.
2422 1837 2503 1893 De
2532 1836 2866 1895 cmlestibus
2904 1839 3212 1897 ordinibus
3242 1845 3299 1898 et
3328 1840 3635 1914 humanis,

212 1930 345 1982 Θεοῦ
375 1927 791 2001 ἱερουργοῦνται
823 1928 889 1981 ³³.

288 2017 362 2071 Π.
394 2015 457 2071 Ὁ
488 2014 581 2087 μὲν
616 2013 904 2091 ἱεράρχης.
937 2012 1257 2090 Χειροτονία
1285 2011 1603 2085 ἐπισκόπου,
1636 2004 1868 2086 πρεσϐυ-

211 2106 375 2178 τέρου
405 2103 496 2158 καὶ
528 2100 804 2159 διακόνου.

284 2197 489 2269 Ἄμφω
517 2193 595 2246 τὼ
626 2190 782 2248 πόδε.
817 2196 922 2246 Νῦν
954 2190 1150 2267 ἑτέρως
1183 2189 1534 2245 ἐπιτελεῖται.

282 2284 417 2337 Ἕνα
440 2285 548 2336 τῶν
583 2278 791 2338 ποδῶν.
824 2278 1072 2349 Ἄδηλον
1107 2278 1165 2335 δῖε
1212 2285 1370 2335 ποῖον
1399 2275 1540 2333 πόδα
1572 2277 1724 2353 φησί.

282 2372 411 2434 Καθ’
440 2367 690 2427 ἕκαστον.
725 2369 1067 2442 Σημείωσαι,
1101 2368 1183 2424 ὅτι
1235 2368 1346 2443 χρὴ
1395 2368 1597 2429 πάντας
1647 2366 1771 2428 τοὺς
1816 2364 1865 2420 ἐν

218 2464 293 2530 τῷ
327 2459 581 2535 ἱερατείῳ
610 2460 701 2514 τὸν
730 2458 1216 2534 χειροτονούμενον
1252 2456 1599 2526 ἀσπάζεσθαι.

284 2553 443 2619 ηιξ
492 2554 534 2605 Ι.
591 2547 916 2624 Ἀνάῤῥησις
969 2547 1107 2623 ἱεροί.
1169 2546 1488 2622 Ἀνάρῥησις
1551 2544 1716 2599 οἱονεὶ
1772 2546 1870 2614 κή-

214 2640 357 2713 ρυξις
418 2638 469 2708 ἐξ
531 2638 823 2711 ὀνόματος·
873 2637 1181 2714 σφραγίζων
1230 2636 1329 2711 γὰρ
1380 2634 1539 2689 αὐτὸν
1600 2636 1627 2688 6
1678 2652 1869 2709 χειρο-

212 2732 384 2782 τονῶν
433 2726 748 2802 ἀρχιερεὺς,
780 2725 831 2799 ἐξ
883 2726 1151 2800 ὀνόματος
1192 2724 1403 2804 φάσκει·
1443 2723 1806 2799 Σφραγίζεται
1840 2725 1867 2779 6

216 2815 360 2871 δεῖνα
409 2815 517 2869 ἀπὸ
596 2810 963 2890 πρεσϐυτέρου
1023 2815 1098 2877 εἷς
1176 2815 1469 2869 ἐπισκοπον
1531 2812 1581 2868 ἐν
1644 2811 1866 2886 ὀνόματι

217 2905 452 2981 Πατρὸς,
485 2903 575 2958 καὶ
622 2905 772 2972 Υἱοῦ,
805 2901 895 2958 καί
944 2904 1099 2979 ἁγίου
1150 2901 1486 2975 Πνεῦματοςο
1521 2901 1730 2975 ὁμοίως
1775 2902 1865 2955 καὶ

216 2993 299 3048 ἐπὶ
332 2987 706 3067 πρεσϐυτέρου
736 2992 826 3047 καὶ
859 2990 1136 3049 διακόνου.

282 3080 651 3143 ἰ’πόπτωσις.
702 3082 1047 3143 Ὑπόπτωσις
1097 3083 1132 3150 ἠ
1176 3078 1517 3156 γονυκλισία·
1568 3078 1863 3156 ἆνάῤῥησις

216 3168 294 3241 δὲ,
322 3170 460 3247 ὅπερ
493 3173 584 3225 νῦν
610 3168 871 3226 καλοῦσιν
898 3168 1210 3246 ἐπικήρυξιν
1242 3168 1277 3238 ἢ
1311 3168 1657 3243 ἀνακήρυξιν.

282 3354 349 3406 Ἥ
411 3348 728 3427 ἆνάῤῥησις.
764 3351 827 3407 ἹῙ
880 3349 965 3405 ἐπὶ
1014 3353 1121 3404 τῶν
1179 3351 1534 3424 χειροτονιῶν
1594 3347 1866 3423 ἀνακηρυ-

216 3445 310 3514 εις,
362 3444 480 3496 οἷον
526 3438 615 3494 ἐπὶ
663 3443 762 3504 τῆς
813 3444 908 3493 τοῦ
956 3437 1252 3493 ἐπισκόπου
1287 3456 1299 3468 ·
1355 3437 1512 3511 Ὑπὲρ
1562 3440 1658 3491 τοῦ
1706 3436 1866 3511 ἁγίου

216 3532 415 3605 πατρὸς
498 3527 795 3583 ἐπισκόπου
870 3524 1048 3583 τοῦδε.
1108 3526 1234 3580 Ἐπὶ
1316 3522 1373 3579 δὲ
1446 3518 1865 3601 πρεσϐυτέρου·

213 3620 371 3695 Ὑπὲρ
426 3614 589 3673 τοῦδε
644 3610 1030 3691 πρεσϐυτέρου.
1086 3614 1209 3673 Ἐπὶ
1270 3614 1327 3670 δὲ
1371 3612 1647 3669 διακόνου·
1710 3614 1867 3687 Ὑπὲρ

214 3714 303 3764 τοῦ
362 3706 608 3785 ἀδελφοῦ
658 3709 819 3780 ἡμῶν
876 3703 1041 3761 τοῦδε
1100 3703 1371 3761 διακόνου.
1431 3702 1573 3761 Τόδε
1627 3702 1867 3780 ἀναῤῥη-

215 3799 288 3853 σίν
354 3819 519 3875 φησιν
576 3795 703 3851 ὅταν
757 3795 808 3851 ἐν
860 3796 1006 3866 αὐτῷ
1054 3800 1134 3868 τῷ
1190 3799 1525 3871 χειροτονεῖν
1580 3794 1866 3870 κηρύττῃο

1984 1925 2279 1995 quomodo
2313 1943 2343 1981 a
2377 1926 2489 1982 Deo
2517 1927 2880 1983 ordinantur.

2052 2015 2120 2068 ΙΙ.
2154 2015 2417 2085 Pontifex
2453 2016 2693 2087 quidem.
2727 2017 3030 2074 Ordinatio
3070 2018 3354 2091 episcopi,
3385 2020 3631 2094 presby-

1980 2101 2109 2170 teri,
2143 2106 2199 2158 et
2230 2103 2484 2162 diaconi.

2056 2192 2287 2264 Utroque
2313 2210 2478 2263 genu.
2517 2194 2635 2250 Hoc
2665 2212 2821 2251 nunc
2853 2194 2965 2251 alio
2997 2196 3169 2252 modo
3201 2196 3523 2267 perﬁcitur.

2055 2283 2233 2337 Unum
2261 2300 2427 2351 genu.
2462 2283 2755 2339 Incertum
2788 2288 2877 2341 est
2909 2289 3108 2341 utrum
3147 2287 3353 2358 pedem
3385 2286 3560 2345 dicat.

2048 2368 2411 2436 Singillatim.
2446 2370 2594 2426 Nota
2624 2372 2780 2427 enim
2814 2372 2914 2443 qui
2953 2374 3282 2444 ordinatur,
3317 2374 3526 2431 debere
3557 2374 3630 2431 ab

1980 2458 2256 2512 omnibus
2286 2457 2344 2512 in
2377 2460 2635 2516 sacrario
2667 2461 2928 2519 salutari.

2052 2545 2147 2601 III.
2193 2546 2218 2617 §
2252 2546 2293 2602 I.
2328 2547 2682 2605 Praedicatio.
2714 2548 3037 2625 Ἀ’νάρῥσις.
3072 2552 3251 2618 Quasi
3295 2552 3628 2625 praedicatio

1978 2653 2045 2691 ex
2074 2636 2308 2691 nomine
2343 2653 2355 2691 :
2391 2638 2749 2709 consignans
2782 2641 2939 2696 enim
2980 2658 3114 2695 eum
3158 2642 3417 2713 pontifex
3444 2641 3496 2697 is
3528 2642 3629 2713 qui

1978 2725 2230 2794 ordinat,
2264 2741 2331 2781 ex
2364 2727 2599 2782 nomine
2632 2727 2771 2784 dicit
2804 2747 2816 2784 :
2849 2731 3242 2802 Consignatur
3271 2730 3366 2786 hic
3397 2730 3531 2786 talis
3560 2746 3631 2786 ex

1980 2815 2319 2887 presbytero
2342 2815 2400 2870 in
2422 2816 2788 2888 episcopum,
2813 2818 2873 2873 in
2898 2820 3135 2874 nomine
3158 2819 3369 2886 Patris,
3394 2824 3451 2875 et
3472 2818 3626 2889 Filii,

1978 2903 2316 2975 etiSpiritus
2348 2904 2565 2973 sancti;
2613 2906 2883 2963 similiter
2912 2908 3091 2964 etiam
3124 2908 3183 2964 in
3216 2908 3541 2982 presbyteri
3570 2911 3634 2966 et

1978 2991 2209 3047 diaconi
2242 2992 2628 3050 ordinatione.

2047 3080 2143 3136 81
2181 3081 2518 3154 Genuﬂexio,
2552 3084 2649 3142 Gr.
2686 3079 3015 3147 ὑπὸπτωσις.
3050 3086 3386 3144 Genuﬂexio
3420 3104 3433 3143 :
3467 3083 3624 3163 ἀνάῤ-

1980 3166 2134 3243 ῥησις
2168 3176 2364 3227 autem
2397 3174 2550 3244 quod
2578 3190 2733 3230 nunc
2753 3179 2964 3232 vocant
2993 3176 3501 3234 annuntiationem
3532 3176 3623 3235 vel

1979 3260 2495 3318 renuntiationem.

2048 3351 2338 3407 Recitatio.
2367 3351 2741 3410 Renuntiatio
2771 3354 2832 3409 in
2862 3355 3355 3424 ordinationibus,
3379 3358 3534 3413 sicut
3563 3356 3624 3413 in

1978 3440 2346 3497 ordinatione
2394 3443 2652 3515 episcopi
2688 3460 2701 3500 :
2736 3445 2913 3515 Super
2940 3450 3124 3501 sancto
3166 3454 3329 3517 patre
3374 3448 3627 3519 episcopo

1977 3529 2092 3583 hoc.
2128 3529 2189 3583 In
2222 3530 2541 3603 presbyteri
2573 3534 2769 3586 autem
2804 3548 2816 3587 :
2854 3532 3033 3603 Super
3065 3533 3166 3588 hoc
3189 3533 3529 3605 presbytero.
3560 3537 3628 3588 In

1979 3617 2209 3673 diaconi
2240 3634 2374 3674 vero
2410 3637 2421 3674 :
2453 3624 2633 3691 Super
2670 3624 2845 3692 fratre
2870 3630 3055 3678 nostro
3084 3623 3181 3678 hoc
3208 3622 3489 3679 diacano:
3520 3621 3628 3677 hoc

1978 3722 2150 3778 porro
2182 3707 2584 3764 recitationem
2625 3708 2788 3777 dicit,
2822 3711 3057 3782 quando
3104 3710 3164 3765 in
3211 3711 3341 3784 ipsa
3388 3710 3631 3768 ordina-

1980 3794 2213 3851 natione
2244 3798 2592 3867 pronuntiat
2625 3814 2637 3853 :
2666 3799 2866 3854 Divina
2895 3801 3075 3871 gratia
3106 3799 3253 3856 hunc
3283 3802 3377 3873 qui
3405 3800 3631 3857 ordina-

218 3888 320 3944 Τὸν
381 3886 875 3962 χειροτονούμενον
935 3887 970 3954 ἡ
1050 3884 1165 3940 θεία
1231 3886 1394 3960 χὰρις
1462 3884 1869 3960 προχειρίζεται

2010 3898 2069 3937 ur
2097 3883 2166 3938 ad
2197 3884 2340 3939 hunc
2369 3885 2618 3942 ordinem
2645 3892 2943 3959 promovet.

218 3974 372 4032 τόνδε
404 3976 484 4037 εἰς
514 3972 691 4031 τόνδε.

286 4071 345 4121 Ἦ
378 4065 477 4138 μὲν
508 4062 624 4122 οὖν.
665 4063 895 4140 Θεωρία.

289 4152 385 4217 Εἷς
411 4154 513 4223 τὴν
557 4149 841 4228 ἀνδρικήν.
893 4151 1209 4224 Σημείωσαι
1258 4152 1357 4219 τὴν
1409 4148 1668 4228 ἀνδρικὴν
1723 4154 1866 4224 ζωὴν

223 4247 315 4298 τοῦ
339 4245 547 4313 Ἰησοῦ,
576 4239 664 4296 καί
695 4242 992 4316 θεαρχικήν
1026 4240 1456 4315 ἀναμαρτησίαν.

289 4331 633 4407 Ἀνάῤῥησιν.
664 4330 757 4393 Τίς
785 4331 819 4401 ἠ
854 4329 1171 4407 ἀνάῤῥησις.

290 4419 424 4476 Οὐδὲ
477 4416 735 4496 ἀδελφόν.
777 4419 1016 4494 Ὧραῖον,
1063 4418 1152 4473 καὶ
1213 4417 1352 4472 πάνυ
1408 4418 1722 4493 ἀναγκαῖον,
1780 4420 1870 4475 καὶ

225 4511 441 4587 σφαλὶς,
474 4511 559 4565 ὅτι
591 4506 719 4563 οὐδὲ
749 4506 983 4587 ἀδελφὸν
1016 4508 1196 4585 χωρὶς
1224 4512 1356 4563 Θεοῦ
1386 4507 1554 4564 ἐποίει
1584 4511 1689 4572 τίς.

286 4686 711 4762 Ἰεροτελεστής.
770 4687 857 4749 Ὠς
916 4682 1238 4761 ἅνθρωπος,
1300 4685 1389 4740 καὶ
1449 4686 1733 4763 ἀρχιερεὺς
1790 4688 1872 4762 γέ-

222 4797 365 4850 γονεν
421 4778 451 4830 6
502 4774 752 4850 Χριστός.
805 4775 1122 4848 Σημείωσαι
1170 4778 1330 4829 τοῦτο
1380 4774 1515 4829 κατά
1559 4772 1872 4851 Ἀκεφάλων

225 4868 304 4921 καὶ
335 4868 741 4940 Νεστοριανῶν.

292 4956 382 5008 Διὸ
426 4952 520 5007 καὶ
581 4952 763 5014 αὐτός.
824 4953 1141 5025 Σημείωσαι
1192 4952 1324 5007 πότε
1375 4951 1868 5028 ἐχειροτονήθησαν

225 5041 379 5116 ἱερεῖς
412 5043 468 5096 οἱ
526 5041 788 5113 μαθηταὶ,
826 5040 917 5095 καὶ
968 5040 1050 5095 ὅτι
1096 5042 1327 5110 Ἰησοῦς,
1374 5040 1552 5096 καίτοι
1610 5044 1737 5105 Θεὸς
1773 5040 1870 5112 ὢν,

225 5131 375 5192 αὐτὸς
425 5129 526 5184 οὐκ
574 5129 1007 5204 ἐχειροτόνησεν,
1042 5128 1168 5186 ἀλλ’
1217 5128 1578 5208 ἐπηγγείλατο
1634 5133 1867 5204 πέμπειν

228 5219 323 5273 ἀπὸ
344 5221 442 5273 τοῦ
473 5218 688 5292 Πατρὸς
734 5219 796 5272 τὸ
843 5222 1062 5291 Πνεῦμα
1090 5220 1152 5273 τὸ
1198 5219 1351 5295 ἅγιον
1388 5218 1499 5292 ,ὅτε
1546 5219 1619 5282 ὡς
1650 5220 1870 5294 πύριναι

226 5304 463 5379 γλῶσσαι
496 5303 767 5382 ἐφάνησαν
799 5304 1006 5367 αὐτοῖς.

2049 4065 2256 4134 Itaque.
2287 4064 2735 4136 Contemplatio.

2049 4157 2113 4207 In
2144 4154 2383 4209 virilem.
2417 4154 2585 4221 Nota,
2616 4153 2843 4209 virilem
2887 4154 3021 4209 Jesu
3064 4154 3247 4210 vitam
3278 4157 3337 4211 et
3367 4154 3629 4213 divinam

1980 4243 2260 4313 peccandi
2295 4242 2704 4314 privationem.

2049 4332 2587 4403 Promulgationem.
2622 4331 2756 4395 Quae
2789 4330 2866 4386 sit
2895 4330 3182 4387 recitatio.

2051 4422 2237 4491 Neque
2282 4422 2535 4490 fratrem.
2569 4418 2886 4475 Pulchrum
2919 4424 3009 4477 est
3056 4424 3112 4475 et
3139 4420 3307 4477 valde
3356 4435 3630 4477 necessa-

1980 4508 2136 4563 rium
2168 4525 2235 4563 ac
2264 4512 2484 4573 tutum.
2516 4509 2671 4579 quod
2717 4525 2789 4564 ne
2828 4510 3066 4565 fratrem
3098 4509 3337 4581 quidem
3370 4508 3498 4566 sine
3525 4507 3630 4565 Dei

1900 4600 1948 4662 Ι)
1977 4598 2274 4654 voluntate
2299 4596 2612 4669 quisquam
2647 4597 2915 4654 faciebat.

2054 4683 2331 4739 Ordinum
2356 4684 2606 4739 collator.
2626 4683 2700 4740 Ut
2721 4684 2921 4754 homo,
2947 4684 3119 4741 etiam
3147 4684 3633 4758 pontifex,factus

1981 4776 2071 4827 est
2100 4772 2368 4827 Christus
2403 4788 2414 4825 :
2451 4776 2588 4829 nota
2617 4772 2726 4829 hoc
2758 4777 2961 4829 contra
2990 4774 3317 4846 Acephalos
3347 4778 3403 4831 et
3430 4773 3633 4829 Nesto-

1981 4861 2200 4916 rianos.

2053 4952 2392 5022 Quapropter
2421 4952 2590 5005 etiam
2615 4951 2749 5022 ipse.
2783 4951 2951 5021 Nota,
2977 4952 3212 5023 quando
3233 4949 3511 5022 discipuli
3542 4964 3633 5006 or-

1981 5039 2168 5095 dinati
2208 5044 2348 5095 sunt
2394 5040 2745 5111 sacerdotes,
2779 5044 2835 5095 et
2863 5040 3090 5109 Jesum,
3122 5039 3234 5095 etsi
3282 5040 3437 5095 Deus
3485 5041 3629 5109 erat,

1982 5146 2098 5183 non
2145 5131 2345 5184 tamen
2394 5129 2589 5199 ipsum
2631 5144 2729 5184 eos
2770 5129 3102 5195 ordinasse;
3156 5129 3258 5183 sed
3303 5126 3630 5199 pollicitum

1981 5234 2110 5274 esse
2140 5218 2464 5273 missurum
2488 5235 2549 5274 se
2569 5218 2854 5289 Spiritum
2878 5221 3148 5273 sanctum
3173 5234 3207 5272 a
3225 5217 3413 5288 Patre,
3444 5231 3631 5290 quan-

1982 5309 2054 5363 do
2084 5307 2245 5364 velut
2276 5308 2456 5380 ignea:
2487 5306 2702 5380 linguas
2733 5307 2817 5363 eis
2848 5310 3274 5378 apparuerunt.

1240 5542 1480 5604 VARle
1521 5544 1922 5604 LECTIONES
1962 5547 2054 5603 ET
2091 5541 2629 5605 GORRECTIONES

312 5716 352 5751 ⁸⁷
380 5714 529 5772 Adde
556 5730 629 5772 ex
652 5714 918 5788 Paehym.
948 5712 1038 5768 καὶ
1064 5712 1441 5789 ἀνθρωπίνων.
1517 5718 1561 5754 ³⁸
1590 5716 1989 5793 ἱεραρχοῦνται.
