4158 6370
576 333 679 388 167

1393 330 1759 383 ΔΡΡΕΝΒῙΧ
1798 330 1893 381 AD
1932 326 2170 380 OPERA
2206 332 2212 378 1

2334 325 2623 384 )IONYSII
2660 331 3166 390 AREOPAGITE.
3867 344 3959 400 168

650 456 941 512 SacrOrum
969 459 1273 510 auctorem.
1309 452 1623 508 Dominum
1675 466 1744 506 ex
1792 448 2094 505 divinitate
2146 445 2203 501 di

2418 448 2785 527 Τελετάρχην.
2870 454 2973 510 Τὸν
3086 456 3286 533 Κύριον
3365 458 3502 512 κατᾶ
3576 458 3674 528 τὴν
3754 462 3960 536 θεότητα

575 547 1072 704 Οήίὶὶεσίραιονιιγη.
1106 631 1361 687 Sanctus
1406 630 1611 687 Petrus
1639 628 1863 686 scilicet
1891 643 2025 684 cum
2057 629 2225 682 caete-

575 723 677 796 ris,
711 723 945 796 quando
978 721 1288 778 Matthiam
1322 720 1381 775 in
1414 718 1746 793 apostolum
1781 717 1973 789 elegit.

643 903 717 958 De
744 901 945 958 divina
993 904 1195 957 autem.
1231 899 1402 969 Nota,
1437 898 1577 971 quid
1610 897 1765 953 dicat
1794 898 1865 951 de
1896 901 2052 951 sorte
2100 912 2228 967 quae

573 990 832 1048 Matthiae
865 989 1099 1062 obtigit,
1134 993 1190 1046 et
1220 989 1362 1061 quid
1392 988 1545 1045 hanc
1577 1002 1708 1043 esse
1738 985 2048 1057 intelligat.

647 1168 865 1226 Videtur
894 1168 1181 1239 Scriptura
1213 1167 1373 1223 mihi.
1409 1166 1571 1231 Quod
1622 1166 1681 1219 in
1727 1163 1887 1219 Actis
1936 1163 2228 1236 apostolo-

572 1274 705 1314 rum
738 1259 809 1313 de
848 1258 940 1313 bis
971 1256 1227 1312 oraculis
1275 1255 1528 1323 exsistit,
1564 1255 1623 1309 in
1658 1253 1957 1309 nonnullis
1991 1252 2229 1324 quidem

2334 536 2512 595 καλεῖ.

2407 629 2467 685 Ὁ
2497 633 2603 683 τῶν
2650 634 2930 704 μαθητῶν.
2963 635 3025 691 Ὀ
3082 636 3234 712 ἅγιος
3290 635 3499 713 Πέτρος
3547 634 3793 708 δηλονότι
3841 646 3957 715 μετὰ

2334 720 2442 771 τῶν
2471 717 2707 793 λοιπῶν,
2733 719 2822 776 ίίτε
2850 723 2941 777 τὸν
2970 724 3215 780 Ματθίαν
3249 723 3670 802 προύχειρίσατο
3719 728 3789 791 εἰς
3836 732 3957 788 ἀπό-

2337 804 2557 863 στολον.

2412 896 2538 971 Περὶ
2584 895 2640 951 δὲ
2683 904 2779 954 τοῦ
2824 899 2999 957 Θείου.
3046 901 3368 976 Σημείωσαι
3413 906 3465 959 τί
3526 926 3654 983 φησι
3714 909 3829 983 περῖ
3875 916 3958 965 τοῦ

2337 983 2548 1059 κλήρου
2575 991 2672 1041 τοῦ
2718 988 2979 1051 πεσόντος
3029 989 3119 1045 ἐπὶ
3169 992 3437 1065 Ματθίαν,
3467 993 3557 1048 καὶ
3607 994 3658 1048 τί
3703 1002 3809 1051 νοεῖ
3849 1003 3956 1053 τοῦ·

2338 1093 2452 1130 τον.

2412 1169 2571 1218 Δοκεῖ
2626 1168 2726 1241 γάρ
2781 1190 2877 1241 μοι
2933 1169 2999 1225 τὰ
3046 1167 3227 1246 λόγια.
3260 1172 3335 1226 Τὸ
3365 1170 3416 1226 ἐν
3446 1178 3566 1234 ταῖς
3596 1172 3813 1248 Ηράεεσι
3861 1180 3954 1230 τῶν

2340 1251 2663 1309 ἀποστόλων
2698 1256 2883 1332 λόγιον
2914 1258 3037 1335 περὶ
3067 1260 3274 1315 τούτων
3304 1259 3356 1315 ἐν
3395 1262 3489 1334 μὲν
3537 1262 3695 1327 ἐνίοις
3742 1258 3960 1338 βιϐλίοις

2342 1342 2494 1413 εὗρον
2525 1343 2700 1409 οὕτως
2737 1340 2868 1421 ἕχον
2900 1367 2913 1381 ο
2949 1349 3048 1403 Καὶ
3108 1346 3311 1405 ἔδωκαν
3356 1348 3605 1426 γλήρους
3652 1350 3824 1416 αὐτοῖς
3853 1372 3863 1384 ·
3910 1352 3955 1408 ἐν

2343 1429 2399 1484 δὲ
2455 1452 2607 1486 τισι·
2663 1435 2763 1490 Καὶ
2825 1432 3031 1492 ἔδωκαν
3085 1435 3330 1513 κλήρους
3391 1438 3589 1495 αὐτῶν.
3623 1438 3691 1493 Τὸ
3742 1440 3829 1512 μὶν
3878 1439 3955 1496 οὖν

2341 1519 2525 1583 αὐτοῖς
2555 1523 2975 1599 συναγωνίζεται
3006 1531 3086 1598 τῷ
3116 1530 3207 1581 νῦν
3241 1527 3515 1601 εἰρημένῳ
3550 1528 3651 1583 ὑπὸ
3695 1532 3786 1583 τοῦ
3832 1530 3958 1585 θείου

571 1346 740 1402 libris
790 1346 981 1401 inveni
1017 1345 1094 1401 ita
1126 1345 1343 1400 habere
1379 1361 1391 1398 :
1428 1347 1500 1400 Et
1546 1343 1812 1399 dederunt
1860 1345 2027 1398 sortes
2073 1342 2230 1412 ipsis.

570 1437 635 1489 In
671 1434 1027 1506 quibusdam
1072 1450 1206 1489 vero
1242 1451 1254 1489 :
1292 1434 1359 1487 Et
1396 1432 1664 1487 dederunt
1719 1438 1888 1486 sortes
1936 1432 2181 1502 ipsorum
2211 1447 2230 1485 :

568 1522 713 1578 illud
750 1522 989 1595 quidem
1038 1521 1227 1582 αὐτοῖς
1262 1525 1559 1577 concertat
1591 1534 1692 1593 pro
1725 1536 1791 1575 eo
1824 1519 1979 1592 quod
2013 1535 2169 1574 nunc
2200 1536 2234 1574 a

568 1612 765 1669 divino
812 1611 1087 1684 Dionysio
1142 1611 1363 1666 dictum
1417 1614 1527 1679 est,
1569 1610 1735 1681 quasi
1792 1612 1946 1665 sorte
1995 1608 2212 1679 signun

2342 1609 2647 1681 Διονυσίου,
2677 1612 2752 1674 ὡς
2783 1618 2878 1668 τοῦ
2909 1612 3121 1689 κλήρου
3152 1611 3432 1690 σύμϐολόν
3472 1638 3524 1672 τι
3581 1614 3885 1691 δηλοῦντος,
3915 1617 3959 1689 ἰξ

567 1701 863 1773 quoddam
918 1702 1289 1773 designante,
1322 1714 1390 1754 ex
1430 1698 1781 1755 revelatione
1815 1697 2084 1753 fortassis
2133 1714 2212 1752 au

2341 1697 2740 1775 ἀποκαλύψεως
2800 1701 2932 1768 ἴσως
2987 1704 3023 1773 ἢ
3083 1704 3449 1783 ἂνεργήματος
3507 1705 3605 1761 τοῦ
3636 1708 3782 1782 ἁγίου
3812 1707 3959 1762 Ηνεύ-

568 1790 906 1862 operatione
954 1789 1210 1862 Spiritus
1261 1787 1474 1856 sancti,
1534 1788 1776 1843 cadente
1825 1788 1884 1842 in
1936 1803 2069 1841 eum
2128 1802 2212 1858 qu‘

2346 1809 2535 1861 ματος,
2570 1791 2865 1855 πίπτοντος
2894 1792 2982 1848 ἐπὶ
3012 1793 3104 1849 τὸν
3132 1792 3514 1869 κληρούμενον
3544 1814 3556 1828 ⁸
3585 1796 3700 1850 ὅθεν
3749 1796 3833 1851 καὶ
3875 1816 3957 1851 πε-

567 1879 951 1950 sortiebatur;
984 1879 1139 1933 unde
1176 1876 1353 1932 etiam
1387 1877 1457 1933 de
1489 1876 1767 1933 Iscariote
1797 1876 1939 1931 dicit
1969 1891 2212 1947 magnus

2335 1876 2388 1950 ρῖ
2443 1881 2540 1931 τοῦ
2570 1882 2919 1956 Ἰσκαριώτου
2977 1881 3140 1958 φησὶν
3199 1883 3227 1937 ὁ
3289 1881 3546 1958 μέγιστος
3606 1881 3822 1959 Πέτρος,
3862 1882 3952 1937 ὅτιο

566 1968 773 2024 Petrus
808 1986 820 2023 :
856 1969 963 2036 Qui
1006 1968 1244 2022 sortitus
1293 1973 1411 2020 erat
1456 1964 1742 2020 nobiscum
1770 1973 1976 2022 sortem
2018 1965 2212 2019 minis-

2334 1964 2540 2041 ’Έλαχε
2600 1966 2690 2022 σὺν
2750 1972 2885 2041 ἡμῖν
2946 1972 3035 2026 τὸν
3097 1970 3311 2046 πλῆρον
3356 1974 3455 2041 τῆς
3525 1970 3794 2033 διακονίας
3845 1972 3953 2027 ταύ·

566 2057 705 2112 terii
760 2057 923 2125 huius
972 2058 1065 2127 (τ).
1118 2057 1466 2125 Quanquam
1529 2058 1809 2111 consueta
1868 2054 2039 2109 nobis
2089 2070 2217 2109 sors

565 2162 683 2202 non
730 2145 841 2200 fuit
888 2144 1156 2201 adhibita
1204 2163 1237 2200 a
1284 2143 1541 2213 Christo,
1593 2160 1727 2199 cum
1776 2143 1993 2216 delegit
2042 2160 2215 2215 apos-

562 2233 738 2291 tolos.

635 2323 901 2393 Pontifex
946 2338 1094 2378 vero.
1127 2322 1209 2377 De
1260 2322 1557 2394 episcopo,
1607 2337 1710 2377 cur
1752 2322 1804 2376 ei
1851 2320 1958 2377 soli
2011 2324 2217 2376 sancta

565 2412 878 2484 Evangelia
906 2412 1308 2483 imponantur.

634 2500 734 2557 82
771 2502 969 2573 Deique
1016 2509 1131 2556 tum
1181 2501 1576 2571 operationem,
1619 2509 1735 2554 tum
1782 2500 2210 2571 apparitiontm.

561 2591 1161 2647 Praesubaudiendum
1203 2593 1293 2644 est
1343 2589 1677 2663 ὑπάρχοντα,
1712 2589 2089 2656 exsistentia;
2123 2605 2212 2643 se-

560 2681 823 2735 cundum
879 2678 1433 2753 praetermissionem
1485 2679 1641 2733 enim
1692 2679 1872 2748 verbi,
1926 2695 2075 2749 saepe
2125 2681 2212 2733 est

559 2769 939 2825 constructio.
973 2769 1120 2824 Nota
1151 2783 1305 2837 vero,
1334 2771 1612 2839 quantam
1646 2766 1956 2840 participat
1986 2767 2211 2838 episco-

556 2875 670 2931 pus
700 2858 960 2913 divinam
993 2859 1245 2929 copiam.

625 2948 920 3003 Sacrorum
967 2947 1333 3016 etoquiorum,
1386 2945 1481 3001 Gr.
1535 2941 1904 3020 Ἱερολογιῶν.
1954 2948 2074 3001 Ηοο
2118 2949 2209 3002 est

553 3035 999 3108 interpretation
1009 3051 1105 3089 um
1116 3074 1128 3087 .

626 3123 1013 3180 Sacerdotibus
1043 3127 1247 3179 autem.
1284 3128 1360 3178 De
1390 3122 1765 3195 presbyteris.

624 3214 918 3269 Inclinatio
947 3213 1184 3283 quidem.
1219 3212 1366 3279 Quid
1400 3212 1701 3268 inclinatio
1728 3211 2003 3268 declaret.

622 3303 650 3369 §
696 3302 845 3357 VIII.
895 3305 1027 3357 Tres
1081 3302 1262 3358 sacris
1318 3304 1686 3373 operantium.
1747 3302 1865 3355 Τῶν
1926 3297 2202 3375 ἱεροτελε-

552 3393 713 3445 nev.
747 3393 867 3446 Hoc
919 3394 1006 3447 est
1053 3389 1419 3463 pontiﬁcum,
1462 3391 1855 3461 sacerdotum,
1889 3393 1949 3446 et
1996 3389 2202 3447 minis-

548 3484 797 3536 trorum.

624 3570 817 3625 Tribus
864 3585 1053 3625 eorum
1099 3570 1195 3641 qui
1245 3570 1565 3624 initiantur.
1615 3570 1730 3624 Hoc
1787 3573 1875 3625 est
1926 3573 2199 3641 purgato-

548 3674 702 3728 rum,
751 3657 1205 3727 illustratorum,
1258 3661 1315 3712 et
1369 3657 1866 3730 contemplatione
1913 3659 2197 3729 perfecto-

550 3762 703 3802 rum.

618 3834 996 3891 Ministeriatis
1032 3834 1182 3890 ordo.
1214 3834 1294 3890 De
1328 3833 1571 3890 diacono
1622 3852 1807 3890 unum
1857 3836 2064 3908 pedem
2097 3836 2197 3893 ﬂe-

546 3926 757 3979 ctente.

616 4010 925 4067 Sacerdotes
967 4027 1110 4067 vero.
1145 4011 1293 4080 Quid
1343 4010 1421 4067 sit
1470 4012 1839 4085 presbyteros
1890 4016 2200 4085 utrumque

544 4100 753 4172 pedem
783 4099 1105 4157 inﬂectere.

618 4191 914 4262 Utrumque
966 4204 1128 4261 genu.
1171 4188 1318 4254 Quid
1380 4189 1456 4245 sit
1510 4190 1846 4262 pontiﬁcem
1902 4191 2198 4249 inﬂectere

544 4280 693 4335 duos
724 4279 922 4351 pedes,
956 4283 1013 4335 et
1041 4295 1146 4335 cur
1174 4279 1487 4352 Scripturae
1520 4296 1696 4352 super
1727 4285 1906 4353 caput
1932 4283 2061 4354 ejus
2091 4300 2195 4355 po-
2238 4360 2245 4367 I

2310 4374 2472 4429 αὐτοῦ
2506 4376 2569 4430 3°.

548 4371 788 4424 nentur.

1160 4502 1235 4561 IN
1275 4502 1437 4558 CAP.
1478 4503 1578 4561 VI.

617 4636 662 4691 1.
698 4635 919 4708 Triplex
953 4652 1130 4709 genus
1160 4636 1595 4694 initiandorum.
1630 4638 1775 4694 Tres
1805 4654 1934 4695 esse
1964 4640 2199 4699 ordines

541 4724 643 4797 qui
676 4725 1088 4797 perﬁciuntur.

620 4814 650 4887 §
681 4818 725 4870 Ι.
755 4815 1001 4870 Dicimus
1047 4816 1241 4885 igitur.
1275 4814 1526 4879 Quinam
1570 4815 1689 4872 sint
1720 4816 1759 4871 ii
1792 4817 1892 4888 qui
1943 4835 2200 4892 purgan-

543 4907 665 4971 tur,
695 4908 753 4959 et
783 4905 1094 4974 quomodo.

620 4993 823 5048 Turba:
861 4994 991 5048 illas
1041 5009 1168 5064 quae
1216 4997 1587 5065 segregantur.
1626 4994 1743 5051 Iloc
1790 4998 1880 5050 est
1930 4997 2200 5054 catechu-

548 5081 724 5147 meni,
745 5082 1113 5152 pmnitentes,
1131 5087 1191 5138 et
1216 5100 1249 5138 a
1276 5083 1539 5138 daemone
1559 5082 1776 5150 vexati;
1812 5084 2200 5142 differentiam

544 5172 741 5223 autem
783 5185 982 5226 eorum
1033 5188 1183 5244 quos
1233 5170 1523 5228 scelerum
1574 5171 1835 5243 poenitet,
1866 5172 2091 5231 inducit
2139 5175 2199 5231 in

542 5256 947 5329 sequentibus.

614 5396 689 5471 (π)
717 5398 843 5456 Act.
875 5415 918 5468 ι,
951 5401 1041 5457 17.

2220 4558 2269 4623 D

2324 2075 2424 2125 της
2455 2074 2467 2086 ·
2500 2056 2677 2111 καίτοι
2712 2060 2949 2130 συνήθης
2988 2062 3123 2133 ἡμῖν
3184 2060 3394 2137 κλῆρος
3455 2062 3558 2117 οὐκ
3618 2062 3682 2130 ἦν
3734 2061 3817 2115 ἐπὶ
3858 2066 3953 2115 τῶν

2323 2141 2644 2199 ἀποστόλων
2704 2148 2946 2222 γεγονὼς
3000 2149 3132 2225 ὑπὲρ
3190 2148 3396 2226 Κυρίου
3451 2154 3550 2205 τοῦ
3614 2149 3947 2223 ἐκλεξαμένου

2323 2252 2540 2295 αυτους.

2392 2322 2453 2377 Ὁ
2485 2318 2541 2375 δὲ
2590 2323 2878 2399 ίεράρχης.
2913 2326 3043 2398 Ηερὶ
3100 2330 3197 2380 τοῦ
3260 2324 3585 2395 ἐπισκόπου,
3614 2324 3702 2381 διὰ
3748 2325 3798 2381 τί
3849 2324 3947 2380 ἐπι-

2320 2408 2520 2465 τίθεται
2556 2410 2707 2484 μόνῳ
2740 2412 2884 2485 αὐτῷ
2913 2412 2980 2468 τὰ
3014 2413 3143 2488 ἅγια
3175 2412 3508 2489 Εὐαγγὲλια.

2393 2502 2705 2577 Θεουργίας,
2749 2504 3081 2578 θεοφανείας.
3123 2504 3637 2581 Προσυπακουστέον
3695 2506 3755 2559 τὸ
3801 2504 3948 2577 ὑπάρ-

2320 2609 2491 2665 χοντα
2525 2610 2537 2622 ·
2569 2592 2704 2646 κατὰ
2732 2592 3061 2667 παράλειψεν
3093 2594 3193 2669 γὰρ
3224 2599 3319 2650 τοῦ
3352 2594 3599 2670 ῥήματος
3627 2593 3884 2654 πολλάκις
3911 2595 3941 2661 ἡ

2319 2677 2584 2749 σύνταξις.
2609 2681 2924 2753 Σημείωσαι
2958 2679 3015 2737 δὲ
3044 2681 3226 2737 πόσων
3263 2678 3670 2757 μεταλαμϐάνει
3694 2684 3721 2737 ὁ
3752 2681 3942 2736 ἐπίσκο-

2317 2790 2417 2831 πος
2450 2768 2606 2823 θείων
2641 2768 2939 2841 πλεονεκτη
2952 2770 3160 2844 μάτων.

2383 2946 2749 3025 Ἰερολογιῶν.
2783 2949 3070 3005 Τουτὲστιν
3104 2950 3430 3024 ἒρμηδειῶν.

2386 3129 2517 3189 Τοῖς
2549 3124 2605 3181 δὲ
2635 3127 2859 3202 ἱερεῦσι.
2892 3127 3023 3204 Περὶ
3056 3122 3462 3203 πρεσϐυτέρων.

2387 3215 2449 3271 Ἠ
2484 3215 2577 3288 μὶν
2611 3215 2701 3270 οὖν
2736 3213 2938 3278 κλίσις.
2973 3215 3038 3274 Τί
3070 3218 3105 3286 ἡ
3135 3214 3314 3280 κλίσις
3349 3215 3539 3288 δηλοῖ.

2385 3306 2411 3372 §
2468 3305 2612 3361 VIII.
2671 3304 2743 3359 At
2797 3309 2943 3380 τρεῖς
3018 3310 3127 3359 τῶν
3206 3306 3617 3382 ἱεροτελεστῶν.
3675 3305 3938 3363 Τουτέστιν

2312 3393 2607 3469 ἱεραρχῶν,
2640 3393 2857 3468 ίερᾶων,
2888 3393 2977 3449 καὶ
3010 3391 3367 3470 λειτουργῶν.

2382 3575 2513 3634 Ταῖς
2568 3572 2712 3647 τρισῖ
2771 3576 2879 3627 τῶν
2935 3570 3306 3646 τελουμένων.
3367 3575 3632 3631 Τουτὲστι
3686 3576 3791 3628 τῶν
3854 3588 3937 3623 κα-

2312 3662 2675 3737 θαιρομένων,
2706 3665 2811 3715 τῶν
2863 3663 3275 3739 φωτιζομένων,
3308 3664 3397 3717 καὶ
3448 3668 3557 3718 τῶν
3616 3662 3941 3737 θεωρητικῶς

2310 3749 2678 3824 τελουμένων.

2379 3845 2437 3895 Ἡ
2494 3838 2844 3916 λειτουργικὴ
2901 3840 3067 3910 τάξις.
3137 3841 3266 3917 Ηερὶ
3326 3838 3582 3896 διακόνου
3656 3836 3746 3895 ἕνα
3812 3832 3938 3893 πόδα

2309 3928 2616 3990 κλίνοντος.

2380 4019 2446 4075 Οἱ
2479 4015 2535 4072 δὲ
2567 4019 2747 4091 ἱερεῖς.
2780 4018 2849 4074 Τί
2877 4018 2939 4072 τὸ
2998 4018 3128 4082 τοὺς
3186 4015 3281 4073 δύο
3341 4016 3513 4083 πόδας
3570 4017 3773 4075 κλίνειν
3824 4013 3938 4075 τοὺς

2308 4102 2729 4185 πρεσϐυτέρους.

2379 4199 2578 4271 ’Ἄμφω
2608 4194 2686 4250 τὼ
2717 4193 2871 4252 πόδε.
2906 4196 2973 4253 Τί
3001 4196 3065 4252 τὸ
3097 4196 3224 4259 τοὺς
3259 4194 3355 4251 δύο
3386 4197 3560 4260 πόδας
3615 4194 3814 4251 κλίνειν
3856 4192 3939 4246 τὸν

2309 4286 2592 4360 ἱεράρχην,
2622 4286 2710 4340 καὶ
2746 4282 2837 4339 διὰ
2866 4286 2918 4341 τί
2954 4286 3007 4340 αἱ
3039 4286 3244 4363 Γραφαὶ
3277 4285 3607 4351 ἐπιτίθενται
3637 4288 3706 4360 τῇ
3742 4277 3938 4360 κεφαλῇ

2803 4511 2920 4565 ΕΙΣ
2960 4509 3051 4566 ΤΟ
3092 4512 3349 4564 ΚΕΦΔΛ.
3394 4510 3452 4577 ζ’.

2382 4643 2425 4698 Ι.
2451 4638 2660 4717 Τριαδα
2689 4645 2798 4696 τῶν
2819 4640 3186 4716 τελουμένων.
3208 4643 3329 4699 Ὅτι
3355 4645 3501 4717 τρεῖς
3529 4641 3585 4696 αἱ
3630 4637 3935 4711 τελούμεναι

2304 4730 2497 4801 τάξεις.

2380 4821 2479 4889 §I.
2520 4818 2759 4893 Λὲγομεν
2817 4818 3017 4875 τοίνυν.
3079 4818 3230 4881 Τίνες
3283 4819 3336 4873 οἱ
3390 4814 3803 4894 καθαιρόμενοι,
3855 4812 3936 4868 καὶ

2308 4912 2442 4969 πῶς.

2380 4993 2973 5069 Ἀποδιαστελλόμεναι
3039 4995 3304 5066 πληθύες.
3355 4999 3646 5053 Τουτὲστιν
3706 4996 3761 5048 οἱ
3816 5010 3937 5047 κατ-

2308 5086 2648 5160 ηχούμενοι,
2701 5086 2751 5139 οἱ
2803 5084 2854 5140 ἐν
2905 5084 3184 5157 μετανοίᾳ,
3225 5084 3316 5139 καὶ
3367 5083 3784 5159 ἐνοχλούμενοι.
3817 5088 3935 5135 Δια-

2310 5175 2478 5251 φοραν
2514 5172 2570 5228 δὲ
2601 5173 2899 5250 εἰσηγεῖται
2928 5177 3037 5229 τῶν
3067 5171 3118 5228 ἒν
3156 5173 3411 5247 μετανοίᾳ
3440 5172 3492 5228 ἐν
3520 5178 3637 5236 τοῖς
3666 5171 3803 5242 ἑξῆς.

1550 5528 1781 5584 VARI/13
1821 5527 2213 5587 LECTIONEB
2252 5532 2332 5587 ET
2369 5528 2934 5587 CORRECTIONES.

614 5646 661 5687 ⁸⁹
688 5644 869 5703 ἐπάνω
895 5652 995 5717 τῆς
1026 5652 1269 5723 κεφαλῆς
1304 5645 1490 5705 αὐτοῦ.
