4158 6370
285 399 377 453 169
1041 401 1098 452 S.
1140 400 1408 453 ΜΔΧΙΜΙ
1446 399 1751 453 SCHOLIA
1788 400 1863 451 IN
1903 399 1941 449 [ε

2093 398 2169 449 )Ε
2208 396 2500 451 ECCLES.
2541 397 2937 451 HIERARCH.
3588 396 3690 450 170

349 524 458 591 Τῆς
502 519 583 590 ὃὶ,
616 522 715 585 ὡς.
744 523 866 579 Τῶν
924 520 977 575 έν
1040 520 1296 593 μετανοίᾳ
1355 521 1489 593 μετά
1535 521 1595 574 τὸ
1650 520 1931 595 βάπτισμα

2117 519 2270 575 Alius
2289 518 2505 591 quidem
2537 519 3154 591 quod.'Posnitentium
3213 522 3347 593 post
3400 520 3694 593 baptisma

284 614 517 685 ἁμαρταν
527 629 701 665 οντων
710 655 724 667 .

352 703 463 769 Τῆς
515 697 595 774 δὶ,
643 700 719 761 ὡς
766 696 864 756 ἔτι.
898 702 1022 756 Τῶν
1068 697 1487 774 χειμαζομένων
1535 699 1625 753 καὶ
1682 696 1937 772 ἐνεργου-

291 788 376 862 μέν
383 811 454 843 ων
464 832 478 845 .

354 882 467 948 Τῆς
507 877 587 949 δὶ,
619 879 697 940 ὡς
741 875 819 933 ἔτι
866 877 1026 952 πρός.
1059 881 1179 933 Τῶν
1232 876 1337 932 ἀπὸ
1378 878 1653 953 αἱρέσεων,
1686 877 1719 947 ἢ
1773 874 1938 930 ἀσελ-

287 972 442 1041 γειῶν
453 1011 466 1024 .

354 1058 468 1122 Τῆς
528 1053 607 1124 δὲ,
668 1057 745 1117 ὡς
817 1054 1199 1131 μεταχθείσης.
1240 1058 1362 1112 Τῶν
1454 1057 1528 1129 μὴ
1604 1053 1826 1116 τελείως
1885 1052 1937 1124 ἐξ

291 1144 565 1220 ἀσελγείας
609 1144 1043 1221 ἐπιστρεψάντων
1099 1143 1175 1207 εἲς
1223 1146 1510 1221 ἁγιασμὸν,
1542 1146 1577 1215 ἢ
1608 1148 1717 1199 τῶν
1766 1165 1935 1215 κατη-

292 1255 393 1310 χου
401 1237 494 1307 μέν
502 1256 577 1289 ων
588 1277 602 1291 .

362 1328 388 1394 §
418 1326 488 1380 II.
526 1324 684 1390 Μέση
719 1320 778 1377 δὲ
805 1320 972 1393 τάξις.
1004 1323 1066 1379 Ὁ
1096 1324 1284 1379 πιστὸς
1318 1322 1475 1385 λαός.

356 1413 421 1467 Ἠ
465 1415 795 1487 καθαρθεῖσαι
874 1408 1072 1479 πάσης.
1125 1413 1238 1481 Τὴν
1308 1415 1479 1466 πᾶσαν
1538 1412 1792 1485 κάθαρσιν
1843 1415 1941 1466 τοῦ

294 1504 448 1557 λαοῦ.

361 1591 429 1644 Αἱ
461 1587 852 1665 καθαιρόμεναι
883 1587 1057 1659 τάξεις
1090 1585 1446 1662 διαιροῦνται.

645 1676 742 1741 Εἷς
765 1673 895 1740 τοὺς
926 1672 1372 1750 ἐκϐαλλομένους
1401 1681 1507 1733 τῶν
1545 1677 1731 1751 ἱερῶν,

650 1766 744 1828 Εἰς
772 1768 864 1821 τὸν
894 1765 1085 1821 πιστὸν
1119 1765 1270 1839 λαὸν,

648 1855 744 1917 Εἷς
781 1855 1079 1932 μοναχοὺς,
1109 1853 1233 1925 ἤτοι
1266 1856 1614 1932 θεραπευτάς.

358 1946 473 2013 Τὴν
533 1947 631 1999 τοῦ
689 1946 838 2019 ἱεροῦ
892 1944 1050 2000 λαοῦ.
1115 1942 1429 2018 Σημείωσαι
1488 1944 1570 1998 ὅτι
1638 1944 1804 2017 μέσην
1850 1944 1943 1999 τά·

293 2034 364 2105 ξιν
414 2035 509 2089 τὸν
562 2034 710 2104 ἱερὸν
755 2031 884 2088 λαὸν
926 2029 1216 2101 ἀποκαλεῖ,
1249 2030 1420 2108 ἤγουν
1469 2032 1597 2096 τοὺς
1658 2032 1711 2087 ἐν
1767 2032 1946 2105 λαϊκῷ

291 2121 523 2194 τάγματί
552 2122 615 2175 τὸ
647 2120 959 2195 ὁλόκληρον
988 2118 1112 2189 ἦτοι
1142 2120 1206 2175 τὸ
1236 2118 1625 2193 ἀνεπιτίμητον
1675 2116 1901 2195 ἔχοντας
1928 2139 1941 2153 °

290 2212 413 2273 τοὺς
446 2208 505 2265 δὶ
555 2208 855 2286 μοναχοὺς,
897 2207 1023 2278 ἤτοι
1067 2208 1191 2271 τοὺς
1238 2211 1585 2286 θεραπευτὰς,
1610 2210 1708 2279 τὴν
1758 2213 1941 2264 πασῶν

294 2298 661 2374 ὑψηλοτέραν.

356 2390 388 2462 §
430 2389 525 2447 ΙΙΙ.
578 2388 640 2445 Ἠ
692 2391 800 2443 τῶν
852 2391 1135 2463 μοναχῶν.
1183 2386 1369 2464 Μέτρα
1417 2394 1727 2464 μοναχικῆς
1780 2408 1942 2443 κατα-

287 2477 524 2540 στάσεως
541 2520 553 2533 .

356 2567 425 2624 Οἱ
454 2567 574 2639 μὶν,
606 2564 951 2639 θεραπευτάς.
986 2565 1083 2621 Διᾶ
1110 2566 1163 2621 τί
1220 2566 1271 2620 οἱ
1324 2564 1587 2640 μοναχοὶ,
1621 2565 1941 2641 θεραπευταὶ

289 2653 630 2725 ἐκλήθησαν.

357 2742 461 2800 Καὶ
540 2742 759 2804 ἐνιαίας.
819 2744 884 2800 Τί
956 2744 1172 2817 [μονὰς]
1248 2742 1536 2820 ἀμέριστος
1600 2742 1689 2798 καὶ
1773 2742 1944 2797 ἒνιαία

297 2835 432 2902 ζωήο

354 2924 476 2979 Τῶν
534 2919 818 2996 διαιρετῶν
877 2922 1072 2997 ἱεραῖς.
1130 2922 1380 2997 Διαιρετά
1466 2942 1598 2996 φησι
1676 2922 1745 2975 τὰ
1804 2922 1944 2998 βιω-

290 3032 435 3067 τικα.

358 3096 583 3169 Θεοειδῆ
640 3096 861 3171 pavida.
899 3103 1021 3160 Πῶς
1064 3098 1366 3155 τελειοῦται
1400 3101 1444 3135 ‘0
1475 3100 1502 3153 ὁ
1538 3098 1812 3172 μονάζων,
1852 3099 1941 3153 καὶ

290 3186 376 3242 διὰ
402 3188 453 3243 τί
488 3187 667 3256 ἷδικὴν
695 3186 975 3243 τελείωσιν
1006 3188 1097 3242 καὶ
1140 3186 1427 3259 ἐπίκλησιν
1483 3188 1572 3243 καὶ
1618 3188 1941 3244 κατάστασιν

292 3272 406 3352 ἔχει
438 3278 466 3331 ὁ
504 3276 769 3351 μοναχός.

358 3372 423 3421 Π.
483 3366 541 3419 Ὀ
602 3366 697 3438 μὶν
756 3364 949 3440 ἱερεύς.
1010 3363 1328 3438 Σημείωσαι
1387 3364 1492 3435 ὅτι,
1528 3367 1556 3421 ὁ
1618 3366 1711 3440 μὲν
1770 3365 1944 3438 ἱερεύς

297 3476 447 3532 φησι,
476 3453 567 3509 καὶ
628 3453 737 3529 οὐχ
773 3455 801 3509 ὁ
833 3455 1115 3529 ἱεράρχης,
1148 3454 1238 3508 καὶ
1292 3456 1374 3510 ὅτι
1418 3457 1553 3510 κατᾶ
1606 3460 1795 3510 τοῦτον
1848 3453 1946 3510 τοῦ

295 3545 505 3615 Πατρὸς
535 3544 626 3599 τὸν
661 3543 849 3619 λόγον,
880 3543 941 3598 οὐ
986 3541 1067 3598 δεῖ
1108 3551 1303 3618 σχῆμα
1353 3549 1599 3619 μοναχοῦ
1650 3543 1943 3601 ἐπίσκοπον

299 3632 527 3706 διδόναι,
560 3633 708 3690 ἀλλὰ
741 3633 905 3707 μόνον
938 3630 1324 3710 πρεσϐύτερον.

362 3726 497 3784 Ταῖς
529 3720 845 3797 διαιρεταῖς.
879 3727 1014 3785 Ταῖς
1048 3725 1331 3797 βιωτικαῖς
1377 3725 1467 3778 καὶ
1524 3723 1944 3801 πολυσχιδέσιν,

297 3813 407 3866 οἷον
442 3810 736 3887 ἐμπορίαις
768 3811 934 3889 φημὶ,
965 3811 1055 3866 καὶ
1084 3818 1201 3874 τοῖς
1257 3810 1452 3875 ἄλλοις
1513 3813 1943 3889 συναλλάγμασι.

298 3901 624 3962 Φαντασίαις
658 3897 734 3968 δὲ,
766 3899 1015 3955 τουτέστι
1045 3906 1163 3963 ταῖς
1192 3904 1327 3956 κατὰ
1358 3899 1595 3957 διάνοιαν
1635 3903 1943 3977 ἐπιθυμίαις

298 3989 381 4042 καὶ
409 3993 519 4043 τῶν
548 3991 734 4043 παθῶν
764 3990 1187 4046 ἀνατυπώσεσιν.

364 4164 694 4242 Ἀποκείρει.
727 4169 849 4229 Πῶς
879 4166 1114 4241 κείρεται
1146 4168 1173 4221 ὁ
1209 4169 1471 4243 μοναχός.

362 4257 479 4325 Τὴν
530 4256 780 4328 τρισσήν.
840 4254 1157 4329 Σημείωσαι
1214 4253 1270 4310 δὲ
1333 4258 1432 4326 τὴν
1508 4257 1729 4331 τρισσήν
1812 4255 1942 4311 ὁπό-

296 4364 493 4400 στάσιν.

360 4435 455 4490 ΙΙΙ.
492 4435 590 4502 §I.
630 4433 705 4507 [α]
737 4434 1060 4507 Μοναχικὴν
1106 4431 1273 4504 τάξιν.
1308 4434 1405 4488 Διὰ
1461 4433 1512 4488 τί
1571 4433 1785 4510 λέγεται
1842 4455 1940 4506 μο-

290 4523 479 4596 ναχὸς,
520 4520 612 4575 καὶ
667 4521 748 4582 τίς
803 4522 838 4591 ἡ
895 4522 1171 4596 μοναχικὴ
1229 4524 1549 4587 κατάστασις
1607 4523 1698 4579 καὶ
1751 4522 1943 4593 ἐπιτή-

294 4607 491 4672 δευσις.

360 4703 486 4766 §II'
520 4701 825 4774 Ἀποταγή.
858 4699 952 4762 Τίς
981 4702 1017 4771 ἡ
1053 4701 1323 4777 ἀποταγή.

480 4881 575 4933 Διὸ
625 4881 713 4934 καὶ
773 4877 979 4935 πολλὰ.
1017 4879 1332 4952 Σημείωσαι
1364 4882 1499 4936 κατὰ
1529 4882 1945 4955 Λαμπετιανῶν,

2046 613 2373 681 peccatum.

2116 698 2273 754 Αιίιις
2301 713 2426 754 vero
2445 698 2588 769 quod
2615 698 2945 754 etiamnum.
2996 699 3207 755 Eorum
3244 699 3344 771 qui
3396 698 3697 771 agitantur

2048 805 2081 842 a
2110 789 2394 856 daemone,
2426 791 2483 843 et
2504 788 2563 842 in
2596 788 2814 859 quibus
2836 789 3130 844 daemones
3170 793 3509 859 operantur.

2117 876 2273 931 Alius
2300 892 2431 932 vero
2462 876 2622 948 quod.
2656 878 2869 932 Eorum
2903 876 3003 948 qui
3027 876 3099 933 ab
3122 876 3589 947 haeresibus,aut
3619 877 3694 932 li-

2047 964 2371 1020 bidinibus.

2120 1054 2273 1109 Alius
2297 1054 2437 1125 quod
2454 1055 2578 1126 jam
2607 1055 2907 1111 traductus.
2963 1055 3177 1111 Eorum
3215 1055 3316 1128 qui
3357 1071 3474 1111 non
3525 1055 3697 1127 plane

2050 1159 2118 1199 ex
2138 1143 2381 1199 libidine
2403 1145 2704 1200 redierunt
2724 1145 2796 1200 ad
2824 1144 3399 1213 sanotimoniam,vel
3423 1144 3695 1201 catechu-

2052 1247 2382 1288 manorum.

2122 1324 2149 1391 §
2179 1326 2250 1379 II.
2284 1322 2492 1380 Medius
2521 1326 2709 1379 autem
2736 1323 2885 1379 ordo.
2920 1322 3138 1379 Fidelis
3170 1325 3445 1396 populus.

2125 1411 2395 1482 Expiatus
2422 1411 2488 1467 ab
2518 1411 2689 1468 omni.
2741 1412 3086 1469 Universam
3140 1413 3532 1485 expiationem
3590 1429 3697 1486 po-

2052 1500 2194 1572 puli.

2121 1588 2367 1646 Ordines
2394 1590 2492 1662 qui
2522 1594 2852 1662 purgantur
2883 1590 3233 1646 dividuntur

2398 1682 2462 1735 In
2496 1695 2596 1734 eos
2626 1680 2722 1751 qui
2754 1696 2821 1735 ex
2841 1679 3075 1752 templis
3107 1679 3504 1752 expelluntur,

2400 1770 2463 1823 In
2488 1768 2719 1824 fidelem
2748 1768 3061 1840 populum.

2409 1858 2471 1912 In
2499 1857 2841 1927 monachos,
2875 1858 2995 1912 sive
3028 1857 3307 1927 cultores,

2125 1945 2352 2002 Sanciae
2378 1944 2577 2016 plebis.
2610 1946 2780 2011 Nota,
2814 1946 2964 2015 quod
3000 1945 3257 2000 medium
3297 1947 3561 2003 ordinem
3594 1964 3699 2020 ap-

2054 2034 2229 2106 pellet
2256 2051 2489 2090 sacrum
2521 2034 2955 2106 populum,sive
2987 2048 3087 2091 eos
3107 2035 3209 2105 qui
3232 2034 3289 2090 in
3314 2034 3462 2091 laico
3494 2036 3700 2092 ordine

2053 2124 2153 2179 83
2186 2124 2585 2196 integritatem
2610 2123 2730 2179 sive
2748 2123 3435 2195 irreprehensibilitatem
3458 2124 3699 2195 habent;

2053 2216 2374 2271 monachos
2398 2220 2616 2283 autem,
2666 2216 2785 2272 sive
2834 2217 3112 2284 cultores,
3168 2217 3433 2272 omnium
3494 2233 3700 2288 supre-

2053 2321 2237 2360 mum.

2124 2392 2153 2465 §
2205 2396 2301 2450 III.
2360 2394 2769 2451 Monachorum.
2822 2393 3083 2450 Termini
3139 2397 3328 2450 status
3385 2393 3698 2450 monacho-

2051 2498 2206 2539 rum.

2126 2570 2239 2627 Alii
2267 2571 2487 2642 quidem
2507 2572 2866 2644 therapeutas.
2888 2573 3004 2628 Cur
3024 2571 3295 2629 monachi
3315 2576 3597 2628 vocentur
3611 2571 3701 2624 θε-

2053 2658 2331 2734 ραπευταί,
2364 2660 2638 2716 cultores.

2122 2753 2200 2805 Et
2236 2749 2540 2821 singulari.
2565 2748 2712 2814 Quid
2744 2748 3048 2821 [solitudo]
3071 2749 3400 2821 individua,
3431 2748 3701 2821 singula-

2053 2839 2255 2910 risque
2276 2839 2414 2894 vita.

2123 2927 2346 2983 Sanctis
2366 2942 2556 2983 rerum
2576 2926 2956 2982 dividuarum.
2992 2926 3236 2983 Dividua
3266 2935 3459 2983 autem
3510 2924 3705 2999 appel-

2052 3017 2133 3073 lat
2164 3034 2253 3082 ea,
2286 3033 2413 3087 quae
2446 3016 2513 3071 ad
2546 3015 2726 3069 vitam
2759 3014 3098 3070 saecularem
3132 3015 3446 3087 pertinent.

2126 3104 2466 3176 Deiformem
2496 3104 2790 3159 unitatem.
2827 3104 3125 3168 Quomodo
3155 3107 3533 3160 consecretur
3578 3119 3702 3159 mo-

2052 3195 2299 3264 nachus,
2324 3199 2380 3249 et
2410 3210 2516 3249 cur
2546 3193 2843 3264 propriam
2886 3192 3390 3249 consecrationem
3439 3197 3496 3248 et
3540 3192 3702 3248 invo-

1978 3267 2021 3333 C
2060 3285 2372 3353 cationem,
2402 3287 2459 3337 et
2476 3286 2696 3337 statum
2732 3281 3307 3338 habeatmonachus.

2128 3372 2477 3428 ILSacerdos
2507 3371 2747 3441 quidem.
2780 3374 2930 3425 Nota
2996 3371 3151 3441 quod
3197 3370 3372 3435 dicat,
3429 3370 3703 3440 sacerdos,

2057 3464 2115 3515 et
2146 3478 2260 3516 non
2286 3461 2627 3532 pontifex,et
2644 3460 2969 3515 secundum
2988 3461 3147 3515 hunc
3166 3459 3357 3516 Patris
3370 3476 3703 3516 sermonem

2056 3566 2171 3604 non
2194 3550 2535 3621 episcopum
2568 3550 2667 3605 sed
2719 3548 2913 3602 solum
2964 3548 3376 3619 presbyterum
3426 3548 3701 3604 monachi

2056 3638 2324 3694 habitum
2355 3638 2494 3694 dare
2533 3638 2679 3693 debe
2694 3653 2776 3693 re.

2126 3726 2404 3783 Dividuis.
2438 3730 2571 3794 Quae
2595 3728 2667 3782 ad
2696 3726 2877 3781 vitam
2908 3726 3349 3781 mundanorum
3381 3727 3705 3798 pertinent,

2053 3821 2109 3872 et
2139 3817 2196 3871 in
2218 3815 2435 3872 multas
2467 3819 2662 3887 partes
2680 3815 2879 3870 divisse
2899 3814 3084 3871 sunt?
3106 3819 3183 3883 ut;
3214 3818 3355 3871 sunt
3407 3819 3702 3872 mercatu-

2056 3922 2151 3973 rae,
2178 3910 2235 3961 et
2272 3906 2371 3961 alii
2402 3910 2760 3960 contractus.
2818 3904 3321 3975 Imaginationibu:
3375 3909 3581 3972 autem,
3640 3905 3699 3959 id

2053 3998 2143 4049 est
2173 3994 2387 4049 mentis
2417 3993 2842 4065 cupiditatibus
2864 3996 2919 4047 et
2951 3992 3467 4063 perturbationum
3491 3992 3700 4065 imagi-

2054 4081 2250 4139 nibus.

2121 4171 2405 4226 Detondet.
2440 4169 2741 4234 Quomodo
2761 4167 3088 4223 monachus
3110 4170 3444 4225 tondeatur.

2123 4260 2428 4330 Triplicem.
2462 4258 2610 4314 Nota
2639 4256 2933 4328 triplicem
2957 4256 3426 4313 subsistentiam.

2124 4440 2220 4494 Ill.
2250 4438 2342 4509 §I.
2377 4434 2734 4491 Monasticum
2762 4433 3037 4490 ordinem.
3073 4434 3189 4490 Cur
3219 4435 3545 4490 monachus
3606 4436 3696 4491 di-

2054 4532 2220 4583 catur
2252 4544 2265 4594 ;
2298 4524 2433 4597 quis
2452 4525 2528 4580 sit
2564 4525 2706 4580 ordo
2737 4522 3202 4590 monachorum;
3237 4525 3511 4596 quodque
3532 4525 3697 4581 insti-

1973 4635 2020 4699 D
2053 4620 2268 4673 tutum.

2123 4705 2251 4777 §Il.
2298 4702 2672 4770 Renuntiatio,
2722 4704 2822 4756 Gr.
2871 4700 3138 4774 ἀποταγή.
3180 4702 3458 4763 Quaenam
3498 4704 3575 4759 sit
3616 4718 3701 4758 re-

2054 4793 2371 4849 nuntiatio.

2127 4880 2485 4949 Quamobrem
2513 4878 2868 4934 multa.Nota
2897 4880 3101 4933 contra
3124 4877 3704 4949 Lampetianos,[sive

294 4968 424 5037 ἤτοι
478 4967 871 5026 Μεσσαλιανῶν
922 4968 957 5037 ἢ
1002 4966 1398 5044 Ἀδελφιανῶν,
1429 4969 1623 5024 ταύτὸν
1670 4967 1727 5023 δῖε
1776 4969 1941 5023 εἷ’πεῖν

2093 4969 2571 5035 [essalianos,aut
2598 4967 3015 5037 Adelphianos,
3038 4965 3121 5020 vel
3156 4969 3308 5036 quod
3345 4966 3499 5021 idem
3529 4967 3703 5037 valet,

296 5061 709 5131 Μαρκιανιστῶν
742 5077 754 5089 ο
790 5055 1004 5125 οτίτινες,
1036 5058 1273 5133 τριετίαν
1328 5058 1493 5129 μόνον
1547 5056 1725 5133 ἄκρως
1776 5059 1941 5129 ἀσκή·

2093 5056 2519 5128 larcianos,qui
2541 5056 2779 5126 quidem
2797 5072 2931 5109 cum
2956 5053 3276 5108 triennium
3295 5057 3705 5112 tantummodo

300 5167 507 5214 σαντες,
540 5145 676 5219 μετᾶ
702 5149 871 5200 ταῦτα
899 5144 988 5200 ἐπὶ
1017 5151 1274 5201 τοσοῦτον
1305 5145 1658 5223 ἀδιαφοροῦσι
1700 5146 1790 5200 τὸν
1842 5146 1941 5200 λοι¹

2093 5147 2287 5201 ιυιιὶιθτ
2305 5146 2362 5199 in
2392 5145 2817 5200 monachorum
2842 5142 2958 5197 vita
2978 5148 3709 5215 consumpserunt,poslea

302 5236 401 5289 πὸν
457 5239 558 5300 τῆς
616 5236 818 5289 ἑαυτῶν
882 5241 1026 5304 ζωῆς
1071 5234 1295 5311 χρόνον,
1354 5236 1437 5297 ὡς
1493 5241 1664 5289 πᾶσαν
1730 5235 1941 5289 ἀτοπίαπ

2093 5251 2168 5289 μοι·
2197 5234 2488 5305 reliquum
2522 5234 2650 5287 vitae
2664 5236 3025 5301 suaetempus
3045 5230 3187 5284 adeo
3202 5234 3343 5285 sunt
3363 5230 3705 5304 dissimiles,

303 5323 550 5399 πράττειν
610 5321 784 5386 ἀδεῶς
819 5344 832 5358 ο
870 5325 1149 5399 μοιχείαις
1198 5324 1321 5400 γὰρ,
1353 5322 1443 5377 καὶ
1505 5321 1841 5397 ἀσελγείαις,
1870 5343 1937 5398 γα

2093 5329 2132 5379 1t
2158 5323 2340 5378 libere
2363 5321 2561 5376 omnia
2591 5319 2811 5376 scelera
2840 5318 3190 5374 admittant:
3217 5323 3282 5374 ut
3299 5321 3520 5391 stupris
3550 5322 3707 5377 enim

306 5412 701 5489 πριμαργίαις,
726 5412 816 5468 καὶ
864 5412 1331 5490 ἀλληλογαμίαις,
1360 5412 1452 5467 καὶ
1510 5411 1843 5483 ἁπαξαπλῶς
1908 5410 1941 5466 ἰ·

2093 5418 2128 5469 ιτ,
2154 5410 2587 5479 libidinibus,in
2622 5407 2877 5479 ingluvie
2908 5411 2965 5462 et
2995 5407 3220 5464 mutuis
3251 5408 3579 5479 adulteriis,
3625 5414 3713 5466 at-

1296 5598 1539 5657 VARUE
1570 5600 1958 5658 LECTIONES
1987 5598 2076 5657 ET
2107 5590 2646 5652 CORREGTIONES

383 5706 425 5743 ⁸ο
449 5704 708 5762 τελεῖται.

627 5835 888 5895 ΡΑτιιοι..
936 5832 1047 5894 Gn.
1092 5832 1193 5895 IV.

3365 5828 3403 5885 6
