4158 6370
445 382 543 437 171

1258 386 1625 436 APPENDIX
1666 387 1759 436 AD
1798 385 2036 437 OPERA
2073 387 2130 436 S.
2176 383 2490 437 DIONYSII
2535 384 3031 438 AREOPOGITJE.

3751 385 3852 439 172

441 523 552 578 que
577 523 695 564 uno
726 506 962 562 nomine
991 504 1068 576 in,
1091 505 1366 562 omnibus
1409 507 1650 579 ﬂagitiis
1708 506 1973 573 volutati,
2020 521 2076 562 se

2197 505 2388 567 πάσαις
2437 505 2690 568 ἀσωτίαις
2740 503 3245 581 ἐγκαλινδούμενοι,
3293 505 3360 560 τὰ
3405 510 3630 561 τοιαῦτα
3676 507 3850 581 πράτ-

440 597 731 668 ejusmodi
747 595 872 651 sine
900 593 1194 665 voluptate
1208 595 1473 666 corporis
1497 612 1667 668 agere
1691 597 1836 652 falso
1857 596 2083 650 dicunt:

438 690 496 742 et
517 701 651 741 cum
683 685 810 741 sine
827 700 1033 756 sensu,
1065 688 1268 739 morbo
1305 685 1765 756 perturbationis
1812 701 1879 741 ao
1930 683 2086 739 volu~

438 775 617 847 ptatis
651 773 1027 843 afﬂiclentur,
1053 789 1119 828 ac
1149 773 1276 828 sine
1303 773 1501 829 dolore
1524 791 1558 829 a
1576 774 1792 846 seipsis
1809 777 1987 844 atque
2013 773 2086 828 ab

438 864 510 919 iis
539 863 638 934 qui
667 879 766 918 eos
795 861 1133 918 inhabitant
1162 862 1529 918 daemonibus
1561 863 2084 934 patiantur,tamen

441 966 601 1007 more
622 967 825 1006 eorum
848 950 949 1021 qui
972 949 1247 1020 phrenesi
1273 950 1843 1023 laborant,l¢stantur
1867 949 2084 1022 potius,

439 1044 498 1096 et
527 1056 645 1096 non
675 1055 826 1112 aegre
857 1040 1072 1095 ferunt.

509 1129 812 1186 Interdicta
838 1132 989 1185 sunt.
1022 1127 1173 1184 Nota
1204 1127 1393 1184 multa
1423 1127 1728 1184 monachis
1773 1127 2089 1184 interdicta

441 1235 589 1284 esse,
628 1217 938 1290 quaalaicis
969 1217 1212 1288 impune
1243 1217 1377 1274 licet
1397 1217 1585 1274 facere
1609 1222 1696 1273 :ut
1719 1217 2084 1289 conjugium,

439 1312 496 1362 et
527 1308 587 1362 in
612 1307 827 1362 militia
848 1310 1293 1378 mercaturaque
1346 1307 1589 1375 versari,
1613 1311 1670 1362 et
1694 1306 1753 1362 in
1799 1305 1929 1362 aliis
1959 1322 2085 1376 quae

438 1397 588 1452 laico
621 1412 736 1452 non
768 1397 985 1452 dantur
1004 1396 1259 1452 crimini.

508 1575 658 1644 84§
687 1574 782 1631 III.
811 1576 1054 1631 Tonsura
1075 1573 1432 1647 capillorum.
1468 1575 1746 1640 Quasnam
1778 1577 1936 1631 esset
1981 1574 2082 1630 de-

435 1665 651 1721 tonsio.

506 1754 536 1826 §
567 1753 658 1810 IV.
691 1753 916 1809 Prioris
947 1762 1151 1811 autem.
1184 1753 1332 1818 Quid
1375 1756 1603 1810 mutare
1651 1753 1781 1824 ejus
1837 1755 2080 1810 vestem.

509 1936 537 2002 §
564 1936 632 1987 V.
661 1936 726 1990 Et
751 1948 958 1989 omnes.
992 1932 1143 1996 Quid
1166 1931 1464 1988 salutatio.

509 2023 588 2078 Ad
613 2021 958 2094 praecipuam
988 2021 1151 2077 illam
1182 2021 1299 2078 Dei.
1340 2025 1454 2077 Cur
1505 2021 1709 2079 statim
1765 2019 2090 2076 communi-

440 2115 592 2168 cent.

509 2199 589 2255 Ad
615 2199 1071 2256 communionem.
1104 2199 1221 2256 Cur
1248 2198 1288 2253 ii
1313 2199 1415 2271 qui
1456 2199 1825 2266 ordinantur,
1886 2197 2086 2254 statim

438 2289 893 2358 communicent.

511 2377 833 2434 Communia
862 2377 1128 2433 traditur.
1161 2377 1378 2433 Omnes
1403 2377 1558 2434 enim
1583 2392 1770 2448 asque,
1821 2381 1953 2449 post
1995 2393 2086 2432 or-

439 2466 823 2537 dinationem,
856 2466 1071 2522 divinis
1103 2465 1425 2536 dignantur
1454 2465 1773 2537 mysteriis,
1824 2465 1882 2520 id
1930 2465 2084 2536 quod

436 2572 573 2611 cum
604 2555 721 2611 Deo
755 2553 1219 2611 familiaritatem
1252 2553 1653 2626 unionemque
1682 2553 1960 2610 declarat.

504 2643 872 2713 Initiationes,
911 2643 1192 2714 purgatio.
1253 2643 1402 2709 Quid
1447 2643 1808 2699 initiationes
1856 2641 2082 2714 signiﬁ-

439 2738 594 2789 cent.

503 2822 680 2881 Ordo.
730 2821 847 2876 Hoc
901 2819 1080 2876 etiam
1131 2820 1192 2874 in
1223 2818 1348 2875 loco
1399 2819 1634 2891 planius
1665 2818 1864 2874 docuit
1892 2822 2084 2886 Pater,

435 2909 537 2981 qui
595 2909 716 2965 sint
763 2906 1099 2979 superiores
1122 2907 1381 2978 ordines,
1417 2922 1670 2980 quorum
1719 2923 1901 2978 supra
1951 2906 2086 2962 fecit

443 2997 827 3054 mentionem.

507 3086 538 3159 §
568 3086 662 3141 VI.
696 3085 799 3141 Sed
829 3084 1075 3154 objicies.
1109 3084 1235 3139 Non
1267 3099 1396 3140 esse
1440 3083 1499 3138 in
1533 3082 1678 3140 ccelo
1738 3082 1840 3154 qui
1897 3083 2083 3154 expie-

434 3178 534 3230 tur
565 3191 579 3230 ι
608 3179 665 3229 et
694 3174 764 3228 de
785 3171 1029 3244 angelis.

538 3263 816 3319 Caelestem
846 3260 1183 3334 quampiam.
1208 3261 1355 3318 Nota
1379 3277 1495 3316 non
1526 3277 1656 3318 esse
1687 3260 1866 3317 ullam
1886 3260 2078 3316 labem
2111 3247 2153 3312 C

436 3352 498 3408 in
531 3351 738 3424 quavis
770 3357 1113 3407 naturarum
1137 3350 1485 3418 caelestium,
1519 3351 1673 3422 quod
1693 3353 1863 3422 putat
1890 3349 2083 3419 Orige-

431 3458 557 3509 nes,
591 3446 769 3513 atque
802 3442 841 3495 ii
875 3442 972 3510 qui
1007 3447 1148 3496 sunt
1176 3440 1236 3495 in
1267 3442 1469 3495 eadem
1495 3439 2079 3508 sententia,dicentes

429 3532 584 3602 quod
608 3531 780 3600 juxta
800 3530 1238 3602 proportionem
1271 3528 1614 3597 eversionis,
1665 3528 2078 3600 unusquisque

425 3619 753 3674 ccelestium
793 3619 1094 3685 ordinum,
1127 3617 1304 3672 talem
1327 3616 1778 3689 appellationem
1812 3622 1868 3674 et
1923 3617 2076 3673 ordi-

425 3724 556 3762 nem
588 3705 854 3774 sortitus,
885 3711 944 3761 et
983 3706 1327 3777 corporibus
1367 3705 1647 3776 alligatus
1677 3706 1758 3762 sit
1789 3705 2072 3761 tenuiori-

421 3798 532 3851 bus
569 3795 627 3850 in
661 3794 1106 3866 castigationem
1140 3811 1258 3849 suae
1289 3796 1358 3848 ad
1387 3795 1672 3849 deteriora
1718 3795 2070 3862 eversionis;

420 3886 522 3940 sed
552 3883 912 3940 sanctissimi
934 3886 1075 3938 sunt
1106 3882 1362 3954 profecto
1395 3891 1448 3936 et
1488 3883 1750 3954 corporis
1806 3887 2071 3955 expertes

421 3977 669 4042 mentes,
698 3972 853 4028 sicut
882 3970 1170 4044 principio
1225 3971 1405 4027 creati
1458 3976 1617 4026 sunt.
1652 3973 1816 4038 Quod
1874 3975 2069 4028 autem

420 4079 706 4134 corporeae
735 4065 856 4118 sint
886 4061 1152 4117 caelestes
1182 4061 1449 4130 virtutes,
1484 4063 1835 4118 excellenter
1875 4062 2070 4134 legisti

418 4151 478 4205 in
503 4151 916 4206 anterioribus.
959 4151 1161 4205 Aliter.
1187 4153 1403 4204 Verum
1441 4150 1606 4205 nulla
1627 4167 1797 4206 mens
1819 4150 2069 4207 ccelestis

419 4243 553 4308 post
581 4239 917 4294 daemonum
951 4236 1259 4309 delapsum
1293 4254 1558 4309 unquam
1588 4238 1648 4293 in
1680 4244 1916 4310 peccato
1965 4240 2066 4294 de-

416 4327 709 4397 prehensa
739 4332 828 4382 est
855 4347 869 4395 ;
907 4327 1016 4381 hoc
1035 4326 1192 4380 enim
1218 4341 1411 4396 neque
1440 4343 1507 4381 ex
1539 4327 1735 4382 divina
1765 4327 2066 4398 Scriptura

415 4417 820 4486 cognovimus,
852 4430 1044 4485 neque
1074 4415 1292 4484 aliquis
1314 4431 1383 4469 ex
1416 4415 1760 4486 theosophis
1791 4415 2064 4471 Patribus

414 4503 580 4558 dixit.
647 4504 744 4559 llic
800 4508 998 4558 autem
1068 4506 1310 4558 sanctus
1357 4503 1444 4558 vir
1483 4520 1586 4575 per
1625 4503 2061 4560 concessionem

412 4591 522 4646 hoc
553 4591 750 4662 ipsum
783 4590 958 4660 ait,ut
989 4590 1206 4662 aliquis
1239 4591 1467 4661 dixerit,
1499 4592 1905 4648 sanctissimos
1936 4595 2064 4664 qui-
2096 4615 2143 4677 Β

412 4680 544 4734 dem
577 4696 678 4736 eos
711 4696 860 4746 esse,
894 4683 951 4734 et
979 4679 1371 4750 inlegros,nec
1388 4679 1739 4751 expiationis
1768 4680 2058 4752 indigere;

411 4769 514 4824 sed
548 4769 595 4823 si
631 4769 842 4824 demus
874 4769 933 4821 in
970 4768 1169 4839 aliquo
1200 4784 1403 4822 eorum
1431 4769 1622 4822 labem
1658 4769 1861 4834 fuisse,
1891 4769 2063 4841 plane

412 4857 483 4911 ad
515 4857 842 4913 contrarias
872 4856 1121 4911 virtutes
1154 4872 1216 4910 se
1248 4857 1678 4924 conferebat,ut
1707 4857 1945 4928 reliqua)
1987 4859 2063 4913 si-

411 4960 483 5000 ne
510 4945 641 5001 lube
671 4946 876 5001 eodem
911 4944 1084 4999 modo
1116 4945 1405 5014 ,babeant,
1437 4949 1494 5000 et
1524 4944 1795 5000 similiter
1826 4962 1942 5000 non
1971 4947 2059 5001 in-

410 5032 648 5103 digeant
679 5032 1046 5105 expiationis.
1067 5032 1334 5102 Atqueid
1368 5033 1449 5088 ita
1469 5049 1598 5088 esse
1631 5033 1804 5104 plane
1839 5035 2057 5090 docuit.

408 5121 549 5173 Cum
583 5122 739 5176 enim
765 5123 835 5176 ad
870 5122 926 5175 id
959 5121 1111 5190 quod
1143 5121 1435 5188 objectum
1467 5125 1611 5187 erat,
1645 5121 1701 5176 id
1745 5125 1899 5192 quod
1925 5140 2060 5178 sen-

407 5208 610 5274 tiebat,
649 5215 828 5280 utque
859 5215 1006 5278 erat,
1038 5208 1460 5280 respondisset,
1495 5209 1744 5280 subjecit
1774 5210 1918 5266 illud
1947 5229 1959 5268 :
1999 5213 2063 5267 Si

403 5296 529 5367 qui:
561 5297 898 5370 enim;pro,
932 5301 1088 5369 quod
1137 5298 1187 5353 si
1240 5297 1373 5370 quis
1427 5299 1605 5353 etiam
1660 5299 1758 5355 det
1805 5300 2060 5372 aliquem

2193 612 2301 647 τειν
2349 594 2570 656 ἀπαθῶς
2617 593 2996 668 τερατεύονται
3029 613 3040 627 ⁸

2191 702 2278 743 τες
2327 683 2425 751 τήν
2481 683 2799 755 ἐμπάθειαν,
2831 683 2920 738 καὶ
2970 682 3291 758 ἀναλγήτως
3352 683 3440 760 ὑφ’
3488 685 3689 739 ἑαυτῶν
3739 684 3850 739 πά-

3092 593 3182 648 καὶ
3232 594 3570 666 ἀναισθήτως
3619 601 3851 651 νοσοῦν-

2195 790 2447 845 σχοντες,
2476 772 2565 826 καὶ
2595 776 2702 825 τῶν
2732 773 2784 826 ἐν
2825 772 3010 835 αὐτοῖς
3057 771 3352 826 οἰκούντων
3405 769 3705 845 δαιμόνων,
3740 773 3850 828 ὥσ-

2194 881 2294 935 περ
2327 861 2378 914 οἱ
2412 858 2674 936 φρενίτιδι
2725 859 3089 936 κατεχόμενοι
3137 859 3303 934 νόσῳ,
3330 859 3658 934 ἀγάλλονται
3711 860 3854 935 μᾶλ-

2197 946 2293 1002 λον
2325 948 2414 1003 καὶ
2449 950 2551 1004 οὐκ
2581 950 2859 1006 ἀνιῶνται.

2267 1129 2341 1202 [γ]
2374 1127 2712 1202 Ἀπείρηται.
2769 1125 3089 1200 Σημείωσαι
3137 1128 3221 1182 ὅτι
3268 1124 3458 1183 πολλά
3505 1127 3776 1184 κωλύεται
3815 1130 3847 1184 6

2200 1216 2444 1290 μοναχὸς
2473 1221 2671 1285 ποιεῖν,
2705 1216 2776 1269 ὧν
2808 1216 2859 1270 οἱ
2893 1214 3075 1271 λαϊκοὶ
3106 1218 3205 1286 τῆν
3239 1215 3542 1289 ἐπιτροπήν
3577 1217 3666 1272 καὶ
3696 1215 3849 1290 ἐξου-

2194 1303 2311 1358 σίαν
2358 1299 2574 1379 ἔχουσιν
2601 1324 2613 1337 ’
2650 1307 2764 1358 οἷον
2805 1305 2832 1358 ὁ
2861 1305 3061 1379 γάμος,
3094 1305 3182 1359 xui
3224 1305 3287 1360 τὸ
3335 1305 3636 1381 στρατείαις
3678 1306 3714 1375 ἢ
3747 1307 3848 1379 ἐμ·

2193 1394 2410 1467 πορίαις
2444 1392 2684 1466 ὁμιλεῖν,
2717 1394 2808 1448 καί
2838 1393 3065 1468 ἑτέροις,
3100 1392 3153 1448 ἐν
3186 1395 3266 1456 οἷς
3321 1395 3348 1449 ὁ
3397 1393 3586 1456 λαϊκὸς
3642 1395 3704 1448 οὐ
3751 1415 3852 1448 κα-

2191 1483 2516 1556 τακρίνεταί,

2265 1579 2292 1642 §
2324 1575 2419 1630 IlI.
2454 1575 2674 1648 Τριχῶν
2708 1571 3028 1646 ἀπόκαρσις.
3059 1571 3148 1636 Τίς
3176 1575 3210 1643 ἡ
3245 1570 3560 1649 ἀπόκαρσις.

2260 1753 2413 1822 §IV.
2443 1751 2506 1808 Ἡ
2558 1747 2616 1804 δὲ
2669 1756 2771 1819 τῆς
2813 1749 3101 1827 προτέρας.
3131 1750 3191 1805 Τί
3242 1751 3304 1806 τὸ
3353 1749 3742 1825 μεταλλάσσειν
3777 1753 3846 1787 ⁴⁰¹

2116 1883 2165 1948 Β
2193 1843 2294 1910 τὴν
2326 1839 2522 1910 ἐσθῆτα
2551 1841 2740 1896 αὐτοῦ.

2268 1933 2293 1948 η
2324 1935 2372 1948 τ,
2427 1936 2464 1948 ,ν
2508 1928 2521 1946 ι
2616 1931 2623 1946 ι

2268 1933 2295 1998 §
2324 1935 2391 1986 V.
2427 1928 2524 1984 Καὶ
2556 1931 2772 1991 πάντες.
2803 1926 2865 1984 Τί
2896 1930 2923 1984 6
2956 1929 3261 2002 ἀσπασμός.

2268 2022 2310 2057 ⁴¹
2347 2019 2466 2075 Ἐπὶ
2497 2020 2594 2088 τήν
2624 2020 2947 2093 θεαρχικήν.
2988 2017 3054 2074 Τί
3082 2040 3145 2074 τι)
3176 2017 3331 2082 εὐθὺς
3357 2023 3666 2076 κοινωνεῖν.

2269 2198 2392 2254 Ἐπὶ
2447 2199 2546 2267 τὴν
2606 2194 2936 2271 μετάληψιν.
2998 2195 3095 2249 Διά
3150 2195 3202 2250 τί
3262 2195 3313 2249 οἳ
3361 2193 3848 2271 χειροτονούμενοι

2197 2288 2393 2350 εὐθέως
2422 2289 2765 2341 κοινωνοῦσι.

2265 2373 2623 2432 Μεταδίδοται
2675 2373 2832 2448 πρός.
2887 2374 3083 2434 Πάντες
3139 2374 3244 2447 γὰρ
3293 2370 3502 2444 ὁμοίως
3560 2371 3694 2443 μετά
3743 2372 3846 2438 τήν

2199 2464 2543 2540 χειροτονίαν
2596 2466 2703 2517 τῶν
2763 2460 2919 2526 θείων
2965 2461 3232 2530 ἀξιοῦνται
3318 2461 3654 2532 μυστηρίων,
3714 2461 3848 2534 ὅπερ

2197 2554 2445 2630 imp-Livet
2480 2554 2576 2621 τὴν
2609 2549 2745 2626 πρὸς
2779 2551 2905 2604 Θεὸν
2941 2549 3251 2619 οἰκειότητὰ
3277 2569 3336 2603 τε
3367 2547 3457 2603 καὶ
3487 2545 3702 2604 ἕνωσιν.

2267 2641 2521 2713 Τελεταὶ,
2553 2641 2828 2715 κάθαρσις.
2862 2637 2927 2696 Τί
2960 2639 3014 2692 αἱ
3044 2636 3258 2693 τελεταὶ
3291 2635 3542 2708 δηλοῦσι.

2265 2822 2447 2891 Τάξις.
2507 2817 2648 2874 Ἰδοὺ
2705 2817 2794 2872 xui
2849 2815 3072 2879 ἐνταῦθα
3147 2813 3470 2893 σαφέστερον
3518 2811 3753 2886 ἐδίδαξεν
3817 2813 3848 2867 ὁ

2193 2911 2402 2983 Πατὴρ,
2432 2907 2576 2970 τίνες
2634 2908 2689 2962 αἱ
2743 2900 3169 2980 ὑπερϐεϐηκυῖαι
3224 2905 3420 2974 τάξεις,
3462 2903 3533 2958 ὧν
3591 2901 3848 2975 ἀνωτέρω

2193 2999 2462 3072 ἐμνήσθη.

2262 3088 2413 3161 §VI.
2449 3083 2603 3142 Ἀλλ’
2635 3083 2774 3160 ἐρεῖς
2824 3083 2930 3139 ὅτι.
2982 3081 3130 3154 [Καὶ]
3175 3079 3258 3135 ὅτι
3317 3081 3418 3135 οὐκ
3457 3075 3597 3134 ἔστιν
3647 3077 3700 3133 ἐν
3747 3079 3846 3134 οὐ-

2192 3180 2338 3251 ρανῷ
2367 3173 2761 3248 καθαιρόμενος
2792 3191 2804 3204 ·
2838 3172 2929 3225 καὶ
2960 3170 3082 3242 περὶ
3115 3168 3380 3245 ἀγγέλων.

2263 3267 2414 3319 Ἐστι
2470 3284 2551 3324 τις
2608 3260 2848 3336 οὐρανία.
2891 3259 3205 3332 Σημείωσαι
3263 3257 3347 3312 ὅτι
3405 3255 3633 3329 οὐδεμία
3679 3251 3842 3327 λώϐη

2188 3354 2453 3428 τυγχάνει
2500 3346 2552 3404 ἕν
2602 3371 2705 3404 τινι
2754 3353 2861 3403 τῶν
2916 3346 3180 3422 οὐρανίων
3227 3343 3530 3419 δυνάμεων,
3564 3346 3592 3400 ’ὁ
3632 3342 3845 3414 δοξάζει

2190 3440 2491 3516 Ὠριγὲνης,
2523 3439 2616 3494 καὶ
2673 3440 2725 3492 oi
2781 3438 2848 3492 τὰ
2899 3436 3095 3491 τούτου
3153 3440 3491 3511 φρονοῦντες,
3525 3435 3845 3512 φάσκοντες,

2189 3531 2271 3584 ὅτι
2304 3530 2440 3584 κατὰ
2468 3530 2565 3596 τὴν
2601 3526 2895 3600 ἀναλογίαν
2928 3532 3026 3594 τῆς
3056 3531 3412 3598 παρατροπῆς
3462 3519 3686 3577 ἕκαστον
3730 3527 3843 3576 τῶν

2189 3618 2454 3694 οὐρανίων
2500 3616 2786 3691 ταγμάτων
2832 3615 2932 3683 τῆν
2990 3610 3204 3668 τοιάνδε
3254 3611 3344 3666 καὶ
3401 3610 3692 3683 ὀνομασίαν
3750 3612 3843 3664 καί

2183 3709 2329 3778 τάξιν
2365 3707 2743 3778 ἐκληρώσατο,
2774 3703 2862 3758 xui
2897 3704 3140 3775 σώμασιν
3202 3698 3517 3770 ἐνεδέθησαν
3579 3699 3840 3754 λεπτοτὲ-

2186 3817 2324 3872 ροις,
2360 3796 2434 3858 εἷς
2459 3792 2705 3849 παιδείαν
2733 3796 2831 3862 τῆς
2874 3793 3075 3846 ἑαυτῶν
3105 3789 3192 3844 ἐπὶ
3223 3791 3284 3845 τὸ
3315 3795 3504 3865 χεῖρον
3561 3808 3841 3862 παρατρο-

2182 3893 2290 3954 πῆς
2325 3904 2336 3916 ⁸
2397 3883 2543 3940 ἀλλὰ
2599 3883 2874 3956 ιπσὶναγνοίΔ
2917 3881 3017 3934 εἰσι
3079 3877 3338 3948 δηλονότι
3406 3878 3494 3931 καὶ
3554 3877 3850 3948 ἀσώματοι·

2182 3973 2322 4046 νόες,
2383 3973 2458 4034 ὠς
2515 3973 2565 4041 ἐξ
2624 3971 2802 4044 ἀρχῆς
2863 3969 3180 4038 ἐκτίσθησαν
3217 3989 3228 4000 ·
3291 3967 3374 4022 ὅτι
3436 3963 3492 4021 δὲ
3546 3965 3835 4038 ἀσώματοι

2181 4062 2311 4116 εἷ’σιν
2375 4063 2428 4115 αἱ
2504 4060 2750 4134 οὐράνιαι
2834 4055 3108 4130 δυνάμεις,
3173 4053 3445 4131 διαφόρως
3533 4050 3703 4129 ἔγνως
3781 4053 3834 4108 ἐν

2176 4156 2294 4213 τοῖς
2356 4147 2681 4223 ἔμπροσθεν.
2739 4143 2990 4208 Ἄλλως.
3051 4143 3211 4200 Ἀλλ’
3262 4142 3439 4205 οὐδεὶς
3495 4143 3666 4198 αὐτῶν
3725 4147 3834 4196 τῶν

2178 4239 2443 4309 οὐρανίων
2503 4242 2640 4292 νοῶν
2704 4234 2838 4308 μετὰ
2890 4236 2990 4302 τήν
3044 4238 3151 4288 τῶν
3189 4231 3460 4305 δαιμόνων
3518 4232 3833 4285 ἀπόπτωσιν

2178 4329 2324 4382 ἒάλω
2365 4326 2516 4381 ποτε·
2548 4329 2710 4380 τοῦτο
2741 4327 2842 4397 γὰρ
2875 4321 3004 4378 οὐδὲ
3056 4323 3202 4398 παρά
3252 4329 3353 4390 τῆς
3411 4319 3554 4384 θείας
3615 4326 3835 4397 Γραφῆς

2176 4415 2440 4488 ἔγνωμεν,
2493 4411 2619 4468 οὐδὲ
2674 4434 2756 4474 τις
2814 4416 2920 4465 τῶν
2981 4410 3253 4487 θεοσόφων
3306 4405 3493 4483 εἷ’ρηκε
3550 4410 3832 4483 Πατὲρων.

2175 4505 2350 4565 Οὗτος
2402 4501 2458 4556 δὲ
2503 4504 2531 4556 ὁ
2580 4502 2735 4576 ἅγιος
2780 4499 2915 4554 κατὰ
2972 4499 3330 4574 συγχώρησιν
3366 4496 3494 4551 αὐτό
3526 4517 3714 4574 φησιν,
3755 4496 3832 4558 ὡς

2173 4589 2233 4645 ἂν
2269 4590 2412 4646 εἷ’ποι
2443 4611 2544 4662 τις,
2579 4589 2660 4643 ὅτι
2694 4588 2957 4662 πάναγνοι
2991 4586 3084 4660 μὲν
3117 4586 3221 4640 εἶσι
3251 4587 3345 4640 καὶ
3404 4581 3710 4654 ἀλώϐητοι,
3737 4583 3832 4638 καὶ

2173 4679 2233 4733 οὐ
2267 4677 2471 4733 δὲονται
2505 4679 2812 4752 καθάρσεως
2849 4696 2859 4708 ·
2894 4675 3061 4744 πλὴν,
3096 4675 3142 4729 εἷ’
3194 4673 3284 4729 καί
3335 4671 3561 4747 δοίημεν
3618 4672 3669 4727 ἔν
3722 4693 3833 4726 τινι

2172 4763 2327 4841 λώϐῃ
2354 4771 2398 4802 ⁴²
2430 4768 2670 4842 γενέσθαι
2720 4765 2895 4820 αὐτῶν
2947 4785 3089 4833 τινα,
3122 4765 3338 4824 πάντως
3397 4762 3474 4824 είς
3530 4762 3626 4825 τὰς
3675 4760 3830 4815 ἐναν-

2168 4856 2285 4918 τίας
2317 4855 2516 4930 ἐχώρει
2550 4852 2804 4926 δυνάμεις
2839 4873 2850 4887 ·
2888 4854 3026 4908 ὥστε
3053 4853 3146 4914 τὰς
3179 4851 3375 4912 λοιπὰς
3421 4851 3484 4906 τὸ
3534 4845 3828 4920 ἀλώϐητον

2170 4945 2428 5008 ὡσαύτως
2484 4939 2654 5018 ἔχειν,
2687 4942 2774 4997 καὶ
2835 4941 3042 5016 ὁμοίως
3098 4942 3173 5014 μὴ
3235 4938 3438 5004 δεῖσθαι
3496 4938 3826 5015 καθάρσεως.

2173 5033 2269 5089 Καὶ
2303 5033 2385 5088 ὅτι
2416 5031 2577 5087 τοῦτό
2631 5031 2763 5099 ἐστι,
2796 5036 2978 5106 σαφῶς
3031 5024 3223 5099 ἔδειξεν
3256 5048 3266 5060 ·
3305 5028 3471 5083 εἷ’πὼν
3532 5029 3632 5104 γὰρ
3685 5027 3829 5102 πρὸς

2167 5125 2266 5192 τὴν
2328 5121 2592 5186 ἀντίθεσιν
2645 5123 2742 5189 τὴν
2799 5117 2938 5174 ἰδίαν
2968 5120 3197 5194 γνώμην
3231 5118 3315 5173 καὶ
3348 5117 3554 5189 ἀληθῆ,
3582 5118 3830 5193 ἐπήγαγε

2167 5213 2252 5279 τὸ,
2284 5211 2344 5266 Ei
2369 5211 2467 5286 γάρ
2498 5232 2604 5280 τις,
2637 5209 2752 5264 ἀντὶ
2787 5212 2904 5281 τοῦ,
2939 5208 2984 5262 εί
3016 5205 3074 5261 δὲ
3105 5207 3194 5262 καί
3239 5228 3323 5269 τις
3378 5207 3498 5278 δοίη
3555 5206 3679 5261 τινὰ
3716 5225 3828 5261 πα-

2174 5307 2533 5375 ρατραπῆναι,
2563 5301 2659 5354 τοῦ
2689 5301 2868 5374 χοροῦ
2896 5295 3106 5352 τούτων
3155 5295 3392 5368 ἐξέπεσεν
3425 5299 3494 5368 “,
3527 5297 3660 5371 ὅπερ
3716 5293 3826 5368 ἐγὼ

1418 5481 1665 5538 νΑΗΙιἘ
1695 5481 2073 5542 LECTIONES
2098 5487 2187 5542 ET
2215 5487 2748 5545 CORRECTIONES

472 5630 547 5705 ξοξ
578 5617 1063 5705 μεταϐάλλεινικαὶ
1118 5620 1528 5691 μεταλλάσσειν.
1607 5627 1650 5662 ⁴¹
1701 5626 1922 5684 Horum
1962 5631 2076 5688 ver]

2197 5646 2272 5686 im
2322 5630 2485 5687 nulla
2532 5633 2723 5688 exstat
2769 5629 3177 5703 interpretatio
3224 5633 3379 5705 apud
3427 5631 3820 5690 Lansselium.

409 5699 455 5734 ”
486 5693 700 5767 λὼϐην.
778 5696 822 5731 ⁴³
854 5693 1219 5750 ἐκπέπτωκεν.
