4158 6370
229 472 329 527 173
1002 476 1059 527 S.
1101 473 1374 528 MAXIM!
1413 472 1717 526 SCHOLIA
1755 471 1828 523 IN
1869 469 1999 521 LIB.
2044 469 2137 519 DE
2179 467 2449 522 ECCLES
2487 469 2886 523 HIERARCH.

3548 474 3651 529 174

233 592 293 648 οὐ
335 591 504 668 λέγω,
540 593 732 671 φησὶν,
766 594 910 650 ἀλλὰ
955 594 1293 663 τούναντίον,
1328 592 1411 648 ὅτι
1469 591 1735 666 πάναγνοι
1779 587 1895 644 δια-

2022 606 2275 647 iversum
2306 590 2510 660 fuisse,
2544 592 2593 647 is
2642 596 2797 648 certe
2820 609 2887 649 ex
2924 593 3134 649 horum
3182 593 3356 652 choro
3387 595 3602 653 decidit
3632 616 3649 668 ;

235 685 487 755 μένουσιν
542 683 735 756 εἰσαεὶ,
772 682 885 738 ἐπεὶ
934 683 1219 757 ἐκπέσοιμι
1275 687 1372 738 τοῦ
1414 684 1767 743 καθεστῶτος.
1802 680 1893 747 Μὴ

232 770 324 826 οὖν
382 793 465 833 τις
529 777 641 828 τῶν
706 774 1008 847 Ὠριγένους
1070 777 1285 846 μυστῶν
1364 771 1558 834 οἰέσθω
1608 770 1670 824 τὸ
1724 769 1893 843 παρὸν

237 860 400 935 ῥητὸν
432 867 755 937 συνηγορεῖν
782 866 850 935 τῇ
894 861 1210 935 κακοπίστῳ
1258 862 1423 916 αὐτοῦ
1478 858 1623 933 δόξῃ,
1656 856 1895 933 φάσκων,

234 948 321 1004 δτι
376 950 458 1004 ἀεὶ
518 956 733 1013 πτῶσις
788 952 874 1005 καὶ
938 950 1240 1019 ἀνάκλισις,
1274 951 1362 1005 καὶ
1400 948 1739 1022 μετάπτωσις
1792 948 1897 1001 τῶν

235 1038 509 1113 οὐρανίων
564 1039 769 1115 γίνεται
828 1044 991 1107 νοῶν,
1025 1038 1100 1101 ὥς
1159 1060 1318 1117 φησιν
1352 1039 1631 1115 Ὠριγένης
1692 1038 1786 1110 μὲν
1846 1034 1897 1088 ἐν

234 1132 320 1200 τῷ
351 1128 482 1201 Περὶ
514 1129 708 1203 ἀρχῶν
742 1128 945 1204 πρώτῳ
978 1127 1152 1204 λόγῳ,
1183 1128 1354 1190 οὕτως
1382 1146 1393 1160 ’
1432 1151 1459 1180 α
1489 1129 1548 1184 Ὁ
1577 1125 1755 1181 τοίνυν
1807 1122 1897 1178 λό-

236 1238 358 1291 γος,
414 1216 598 1289 οἶμαι,
661 1214 894 1271 δείκνυσι
952 1221 1078 1285 πᾶς,
1110 1223 1213 1271 πᾶν
1270 1218 1299 1271 δ
1352 1239 1405 1271 τι
1463 1218 1594 1272 ποτὶ
1652 1214 1894 1289 λογικὸν,

240 1306 349 1360 ἀπὸ
380 1306 581 1367 παντὸς
613 1307 933 1361 οὑτινοσοῦν
968 1304 1196 1379 λογικοῦ
1230 1303 1484 1368 δύνασθαι
1541 1305 1781 1377 γενέσθαι
1815 1322 1828 1334 ·
1866 1326 1893 1354 ››

241 1394 331 1449 καὶ
365 1394 499 1466 μετὰ
528 1394 739 1469 βραχέα
768 1394 948 1470 ἐπάγει
981 1393 1157 1470 λέγων
1195 1414 1207 1426 ·
1246 1417 1274 1446 ‹‹
1323 1394 1473 1451 Μετὰ
1517 1394 1579 1448 τὸ
1628 1392 1715 1447 ἐπὶ
1767 1397 1895 1446 πᾶσι

237 1480 426 1551 τέλος,
456 1482 624 1538 πάλιν
672 1482 999 1558 ἀπόῤῥευσις
1056 1481 1147 1537 καὶ
1203 1481 1547 1544 κατάπτωσις
1605 1480 1829 1556 γίνεται.
1863 1503 1892 1532 ››

239 1570 511 1645 Εὐάγριος
540 1568 598 1626 δὲ
628 1569 681 1625 ἐν
709 1576 791 1643 τῷ
821 1566 1219 1644 ἑϐδομηκοστῷ
1257 1568 1436 1645 ὀγδόῳ
1491 1577 1591 1640 τῆς
1648 1567 1895 1641 δευτέρας

242 1658 603 1723 ἐκατοντάδος
632 1660 911 1738 κεφαλαίῳ
941 1659 1082 1714 οὕτω
1114 1661 1280 1736 φησίν
1313 1679 1326 1693 ·
1362 1684 1390 1712 ‹‹
1422 1663 1682 1717 ’Έκαστον
1714 1659 1897 1733 τάγμα

242 1753 352 1803 τῶν
386 1748 660 1823 οὐρανίων
692 1747 995 1823 δυνάμεων,
1027 1748 1063 1818 ἢ
1095 1748 1223 1803 ὅλον
1256 1746 1316 1803 ἐκ
1343 1753 1452 1804 τῶν
1495 1748 1663 1817 κάτω,
1696 1746 1730 1815 ἢ
1765 1746 1896 1802 ὅλον

245 1838 305 1894 ἐκ
333 1844 445 1893 τῶν
477 1837 609 1908 ἅνω,
642 1839 678 1909 ἢ
711 1839 770 1895 ἐκ
795 1844 904 1895 τῶν
936 1836 1047 1894 ἅνω
1075 1839 1164 1894 καὶ
1197 1838 1256 1894 ἐκ
1284 1844 1391 1895 τῶν
1440 1840 1588 1893 κάτω
1643 1842 1895 1908 συνέστη-

243 1951 323 1988 κε.
361 1954 389 1979 ››
422 1929 524 1985 Καὶ
555 1929 609 1985 ἐν
641 1935 723 2002 τῷ
754 1932 817 1984 ιθ’
845 1936 945 1999 τῆς
989 1931 1025 1984 ε’
1056 1926 1409 1991 έκατοντάδος
1467 1926 1615 2003 λέγει
1675 1927 1847 1989 οὕτως
1882 1945 1894 1958 ·

245 2043 274 2069 ι(
308 2018 394 2088 Ἐξ
428 2017 727 2093 ἂγγελικῆς
774 2018 1146 2080 καταστάσεως
1192 2019 1282 2073 καὶ
1331 2016 1759 2093 ἀρχαγγελικῆς,
1790 2020 1896 2090 ψυ-

245 2108 381 2182 χίκὴ
413 2109 735 2170 κατάστασις
760 2106 960 2183 γίνεται
992 2127 1004 2140 ·
1040 2106 1101 2163 ἐκ
1152 2104 1210 2162 δὲ
1249 2113 1351 2177 τῆς
1396 2110 1664 2182 ψυχικῆς,
1698 2103 1896 2179 δαιμο-

245 2194 453 2266 νιώδης
485 2197 575 2251 καὶ
620 2197 930 2270 ἀνθρωπίνη
966 2218 979 2231 ·
1014 2196 1074 2252 έκ
1103 2194 1162 2251 δὲ
1188 2202 1289 2267 τῆς
1335 2195 1699 2271 ἀνθρωπίνης,
1728 2192 1898 2272 ἅγγε-

247 2283 335 2340 λοι
368 2284 533 2341 πάλιν
564 2286 656 2342 καὶ
689 2282 946 2361 δαίμονες
972 2285 1228 2363 γίνονται.
1263 2308 1293 2338 ››

316 2556 452 2615 Ταῖς
488 2552 823 2632 ὑφειμέναις.
856 2551 994 2608 Ποία
1047 2551 1186 2607 ἐστὶν
1238 2554 1273 2622 ἡ
1326 2556 1433 2606 τῶν
1486 2550 1750 2626 οὐρανίων
1804 2548 1901 2605 κά-

248 2643 436 2716 θαρσις
467 2644 557 2697 καὶ
608 2638 991 2716 διακόσμησις.
1026 2640 1272 2704 Ἀλλως.
1300 2643 1419 2695 ’Ότι
1476 2642 1735 2715 κάθαρσις
1792 2640 1897 2694 τῶν

246 2731 518 2804 οὐρανίων
555 2729 831 2804 δυνάμεών
876 2731 1017 2786 ἐστιν
1077 2734 1111 2799 ἡ
1171 2730 1259 2785 ἐπὶ
1316 2729 1645 2805 τελεωτέραν
1701 2733 1899 2803 γνῶσιν

244 2815 527 2894 ἔλλαμψις
562 2840 575 2853 ο
611 2821 701 2875 καὶ
734 2821 1036 2894 σημείωσαι
1067 2820 1150 2874 ὅτι
1180 2818 1581 2893 προκόπτουσιν
1640 2817 1727 2873 ἐπὶ
1760 2822 1901 2892 γνῶ-

244 2930 352 2977 σιν,
381 2910 473 2963 καὶ
501 2908 584 2964 δτι
618 2906 881 2982 δαίμονας
912 2909 973 2964 οὐ
1005 2908 1223 2985 λέγουσι
1263 2908 1631 2985 καθαίρεσθαι,
1664 2906 1752 2961 διὰ
1778 2905 1905 2979 τοὺς

246 2997 547 3075 φάσκοντας
598 2998 687 3053 καὶ
738 2998 933 3063 αὐτοὺς
981 2996 1031 3053 ἐν
1074 3002 1144 3071 τῇ
1193 2999 1320 3073 παρ’
1350 2998 1525 3053 αὐτῶν
1563 2997 1902 3071 μυθευομένῃ

250 3088 703 3158 ἀποκαταστάσει,
738 3090 1004 3158 σώζεσθαι
1038 3088 1173 3161 μετά
1199 3092 1308 3143 τῶν
1338 3089 1528 3163 ἁγίων.

319 3176 482 3234 Οὕτω
535 3177 627 3232 καὶ
685 3176 1073 3255 φωτιζόμεναι.
1134 3178 1453 3251 Σημείωσαι
1509 3180 1577 3233 τὰ
1627 3178 1752 3253 περὶ
1800 3182 1907 3234 τῶν

254 3265 523 3342 ἀγγέλων,
553 3270 671 3332 πῶς
702 3264 1048 3346 φωτίζονται,
1075 3266 1165 3321 καὶ
1194 3266 1551 3325 τελειοῦνται.

752 3386 869 3440 ΕΙΣ
909 3390 993 3440 ΤΟ
1031 3388 1289 3441 ΚΕΦΑΛ.
1332 3384 1403 3440 Z'.

325 3484 366 3537 Ι.
401 3486 429 3551 §
461 3486 505 3538 Ι.
538 3482 695 3537 Οὕτω
726 3482 815 3536 καὶ
843 3483 1003 3559 πρός.
1030 3484 1155 3540 ’Ότι
1181 3484 1284 3537 οὐκ
1313 3481 1365 3537 ἐν
1396 3488 1513 3543 τοῖς
1572 3481 1757 3544 αὐτυῖς
1813 3481 1903 3537 τό-

254 3591 375 3632 ποις
411 3570 713 3645 ἀπάγονται
746 3571 797 3625 oi
825 3571 1185 3635 τελευτῶντες
1214 3572 1408 3635 πάντες
1441 3590 1454 3603 ο
1490 3572 1576 3627 καὶ
1610 3572 1733 3645 περὶ
1773 3572 1904 3626 ἀνα-

259 3662 513 3721 στάσεως.

321 3747 556 3818 Ὀλικῆς
606 3750 966 3813 ἀναστάσεως.
1014 3756 1122 3821 Τῆς
1171 3750 1305 3824 μετὰ
1350 3754 1445 3805 τοῦ
1495 3750 1751 3824 σώματος
1804 3749 1905 3821 δη-

259 3835 461 3894 λονότι.

325 3928 395 3982 Αἱ
433 3927 529 3998 μὲν
560 3928 685 4002 γάρ.
721 3926 852 4000 Περὶ
885 3924 1105 3983 δικαίων
1136 3926 1308 4002 λέγει.

322 4016 394 4069 Τὰ
426 4012 485 4069 δὲ
513 4016 722 4088 καθαρὰ
748 4021 879 4072 τῶν.
913 4018 1045 4089 Περί
1078 4016 1413 4079 ἀναστάσεως
1446 4016 1736 4089 σωμάτων.

502 4107 616 4158 Τῶν
651 4101 980 4177 δοξαζόντων
1012 4104 1297 4160 ἀνάστασιν
1328 4106 1417 4160 καὶ
1457 4106 1654 4179 κρίσιν,

1077 4283 1128 4338 οἱ
1187 4280 1245 4339 δέ

1069 4370 1202 4447 δίγα

263 4283 428 4355 οἱμὲν
469 4284 605 4354 μετὰ
661 4286 768 4337 τῶν
828 4284 929 4338 αὐ-

259 4376 357 4426 τῶν
437 4372 709 4444 σωμάτων
778 4370 922 4447 ἐγεί-

262 4473 436 4533 ρεσθαι
528 4462 628 4531 τὴν
731 4464 918 4536 ψυχήν
1067 4463 1251 4535 σῶμα·
1386 4462 1584 4535 ξένων,
1632 4464 1720 4517 καὶ
1788 4462 1905 4539 βίον

259 4571 435 4625 φασιν,
470 4548 545 4611 ὡς
579 4550 916 4625 Χριστιανοί·
1062 4572 1159 4613 τος
1195 4569 1208 4584 ’
1385 4549 1554 4627 ἔχειν,
1609 4556 1723 4608 οἷον
1792 4556 1907 4610 νῦν.

785 4642 902 4693 Τῶν
943 4658 1069 4693 κεκο
1079 4660 1092 4693 ι
1103 4661 1177 4713 μη
1190 4640 1280 4713 μέν
1290 4662 1361 4694 ων
1372 4684 1386 4710 ,

257 4728 304 4781 οἱ
337 4727 431 4801 μέν
464 4727 599 4782 εἰσιν
628 4728 768 4802 ἱεροί
801 4747 813 4759 '

1391 4285 1441 4339 οἱ
1510 4283 1567 4339 δὲ
1633 4290 1746 4358 μετ’
1803 4283 1907 4339 ἅλ-

1383 4372 1495 4429 λων
1643 4396 1718 4429 σω
1728 4374 1909 4448 μάτων

322 4815 627 4874 Ἑνωθέντα
671 4818 795 4892 γάρ.
843 4818 967 4876 ’Ὁτι
1014 4818 1223 4874 ένοῦται
1268 4823 1388 4881 ταῖς
1435 4823 1641 4894 ψυχαῖς
1686 4821 1754 4875 τὰ
1800 4819 1907 4874 σώ-

262 4928 419 4977 ματα.

432 4992 770 5068 ίΣημείωσαι
815 4993 873 5049 δὲ
909 4997 999 5049 καὶ
1043 4997 1140 5065 τὴν
1174 4996 1368 5067 ὁλικὴν
1402 4995 1729 5069 ἀνάστασιν.]

324 5088 454 5153 §II.
487 5088 609 5138 Τῶν
665 5081 722 5139 δὲ
782 5085 1027 5159 ἀνιέρων.
1064 5087 1194 5157 Περὶ
1254 5085 1483 5149 θανάτου
1540 5083 1907 5158 ἁμαρτωλῶν,

257 5174 340 5228 καὶ
368 5174 420 5228 τί
452 5174 747 5246 νομίζουσι
784 5173 918 5246 μιτὰ
948 5173 1169 5237 θάνατον
1223 5174 1464 5249 γίνεσθαι
1523 5176 1574 5228 οἱ
1612 5173 1907 5247 Ἕλληνες,

262 5264 331 5316 ὧν
357 5264 456 5325 τὰς
484 5260 643 5332 δόξας
676 5261 967 5320 ἐκτίθεται.
997 5263 1212 5318 Τούτων
1244 5264 1345 5338 γὰρ
1379 5265 1435 5318 οἱ
1470 5265 1563 5337 μὲν
1623 5262 1908 5339 ἀλογιστό-

262 5372 425 5425 τιροι,
458 5348 586 5405 οὔτε
610 5351 865 5406 ἀθάνατον
892 5352 991 5421 τὴν
1024 5354 1209 5426 ψυχὴν
1249 5353 1633 5429 ὁμολογοῦσιν,
1668 5354 1741 5406 ὧν
1797 5352 1906 5407 ἐστι

264 5442 344 5493 καὶ
368 5442 522 5508 Βίας,
557 5439 667 5514 οὐχ
689 5441 717 5495 ὁ
750 5438 1039 5516 Πριηνεὺς,
1074 5440 1200 5496 ἀλλ’
1226 5438 1409 5516 ἕτερός
1440 5463 1522 5505 τις
1556 5462 1567 5474 ⁸
1598 5440 1745 5497 ἀλλὰ
1785 5453 1909 5507 θνη-

265 5529 379 5597 τήν,
409 5529 501 5583 καὶ
534 5528 757 5591 λύεσθαι
786 5528 977 5597 αὐτὴν,
1011 5530 1068 5583 ὃν
1119 5529 1321 5604 τρόπον
1366 5531 1455 5584 καὶ
1502 5532 1565 5585 τὸ
1606 5535 1786 5604 σῶμα,
1818 5528 1905 5584 καῖ

268 5615 339 5677 εἷς
365 5618 427 5671 τὸ
462 5619 539 5689 μὴ
573 5618 706 5671 εἴναι
740 5622 945 5692 χωρεῖν
980 5637 991 5649 ·
1027 5618 1079 5672 οἱ
1110 5617 1167 5672 δὲ
1198 5615 1352 5689 δῆθεν
1387 5618 1564 5673 αὐτῶν
1615 5617 1910 5693 λογικώτε-

274 5723 371 5776 ροι,
400 5706 489 5761 καὶ
543 5707 669 5781 περὶ
725 5703 1015 5770 ἀθανασίας
1059 5710 1245 5782 ψυγῆς
1293 5706 1787 5784 φιλοσοφήσαντες,
1836 5708 1909 5768 ὡς

272 5790 513 5865 Πλάτων,
543 5793 637 5850 καὶ
666 5794 717 5850 οἱ
748 5799 1009 5867 τοιοῦτοι,
1045 5795 1179 5869 μετὰ
1223 5796 1447 5860 θάνατον
1492 5796 1554 5850 τὸ
1607 5797 1700 5868 μὲν
1752 5798 1913 5867 σῶμα

1495 4730 1546 4784 οἱ
1587 4727 1643 4784 δὲ
1681 4730 1908 4802 ἀνίεροι.
1939 4716 1987 4781 D
2020 4732 2124 4787 alii
2152 4730 2367 4802 quidem
2394 4731 2524 4783 sunt
2552 4727 2756 4795 sancti,

2006 683 2157 750 quod
2192 681 2429 752 quidem
2454 698 2559 754 ego
2580 699 2693 737 non
2726 682 3097 753 dico,inquit,
3133 685 3231 739 sed
3264 686 3649 757 contrarium,

2006 787 2237 841 nempe,
2268 788 2367 827 eos
2398 773 2807 829 sanctissimos
2840 790 3075 845 semper
3102 790 3653 848 permanere,quan-

2005 861 2323 932 doquidem
2355 863 2687 918 aberrarem
2706 880 2738 918 a
2760 863 3175 935 supposito.Ne
3205 865 3339 935 quis
3369 881 3504 937 ergo
3530 866 3653 922 Ori-

2006 950 2173 1021 genis
2204 950 2633 1023 discipulorum
2663 956 2830 1024 putet
2860 952 2982 1008 haec
3011 952 3188 1009 verba
3229 954 3358 1025 ejus
3389 955 3484 1011 85
3516 972 3651 1027 per-

2007 1054 2181 1093 versa:
2215 1039 2349 1095 ﬁdei
2381 1042 2730 1097 sententiam
2783 1042 3114 1108 defendere,
3164 1043 3387 1112 dicens,
3423 1060 3655 1115 semper

2006 1142 2268 1199 causam,
2301 1132 2358 1184 et
2378 1130 3367 1203 declinationem,mutationemque
3396 1133 3520 1187 ﬁeri
3540 1149 3653 1188 cm-

2004 1214 2240 1272 lestium
2270 1219 2651 1289 mentium,ut
2672 1220 2813 1276 dicit
2832 1222 3109 1292 Origenes
3129 1222 3367 1292 quidem
3390 1222 3447 1277 in
3464 1222 3655 1294 primo

2007 1305 2155 1361 libro
2185 1309 2258 1363 De
2276 1309 2711 1381 principiis,hoc
2744 1311 2995 1366 modem
3021 1311 3226 1367 Omnis
3256 1316 3488 1383 ergo,ut
3502 1311 3653 1367 arbi-

2006 1398 2147 1466 tror,
2182 1398 2331 1452 ratio
2354 1398 2543 1466 docet,
2564 1416 2736 1455 omne
2757 1400 2911 1470 quod
2946 1399 3190 1455 rationis
3212 1405 3301 1456 est
3331 1401 3649 1473 particeps,

2005 1483 2076 1539 ab
2109 1486 2269 1540 omni
2296 1487 2453 1557 quod
2486 1488 2771 1543 rationem
2820 1487 3053 1557 habeat,
3104 1505 3277 1561 posse
3326 1490 3485 1545 oriri.
3522 1511 3550 1539 »
3584 1488 3652 1544 Et

2005 1573 2180 1643 paulo
2217 1576 2369 1630 infra
2390 1576 2629 1631 adducit
2655 1576 2779 1631 haec
2808 1578 2983 1632 verba
3016 1594 3028 1632 :
3067 1600 3094 1627 «
3128 1582 3267 1633 Post
3296 1578 3472 1634 ﬁnem
3520 1594 3651 1634 om-

2007 1662 2195 1731 nium,
2229 1680 2438 1721 rursus
2467 1665 2718 1721 efﬂuxus
2745 1669 2801 1721 et
2821 1682 2995 1722 casus
3025 1666 3275 1723 exsistit.
3309 1690 3338 1717 ››
3368 1667 3650 1739 Evagrius

2006 1756 2202 1807 autem
2234 1752 2291 1807 in
2316 1754 2753 1826 septuagesimo
2782 1759 2983 1810 octavo
3006 1756 3197 1826 capite
3219 1757 3488 1811 secundae
3513 1772 3651 1813 cen-

2005 1841 2192 1908 turiae,
2215 1840 2299 1897 sic
2330 1841 2471 1897 dicit
2497 1860 2509 1898 :
2548 1867 2569 1895 α
2598 1843 3022 1915 Unusquisque
3052 1844 3193 1899 ordo
3218 1844 3502 1900 virtutum
3533 1861 3651 1901 cce-

2005 1927 2265 2000 lestium,
2299 1936 2400 1986 aut
2427 1934 2587 1987 totus
2617 1947 2687 1986 ex
2707 1932 3103 1999 inferioribus,
3143 1937 3244 1988 aut
3274 1936 3431 1989 totus
3451 1950 3518 1988 ex
3547 1950 3651 1989 su-

2006 2018 2356 2091 perioribus,
2376 2019 2465 2076 vel
2498 2036 2567 2076 ex
2589 2021 2995 2092 superioribus
3025 2024 3083 2077 et
3112 2021 3487 2078 inferioribus
3508 2038 3648 2078 con-

2007 2111 2142 2164 stat.
2186 2130 2214 2157 »
2247 2112 2311 2164 In
2333 2109 2559 2167 decimo
2590 2127 2743 2167 nono
2765 2111 2942 2167 etiam
2960 2110 3180 2182 quintae
3211 2111 3486 2167 centuria:
3509 2110 3652 2167 dicit

2008 2196 2100 2252 his
2128 2198 2360 2254 verbis:
2386 2221 2414 2249 ‹‹
2461 2200 2542 2254 Ex
2571 2199 2833 2271 angelico
2876 2200 3081 2255 ordine
3126 2204 3184 2256 et
3220 2198 3650 2271 archangelico.

2008 2285 2282 2342 animalis
2303 2288 2445 2343 ordo
2476 2288 2704 2344 exsistit
2724 2306 2743 2344 :
2755 2305 2825 2345 ex
2840 2288 3081 2345 animali
3110 2292 3306 2345 autem
3330 2287 3653 2345 daemonia-

2007 2391 2112 2430 ous
2143 2380 2201 2431 et
2228 2375 2559 2446 humanus;
2593 2393 2661 2433 ex
2690 2377 2951 2435 humano
2977 2382 3197 2447 autem,
3229 2369 3420 2450 angeli
3444 2394 3652 2434 rursus

2009 2465 2419 2536 daemonesque
2450 2467 2623 2523 ﬁunt.

2080 2554 2462 2623 Inferioribus.
2494 2554 2769 2618 Quaenam
2804 2556 2881 2610 sit
2928 2555 3253 2611 cmlestium
3287 2556 3557 2627 purgatio
3600 2558 3661 2612 et

2011 2642 2341 2712 dispositio.
2361 2642 2545 2698 Aliter
2577 2659 2590 2697 :
2625 2645 2780 2716 quod
2812 2644 3084 2716 purgatio
3115 2644 3438 2700 ccelestium
3470 2646 3660 2700 virtu-

2012 2734 2137 2785 tum
2162 2730 2240 2786 sit
2267 2732 2336 2786 ad
2372 2733 2779 2803 perfectiorem
2800 2733 3196 2806 cognitionem
3227 2732 3544 2789 illustratio
3568 2749 3580 2786 :
3607 2738 3663 2788 et

2014 2824 2151 2875 nota
2182 2820 2337 2891 quod
2369 2821 2679 2891 proﬁciant
2709 2823 2767 2877 in
2801 2823 3222 2894 cognitione,et
3253 2823 3406 2894 quod
3440 2822 3658 2877 daemo-

2014 2926 2119 2965 nes
2152 2927 2267 2964 non
2301 2910 2456 2965 dicat
2486 2911 2744 2983 purgari,
2772 2917 3010 2983 propter
3038 2928 3138 2966 eos
3171 2911 3269 2983 qui
3304 2911 3479 2966 etiam
3502 2910 3664 2981 ipsos

2013 2998 2074 3053 in
2107 3015 2176 3055 ea
2206 3002 2633 3057 restauratione
2654 3018 2781 3072 quea
2814 3002 2887 3057 ab
2920 3000 3038 3058 illis
3070 3001 3338 3073 ﬁngitur,
3369 3016 3501 3056 cum
3524 3015 3662 3055 san-

2014 3087 2126 3144 ctis
2156 3089 2408 3145 salutem
2441 3090 2777 3162 adepturos,
2812 3090 3033 3145 dicunt.

2083 3178 2177 3231 Sic
2205 3185 2258 3233 el
2280 3180 2375 3248 qui
2403 3179 2787 3235 illustrantur.
2821 3183 2964 3235 Nota
3017 3195 3146 3250 quae
3205 3176 3446 3251 angelos
3493 3191 3658 3250 spec-

2016 3270 2163 3336 tant,
2195 3268 2488 3338 quomodo
2520 3267 2893 3324 illustrantur
2919 3272 2977 3323 et
3008 3267 3413 3339 perﬁciuntur.

2618 3384 2691 3439 IN
2731 3383 2886 3439 CAP.
2927 3382 3052 3440 VII.

2085 3479 2129 3532 Ι.
2162 3481 2189 3546 §
2222 3481 2266 3536 Ι.
2305 3480 2398 3535 .s'ic
2425 3479 2557 3534 dum
2586 3482 2679 3535 ad.
2711 3479 2873 3543 Quod
2909 3496 3026 3534 non
3057 3479 3117 3533 in
3158 3481 3428 3534 eumdem
3462 3478 3658 3534 locum

2015 3566 2387 3623 abducantur
2416 3568 2732 3624 morientes
2756 3584 2961 3624 omnes
2986 3583 2999 3622 :
3024 3571 3080 3623 et
3110 3568 3181 3623 de
3212 3569 3660 3624 resurrectione.

2092 3749 2159 3801 In
2188 3747 2500 3803 universali
2527 3748 2947 3804 resurrectione.
2968 3748 3115 3804 Cum
3147 3761 3389 3820 corpore
3420 3745 3661 3803 scilicet.

2122 3931 2263 3986 Nam
2294 3934 2383 3985 Iw
2413 3927 2652 3999 quidem.
2687 3932 2764 3983 De
2784 3926 2968 3997 justis
3000 3925 3162 3981 dicit.

2121 4021 2281 4076 Pura
2305 4033 2432 4074 vero
2462 4018 2583 4073 illa.
2620 4017 2698 4071 De
2728 4017 3150 4071 resurrectione
3180 4029 3515 4087 corporum.

2173 4110 2390 4165 Eorum
2420 4106 2521 4178 qui
2553 4104 2817 4161 sentiunt
2847 4121 2974 4160 esse
3005 4104 3497 4161 resurrectionem

2618 4197 2675 4247 et
2702 4192 3016 4263 judicium,

2017 4286 2127 4344 alii
2198 4284 2438 4357 quidem,
2515 4298 2641 4337 cum
2713 4282 2817 4336 alii
2890 4283 3071 4335 autem
3149 4280 3255 4335 alii
3329 4296 3473 4349 vero,
3530 4296 3660 4335 cum

2019 4375 2209 4431 iisdem
2282 4372 2603 4443 corporibus
2670 4370 2789 4426 sine
2846 4385 3030 4441 corpo-
3108 4368 3242 4423 aliis
3334 4368 3667 4440 corporibus

2018 4464 2254 4520 excitari
2279 4463 2528 4517 animam
2548 4460 2632 4515 di-
2683 4476 2741 4515 re
2767 4475 2788 4521 ,·
3144 4458 3323 4525 novis,
3387 4460 3439 4513 et
3492 4456 3668 4512 vitam

2018 4561 2170 4621 cunt,
2194 4559 2253 4608 ul
2284 4551 2595 4608 Christiani
2628 4566 2641 4617 ;
3145 4547 3370 4614 habere,
3403 4550 3461 4601 ut
3500 4562 3667 4601 nunc.

2449 4640 2660 4693 Eorum
2711 4635 2808 4707 qui
2856 4635 3245 4702 dormierunt,

3080 4726 3186 4780 alii
3213 4732 3402 4781 autem
3412 4724 3665 4795 profani.

2091 4821 2192 4876 86
2229 4821 2392 4876 Unila
2413 4818 2579 4873 enim.
2614 4816 2777 4881 Quod
2810 4815 3258 4886 conjunguntur
3287 4830 3422 4869 cum
3454 4811 3669 4868 animis

2021 4927 2285 4983 corpora.

2091 4999 2262 5070 [Nota
2290 5011 2425 5051 vero
2454 4998 2510 5049 et
2540 4992 2775 5049 totalem
2819 4990 3357 5059 resurrectionem.]

2091 5087 2210 5155 §II.
2244 5086 2614 5155 Pro/auorum
2659 5086 2865 5138 autem.
2916 5085 2995 5136 De
3047 5084 3233 5135 morte
3265 5079 3669 5150 peccatorum,

2022 5182 2078 5233 et
2109 5176 2249 5248 quid
2281 5174 2499 5230 ethnici
2530 5172 2869 5229 existiment
2898 5173 3031 5242 post
3058 5173 3304 5224 mortem
3336 5167 3482 5233 ﬁeri,
3518 5183 3669 5238 quo-

2024 5284 2153 5323 rum
2185 5265 2491 5337 opiniones
2521 5262 2774 5334 exponit.
2809 5262 3023 5316 Eorum
3056 5258 3213 5314 enim
3264 5257 3364 5329 qui
3414 5257 3605 5329 magis
3637 5273 3671 5313 a

2023 5357 2245 5411 ratione
2277 5354 2463 5409 aversi
2515 5356 2670 5419 sunt,
2718 5365 2905 5419 neque
2964 5346 3357 5403 immortalem
3409 5346 3672 5402 animam

2022 5445 2391 5501 conﬁtentur.
2428 5444 2489 5496 In
2522 5441 2595 5495 iis
2641 5438 2818 5495 etiam
2876 5436 3028 5503 Bias,
3083 5452 3199 5491 non
3229 5435 3325 5491 ille
3366 5436 3681 5501 Prieneus,

2023 5535 2123 5589 sed
2166 5533 2405 5604 quidam
2439 5530 2627 5596 alius;
2671 5528 2771 5581 sed
2821 5524 3144 5594 mortalem,
3206 5540 3452 5596 eamque
3517 5523 3685 5593 solvi,

2022 5620 2523 5693 quemadmodum
2551 5616 2729 5671 etiam
2760 5630 2994 5686 corpus,
3026 5618 3083 5668 et
3111 5613 3169 5667 in
3202 5612 3455 5667 nihilum
3500 5610 3685 5667 abire.

2020 5710 2131 5765 Alii
2165 5714 2382 5774 autem,
2416 5705 2517 5778 qui
2548 5704 2771 5762 scilicet
2801 5703 2893 5759 his
2925 5702 3149 5759 ratione
3181 5705 3490 5771 praestant,
3525 5703 3583 5755 et
3612 5700 3683 5754 de

2025 5798 2205 5854 animi
2238 5794 2678 5853 immortalitate
2709 5794 3210 5859 disseruerunt,ut
3242 5790 3498 5855 Plato,et
3514 5786 3682 5857 tales,
