4080 6366
452 389 553 442 175

1269 389 1633 440 APPENDIX
1671 391 1768 440 AD
1807 389 2046 439 OPERA
2085 388 2140 438 S.
2185 386 2497 440 DIONYSII
2536 387 3038 441 AREOPAGITE.

3741 397 3832 452 176

448 517 581 586 post
608 514 1096 583 mortem,corpus
1117 511 1353 582 quidem
1377 527 1492 566 non
1516 510 1772 582 amplius
1795 511 2078 565 constatu-

2209 506 2305 560 ούκ
2335 503 2413 561 ἔτι
2446 508 2798 578 συστήσεσθαί
2828 531 2985 581 φασιν
3019 529 3029 540 ·
3064 508 3189 564 ἀλλ’
3221 511 3293 572 εἰς
3325 510 3525 577 αἰῶνας
3563 515 3664 591 οὐχ
3714 519 3831 574 ὑπο-

449 618 580 657 rum
604 601 843 668 dicunt;
878 601 977 656 sed
1011 601 1066 654 in
1092 605 1442 672 perpetuum
1477 616 1590 655 non
1615 600 1801 655 redire
1835 597 2091 670 amplius

447 692 518 746 ad
551 707 678 746 eam
703 706 877 762 quam
905 689 1156 746 habebat
1178 689 1642 745 consistentiam.
1677 689 1794 743 Hoc
1825 689 1979 742 enim
2005 690 2094 742 est

449 779 603 851 quod
637 778 777 833 dicit
793 776 1033 846 εἰσάπαξ,
1069 795 1171 848 pro
1203 795 1318 834 non
1351 777 1608 849 amplius
1655 781 2089 844 constaturam,

447 867 928 939 quandoquidem
978 867 1286 938 indignum
1344 883 1471 922 esse
1528 865 1738 936 inquit,
1790 863 2091 920 materiale

449 957 710 1026 ejusdem
739 973 868 1012 esse
897 972 1030 1011 cum
1064 957 1262 1012 anima
1289 962 1506 1011 aeterna
1528 973 1540 1022 ;
1566 955 1822 1010 animam
1842 972 1974 1009 vero
1997 971 2090 1008 so-

448 1045 571 1100 lum
603 1061 732 1101 esse
755 1045 1169 1101 immortalem.
1204 1046 1332 1100 Ilaec
1370 1045 1546 1101 etiam
1578 1043 1834 1099 haeretici
1867 1044 2092 1098 diverse

448 1135 674 1200 dicunt,
707 1139 771 1189 ut
800 1134 900 1206 qui
933 1152 966 1190 a
995 1134 1256 1190 Simonis
1315 1133 1486 1204 Magi,
1543 1136 1599 1188 et
1652 1132 1984 1199 Menandri,
2037 1135 2094 1186 et

444 1223 762 1292 Valentini,
793 1230 849 1280 et
871 1224 1268 1293 Marcionis,et
1289 1223 1782 1294 Manentis,atque
1811 1221 1985 1294 etiam
2021 1221 2091 1276 ab

445 1312 709 1383 Origenis
733 1313 1024 1384 prodeunt
1057 1311 1414 1379 fabulis,non
1439 1311 1594 1365 enim
1625 1309 1955 1366 sententiis.
1988 1308 2092 1362 Vi-

442 1403 572 1457 dete
603 1400 820 1472 quibus
841 1401 1218 1456 adnumerari
1247 1399 1776 1472 velint,qualesque
1804 1398 2092 1453 absurdas

441 1491 766 1548 sententias
801 1489 1303 1562 irreprehensibili
1335 1489 1798 1545 Christianorum
1828 1487 1963 1542 ﬁdei
2009 1488 2091 1542 af-

440 1581 688 1652 ﬁngant,
721 1579 760 1634 ii
793 1579 892 1650 qui
927 1577 1100 1634 invisi
1137 1583 1276 1634 sunt
1333 1579 1450 1634 Deo
1507 1581 1564 1634 et
1619 1577 1961 1633 hominibus
1991 1576 2091 1649 qui

2201 598 2442 674 στρέφειν
2473 597 2573 668 ἔτι,
2606 601 2739 674 πρὸς
2771 601 2831 667 ἣν
2863 593 2993 674 ἔσχε
3034 598 3307 654 σύστασιν.
3340 607 3509 657 Τοῦτο
3558 604 3656 681 γάρ
3707 608 3831 664 ἐστιν

2201 684 2229 739 ὅ
2286 707 2446 762 φησιν
2506 688 2746 757 εἰσάπαξ,
2808 688 2920 742 ἀντὶ
2975 693 3072 742 τοῦ
3155 691 3349 761 μηκέτι
3423 695 3830 774 συστησάμενον,

2200 772 2386 842 ἐπειδὴ
2442 777 2655 848 ἀνάξιον
2717 776 2850 831 εἶναί
2903 797 3029 852 φασι
3087 779 3149 831 τὸ
3208 778 3395 834 ὑλικὸν
3427 772 3829 854 συνδιαιωνίζειν

2199 866 2374 938 ψυχῇ,
2401 865 2498 932 τὴν
2534 863 2590 920 δὲ
2612 867 2797 940 ψυχὴν
2835 865 2998 938 μόνον
3031 866 3305 930 ἀθανάτως
3349 869 3633 944 ὑπάρχειν.
3666 877 3834 931 Ταῦτα

2199 953 2287 1006 καὶ
2320 954 2580 1028 αἰρετικοὶ
2613 953 2834 1030 λέγουσι
2885 953 3180 1030 διαφόρως,
3215 957 3287 1018 ὡς
3349 959 3400 1012 οἱ
3441 959 3544 1013 ἀπὸ
3593 963 3832 1035 Σίμωνος

2197 1045 2294 1094 τοῦ
2331 1044 2524 1116 μάγου,
2557 1045 2643 1098 καὶ
2677 1041 3008 1118 Μενάνδρου,
3042 1046 3128 1098 xui
3165 1043 3549 1114 Οὐαλεντίνου,
3579 1053 3666 1104 xui
3693 1054 3834 1127 Μαρ-

2199 1129 2420 1197 κίωνος,
2451 1132 2541 1184 καὶ
2570 1131 2842 1195 Μάνεντος
2880 1154 2891 1166 ”
2926 1133 3013 1187 xui
3064 1137 3154 1187 νῦν
3201 1132 3257 1188 δὲ
3307 1137 3358 1189 οἱ
3409 1137 3514 1192 ἀπὸ
3562 1143 3666 1192 τῶν
3698 1142 3836 1216 Ὠρι-

2201 1220 2388 1292 γένους
2436 1223 2840 1296 προερχόμενοι
2894 1221 3102 1294 μύθων,
3155 1221 3215 1276 οὐ
3261 1224 3364 1300 γὰρ
3410 1222 3714 1301 δογμάτων.
3746 1231 3838 1286 Καὶ

2201 1309 2360 1382 ὁρᾶτε
2387 1311 2496 1364 τίσι
2531 1309 2751 1374 θέλουσι
2785 1313 3249 1386 συναριθμεῖσθαι,
3284 1312 3372 1367 xui
3413 1315 3572 1378 ποίας
3620 1317 3839 1382 ἀτόπους

2201 1395 2356 1469 δόξας
2405 1402 2473 1470 τῇ
2521 1398 2815 1472 ἀμωμήτῳ
2862 1405 2971 1455 τῶν
3019 1400 3356 1473 Χριστιανῶν
3405 1404 3586 1459 πίστει
3615 1410 3843 1481 προσάπ-

2198 1507 2380 1540 τουσιν
2434 1490 2485 1541 οἱ
2536 1490 2798 1562 στυγητοὶ
2847 1489 2992 1565 παρά
3023 1493 3140 1560 Θεῷ
3169 1491 3256 1544 καὶ
3292 1491 3602 1568 ἀνθρώποις
3632 1494 3686 1550 εὗ
3717 1517 3841 1570 φρο-

2197 1580 2378 1630 νοῦσιν
2414 1577 2780 1654 ὑπάρχοντες.

440 1673 594 1722 recte
630 1666 913 1724 sentiunt.

510 1757 622 1811 Alii
648 1772 776 1812 vero
800 1772 1142 1827 corporeum.
1177 1756 1295 1811 Hoc
1342 1759 1431 1811 est
1480 1755 1813 1810 animorum
1857 1758 2088 1810 tantum

437 1845 565 1901 ﬁeri
589 1845 1099 1914 resurrectionem,
1136 1845 1265 1900 sine
1295 1845 1659 1916 corporibus.

512 1954 782 2020 Quoniam
802 1956 1033 2024 emptum
1061 1963 1160 2008 est.
1196 1952 1359 2018 Quod
1395 1951 1476 2008 ait
1504 1951 1821 2024 Apostolus
1854 1950 2089 2006 arrham

437 2046 494 2097 et
525 2042 1086 2097 demonstrationem
1118 2042 1409 2114 generalis
1456 2057 1588 2096 cum
1630 2057 1872 2112 corpore
1901 2057 2092 2096 resur-

434 2129 709 2189 rectionis
724 2129 1039 2186 Dominum
1062 2134 1326 2185 nostrum
1349 2129 1550 2186 Jesum
1569 2130 1862 2186 Christum
1884 2129 2087 2199 fuisse,

434 2225 492 2276 et
521 2221 676 2291 quod
704 2219 764 2274 in
796 2220 924 2291 ipso
956 2236 1113 2275 nunc
1143 2219 1486 2276 abscondita
1514 2219 1632 2275 vita
1663 2218 1948 2287 nostra,in
1973 2217 2087 2273 Deo

433 2307 778 2381 apparitura
817 2309 876 2363 in
910 2308 1372 2381 regeneratione.

500 2417 804 2471 Animabus
831 2416 1386 2488 conjugiaﬂaaretnci
1411 2415 1653 2487 quidam
1677 2419 1803 2470 tum
1830 2414 2082 2481 fuerunt,

431 2509 498 2560 ut
526 2505 729 2561 Simon
763 2505 969 2575 Magus
1001 2509 1058 2561 et
1103 2507 1236 2577 ejus
1265 2510 1606 2576 sectatores,
1635 2507 1736 2575 qui
1767 2503 2084 2558 aethereum

430 2593 705 2650 dicebant
732 2611 946 2666 corpus
978 2599 1134 2650 certo
1166 2595 1381 2651 animis
1439 2594 1728 2650 futurum.
1769 2593 2082 2648 Sciendum

431 2688 520 2738 est
543 2683 1078 2754 autem,0rigenem
1102 2700 1330 2754 quoque
1349 2683 1501 2738 idem
1527 2681 1717 2737 dicere
1743 2681 1802 2735 in
1825 2680 2080 2751 quodam

431 2771 581 2827 libro
616 2788 721 2828 suo
751 2789 766 2840 ;
800 2775 954 2842 quod
995 2777 1196 2827 tamen
1230 2773 1288 2826 in
1322 2771 1454 2827 aliis
1475 2787 1719 2841 prorsus
1749 2773 1944 2841 negat,
1977 2769 2078 2824 do-

431 2876 570 2916 cens
603 2877 837 2916 omnem
867 2877 1205 2931 corpoream
1228 2864 1496 2914 naturam
1530 2860 1590 2914 in
1622 2857 1874 2914 nihilum
1897 2858 2076 2914 abire.

432 2950 582 3021 Lege
617 2949 897 3004 Methodii
929 2948 1116 3004 sancti
1141 2948 1416 3020 martyris
1432 2952 1488 3003 et
1509 2946 1762 3020 Olympii
1783 2947 2075 3002 Adriano-

2268 1756 2334 1812 0i
2385 1753 2442 1810 δὲ
2484 1757 2581 1824 τὴν
2635 1761 2975 1829 σωματικήν.
3006 1762 3255 1816 Τουτέστι
3305 1765 3497 1838 ψυχῶν
3552 1763 3729 1836 μόνων
3767 1765 3842 1838 γί-

2197 1853 2376 1907 νεσθαι
2409 1843 2718 1912 ἀνάστασιν,
2754 1846 3022 1920 σωμάτων
3057 1849 3254 1924 χωρίς.

2270 1953 2544 2021 Ἀρθεῖσαν
2600 1949 2730 2022 ἤδη·
2773 1955 2839 2010 ’Ὁ
2902 1953 3047 2028 λέγει
3107 1957 3134 2009 ὁ
3193 1955 3522 2020 Ἀπόστολος
3565 1954 3844 2034 ἆρᾆϐῶνα

2196 2039 2286 2093 xui
2321 2039 2591 2112 ἀπόδειξιν
2638 2049 2736 2110 τῆς
2792 2043 2926 2113 μετά
2962 2046 3217 2116 σώματος
3268 2046 3848 2116 καθολικῆςμὰιαστά-

2197 2148 2333 2191 σεως
2359 2129 2449 2182 τὸν
2495 2130 2687 2203 Κύριον
2734 2133 2894 2203 ⁵ἡμῶν
2929 2133 3138 2200 Ἰησοῦν
3192 2135 3423 2210 Χριστὸν
3475 2140 3843 2210 γεγενῆσθαι·

2195 2217 2285 2270 καὶ
2319 2217 2401 2271 ὅτι
2432 2217 2481 2270 ἐν
2517 2217 2663 2290 αὐτῷ
2693 2223 2779 2272 νῦν
2808 2221 3103 2292 κέκρυπται
3133 2224 3166 2292 ἡ
3203 2224 3316 2291 ζωὴ
3343 2225 3530 2296 ἡμῶν,
3560 2223 3613 2278 ἐν
3639 2230 3720 2297 τῷ
3741 2230 3850 2298 Θεῷ

2199 2308 2690 2380 φανερωθησομένη
2728 2307 2776 2362 ἐν
2806 2313 2872 2382 τῇ
2905 2309 3308 2386 παλιγγενεσία.

2267 2418 2486 2486 Ψυχαῖς
2536 2413 2806 2487 συζυγίας.
2840 2417 3116 2489 Αἱρετικοί
3173 2437 3313 2479 τινες
3359 2403 3493 2473 τότε
3551 2420 3849 2494 γεγόνασιν,

2194 2502 2267 2562 ὡς
2301 2502 2352 2554 οἱ
2379 2501 2500 2576 περῖ
2545 2502 2768 2575 Σίμωνα
2809 2505 2899 2558 τὸν
2965 2507 3132 2578 μάγον
3190 2506 3279 2560 καὶ
3336 2507 3462 2569 τοὺς
3525 2508 3623 2562 σὺν
3683 2511 3847 2581 αὐτῷ,

2193 2589 2245 2643 οἳ
2273 2611 2414 2650 τινες
2448 2590 2684 2666 αἰθέριον
2705 2585 2959 2668 ἔφασκον,
2991 2592 3101 2666 εἴγε
3130 2594 3220 2648 καὶ
3275 2593 3378 2671 ἄρα
3424 2591 3644 2661 ἔσεσθαι
3696 2602 3852 2670 σῶμα

2189 2684 2308 2741 ταῖς
2362 2682 2587 2753 ψυχαῖς.
2623 2681 2814 2735 Ἰστέον
2867 2679 2924 2735 δὲ
2981 2681 3063 2736 ὅτι
3121 2682 3210 2736 καὶ
3258 2684 3542 2760 Ὠριγένης
3602 2687 3666 2740 τὸ
3725 2685 3849 2741 αὐτό

2191 2788 2351 2842 φησιν
2386 2764 2437 2822 ἕν
2468 2789 2575 2822 τινι
2620 2774 2726 2823 τῶν
2787 2769 2950 2824 αὐτοῦ
3007 2771 3444 2847 συγγραμμάτων
3482 2793 3497 2806 ⁶
3537 2775 3590 2829 ἐν
3656 2773 3850 2838 ἄλλοις

2191 2852 2362 2910 δὲκαὶ
2404 2856 2532 2911 αὐτὸ
2581 2855 2864 2920 παντελῶς
2911 2858 3249 2934 ἀπαρνεῖται,
3294 2867 3468 2916 πᾶσαν
3528 2865 3850 2935 σωματικὴν

2188 2943 2343 3021 φύσιν
2376 2945 2452 3007 εἰς
2499 2946 2822 3021 άνυπαρξίαν
2884 2952 3084 3022 χωρεῖν
3137 2946 3513 3025 δογματίζων.
3551 2953 3854 3026 Ἀνάγνωθι

429 3037 680 3109 politani
734 3038 995 3110 episcOpi
1043 3037 1220 3109 Lyciae
1252 3037 1454 3105 libros,
1504 3053 1653 3108 quos
1683 3037 1742 3091 in
1775 3053 1909 3092 eum
1934 3035 2076 3092 scri-

2202 3032 2456 3098 MsOoaiou
2495 3040 2590 3089 τοῦ
2642 3035 2794 3108 ἁγίου
2847 3037 3120 3111 μάρτυρος
3163 3037 3253 3092 καὶ
3283 3037 3609 3112 Ὀλυμπίου
3639 3039 3855 3116 Ἀδρια-

428 3131 674 3198 pserunt
703 3128 773 3182 de
794 3127 1219 3182 resurrectione
1251 3145 1264 3194 ;
1299 3130 1355 3182 et
1381 3126 1664 3197 Antipatri
1715 3125 1903 3181 Bostri
1954 3125 2075 3196 epi-

2202 3121 2500 3184 ιουπόλεως
2548 3122 2845 3178 ἐπισκόπου
2890 3131 2990 3194 τῆς
3045 3126 3245 3189 Λυκίας
3292 3126 3358 3180 τὰ
3403 3129 3528 3182 κατ’
3559 3127 3729 3184 αὐτοῦ
3765 3130 3853 3184 ὑπ’

428 3215 627 3288 scopi:
661 3220 719 3272 et
748 3216 940 3274 disces
967 3217 1299 3272 fabulosam
1344 3215 1534 3287 ipsius
1581 3218 1639 3272 et
1677 3217 2070 3272 monstrosam

2202 3213 2362 3266 ιύτῶν
2417 3212 2539 3288 περὶ
2594 3212 2929 3274 ἀναστάσεως
2980 3214 3270 3290 γραφέντα,
3327 3215 3416 3269 xui
3476 3218 3855 3293 Ἀντιπάτρου

2202 3305 2271 3326 ...ῗτ
2312 3300 2557 3326 D.'.._--,..
2595 3300 2912 3326 2_._.__'.__U-
2946 3301 3032 3326 --μδ
3073 3303 3278 3326 -.-ΑΔμΙ-Ακ
3333 3303 3390 3326 _,‘,
3567 3308 3594 3326 Λ
3625 3303 3683 3326 Ιδ
3802 3305 3814 3326 3

426 3307 829 3379 nugationem,
1045 3370 1048 3371 ν
2103 3300 2145 3326 υ
2181 3305 2275 3354 τοῦ
2308 3300 2558 3375 Βόστρων
2593 3300 2912 3356 ἐπισκόπου·
2945 3301 3034 3356 καὶ
3071 3303 3286 3376 μαθήσῃ
3330 3303 3428 3371 τήν
3485 3303 3722 3378 μυθώδη
3758 3305 3857 3361 αὐ-

2180 3393 2275 3443 τοῦ
2306 3390 2396 3444 καὶ
2428 3387 2733 3445 ἀλλόκοτον
2768 3388 3076 3464 ληρωδίαν.

2253 3477 2352 3534 Καὶ
2435 3478 2889 3551 μακαριωτάτην.
2950 3478 3125 3534 Ταῦτά
3203 3502 3366 3557 φησιν
3435 3481 3851 3556 αἰνιττόμενος,

2182 3567 2354 3638 οἶμαι,
2387 3569 2595 3621 Ιιαπίαν
2635 3568 2727 3621 τὸν
2774 3567 3129 3643 Ἱεραπόλεως
3173 3572 3270 3636 τῆς
3312 3575 3429 3623 κατ’
3481 3571 3674 3628 Ἀσίαν
3732 3574 3856 3628 τότε

2179 3657 2467 3731 γενόμενον
2545 3655 2862 3726 ἐπίσκοπον,
2914 3659 3004 3711 καὶ
3075 3661 3491 3731 συνακμάσαντα
3565 3665 3651 3732 τῷ
3723 3661 3854 3733 θείῳ

2182 3742 2538 3819 εὐαγγελιστῇ
2599 3744 2838 3818 Ἰωάννῃ.
2898 3746 3070 3808 Οὗτος
3129 3747 3228 3822 γὰρ
3289 3748 3317 3801 ὁ
3378 3749 3606 3813 Παπίας
3670 3749 3725 3804 ἐν
3785 3753 3863 3821 τῷ

2179 3832 2417 3906 τετάρτῳ
2448 3832 2611 3888 αὐτοῦ
2647 3829 2848 3908 βιϐλίῳ
2887 3838 2993 3889 τῶν
3052 3840 3334 3907 Κυριακῶν
3385 3835 3719 3911 ἐξηγήσεων
3769 3839 3866 3900 τὰς

2183 3917 2271 3973 διὸ.
2305 3922 2610 3995 βρωμάτων
2645 3925 2788 3976 εἶπεν
2825 3923 2877 3976 ἐν
2909 3927 2978 3996 τῇ
3011 3925 3293 3978 ἀναστάσει
3347 3924 3704 3991 ἀπολαύσεις
3733 3947 3747 3960 ⁸
3787 3926 3864 3988 εἰς

2182 4007 2311 4082 ὅπερ
2374 4006 2550 4085 δόγμα
2611 4011 2744 4082 μετὰ
2798 4015 2964 4064 ταῦτα
3021 4011 3326 4066 ἐπίστευσεν
3383 4013 3866 4090 Ἀπολλινάριος,

2183 4097 2382 4170 [καθὼς
2471 4098 2779 4176 ἐμφαίνεται
2866 4099 2918 4153 ἐν
3002 4105 3082 4172 τῷ
3167 4100 3560 4174 συγγράμματι
3647 4104 3868 4176 αὐτοῦ,]

2181 4187 2208 4239 ὃ
2239 4185 2466 4241 καλοῦσί
2495 4209 2635 4250 τινες
2669 4187 3170 4264 χιλιονταετηρίδα.
3205 4195 3329 4250 Πῶς
3384 4189 3478 4245 οὖν
3518 4191 3869 4249 Ἀπολλινα-

2182 4274 2301 4348 ρίου
2332 4276 2397 4330 τὰ
2427 4281 2520 4330 τοῦ
2556 4277 2706 4352 ἁγίου
2740 4277 3024 4332 Διονυσίου
3060 4280 3489 4354 συγγράμματα,
3528 4283 3680 4336 κατὰ
3737 4281 3870 4344 τοὺς

2177 4384 2338 4417 τινων
2403 4363 2629 4438 λήρους,
2696 4365 2761 4418 τὰ
2820 4366 3140 4439 ἀναιροῦντα
3199 4364 3699 4442 Ἀπολλινάριονς
3766 4367 3868 4422 Καὶ

496 3486 1149 3557 Beatissimamqueﬂaac
1181 3486 1262 3540 ait
1294 3486 1542 3541 obscure
1572 3485 1666 3540 87
1705 3485 2072 3556 signiﬁcans,

427 3575 658 3646 opinor,
686 3574 921 3646 Papiam
973 3575 1074 3645 qui
1132 3574 1459 3645 Hierapolis
1482 3574 1635 3629 Asiae
1667 3578 1788 3628 tum
1820 3573 1932 3628 fuit
1958 3572 2074 3644 epi-

429 3681 644 3736 scopus
675 3669 730 3719 et
777 3663 958 3719 divini
1006 3664 1251 3719 Joannis
1295 3663 1663 3734 evangelista
1712 3664 2074 3735 temporibus

433 3753 645 3807 ﬂoruit.
680 3753 785 3806 Hic
817 3752 972 3807 enim
1007 3751 1213 3823 Papias
1236 3751 1384 3806 libro
1417 3769 1471 3807 ιν
1501 3753 1911 3807 Dominiearum
1943 3768 2074 3806 sua-

430 3859 561 3896 rum
591 3840 1069 3912 explanationum
1104 3840 1359 3912 scripsit,
1394 3841 1511 3894 fore
1557 3840 1616 3894 in
1649 3840 2073 3895 resurrectione

429 3930 755 4001 voluptates
811 3946 938 4000 qua:
997 3929 1405 4001 percipiuntur
1462 3945 1530 3984 ex
1570 3928 1752 3996 cibis;
1814 3929 1872 3983 in
1915 3929 2070 4000 quod

426 4020 663 4090 quidem
724 4019 1019 4074 decretum
1052 4024 1255 4090 postea
1311 4018 1557 4074 credidit
1624 4018 2069 4088 Apollinarius;

423 4108 947 4179 [quemadmodum
1032 4114 1275 4180 apparet
1349 4125 1415 4163 ex
1497 4107 1715 4179 scripto
1783 4106 2066 4178 ipsius,]

421 4197 576 4268 quod
609 4195 907 4268 appellant
938 4196 1204 4250 nonnulli
1225 4195 1605 4251 millesimum
1638 4211 1881 4249 annum.
1916 4195 2070 4258 Quo-

422 4287 592 4342 modo
624 4285 804 4357 igitur
833 4284 1182 4357 Apollinarii
1216 4289 1387 4340 erunt
1436 4284 1568 4339 libri
1600 4283 1756 4339 santi
1787 4283 2068 4355 Dionysii,

414 4377 585 4446 juxta
615 4375 946 4444 aliquorum
962 4373 1280 4444 nugas,qui
1298 4373 1727 4443 Apollinarium
1751 4372 2026 4428 refellunt
2045 4373 2072 4428 ‘?

419 4468 608 4535 Atque
666 4465 842 4519 etiam
902 4466 1154 4518 Irenaaus
1203 4462 1614 4534 Lugdunensis
1645 4462 1979 4533 episcopus,
2009 4462 2069 4516 in

2202 4451 2473 4526 Εἰρηναῖος
2527 4450 2584 4506 δὲ
2642 4454 2668 4506 ὁ
2729 4451 3073 4529 Λουγδούνου
3132 4453 3182 4509 ἐν
3236 4459 3315 4526 τῷ
3374 4456 3529 4511 Κατᾶ
3591 4457 3905 4533 αἱρέσεων,

423 4554 631 4626 quinto
667 4552 815 4608 libro
845 4552 1111 4608 Aduersus
1156 4553 1404 4622 haereses,
1447 4550 1602 4606 idem
1635 4551 1814 4618 dicit;
1850 4552 2071 4622 produ-

2202 4539 2411 4613 πέμπτῳ
2469 4539 2644 4616 λόγῳ,
2674 4544 2735 4597 τὸ
2794 4540 2923 4598 αύτό
2971 4565 3122 4620 φησι,
3157 4543 3246 4598 καί
3296 4543 3533 4619 παράγει
3606 4548 3870 4623 μάρτυρα

421 4644 622 4714 citque
655 4645 862 4696 testem
898 4657 1106 4697 eorum
1139 4657 1266 4712 quas
1299 4659 1332 4696 a
1362 4657 1425 4695 se
1457 4640 1614 4696 dicta
1643 4639 2074 4711 sunt,Papiam,

2202 4634 2285 4682 τῶν
2323 4630 2408 4683 ὑπ’
2438 4629 2600 4684 αὐτοῦ
2629 4630 2932 4704 εἰρημένων
2959 4632 3050 4686 τὸν
3084 4629 3348 4707 λεχθέντα
3379 4634 3636 4692 Ιιαπίαν.

421 4749 592 4804 quem
628 4731 908 4786 diximus.

494 4822 594 4879 Ubi
621 4821 694 4877 ad
737 4822 925 4890 ﬁnem.
977 4818 1290 4875 Horribilis
1338 4822 1446 4886 cst,
1500 4823 1675 4890 atque
1713 4818 2069 4873 metuendus

418 4917 790 4982 peccatorum
821 4907 976 4965 ﬁnis.

489 5002 631 5055 Aliis
654 5000 849 5054 oculis.
900 4997 1056 5052 Alios
1107 4996 1306 5052 oculos
1339 4995 1614 5066 appellat,
1650 4996 1886 5065 mentis,
1939 5012 2066 5066 quae

420 5087 697 5158 deinceps
729 5087 930 5158 purior
958 5090 1128 5154 est,et
1160 5085 1377 5139 inferos
1398 5084 1908 5155 contemplatur,et
1936 5101 2068 5140 con-

418 5175 662 5230 vertitur
718 5175 775 5230 in
836 5176 1116 5247 gehennae
1148 5173 1669 5244 exspectationem,
1695 5189 1870 5244 quam
1901 5173 2064 5245 prius

420 5281 534 5320 non
568 5264 894 5318 crediderat
927 5282 940 5330 ;
975 5265 1103 5318 ideo
1136 5279 1287 5333 aegre
1316 5261 1571 5317 sustinet
1627 5266 1683 5316 et
1721 5261 1879 5317 dolet
1909 5277 2063 5316 mor-

416 5352 830 5422 tem,cogitans
853 5369 923 5406 ne
951 5352 1269 5423 aliquando
1289 5367 1423 5406 vera
1443 5351 1563 5404 sint
1583 5349 1899 5404 inferorum
1923 5366 2062 5420 sup-

414 5441 629 5514 plicia;
663 5444 838 5510 utque
889 5440 1064 5494 etiam
1126 5444 1459 5511 peccatores
1515 5439 1573 5493 in
1635 5453 1875 5510 corpore
1909 5437 2060 5494 exci-

412 5534 636 5588 tantur.

488 5622 562 5674 ll.
588 5621 800 5676 Coacta.
836 5618 916 5677 De
950 5617 1023 5674 iis
1053 5616 1155 5689 qui
1186 5618 1244 5674 in
1275 5617 1671 5675 ecclesiastico
1711 5616 1913 5673 ordine
1935 5633 2058 5674 mo-

412 5709 666 5768 riuntur.

2247 4812 2408 4865 ’Όταν
2455 4806 2539 4862 ἐπὶ
2585 4809 2646 4862 τὸ
2695 4807 2876 4870 τέλος.
2912 4809 3122 4885 Φρικτά
3169 4810 3257 4864 καὶ
3317 4807 3438 4864 λίαν
3512 4809 3743 4889 φοϐερὰ
3801 4816 3872 4869 τὰ

2173 4902 2281 4952 τῶν
2312 4896 2653 4970 ἁμαρτωλῶν
2685 4897 2818 4967 τέλη
2831 4941 2843 4954 .

2245 4986 2484 5059 Ἑτέροις
2556 4984 2885 5061 ὀφθαλμοῖς.
2965 4984 3216 5060 Ἑτέρους
3289 4985 3642 5063 ὀφθαλμούς
3733 5012 3875 5062 φησι

2173 5083 2298 5144 τοὺς
2332 5089 2426 5138 τοῦ
2474 5089 2591 5152 νοῦ,
2625 5083 2817 5138 λοιπὸν
2864 5085 3246 5158 καθαρωτέρου
3295 5079 3481 5155 ὄντος,
3520 5088 3624 5143 καὶ
3671 5090 3748 5145 τὰ
3800 5090 3880 5152 εἰς

2175 5168 2305 5242 ᾅδου
2336 5178 2689 5242 σκοποῦντος,
2713 5172 2800 5226 καὶ
2843 5173 3214 5248 στρεφομένου
3248 5172 3323 5235 εἰς
3371 5175 3476 5241 τὴν
3544 5176 3878 5252 προδοκίαν

2171 5265 2268 5331 τῆς
2299 5262 2542 5336 γεέννης,
2574 5263 2634 5329 ἣν
2690 5259 2750 5315 ού
2812 5261 3076 5334 πρότερον
3136 5261 3492 5317 πεπιστεύκει
3531 5283 3546 5297 '
3621 5263 3719 5322 διὸ
3781 5267 3879 5324 καὶ

2173 5347 2560 5423 δυσανασχετεῖ
2588 5350 2677 5404 καὶ
2723 5346 2971 5424 ὀδύρεται
3027 5350 3120 5404 τὸν
3175 5349 3422 5420 θάνιοτον,
3460 5350 3687 5409 ἐννοῶν
3759 5359 3876 5430 μή-

2170 5459 2302 5493 ποτε
2349 5437 2573 5508 ἀληθεῖς
2623 5434 2754 5490 ὦσιν
2806 5437 2860 5490 αἰ
2903 5439 3050 5492 κάτω
3080 5440 3344 5514 τιμωρίαι
3374 5457 3385 5472 ⁸
3422 5439 3583 5498 ὥστε
3651 5443 3754 5500 καὶ
3819 5446 3882 5500 οἱ

2169 5525 2491 5600 ἁμαρτωλοὶ
2519 5525 2570 5580 ἐν
2600 5529 2678 5596 τῷ
2715 5526 2928 5599 σώματι
2969 5524 3290 5603 ἐγείρονται.

2242 5617 2309 5672 ΙΙ.
2343 5615 2691 5692 Συναγαγών.
2727 5617 2857 5692 Περὶ
2892 5615 3182 5690 ἱερατικῶν
3227 5616 3672 5679 τελευτώντων.
