4080 6366
236 454 316 510 177
992 459 1051 511 S.
1094 456 1369 511 ΜΔΧΙΜΙ
1406 455 1709 512 SCHOLIA
1747 458 1822 510 IN
1860 457 1888 510 Ῐ.

2034 457 2130 510 DE
2169 456 2457 511 ECCLES.
2498 457 2676 510 HIER
2684 456 2896 509 ARCH.

3544 448 3647 503 178

292 575 348 634 Εἴ
406 574 467 633 δὶ
526 582 651 640 τοῖς
718 576 949 654 εὐαγὲσι.
1011 577 1141 653 Περὶ
1189 578 1472 652 μοναχῶν,
1506 575 1726 632 δικαίων
1784 575 1872 630 καὶ

2058 578 2355 648 Siquidem
2401 579 2462 633 in
2507 578 2697 633 sacris.
2732 583 2816 633 De
2847 574 3175 643 monachis,
3202 571 3386 644 justis
3435 575 3493 627 et
3538 570 3647 627 lai-

244 663 431 721 λαῒκῶν
442 712 455 723 .

304 758 380 811 Ἐν
414 762 536 819 τοῖς
574 758 767 820 θείοις.
804 755 1118 829 Σημείωσαι
1161 756 1213 810 τί
1245 756 1666 831 ἀναγινώσκεται
1696 755 1784 809 καὶ
1834 754 1887 809 τί

245 844 495 918 ψάλλεται
531 848 621 901 ἐπὶ
654 850 764 900 τῶν
795 846 1212 917 κεκοίμημὲνων
1249 850 1507 919 μοναχῶν
1536 844 1622 898 καὶ
1657 844 1883 899 λαῖκῶν·

244 934 541 1011 ὁμολόγους
573 934 633 989 δὲ
661 936 754 990 καὶ
784 932 1231 1008 ταύτοδυνάμους
1264 931 1407 1006 ᾠδὰς
1435 934 1585 1008 λέγει
1613 934 1729 995 τάῖς
1763 953 1891 1008 προ-

248 1024 689 1099 αναγνωσθείσαις
720 1024 841 1100 περὶ
864 1024 1202 1085 ἀναστάσεως
1233 1021 1512 1097 ἀψευδὲσιν
1542 1022 1891 1099 ἐπαγγελίαις

247 1110 376 1183 ᾅδειν
408 1112 539 1175 τοὺς
572 1113 948 1189 λειτουργούς.

307 1205 397 1261 Ill.
432 1208 458 1273 ἓ
490 1208 532 1260 Ι.
568 1204 752 1274 Ἰησοῦ
786 1206 1269 1278 φωταγωγοῦντος.
1302 1204 1424 1259 ’Ὁτι
1456 1202 1591 1278 πρὸς
1640 1201 1729 1255 τὸν
1769 1201 1884 1275 βίον

240 1290 321 1345 καὶ
352 1293 401 1346 οἱ
434 1292 596 1347 τόποι
628 1297 738 1347 τῶν
777 1291 1219 1365 κεκοιμημένων.

302 1382 456 1456 Ὑπὲρ
487 1381 693 1451 ταύτης
724 1388 824 1451 τῆς
875 1380 1038 1442 θείας.
1090 1382 1208 1438 Ὃτι
1264 1378 1608 1450 δικαιοσύνης
1656 1380 1767 1435 ἐστὶ
1822 1380 1885 1433 τὸ

236 1470 361 1543 πρὸς
388 1470 482 1523 τὸν
520 1469 637 1545 βίον
670 1467 856 1523 δοῦναι
888 1470 979 1523 καὶ
1009 1468 1098 1524 τὸν
1130 1468 1320 1524 τόπον.

300 1558 491 1633 Εὐχήν
527 1559 697 1630 ἱεράν.
735 1558 833 1612 Διά
860 1557 912 1612 τί
945 1560 979 1627 ἡ
1015 1557 1175 1633 εὐχή.

302 1649 427 1717 §II.
463 1648 533 1702 Αἱ
560 1644 615 1701 δὲ
644 1652 753 1701 τῶν
802 1649 1130 1723 θεαρχικῶν.
1184 1646 1281 1701 Διᾶ
1325 1645 1379 1701 τί
1429 1644 1563 1719 ᾠδαί
1593 1648 1682 1702 καὶ
1724 1650 1880 1723 ἀναγ-

235 1738 510 1808 νώσματα.
548 1734 867 1808 Σημείωσαι
900 1734 957 1791 δὲ
988 1737 1152 1791 ὁποία
1180 1738 1247 1805 ἦν
1280 1739 1314 1805 ἡ
1349 1736 1435 1791 ἐπὶ
1464 1742 1583 1798 τοῖς
1615 1758 1878 1810 κεκοιμη-

238 1828 413 1898 μὲνοις
456 1825 666 1881 παλαιὰ
698 1827 999 1882 ἀκολουθία
1031 1828 1121 1881 καὶ
1152 1828 1322 1897 τάξις.

1998 684 2104 723 018.

2065 758 2126 811 In
2156 756 2384 811 divinis.
2404 760 2552 812 Nota
2584 756 2725 827 quid
2757 755 2988 826 legatur
3017 757 3074 808 et
3103 753 3241 823 quid
3277 754 3525 806 canatur
3545 765 3647 819 pro

1996 850 2323 919 monachis,
2357 855 2414 905 et
2460 850 2626 905 laicis
2658 849 2757 920 qui
2790 846 3179 902 dormierunt.
3214 847 3648 899 Consentaneos

1995 946 2191 997 autem
2223 944 2431 994 cantus
2462 944 2518 993 et
2548 940 2701 993 idem
2732 937 2996 993 valentes
3029 936 3131 1001 ait,
3164 931 3449 1005 praelectio
3470 932 3541 985 de
3564 944 3648 984 re'

1994 1029 2355 1085 surrectione
2384 1045 2496 1084 non
2526 1027 2690 1083 falsis
2723 1024 3239 1098 promissionibus,
3272 1037 3479 1076 canere
3535 1019 3644 1073 mi-

1993 1120 2236 1175 nistros.

2063 1209 2159 1263 III.
2195 1206 2223 1279 Ξ
2253 1210 2293 1261 I.
2326 1206 2454 1262 Iesu
2496 1204 2834 1259 illustranle.
2868 1203 3031 1269 Quod
3096 1216 3198 1270 pro
3256 1197 3387 1253 vitae
3445 1191 3646 1250 condi-

1989 1298 2169 1361 tione,
2202 1296 2377 1351 etiam
2409 1294 2532 1349 loca
2562 1294 2682 1349 sint
2711 1298 3099 1348 mortuorum.

2061 1388 2167 1441 Pro
2196 1386 2293 1439 hoc
2322 1385 2531 1439 divina.
2564 1382 2813 1439 Justitiaa
2863 1398 2992 1438 esse
3023 1396 3126 1452 pro
3157 1378 3284 1434 vitae
3313 1373 3649 1433 conditione

1992 1476 2132 1531 dare
2164 1475 2339 1529 etiam
2374 1473 2590 1528 locum.

2064 1569 2284 1617 Precem
2313 1577 2548 1616 sacram.
2584 1560 2699 1617 Cur
2727 1558 3000 1630 precatio.

2060 1655 2182 1720 §II.
2218 1652 2546 1705 Divinarum
2604 1664 2784 1719 porro.
2818 1649 2933 1704 Cur
2981 1650 3191 1701 cantus
3237 1649 3295 1700 et
3343 1644 3643 1700 lectiones.

1991 1741 2138 1798 Nota
2187 1756 2319 1794 vero
2370 1739 2564 1809 qualis
2625 1736 2802 1792 fuerit
2832 1741 2997 1790 vetus
3030 1735 3291 1790 officium
3325 1739 3379 1789 et
3408 1734 3551 1790 ordo
3586 1734 3642 1788 in

1991 1829 2265 1885 mortuis.

301 1916 501 1969 Σκόπει
536 1914 614 1987 δὲ,
643 1916 727 1970 ὅτι
758 1922 872 1973 νῦν.
899 1918 1020 1973 ’Ὁτι
1053 1917 1138 1971 ἐπὶ
1190 1922 1308 1979 τοῖς
1356 1916 1701 1988 τελευτῶσιν,
1754 1914 1880 1971 οὔτε

2060 1922 2335 1976 Caeterum
2363 1917 2605 1985 observa,
2640 1915 2783 1987 quod
2810 1930 2979 1970 nunc.
3015 1913 3097 1967 Ad
3132 1917 3500 1968 mortuorum
3550 1927 3641 1967 se-

232 2006 282 2058 οἱ
308 2003 713 2079 ἐνεργούμενοι,
745 2002 868 2059 οὔτε
898 2007 948 2059 οἱ
982 2006 1035 2059 ἐν
1067 2006 1324 2079 μετανοίᾳ
1350 2005 1569 2076 ἐξίασιν,
1602 2004 1748 2060 ἀλλὰ
1777 2006 1875 2079 μό-

232 2116 308 2149 νοι
340 2096 393 2148 οἱ
422 2093 856 2168 κατηγούμενοι·
890 2095 977 2148 καὶ
1014 2092 1101 2149 διὰ
1127 2094 1204 2149 τί·

298 2184 363 2240 Οἱ
413 2183 845 2258 κατηχούμενοι.
897 2181 1065 2241 Οὐδὲν
1101 2185 1197 2255 μὲν
1260 2185 1451 2257 μικρὸν
1503 2183 1554 2238 ἐν
1599 2191 1714 2247 τοῖς
1760 2187 1876 2240 καθ⁹

228 2274 371 2345 ἡμᾶς
407 2272 757 2349 μυστηρίοις,
788 2270 935 2327 ἀλλᾶ
978 2271 1150 2327 πάντα
1200 2270 1441 2348 μεγάλω
1490 2272 1624 2327 αὐτᾶ
1670 2273 1874 2346 μέντοι,

228 2363 358 2437 πρὸς
385 2359 612 2431 ἁλληλα
636 2361 1054 2436 συγκρινόμενα,
1088 2359 1349 2436 διαφορὰν
1381 2356 1555 2431 ἕξουσι
1587 2364 1724 2433 πρὸς
1779 2384 1875 2434 με·

227 2449 576 2526 γαλειότητα,
612 2452 732 2506 Τῶν
763 2450 862 2525 γὰρ
896 2448 1188 2524 δρωμένων
1223 2449 1310 2504 ἐπὶ
1342 2453 1387 2485 δι
1440 2456 1556 2513 τοῖς
1584 2448 1877 2505 τελευτῶσι

234 2541 453 2612 μέγιστα
513 2538 605 2592 καὶ
660 2534 1023 2612 ἆππιράὸλητα
1069 2539 1136 2593 τὰ
1162 2543 1271 2592 τῶν
1305 2541 1462 2602 θείων
1495 2537 1738 2614 λουτρῶν
1788 2540 1877 2594 καὶ

231 2627 595 2703 φωτισμάτων
618 2625 708 2678 καὶ
740 2624 1098 2698 μεταλήψεων
1137 2628 1429 2701 μυστήρια·
1475 2624 1559 2680 διὸ
1590 2627 1679 2680 καὶ
1714 2629 1882 2698 μικρὰ

228 2716 290 2769 ti
320 2714 405 2769 ἐπὶ
441 2720 559 2776 τοῖς
580 2736 813 2785 κεκοιμη
827 2713 1007 2787 μένοις
1036 2715 1313 2787 ὡνόμασε“
1340 2714 1485 2784 πλὴν
1520 2712 1645 2769 οὐδὲ
1673 2716 1880 2771 τούτων

232 2804 368 2873 ἄξιοι
412 2806 465 2857 οἱ
498 2799 575 2858 ἔτι
608 2804 1041 2877 κατηχούμενοι.

300 2888 690 2962 Βλαϐγςσονται
722 2892 847 2966 γάρ.
882 2894 1062 2948 Ταῦτα
1093 2889 1386 2955 ἀκολουθεῖ
1414 2897 1530 2954 τοῖς
1562 2892 1612 2947 ἐν
1645 2897 1713 2966 τῇ
1745 2894 1883 2967 πρὸς

228 2982 561 3057 Κορινθίους
608 2983 801 3057 πρώτῃ
850 2980 1158 3055 εἰρημένοις
1205 2982 1350 3054 παρὰ
1393 2986 1489 3036 τοῦ
1539 2982 1883 3037 Ἀποστόλου

224 3073 347 3145 περὶ
378 3074 489 3125 τῶν
524 3070 757 3142 ἀναξίως
786 3070 1229 3123 κοινωνοὺντων·
1264 3069 1371 3125 ὦδε
1403 3068 1459 3124 δὲ
1487 3069 1575 3125 καί
1620 3091 1881 3149 περιφρο-

228 3165 331 3213 νεῖν
367 3158 569 3220 αὐτοὺς
605 3157 751 3233 λέγει
780 3162 887 3212 τῶν
921 3157 1077 3221 θείων
1111 3160 1446 3233 μυστηρίων.

298 3253 325 3319 §
356 3250 450 3304 IV.
485 3249 549 3304 Ἡ
586 3249 680 3320 μὲν
714 3251 804 3301 οὖν
838 3246 999 3321 εὐχή.
1035 3245 1356 3320 Σημείωσαι
1383 3247 1435 3302 τί
1467 3245 1705 3322 εὔχεται.

306 3422 692 3498 ’Δνθρωπίνην
729 3422 1024 3479 ἀσθένειαν.
1057 3422 1319 3481 Τουτὲστι
1351 3425 1416 3478 τὰ
1446 3424 1584 3497 ψιλὰ
1610 3429 1716 3479 τῶν
1749 3427 1892 3498 ἁμα-

242 3534 342 3587 ρτη
354 3514 567 3586 μάτων.
1844 3556 1847 3557 ,

312 3604 439 3673 §V.
494 3600 818 3675 Ἀναλόγοις
863 3602 1175 3675 σημασίαις.
1227 3599 1549 3676 Ἀναλόγοις
1599 3625 1895 3676 σημασιαις

244 3689 369 3769 ἔφη,
396 3693 645 3746 τουτέστι
691 3696 808 3752 ταῖς
857 3693 991 3763 ἡμῖν
1038 3692 1344 3766 γνωρίμοις
1381 3713 1438 3745 τε
1483 3694 1572 3746 καὶ
1626 3694 1893 3762 συνήθεσι,

242 3782 330 3836 καὶ
362 3782 476 3856 οὐχ
503 3781 637 3855 ὑπὲρ
666 3782 766 3848 τήν
804 3780 1073 3855 ἡμετέραν
1105 3775 1314 3849 νόησιν,
1349 3778 1520 3850 λέξεσί
1550 3802 1605 3835 τε
1634 3782 1721 3835 καὶ
1770 3781 1895 3836 ὀνο-

242 3870 432 3941 μασίαι
443 3891 467 3931 ς
499 3890 564 3939 ση
578 3867 898 3941 μαινόμενοι.

311 4046 408 4101 VI.
473 4046 584 4108 Τῆς
644 4050 1033 4117 πραγματικῆς
1112 4043 1308 4099 αὐτῶν.
1379 4046 1631 4100 Τουτέστι
1700 4047 1817 4100 καθ’
1866 4048 1895 4100 ’ὀ

243 4132 524 4205 δυνάμεθα
555 4138 716 4203 νοεῖν,
762 4132 850 4186 καὶ
883 4132 943 4186 ἐκ
970 4136 1074 4186 τῶν
1107 4135 1243 4205 ἡμῖν
1293 4133 1583 4209 γνωρίμων
1618 4134 1812 4207 λέξεών
1840 4156 1899 4191 τε

243 4224 337 4278 καὶ
366 4221 655 4295 ὀνομάτων
706 4223 799 4283 τὰς
846 4220 955 4275 ἐκεῖ
1002 4220 1332 4284 ἀπολαύσεις
1382 4224 1409 4276 ὁ
1441 4224 1570 4286 Θεὸς
1600 4224 1897 4297 ὠνόμασεν,

275 4313 289 4329 .
357 4315 369 4329 .
608 4333 627 4344 ρ
861 4316 883 4327 ς.
967 4313 979 4333 Ι
1174 4314 1185 4335 κ
1434 4315 1454 4331 η
1715 4316 1742 4335 ν

245 4335 443 4386 ιιπων,
495 4314 571 4385 μὴ
608 4312 739 4366 εἶναι
774 4310 883 4366 ἔχει
916 4309 1117 4383 λυπην,
1152 4317 1186 4382 ἡ
1218 4313 1394 4381 νόσν,ν
1428 4336 1461 4382 η
1488 4316 1676 4383 πόνον,
1710 4337 1744 4383 η
1780 4336 1900 4369 στε-

238 4399 638 4476 ναγμὸν,ἀλλᾶ
669 4406 783 4477 φῶς
814 4403 969 4455 εἶναι·
1008 4398 1155 4468 πλην
1192 4401 1253 4455 οὐ
1282 4405 1442 4457 τοῦτο
1468 4404 1535 4457 τὰ
1565 4402 1673 4457 ἐκεῖ
1701 4403 1896 4477 ἀγαθὰ,

178 4560 192 4571 ⁹
234 4490 368 4546 ἀλλ’
398 4492 475 4552 ὡς
509 4490 732 4560 ἀληθῶς
766 4489 1013 4563 ἄγνωστα
1042 4488 1175 4551 τὲως
1209 4493 1348 4562 ἡμῖτ
1380 4492 1469 4545 καὶ
1516 4490 1896 4563 ἀκατάληπτα’

239 4580 271 4633 ἃ
302 4582 407 4655 γὰρ
441 4578 725 4657 ὀφθαλμὸς
759 4578 858 4633 οὐκ
887 4576 1014 4647 εἶδε,
1076 4582 1167 4633 καί
1200 4581 1294 4641 τὰς
1343 4580 1489 4649 ἐξῆςδ
1539 4580 1666 4635 ἀλλ’
1716 4580 1765 4651 ἐξ
1825 4582 1896 4634 ῶν

1989 2010 2311 2083 pulturam,
2357 2024 2549 2079 neque
2599 2005 3000 2077 energumeni,
3055 2020 3240 2075 neque
3296 2003 3645 2074 pcenitentcs

1986 2103 2227 2165 exeunt;
2260 2098 2361 2153 sed
2394 2097 2504 2151 soli
2540 2094 3028 2151 cathechumeni:
3064 2099 3119 2149 et
3149 2110 3351 2164 quare.

2058 2187 2157 2243 88
2179 2186 2580 2242 Catechumeni.
2597 2185 2754 2240 Nihil
2777 2185 3015 2254 quidem
3038 2184 3315 2253 exiguum
3336 2182 3395 2236 in
3421 2181 3639 2236 nostris

1988 2276 2310 2346 mysteriis,
2333 2276 2433 2330 sed
2466 2290 2681 2345 magna
2709 2273 2938 2339 omnia;
2971 2289 3035 2327 ea
3072 2277 3269 2327 tamen
3299 2272 3350 2327 si
3381 2271 3532 2326 inter
3571 2288 3633 2326 se

1987 2368 2383 2434 conferantur,
2417 2366 2471 2419 in
2505 2364 2917 2435 magnitudine
2949 2364 3496 2419 dissimilitudinem
3531 2363 3635 2417 ha-

1986 2456 2229 2511 bebunt.
2265 2456 2341 2511 Iis
2372 2454 2528 2508 enim
2561 2470 2685 2523 quae
2711 2454 3097 2524 perficiuntur
3128 2453 3183 2505 in
3220 2452 3487 2521 mortuis,
3510 2469 3636 2506 ma—

1987 2547 2146 2599 xima
2175 2551 2336 2608 sunt,
2367 2547 2423 2597 et
2455 2542 2962 2612 incomparabilia,
3014 2541 3346 2595 divinorum
3380 2542 3641 2595 lavacro-

1989 2651 2119 2688 rum
2145 2640 2201 2688 et
2224 2631 2691 2687 illustrationum
2716 2630 3319 2700 communionumque
3342 2630 3639 2700 mysteria:

1989 2724 2119 2778 ideo
2155 2739 2331 2794 parva
2361 2721 2507 2774 dixit
2549 2736 2617 2773 ea
2664 2735 2791 2789 qua:
2842 2718 3226 2789 perficiuntur
3256 2718 3315 2771 in
3349 2718 3637 2785 mortuis;

1992 2818 2395 2866 verumtamen
2431 2825 2621 2879 neque
2653 2808 2744 2862 his
2777 2807 2936 2878 digni
2971 2807 3161 2862 adhuc
3181 2806 3601 2862 catechumeni.

2066 2900 2357 2956 La’dentur
2382 2900 2552 2960 enim.
2588 2899 2717 2952 Haec
2749 2900 3077 2951 consonant
3133 2896 3203 2951 iis
3250 2913 3377 2965 quae
3423 2897 3644 2966 scripta

1994 2990 2212 3045 suntin
2237 2989 2425 3060 priore
2447 2988 2517 3042 ad
2550 2985 2880 3042 Corinthios
2923 2984 3174 3056 epistola
3222 2986 3293 3039 ab
3345 2983 3641 3055 Apostolo,

1995 3080 2065 3133 de
2093 3078 2167 3133 iis
2195 3077 2295 3149 qui
2326 3076 2567 3147 indigne
2598 3074 3079 3139 communicant;
3112 3073 3206 3127 hic
3238 3078 3434 3128 autem
3464 3072 3640 3128 etiam

1994 3172 2369 3223 contemnere
2400 3182 2498 3220 eos
2527 3164 2669 3219 dicit
2700 3162 2897 3218 divina
2926 3162 3223 3231 mysteria.

2068 3260 2095 3324 §
2124 3255 2219 3312 IV.
2254 3256 2504 3309 Precatio
2534 3254 2770 3325 quidem.
2805 3252 2951 3307 Nota
2980 3252 3118 3322 quid
3152 3255 3438 3322 precetur.

2071 3434 2388 3487 Humanam
2413 3431 2805 3502 fragilitatem.
2838 3432 2957 3484 Hoc
2987 3432 3076 3485 est
3105 3444 3279 3499 parva
3310 3431 3563 3499 peccata.

2071 3614 2098 3679 §
2127 3611 2192 3664 V.
2224 3610 2311 3665 Ad
2340 3611 2559 3678 captum
2596 3614 2843 3662 nostrum
2872 3606 3293 3662 accommodatis
3322 3605 3653 3672 rationibus,

2000 3700 2098 3755 Gr.
2159 3696 2452 3768 ἀναλόγοις
2514 3691 2831 3764 σημασίαις.
2893 3692 3046 3748 Dixit
3117 3686 3405 3765 ἀναλόγοις
3476 3711 3656 3762 σημα-

2003 3787 2164 3851 σίαις,
2197 3787 2308 3841 hoc
2334 3789 2424 3840 est
2455 3784 2624 3839 nobis
2658 3782 2810 3839 notis
2842 3786 2899 3838 et
2930 3783 3204 3848 assuetis,
3238 3786 3293 3837 et
3323 3798 3449 3852 quze
3481 3780 3652 3836 intel-

2001 3876 2302 3950 ligentiam
2331 3878 2593 3929 nostram
2629 3890 2745 3928 non
2777 3877 3080 3944 superant,
3100 3871 3456 3926 dictionibus
3474 3874 3531 3925 et
3552 3887 3654 3941 ap-

2004 3965 2421 4039 pellationibus
2452 3962 2801 4034 signiﬁcata.

2077 4054 2221 4123 §VI.
2256 4054 2507 4109 Actiones
2533 4068 2682 4106 suas.
2720 4051 2836 4105 [Ioc
2868 4053 2957 4104 est
2985 4054 3276 4120 quatenus
3332 4048 3655 4120 intelligere

2006 4160 2347 4215 possumus,
2381 4146 2553 4211 atque
2583 4157 2649 4193 ex
2681 4140 2852 4193 nobis
2886 4142 3044 4194 notis
3076 4140 3267 4194 verbis
3299 4156 3364 4194 ac
3399 4138 3654 4193 nomini-

2007 4233 2141 4297 bus,
2173 4230 2499 4300 voluptates
2525 4245 2650 4298 qua:
2677 4225 2795 4280 illic
2820 4230 2960 4280 sunt
2983 4228 3138 4281 Deus
3160 4226 3495 4297 appellavit,
3522 4242 3655 4279 cum

2008 4321 2151 4375 dixit
2182 4336 2295 4374 non
2330 4334 2457 4373 esse
2489 4315 2607 4370 illic
2638 4314 2918 4376 dolorem,
2952 4320 3054 4371 aut
3102 4315 3396 4382 morbum,
3430 4318 3532 4367 aut
3573 4313 3657 4367 la-

2008 4409 2345 4473 borem,aut
2374 4405 2797 4477 gemitum,sed
2830 4403 3028 4458 lumen
3064 4420 3227 4469 esse;
3257 4407 3659 4458 verumtamen

2008 4516 2126 4553 non
2146 4498 2254 4551 hoc
2277 4512 2403 4566 quze
2428 4494 2547 4549 illic
2572 4495 2742 4560 bona,
2771 4496 2871 4548 sed
2894 4493 3199 4548 verissime
3235 4494 3434 4564 ignota
3474 4491 3662 4546 adhuc

2010 4587 2180 4642 nobis
2211 4588 2267 4640 et
2297 4582 2940 4654 incomprehensibilia;
2966 4600 3091 4653 quas
3117 4582 3273 4637 enim
3307 4580 3513 4637 oculus
3546 4597 3661 4635 non

238 4668 498 4741 οἴδαμεν,
534 4665 905 4741 ὑποδείγματα
938 4665 1126 4722 δίδωσι
1166 4668 1584 4743 μακαριότητος.
1639 4672 1888 4742 Σημείω-

2018 4676 2174 4741 vidit,
2198 4680 2257 4729 et
2288 4690 2414 4745 quae
2475 4675 2839 4742 sequuntur:
2876 4671 2973 4725 sed
3009 4687 3076 4724 ex
3108 4671 3180 4725 iis
3209 4686 3335 4742 qua:
3369 4668 3660 4735 novimus,

238 4780 329 4812 σαι
362 4757 442 4826 δὲ,
474 4762 595 4819 πῶς
625 4752 890 4830 λαμϐάνει
920 4758 1004 4829 τὸ,
1050 4757 1151 4819 Εἰς
1208 4756 1448 4819 κόλπους
1505 4754 1759 4835 Ἀϐραὰμ
1806 4758 1896 4813 καὶ

264 4850 438 4903 Ισαὰκ
458 4848 548 4901 καὶ
581 4841 803 4904 Ἰακώϐ.

319 4940 491 4994 ’Ότου
541 4933 717 4990 ἓνεκα.
773 4936 997 5010 Ἀπορεῖ
1066 4934 1190 5011 περὶ
1246 4941 1345 5004 τῆς
1394 4936 1687 5009 γινομένης
1740 4937 1909 5012 εὐχῆς

247 5027 399 5099 παρᾶ
425 5030 531 5080 τοῦ
562 5023 826 5100 ἱεράρχου
874 5022 963 5079 ἐπὶ
995 5028 1108 5086 τοῖς
1158 5022 1209 5079 ἐν
1242 5023 1530 5098 ἁμαρτίαις
1569 5027 1908 5098 κεκοιμημὲ-

255 5136 396 5178 νοις.

322 5208 445 5262 Τῶν
508 5200 735 5257 δικαίων
798 5203 851 5255 αἱ
906 5202 1231 5277 προσευχαί.
1286 5201 1606 5275 Σημείωσαι
1665 5204 1747 5257 ὅτι
1818 5200 1910 5276 μό-

250 5314 378 5355 νους
405 5292 535 5355 τοὺς
567 5292 754 5363 ἀξίους
780 5296 891 5346 τῶν
945 5290 1245 5365 οἰκτιρμῶν
1292 5296 1388 5347 τοῦ
1422 5296 1554 5347 Θεοῦ
1609 5289 1910 5367 ὠφελοῦσιν

324 5481 399 5552 (a)
430 5479 637 5536 Matth.
671 5494 798 5558 vni,
841 5483 925 5535 11.

2009 4766 2109 4820 dat
2130 4763 2397 4834 exempla
2422 4761 2743 4817 beatitatis:
2776 4764 2912 4815 nota
2940 4766 3159 4831 autem,
3188 4760 3481 4830 quomodo
3512 4757 3662 4813 acci-

2019 4854 2142 4925 piat
2170 4852 2350 4907 illud:
2385 4853 2443 4905 In
2479 4852 2632 4905 sinus
2660 4850 2893 4905 Abrahae
2922 4854 2973 4903 et
3001 4850 3154 4903 Isaac
3183 4857 3232 4904 et
3263 4848 3421 4904 Jacob
3452 4846 3550 4918 (α).

2092 4942 2254 5014 Cujus
2286 4942 2368 4996 rei
2386 4941 2592 5011 gratia.
2627 4939 2867 4993 Dubitat
2893 4938 2963 4992 de
2989 4954 3159 5009 prece
3216 4936 3367 4991 facta
3414 4935 3485 4989 ab
3535 4934 3661 5006 epi-

2020 5046 2218 5103 scopo,
2242 5029 2302 5083 in
2322 5029 2397 5084 iis
2428 5028 2530 5100 qui
2562 5028 2621 5082 in
2654 5026 2905 5099 peccatis
2938 5025 3152 5081 mortui
3184 5029 3341 5080 sunt.

2089 5210 2368 5264 Justorum
2394 5223 2601 5278 preces.
2635 5206 2802 5275 Nota,
2845 5205 3000 5276 quod
3034 5202 3176 5258 solis
3205 5203 3403 5273 dignis
3436 5202 3668 5259 miseri-

2021 5296 2219 5353 cordia
2245 5296 2345 5352 Dei
2378 5297 2604 5368 prosint
2627 5296 2926 5366 justorum
2961 5292 3278 5361 orationes,
3301 5293 3421 5348 sive
3450 5293 3672 5361 vivant,

1263 5652 1507 5710 VARUE
1547 5652 1938 5713 LEGTIONES
1980 5654 2069 5712 ET
2108 5652 2662 5713 CORRECTIONES.

328 5758 478 5816 “tv.
