4080 6366
370 447 475 503 179

1206 443 1575 497 APPENDIX
1617 441 1714 494 AD
1751 440 1993 495 OPERA
2031 441 2089 493 S.
2130 441 2447 499 DIONYSII
2488 445 2989 502 AREOPAGITE.

3685 438 3789 493 180

371 571 492 628 sive
512 567 727 625 mortui
752 567 873 624 sint
898 585 913 637 ;
946 584 1061 623 non
1084 566 1325 637 quidem
1357 562 1771 636 peccatoribus
1792 565 1849 617 et
1863 562 2027 633 juste

2176 563 2195 617 ἱ
2224 567 2334 617 τῶν
2366 561 2587 621 δικαίων
2623 566 2949 644 προσευχαὶ,
2983 562 3088 619 εἷ’τε
3122 568 3346 632 ζῶντας,
3380 559 3486 617 εἴτε
3526 560 3792 632 τελευτή-

375 656 880 722 condemnatis,el
905 656 1001 711 hic
1032 660 1087 711 et
1114 660 1245 727 post
1276 658 1544 709 mortem.

446 835 711 907 Nunquid
741 852 774 891 a
802 834 1078 890 Samucle.
1121 833 1314 903 Neque
1362 832 1515 887 enim
1565 831 1724 887 Sauli
1774 830 2031 902 pessimo

2141 671 2351 721 σαντας,
2392 654 2451 709 οὐ
2487 656 2591 727 μὴν
2627 654 2991 731 ἁμαρτωλοὺς
3024 653 3114 708 καὶ
3151 651 3652 725 ἀξιοκατακρίτους,
3701 649 3793 704 καὶ

2142 738 2248 795 ὦδε
2278 744 2367 797 καὶ
2403 746 2536 816 μετά
2570 744 2813 808 θάνατον.

2213 831 2281 886 "H
2326 830 2377 885 τί
2427 835 2559 906 πρὸς
2606 837 2700 887 τοῦ
2753 831 3046 905 Σαμουῆλ.
3110 827 3245 885 Οὔτε
3294 830 3397 905 γὰρ
3453 829 3546 883 τὸν
3605 827 3792 883 Σαοὺλ

380 926 649 983 existenti
708 941 882 980 orans
934 924 1155 994 profuit
1213 922 1471 993 Samuel,
1531 938 1720 991 neque
1776 920 2034 977 Hebraeis

2171 917 2391 974 ,u'xzc’rov
2426 919 2552 976 ὄντα
2599 921 2877 1000 ὠφέλησεν
2930 923 2957 975 6
3006 917 3270 993 Σαμουὴλ
3300 919 3609 991 εὐξάμενος,
3670 915 3794 972 οὔτε

383 1015 791 1089 peccatoribus
817 1012 1239 1069 exsistentibus
1253 1013 1499 1084 Moyses.
1513 1010 1660 1066 Dixit
1673 1012 1828 1066 enim
1844 1011 2035 1066 Domi-

382 1123 494 1161 nus
527 1105 599 1159 ad
632 1104 827 1175 ipsum
856 1120 868 1159 :
901 1103 1033 1158 Noli
1064 1118 1225 1157 orare
1248 1117 1349 1173 pro
1378 1102 1574 1172 populo
1605 1101 1731 1156 isto.

453 1283 576 1339 Sole
600 1283 776 1337 lucem
788 1280 1203 1337 suam.Videne
1221 1280 1366 1335 forte
1379 1278 1863 1351 existimes,quod
1880 1280 2040 1335 dicat

385 1372 571 1428 solem
604 1372 741 1426 dare
772 1387 882 1425 sua
913 1370 1010 1425 89
1044 1368 1305 1437 lumina;
1352 1368 1646 1440 quomodo
1701 1368 1854 1423 enim
1913 1368 2041 1438 ipse

384 1461 482 1532 qui
509 1461 871 1515 inanimatus
893 1463 1001 1529 est,
1026 1459 1292 1513 dederit?
1313 1458 1629 1514 voluntatis
1652 1457 1808 1512 enim
1832 1460 1918 1511 est
1939 1458 2040 1512 do-

386 1548 573 1618 natio;
599 1549 700 1604 sed
726 1548 909 1603 veluti
934 1563 1164 1602 morum
1188 1547 1439 1618 quadam
1465 1547 1695 1602 ﬁctione
1726 1546 1868 1601 dicit
1889 1545 2041 1617 quod

387 1638 756 1709 proponitur.
783 1637 947 1692 Sicut
968 1636 1123 1692 enim
1159 1637 1207 1690 si
1240 1637 1373 1703 quis
1407 1640 1721 1707 supponat,
1746 1636 1926 1692 solem
1961 1636 2048 1691 di-

390 1741 545 1779 cere:
574 1725 693 1795 Ego
725 1723 1055 1780 valentibus
1076 1724 1263 1780 oculis
1286 1724 1484 1779 lumen
1509 1724 1661 1779 dono
1691 1749 1705 1791 ;
1737 1728 1941 1795 postea
1962 1722 2048 1778 in-

389 1814 600 1868 ﬁrmus
636 1812 853 1885 aliquis
884 1815 1069 1870 oculis
1102 1814 1342 1869 dixerit:
1372 1815 1451 1868 Da
1481 1814 1657 1869 etiam
1691 1813 1860 1880 mihi,
1884 1812 2045 1868 valeo

2141 1008 2269 1070 τοὺς
2298 1005 2583 1084 Ἑϐραίους
2609 1010 2972 1087 ἁμαρτωλοὺς
3002 1006 3159 1072 ὄντας
3189 1010 3216 1062 6
3248 1011 3510 1077 Μωϋσῆς·
3545 1008 3658 1061 εἶπε
3689 1008 3794 1081 γὰρ

2147 1098 2174 1150 6
2208 1097 2404 1171 Κύριος
2444 1100 2581 1173 πρὸς
2630 1099 2811 1154 αὐτόν·
3025 1096 3335 1172 προσεύχου
3379 1096 3503 1171 περὶ
3531 1099 3627 1150 τοῦ
3659 1092 3797 1149 λαοῦ

2144 1186 2361 1242 τούτου.

2220 1275 2415 1332 Ἡλίου
2470 1278 2537 1332 τά
2581 1278 2780 1337 οἰκεῖα.
2831 1282 2971 1353 ⁹Ὀρα
3019 1281 3095 1351 μή
3140 1278 3247 1333 πού
3292 1298 3355 1353 γε
3396 1274 3652 1352 νομίσῃς,
3714 1274 3799 1330 ὅτι

2148 1364 2243 1418 τὸν
2295 1363 2456 1431 ἥλιόν
2490 1389 2621 1441 φησι
2654 1366 2943 1442 δωρεῖσθαι
2974 1368 3041 1422 τὰ
3072 1367 3265 1421 ἑαυτοῦ
3290 1370 3463 1443 φῶτα·
3523 1369 3639 1426 πῶς
3696 1365 3798 1437 γὰρ

2152 1452 2209 1507 ἂν
2261 1453 2471 1530 ἄψυχος
2518 1453 2870 1529 Scep-ﬂauere;
2920 1454 3294 1532 προαιρέσεως
3342 1456 3446 1529 γὰρ
3508 1454 3543 1523 ἡ
3595 1448 3792 1528 δωρεά·

2153 1541 2297 1597 ἀλλά
2322 1544 2456 1598 κατά
2504 1545 2795 1615 ἠθοποιίαν
2829 1546 2993 1601 οἷόνεί
3024 1566 3143 1600 τινα
3190 1545 3253 1598 τὸ
3310 1543 3669 1619 προκείμενον
3705 1542 3799 1596 λέ-

2153 1652 2237 1705 γει
2272 1676 2283 1687 .
2332 1635 2533 1706 Ὥσπερ
2591 1635 2692 1710 γὰρ
2750 1633 2881 1696 εἷ’τις
2943 1634 3199 1689 ὑπόθοιτο
3247 1634 3337 1688 τὸν
3386 1631 3549 1702 ἥλιον
3596 1630 3800 1706 λεγειν.

2155 1723 2302 1794 Ἐγὼ
2331 1728 2447 1777 τοῖς
2499 1722 2832 1799 ἐρρωμένοις
2893 1721 3206 1802 ὀφθαλμοῖς
3256 1720 3455 1794 δίδωμι
3491 1725 3627 1796 φῶς·
3691 1721 3806 1774 εἶτα

2158 1812 2388 1865 ἀσθενῶν
2420 1833 2503 1873 τις
2557 1812 2623 1867 τὰ
2679 1808 2905 1886 ὄμματα
2958 1810 3123 1867 εἷίποι·
3172 1810 3271 1873 Δὸς
3316 1808 3503 1880 κάμοί·
3554 1805 3803 1885 ἔρῥωμαι

390 1903 582 1970 enim;
618 1906 743 1957 tum
778 1906 1015 1972 accepta
1065 1902 1213 1968 luce,
1246 1902 1422 1956 etiam
1474 1901 1531 1955 id
1584 1902 1737 1971 quod
1788 1899 2041 1969 videbat,

2171 1900 2279 1975 γάρ·
2331 1900 2517 1956 ἔπειτα
2566 1899 2852 1974 δεξάμενος
2898 1903 2999 1970 τήν
3051 1902 3260 1968 ἀκτῖνα,
3291 1905 3385 1954 καῖ
3436 1900 3464 1953 ὃ
3495 1899 3639 1971 ἑώρα
3693 1896 3800 1952 ἀπ-

2186 1989 2241 2002 κ.
2424 1991 2436 2002 .
2553 1990 2565 2002 .
2616 1992 2628 2002 .
2776 1990 2787 2002 .
3002 1991 3013 2002 .
3057 1993 3069 2002 .
3121 1991 3134 2002 .
3346 1989 3401 2002 ε.
3550 1987 3562 2002 .
3610 1993 3634 2002 ..
3729 1985 3778 2002 δ’

390 1991 638 2046 amittet.
692 1991 904 2046 Eodem
937 1990 1114 2046 etiam
1148 1990 1320 2046 modo
1353 1995 1621 2062 peccator
1652 1989 1896 2046 affectus
1927 1993 2035 2059 est,

389 2096 521 2135 cum
556 2084 724 2152 rogat
753 2080 943 2134 virum
976 2081 1220 2146 bonum,
1245 2085 1307 2134 ut
1327 2096 1429 2151 pro
1460 2096 1521 2135 se
1552 2083 1820 2151 precetur
1847 2103 1860 2145 ;
1894 2078 2042 2149 pati-

388 2173 486 2223 tur
514 2169 669 2224 enim
699 2169 1012 2224 caecutiens
1030 2173 1084 2223 et
1101 2167 1433 2239 suscipiens
1462 2167 1568 2223 viri
1598 2169 1734 2224 boni
1761 2167 2040 2224 orationis

391 2257 644 2328 radium,
670 2274 786 2313 non
831 2258 1101 2313 concedit
1146 2274 1304 2325 eum,
1335 2275 1402 2313 ea
1450 2274 1576 2329 quae
1634 2261 1772 2313 sunt
1819 2262 2041 2312 naturas

388 2345 579 2416 ipsius
613 2346 801 2402 facere
834 2352 890 2403 et
921 2346 1238 2417 illustrare,
1261 2348 1358 2402 sed
1390 2347 1665 2402 tenebras
1696 2346 1808 2402 sibi
1838 2362 2044 2417 procu-

392 2439 504 2503 rat,
526 2451 642 2491 non
662 2435 932 2491 habendo
960 2435 1270 2505 rationem,
1288 2452 1389 2507 per
1418 2451 1628 2507 puram
1656 2436 1836 2491 vitam
1867 2437 2044 2491 dono-

394 2539 527 2579 rum
560 2524 756 2591 Dei,et
776 2525 1046 2580 discessit
1067 2541 1169 2580 seu
1193 2525 1436 2581 secessit
1463 2526 1537 2581 ab
1567 2524 2046 2580 illuminantibus

395 2613 497 2668 Dei
529 2614 861 2685 praeceptis:
890 2630 1133 2686 peccans
1162 2614 1318 2669 enim
1354 2615 1672 2670 contemnit
1702 2614 1889 2685 legem
1920 2614 2043 2684 Dei,

396 2706 453 2757 et
503 2700 651 2756 nihil
702 2702 773 2757 ab
826 2702 1086 2758 oratione
1110 2703 1605 2774 justijuvabitur.
1639 2705 1801 2768 Quod
1849 2707 2045 2757 autem

395 2790 518 2847 haec
550 2792 621 2846 de
652 2792 774 2848 sole
804 2793 886 2847 ita
916 2791 1225 2863 intelligat,
1259 2793 1434 2847 etiam
1466 2792 1523 2846 in
1556 2792 1706 2848 libro
1734 2797 1814 2848 De
1841 2792 2048 2848 divinis

395 2881 732 2949 nominibus,
765 2885 973 2953 quarto
1003 2881 1190 2951 capite
1219 2879 1535 2952 signiﬁcat.

474 3058 659 3114 Utiles.
686 3058 985 3121 Quomodo
1010 3062 1067 3113 et
1089 3060 1325 3129 quando
1349 3060 1692 3131 prositjusti
1718 3061 1902 3117 oratio
1925 3065 2052 3118 tan-

399 3152 528 3203 tum
557 3148 773 3201 viventi
803 3164 816 3202 :
850 3151 907 3201 et
935 3147 1098 3217 dicit,
1132 3149 1363 3218 quando
1396 3150 1698 3220 pcenitcnti
1728 3152 2050 3206 secundum

398 3234 745 3306 Apostolum
772 3252 783 3289 :
816 3236 968 3291 Flere
997 3253 1122 3291 cum
1138 3238 1401 3306 ﬂentibus
1422 3238 1574 3309 (b-c,)
1593 3242 1650 3293 et
1672 3240 1906 3310 quando
1929 3255 2054 3295 ora-

2153 1989 2350 2046 ολὲσει·
2384 1991 2475 2045 τὸν
2508 1990 2667 2045 αὐτὸν
2693 1990 2895 2066 τρόπον
2928 1991 3017 2045 καὶ
3050 1993 3077 2046 6
3112 1989 3464 2065 ἁμαρτωλὸς,
3512 1987 3676 2042 αἰτῶν
3725 1985 3810 2041 δί-

2147 2101 2298 2134 καιον
2332 2077 2574 2150 εὔξασθαι
2603 2081 2735 2155 ὑπὲρ
2766 2079 2951 2148 αὐτοῦ,
3002 2079 3221 2154 πάσχει·
3273 2073 3649 2151 ἀμϐλυώττων
3688 2078 3792 2150 γὰρ

2151 2171 2178 2223 6
2212 2167 2557 2242 ἁμαρτωλὸς,
2610 2170 2700 2224 καὶ
2747 2167 3046 2243 δεχόμενος
3092 2175 3190 2237 τῆς
3234 2171 3330 2222 τοῦ
3362 2164 3569 2221 δικαίου
3624 2165 3796 2240 εὐχῆς

2148 2261 2248 2327 τὴν
2281 2260 2488 2332 ἀκτῖνα,
2551 2261 2616 2315 οὐ
2650 2266 2929 2336 συγχωρεῖ
2966 2259 3131 2329 αὐτὴν
3177 2261 3244 2314 τὰ
3272 2259 3408 2314 κατά
3437 2259 3594 2335 φύσιν
3644 2257 3797 2332 ἐνερ-

2152 2354 2263 2423 γεῖν
2294 2351 2383 2404 καὶ
2434 2349 2708 2428 φωτίζειν·
2752 2348 2898 2404 ἀλλά
2924 2351 3114 2411 σκότος
3160 2349 3335 2419 ἑαυτῷ
3383 2348 3655 2422 προξενεῖ,
3716 2349 3800 2417 τῷ

2157 2441 2296 2512 μήτε
2325 2440 2615 2514 προσέχειν
2652 2437 2740 2494 διὰ
2794 2443 3029 2515 καθαροῦ
3064 2437 3183 2511 βίου
3213 2443 3331 2500 ταῖς
3372 2441 3468 2490 τοῦ
3511 2440 3644 2491 Θεοῦ
3693 2433 3802 2489 δω-

2156 2534 2323 2603 ρεαῖς,
2355 2526 2445 2583 καί
2474 2531 2541 2602 τῇ
2594 2530 2950 2606 ἀποφοιτήσει
2988 2526 3194 2599 μέντοι,
3245 2523 3412 2599 ἤγουν
3445 2525 3802 2599 ἀναχωρήσει

2152 2620 2262 2672 τῶν
2294 2622 2643 2695 φωτιζουσῶν
2676 2616 2911 2673 ἐντολῶν
2942 2621 3038 2670 τοῦ
3071 2620 3225 2671 Θεοῦ·
3261 2616 3289 2670 6
3326 2616 3425 2688 γὰρ
3476 2615 3801 2690 ἁμαρτάνων

2154 2712 2479 2785 καταφρονεῖ
2508 2712 2603 2762 τοῦ
2632 2707 2807 2780 νόμου
2836 2711 2935 2760 τοῦ
2967 2710 3122 2772 Θεοῦ,
3154 2705 3241 2760 καὶ
3273 2701 3427 2758 οὐδὲν
3461 2704 3563 2757 ὑπὸ
3587 2700 3804 2757 δικαίου

2157 2796 2324 2872 εὐχῆς
2358 2794 2795 2874 ὠφεληθήσεται.
2828 2799 2951 2852 “Οτι
2983 2792 3040 2849 δὲ
3066 2796 3133 2849 τὰ
3180 2792 3303 2868 περὶ
3332 2797 3429 2848 τοῦ
3458 2790 3624 2861 ἡλίου
3657 2791 3802 2846 οὕτω

2156 2891 2288 2955 νοεῖ,
2345 2886 2435 2939 καὶ
2467 2884 2518 2940 ἐν
2577 2890 2655 2957 τῷ
2708 2886 2840 2961 Περὶ
2888 2884 3041 2939 θείων
3103 2882 3383 2955 ὀνομάτων
3436 2880 3716 2959 κεφαλαίῳ
3757 2878 3804 2934 δ’

2159 2974 2433 3048 σημαίνει.

2232 3063 2544 3141 Ὠφὲλιμοι.
2579 3068 2703 3126 Πῶς
2727 3063 2815 3117 καὶ
2834 3062 2964 3117 πότε
2989 3059 3193 3135 ὠφελεῖ
3220 3058 3433 3115 δικαίου
3464 3059 3600 3129 εὐχή
3633 3062 3811 3127 ζῶντα

2166 3154 2349 3226 μόνον·
2383 3152 2471 3207 καί
2503 3174 2688 3229 φησιν,
2719 3151 2808 3206 ὅτε
2843 3155 3207 3224 μετανοοῦντα
3236 3149 3371 3203 κατά
3405 3148 3497 3202 τὸν
3535 3148 3807 3203 Ἀπόστο-

2163 3243 2279 3314 λον,
2334 3240 2610 3296 Κλαίειν⁴⁸
2670 3241 2803 3314 μετά
2858 3238 3181 3310 κλαιόντων,
3227 3236 3315 3293 ὅτε
3360 3236 3447 3291 καὶ
3495 3237 3557 3291 τὸ
3618 3232 3809 3309 Λόγιον

402 3324 604 3380 culum
627 3323 773 3379 illud
796 3325 1065 3397 complet:
1082 3327 1307 3382 Multum
1320 3308 2047 3399 valetdeprecofiojustiw),

2171 3308 2334 3386 ἐκεῖνο
2362 3308 2692 3405 πληροῦται,
2726 3328 2883 3403 Μέγα
2914 3327 3095 3404 ἰσχύει
3126 3308 3262 3401 εῦχή
3307 3324 3515 3380 δικαίου
3561 3308 3810 3399 ἐνεργου-

406 3430 659 3485 operans
679 3429 785 3485 per
806 3415 1209 3486 paenitentiam
1243 3417 1517 3487 petentis,
1540 3418 1865 3473 orationem
1896 3418 2056 3474 scili-

408 3508 516 3558 cet.
542 3502 597 3555 Si
629 3504 785 3557 enim
820 3520 977 3558 unus
1007 3504 1274 3571 aediﬁcet,
1298 3505 1409 3561 hoc
1438 3506 1767 3577 estjustus,
1791 3511 1848 3561 et
1880 3523 2055 3578 unus,

409 3592 561 3647 sicut
613 3595 882 3663 peccator
927 3598 1166 3661 evertat,
1200 3593 1608 3664 imperfectum
1641 3600 1839 3651 manet
1868 3612 2015 3667 opus
2045 3602 2058 3652 ;

410 3681 911 3751 quemadmodum
936 3680 1267 3753 legimusin
1286 3682 1554 3754 exemplo
1586 3685 1655 3739 de
1689 3683 1861 3739 Saule
1890 3690 1947 3739 et
1962 3685 2060 3740 Sa-

407 3768 620 3823 muele.

475 3859 576 3910 Pie
605 3856 848 3927 affectus,
887 3856 981 3912 Gr.
1022 3852 1129 3925 ἕξιν
1181 3856 1351 3931 ἱεράν.
1384 3858 1662 3914 Habitum
1694 3864 1889 3916 autem
1924 3879 2060 3917 san-

403 3950 561 4001 ctum
589 3944 695 3999 hoc
718 3944 1119 4017 loco,propriee
1142 3946 1275 4001 vitae
1298 3948 1367 4002 ad
1392 3947 1667 4004 virtutem
1693 3949 2059 4006 aﬂ'ectionem

405 4033 571 4088 dixit.
609 4029 980 4105 Συλλήπτορα
1012 4050 1170 4103 vero,
1203 4053 1304 4106 pro
1337 4036 1663 4107 adjutorem.

479 4122 845 4192 Colloquium.
881 4122 1005 4177 Non
1039 4123 1391 4195 simpliciter
1414 4142 1519 4181 nos
1542 4126 1612 4180 ab
1632 4127 1961 4183 accedendo
1986 4129 2057 4183 ad

403 4210 667 4264 divinum
691 4211 1135 4282 colloquium,et
1158 4228 1257 4284 per
1285 4231 1390 4269 nos
1416 4218 1605 4286 petere
1625 4232 1658 4270 a
1678 4216 1794 4272 Deo
1817 4216 2061 4273 meliora

402 4304 461 4352 et
494 4297 797 4367 salutaria,
822 4303 991 4355 Pater
1014 4301 1303 4372 prohibet,
1326 4303 1520 4359 sciens
1541 4305 1883 4375 Apostolum
1910 4323 2060 4377 prae-

405 4387 717 4458 cipientem
737 4404 749 4443 :
771 4390 890 4443 sine
912 4389 1319 4446 intermissione
1331 4407 1501 4449 orare
1522 4394 1628 4465 (e);
1662 4395 1762 4451 sed
1787 4394 2061 4465 opinione

406 4477 661 4547 quadam
695 4479 935 4544 victum,
972 4481 1346 4535 contemnere
1379 4488 1636 4552 sanctos,
1658 4488 1715 4539 et
1743 4501 1847 4556 pro
1876 4484 2059 4541 nihilo

407 4565 620 4619 ducere
647 4580 849 4620 eorum
882 4566 1196 4625 orationes.

2170 3421 2301 3492 μὲνη
2338 3417 2427 3474 ’διά
2454 3426 2553 3487 τῆς
2591 3418 2872 3491 μετανοίας
2901 3421 2997 3471 τοῦ
3047 3413 3328 3488 δεομένου,
3368 3422 3465 3484 τῆς
3500 3413 3666 3488 εὐχῆς
3710 3409 3810 3481 δη-

2168 3508 2370 3565 )ονότι.
2404 3508 2527 3563 Ἐὰν
2558 3508 2660 3582 γὰρ
2696 3509 2773 3568 εἷς
2824 3502 3115 3578 οἰκοδομῇ,
3165 3502 3435 3558 τουτέστιν
3491 3503 3519 3556 ὁ
3577 3499 3809 3567 δίκαιος,

2165 3598 2314 3652 xui‘5
2343 3598 2443 3668 εἷς,
2495 3598 2609 3651 οἷον
2650 3597 2678 3650 6
2712 3595 3059 3669 ἁμαρτάνων,
3106 3590 3466 3668 καταστρέψῃ,
3518 3590 3803 3645 ἀτέλεστον

2171 3688 2316 3759 μένει
2348 3687 2410 3740 τὸ
2458 3682 2633 3762 ἔργον,
2678 3685 2753 3747 ὡς
2801 3683 3039 3758 ἔγνωμεν
3088 3682 3175 3737 ἐπὶ
3211 3685 3307 3737 τοῦ
3335 3681 3470 3735 κατὰ
3497 3679 3590 3734 τὸν
3624 3676 3807 3732 Σαοὺλ

2166 3774 2255 3830 καί
2284 3777 2373 3830 τὸν
2411 3773 2677 3847 Σαμουὴλ
2712 3770 3137 3847 ὑποδείγματος,

2236 3865 2383 3934 Ἕξιν
2429 3865 2574 3938 ἱερὰν
2616 3857 2783 3936 ἔχων.
2846 3864 2989 3933 Ἕξιν
3044 3859 3101 3914 δὲ
3144 3858 3288 3933 ἱερὰν
3323 3857 3544 3913 ἐνταῦθα
3573 3862 3670 3925 τήν
3718 3860 3815 3910 τοῦ

2170 3952 2370 4007 οἴκείου
2407 3952 2531 4027 βίου
2562 3953 2697 4025 πρὸς
2731 3951 2923 4024 ἀρετὴν
2950 3947 3183 4013 διάθεσιν
3208 3946 3407 4024 εἷ’ρηκε.
3440 3944 3817 4019 Συλλήπτορα

2168 4039 2245 4109 δὲ,
2280 4041 2394 4095 ἀντὶ
2425 4045 2520 4095 τοῦ
2555 4041 2779 4116 βοηθόν.
3582 4074 3585 4077 λ

2237 4128 2513 4201 Ὀμιλίαν.
2547 4130 2673 4203 Οὐχ
2702 4126 2892 4189 ἅπλῶς
2922 4132 3016 4182 τοῦ
3048 4126 3183 4202 πρὸς
3215 4124 3356 4179 θείαν
3386 4127 3534 4197 ἡμᾶς
3589 4121 3817 4195 ὁμιλίαν

2168 4225 2392 4295 χωρεῖν,
2421 4217 2509 4273 καί
2542 4216 2610 4272 δι’
2658 4218 2861 4272 ἑαυτῶν
2903 4216 3164 4271 αἰτεῖσθαι
3197 4216 3343 4291 παρὰ
3373 4218 3507 4269 Θεοῦ
3536 4214 3604 4267 τὰ
3632 4211 3820 4288 κρείτ-

2166 4330 2298 4364 τονα
2326 4308 2415 4364 καὶ
2444 4310 2710 4380 σωτήρια,
2742 4306 2981 4381 ἀπείργει
3015 4306 3042 4359 6
3075 4305 3282 4379 Πατήρ,
3318 4300 3477 4364 εἰδὼς
3507 4302 3599 4357 τὸν
3646 4302 3820 4355 Ἀπό-

2169 4396 2362 4453 στολον
2441 4395 2846 4470 προστάσσοντα
2930 4391 3298 4455 ἀδιαλείπτως
3380 4391 3816 4467 προσεύχεσθαι,

2168 4488 2313 4544 ἀλλά
2341 4492 2459 4554 τοῦ,
2493 4487 2666 4556 οἰήσει
2698 4487 2819 4541 τινὰ
2869 4484 3235 4561 κρατούμενον
3299 4485 3654 4560 ὑπερφρονεῖν
3712 4485 3823 4535 τῶν
3872 4539 3881 4547 ,

2173 4577 2363 4653 ἁγίων,
2395 4578 2484 4631 καὶ
2513 4577 2623 4630 ἀντ’
2649 4573 2864 4635 οὐδενὸς
2894 4574 3133 4637 τίθεσθαι
3162 4574 3257 4634 τὰς
3285 4572 3492 4627 τούτων
3527 4570 3711 4645 εὐχάς.

479 4654 554 4707 De
584 4652 730 4708 dicta
749 4670 936 4725 porro.
968 4656 1052 4709 Ad
1078 4656 1188 4712 hoc
1214 4658 1338 4713 loco
1360 4658 1568 4730 incipit
1588 4664 2051 4734 exponere,quod

2221 4652 2369 4739 Περὶ
2399 4664 2455 4719 δὲ
2483 4667 2603 4734 τῆς.
2634 4666 2822 4719 Ἔνθεν
2858 4661 3084 4738 ἄρχεται
3119 4660 3319 4736 λέγειν,
3362 4661 3436 4722 ὡς
3480 4658 3682 4737 ὠφελεῖ
3726 4658 3820 4713 τὸν

406 4740 590 4797 oratio
622 4742 809 4814 prosit
839 4752 1091 4811 mortuo,
1117 4749 1175 4801 et
1204 4751 1343 4803 nota
1372 4750 1525 4819 quod
1560 4754 1693 4807 ante
1726 4751 2061 4824 ipsum,du-

404 4830 570 4885 bium
604 4830 710 4886 hoc
740 4832 1056 4903 quaesitum
1084 4834 1278 4891 fuerit.

478 4918 652 4991 §VII.
686 4921 1101 4978 Dissimulante.
1128 4923 1335 4991 Qualia
1374 4932 1573 4984 nostra
1626 4935 1863 5000 peccata
1910 4936 2062 4987 Deus

409 5006 744 5147 (Cilissimulet
809 5014 1047 5082 propter
1122 5012 1443 5070 orationem
1504 5020 1562 5073 et
1614 5034 1816 5088 preces
1869 5037 2061 5078 sacer-

454 5095 587 5147 otis.

454 5095 587 5149 otis.

481 5184 628 5238 Petit
657 5193 837 5241 autem
869 5188 991 5243 illa.
1024 5188 1170 5254 Quid
1202 5193 1365 5261 petat
1395 5195 1689 5252 sacerdos.

397 5338 416 5365 ‘
482 5271 585 5328 90
612 5274 1004 5335 Przsentibus.
1034 5281 1155 5333 Hoc
1187 5282 1275 5335 est
1297 5280 1480 5351 justis
1511 5287 1567 5337 et
1601 5284 1729 5355 piis.

489 5480 626 5552 (b-c)
658 5481 822 5537 Rom.
853 5498 955 5550 xu,
992 5483 1071 5538 15.
1108 5485 1181 5557 (d)
1210 5490 1333 5546 Jac.
1365 5505 1422 5556 v,
1456 5488 1540 5545 16.
1575 5490 1645 5562 (e)
1674 5493 1695 5547 Ι
1729 5492 1931 5551 Thess.
1965 5511 2019 5566 v,
2057 5497 2140 5551 l7.

2172 4755 2358 4830 νεκρὸν
2382 4757 2416 4823 ἠ
2450 4754 2610 4827 εὐχή.
2638 4753 2738 4809 Καὶ
2772 4752 3074 4824 σημείωσαι
3099 4750 3180 4805 ὅτι
3211 4750 3302 4805 καὶ
3332 4748 3439 4825 πρὸ
3486 4747 3649 4802 αὐτοῦ
3701 4746 3825 4817 ἐζη-

2168 4846 2310 4914 τήθη
2342 4844 2404 4898 τὸ
2435 4840 2636 4917 ἄπορον
2669 4846 2851 4898 τοῦτο.

2241 4934 2420 5002 §VII.
2455 4932 2811 5006 Παρορώσης.
2863 4929 3027 4991 Ποίας
3058 4931 3219 5001 ἡμῶν
3282 4924 3549 5001 ἁμαρτίας
3606 4926 3634 4979 6
3692 4925 3825 4986 Θεὸς

2170 5026 2385 5097 παρορᾷ
2442 5018 2529 5075 διὰ
2578 5028 2678 5089 τῆς
2732 5024 2829 5074 τοῦ
2885 5019 3073 5092 ἱερέως
3147 5018 3463 5090 προσευχῆς
3524 5015 3615 5069 καὶ
3695 5012 3825 5084 δεή-

2172 5132 2328 5171 σεως.

2243 5198 2396 5256 Αῗτεῖ
2427 5197 2483 5253 δὲ
2512 5197 2665 5255 αὐτά.
2700 5197 2764 5255 Τί
2794 5196 2934 5251 αἰτεῖ
2966 5198 2993 5251 6
3026 5194 3223 5271 ἱερεύς.

2243 5293 2367 5350 Τοῖς
2428 5292 2697 5362 παροῦσι.
2750 5287 3007 5343 Τουτέστι
3073 5289 3188 5350 τοῖς
3251 5281 3485 5347 δικαίοις
3537 5280 3625 5337 καὶ
3688 5280 3830 5337 εὗσε-

2175 5373 2313 5434 ϐἑσι.

1450 5645 1691 5705 VARI/E
1731 5649 2122 5710 LEGTIONES
2160 5652 2253 5709 ET
2293 5649 2860 5710 GORRECTIONES.

497 5752 541 5787 ⁴⁸
570 5749 659 5805 καὶ
690 5748 971 5809 κλαίοντα.
1047 5756 1092 5791 ⁸⁸
1120 5750 1302 5829 ἕτερος
1326 5755 1401 5814 δέ.
