4080 6366
216 466 318 522 181

969 468 1028 521 S.
1071 467 1345 523 MAXIMI
1386 468 1692 523 SCHOLIA
1728 470 1804 523 IN
1842 470 1976 522 LIB.
2018 470 2114 522 DE
2154 470 2443 524 ECCLES.
2490 470 2886 524 HIERARCH.

3536 466 3643 522 182

284 589 429 644 Κατὰ
486 588 634 653 θείαν
697 589 865 659 ζωήν.
916 591 1204 645 Τουτέστιν
1284 588 1382 644 ὅσα
1450 590 1704 663 νομίμως
1777 588 1865 644 καὶ

2053 592 2364 649 Secundum
2420 594 2669 649 divinam
2726 594 2917 648 vitam.
2968 591 3085 647 Hoc
3130 596 3239 660 est,
3271 607 3637 665 quascunque

214 677 533 741 ἀκολούθως
572 678 601 732 ὁ
635 675 845 739 δίκαιος
876 677 1168 740 ἐπίσκοπος
1199 680 1432 750 αἲττςσει,
1466 677 1720 751 λήψεται,
1752 676 1885 733 ἀλλ’

215 768 301 821 ἐπὶ
337 766 561 822 δικαίων
600 784 615 798 ’
665 764 876 838 εἷ’ρηται
908 766 1010 841 γὰρ
1040 771 1118 837 τῷ
1168 767 1303 841 ἁγίῳ
1354 768 1579 842 Πέτρῳ.
1629 770 1763 821 Ὅσα
1818 765 1875 820 ἃν

218 856 386 930 δήσῃς
434 856 521 911 ἐπὶ
572 860 673 921 τῆς
723 862 851 929 γῆς,
882 857 969 910 καὶ
1018 856 1085 910 τὰ
1132 857 1252 928 ἑξῆς
1284 876 1295 889 ⁸
1350 856 1486 911 κατὰ
1532 855 1762 929 μίμησιν
1821 853 1878 910 δὲ

212 951 310 1001 τοῦ
345 946 505 1021 ἁγίου
541 946 748 1019 [Ιέτρου
783 945 914 999 εἰσὶν
949 946 999 999 οἱ
1031 945 1347 1013 ἐπίσκοποι,
1380 948 1452 1008 ὥς
1490 948 1623 1019 μετᾶ
1683 946 1874 1021 μικρὸν

214 1036 390 1111 λέγει.
425 1036 748 1107 Σημείωσαι
781 1032 838 1090 δὲ
868 1036 1092 1112 μέγεθος
1142 1036 1427 1111 ἱεραρχίας
1465 1037 1555 1091 καὶ
1601 1035 1736 1110 ὕψος
1784 1021 1877 1089 καιἰ

212 1128 588 1200 καθαρότητα.

284 1215 379 1268 Διὸ
408 1220 527 1275 τοῖς
556 1213 815 1286 ἀνιέροις.
849 1213 1166 1287 Σημείωσαι
1198 1212 1281 1268 ὅτι
1322 1218 1489 1269 ταῦτα
1536 1219 1651 1277 τοῖς
1694 1215 1871 1288 ἀμαρ-

211 1300 424 1364 τωλοῖς
456 1302 556 1357 οὐκ
587 1302 902 1378 ἐπεύχεται.

278 1391 663 1467 Τελετάρχου.
695 1392 951 1447 Τουτέστι
982 1395 1079 1446 τοῦ
1112 1390 1260 1445 θείου
1290 1391 1626 1464 Πνεύματος.

280 1480 505 1538 Αἷτεῖτε
534 1482 647 1538 καί.
682 1482 773 1536 Ἐκ
800 1488 901 1550 τῆς
933 1476 1195 1538 Ἰακώϐου
1228 1480 1558 1550 Ἐπιστολῆς
1584 1482 1647 1536 τὸ
1680 1481 1869 1557 ῥητὸν,

208 1567 467 1625 διδᾶσκον
510 1572 679 1641 ἡμᾶς,
715 1571 789 1631 ὡς
842 1571 907 1624 οὐ
959 1566 1041 1624 δεῖ
1086 1569 1482 1644 προσεύχεσθαι
1535 1571 1655 1645 περὶ
1701 1574 1869 1624 κακοῦ

153 1696 167 1710 .
205 1680 357 1721 τινος
388 1661 692 1735 προσώπου
724 1658 758 1727 ἢ
793 1660 1135 1733 πρᾶγματος.

276 1750 383 1811 Τας
435 1749 786 1825 ἀφοριστικὰς
835 1745 1047 1823 ἔχουσι.
1102 1746 1231 1822 Περὶ
1294 1752 1402 1803 τῶν
1464 1749 1863 1814 ἀκοινωνησιῶν

205 1837 293 1891 καὶ
320 1838 644 1914 ἀφορισμῶν
671 1841 778 1890 τῶν
806 1837 953 1909 παρὰ
981 1840 1075 1890 τοῦ
1117 1836 1378 1912 ἱεράρχου
1412 1854 1424 1867 ·
1460 1835 1713 1909 δυνάμεις
1762 1836 1864 1912 γάρ

1983 681 2145 751 juste
2174 686 2232 737 et
2262 686 2685 753 consequenter
2706 682 2908 751 justus
2940 681 3250 752 episcopus
3281 688 3457 752 petet,
3481 682 3639 737 acci-

1990 769 2242 841 piet,sed
2270 770 2601 842 projustis;
2637 771 2858 824 dictum
2891 770 3047 824 enim
3079 776 3167 825 est
3197 774 3399 825 sancto
3431 772 3638 827 Petro:

1989 860 2354 931 Quaecumque
2372 861 2631 929 ligaveris
2650 875 2816 930 super
2834 863 3045 915 terram
3061 858 3151 928 (Γ),
3165 863 3221 913 et
3242 875 3364 928 quae
3385 876 3486 931 seq
3497 878 3640 915 uun-

1985 955 2115 1018 tur;
2151 950 2475 1004 secundum
2501 956 2696 1004 autem
2723 948 3110 1003 imitationem
3126 950 3314 1003 sancti
3331 949 3479 1005 Petri
3502 957 3641 1004 sunt

1984 1039 2266 1109 episcopi,
2291 1047 2355 1093 ut
2386 1042 2521 1109 post
2551 1054 2736 1109 pauca
2758 1038 2920 1092 dicit.
2948 1042 3094 1092 Nota
3117 1052 3253 1092 vero
3277 1038 3637 1109 magnitudi-

1984 1147 2116 1184 nem
2147 1129 2486 1185 hierarchize
2519 1136 2575 1183 et
2605 1128 2978 1185 altitudinem
3012 1133 3069 1185 et
3100 1129 3437 1199 puritatem.

2055 1220 2419 1287 Quamobrem
2448 1218 2733 1289 improbis.
2767 1218 2915 1274 Nota
2944 1220 3099 1289 quod
3150 1217 3272 1272 haec
3320 1219 3637 1289 peccatori-

1982 1310 2093 1365 bus
2126 1326 2238 1364 non
2274 1309 2651 1379 imprecatur.

2053 1397 2434 1468 Mysteriorum
2465 1405 2704 1452 auctore.
2741 1396 2860 1451 Hoc
2892 1399 2982 1451 est
3011 1394 3209 1452 divino
3240 1395 3487 1467 Spiritu.

2052 1486 2245 1541 Petitis
2288 1495 2358 1542 et.
2392 1486 2509 1541 Hoc
2558 1486 2780 1539 dictum
2842 1488 3148 1553 sumptum
3197 1488 3287 1538 est
3334 1500 3402 1539 ex
3446 1483 3627 1539 Jacob

1979 1575 2256 1646 Epistola,
2291 1577 2507 1630 docens
2548 1590 2674 1638 nos,
2708 1574 2861 1643 quod
2896 1590 3010 1628 non
3044 1577 3273 1643 oportet
3319 1589 3423 1643 pro
3469 1573 3627 1627 malo

1977 1664 2173 1735 aliquo
2202 1665 2460 1729 homine,
2494 1668 2593 1717 aut
2622 1663 2851 1733 negotio
2882 1678 3067 1717 orare.

2043 1753 2387 1823 Segredandi
2414 1754 2707 1823 facultates
2758 1751 3021 1806 obtinent.
3074 1750 3155 1806 De
3186 1750 3624 1805 communionis

1974 1842 2300 1914 privatione
2326 1847 2380 1895 et
2410 1840 2777 1911 separatione
2817 1841 2888 1892 ab
2938 1840 3245 1909 episcopo;
3298 1843 3620 1909 potestates

210 1946 343 2001 φησι
370 1926 472 1987 τὰς
505 1924 562 1979 ἐκ
603 1928 736 1979 Θεοῦ
787 1922 1078 1997 δεδομένας
1123 1924 1306 1986 αὐτοῖς
1362 1926 1662 1999 γνωστικᾶς
1716 1922 1862 1979 δοκι-

2010 1930 2129 1985 nim
2160 1930 2300 1986 dicit
2332 1931 2576 1985 donatas
2607 1929 2688 1983 eis
2717 1946 2750 1983 a
2780 1927 2896 1983 Deo
2927 1927 3351 1999 cognoscitivas
3408 1942 3618 1999 appro-

212 2014 405 2085 μασίας
444 2014 535 2068 καὶ
584 2013 807 2083 κρίσεις,
842 2011 914 2067 δι’
942 2015 1014 2067 ὧν
1063 2016 1105 2050 ⁸⁷
1156 2013 1470 2090 ἀφορίζουσι
1515 2013 1642 2077 τοὺς
1690 2016 1861 2089 ἁμαρ-

204 2103 420 2165 τωλοὺς
452 2103 513 2157 έκ
543 2106 652 2157 τῶν
687 2100 936 2175 δικαίων,
967 2102 1000 2171 ἢ
1032 2104 1093 2157 τὸ
1134 2098 1395 2176 ἔμπαλιν.

278 2190 532 2266 Ἀλόγοις
592 2192 815 2266 ὁρμαῖς.
880 2192 1200 2264 Σημείωσαι
1258 2190 1363 2261 ὅτι,
1424 2190 1509 2245 ἐὰν
1563 2193 1708 2267 παρᾶ
1766 2193 1857 2246 τὸν

209 2282 410 2335 σκοπὸν
440 2284 540 2335 τοῦ
570 2284 706 2334 Θεοῦ
736 2280 969 2358 ἀφορίσῃ
1000 2281 1027 2333 ὁ
1059 2281 1347 2355 ἱεράρχης,
1369 2280 1474 2355 οὐχ
1502 2278 1683 2335 ἕπεται
1715 2280 1862 2352 αὐτῷ

206 2371 265 2423 τὸ
310 2374 459 2433 θεῖον
511 2375 686 2444 κρῖμα
717 2389 730 2402 ⁶
781 2370 916 2425 κατᾶ
960 2370 1060 2445 γὰρ
1110 2369 1250 2423 θείαν
1295 2370 1466 2444 κρίσιν
1523 2368 1612 2424 καῗ
1654 2370 1715 2424 οὗ
1775 2368 1863 2424 διὰ

212 2456 431 2531 θέλημα
464 2456 605 2513 ἴδιον
636 2463 807 2513 ταῦτα
829 2458 1036 2537 ὀφείλει
1069 2458 1360 2536 ἐπιφέρειν.

274 2548 347 2603 Τὸ
379 2552 627 2620 Πνεῦμα.
666 2546 982 2620 Σημείωσαι
1012 2546 1067 2601 τί
1096 2547 1338 2622 παρέσχε
1368 2552 1482 2609 τοῖς
1529 2547 1863 2609 ἀποστόλοις

208 2637 267 2691 τὸ
298 2637 437 2709 μετᾶ
465 2637 565 2703 τὴν
600 2636 885 2690 ἀνάστασιν
914 2635 1099 2697 αὐτοῖς
1130 2633 1281 2699 δοθὲν
1315 2636 1468 2711 ἅγιον
1510 2641 1728 2709 Πνεῦμα
1774 2635 1863 2691 διὰ

210 2730 299 2779 τοῦ
326 2725 724 2802 έμφυσήματος
753 2728 849 2780 τοῦ
880 2723 1100 2799 Κυρίου.

278 2812 753 2887 Ἐλλαμπομένῳ.
781 2817 877 2885 Τῷ
908 2813 1049 2887 ἁγίῳ
1080 2814 1289 2888 Πέτρῳ.

274 2904 371 2964 “Oc
433 2902 636 2957 ἐκείνου
693 2902 782 2957 καὶ
838 2903 1056 2963 παντός.
1102 2906 1225 2964 Πῶς
1277 2902 1387 2977 χρή
1448 2897 1743 2973 λαμϐάνειν
1801 2904 1862 2957 τὸ

212 2996 305 3045 τοῦ
331 2990 677 3067 Εὐαγγελίου
710 2990 897 3067 ῥητόν⁸
929 2992 996 3047 ’Ὁ
1027 2990 1114 3045 ἐὰν
1148 2988 1341 3065 δήσῃς,
1370 2991 1460 3046 καὶ
1490 2992 1556 3046 τὰ
1576 2991 1716 3064 ἑξῆς.

278 3170 382 3225 Καὶ
429 3173 529 3223 τοῦ
575 3168 741 3244 ἱεράν.
774 3169 938 3245 Ἱερὰν
992 3169 1271 3245 θεολογίαν
1328 3170 1458 3247 φησὶ
1504 3173 1612 3225 τό·
1650 3172 1724 3226 Σὺ
1765 3174 1861 3227 εἶὸ

218 3259 438 3331 Χριστὸς
488 3259 515 3312 ὁ
566 3259 687 3319 Υἱὸς
737 3263 832 3312 τοῦ
880 3263 1014 3313 Θεοῦ
1063 3263 1158 3313 τοῦ
1191 3264 1431 3327 ζῶντοςο
1466 3262 1495 3314 ὃ
1527 3260 1859 3332 σημειωτέον

1972 2021 2261 2089 bationes,
2294 2023 2350 2074 et
2378 2018 2767 2073 indicationes
2799 2034 2900 2086 per
2929 2033 3078 2088 quas
3110 2020 3386 2088 separant
3418 2032 3618 2087 pecca-

1968 2113 2126 2164 tores
2158 2126 2190 2164 a
2211 2108 2415 2178 justis,
2447 2107 2535 2162 vel
2569 2110 2789 2161 contra.

2039 2200 2101 2253 In
2132 2197 2505 2253 rationalibus
2530 2196 2787 2251 molibus.
2821 2194 2991 2263 Nota,
3022 2196 3175 2265 quod
3208 2195 3257 2249 si
3286 2200 3494 2266 printer
3517 2196 3612 2250 Dei

1970 2303 2211 2358 scopum
2241 2290 2505 2341 secernat
2534 2284 2813 2357 pontifex,
2846 2284 2940 2339 Dei
2966 2284 3257 2354 judicium
3308 2300 3442 2340 eum
3496 2302 3609 2339 non

1971 2375 2175 2446 sequi;
2212 2375 2536 2430 secundum
2568 2373 2727 2428 enim
2759 2371 3020 2427 divinum
3057 2372 3376 2442 judicium,
3409 2377 3467 2429 et
3497 2391 3613 2428 non

1971 2468 2208 2535 propter
2236 2462 2590 2517 voluntatem
2625 2461 2923 2532 propriam
2955 2461 3074 2515 haec
3106 2462 3277 2517 debet
3304 2461 3539 2517 interro.

2039 2550 2645 2624 Spiritus.Nota,quid
2681 2550 2925 2620 praebuit
2954 2550 3234 2620 apostolis
3264 2552 3437 2606 datus
3468 2552 3616 2622 ipsis

1971 2646 2104 2712 post
2151 2641 2634 2696 resurrectionem
2665 2642 2907 2694 sanctus
2938 2638 3190 2709 Spiritus
3221 2656 3321 2709 per
3351 2640 3617 2695 insufﬂa-

1968 2730 2191 2785 tionem
2228 2728 2480 2785 Domini.

2042 2819 2379 2873 Illuminato.
2413 2818 2624 2873 Sancto
2656 2817 2846 2871 Petro.

2048 2909 2130 2978 Ut,
2161 2908 2262 2962 ille
2289 2907 2594 2977 omnisque.
2627 2905 2928 2968 Quomodo
2960 2908 3186 2975 oportet
3241 2904 3503 2976 accipere
3530 2904 3619 2959 di-

1972 3000 2131 3053 ctum
2164 2994 2490 3065 Evangelii:
2516 2994 2679 3061 Quod
2712 2994 2761 3049 si
2793 2994 3091 3065 ligaveris,
3113 2997 3169 3047 et
3196 3010 3325 3063 quae
3356 3008 3619 3065 sequun-

1972 3091 2089 3141 tur.

2044 3177 2119 3229 Et
2147 3181 2393 3230 sanctam
2426 3174 2606 3229 illam.
2641 3174 2877 3228 Sacram
2911 3170 3266 3242 theologiam
3316 3171 3496 3227 dicit:
3549 3172 3622 3225 Tu

1971 3280 2025 3317 es
2058 3262 2305 3317 Christus
2336 3262 2511 3316 Filius
2541 3261 2638 3316 Dei
2668 3261 2782 3316 vivi
2810 3261 2929 3331 (g):
2964 3261 3119 3330 quod
3179 3261 3505 3315 notandum
3535 3264 3624 3314 est

216 3349 343 3400 κατά
372 3367 433 3401 τε
489 3345 881 3416 Βασιλειανῶν,
913 3346 1001 3401 καὶ
1048 3351 1449 3423 Νεστοριανῶν,
1482 3348 1570 3403 καὶ
1619 3350 1864 3406 Παυλια-

2011 3355 2180 3407 ontra
2210 3350 2558 3417 Basilianos,
2592 3355 2649 3403 et
2679 3349 3076 3417 Nestorianos,
3107 3353 3164 3403 et
3213 3347 3621 3414 Paulianistas,

223 3440 437 3502 νιστῶν,
470 3434 563 3489 καὶ
594 3439 701 3489 τῶν
734 3434 965 3507 ὁμοίων.

284 3525 477 3584 Ὅπως
507 3522 590 3578 ἄν.
619 3524 839 3588 Καθώς.

283 3614 660 3687 Ἱεραρχικῶς.
710 3611 1117 3687 Ἀσφαλέστατα
1182 3611 1270 3668 ἐπὶ
1341 3613 1546 3669 τούτων
1612 3618 1729 3670 εἷπε
1802 3617 1864 3671 τὸ

219 3703 549 3776 ἱεραρχικῶς

281 3792 487 3860 §VIIL
539 3789 903 3864 Θεογενεσίαν,
956 3790 1062 3863 πρὸ
1128 3795 1246 3849 τοῦ,
1288 3794 1405 3847 ’Ότι
1463 3790 1551 3847 ἐπὶ
1612 3794 1706 3866 μὲν
1756 3798 1863 3849 τῶν

225 3878 636 3952 βαπτιζομένων
688 3879 905 3954 πρῶτόν
958 3878 1069 3933 ἐστι
1106 3880 1167 3933 τὸ
1217 3882 1365 3956 ἅγιον
1417 3878 1638 3936 ἔλαιον*
1689 3881 1777 3937 ἐπὶ
1809 3881 1867 3937 δὲ

217 3972 314 4021 τῶν
348 3966 770 4039 κεκοιμημένων
802 3966 1134 4025 τελευταῖον.

284 4056 384 4110 Καὶ
414 4055 542 4111 τότε
572 4056 685 4129 μέν.
719 4056 816 4111 Διὰ
842 4056 894 4111 τί
923 4059 957 4126 ἡ
1006 4061 1102 4112 τοῦ
1148 4056 1337 4112 ἐΛαίου
1390 4057 1575 4133 χρίσις
1623 4058 1711 4114 ἐπὶ
1757 4066 1866 4115 τῶν

222 4145 660 4218 βαπτιζομένων,
693 4146 782 4199 καὶ
817 4144 905 4200 διὰ
932 4145 984 4199 τί
1016 4145 1102 4201 ἐπὶ
1132 4151 1240 4200 τῶν
1262 4148 1694 4220 κεκοιμημένων.

280 4240 306 4301 §
373 4240 463 4291 IX.
520 4235 669 4289 Μετὰ
720 4232 820 4289 τοῦ
890 4234 1166 4312 σφετέρου.
1226 4237 1343 4289 Ὅτι
1404 4234 1632 4307 ὲκᾶστης
1684 4240 1869 4313 ψυχῆς

222 4322 354 4377 ἴδιον
407 4324 571 4395 σῶμα
622 4324 877 4399 ὑπάρχει,
931 4325 1048 4396 μεθ’
1097 4324 1157 4378 οὗ
1197 4326 1285 4379 καὶ
1333 4327 1430 4387 τὰς
1482 4326 1867 4390 ἀνταποδόσεις

219 4414 503 4484 κομίζεται
540 4431 553 4444 ·
590 4410 673 4467 διὸ
707 4414 791 4467 καὶ
825 4412 1047 4489 ἑκάτερα
1078 4413 1298 4488 μετέχει
1327 4419 1433 4469 τῶν
1471 4417 1817 4491 ἁγιασμάτων
1853 4421 1865 4433 ⁵

220 4502 350 4556 κατὰ
380 4506 567 4556 κοινοῦ
598 4500 655 4556 δὲ
684 4503 744 4556 τὸ
776 4503 978 4579 ἀμφοῖν
1013 4502 1286 4578 δωρεῖται.

286 4591 595 4665 Θεαρχικὰς
680 4591 981 4653 κοινωνίας.
1060 4590 1187 4646 Θεία
1270 4592 1588 4665 θεσμοθεσία
1671 4591 1871 4665 δηλον-

222 4677 322 4737 ότι,

288 4766 387 4822 Τὸν
452 4766 583 4823 ὅλον
646 4768 952 4843 ἄνθρωπον.
984 4769 1302 4840 Σημείωσαι
1351 4770 1433 4824 ὅτι
1488 4770 1616 4825 ὅλον
1660 4773 1867 4848 ἂνθρω-

226 4878 321 4911 πον
354 4855 517 4911 καλιῖ
544 4858 634 4911 τὸν
670 4856 729 4911 ἐκ
763 4863 860 4925 τῆς
890 4861 1079 4931 νοερᾶς
1128 4861 1312 4933 ψυχῆς
1356 4860 1444 4913 καὶ
1496 4861 1767 4933 σώματος,
1801 4863 1874 4923 ὡς

230 4942 392 5014 δηλοῖ
444 4946 508 5000 τὸ
566 4945 618 4999 ἐν
670 4947 879 5020 καθαρᾷ
926 4945 1122 5020 θεωρίᾳ
1163 4947 1251 5000 καὶ
1284 4945 1561 5023 ἐπιστήμῃ
1598 4969 1609 4981 ·
1643 4951 1733 5004 καὶ
1794 4949 1874 5004 ὅτι

234 5032 423 5104 ὁλικήν
455 5056 587 5111 φησι
622 5033 891 5110 σωτηρίαν
924 5041 1024 5103 τῆς
1052 5038 1237 5110 ψυχῆς
1292 5036 1387 5091 καὶ
1440 5042 1536 5092 τοῦ
1576 5038 1827 5110 σώματος
1860 5058 1873 5071 ’

238 5119 319 5176 διὰ
341 5127 507 5178 τοῦτο
541 5120 598 5178 δὲ
625 5127 792 5178 ταῦτα
847 5120 931 5178 δεῖ
976 5125 1407 5196 σημειώσασθαι,
1434 5124 1544 5192 τίνα,
1579 5128 1703 5180 ὅταν
1758 5126 1879 5201 εἴπῃ

235 5207 281 5261 ἒν
327 5212 529 5288 ἑτέροις
577 5210 789 5287 λόγοις,
835 5209 1038 5274 ὀλικῶς
1106 5212 1435 5284 οὐσιωθῆναι
1500 5216 1591 5271 τὸν
1651 5215 1877 5290 ὑπερού-

306 5444 370 5515 (f)
399 5444 605 5501 Matth.
640 5461 758 5518 XVI,
792 5445 875 5502 19.
957 5446 1033 5517 (g)
1067 5446 1215 5502 Ibid.
1254 5447 1339 5502 16.

1973 3445 2030 3495 et
2059 3438 2305 3494 similes.

2042 3527 2229 3588 Ὅπως
2259 3523 2340 3579 ἄν.
2375 3528 2693 3591 Quatenus.

2046 3616 2410 3674 Hierarehice.
2444 3614 2830 3671 Securissime
2859 3612 2919 3667 in
2959 3612 3053 3668 his
3092 3611 3239 3667 dixit
3270 3610 3622 3686 ἱεραρχικῶς.

2048 3796 2076 3869 Ξ
2116 3795 2267 3851 VIII.
2316 3794 2379 3848 In
2424 3792 2609 3865 prima
2657 3792 2760 3847 illa
2805 3790 3236 3862 regeneratione.
3269 3789 3432 3854 Quod
3462 3788 3523 3845 in
3552 3788 3627 3844 iis

1977 3885 2077 3957 qui
2108 3883 2500 3955 baptizantur,
2535 3881 2790 3953 primum
2840 3881 2916 3935 sit
2966 3882 3236 3934 sanctum
3277 3878 3511 3947 oleum;
3565 3878 3625 3932 in

1978 3974 2227 4030 mortuis
2258 3977 2476 4037 autem,
2506 3975 2895 4043 postremum.

2048 4067 2111 4119 Et
2141 4071 2255 4118 tum
2284 4060 2525 4131 quidem.
2561 4061 2803 4130 Propter
2824 4057 2963 4127 quid
2989 4056 3186 4111 unctio
3209 4055 3319 4111 olei
3343 4054 3402 4110 in
3434 4054 3507 4111 iis
3526 4055 3627 4127 qui

1978 4152 2375 4224 baptizantur,
2408 4154 2465 4204 et
2493 4154 2732 4219 propter
2760 4146 2901 4216 quid
2934 4145 2992 4199 in
3027 4145 3295 4199 mortuis.

2050 4244 2076 4310 §
2106 4242 2193 4296 IX.
2229 4242 2371 4295 Cum
2399 4236 2532 4293 suis.
2559 4236 2721 4301 Quod
2755 4234 3228 4302 uniuscujusque
3265 4232 3361 4285 91
3419 4228 3628 4285 animas

1980 4329 2281 4401 proprium
2308 4327 2381 4383 sit
2401 4340 2635 4395 corpus,
2658 4338 2792 4378 cum
2818 4337 2933 4392 quo
2953 4326 3009 4375 et
3031 4320 3451 4375 retributiones
3482 4318 3588 4371 fert
3615 4336 3630 4385 ;

1981 4420 2227 4489 ideoque
2254 4419 2501 4485 utraque
2540 4411 2895 4484 participant
2924 4410 2993 4464 de
3024 4405 3591 4463 sanctiﬁcationibus
3617 4423 3635 4474 ;

1982 4504 2453 4563 subaudiendum
2485 4516 2619 4556 vero
2650 4499 2832 4554 illud:
2867 4498 3116 4567 utrisque
3144 4496 3407 4551 donatur.

2050 4595 2280 4651 Divinas
2308 4589 2846 4649 communicationes.
2880 4587 3148 4643 Divinum
3180 4584 3403 4641 scilicet
3432 4584 3634 4639 decre-

1904 4702 1950 4765 D
1981 4690 2130 4741 tum.

2055 4776 2242 4829 Totum
2265 4769 2564 4826 hominem.
2596 4767 2744 4822 Nota
2774 4766 2928 4836 quod
2961 4767 3149 4819 totum
3197 4762 3499 4817 hominem
3529 4775 3630 4813 vo-

1986 4866 2075 4918 cet
2102 4878 2237 4918 eum
2271 4859 2367 4931 qui
2401 4860 2631 4914 constat
2660 4872 2728 4910 ex
2758 4853 3119 4924 intelligente
3168 4850 3386 4913 animo,
3416 4852 3473 4902 et
3502 4862 3631 4902 cor-

1986 4967 2158 5024 pore;
2193 4955 2256 5003 ut
2286 4946 2541 5001 declarat
2569 4944 2739 5009 illud,
2789 4943 2849 4997 in
2896 4957 3038 5013 pura
3082 4936 3539 5009 contemplatione
3583 4939 3635 4990 et

1986 5038 2262 5101 scientia;
2290 5040 2346 5093 et
2378 5036 2531 5106 quod
2564 5032 2800 5089 totalem
2839 5030 2981 5085 dicit
3022 5027 3281 5096 salutem,
3314 5024 3523 5080 anima:
3578 5027 3638 5079 et

1989 5128 2268 5200 corporis.
2303 5126 2545 5195 Propter
2574 5122 2694 5177 haec
2743 5125 2939 5176 autem
2989 5118 3099 5172 hoc
3154 5115 3467 5171 notandum
3522 5116 3636 5182 est,

1992 5222 2057 5274 ut
2072 5217 2307 5288 quando
2323 5213 2533 5270 dixerit
2546 5213 2604 5267 in
2621 5210 2752 5267 aliis
2766 5206 3169 5265 sermonibus:
3202 5202 3639 5262 lotaliteressen-

1242 5672 1479 5732 VARIE
1518 5674 1912 5733 LECTIONES
1950 5674 2039 5730 ET
2077 5669 2635 5730 CORRECTIONES.

314 5777 356 5813 ιτ
386 5777 474 5855 ἀφ’
504 5777 601 5834 ὧν.
