4080 6366
439 446 542 501 183

1259 449 1625 502 APPENDIX
1662 449 1761 501 AD
1798 446 2040 501 OPERA
2074 446 2134 497 Β.
2174 443 2494 499 DIONYSII
2531 445 3029 501 AREOPAGITE.

3752 444 3856 499 184

441 574 583 630 tiam
640 575 910 647 accepisse
963 574 1482 646 superesuntialem
1549 576 1735 631 Iesum
1791 572 2089 629 secundum
2123 606 2134 640 λ

2232 588 2318 622 ἰον
2350 569 2556 640 Ἰησοῦν
2590 571 2707 625 καθ’
2737 573 2905 644 ἡμᾶς,
2938 572 3141 646 νοήσῃς
3186 570 3245 626 ἐκ
3291 574 3476 647 ψυχῆς
3523 576 3714 649 νοερᾶς
3766 570 3857 626 καὶ

440 680 569 720 nos:
604 663 899 735 intelligas
929 680 998 720 ex
1027 664 1224 719 animo
1273 668 1332 719 et
1378 680 1619 736 corpore
1659 661 2099 718 inhumanatio-

445 770 601 809 nem.

516 844 644 911 §X.
709 843 1170 901 Consecratorias
1226 842 1617 911 invocationes,
1647 843 1743 899 Gr.
1791 836 2101 900 τελεπικᾶς

446 928 785 1001 ἇπικλήσεις.
815 932 965 988 Dicit
1010 930 1321 987 τελεπικᾶς
1372 928 1685 1000 ἐπικλήσεις
1736 931 2098 1003 precationes

447 1021 506 1076 in
538 1020 926 1076 ordinatione.
976 1022 1121 1076 Nola
1170 1036 1323 1087 vero,
1372 1035 1550 1090 quare
1584 1020 1687 1075 bas
1718 1019 1835 1075 sive
1864 1021 2099 1075 sanctas

445 1109 841 1166 invocationes
871 1114 928 1166 et
952 1110 1318 1181 operationea
1350 1109 1620 1164 tacuerit.

520 1200 664 1267 §XI.
698 1200 924 1270 Eﬂerre,
958 1200 1053 1254 Gr.
1086 1196 1308 1271 ἐξάγειν.
1342 1196 1669 1253 Publicare.

519 1289 760 1360 Infantes
785 1288 1036 1345 necdum.
1061 1288 1208 1344 Nota
1243 1288 1384 1359 quid
1417 1287 1574 1342 dicat
1605 1288 1772 1343 Pater
1800 1287 1869 1342 de
1900 1285 2098 1359 pueris

449 1379 837 1451 baptizandis.
867 1380 997 1435 Haec
1027 1384 1225 1435 autem
1256 1384 1321 1433 ut
1352 1378 1735 1450 interroganti
1767 1382 1969 1434 sancto
2001 1376 2097 1432 Ti-

450 1468 686 1524 motheo
744 1468 999 1540 scripsit,
1050 1473 1113 1523 ut
1158 1467 1535 1523 manifestum
1586 1468 1665 1523 sit
1713 1468 1868 1539 quod
1917 1466 2097 1521 etiam

451 1556 664 1628 priora,
695 1560 752 1613 et
781 1558 926 1613 alios
956 1557 1139 1613 libros
1168 1558 1241 1612 ad
1275 1557 1705 1629 interrogantes
1735 1556 2059 1628 scripserit.

518 1739 719 1790 Sacras
748 1733 1096 1790 traditiones.
1120 1734 1283 1797 Quod
1304 1737 1361 1789 et
1386 1738 1511 1789 tum
1546 1733 1761 1789 fuerint
1790 1734 2100 1789 irridentes

452 1823 703 1896 mystica
724 1830 946 1894 nostra,
962 1828 1025 1877 ut
1054 1823 1232 1878 etiam
1261 1824 1416 1893 quod
1449 1823 1703 1878 infantes
1734 1823 2101 1894 baptizaren-

450 1917 566 1983 tur,
601 1912 819 1983 quibus
850 1911 1011 1983 loqui
1046 1928 1161 1967 non
1192 1910 1544 1979 valentibus,
1582 1912 1889 1967 offerentes
1920 1912 2097 1982 ipsos,

451 2001 872 2057 abrenuntiant
902 2017 1003 2071 pro
1038 2000 1205 2071 ipsis,
1237 2004 1294 2055 et
1325 2000 1385 2055 in
1435 2000 1701 2057 ordinem
1751 2005 2101 2071 cooptantur

449 2089 782 2162 [symbols].
821 2090 895 2144 De
926 2105 1043 2159 qua
1074 2088 1345 2144 irrisione
1376 2092 1608 2161 purgat,
1642 2104 1963 2160 apponens,
1986 2105 2100 2145 non

446 2178 638 2235 omnia
665 2177 918 2234 omnibus
953 2185 1103 2233 nota.
1139 2176 1287 2235 Nota
1336 2182 1534 2233 autem
1583 2178 1875 2247 quomodo
1921 2177 2097 2234 etiam

449 2266 642 2339 angeli
671 2266 856 2322 multa
885 2266 1177 2339 ignorent.

520 2356 655 2423 Quae
702 2358 1125 2427 cognoscuntur,
1175 2356 1271 2410 Gr.
1318 2350 1629 2424 ἐπιστητάς.
1662 2354 1960 2427 Cognitas,
1992 2372 2097 2412 seu

448 2462 577 2517 qum
607 2449 1065 2516 cognoscuntur.

518 2533 691 2589 Aiunt
719 2533 869 2589 enim
898 2533 1060 2604 quod.
1090 2532 1238 2588 Nota
1258 2533 1549 2604 quomodo
1572 2532 1795 2605 accepit
1814 2549 1884 2589 ex
1903 2532 1977 2588 iis
1996 2532 2096 2605 qui

445 2627 867 2694 prmeesserunt
893 2622 1111 2692 ipsum,
1135 2622 1206 2677 de
1234 2622 1452 2692 pueris.

516 2710 985 2781 Institutionibus,
1020 2710 1117 2765 Gr.
1150 2710 1547 2783 καθηγεμόσιν.
1576 2710 1758 2765 Duces
1799 2709 2095 2782 apostolos

444 2801 605 2856 dicit.

518 2895 663 2945 Bono
693 2888 906 2944 divina.
932 2891 1082 2943 Nota
1103 2887 1197 2943 cui
1220 2888 1489 2943 tradatur
1511 2903 1655 2957 puer
1673 2904 1706 2943 a
1728 2887 2091 2959 parentibus,

442 2978 675 3049 quando
704 2977 1036 3048 baptizatus
1080 2977 1275 3042 fuerit,
1308 2975 1589 3030 nimirum
1621 2975 1970 3047 suscepturi,
1996 2980 2095 3047 qui

443 3066 641 3122 divina
671 3065 965 3133 didicerit,
996 3066 1068 3120 ad
1100 3081 1328 3119 sacram
1361 3064 1831 3120 instructionem.

515 3156 735 3211 Ducem.
787 3153 936 3209 Nota
1002 3153 1157 3224 quod
1216 3157 1273 3208 et
1328 3168 1673 3225 sponsorem
1744 3152 2091 3225 magistrum

441 3247 627 3300 vocet.

515 3330 901 3389 Bxsistcntem.
937 3330 1123 3387 Vitam
1154 3329 1396 3386 scilicet.

2208 659 2462 731 σώματος
2487 659 2585 727 τὴν
2620 658 3049 735 ένανθρώπησιν.

2275 840 2303 907 §
2335 842 2400 896 X.
2430 835 2756 901 Τελεστικὰς
2808 836 3142 909 ἐπικλήσεις.
3172 838 3491 902 Τελεστικὰς
3543 838 3863 911 ἐπικλήσεις

2207 925 2338 999 φησὶ
2366 927 2462 987 τὰς
2492 925 2580 980 ἐπὶ
2606 929 2703 999 τῆς
2737 926 3081 1003 χειροτονίας
3114 927 3297 1003 εὐχάς.
3332 929 3650 1002 Σημείωσαι
3681 929 3739 983 δὲ
3769 927 3861 986 διὰ

2202 1012 2256 1068 τί
2288 1014 2503 1085 ταύτας,
2532 1014 2657 1085 ἤτοι
2688 1016 2782 1079 τὰς
2811 1016 2964 1092 ἁγίας
2998 1017 3314 1089 ἐπικλήσεις
3341 1017 3430 1074 καὶ
3461 1019 3557 1083 τὰς
3593 1017 3859 1093 ἐνεργείας

2204 1102 2529 1175 ἐσιώπησεν.

2275 1193 2536 1269 Ἑξάγειν.
2572 1202 2645 1266 Δη
2657 1195 2948 1269 μοσιεύειν.

2279 1285 2305 1352 §
2336 1284 2431 1341 XI.
2462 1282 2664 1346 Παῖδας
2722 1283 2897 1342 οὔπω.
2934 1284 3252 1359 Σημείωσαι
3307 1285 3361 1341 τί
3418 1306 3580 1363 φησιν
3611 1287 3638 1341 ὁ
3668 1288 3859 1361 Πατὴρ

2205 1372 2330 1447 περὶ
2360 1376 2456 1426 τοῦ
2483 1373 2549 1427 τὰ
2585 1374 2757 1451 βρέφη
2796 1375 3167 1449 βαπτίζεσθαι.
3208 1379 3383 1430 Ταῦτα
3414 1373 3470 1430 δὲ
3513 1374 3587 1438 ὠς
3644 1375 3860 1451 ἐρωτή-

2208 1481 2353 1515 σαντι
2384 1465 2465 1533 τῷ
2497 1462 2635 1536 ἁγίῳ
2673 1464 2923 1536 Τιμοθέῳ
2959 1461 3211 1537 ἔγραψεν,
3251 1464 3325 1525 ὡς
3358 1464 3490 1519 εἶναι
3540 1460 3733 1533 δῆλον,
3774 1466 3859 1518 δτι

2206 1550 2296 1604 καὶ
2326 1551 2392 1604 τὰ
2421 1550 2657 1626 πρότερα
2686 1552 2776 1607 καὶ
2806 1551 2937 1615 τοὺς
2970 1551 3177 1616 ἄλλους
3208 1552 3406 1629 λόγους
3437 1553 3575 1628 πρὸς
3606 1552 3861 1625 ἐρωτῶν-

2205 1659 2301 1701 τας
2333 1636 2547 1717 ἔγραφε.

2278 1730 2384 1789 Τὰς
2437 1728 2584 1804 ἱερὰς
2634 1728 2983 1803 παραδόσεις.
3040 1732 3163 1788 ’Ότι
3238 1732 3327 1786 καὶ
3413 1731 3535 1786 τότε
3605 1731 3742 1800 ἦσαν
3807 1734 3859 1786 οἱ

2209 1818 2552 1880 σκώπτοντες
2583 1819 2649 1872 τὰ
2684 1821 2917 1891 μυστικά
2972 1821 3159 1894 ἡμῶν,
3191 1820 3266 1880 ὡς
3310 1818 3399 1873 καὶ
3458 1818 3525 1874 τὰ
3569 1820 3691 1895 περὶ
3749 1825 3857 1875 τῶν

2213 1907 2623 1981 βαπτιζομένων
2655 1904 2886 1980 παίδων,
2920 1909 2991 1962 ὧν
3026 1910 3101 1981 μή
3153 1905 3463 1982 δυναμένων
3508 1906 3767 1981 λαλῆσαι,
3804 1911 3861 1963 οἱ

2206 1996 2605 2072 προσφέροντες
2673 1996 2869 2059 αὐτοὺς
2919 1999 2962 2033 ⁸⁸
3010 1996 3404 2052 ἀποτάσσονται
3465 1998 3598 2073 ὑπὲρ
3654 1999 3858 2067 αὐτῶν,

2207 2085 2293 2137 καὶ
2324 2082 2698 2139 συντάσσονται
2732 2084 2819 2155 [τὰ
2847 2079 3120 2158 σύμϐολα]
3159 2105 3171 2118 ⁸
3204 2085 3328 2161 περὶ
3370 2089 3467 2140 τοῦ
3524 2085 3860 2158 σκώμματος

2208 2170 2581 2249 ἀπολογεῖται,
2614 2174 2949 2248 προστιθεὶς,
2982 2176 3064 2229 δτι
3106 2173 3167 2229 οὐ
3226 2174 3398 2229 πάντα
3449 2180 3580 2229 πᾶσι
3625 2174 3860 2249 γνωστὰ.

2210 2262 2526 2335 Σημείωσαι
2559 2260 2616 2318 δὲ
2646 2263 2720 2325 ὡς
2750 2264 2841 2319 καὶ
2873 2265 2924 2318 οἱ
2974 2264 3199 2339 ἄγγελοι
3249 2262 3437 2319 πολλᾶ
3482 2265 3763 2339 ἀγνοοῦσιν
3796 2267 3862 2320 ⁴⁹.

2277 2352 2634 2423 Ἐπιστητάς.
2677 2353 3026 2423 Ἐπιστητὰς,
3058 2350 3181 2422 ἤτοι
3211 2353 3641 2427 γινωσκομένας.

2280 2530 2417 2584 Φασὶ
2449 2529 2547 2605 γὰρ
2581 2530 2734 2603 ὅπερ.
2770 2531 3088 2604 Σημείωσαι
3123 2534 3238 2594 πῶς
3282 2526 3584 2605 παρέλαϐεν
3637 2530 3696 2587 ἐκ
3745 2535 3854 2587 τῶν

2205 2620 2311 2694 πρὸ
2339 2618 2503 2673 αὐτοῦ
2533 2621 2654 2693 περὶ
2685 2623 2788 2673 τῶν
2822 2618 3050 2675 παίδων.

2276 2708 2676 2782 Καθηγεμόσιν.
2726 2710 3116 2782 Καθηγεμόνας
3163 2707 3291 2772 τοὺς
3349 2708 3689 2771 ἀποστόλους
3749 2730 3855 2786 φη-

2205 2818 2308 2854 σιν.

2272 2888 2489 2961 Ἀγαθῷ
2545 2887 2612 2939 τὰ
2668 2891 2803 2949 θεῖα.
2868 2886 3184 2959 Σημείωσαι
3254 2888 3363 2942 τίνι
3420 2885 3778 2961 παραδίδοται
3828 2889 3856 2942 ὁ

2203 2979 2329 3036 παῖς
2363 2975 2466 3030 ὑπὸ
2512 2980 2620 3030 τῶν
2680 2977 2910 3050 γονέων,
2943 2975 3066 3031 ὅταν
3132 2978 3423 3053 βαπτισθῇ,
3457 2975 3540 3032 ὅτι
3596 2974 3856 3053 ἀναδὸχῳ

2207 3085 2388 3137 μεμυη
2401 3064 2544 3137 μένῳ
2572 3065 2639 3119 τὰ
2667 3066 2781 3119 θεῖα
2809 3063 2945 3140 πρὸς
2979 3065 3261 3142 ἀναγωγὴν
3291 3068 3457 3139 ἱεράν.

2276 3153 2649 3227 Καθηγεμὸνα.
2683 3153 3008 3227 Σημοίωσαι
3040 3154 3124 3209 ὅτι
3170 3157 3259 3210 καὶ
3304 3155 3395 3210 τὸν
3444 3153 3711 3231 ἀνάδοχον
3758 3175 3853 3210 κα-

2204 3243 2490 3319 θηγεμόνα
2519 3242 2697 3299 καλεῖ.

2283 3332 2635 3406 Γιγνομένην.
2662 3334 2775 3403 Τήν
2812 3334 2957 3402 ζωὴν
2991 3330 3273 3404 δηλονότι.

1900 3502 2083 3560 Finis.
2115 3504 2259 3560 Laus
2288 3504 2392 3561 Deo

1380 3687 1641 3749 VARIIE
1682 3689 2110 3753 LEGTIONES
2153 3691 2254 3753 ET
2298 3692 2914 3755 CORRECTIONES.

502 3830 546 3865 ⁸⁸
576 3826 730 3883 αὑτά.
809 3828 853 3864 ⁸9
885 3825 968 3882 ὅτι
998 3827 1133 3900 ἡμῖν
1165 3827 1383 3889 πάντως
1415 3826 1478 3881 οὐ
1508 3824 1683 3882 πάντα
1713 3830 1947 3904 γνωστᾶ.
