4080 6366
258 418 368 474 185

1013 423 1073 475 S.
1113 422 1384 476 MAXIMI
1421 419 1727 476 SCHOLIA
1763 422 1838 474 IN
1874 421 2009 475 LIB.
2049 423 2146 475 DE
2183 420 2461 475 DIVINIS
2496 418 2913 473 NOMINIBUS.

3567 411 3670 467 186

711 700 1182 873 ΤΟΥ
1305 700 2020 874 ΑΓΙΟΥ
2150 696 3238 870 ΜΑΞΙΜΟΥ

1637 988 2297 1119 ΣΧΟΛΙΑ

896 1241 1092 1335 ΕΙΣ
1177 1240 1339 1336 ΤΟ
1421 1240 1722 1335 ΠΕΡΙ
1800 1240 1932 1336 ΘΕ

2027 1239 2195 1335 ΩΝ
2280 1236 3028 1336 ΟΝΟΜΑΤΩΝ.

646 1572 1789 1739 EJUSDEM
1925 1448 2142 1737 _s.
2340 1572 3274 1737 MAXIMI

828 1847 965 1943 IN
1030 1846 1531 1943 LIBRUM
1597 1847 1759 1941 DE
1830 1847 2312 1942 DIVINIS
2376 1846 3092 1941 NOMINIBUS

1540 2050 2382 2175 SCHOLIA

1167 2265 1355 2325 Petro
1399 2262 1717 2324 Lansselio
1762 2281 1795 2324 θ
1836 2262 2148 2325 Societate
2190 2264 2334 2327 Jesu
2378 2264 2743 2345 interprete.

320 2571 347 2636 §
377 2570 419 2623 Ι.
453 2566 874 2643 ’Δρεοπαγίτου.
920 2569 1045 2623 ’Ότι
1076 2566 1142 2621 τὰ
1185 2564 1535 2642 γνωρίσματα
1584 2564 1719 2640 ἅπερ
1750 2565 1897 2639 εἶχον
1928 2572 1985 2639 Α

245 2652 522 2725 Ἕλληνες
568 2653 645 2711 ἔτι
692 2651 839 2718 ὄντες
883 2657 935 2710 οἱ
979 2653 1148 2710 πάλαι
1200 2655 1364 2730 ἅγιοι,
1398 2654 1489 2709 καὶ
1527 2654 1660 2727 μετᾶ
1686 2655 1749 2708 τὸ
1780 2652 1896 2707 ἐπι-

247 2743 472 2817 στρέψαι
504 2745 639 2820 πρὸς
689 2745 919 2820 Χριστὸν
974 2743 1400 2819 ἀνερυθριάστως
1440 2742 1741 2820 ἐπέγραφον
1776 2742 1894 2796 ἒαυ-

242 2836 379 2893 τοῖς·
426 2829 546 2886 ῗδοὶ)
596 2833 699 2908 γὰρ
746 2832 1134 2908 Ἀρεοπαγίτην
1186 2831 1532 2905 ἐπωνόμασεν
1584 2832 1789 2903 ἑαυτὸν,
1822 2830 1896 2891 ὡς

242 2920 331 2974 καὶ
385 2922 414 2975 ὁ
464 2922 609 2983 θεῖος
652 2923 946 2984 Ἰουστῖνος
997 2922 1049 2977 ἂν
1093 2925 1174 2993 τῷ
1215 2922 1353 2995 Πρὸς
1403 2920 1680 2991 Ἕλληνας
1726 2919 1895 2993 λόγῳ,

244 3008 542 3065 Ἰουστίνου
573 3009 900 3089 φιλοσόφου.

318 3181 816 3263 Συμπρεσϐυτὲρῳ.
872 3189 995 3245 Ὅτι
1044 3189 1106 3243 τὸ
1157 3191 1254 3242 τοῦ
1311 3182 1679 3263 πρεσϐυτέρου
1725 3182 1899 3260 ὄνομα

245 3275 451 3329 καὶτὸν
486 3274 781 3331 ἆπίσκοπον
830 3275 1015 3347 δηλοΐ
1051 3276 1343 3335 ἐπίσκοπος
1388 3273 1445 3331 δὲ
1481 3277 1571 3331 καὶ
1604 3277 1630 3329 ὁ
1660 3272 1898 3351 πρεσϐύ-

246 3381 416 3437 τερος·
450 3365 544 3419 καὶ
573 3370 739 3421 τοῦτο
772 3363 1035 3435 δηλοῦται
1086 3364 1140 3420 ἐν
1172 3370 1289 3427 ταῖς
1323 3364 1549 3439 Πράξεσι
1588 3369 1695 3421 τῶν
1729 3366 1897 3442 ἁγίων

248 3450 598 3524 ἀποστόλων,
646 3453 768 3519 ἔνθα
816 3454 869 3510 ἓν
920 3453 1076 3527 Ἀσίᾳ
1123 3455 1471 3509 συντάσσεται
1531 3458 1652 3515 ταῖς
1704 3452 1899 3525 ἐκκλη-

247 3540 381 3605 σίαις
411 3541 583 3612 αότῆς
616 3545 644 3598 ὁ
672 3541 913 3607 Παῦλος.

740 3635 852 3690 ΕΙΣ
892 3635 983 3691 ΤΟ
1020 3635 1287 3691 ΚΕΦΑΛ.
1329 3633 1406 3687 A'.

313 3720 645 3798 Θεολογικάς
682 3765 694 3776 .
770 3724 1085 3796 Σημείωσαι
1161 3722 1243 3777 ὅτι
1325 3721 1479 3796 ἱτὲρα
1551 3720 1897 3796 πραγματεία

246 3810 546 3883 πεπόνηται
573 3816 652 3883 τῷ
700 3812 869 3887 Ηατρὶ
901 3813 1067 3867 οἱονεί
1099 3812 1485 3886 προεισαγωγή
1526 3830 1611 3873 τις
1633 3811 1721 3864 καὶ
1756 3830 1895 3882 προ-

246 3901 441 3975 θεωρία
472 3902 517 3936 ⁵ο
546 3897 911 3975 στοιχειώδης
933 3904 1039 3956 τῶν
1088 3903 1209 3973 περὶ
1265 3903 1397 3955 Θεοῦ
1426 3899 1477 3954 ἐν
1518 3904 1636 3961 ταῖς
1664 3904 1895 3975 γραφαῖς

246 3986 521 4065 σποράδην
553 3988 888 4063 εἰρημένων*
916 3987 1043 4058 ἤτοι
1077 3988 1368 4063 ἐπίμνησις
1409 3992 1473 4058 ἦν
1506 3990 1727 4058 ἧστινος
1759 3990 1895 4043 κατά

242 4076 567 4143 ἀκολουθίαν
597 4080 632 4149 ἡ
664 4075 913 4154 παροῦσα
943 4078 1090 4151 αὐτῷ
1118 4078 1598 4155 πεπραγμάτευται
1630 4080 1696 4135 υ.

310 4256 421 4313 Οὐκ
471 4256 523 4312 ἐν
574 4260 802 4321 πειθοῖς.
845 4260 911 4315 Ἡ
963 4258 1275 4335 ἀνθρωπίνη
1330 4258 1491 4322 σοφία
1542 4256 1602 4314 ἐκ
1646 4261 1757 4313 τῶν
1806 4256 1892 4312 αἷ-

246 4352 460 4418 σθητῶν
514 4348 610 4410 τὰς
658 4348 1025 4419 πιθανότητας
1068 4353 1175 4404 τῶν
1206 4345 1530 4419 ἀποδείξεων
1573 4347 1889 4421 ἐρανίζεται·

245 4437 278 4503 ἡ
310 4437 414 4512 γὰρ
458 4434 675 4512 μεγάλη
707 4441 815 4491 τῶν
867 4435 1256 4513 συλλογισμῶν
1298 4438 1501 4512 ἀνάγκη
1551 4443 1652 4506 τῆς
1682 4455 1893 4511 γεωμε-

242 4526 392 4599 τρίας
445 4526 545 4588 τὰς
594 4526 846 4604 ἀφορμὰς
892 4520 1330 4601 παραλαμϐάνω
1383 4525 1469 4580 ἐπὶ
1520 4523 1576 4580 δὲ
1616 4529 1726 4580 τῶν
1758 4525 1894 4578 ἀσω-

247 4616 453 4687 μάτων,
490 4613 703 4687 μᾶλλον
739 4612 796 4669 δὲ
837 4616 929 4669 καὶ
982 4612 1441 4687 ὑπερασωμάτων,
1472 4614 1561 4668 καὶ
1615 4614 1745 4687 ὑπὲρ
1790 4618 1897 4667 πᾶ-

244 4724 331 4758 σαν
365 4703 576 4774 οὐσίαν,
607 4708 725 4765 πῶς
758 4701 819 4758 ἄν
864 4724 949 4766 τις
983 4702 1221 4779 λογικῶς
1271 4702 1603 4774 ἐπιστήσειεν
1654 4702 1895 4779 ἆνερμη-

243 4792 462 4863 νεύτως,
496 4792 546 4848 εἴ
576 4795 653 4866 μὴ
711 4792 873 4866 μόλις
923 4796 1002 4864 τῷ
1048 4791 1331 4867 ἀκροτάτῳ
1362 4791 1506 4847 ἄνθει
1542 4795 1641 4847 τοῦ
1670 4796 1766 4845 νοῦ
1794 4792 1894 4861 τὴν

244 4882 362 4957 περὶ
394 4885 531 4938 Θεοῦ
581 4881 878 4957 ἀγνωσίαν,
912 4880 941 4935 ὅ
970 4902 1020 4935 τι
1051 4882 1185 4936 ποτε
1228 4879 1339 4935 ἐστι
1385 4879 1474 4936 διὰ
1518 4888 1619 4951 τῆς
1665 4879 1894 4954 εἰλικρι-

244 4975 366 5035 νοῦς
398 4965 695 5043 εὐσεϐείας,
727 4968 1025 5043 ἀλαλήτως
1062 4975 1301 5026 συννοεῖν
1335 4968 1653 5044 δυνάμενος.

315 5150 601 5222 Ἐννοῆσαί
656 5173 707 5205 τι
766 5149 890 5227 περὶ
958 5158 1057 5221 τῆς
1114 5150 1441 5225 ὑπερουσίου
1475 5194 1487 5207 .
1550 5150 1894 5225 Ὑπερούσιος

249 5244 276 5296 ὁ
331 5243 482 5312 Θεὸς,
539 5242 616 5303 ὡς
672 5240 805 5316 ὁπὶρ
865 5246 1036 5295 πᾶσαν
1096 5241 1281 5296 οὐσίαν
1337 5239 1727 5317 θεωρούμενος,
1787 5238 1893 5295 εἴτε

247 5333 465 5406 νοητὴν,
498 5329 607 5387 εἴτε
628 5329 840 5407 νοερᾶν,
872 5328 1070 5403 πολλῷ
1103 5327 1160 5385 δὲ
1193 5329 1407 5403 μᾶλλον
1434 5329 1722 5401 αἷσθητήν.

313 5510 817 5586 Ὑπεροοσιότητος.
876 5506 941 5566 Εἴ
1010 5504 1168 5564 οὐσία
1226 5505 1442 5584 λεγεται
1501 5510 1647 5584 παρὰ
1702 5511 1765 5566 τὸ
1825 5512 1890 5567 εῖ-

2084 2569 2185 2626 92
2216 2570 2243 2637 §
2273 2572 2314 2625 Ι.
2348 2569 2714 2641 Areopagitae.
2750 2571 2906 2635 Quos
2952 2567 3091 2623 olim
3124 2567 3313 2624 sancti
3351 2582 3483 2621 cum
3516 2581 3656 2638 gen-

2006 2657 2140 2713 tiles
2153 2660 2220 2713 ad
2231 2658 2343 2713 huc
2357 2658 2847 2715 vivebanttitulos
2868 2656 3457 2723 habuerant,eosdem
3476 2655 3654 2710 etiam

2009 2763 2042 2801 a
2071 2749 2447 2803 conversione
2476 2749 2549 2803 ad
2581 2748 2896 2816 Christum,
2931 2746 3043 2803 sibi
3076 2746 3202 2801 sine
3234 2745 3444 2799 rubore
3470 2743 3656 2798 ascri-

2007 2836 2260 2906 bebant;
2292 2852 2424 2892 ecce
2454 2837 2610 2893 enim
2644 2838 2903 2908 seipsum
2938 2834 3348 2907 Areopagitam
3389 2830 3655 2904 agnomi-

2007 2925 2186 2991 navit,
2247 2926 2750 2997 quemadmodum
2804 2924 3038 2980 divinus
3097 2939 3333 2996 quoque
3380 2920 3655 2977 Justinus

2004 3014 2279 3070 Adversus
2307 3015 2540 3083 Graecos,
2570 3017 2792 3072 Jusrim
2820 3015 3162 3071 PHILosorai
3191 3012 3411 3067 librum
3439 3009 3656 3066 inscri-

2007 3104 2146 3175 psit.

2079 3191 2541 3265 Compresbytero.
2559 3193 2783 3251 Nomen
2808 3191 3128 3267 presbyteri
3150 3190 3487 3263 episcopum
3511 3205 3654 3261 quo-

2009 3297 2120 3353 que
2142 3282 2415 3355 designat
2441 3301 2454 3351 ;
2478 3283 2789 3355 episcopus
2811 3287 3005 3339 autem
3026 3286 3082 3336 et
3102 3280 3405 3352 presbyter
3421 3277 3655 3334 est.Hoc

2008 3370 2339 3427 declaratur
2358 3372 2416 3427 in
2430 3372 2588 3428 Actis
2602 3376 2943 3427 sanctorum
2970 3368 3495 3442 apostolorum,uhi
3512 3371 3655 3421 Pau-

2006 3457 2099 3515 lus
2122 3459 2181 3514 in
2214 3460 2352 3516 Asia
2376 3461 2505 3531 ejus
2535 3460 2798 3516 ecclesiis
2830 3459 3030 3531 aliqua
3051 3457 3401 3530 praescribit.

2646 3637 2720 3692 IN
2774 3637 2930 3693 CAP.
2964 3638 3009 3692 Ι.

2078 3726 2445 3796 Theologicas.
2476 3726 2833 3796 Nota,alium
2857 3726 3173 3797 quemdam
3197 3724 3411 3779 librum
3438 3740 3471 3778 a
3488 3723 3653 3778 Patre

2005 3815 2390 3884 elaboratum,
2441 3816 2618 3872 veluti
2650 3815 3192 3888 praeinductionem,
3224 3818 3281 3871 et
3336 3812 3653 3869 elementa-

2005 3905 2151 3961 riam
2184 3905 2742 3977 praameditationem
2774 3920 2979 3961 eorum
2994 3922 3120 3977 quae
3142 3903 3393 3975 sparsim
3415 3901 3475 3957 in
3499 3900 3653 3960 Scri-

2002 3996 2191 4067 pturis
2224 3995 2295 4051 de
2325 3996 2441 4051 Deo
2472 3995 2629 4050 dicta
2659 3995 2893 4049 fuerunt
2920 4012 2934 4062 ;
2958 3993 3184 4050 scilicet
3212 3991 3655 4048 reminiscentia

2002 4085 2103 4140 93
2126 4092 2269 4155 erat,
2303 4089 2436 4155 post
2467 4099 2642 4155 quem
2686 4084 2888 4138 ordine
2918 4082 3067 4137 liber
3100 4082 3194 4137 hic
3226 4083 3298 4137 ab
3330 4081 3458 4154 ipso
3489 4095 3648 4136 com-

2003 4174 2231 4245 positus
2252 4178 2359 4229 est.

2072 4263 2191 4317 Non
2221 4262 2282 4317 in
2308 4261 2799 4334 persuasibilibus.
2832 4261 3101 4316 Humana
3136 4258 3422 4329 sapientia
3443 4257 3647 4329 proba-

2002 4353 2258 4409 bilitates
2285 4353 2854 4410 demonstrationum
2903 4368 2971 4407 ex
3018 4349 3338 4406 sensilibus
3387 4349 3647 4405 emendi-

2003 4446 2131 4511 cat;
2166 4458 2380 4515 magna
2413 4443 2568 4498 enim
2588 4441 3062 4514 syllogismorum
3096 4438 3371 4494 credendi
3402 4437 3646 4503 coactio,

2003 4533 2153 4588 vires
2204 4532 2537 4604 geometriae
2589 4532 2660 4587 ad
2719 4530 3195 4603 persuadendum
3250 4527 3465 4599 excipit
3514 4545 3528 4597 ;
3586 4527 3648 4582 in

2003 4621 2361 4693 incorporeis
2406 4626 2626 4692 autem,
2684 4620 2802 4675 imo
2852 4620 2911 4675 in
2973 4620 3045 4675 iis
3099 4634 3224 4690 quae
3282 4617 3649 4689 incorporea,

2002 4712 2454 4782 universamque
2484 4715 2766 4782 superant
2816 4708 3154 4777 essentiam,
3205 4706 3499 4780 quomodo
3537 4704 3648 4762 ali-

2003 4802 2139 4872 quis
2170 4799 2570 4855 ratiocinando
2602 4803 2854 4855 mentem
2899 4798 3194 4867 adhibeat,
3245 4794 3520 4867 explicari
3550 4810 3647 4850 ne-

2002 4890 2154 4962 quit,
2178 4890 2292 4946 nisi
2323 4906 2559 4946 summo
2592 4888 2808 4945 mentis
2841 4888 3003 4958 ﬂore,
3046 4888 3113 4943 de
3142 4885 3510 4959 ignoratione
3543 4882 3646 4939 Dei

2003 4979 2286 5051 quidnam
2319 4979 2418 5048 sit,
2470 4994 2572 5051 per
2600 4993 2809 5050 puram
2861 4975 3225 5049 religionem,
3276 4972 3648 5029 ineﬂ‘abiliter

2002 5068 2258 5140 cogitare
2288 5066 2495 5123 valeat.

2075 5156 2333 5224 Cogitare
2358 5156 2580 5228 aliquid
2597 5155 2664 5211 de
2689 5153 3151 5227 superessentiali.
3186 5153 3341 5209 Deus
3372 5154 3459 5208 est
3472 5167 3650 5223 supra

2003 5248 2347 5314 essentiam,
2374 5250 2439 5300 ut
2464 5245 2567 5316 qui
2600 5262 2779 5317 supra
2804 5243 3118 5299 essentiam
3152 5258 3388 5297 omnem
3412 5240 3648 5311 conspi-

1921 5315 1964 5383 CI
2003 5334 2309 5404 citur,.seu
2351 5315 2543 5389 mente
2602 5315 2960 5406 perceptam,
3019 5348 3123 5387 seu
3171 5330 3642 5403 intelligentem;

2001 5422 2189 5479 multo
2219 5428 2417 5479 autem
2450 5425 2638 5495 magis
2669 5422 2970 5477 sensilem.

2070 5511 2690 5586 Superessentialitatis.
2747 5510 2805 5566 Si
2862 5507 3038 5582 οὐσία,
3094 5508 3372 5577 essentia,
3416 5507 3645 5563 dicatur

1263 5636 1504 5694 VARUE
1535 5637 1922 5696 LECTIONES
1951 5643 2038 5695 ET
2066 5637 2617 5697 CORRECI‘IONES.

320 5737 362 5773 ⁸ο
387 5731 602 5812 θεωρία.
678 5730 1122 5809 ἰπραγματεύθη.
