4080 6366
353 362 455 420 187

1180 357 1545 412 ΑΡΡΕΝΒΙΧ
1585 358 1681 409 AD
1720 354 1962 408 OPERA
1999 355 2057 407 S.
2096 355 2413 417 DIONYSII
2452 366 2956 423 AREOPAGITE.

3676 358 3782 413 188

353 491 425 546 ab
448 486 605 554 εἶναι,
630 499 792 552 esse;
819 481 951 537 εἶναι
983 485 1181 538 autem
1213 480 1609 552 cognitionem
1626 478 1879 549 alicujus
1910 476 2007 532 de-

2157 499 2228 533 αι⁶
2260 482 2322 537 τὸ
2356 483 2412 540 δὲ
2463 487 2598 542 εἶναι
2648 490 2985 562 παραγωγῆς
3014 505 3163 547 τινος
3205 480 3414 539 ἔννοιαν
3449 482 3775 559 ὑπογράφει.

352 576 650 635 ductionis
673 574 966 646 designet,
1002 572 1249 627 minime
1286 570 1517 642 proprie
1549 567 2014 635 oﬁeta,essentia,

354 668 426 724 de
460 668 571 722 Deo
604 664 747 719 dicit
772 661 1003 735 poterit.
1047 661 1203 716 Deus
1235 661 1396 715 enim
1431 674 1665 715 omnem
1692 656 2013 712 essentiam

355 754 778 827 supereminet:
813 768 947 806 cum
981 750 1127 805 nihil
1160 766 1355 805 rerum
1390 746 1763 813 exsistat,sed
1795 762 1885 800 res
1910 761 1978 799 su

356 849 519 918 peret
549 848 605 898 et
634 843 711 898 sit
736 858 806 897 ex
836 857 953 911 quo
984 839 1185 895 omnia
1227 839 1603 903 subsistunt;
1660 852 1796 890 nam
1831 834 2015 889 solius

356 935 458 991 Dei
490 932 720 990 occulta
751 930 1029 987 omnibus
1063 928 1340 983 divinitas
1372 932 1461 982 est
1482 930 1742 998 potestas
1773 924 1843 978 ad
1866 923 2017 1007 divi:

361 1023 564 1079 uitatis
587 1019 944 1093 principium
970 1022 1396 1091 spectans,quas
1425 1016 1676 1086 imperat
1704 1014 1778 1068 iis
1802 1013 1902 1083 qui
1936 1011 2017 1065 dil

361 1113 660 1176 dicuntur,
694 1126 797 1165 seu
822 1108 1073 1179 angelis,
1097 1123 1198 1162 seu
1224 1106 1443 1161 sanctis
1474 1103 1837 1172 hominibus,
1864 1102 2019 1156 sicut

362 1203 540 1259 etiam
573 1205 798 1256 creator
828 1201 917 1253 est
947 1212 1151 1253 eorum
1205 1195 1305 1267 qui
1356 1211 1456 1267 per
1506 1191 2015 1264 participationem

362 1295 501 1346 sunt
532 1288 636 1357 dii,
681 1303 886 1358 reapse
929 1301 997 1341 ex
1032 1285 1227 1357 seipsa
1259 1288 1314 1339 et
1355 1284 1480 1339 sine
1514 1280 1636 1337 ulla
1672 1296 1850 1336 causa
1890 1280 2018 1351 ipsa

363 1379 640 1436 divinitas
671 1377 981 1433 exsistens.

435 1467 537 1523 Cui
564 1464 1063 1537 superessentialis.
1100 1466 1143 1515 A
1177 1462 1301 1518 sola
1340 1463 1494 1517 enim
1528 1461 1660 1533 ipsa
1691 1459 2013 1523 divinitate,

364 1557 465 1612 illa
495 1573 621 1627 quae
645 1556 833 1626 ipsam
866 1554 1153 1624 spectant,
1186 1552 1479 1623 quomodo
1523 1568 1554 1606 a
1603 1556 1763 1622 parle
1795 1552 2016 1604 naturae

366 1662 429 1701 se
458 1644 698 1709 habent,
731 1641 866 1696 sciri
893 1643 1139 1711 queunt.

440 1733 674 1789 Badium
702 1730 1082 1786 oraculorum.
1118 1729 1291 1783 Recte
1339 1728 1507 1795 dixit,
1538 1727 1780 1793 radium,
1813 1730 1870 1781 et
1899 1742 2013 1781 non

2126 574 2225 628 οὐκ
2264 574 2322 629 ἂν
2373 573 2588 651 λέγοιτο
2637 577 2841 653 κυρίως
2888 576 3045 631 οὐσία
3092 573 3181 629 ἐπὶ
3229 576 3381 628 Θεοῦ.
3433 572 3616 641 ΙΙάσης
3671 571 3774 644 γὰρ

2125 662 2308 726 οὐσίας
2343 665 2647 741 ὑπέρκειται
2676 667 2704 721 6
2734 668 2883 727 Θεὸς.
2917 664 3070 720 οὐδέν
3094 685 3145 717 τι
3176 666 3282 717 τῶν
3313 659 3481 716 ὄντων
3511 657 3606 729 ὥν,
3648 658 3776 714 ἀλλ’

2130 753 2260 826 ὑπὲρ
2307 754 2373 808 τὰ
2420 751 2568 823 ὅντά,
2614 754 2704 810 καὶ
2755 754 2805 825 ἐξ
2856 754 2917 808 οὗ
2964 754 3029 808 τὰ
3079 749 3225 807 ὄντα’
3258 754 3293 819 ἡ
3324 750 3425 825 γὰρ
3472 754 3568 804 τοῦ
3604 750 3775 822 μόνου

2126 847 2263 896 Θεοῦ
2289 849 2445 898 πᾶσιν
2477 844 2791 921 ἀπόκρυφος
2824 843 3013 912 θεότης
3045 842 3309 915 θεαρχικὴ
3340 837 3565 910 δύναμίς
3608 837 3774 905 ἐστιν,

2127 928 2376 1006 ἄρχουσα
2426 937 2533 988 τῶν
2587 932 2896 1010 λεγομένων
2962 936 3119 999 θεῶν,
3181 927 3286 983 εἴτε
3337 926 3608 1002 ἀγγέλων,
3669 924 3777 979 εἴτε

2128 1020 2288 1094 ἁγίων
2324 1022 2647 1097 ἀνθρώπων,
2678 1023 2815 1085 καθά
2867 1025 2914 1058 ⁶²
2945 1022 3028 1075 οιαὶ
3066 1017 3403 1093 δημιουργός
3437 1015 3547 1070 ἐστι
3582 1018 3689 1069 τῶν
3718 1013 3781 1067 ἐκ.

2131 1110 2389 1183 μεθέξεων
2438 1112 2738 1184 γινομένων
2796 1113 2930 1166 θεῶν
2982 1112 3016 1179 ἡ
3066 1114 3145 1182 τῷ
3190 1103 3307 1163 ὄντι
3362 1106 3414 1175 ἐξ
3464 1106 3658 1173 ἑαυτῆς
3687 1102 3778 1156 καὶ

2125 1200 2380 1263 ἀναιτίως
2409 1200 2735 1270 αὐτοθεότης
2764 1203 2807 1236 ⁵³
2838 1198 2991 1255 οῦσα.

2197 1466 2348 1541 Αὐτῇ
2377 1472 2478 1538 τήν
2517 1468 2855 1544 ὑπερούσιον.
2888 1466 3042 1541 Μόνῃ
3074 1467 3173 1541 γὰρ
3198 1464 3333 1538 αὐτῇ
3363 1469 3433 1538 τῇ
3467 1466 3682 1533 θεότητι
3711 1461 3781 1516 τά

2123 1560 2242 1621 καθ’
2273 1558 2490 1629 ἑαυτὴν,
2525 1559 2597 1619 ὡς
2629 1554 2747 1633 ἔχει
2776 1556 3005 1633 φύσεως,
3033 1555 3295 1624 ἐπιστητά
3322 1556 3388 1610 ⁸⁸.

2197 1735 2409 1813 Λογίων
2463 1737 2637 1799 ἀκτίς,
2688 1734 2879 1796 Καλῶς
2931 1735 3072 1789 εἶπεν
3122 1733 3298 1798 ἀκτὶς,
3338 1731 3426 1787 καὶ
3460 1730 3567 1805 οὐχ
3594 1729 3781 1798 ἥλιος·

365 1824 583 1885 solem;
614 1820 1120 1893 quemadmodum
1170 1818 1327 1873 enim
1378 1817 1436 1872 in
1486 1817 1670 1872 solem
1714 1816 2017 1871 intendere

2157 1826 2307 1898 ἇσπερ
2340 1828 2443 1901 γὰρ
2477 1831 2553 1898 τῷ
2584 1824 2731 1897 ἡλίῳ
2760 1824 3051 1879 ένατενίσαι
3085 1824 3148 1877 οὐ
3182 1821 3474 1894 δυνάμεθα,
3499 1820 3625 1875 ἀλλ’
3652 1817 3787 1881 ἴσως

367 1912 705 1984 nequimus,
741 1910 842 1964 sed
872 1908 1138 1963 fortassis
1170 1908 1229 1962 in
1274 1907 1404 1978 ejus
1449 1907 1680 1974 radios;
1715 1906 1797 1961 ita
1836 1910 2017 1961 Deum

367 2003 562 2073 ipsum
590 1999 849 2071 cogitare
884 2014 1000 2052 non
1032 1996 1316 2053 valemus.

440 2089 804 2144 Moderatione
832 2088 979 2141 circa
1003 2086 1214 2141 divina.
1252 2086 1448 2156 Neque
1479 2085 1632 2140 enim
1668 2087 1886 2140 temere
1917 2100 2022 2138 au-

374 2179 634 2236 dendum
665 2176 725 2231 in
757 2192 1029 2231 sermone
1060 2176 1130 2230 de
1160 2180 1273 2231 Deo
1301 2194 1313 2243 ;
1347 2178 1448 2232 sed
1472 2175 1774 2230 moderata
1796 2172 2025 2228 ratioci-

376 2267 614 2324 natione
642 2265 1118 2337 persequendum
1172 2264 1535 2336 religionem,
1591 2279 1766 2333 quam
1815 2261 2023 2315 divinas

378 2355 669 2427 majestati
692 2354 1127 2421 debemus,sola
1154 2353 1255 2407 illa
1280 2353 1730 2425 pronuntiantes
1753 2355 1930 2421 atque
1951 2349 2025 2404 ad

380 2443 919 2517 interpretationem
949 2442 1327 2507 adducentes,
1363 2458 1493 2513 quae
1518 2442 1589 2495 de
1635 2441 1751 2495 Deo
1782 2440 1841 2493 in
1874 2437 2026 2494 Scri-

380 2538 555 2608 ptura
581 2531 759 2590 veluti
790 2532 1025 2588 oraculo
1057 2530 1298 2588 deﬁnita
1327 2535 1486 2600 sunt,
1519 2529 1671 2586 sicut
1700 2527 1875 2601 paulo
1894 2530 2028 2582 ante

382 2623 548 2680 dixit.

458 2710 1074 2782 Verissimwtheologz.
1105 2708 1253 2764 Vide
1295 2708 1588 2779 quomodo
1630 2722 1825 2762 veram
1864 2706 2029 2761 theo-

380 2800 597 2872 logiam
629 2804 795 2855 vocet
825 2799 1004 2854 divini
1057 2797 1219 2853 Pauli
1268 2798 1662 2866 Scripturam;
1708 2795 1833 2864 ipse
1873 2794 2028 2849 enim

384 2896 475 2946 est
507 2889 607 2960 qui
654 2889 818 2954 dicit,
863 2887 1068 2942 donari
1118 2886 1428 2941 manifeste
1478 2902 1510 2939 a
1553 2885 1668 2940 Deo
1709 2884 2031 2939 secundum

388 2993 728 3033 mensuram
745 2977 1034 3047 cujusque
1053 2975 1349 3030 facultatis
1380 2975 1832 3030 illustrationern
1852 2990 1865 3039 ;
1883 2972 2035 3026 sicut

387 3065 543 3121 enim
579 3063 862 3119 Dominus
880 3062 1137 3117 declarat
1166 3064 1366 3118 dicens
1400 3059 2033 3135 perfectioribusdisci-

389 3152 546 3227 pulis
582 3169 596 3207 :
637 3153 797 3209 Vobis
817 3151 1006 3206 datum
1036 3161 1114 3207 est
1144 3168 1304 3208 nosse
1333 3154 1605 3225 mysteria
1620 3152 1724 3206 94
1753 3151 1908 3221 regni
1929 3149 2028 3220 (h),

386 3243 569 3298 veluti
601 3258 736 3297 cum
789 3240 992 3311 majori
1046 3242 1257 3296 mentis
1303 3242 1655 3313 perfectione
1696 3241 1768 3295 iis
1810 3256 1933 3311 quae
1967 3239 2036 3293 de

388 3336 506 3390 Deo
520 3331 1248 3387 dicunturattendentibus
1265 3352 1278 3399 ;
1297 3348 1411 3386 non
1436 3330 1625 3387 solum
1650 3328 2037 3385 autemdebo-

392 3421 656 3477 minibus
679 3420 822 3475 dicit
842 3420 951 3475 hoc
977 3420 1266 3493 disputari
1286 3437 1537 3493 magnus
1558 3420 1874 3492 Dionysius
1906 3432 2037 3487 ;ve-

393 3527 525 3567 rum
540 3510 716 3566 etiam
732 3510 802 3566 de
816 3510 1218 3583 angelis,quos
1236 3510 1383 3566 solet
1396 3510 1701 3565 nominare
1713 3509 1928 3565 secund
1940 3523 2039 3562 um

398 3601 683 3672 quosdam
718 3601 993 3670 profanos
1026 3600 1407 3671 philosophos
1446 3608 1689 3660 mentes;
1722 3615 1847 3669 quas
1867 3612 2041 3668 supe-

399 3689 621 3745 riorum
652 3688 928 3744 ordinum
960 3692 1188 3743 mentes
1220 3688 1385 3744 dictae
1419 3691 1652 3749 sunt,ut
1683 3687 1922 3741 omnino
1946 3703 2042 3741 es-

400 3776 725 3834 sentialitor
753 3793 919 3831 mens
967 3777 1336 3843 exsistentes,
1369 3776 1568 3830 omnia
1623 3775 2043 3847 intelligentes,

403 3884 528 3939 quas
552 3867 713 3922 unite
735 3865 893 3921 aDeo
926 3867 984 3921 in
1017 3866 1177 3937 ipsos
1206 3865 1482 3922 continuo
1505 3864 1872 3920 derivantur:
1891 3865 2046 3919 unde

403 3960 461 4011 et
490 3955 595 4010 toti
622 3954 878 4010 totaliter
911 3954 1197 4010 inoculari
1224 3955 1506 4010 dicuntur
1554 3955 1614 4008 in
1648 3953 2047 4009 sanctissimis

404 4043 765 4101 cberubinis.

477 4135 678 4189 Divina
707 4134 1039 4190 revelantur.
1085 4134 1235 4189 Nota
1277 4133 1515 4207 angelos
1537 4135 1709 4204 juxta
1750 4131 2051 4205 proprium

409 4227 646 4295 captum
680 4222 777 4278 Dei
811 4224 1141 4294 cognitione
1173 4224 1381 4295 dignos
1411 4222 1632 4279 haberi.

477 4403 697 4457 Iustitia
735 4402 993 4457 salutari.
1030 4399 1266 4467 Idcirco,
1295 4400 1509 4472 inquit,
1542 4406 1687 4456 Deus
1738 4399 2059 4470 unicuique

410 4492 735 4545 secundum
766 4490 895 4559 ejus
916 4489 1068 4544 vires
1098 4488 1335 4557 revelat,
1362 4506 1477 4544 non
1512 4492 1665 4561 quod
1691 4490 1861 4561 plura
1883 4490 2057 4544 dene-

2131 1921 2248 1978 ταῖς
2278 1916 2399 1990 περὶ
2446 1915 2607 1970 αὑτὸν
2660 1915 2890 1985 ἀκτῖσιν,
2924 1911 3067 1967 οὕτω
3117 1912 3245 1967 Θεὸν
3300 1910 3462 1965 αὐτὸν
3496 1915 3691 1978 νοῆσαι
3723 1908 3789 1963 οὐ

2132 2008 2324 2080 χωροῦ
2334 2025 2448 2076 μεν.

2202 2098 2277 2167 Τῇ
2311 2093 2433 2168 περὶ
2479 2093 2546 2147 τὰ
2592 2094 2709 2146 θεῖα
2762 2089 3109 2166 σωφροσύνῃ.
3160 2089 3235 2143 Οὐ
3282 2088 3385 2163 γὰρ
3426 2084 3789 2158 κατατολμη-

2132 2182 2251 2237 τέον
2282 2186 2326 2219 ⁵⁵
2367 2180 2669 2257 θεολογίας,
2710 2179 2858 2236 ἀλλὰ
2916 2181 3285 2256 σωφρονοῦντι
3337 2174 3594 2251 λογισμῷ
3643 2196 3791 2247 μετι-

2132 2273 2250 2326 τέον
2283 2273 2380 2339 τήν
2416 2270 2539 2346 περὶ
2568 2271 2631 2326 τὸ
2682 2272 2825 2323 θεῖον
2867 2264 3026 2324 σέϐας
3060 2267 3317 2336 ὁσιότητα
3346 2267 3410 2334 ⁵⁸,
3448 2265 3585 2336 μόνα
3617 2276 3791 2339 φθεγ-

2135 2360 2403 2435 γομένους
2450 2359 2539 2413 καὶ
2571 2360 2708 2432 πρὸς
2759 2357 3047 2432 ἑρμηνείαν
3079 2356 3312 2430 ἄγοντας
3364 2353 3540 2408 ἐκεῖνα
3571 2353 3635 2407 τὰ
3665 2354 3787 2425 περὶ

2134 2454 2231 2503 τοῦ
2261 2452 2395 2503 Θεοῦ
2441 2449 2577 2501 κατά
2622 2448 2719 2515 τὴν
2770 2448 2985 2524 Γραφήν
3020 2441 3523 2521 χρησμῳδηθέντα,
3561 2441 3635 2502 ὡς
3682 2442 3790 2515 πρὸ

2142 2543 2338 2614 μικροῦ
2372 2538 2517 2593 εἶπεν
2548 2540 2611 2593 ⁵⁷.

2211 2715 2582 2790 Ἀληθεστάτῃ
2643 2712 2934 2788 θεολογίᾳ.
2988 2714 3128 2784 Ὅρα
3186 2714 3304 2772 πῶς
3362 2706 3545 2779 ἀληθῆ
3604 2706 3795 2771 θεολο-

2139 2804 2256 2880 γίαν
2289 2803 2449 2859 καλεῖ
2497 2805 2594 2872 τὴν
2644 2806 2741 2857 τοῦ
2773 2800 2920 2866 θείου
2969 2798 3187 2856 Παύλου
3226 2800 3466 2876 Γραφήν·
3499 2796 3661 2859 αὐτὸς
3690 2794 3793 2870 γάρ

2141 2893 2279 2949 ἐστιν
2318 2895 2344 2948 6
2376 2891 2571 2967 λέγων,
2606 2890 2688 2946 ὅτι
2735 2892 2871 2945 κατὰ
2916 2889 2978 2943 τὸ
3015 2888 3206 2961 μέτρον
3237 2891 3337 2952 τῆς
3377 2887 3604 2940 ἑκάστου
3636 2882 3798 2938 δι)νά-

2147 3002 2290 3054 μεως
2344 2983 2379 3049 ἠ
2446 2982 2594 3054 παρά
2646 2983 2783 3034 Θεοῦ
2841 2981 3164 3053 χορηγεῖται
3220 2978 3405 3052 σαφῶς
3466 2972 3747 3046 ἔλλαμψις
3784 2992 3797 3004 ’

2146 3071 2325 3144 ὥσπερ
2355 3072 2397 3105 ⁸⁸
2422 3069 2511 3123 καὶ
2546 3070 2574 3123 6
2614 3067 2809 3141 Κύριος
2853 3064 3020 3136 δηλοῖ
3068 3066 3243 3139 λέγων
3293 3068 3409 3125 τοῖς
3441 3061 3802 3134 τελειοτέροις

2151 3163 2442 3232 μαθηταῖςο
2502 3159 2656 3228 Ὑμῖν
2715 3152 2929 3210 δέδοται
2986 3157 3188 3228 γνῶναι
3246 3152 3315 3206 τὰ
3373 3152 3647 3225 μυστήρια
3697 3157 3799 3219 τῆς

2152 3245 2447 3323 βασιλείας,
2508 3247 2598 3300 ἅτε
2664 3245 2754 3299 καὶ
2826 3242 3241 3317 νοονεχέστερον
3296 3240 3626 3314 προσέχουσι
3683 3243 3804 3301 τοῖς

2147 3336 2579 3408 θεσπιζομένοις.
2614 3335 2694 3391 Οὐ
2730 3329 2893 3406 μόνον
2921 3330 2977 3387 δὲ
3004 3330 3166 3385 τοῦτο
3187 3329 3311 3403 περὶ
3344 3329 3644 3403 ἀνθρώπων
3668 3328 3801 3405 φησί

2150 3422 2489 3499 διαλέγεσθαι
2528 3425 2573 3460 ⁶⁰
2606 3425 2633 3477 ὁ
2670 3424 2836 3497 μέγας
2884 3421 3193 3489 Διονύσιος,
3224 3417 3370 3474 ἀλλά
3411 3416 3502 3472 καὶ
3533 3417 3658 3491 περὶ
3689 3420 3797 3470 τῶν

2151 3512 2420 3589 ἀγγέλων,
2464 3510 2556 3574 οὓς
2606 3510 2788 3567 εἷ’ωθεν
2840 3509 3125 3583 ὀνομάζειν
3169 3509 3305 3562 κατά
3347 3528 3499 3569 τινας
3542 3510 3650 3560 τῶν
3700 3510 3801 3574 τῆς

2150 3599 2251 3674 ἔξω
2307 3601 2632 3680 φιλοσοφίας
2692 3599 2817 3661 νόας
2853 3617 2866 3631 ⁸
2930 3597 3125 3661 οἵτινες
3174 3602 3282 3651 τῶν
3346 3597 3456 3650 ἄνω
3513 3595 3811 3669 ταγμάτων

2151 3692 2273 3755 vos:
2304 3688 2567 3765 εἴρηνται,
2600 3690 2673 3751 ὡς
2702 3690 2765 3743 τὸ
2790 3693 2891 3742 πᾶν
2924 3691 3048 3748 νοῦς
3082 3685 3433 3757 οὖσιωμένως
3475 3679 3644 3751 ὄντες,
3673 3683 3808 3756 [καὶ]

2153 3782 2327 3837 πάντα
2353 3784 2625 3847 νοοῦντες,
2666 3776 2879 3838 ένιαίως
2906 3777 2974 3832 τὰ
3020 3775 3081 3830 έκ
3111 3779 3244 3831 Θεοῦ
3278 3773 3468 3851 ῥέοντα
3516 3775 3811 3846 προσεχῶς

2157 3870 2234 3933 εἲς
2263 3872 2307 3906 ⁶⁰
2337 3868 2550 3932 αὐτούς·
2581 3867 2697 3930 ὅθεν
2732 3866 2820 3921 καὶ
2855 3863 2977 3920 ὅλοι
3011 3863 3158 3925 δλως
3202 3862 3686 3937 κατομματοῦσθαι
3721 3858 3813 3914 λέ-

2157 3978 2350 4035 γονται
2383 3956 2435 4011 ἐν
2467 3962 2585 4019 τοῖς
2617 3955 2936 4030 ἁγιωτάτοις
2962 3952 3261 4029 χερουβίμ.

2234 4133 2693 4194 Ἀνακαλύπτεται
2750 4133 2817 4187 τὰ
2885 4134 3021 4189 θεῖα.
3084 4130 3403 4204 Σημείωσαι
3462 4127 3545 4183 ὅτι
3614 4128 3705 4182 καὶ
3765 4126 3823 4180 οἱ

2164 4223 2387 4301 ἄγγελοι
2436 4222 2570 4278 κατά
2615 4223 2714 4291 τὴν
2766 4221 2965 4277 οἴκειαν
3012 4219 3309 4295 ἀναλογίαν
3356 4224 3455 4287 τῆς
3494 4214 3824 4292 Θεογνωσίας

2165 4315 2460 4387 ἀξιοῦνται.

2239 4404 2325 4458 ’Ev
2378 4401 2620 4472 σωστικῇ
2679 4395 3007 4471 δικαιοσύνῃ.
3068 4398 3167 4452 Διὰ
3212 4401 3404 4465 τοῦτο,
3460 4392 3644 4469 φησὶν,
3701 4392 3823 4446 ἑκά-

2168 4512 2276 4563 στῳ
2332 4491 2467 4543 κατά
2521 4489 2619 4556 τήν
2677 4486 2841 4540 αὐτοῦ
2893 4483 3117 4558 δύναμιν
3172 4487 3199 4540 ὁ
3252 4483 3382 4545 Θεὸς
3422 4479 3825 4550 ἀποκαλύπτει,

411 4584 505 4650 get
531 4604 545 4646 ;
577 4580 676 4634 sed
714 4578 1169 4650 quiajustitiam
1193 4579 1253 4633 in
1286 4579 1498 4634 divinae
1520 4579 1870 4649 cognitionis
1893 4596 2025 4635 men

2172 4579 2279 4655 οὐχ
2313 4577 2394 4631 ὅτι
2428 4578 2609 4654 φθονεῖ
2634 4579 2731 4630 τοῦ
2761 4573 3039 4645 πλείονος,
3072 4571 3216 4629 ἀλλὰ
3266 4570 3355 4627 διὰ
3395 4572 3458 4627 τὸ
3506 4574 3676 4625 σῶσαι
3725 4568 3825 4636 τὴν

414 4685 555 4725 sura
604 4672 831 4724 servet:
875 4669 1174 4739 proprium
1223 4668 1508 4739 siquidem
1539 4668 1801 4737 justitiae,
1849 4670 2064 4739 cuique

418 4774 520 4829 pro
548 4757 775 4813 meritis
806 4774 1147 4813 mensuram
1188 4757 1509 4813 confectam
1550 4757 1826 4813 tribuere.
1862 4759 2065 4827 Itaque

417 4848 709 4904 immensa
742 4846 979 4918 quidem
1012 4846 1113 4902 Dei
1144 4846 1432 4917 cognitio;
1469 4862 1574 4901 nos
1606 4849 1799 4902 autem
1827 4862 2065 4901 mensu-

420 4936 499 4991 ris
532 4953 813 5009 egemus:
850 4936 898 4991 si
930 4935 1089 4991 enim
1135 4936 1354 5006 absque
1386 4951 1663 4991 mensura
1699 4935 1868 4991 nobis
1908 4950 2065 4990 reve-

418 5024 905 5096 laretur,minime
927 5025 1147 5082 servari
1180 5041 1488 5095 possemus
1520 5045 1533 5092 ;
1555 5025 1707 5080 sicut
1732 5039 1922 5097 neque
1944 5040 2067 5080 cor-

422 5130 634 5186 poreus
665 5115 871 5170 oculus
908 5119 1096 5170 totum
1131 5113 1368 5185 capiens
1398 5112 1602 5170 solem.

561 5282 640 5355 (ἡ)
672 5282 879 5339 Matth.
911 5301 1037 5355 xm,
1071 5285 1157 5341 11.

2174 4667 2223 4721 ἐν
2257 4671 2325 4741 τῇ
2373 4667 2625 4740 μετρήσει
2675 4671 2773 4733 τῆς
2828 4664 3157 4737 θεογνωσίας
3208 4659 3577 4729 δικαιοσύνην
3621 4657 3831 4713 δικαιο-

2178 4758 2343 4823 σύνης
2374 4754 2476 4830 γὰρ
2511 4751 2649 4807 ἴδιον
2681 4753 2743 4807 τὸ
2771 4753 2886 4806 κατ’
2939 4751 3086 4822 ἀξίαν
3120 4752 3427 4827 ἐπιμετρεῖν
3460 4750 3688 4822 ἑκάστῳ·
3722 4767 3811 4801 τοι

2176 4846 2374 4919 γαροῦν
2431 4840 2739 4914 ἀμέτρητος
2776 4841 2871 4911 μὲν
2900 4842 2935 4910 ἡ
2970 4841 3094 4913 περὶ
3138 4843 3270 4895 Θεοῦ
3317 4842 3537 4912 γνῶσις·
3579 4840 3742 4909 ἡμεῖς
3777 4832 3836 4891 δὶ

2183 4935 2393 5005 μέτρων
2425 4928 2677 5001 δεόμεθα·
2715 4928 2763 4982 εἷ’
2793 4930 2898 5003 γᾲρ
2933 4930 3183 5004 ἀμέτρως
3213 4930 3351 5000 ἡμῖν
3395 4925 3831 4991 ἀπεκαλῦπτετο,

2181 5023 2283 5077 οὐκ
2313 5018 2371 5074 ἂν
2402 5020 2681 5091 ἐσώθημεν
2732 5018 2806 5080 ὡς
2853 5014 2980 5071 οὐδὲ
3012 5018 3321 5091 σωματικὸς
3371 5013 3655 5092 ὀφθαλμὸς
3701 5011 3833 5068 ὅλον

2184 5111 2346 5181 ἥλιον
2377 5106 2698 5183 δεχόμενος.

1446 5424 1695 5482 VARI/E
1727 5423 2114 5483 LECTlONES
2143 5422 2231 5478 ET
2262 5417 2818 5479 CORREGTIONES.

500 5587 545 5657 f’
576 5583 733 5641 καθό.
810 5586 854 5621 ⁸³
884 5584 1099 5657 θεότης.
1177 5588 1223 5622 ⁵⁴
1242 5587 1473 5655 γνωστά.
1549 5583 1947 5657 1⁵¹⁵τολμητέον.
2023 5584 2067 5619 ⁸⁵
2085 5578 2355 5649 θειότητα.
2430 5578 2474 5614 ⁸⁷
2499 5571 3041 5652 χρησμῳδοτηθέντα
3062 5574 3136 5637 ὡς
3158 5573 3263 5647 πρὸ
3295 5570 3551 5647 βραχέος.
3619 5569 3662 5605 ⁸⁸
3688 5565 3834 5631 ὅθεν.

426 5658 472 5696 ⁵⁸
501 5654 774 5733 λέγεσθαι.
852 5658 897 5693 ⁸ο
926 5656 1084 5731 πρός.
