4080 6366
227 351 332 408 189

989 358 1047 411 S.
1089 354 1360 411 ΠΔΧΙΜῙ
1397 354 1706 410 SCHOLIA
1739 356 1817 409 IN
1854 355 1987 407 LIB.
2028 353 2126 406 DE
2164 351 2439 407 DIVINIS
2475 352 2888 408 NOMINIBUS.

3544 350 3649 406 190

298 480 415 548 Τὴν
474 478 738 556 ἀμετρίαν
799 484 1136 554 θεοπρεπῶς.
1194 482 1481 559 Ἀμετρίαν
1530 486 1620 538 νῦν
1681 479 1876 555 [λέγει]

2064 481 2490 537 Immensitatem
2515 499 2677 538 suam
2698 482 2893 537 divino
2913 481 3148 553 quodam
3176 482 3645 539 decoreJmmen-

227 568 358 623 αὐτὸ
388 569 452 623 τὸ
485 574 666 641 Θεῖον,
726 568 815 623 καὶ
863 570 963 638 τήν
1018 570 1185 626 αὐτοῦ
1233 573 1368 627 κατὰ
1414 572 1476 627 τὸ
1517 569 1744 641 ⁸δυνατὸν
1803 566 1890 623 ἕλ-

230 657 463 732 λαμψιν.

298 754 500 821 ³Θσπερ
550 748 653 823 γὰρ
710 747 947 817 ἄληπτοι.
1011 750 1088 806 Τὸ
1147 748 1530 821 ἀκατάληπτον
1608 752 1705 815 τῆς
1763 749 1883 823 περὶ

229 835 413 893 Θεὸνδ1
446 838 705 911 γνώσεως
735 836 971 901 ἐντεῦθεν
1001 837 1346 911 παρίσταται·
1404 839 1449 894 εἰ
1488 838 1589 914 γὰρ
1649 836 1773 894 οὐδὲ
1821 837 1889 891 τὰ

229 926 383 980 ἆπΑᾶ
438 924 531 980 καί
592 926 999 1001 ἀσχημάτιστα,
1052 926 1148 983 κᾶν
1197 928 1370 984 οὐσίαι
1412 929 1554 990 τινὲς
1598 929 1722 995 ὦσι,
1769 932 1887 988 ταῖς

229 1013 544 1085 αῗσθήσεσιν
583 1016 1005 1089 ὑποπίπτουσιν,
1039 1018 1113 1079 ὡς
1144 1017 1368 1093 ἄγγελοι
1416 1018 1507 1072 καὶ
1554 1017 1727 1092 ψυχαὶ
1773 1021 1889 1078 τοῖς

229 1109 596 1177 σωματικοῖς·
651 1103 808 1177 πόσῳ
867 1104 1079 1177 μᾶλλον
1130 1106 1381 1183 ὑπερέχει
1416 1108 1444 1161 6
1476 1107 1627 1175 Θεὸς,
1660 1107 1688 1160 6
1750 1106 1889 1178 μήτε

228 1193 412 1263 οὐσία,
447 1191 576 1248 ἁλλ’
634 1192 767 1268 ὑπὲρ
821 1192 1026 1249 οὐσίαν·
1083 1196 1221 1267 μήτε
1278 1194 1509 1266 ἁπλοῦς,
1565 1192 1696 1249 ἀλλ’
1754 1194 1885 1267 ὑπὲρ

225 1280 560 1350 ἁπλότητα·
622 1283 762 1353 μήτε
812 1285 959 1352 νοῦς,
1019 1281 1166 1338 ἀλλά
1212 1283 1300 1337 καὶ
1350 1285 1481 1357 ὑπὲρ
1537 1281 1684 1337 νοῦν·
1749 1283 1888 1354 μήτε

225 1370 371 1437 ἱνᾶς,
432 1369 581 1425 ἀλλὰ
607 1370 696 1424 καὶ
732 1370 863 1445 ὑπὲρ
895 1368 1074 1425 ὲνάδα·
1128 1372 1217 1426 καὶ
1265 1369 1387 1427 οὔτε
1430 1373 1543 1448 ὅρῳ
1590 1372 1693 1425 τινὶ
1728 1391 1883 1445 περι-

224 1459 619 1536 γραφόμενος,
679 1456 801 1514 ἀλλ’
860 1459 1109 1533 ἀοριστίᾳ
1162 1465 1269 1514 τῶν
1326 1456 1491 1514 ὄντων
1552 1460 1882 1538 ἀφειμένος;

225 1547 472 1603 Ἀκούων
532 1548 625 1601 οὖν
684 1547 738 1602 ἐν
770 1550 839 1621 τῇ
870 1552 1056 1626 Γραφῇ
1092 1549 1307 1627 μορφὴν
1364 1553 1518 1619 Θεοῦ,
1572 1549 1661 1603 καὶ
1718 1547 1883 1619 εἶδος,

228 1638 320 1691 καὶ
378 1636 701 1713 πρόσωπον,
763 1634 838 1691 δι’
885 1638 1165 1714 ἀναγωγῆς
1222 1639 1309 1693 καὶ
1374 1638 1507 1714 ὑπὲρ
1563 1639 1629 1693 τὰ
1660 1637 1887 1711 σώματα

230 1726 393 1799 ἀξίως
423 1732 561 1782 Θεοῦ
617 1727 750 1782 νόει·
808 1728 1038 1799 ἑνότητα
1095 1728 1153 1783 δὲ
1182 1727 1412 1799 ἀκούων,
1474 1731 1549 1802 μὴ
1611 1726 1882 1806 διαφόρων

228 1815 387 1871 τινῶν
420 1816 562 1892 πρὸς
606 1814 798 1872 ἕνωσιν
843 1815 1148 1893 συνδρομὴν
1199 1819 1424 1892 νοήσῃς·
1487 1817 1547 1872 οὐ
1602 1818 1705 1891 γὰρ
1759 1817 1881 1893 περὶ

227 1905 496 1960 τοιούτων
531 1907 560 1960 6
606 1906 775 1981 λόγος
816 1910 931 1978 νῦν,
982 1905 1126 1961 ἀλλὰ
1155 1908 1276 1982 περὶ
1311 1911 1465 1975 Θεοῦ,
1497 1911 1593 1963 τοῦ
1627 1909 1765 1979 μήτε
1794 1906 1884 1982 ἀρ-

232 2001 343 2069 χῆς
372 1994 623 2066 ἀριθμῶν
659 1991 814 2058 ὄντος
841 1994 931 2049 καὶ
973 1994 1282 2063 ἀσυνθέτου,
1312 1994 1460 2051 ἀλλὰ
1498 1996 1586 2051 καὶ
1631 1996 1762 2071 ὑπὲρ
1817 1996 1885 2049 τὰ

232 2082 529 2155 μονοούσια
559 2083 869 2155 ἡνωμένου.

1997 571 2231 626 sitatem
2263 587 2419 626 nunc
2445 571 2588 626 dicit
2626 570 2992 626 divinitatem
3021 570 3233 642 ipsam,
3270 571 3644 643 possibilem-

1997 676 2111 730 que
2136 661 2264 731 ejus
2290 660 2760 716 illustrationem.

2071 751 2134 806 Ut
2154 749 2324 815 enim,
2353 766 2471 819 quae
2512 747 2901 821 comprehendi
2962 752 3260 819 nequeunt.
3323 750 3647 822 lncompre-

1996 838 2371 894 hensibilitas
2394 837 2602 892 divinae
2634 836 3639 907 cognitionis,bincrepraesentetur;

1998 928 2045 983 si
2077 928 2230 982 enim
2264 943 2451 997 neque
2482 926 2777 997 simplicia
2806 930 2864 980 et
2913 941 3028 980 non
3061 925 3331 997 ﬁgurata,
3363 929 3471 980 etsi
3502 927 3641 981 sub-

1997 1017 2226 1073 stantiae
2258 1016 2524 1087 quaedam
2559 1015 2701 1081 sint,
2736 1014 2978 1069 minime
3009 1015 3119 1070 sub
3159 1030 3373 1071 sensus
3400 1014 3641 1084 cadunt,

1998 1112 2063 1161 ut
2091 1104 2283 1177 angeli
2314 1110 2372 1159 et
2401 1105 2605 1160 animae
2660 1104 2772 1158 sub
2820 1119 3136 1175 corporea;
3184 1111 3401 1175 quanto
3457 1104 3643 1173 magis

1996 1195 2150 1250 Deus
2180 1193 2532 1264 excedit,qui
2565 1208 2753 1264 neque
2785 1192 3139 1263 substantia,
3161 1195 3261 1249 sed
3294 1208 3475 1263 supra
3506 1193 3645 1248 sub-

1996 1284 2274 1340 stantiam
2302 1300 2316 1350 ;
2340 1299 2531 1353 neque
2553 1281 2934 1352 simplex,sed
2959 1298 3139 1353 supra
3162 1282 3601 1353 simplicitatem
3626 1299 3640 1348 ;

1997 1389 2187 1444 neque
2218 1373 2514 1439 mens,sed
2546 1370 2722 1427 etiam
2753 1387 2933 1442 supra
2962 1376 3219 1426 mentem
3247 1386 3261 1439 ;
3296 1386 3486 1442 neque
3509 1372 3640 1426 uni-

1993 1466 2107 1529 tas,
2140 1463 2240 1519 sed
2265 1478 2445 1532 supra
2475 1461 2760 1516 unitatem
2786 1478 2800 1528 ;
2826 1476 3016 1531 neque
3045 1460 3218 1515 etiam
3260 1460 3511 1516 termino
3534 1458 3643 1515 ali-

1995 1567 2111 1622 quo
2142 1549 2666 1616 circumscribitur,
2701 1549 2799 1604 sed
2849 1548 3084 1604 termini
3133 1549 3457 1619 privatione
3487 1565 3520 1602 a
3550 1564 3641 1603 re-

1994 1639 2106 1695 bus
2128 1643 2402 1695 secretus.
2442 1637 2691 1693 Audiens
2722 1637 2903 1708 igitur
2938 1636 2997 1691 in
3044 1637 3347 1707 Scriptura
3390 1636 3640 1692 formam

1994 1729 2118 1795 Dei,
2142 1736 2196 1784 et
2227 1727 2567 1799 speciem,et
2593 1726 2953 1796 vultum,per
2983 1725 3199 1781 mentis
3229 1725 3635 1791 elevationem,

1995 1822 2171 1890 atque
2202 1833 2379 1887 supra
2410 1830 2708 1888 corporea,
2758 1815 2934 1887 digne
2974 1814 3090 1870 Deo
3122 1814 3414 1886 intellige;
3450 1813 3643 1869 unita-

1993 1910 2113 1962 tem
2144 1922 2278 1962 vero
2301 1905 2569 1972 audiens,
2602 1920 2674 1959 ne
2730 1903 3094 1959 diversorum
3137 1903 3527 1973 quorumdam
3570 1903 3642 1957 ad

1994 1995 2316 2051 unitionem
2350 2010 2703 2049 concursum
2735 1994 2952 2063 cogites
2978 2009 2990 2048 :
3015 2007 3204 2064 neque
3232 1991 3388 2047 enim
3421 1991 3492 2045 de
3506 1988 3644 2045 tali-

1993 2086 2102 2140 bus
2135 2098 2391 2156 praesens
2412 2082 2744 2138 instituitur
2772 2097 2966 2138 sermo
2993 2102 3007 2150 ;
3039 2096 3237 2137 verum
3270 2081 3341 2136 de
3367 2079 3505 2149 Deo,
3540 2079 3642 2150 qui

232 2191 423 2245 neque
453 2179 547 2229 est
571 2173 927 2245 principium
960 2178 1549 2246 numerorum.atque
1579 2174 2001 2246 compositione
2028 2178 2224 2240 caret;
2253 2174 2371 2229 imo
2400 2172 2578 2228 etiam
2608 2170 2729 2227 illis
2758 2186 2886 2243 quas
2918 2187 3037 2227 una
3065 2174 3340 2227 constant
3367 2171 3645 2226 substan-

225 2264 326 2331 tia,
348 2264 557 2318 unitus
578 2264 790 2336 magis.

298 2350 632 2412 Ἑνοποιός.
710 2351 978 2407 Ἐντεῦθεν
1055 2351 1191 2423 μετᾶ
1260 2351 1322 2405 τὸ
1380 2349 1613 2421 ἐξελθεῖν
1664 2351 1879 2405 πάντων

227 2444 331 2493 τῶν
358 2437 412 2492 ἐν
442 2444 563 2502 τοῖς
592 2436 708 2493 οὖσι
730 2439 797 2493 τὰ
838 2439 963 2514 περὶ
995 2444 1149 2506 Θεοῦ,
1186 2438 1379 2494 λοιπὸν
1428 2443 1506 2511 τῷ
1554 2438 1735 2514 μέτρῳ
1781 2445 1883 2508 τῆς

229 2527 500 2603 ἡμετέρας
549 2525 808 2602 γλώσσης
872 2529 1212 2596 ἀκολουθῶν,
1277 2530 1363 2601 (οὗ
1413 2528 1514 2603 γὰρ
1580 2523 1881 2605 ὑπερϐῆναι

227 2616 425 2687 ταῦτην
485 2614 708 2672 δυνατὸν
767 2619 951 2692 ἡμῖν’)
1004 2616 1054 2688 ἐξ
1102 2616 1274 2671 αὐτῶν
1311 2614 1521 2687 δοξάζει
1579 2617 1669 2671 τὸν
1729 2617 1882 2686 Θεὸν,

229 2704 277 2777 ἐξ
334 2704 415 2760 ὧν
473 2706 633 2760 αὐτὸν
688 2704 879 2776 ἐξεῖλε·
930 2706 1018 2761 καὶ
1049 2703 1211 2760 ἒνάδα
1240 2707 1425 2784 φησὶν,
1476 2703 1600 2760 ἀλλ’
1635 2706 1881 2761 ἑνοποιὸν

228 2799 333 2849 τῶν
392 2792 622 2863 ὲνάδων,
670 2796 938 2863 τουτέστι,
998 2792 1333 2871 δημιουργὸν
1392 2799 1497 2849 τῶν
1558 2793 1747 2850 ἁπλῶν
1805 2794 1886 2849 οὗ·

231 2888 383 2952 σιῶν,
446 2887 563 2938 οἷον
623 2883 867 2960 ἀγγέλων
925 2883 1016 2939 καὶ
1077 2887 1291 2959 ψυχῶν·
1350 2884 1441 2939 καὶ
1470 2888 1594 2938 νοῦν
1653 2883 1882 2955 ἀνόητον

232 2974 345 3028 ἀντὶ
397 2977 501 3027 τοῦ
550 2975 624 3045 μή
681 2972 975 3047 νοούμενον
1032 2974 1135 3028 ὑπό
1190 2994 1336 3035 τινος
1388 2978 1503 3028 νοῦ·
1563 2973 1666 3028 ei“
1696 2974 1795 3049 γὰρ
1824 2975 1887 3028 τὸ

232 3062 424 3135 ὅμοιον
459 3062 565 3116 61:6
595 3066 690 3116 τοῦ
722 3062 922 3134 ὁμοίου
942 3061 1286 3137 γινώσκεται,
1320 3062 1490 3137 ἐχρῆν
1525 3063 1663 3135 [οῦν]
1694 3062 1739 3117 εἰ
1762 3067 1887 3125 νοῦς

234 3152 322 3221 ἦν,
356 3151 463 3206 ὑπὸ
494 3155 601 3206 τῶν
634 3155 771 3206 νοῶν
799 3152 1058 3209 νοεῖσθαι,
1094 3149 1271 3206 Ἀλλὰ
1298 3151 1379 3214 τίς
1425 3149 1561 3227 ἔγνω
1610 3149 1735 3205 νοῦν
1780 3154 1886 3208 Κυ-

236 3241 396 3315 ρίου;
456 3240 655 3294 οὐκοῦν
705 3243 830 3303 νοῦς
873 3240 1014 3295 ἐστιν
1064 3240 1195 3315 ὑπὲρ
1224 3245 1374 3309 νοῦν,
1423 3241 1513 3295 καὶ
1546 3236 1721 3313 ὄνομά
1777 3240 1887 3296 ἐστι

232 3330 291 3383 τὸ
324 3328 459 3403 ὑπὲρ
490 3333 597 3383 πᾶν
655 3324 850 3401 ὄνομα·
899 3328 990 3383 καὶ
1039 3328 1108 3383 Τὸ
1154 3324 1327 3401 ὄνομα
1373 3330 1478 3404 γάρ
1515 3350 1642 3402 μου,
1702 3330 1889 3404 φησὶν,

2063 2351 2325 2423 Effectrix
2351 2349 2606 2406 unitatis.
2638 2350 2726 2404 Ab
2756 2349 2867 2404 hoc
2897 2349 3044 2418 loco,
3097 2349 3195 2403 ubi
3242 2364 3311 2404 ex
3361 2348 3641 2404 omnibus

1993 2456 2187 2496 rerum
2211 2439 2524 2513 generibus
2558 2444 2737 2494 Deum
2787 2437 3019 2503 exemit,
3044 2437 3320 2510 deinceps
3350 2453 3641 2493 mensum

1995 2530 2181 2586 nostri
2216 2528 2507 2585 sermonis
2541 2529 2871 2599 obsequens
2902 2527 3116 2598 (neque
3130 2528 3227 2585 95
3264 2527 3419 2582 enim
3440 2526 3638 2599 ipsum

1993 2618 2247 2674 transire
2276 2616 2849 2689 possumus)iisdem
2882 2616 3067 2672 Deum
3100 2615 3395 2686 laudat,ex
3425 2617 3641 2687 quibus

1994 2707 2193 2779 ipsum
2220 2710 2560 2778 exceperat:
2586 2709 2762 2778 atque
2792 2705 3077 2760 unitatem
3108 2710 3299 2771 vocat,
3340 2705 3443 2759 sed
3475 2704 3642 2774 uniﬁ-

1994 2813 2115 2852 eam
2141 2796 2429 2862 unitatem,
2453 2795 2511 2850 id
2542 2799 2629 2850 est
2658 2793 3019 2866 simplicium
3050 2794 3441 2850 essentiarum
3481 2809 3641 2848 crea-

1993 2884 2384 2955 torem,veluti
2419 2884 2765 2957 angelorum
2791 2886 2849 2939 et
2878 2882 3212 2939 animarum
3248 2902 3261 2944 ;
3314 2887 3489 2953 atque
3517 2883 3639 2935 νοῦν

1994 2971 2246 3041 ἀνόητον,
2280 2978 2666 3045 pro,mentem
2700 2990 2733 3029 a
2763 2972 2926 3027 nulla
2955 2976 3150 3027 mente
3178 2971 3566 3038 intellectam;
3593 2971 3643 3026 si

1996 3064 2150 3118 enim
2186 3062 2375 3118 simile
2410 3062 2649 3118 asimili
2707 3063 2990 3131 noscitur,
3039 3061 3308 3131 debebat,
3369 3061 3417 3115 si
3477 3077 3645 3115 mens

1996 3151 2227 3219 fuisset,
2259 3169 2293 3207 a
2326 3151 2621 3207 mentibus
2652 3150 3143 3223 intelligi.Verum
3168 3150 3291 3221 quis
3314 3150 3465 3205 novit
3489 3166 3648 3205 men-

1999 3251 2108 3297 tem
2140 3240 2371 3297 Domini
2398 3243 2419 3294 ἐ
2450 3256 2588 3311 ergo
2620 3245 2709 3296 est
2738 3255 2897 3295 mens
2931 3256 3112 3312 supra
3144 3244 3427 3309 mentem,
3450 3246 3509 3293 et
3540 3256 3645 3294 no-

2001 3346 2132 3385 men
2167 3346 2348 3401 supra
2372 3345 2546 3384 omne
2576 3344 2821 3384 nomen:
2850 3333 2909 3384 et
2935 3330 3139 3384 Nomen
3165 3328 3315 3384 enim
3347 3328 3645 3398 meum,in-

237 3416 330 3472 οὐκ
380 3418 533 3471 εἶπον
596 3415 803 3477 αὐτοῖς·
863 3414 945 3471 διὸ
1003 3416 1091 3472 καὶ
1143 3417 1426 3489 ἀνώνυμος
1475 3423 1658 3475 πᾶσιν.
1715 3417 1885 3474 (Αλλά

2002 3419 2149 3490 quit,
2180 3435 2291 3474 non
2315 3418 2439 3474 dixi
2458 3419 2618 3490 ipsis.
2646 3419 2901 3490 Ideoque
2934 3419 3092 3489 apud
3149 3434 3355 3473 omnes
3412 3418 3648 3473 nomine

235 3506 322 3559 καὶ
375 3502 504 3559 οὐδὲ
548 3504 620 3560 ὥν
677 3503 894 3559 ἐστιν⁶³·
947 3504 992 3559 εἰ
1042 3508 1140 3579 γὰρ
1183 3506 1341 3567 αὐτὸς
1372 3506 1440 3559 τὰ
1470 3507 1599 3560 ὅντα
1658 3506 1718 3560 ἐκ
1780 3511 1889 3561 τῶν

244 3596 315 3667 μή
351 3589 525 3648 ὄντων
556 3590 905 3669 δημιουργεῖ,
956 3592 1056 3648 οὐκ
1086 3592 1189 3667 ἄρα
1219 3598 1326 3648 τῶν
1362 3589 1533 3648 ὄντων
1566 3592 1730 3662 ἐστὶν,
1765 3593 1891 3649 ἀλλ’

240 3684 369 3759 ὑπὲρ
400 3686 469 3737 τὰ
501 3679 649 3738 ὄντα.
684 3684 802 3737 Ἐὰν
854 3681 912 3737 δὲ
952 3682 1099 3757 λὲγῃ.
1134 3683 1279 3757 Ἐγώ
1347 3682 1461 3755 εἶμι
1524 3684 1552 3737 6
1601 3682 1696 3753 ὣν,
1729 3683 1889 3754 ἆξίως

238 3774 343 3826 νόει
376 3770 619 3847 ἄναρχον
648 3771 736 3826 καὶ
766 3770 1146 3841 ἀτελεύτητον,
1198 3768 1344 3825 ἀλλὰ
1400 3772 1487 3825 καὶ
1548 3769 1889 3847 ἀνεξερεύνη-

238 3882 347 3915 τον·

304 3954 331 4019 §
389 3954 460 4006 II.
522 3950 585 4002 Ὃ
640 3969 693 4003 τι
750 3947 882 4002 ποτέ
938 3946 1078 4002 ἐστιν
1134 3947 1436 4021 ἐπιστήμη.
1490 3948 1669 4013 Μόνος
1698 3948 1801 4025 γὰρ
1860 3950 1889 4004 ὁ

240 4039 369 4098 Θεὸς
401 4035 568 4099 αὐτὸς
624 4036 692 4091 τὰ
740 4035 863 4109 περὶ
895 4037 1087 4090 ἑαυτοῦ
1117 4035 1415 4106 ἐπίσταται,
1448 4035 1754 4107 ἐπιστητῶς
1801 4039 1891 4092 καὶ

238 4128 439 4200 κυρίως
500 4122 662 4187 εἰδὼς
708 4126 892 4180 ἑαυτὸν
940 4125 1016 4187 ὡς
1067 4123 1201 4180 ἔστι·
1246 4131 1362 4189 τοῖς
1413 4124 1470 4181 δὲ
1507 4127 1629 4197 ἑξῆς
1691 4129 1885 4182 ἅπασιν

237 4216 641 4290 ἀνεπίγνωστος
693 4211 765 4268 ὢν
815 4216 931 4269 κατ’
987 4214 1139 4285 αὑτὸ,
1192 4213 1254 4268 τὸ
1283 4216 1336 4269 τί
1384 4214 1495 4270 ἐστι
1546 4215 1635 4270 καὶ
1685 4217 1801 4271 καθ’
1859 4218 1888 4271 ὃ

235 4303 391 4360 ἐστιν.
445 4300 641 4364 Οὐδεὶς
697 4302 797 4377 γὰρ
864 4302 1154 4377 γιγνώσκει
1204 4303 1293 4357 τὸν
1353 4300 1583 4379 Πατέρα⁹
1618 4304 1663 4358 εἰ
1726 4306 1801 4377 μή
1860 4307 1889 4360 6

237 4393 377 4455 Υἱός·
427 4391 519 4446 καὶ
559 4391 653 4446 τὸν
698 4392 845 4463 Υἱὸν,
905 4390 952 4444 εἰ
996 4391 1071 4464 μὴ
1121 4393 1149 4445 6
1201 4394 1405 4468 Πατήρ·
1438 4394 1752 4469 γιγνώσκων
1785 4393 1889 4469 γὰρ

236 4482 261 4536 6
312 4481 503 4555 Πατὴρ
551 4480 647 4549 τὴν
701 4480 893 4533 ἑαυτοῦ
940 4482 1323 4552 προαυνητήν
1384 4481 1586 4551 εἰκόνα,
1643 4482 1889 4536 τουτέστι

233 4571 319 4625 τὸν
355 4569 506 4636 Υἱὸν,
561 4568 849 4643 γιγνώσκει
895 4567 1029 4640 [καὶ]
1061 4568 1268 4625 ἔαυτόν.
1320 4571 1389 4623 Τὸ
1439 4569 1572 4624 αὐτὸ
1620 4570 1709 4624 καὶ
1765 4572 1886 4646 περὶ

232 4663 328 4713 τοῦ
358 4656 515 4733 ἁγίου
548 4655 881 4728 Πνεῦματος·
935 4653 1129 4720 Οὐδεὶς
1156 4655 1259 4731 γὰρ
1308 4654 1425 4711 οἶδε
1470 4657 1537 4712 τὰ
1583 4662 1680 4713 τοῦ
1733 4663 1887 4732 Θεοῦ9

2000 3511 2194 3574 caret;
2227 3509 2328 3564 sed
2361 3508 2539 3563 etiam
2572 3523 2760 3578 neque
2792 3524 2925 3563 cum
2959 3507 3056 3573 sit,
3088 3511 3178 3563 est
3209 3525 3222 3575 ;
3257 3506 3307 3562 si
3339 3507 3494 3562 enim
3518 3507 3645 3578 ipse

1999 3613 2189 3663 res,ex
2214 3598 2289 3654 iis
2319 3614 2446 3669 qu
2480 3614 2593 3653 non
2629 3600 2954 3661 sunt,creat
2981 3614 2995 3665 ;
3030 3597 3285 3669 profecto
3304 3595 3534 3651 nullum
3557 3600 3647 3651 est

1999 3703 2200 3743 eorum
2232 3704 2360 3759 quae
2392 3690 2549 3754 sunt,
2572 3687 2674 3742 sed
2705 3704 2773 3742 ea
2793 3690 3067 3758 superat;
3098 3685 3207 3742 etsi
3240 3690 3436 3741 autem
3460 3684 3643 3740 dixit:

2002 3778 2110 3847 Ego
2129 3793 2253 3832 sum
2282 3776 2380 3848 qui
2406 3792 2547 3843 sum,
2572 3776 2748 3848 digne
2776 3776 2996 3848 cogites
3042 3775 3239 3847 ipsum
3272 3774 3560 3847 principio
3588 3778 3647 3829 et

2000 3865 2136 3932 fine,
2170 3866 2436 3937 quinimo
2467 3866 2644 3921 etiam
2675 3864 3125 3937 investigatione
3162 3880 3378 3919 carere.

2071 3954 2100 4027 §
2134 3955 2207 4009 II.
2240 3955 2371 4026 Ejus
2398 3954 2531 4025 quid
2559 3954 2631 4009 sit
2660 3954 2910 4010 scientia.
2936 3953 3108 4010 Solus
3138 3954 3294 4010 enim
3338 3958 3492 4010 Deus
3522 3953 3649 4026 ipse

2001 4060 2109 4098 sua
2129 4041 2452 4114 cognoscit,
2484 4042 2736 4097 scienter
2778 4048 2836 4096 et
2884 4040 3117 4113 pr0prie
3161 4042 3424 4114 seipsum
3472 4045 3649 4114 prout

2000 4138 2089 4188 est
2118 4147 2507 4203 cognoscens;
2526 4131 2746 4186 caeteris
2764 4147 2901 4185 vero
2927 4130 3203 4185 omnibus
3223 4130 3461 4201 ignotus
3479 4136 3568 4185 est
3585 4130 3645 4186 in

2000 4222 2237 4292 eo,quid
2271 4221 2433 4288 sit,et
2464 4219 2656 4291 qualis
2689 4218 2783 4274 sit.
2813 4219 3007 4273 Nullus
3034 4218 3187 4273 enim
3214 4220 3367 4274 novit
3399 4225 3643 4285 Patrem,

1997 4309 2113 4365 nisi
2140 4309 2338 4378 Filius,
2369 4312 2417 4364 et
2434 4308 2661 4375 Filium,
2693 4307 2809 4362 nisi
2836 4309 3005 4363 Pater
3024 4306 3090 4379 (i)
3119 4325 3137 4361 :
3170 4323 3307 4362 nam
3337 4311 3522 4376 Pater,
3548 4324 3644 4362 co-

1996 4414 2285 4471 gnoscens
2307 4413 2475 4453 suam
2495 4398 2851 4453 adorandam
2874 4395 3280 4468 1maginem,id
3304 4400 3395 4451 est
3412 4395 3642 4463 Filium,

1999 4488 2258 4559 seipsum
2293 4486 2630 4559 cognoscit;
2664 4486 2866 4541 eodem
2915 4486 3086 4540 modo
3143 4489 3415 4541 sanctum
3455 4485 3645 4557 Spiri-

1998 4579 2125 4631 tum
2152 4591 2165 4629 :
2198 4576 2393 4630 Nullus
2418 4574 2567 4631 enim
2594 4575 2752 4629 novit
2783 4579 2983 4643 Deum,
3011 4574 3127 4630 nisi
3162 4574 3401 4646 Spiritus
3447 4575 3545 4647 qui
3575 4591 3645 4630 ea:

2000 4666 2125 4719 Deo.
2156 4663 2368 4719 Omnia
2397 4664 2575 4735 igitur
2604 4680 2729 4735 quae
2778 4664 2850 4718 de
2906 4664 3023 4719 Deo
3075 4664 3390 4720 meditatur
3435 4664 3642 4720 beatus

237 4747 279 4802 εί
316 4748 391 4819 μὴ
423 4745 486 4800 τὸ
520 4749 740 4817 Πνεῦμα
768 4744 830 4799 τὸ
855 4742 914 4798 ἐκ
942 4748 1039 4799 τοῦ
1098 4749 1253 4801 Θεοῦ.
1306 4748 1485 4801 Πάντα
1533 4747 1738 4817 τοίνυν,
1791 4749 1885 4804 ὅσα

2002 4753 2094 4809 hic
2121 4752 2229 4821 vir,
2261 4753 2332 4809 de
2362 4753 2695 4809 veneranda
2724 4752 3008 4809 Trinitate
3057 4752 3354 4824 intelligit.

236 4836 355 4911 περῖ
388 4838 523 4890 Θεοῦ
553 4834 746 4909 θεωρεῖ
777 4833 804 4887 6
838 4834 1102 4909 μακάριος
1132 4833 1287 4896 οὗτος
1316 4835 1475 4910 ἀΛήρ,
1516 4836 1639 4910 περὶ
1669 4842 1769 4905 τῆς
1800 4858 1883 4892 σε-

239 4920 527 4997 ϐασμίαςεδ
554 4919 787 4997 Τριὰδος
820 4926 953 4978 νοεῖ.

305 5011 609 5089 Ἀπειρίαν.
662 5011 736 5066 Τὸ
780 5008 1187 5086 πεπερασμένον
1226 5010 1317 5066 καὶ
1349 5011 1687 5087 περιληπτόν
1744 5013 1883 5069 ἐστιν

244 5101 482 5173 εἲκότως,
519 5102 608 5178 ὑφ’
654 5100 716 5155 οὗ
766 5099 856 5154 καὶ
910 5100 1259 5175 πεπερασται·
1308 5101 1353 5156 εἰ
1409 5098 1466 5156 δὶ
1514 5103 1542 5156 6
1591 5103 1721 5165 Θεὸς
1776 5107 1883 5159 τῶν

245 5190 483 5248 ἁπάντων
535 5190 646 5245 ἐστὶ
694 5190 884 5259 τόπος,
925 5189 989 5245 o6
1037 5196 1383 5265 σωματικῶς,
1429 5189 1577 5249 ἀλλά
1626 5190 1889 5270 δημιουρ-

380 5372 444 5446 (ἢ
473 5369 683 5429 Matth.
706 5386 786 5439 XI,
811 5370 902 5428 27.

2066 5019 2419 5090 Inﬁnitatem.
2454 5020 2616 5088 Quod
2653 5019 2886 5076 ﬁnitum
2909 5024 3016 5086 est,
3051 5016 3432 5091 probabiliter
3461 5017 3641 5075 etiam

1998 5108 2411 5180 comprehendi
2446 5111 2517 5165 ab
2534 5126 2600 5165 co
2629 5112 2821 5181 potest
2852 5126 2883 5163 a
2901 5124 3016 5179 quo
3048 5112 3106 5163 et
3126 5107 3360 5163 ﬁnitum
3384 5111 3509 5178 est;
3532 5107 3643 5165 etsi

1995 5213 2131 5254 vero
2167 5199 2317 5255 Deus
2331 5198 2742 5255 universorum
2766 5197 2845 5254 sit
2869 5198 3056 5268 locus,
3078 5214 3193 5254 non
3216 5200 3415 5255 tamen
3437 5213 3644 5271 corpo-

1160 5574 1163 5577 γ
1267 5512 1508 5571 ἾΑΗΙίΕ
1536 5513 1927 5574 LECTIONES
1953 5516 2040 5573 ET
2068 5518 2622 5576 CORRECTIONES.

316 5670 356 5707 “
382 5668 533 5729 Θεοῦ.
608 5666 656 5703 ⁸³
678 5661 789 5723 καί.
864 5665 910 5703 ⁸³
942 5662 1095 5721 οὐδὲν
1119 5663 1279 5725 ἰστιν.
1353 5669 1402 5707 ⁸⁸
1434 5667 1592 5735 οὗτος
1619 5668 1709 5725 καὶ
1740 5673 1851 5726 νοεῖ
1877 5671 2023 5747 παρὰ
2048 5680 2148 5744 τῆς
2176 5668 2488 5748 σεϐασμίας.
