4080 6366
402 319 503 374 191

1223 326 1599 378 APPENDIX
1640 326 1736 379 AD
1772 324 2011 379 OPERA
2047 326 2107 379 Β.
2146 322 2463 380 DIONYSII
2498 325 2992 383 AREOPAGITE.

3715 324 3823 379 192

400 446 621 513 raliter,
652 447 754 503 sed
786 446 1044 505 eﬂ‘ective
1066 469 1079 518 ;
1105 447 1318 504 ccelum
1353 449 1597 519 enim,et
1626 452 2048 521 terram,atque

2201 450 2351 509 ικῶς’
2379 446 2470 501 τὸν
2504 447 2606 524 γὰρ
2638 448 2888 523 οὐρανὸν,
2914 448 3004 503 καὶ
3035 448 3132 517 τὴν
3191 456 3320 523 γῆν,
3376 449 3464 503 καὶ
3519 449 3585 504 τά
3642 450 3819 504 πάντα

403 536 676 592 universa
705 536 832 609 ipse
867 538 1213 610 complet,et
1245 543 1408 595 extra
1439 539 1561 595 haec
1593 541 1861 607 exsistit;
1897 542 2054 611 patet

402 624 862 681 immensitatem
894 644 1045 694 esse,
1093 629 1151 684 id
1184 633 1273 685 est
1302 630 1579 686 virtutem
1613 629 1843 685 nullum
1875 629 2052 684 ﬁnem

403 714 744 771 habentem.

473 805 590 859 Non
620 813 800 861 tamen
833 806 1372 865 incom-municabilis
1391 814 1490 865 est.
1516 814 1633 865 Hoc
1665 808 2056 878 est,universa

404 894 759 967 participant
788 896 977 968 ipsius
1008 900 1571 970 communionem,et
1588 897 1904 954 salutarem
1928 914 2056 969 pro-

404 981 746 1039 videntiam.

475 1074 1101 1143 Supersubstantialem.
1148 1077 1449 1141 Quomodo
1481 1077 1796 1149 aliquando
1817 1075 2053 1146 quidem

408 1160 775 1218 divinitatem
799 1169 963 1220 vocet
992 1166 1407 1237 substantiam,
1440 1166 1761 1238 aliquando
1807 1181 1942 1219 vero
1966 1182 2061 1219 ευ-

408 1265 513 1321 pra
534 1251 930 1309 substantiam
957 1272 971 1323 ;
1005 1255 1159 1311 sicut
1184 1260 1439 1311 mentem
1464 1272 1591 1326 quae
1614 1258 1809 1310 mente
1839 1253 2057 1325 percipi

410 1340 701 1411 nequit,et
718 1359 933 1398 nomen
966 1361 1145 1416 super
1166 1361 1336 1401 omne
1360 1344 1687 1411 nomen,ita
1703 1348 1761 1400 et
1790 1344 2058 1399 substan-

410 1427 551 1483 tiam
576 1446 759 1501 supra
789 1431 1205 1489 substantiam.

483 1519 857 1575 Intendentes.
892 1521 1162 1578 Hisenim
1191 1540 1443 1595 quorum
1476 1523 2058 1595 comprehensionem

414 1609 563 1662 Deus
597 1608 767 1663 nobis
794 1611 1105 1677 concessit,
1132 1613 1403 1668 convenit
1437 1617 1695 1668 mentem
1727 1612 2059 1679 admovere,

414 1712 603 1767 neque
623 1695 844 1769 aliquid
870 1699 1023 1756 ultra
1046 1700 1450 1757 infirmitatem
1483 1708 1745 1757 nostram
1771 1717 2057 1773 quaerere;

2161 535 2321 597 αὐτὸς
2355 535 2585 613 πληροῖ,
2617 539 2703 592 καὶ
2741 537 2840 609 ἔξω
2870 539 3075 593 τούτων
3104 537 3238 592 ἐστί·
3268 536 3438 607 δῆλον
3473 538 3557 594 ὅτι
3595 537 3817 613 ἀπειρία

2163 624 2295 694 ἐστὶ,
2326 627 2569 681 τουτέστι
2599 629 2767 703 πὲρας
2794 628 2895 682 οὐκ
2926 625 3129 703 ἔχουσα
3157 625 3382 700 δύναμις
3397 630 3462 683 ⁸⁵.

2235 805 2311 862 Οὐ
2348 807 2454 879 μὴν
2487 806 2872 872 ἀκοινώνητον.
2908 808 3164 864 Τουτὲστι
3195 806 3262 861 τὰ
3303 808 3472 861 πάντα
3502 814 3599 876 τῆς
3648 806 3814 861 αὐτοῦ

2170 894 2459 971 μετέχουσι
2488 895 2768 958 κοινωνίας
2791 896 2879 950 καὶ
2914 898 3191 972 σωτηρίου
3224 895 3508 969 προνοίας.

2232 1076 2338 1142 Τήν
2392 1075 2732 1148 ὑπερούσιον.
2794 1079 2917 1136 Πῶς
2976 1076 3107 1129 ποτε
3169 1076 3262 1147 μὲν
3324 1074 3504 1129 οὐσίαν
3552 1074 3612 1129 τὸ
3672 1076 3818 1129 θεῖον

2166 1163 2341 1231 καλεῖ,
2374 1165 2505 1218 ποτε
2537 1161 2593 1217 δὲ
2645 1163 2983 1239 ὑπερούσιον,
3042 1164 3221 1233 ὥσπερ
3261 1167 3387 1217 νοῦν
3415 1162 3670 1233 ἀνόητον,
3728 1164 3818 1217 καὶ

2166 1248 2341 1325 ὄνομα
2392 1254 2452 1307 τὸ
2506 1254 2637 1328 ὑπὲρ
2669 1254 2771 1307 πᾶν
2801 1250 2997 1326 ὄνομα,
3022 1251 3164 1307 οὕτω
3214 1254 3303 1307 καὶ
3357 1251 3541 1307 οὐσίαν
3586 1251 3825 1329 ὑπερού-

2168 1363 2306 1398 σιον.

2238 1517 2699 1583 Ἐπιϐάλλοντας.
2753 1523 2846 1576 Ὧν
2897 1522 3000 1596 γὰρ
3066 1522 3166 1589 τήν
3217 1518 3527 1593 κατάληψιν
3590 1516 3822 1574 δέδωκεν

2167 1616 2304 1685 ἡμῖν
2337 1613 2363 1666 ὁ
2388 1611 2758 1679 Θεὸς,το·3τοις
2791 1606 3110 1665 ἐπιϐάλλειν
3144 1612 3408 1686 προσήκει
3438 1610 3527 1663 τὸν
3555 1609 3824 1684 ἡμέτερον

2168 1706 2315 1772 νοῦν,
2340 1701 2427 1756 καὶ
2464 1699 2631 1774 μηδὲν
2658 1706 2793 1774 πὲρα
2820 1708 2920 1770 τῆς
2968 1699 3237 1774 ἡμετέρας
3296 1698 3567 1760 ἀσθενείας
3619 1702 3823 1767 ζητεῖν·

411 1784 592 1839 veluti
622 1800 751 1841 esse
782 1787 1025 1858 bonum,
1050 1793 1390 1862 creatorem,
1423 1790 1766 1863 benignum,
1822 1798 1878 1846 et
1934 1807 2060 1861 quac

2199 1795 2312 1860 Iov,
2373 1791 2455 1845 ὅτι
2516 1791 2737 1863 ἀγαθὸς,
2776 1791 2858 1844 ὅτι
2910 1788 3271 1864 δημιουργὸς,
3303 1787 3384 1842 ὅτι
3419 1786 3828 1862 φιλάνθρωπος,

415 1874 690 1946 deinceps
716 1893 729 1930 :
768 1876 872 1931 hoc
903 1881 1401 1950 autem,qua:nam
1434 1880 1535 1937 Dei
1561 1878 1920 1949 essentia,ne
1946 1877 2062 1934 sol-

414 1961 616 2019 licitus
648 1963 930 2036 inquiras.

488 2054 592 2108 96
648 2058 834 2124 Supra
891 2056 1036 2113 vires
1082 2058 1299 2130 aliquid
1349 2059 1652 2115 insolenter
1706 2064 2066 2130 praesumunt.

416 2143 589 2198 Recte
606 2142 667 2195 τὸ
698 2139 994 2212 ἀδυνάτως,
1027 2147 1391 2216 impotenter,
1428 2153 1485 2204 et
1530 2148 1579 2204 si
1629 2147 1786 2203 enim
1831 2143 2071 2201 tentarit

417 2229 651 2302 aliquis,
678 2248 793 2287 non
828 2235 1182 2307 assequitur,
1217 2239 1317 2293 sed
1351 2242 1581 2293 tantum
1604 2234 2071 2307 intelligentibus

420 2319 608 2376 oculis
639 2320 994 2394 obscuratis,
1054 2327 1229 2381 etiam
1287 2344 1320 2381 a
1352 2344 1481 2383 vero
1540 2327 1755 2382 excidit
1796 2325 2021 2381 lumine
2054 2338 2068 2388 ;

420 2411 921 2481 quemadmodum
946 2415 1047 2484 qui
1080 2417 1383 2471 contendit
1416 2416 1710 2488 integrum
1730 2415 1917 2471 solem
1943 2432 2068 2469 cor-

420 2515 595 2571 poreo
628 2500 891 2572 excipere
947 2504 1114 2560 oculo
1143 2523 1156 2571 ;
1190 2507 1345 2577 quod
1397 2506 1605 2561 divinas
1637 2510 1693 2560 et
1718 2521 1844 2576 quae
1878 2507 2073 2560 mente

421 2589 833 2661 percipiuntur
862 2592 1108 2650 virtutes
1140 2594 1535 2660 insinuantes,
1561 2595 1865 2650 cherubim
1898 2598 1955 2649 et
1982 2610 2071 2650 se-

418 2677 651 2749 raphim
684 2678 860 2735 facies
892 2684 1122 2754 tegunt,
1155 2683 1519 2740 declarantes
1552 2701 1613 2738 se
1643 2701 1757 2738 non
1791 2683 2073 2738 inhaerere

420 2766 1062 2841 contemplationi,quaa
1094 2776 1330 2843 captum
1362 2773 1623 2843 ipsorum
1651 2775 1890 2843 superat
1923 2792 1937 2841 ;
1973 2787 2072 2825 ne-

420 2872 536 2925 que
565 2855 712 2927 ipsis
743 2873 1023 2913 concessa
1052 2864 1161 2914 est.
1199 2862 1390 2931 Atque
1420 2861 1530 2916 hoc
1559 2865 1648 2916 est
1672 2876 1684 2915 :
1717 2862 1887 2915 Deum
1915 2875 2071 2915 nemo

420 2943 561 2999 vidit
597 2961 842 3016 unquam
863 2946 960 3017 (lt).
994 2949 1129 3002 ldeo
1192 2949 1285 3003 Dei
1319 2949 1611 3020 sapientes
1659 2949 1905 3022 gloriam
1946 2950 2069 3017 Dei,

423 3049 540 3089 non
573 3037 769 3089 autem
799 3034 984 3091 Deum
1014 3037 1232 3094 vidisse
1264 3039 1451 3094 aiunt.

491 3123 643 3189 §III.
685 3123 839 3190 Quod
894 3124 1115 3195 quidem
1170 3132 1407 3184 mentem
1453 3138 1698 3200 superat.
1762 3127 2070 3200 Perspicue

422 3208 559 3266 licet
587 3228 656 3266 ex
676 3210 786 3267 hoc
817 3212 942 3269 loco
974 3214 1270 3272 advertere
1297 3217 1416 3271 Arii
1478 3223 1535 3272 et
1587 3218 1856 3272 Eunomii
1908 3216 2067 3271 insa-
2101 3190 2143 3256 C

424 3300 606 3367 niam,
632 3301 732 3372 qui
765 3301 834 3356 de
865 3303 1201 3361 substantia
1258 3305 1557 3378 Unigeniti
1613 3323 1883 3362 sermone
1913 3305 2074 3362 omni

425 3396 481 3444 ct
509 3390 837 3446 substantia
884 3393 1185 3465 superiore
1241 3411 1310 3450 ex
1364 3401 1486 3451 arte
1532 3396 1820 3452 disserere
1861 3399 2078 3451 temere

427 3479 691 3550 aggressi
720 3480 958 3537 fuerint.

499 3567 774 3637 [Mentem
806 3569 961 3625 enim
987 3570 1305 3628 humanam
1337 3574 1509 3645 plane
1540 3573 1765 3630 excedit
1797 3572 2080 3645 principis

427 3654 772 3726 divinitatis,
808 3660 1340 3733 universorumque
1383 3662 1596 3733 reginae
1628 3662 1983 3733 (Trinitatis)
2015 3678 2080 3716 ac

428 3743 870 3803 innominabilis
899 3749 1028 3819 ejus
1076 3751 1344 3806 essentia:
1392 3752 1880 3823 incomprehensa
1910 3749 2083 3805 celsi-

430 3834 620 3903 tudoJ

502 3921 746 3979 Summae
792 3924 1130 3996 divinitatis,
1208 3930 1301 3982 Gr.
1380 3933 1477 3995 τῆς
1563 3926 1841 4000 θεαρχίας.
1918 3932 2082 3999 Θεαρ-

432 4008 559 4084 χίαν
592 4012 906 4069 divinitatis
935 4016 1278 4088 principium
1306 4022 1470 4073 vocat
1519 4019 1759 4089 ubique,
1822 4017 2083 4086 reginam

434 4100 841 4159 universorum
864 4105 1381 4177 Trinitatem,quia
1404 4108 1476 4162 iis
1501 4108 1601 4179 qui
1634 4109 1812 4163 etiam
1836 4107 1918 4163 dii
1944 4123 2087 4160 nun-

434 4196 727 4263 cupantur
756 4192 1627 4267 imperat,angelis,inquam,et
1657 4197 1901 4263 sanctis,
1935 4195 2088 4249 sicut

434 4286 609 4338 antea
637 4282 926 4348 diximus;
964 4284 1381 4340 obscuritatem
1414 4303 1571 4355 vero,
1606 4286 1765 4341 illius
1817 4286 2085 4348 substan_

436 4370 523 4426 tias
554 4388 682 4442 quae
716 4372 1005 4427 nominari
1041 4374 1241 4443 nequit
1273 4375 2037 4442 incomprehensibilitatem
2066 4398 2081 4448 ;

434 4460 588 4530 quod
623 4461 797 4532 paulo
832 4465 965 4532 post
996 4462 1158 4527 dicit,
1189 4464 1467 4520 moderato
1499 4465 1740 4531 silentio,
1776 4468 1948 4535 atque
1980 4482 2083 4520 su-

433 4548 800 4619 perius,sicut
832 4550 885 4605 ei
903 4550 1054 4621 licet,
1085 4552 1349 4623 modoque
1371 4554 1544 4609 sacris
1573 4553 1937 4610 convenienti.

502 4639 1009 4711 Beneﬁciorumque
1020 4641 1386 4713 principium.
1413 4644 1749 4700 Secundum
1770 4643 1909 4714 quid
1926 4642 2078 4697 Deus

431 4729 511 4785 sit
540 4729 892 4801 principium
944 4733 1139 4788 omnis
1164 4734 1551 4805 apparitionis
1584 4733 1850 4802 luminis,
1874 4737 1931 4788 et
1951 4750 2077 4803 qua:

432 4817 678 4873 luminis
703 4821 1124 4891 apparitioncs,
1156 4827 1332 4895 atque
1358 4823 1819 4879 reformationes.

508 4908 861 4965 Resurrectio.
928 4910 1040 4965 Hoc
1072 4911 1267 4982 ipsum
1322 4916 1413 4967 est
1470 4913 1625 4983 quod
1676 4912 1818 4966 dixit
1847 4911 2081 4967 Simeon

435 4997 575 5052 dum
605 4998 906 5054 Christum
939 4999 1196 5055 videret:
1230 5000 1329 5055 Hic
1345 5000 1561 5071 positu:
1615 5004 1693 5056 est
1748 5000 1811 5055 in
1856 5000 2084 5056 ruinam

431 5093 482 5140 et
512 5089 968 5144 resurrectionem
1022 5087 1326 5144 multorum
1386 5089 1447 5143 in
1499 5090 1672 5145 Israel
1708 5089 1816 5161 (t);
1848 5089 2080 5145 ruinam

431 5175 666 5246 quidem
699 5179 825 5247 ejus
857 5179 1012 5249 quod
1042 5179 1100 5233 in
1133 5179 1304 5234 nobis
1336 5184 1425 5235 est
1454 5181 1749 5245 deterius;
1784 5196 2081 5237 resurrec-

432 5266 652 5322 tionem
684 5283 816 5321 vero
848 5270 976 5338 ejus
1009 5270 1167 5339 quod
1202 5273 1293 5324 est
1324 5270 1725 5340 praestantius.

579 5421 655 5491 (Ic)
684 5419 855 5476 Joan.
891 5436 931 5491 ι,
978 5420 1061 5474 18.
1095 5422 1157 5493 (ι)
1183 5422 1320 5478 Luc.
1355 5438 1418 5491 ιι,
1450 5424 1539 5478 34.

2115 4558 2163 4623 D

2174 1880 2355 1934 καὶτὰ
2412 1880 2554 1949 ἑξῆς·
2612 1877 2672 1933 τὸ
2708 1876 2784 1951 δὲ,
2816 1878 2897 1941 τίς
2931 1880 2965 1948 ἡ
3002 1877 3157 1933 οὐσία
3178 1882 3274 1932 τοῦ
3305 1877 3458 1948 Θεοῦ,
3516 1878 3591 1950 μή
3649 1874 3831 1929 πολυ-

2175 1969 2498 2045 πραγμόνει.

2248 2055 2555 2119 Ἀδυνάτως
2608 2054 3145 2128 ἆπαυθαδιζομὲνους
3178 2096 3195 2113 .
3267 2053 3461 2118 Καλῶς
3515 2053 3578 2107 τὸ
3634 2049 3832 2107 ἀδυνά-

2177 2167 2306 2208 τως’
2365 2145 2460 2201 κᾶν
2513 2148 2613 2222 γὰρ
2647 2145 3017 2221 ἐπιχειρήσειέ
3071 2166 3177 2217 τις,
3240 2144 3339 2199 οὐκ
3386 2144 3681 2219 ἐφικνεῖται
3715 2142 3832 2215 μὲν,

2184 2234 2347 2306 μόνον
2382 2231 2459 2303 δὲ,
2509 2234 2603 2296 τὰς
2660 2236 2852 2310 νοερᾶς
2905 2231 3055 2307 ὄψεις
3104 2232 3539 2307 ἀμαυρούμενος,
3587 2230 3676 2284 καὶ
3735 2233 3835 2282 τοῦ

2181 2320 2335 2385 ὄντος
2366 2322 2611 2377 ἐκπίπτει
2642 2323 2838 2399 φωτὸς,
2872 2324 2945 2384 ὡς
2994 2324 3021 2376 6
3071 2320 3456 2399 φιλονεικήσας
3488 2318 3616 2374 ὅλον
3667 2316 3831 2387 ήλιον

2179 2417 2259 2483 τῶ
2291 2416 2588 2485 σωματικῷ
2636 2410 2876 2482 δέξασθαι
2926 2410 3216 2488 ὀφθαλμῷ,
3268 2411 3397 2482 ὅπερ
3445 2408 3498 2461 αἱ
3549 2410 3686 2462 θεῖαι
3742 2405 3832 2459 καὶ

2182 2502 2371 2571 νοηταὶ
2408 2499 2662 2574 δυνάμεις
2692 2499 3080 2573 αἶ’νιττόμεναι,
3132 2493 3408 2573 χερουϐὶμ
3454 2496 3543 2551 καὶ
3594 2494 3836 2571 σεραφῖμ

2179 2592 2245 2645 τά
2274 2592 2541 2665 πρόσωπα
2596 2589 2955 2653 καλύπτουσι,
3015 2586 3288 2658 δηλοῦντα
3348 2587 3424 2658 μή
3485 2584 3830 2659 προσερίζειν

2178 2684 2247 2753 τῇ
2282 2680 2410 2750 ὑπὲρ
2445 2679 2637 2741 αὐτοὺς
2662 2679 2861 2755 θεωρίᾳ
2880 2679 2954 2751 μὴ
2989 2675 3252 2750 δεδομένῃ
3290 2675 3492 2736 αὐτοῖς.
3528 2674 3631 2729 Καὶ
3662 2670 3831 2727 τοῦτό

2180 2767 2289 2823 ἐστι
2318 2768 2408 2823 τό’
2469 2768 2597 2822 Θεὸν
2631 2766 2808 2831 οὐδεὶς
2837 2767 3042 2841 ἑώρακε
3070 2768 3314 2822 πώποτε.
3358 2767 3520 2827 ’Όθεν
3554 2764 3605 2817 οἱ
3640 2762 3834 2816 θεόσσ-

2182 2879 2273 2935 φοι
2306 2856 2459 2928 δόξαν
2491 2862 2645 2930 Θεοῦ,
2677 2856 2801 2912 ἀλλ’
2834 2856 2895 2911 οὐ
2928 2857 3053 2911 Θεὸν
3088 2854 3380 2931 ἑωρακέναι
3412 2853 3563 2931 φασί.

2253 3129 2408 3202 ΞΙΙΙ.
2444 3127 2519 3183 Τὸ
2575 3124 2670 3197 μὲν
2725 3124 2855 3197 ὑπὲρ
2911 3127 3058 3179 νοῦν.
3112 3124 3310 3199 Σαφῶς
3363 3119 3422 3175 ἐκ
3460 3120 3666 3173 τούτων
3730 3113 3845 3172 ἔστι

2184 3212 2370 3272 Λαϐεῖν
2401 3216 2499 3282 τήν
2534 3213 2749 3288 ’Δρείου
2780 3217 2868 3267 καί
2904 3212 3173 3284 Εὐνομίου
3208 3210 3424 3281 μανίαν,
3452 3206 3503 3263 οἳ
3533 3206 3621 3262 καὶ
3650 3226 3843 3281 τεχνο-

2184 3305 2364 3379 λογεῖν
2396 3305 2493 3372 τὴν
2530 3302 2763 3378 ἄρῥητον
2796 3300 2885 3357 καὶ
2925 3299 3244 3375 ὑπερούσιον
3278 3298 3464 3353 οὐσίαν
3514 3300 3609 3352 τοῦ
3658 3300 3841 3351 Μονο-

2184 3397 2371 3467 γενοῦς
2404 3390 2719 3468 ἐθάρρησαν.

2264 3572 2442 3646 [Ὑπὲρ
2474 3575 2597 3625 νοῦν
2658 3568 2760 3645 γάρ
2811 3569 2922 3623 ἔστι
2967 3568 3028 3622 τὸ
3076 3568 3173 3634 τῆς
3205 3563 3482 3641 θεαρχίας,
3513 3562 3683 3639 ἤγουν
3744 3570 3846 3632 τῆς

2189 3656 2593 3735 παμϐασιλίδος
2644 3659 2731 3714 καὶ
2784 3657 3227 3729 ἀκατονομάστου
3286 3653 3467 3715 οὐσίας
3526 3654 3588 3708 τὸ
3646 3652 3844 3707 ἀκατά-

2194 3750 2454 3823 ληπτον.]

2262 3932 2378 3999 Τῆς
2407 3928 2685 4003 θεαρχίας.
2744 3933 2927 4000 Θεαρχ
2933 3925 3009 3979 ίαν
3070 3924 3230 3979 καλεῖ
3258 3925 3542 3997 πανταχοῦ
3566 3923 3664 3991 τήν
3695 3942 3845 3992 παμ-

2194 4015 2449 4074 ϐασιλίδα
2478 4014 2688 4091 Τριάδα
2718 4013 2807 4070 διὰ
2832 4016 2894 4069 τὸ
2920 4015 3010 4069 καὶ
3038 4011 3145 4068 τῶν
3203 4010 3514 4087 λεγομὲνων
3549 4015 3684 4074 θεῶν
3747 4007 3847 4085 ἅρ-

2193 4129 2335 4183 χειν,
2396 4104 2640 4181 ἀγγὲλων
2699 4103 2840 4181 φημὶ
2890 4104 2976 4158 καὶ
3035 4102 3222 4176 ἁγίων,
3280 4101 3355 4162 ὡς
3412 4101 3845 4175 προειρήκαμεν.

2194 4197 2431 4271 Κρύφιον
2464 4192 2520 4248 δὲ
2544 4194 2605 4248 τὸ
2636 4199 2759 4267 περί
2786 4199 2886 4261 τῆς
2918 4190 3356 4264 ἀκατονομάστου
3390 4187 3599 4258 ἐκείνης
3658 4187 3845 4249 οὐσίας

2194 4284 2599 4355 ἀκατάληπτον·
2636 4282 2766 4357 ὅπερ
2799 4281 2932 4355 μετὰ
2967 4281 3158 4358 μικρόν
3180 4300 3311 4358 φησι
3337 4279 3576 4356 σώφρονι
3600 4282 3729 4353 σιγῇ
3755 4278 3845 4331 καὶ

2195 4374 2468 4449 ἀνωτέρω,
2502 4374 2576 4437 ὡς
2606 4373 2823 4447 θεμιτὸν
2858 4370 3023 4444 αὐτῷ,
3054 4370 3143 4424 καὶ
3173 4370 3531 4445 ἱεροπρεπῶς.

2265 4641 2370 4697 Καὶ
2400 4642 2498 4710 τὴν
2546 4635 2867 4714 ἀγαθοδότιν
2911 4638 3111 4712 ἀρχήν.
3160 4635 3304 4690 Κατά
3333 4634 3386 4690 τί
3426 4634 3565 4690 ἔστιν
3627 4638 3654 4690 ὁ
3716 4635 3845 4695 Θεὸς

2188 4733 2333 4807 ἀρχὴ
2366 4731 2546 4799 πάσης
2577 4726 2971 4805 φωτοφανείας,
3012 4726 3101 4780 καὶ
3148 4724 3289 4786 τίνες
3340 4725 3393 4778 αἱ
3455 4723 3845 4802 φωτοφάνειαι,

2187 4822 2277 4876 καὶ
2308 4819 2745 4895 ἀναμορφώσεις.

2255 4908 2585 4969 Ἀνάστασις.
2631 4902 2805 4963 Τοῦτό
2860 4905 2998 4961 ἐστιν
3054 4903 3084 4959 6'
3141 4902 3285 4978 λέγει
3348 4904 3598 4975 Συμεὼν,
3631 4900 3721 4956 ὅτε
3748 4901 3843 4956 τὸν

2188 5000 2418 5072 Χριστὸν
2452 4994 2609 5051 εἶδεν·
2641 4997 2814 5059 Οὗτος
2843 5000 3015 5049 κεῖται
3050 4992 3127 5056 εἷς
3170 4995 3375 5047 πτῶσιν
3422 4991 3512 5045 καὶ
3561 4991 3843 5045 ἀνάστασιν

2189 5085 2417 5142 πολλῶν
2451 5084 2505 5140 ἐν
2537 5090 2615 5157 τῷ
2644 5082 2889 5159 Ἰσραήλ-ο
2923 5083 3128 5137 πτῶσιν
3166 5082 3258 5154 μὶν
3312 5084 3409 5135 τοῦ
3440 5078 3490 5135 ἐν
3542 5081 3679 5152 ἡμῖν
3726 5079 3847 5154 χεί-

2192 5196 2373 5251 ρονος,
2403 5175 2688 5229 ἀνάστασιν
2720 5171 2777 5228 δὶ
2805 5176 2901 5227 τοῦ
2939 5170 3244 5247 βελτίονος.

1456 5548 1691 5605 νΑξιΙίΕ
1725 5544 2111 5603 LECTIONES
2143 5544 2232 5601 ET
2263 5540 2823 5600 CORRECTIONES.

507 5637 553 5673 ⁸⁵
582 5634 819 5711 ἐχούσης
854 5632 1157 5709 δυνᾶμιως.
