4080 6366
185 402 278 457 193

183 614 260 669 ἐπὶ
290 612 359 665 τά
417 612 642 684 μείζονα
690 609 924 686 προϊὼν,
957 608 1111 686 φησὶ,
1144 612 1361 683 πρῶτον
1412 605 1837 685 φωτιζομένους,

185 705 285 757 εἶτα
338 699 728 773 τελουμένους.
778 698 1056 753 Τελεῖσθαι
1111 695 1167 752 δέ
1216 697 1348 764 ἐστι,
1389 697 1451 751 τὸ
1503 696 1578 757 είς
1633 695 1842 751 τελειό-

186 812 316 861 τητα
375 791 597 863 ἄγεσθαι
650 786 739 841 διὰ
785 794 884 854 τῆς
938 786 1070 859 μετά
1107 786 1171 839 τὸ
1207 786 1485 859 βάπτισμα
1517 783 1584 839 δι’
1619 782 1846 853 εὐζωΐας

190 886 498 956 προκοπῆς,
526 876 616 931 ’ίνα
651 875 874 947 δύνηταί
904 897 984 936 τις
1034 875 1201 929 εἶπεῖν
1239 894 1249 905 ·
1284 876 1391 931 Τὸν
1449 872 1653 949 δρόμον
1705 872 1847 927 τετέ-

192 971 337 1037 λεκα,
371 971 470 1037 την
504 966 686 1022 πίστιν
716 967 1014 1039 τετήρηκα.
1043 966 1104 1021 Ἡ
1139 962 1233 1018 οὖν
1263 966 1614 1039 προσκυνητὴ
1654 963 1846 1038 Τριὰς,

189 1066 281 1127 τῆς
349 1056 613 1124 τοιαύτης
681 1055 907 1123 τελετῆς
990 1050 1254 1129 ἄρχουσα,
1329 1054 1421 1107 ἅτε
1502 1053 1591 1106 καὶ
1670 1053 1848 1121 πάσης

191 1147 528 1207 τελειώσεως
560 1145 825 1214 ποιητική
871 1142 1216 1218 τελετάρχις,
1248 1142 1471 1203 εἰκότως
1521 1146 1747 1196 νοεῖται.
1782 1141 1849 1197 Οἱ

189 1241 313 1311 γοῦν
346 1239 415 1308 τῇ
449 1238 708 1309 προκοπῇ
739 1231 1117 1304 τελειούμενοι
1152 1236 1397 1294 θεοῦνται
1431 1230 1669 1295 πάντως,
1703 1229 1849 1292 θείας

190 1325 444 1379 κοινωνοὶ
497 1324 709 1401 φύσεως
760 1323 1064 1396 γινόμενοι,
1096 1322 1169 1374 ὦν
1218 1323 1264 1358 ⁵⁸
1311 1318 1587 1394 ἀναλόγως
1620 1322 1654 1387 ἡ
1689 1320 1851 1392 Θεαρ-

190 1415 285 1489 χία
330 1415 358 1468 ὁ
409 1413 565 1479 Θεὸς,
619 1416 753 1475 θεῶν
798 1409 1169 1486 γεγενημένων
1220 1410 1366 1484 ἀρχή
1418 1430 1498 1469 τις
1552 1403 1648 1464 ὤν.
1701 1406 1851 1463 Μετὰ

191 1507 323 1578 γοῦν
352 1503 453 1570 τὴν
489 1496 748 1555 ἀνάϐασιν
778 1500 978 1569 ταύτην
1033 1499 1107 1561 sic
1162 1498 1445 1569 ἁπλότητα
1500 1496 1851 1573 προκόπτου-

194 1615 296 1659 σιν,
333 1589 621 1665 ἰσάγγελοι
654 1587 743 1643 διὰ
770 1596 869 1658 τῆς
904 1588 1245 1651 ἀναστάσεως
1272 1588 1573 1661 γινόμενοι,
1604 1587 1695 1640 καὶ
1724 1584 1850 1640 οὐκ·

196 1684 273 1734 έτι
332 1680 570 1755 ψυχικὸν
627 1676 850 1753 ἔχοντες
919 1681 1100 1749 σῶμα,
1158 1675 1293 1731 κατά
1348 1676 1441 1730 τὸν
1491 1672 1851 1741 Ἀπόστολον,

195 1770 437 1824 τουτέστι
471 1767 563 1823 διά
592 1771 777 1842 ψυχῆς
810 1766 1061 1827 συνεστός
1089 1786 1148 1820 τε
1195 1764 1283 1819 καὶ
1333 1765 1676 1837 κινούμενον,
1709 1760 1855 1818 ἀλλὰ

196 1859 585 1929 πνευματικὸν,
617 1857 734 1910 ἀντὶ
785 1860 881 1910 τοῦ
941 1853 1028 1909 διὰ
1077 1858 1175 1909 τοῦ
1225 1852 1490 1927 παναγίου
1540 1852 1854 1925 Πνεῦματος

199 1946 282 2001 ἐπὶ
316 1949 458 2021 μέγα
490 1947 751 2020 χυθέντος
784 1943 866 1999 ἐπ’
897 1943 1094 2005 αὐτοὺς
1141 1950 1239 2011 τῆς
1298 1942 1699 1997 πολυσυνθίτου
1746 1944 1853 1994 τῶν

203 2035 484 2111 λογισμῶν
517 2032 820 2101 ποικιλίας,
854 2034 941 2087 καὶ
974 2037 1083 2087 τῶν
1142 2033 1443 2100 αἰσθήσεων
1502 2028 1859 2104 ἀπηλλαγμέ-

202 2146 277 2176 vo:
314 2144 325 2155 ·
363 2124 483 2186 ὅθεν
518 2124 609 2177 καὶ
640 2122 894 2191 ὲνίζονται
929 2121 1005 2181 εἷς
1039 2118 1197 2175 ὲνάδα
1230 2119 1539 2190 ἁπλότητος
1570 2118 1857 2192 ἀγόμενοι,

202 2214 333 2268 καθά
389 2214 712 2288 προέφημεν
746 2230 758 2241 '
796 2210 939 2286 λέγει
983 2211 1081 2285 γὰρ
1114 2212 1200 2264 καὶ
1237 2206 1491 2283 ἀλλαχοῦ
1526 2230 1537 2242 ·
1572 2210 1669 2264 Ἤν
1729 2206 1853 2289 γὰρ,

203 2304 353 2377 φησὶ,
387 2305 494 2355 τῶν
528 2301 927 2354 πιστευσάντων
956 2294 1153 2372 καρδία
1182 2297 1272 2351 καὶ
1302 2300 1455 2373 ψυχὴ
1493 2297 1607 2370 μία.

270 2572 329 2624 Ἡ
381 2573 488 2623 τῶν
542 2567 758 2636 ζώντων
814 2570 949 2635 ζωή.
986 2571 1111 2628 Καθ’
1142 2565 1327 2619 ἑαυτὸν
1362 2565 1389 2617 ὁ
1439 2565 1568 2625 Θεὸς
1614 2564 1675 2619 οὐ
1724 2572 1862 2620 νοεῖ-

206 2679 308 2713 ται·
344 2659 461 2712 ἐπεὶ
496 2654 554 2711 δὲ
584 2660 692 2710 τῶν
718 2651 883 2709 ὄντων
918 2654 1131 2709 πάντων
1166 2652 1306 2708 ὲστὶν
1356 2652 1501 2707 αἶ’τία
1548 2655 1636 2707 καὶ
1684 2655 1855 2730 ἀρχὴ,

207 2753 309 2801 τῶν
342 2745 535 2801 ἁπλῶν
571 2740 819 2814 ἁπλότης
850 2743 981 2811 ἐστὶ,
1014 2747 1120 2797 τῶν
1151 2745 1364 2811 ζώντων
1426 2743 1561 2812 ζωὴ,
1593 2747 1702 2797 τῶν
1763 2744 1858 2798 οὐ-

207 2842 330 2891 σιῶν
361 2834 706 2911 ὑπερούσιος,
737 2834 824 2887 καὶ
868 2833 1056 2894 ἁπλῶς
1103 2834 1317 2886 πάντων
1363 2834 1571 2905 ἀγαθῶν
1627 2831 1863 2905 μεταδόο

208 2946 284 2985 τις
317 2922 481 2978 ἐστίν.

278 3014 737 3089 Ἐκιραντορικῶς.
801 3011 1157 3087 Ἐκφάντορες
1228 3010 1431 3081 κυρίως
1500 3008 1748 3085 ἐλέγοντο
1809 3012 1859 3065 oi

206 3106 306 3155 τῶν
361 3100 680 3173 μυστηρίων
731 3098 799 3152 τὰ
869 3096 1077 3173 ἄρρητα
1154 3092 1508 3170 συμϐολικῶς
1583 3098 1859 3176 ἐκφαίνον-

210 3211 289 3252 τες

213 3365 347 3429 θέλει
382 3365 591 3437 δηλοῦν
624 3365 743 3427 ένάς
774 3364 863 3419 καὶ
917 3365 1084 3438 μονὰς
1132 3362 1219 3417 ἐπὶ
1269 3368 1401 3418 Θεοῦ
1448 3363 1743 3438 λεγομένη,
1775 3363 1862 3419 καί

217 3478 396 3533 Ῠησιν,
429 3455 516 3509 ὅτι
547 3475 671 3529 περ,
698 3452 787 3507 ’ίνα
817 3455 1139 3529 παραστήσῃ
1166 3454 1263 3520 τήν
1297 3453 1551 3526 ἀμέρειαν
1583 3458 1679 3507 τοῦ
1707 3458 1863 3522 Θεοῦ,

216 3550 368 3599 τοῦτο
398 3542 619 3618 λέγεται
651 3542 797 3617 παρά
824 3548 929 3596 τῶν
964 3541 1237 3616 θεολόγων
1274 3561 1287 3574 '
1320 3542 1382 3595 τὸ
1427 3543 1531 3617 γὰρ
1564 3540 1744 3616 ὄγκοις
1773 3543 1860 3596 καὶ

218 3633 555 3703 πηλικότησι
588 3629 1002 3702 διειλημμένον,
1033 3634 1195 3685 τοῦτο
1224 3631 1313 3685 ἅτε
1362 3631 1449 3684 καὶ
1504 3635 1663 3703 σῶμα
1713 3630 1865 3703 μερί-

225 3730 358 3791 ζεται
395 3742 407 3753 ’
455 3722 520 3775 τὸ
574 3717 630 3774 δὲ
681 3720 877 3793 ἀμερὲς
923 3720 1012 3774 καὶ
1044 3718 1345 3797 ἀνέμφατόν
1380 3719 1489 3773 ἐστι
1521 3722 1565 3755 ⁸⁸
1598 3719 1872 3792 σώματος,

224 3809 359 3865 ἀλλὰ
406 3811 501 3865 καὶ
557 3810 688 3884 ὑπὲρ
747 3808 915 3863 πᾶσάν
976 3807 1115 3863 ἐστιν
1169 3808 1481 3880 ἀσωματίαν
1515 3828 1526 3840 ·
1586 3806 1773 3871 ἄλλως
1817 3829 1875 3862 τε

225 3898 404 3969 ἐπειδὴ
441 3900 751 3964 διανοηθεὶς
782 3900 809 3953 ὁ
840 3899 969 3961 Θεὸς
1021 3898 1369 3973 βουλητικῶς
1426 3899 1493 3951 τὰ
1546 3900 1721 3951 πάντα
1774 3900 1873 3951 ὑπ-

226 3991 466 4059 έστησεν,
500 3987 609 4062 οὐχ
644 3989 733 4041 οἷά
760 4008 841 4049 τις
872 3992 994 4047 νοῦς
1028 3987 1103 4051 εἷς
1132 3989 1353 4056 νοήσεις
1389 3988 1659 4060 μερισθεὶς
1710 3984 1875 4041 ἐπολ-

228 4077 609 4146 λαπλασιάσθη
647 4096 658 4109 ·
698 4074 841 4131 ἀλλά
876 4075 1063 4149 μείνας
1112 4076 1200 4130 καὶ
1254 4077 1450 4148 μένων,
1484 4076 1672 4153 φησὶν,
1703 4076 1753 4129 έν
1806 4080 1875 4148 τῇ

225 4165 363 4221 ἐνάδι
444 4168 664 4239 ἀμερῶς
740 4165 829 4219 καὶ
904 4162 1240 4227 ἀσκεδάστως
1300 4166 1387 4218 καὶ
1445 4166 1710 4233 ὑπέστησε
1788 4165 1873 4218 καὶ

228 4256 476 4332 summa
534 4256 600 4309 τὰ
659 4252 712 4307 ἐν
772 4257 840 4327 τῇ
892 4254 1109 4307 κτίσει·
1155 4250 1257 4315 ἕως
1288 4254 1389 4328 γάρ
1424 4251 1543 4327 ἄρτι
1601 4253 1878 4327 ἐργάζεται

229 4345 252 4397 ὁ
281 4346 433 4411 Θεὸς,
471 4344 546 4403 ὡς
574 4344 626 4396 ἐν
660 4341 1015 4417 Εὐαγγελίοις
1045 4339 1258 4418 εἷ’ρηται
1293 4362 1304 4373 ·
1346 4342 1736 4417 ὑπερήπλωται
1787 4342 1878 4398 οῦν

227 4440 393 4487 πᾶσαν
432 4431 720 4500 ἁπλότητα
750 4431 970 4506 ἀμερῶς
1005 4430 1332 4505 ὑπεραίρων.

935 401 993 452 S.
1034 400 1302 452 MAXIMI
1340 395 1646 451 SCHOLIA
1684 399 1758 450 IN
1800 398 1862 450 LI

1976 400 2069 451 DE
2107 399 2375 453 DIVINIS
2415 400 2827 454 NOMINIBUS.

244 528 362 577 Τῶν
442 523 833 599 φωτιζομένων
914 517 1213 593 ἔλλαμψις.
1274 516 1586 591 Βαθμηδὸν,
1656 516 1921 591 ὥσπερΑ

3491 403 3596 459 194

2021 522 2478 578 ltluminatorum
2508 522 2829 579 illustratio.
2889 524 3188 580 Gradatim
3249 527 3320 580 ad
3372 528 3599 599 majora

1950 610 2353 683 progrediens,
2403 611 2501 679 ait,
2530 611 2788 684 primum
2848 628 2944 668 eos
3003 615 3103 685 qui
3161 614 3598 688 illuminantur,

1954 698 2163 753 deinde
2219 715 2317 754 eos
2359 700 2457 771 qui
2491 701 2894 771 perﬁciuntur.
2954 703 3156 757 Perﬁci
3191 721 3362 775 porro
3407 711 3494 761 est
3524 706 3599 762 ad

1956 787 2366 858 perfectionem
2401 789 2535 845 duci
2569 806 2671 860 per
2702 791 3023 861 profectum
3060 792 3115 846 in
3157 793 3309 849 bona
3342 799 3474 866 post
3495 796 3601 852 ba-

1956 875 2263 947 ptismum,
2295 881 2357 931 ut
2409 878 2541 948 quis
2572 879 2763 934 dicere
2798 879 3018 950 possit:
3052 883 3287 936 Cursum
3340 900 3601 940 consum-

1956 964 2289 1034 mavi,/idem
2322 966 2539 1021 servavi
2568 969 3006 1039 (m).Adoranda
3033 970 3213 1041 igitur
3243 972 3498 1029 Trinitas
3519 979 3605 1030 ta-

1958 1052 2069 1108 lem
2102 1054 2391 1125 incipiens
2421 1061 2477 1110 et
2502 1074 2710 1127 regens
2744 1058 3184 1127 perfectionem,
3216 1060 3370 1116 sicut
3426 1062 3602 1118 etiam

1963 1142 2242 1199 universae
2268 1144 2641 1215 perfectionis
2663 1146 2921 1200 effectrix
2944 1148 3318 1218 perfectionis
3349 1168 3529 1207 causa
3550 1156 3608 1208 et

1961 1232 2471 1303 princeps,merito
2498 1233 2866 1304 intelligitur.
2902 1235 3009 1298 Qui
3040 1253 3176 1306 ergo
3207 1238 3303 1292 97
3340 1240 3605 1311 profectu

1960 1320 2463 1390 perﬁciuntur,dii
2498 1338 2738 1391 prorsus
2771 1323 3043 1388 evadunt,
3063 1324 3269 1379 divina
3293 1327 3608 1397 participes

1961 1413 2181 1463 natura;
2214 1409 2627 1480 facti,quorum
2655 1412 3025 1482 proportione
3057 1415 3312 1483 quadam
3337 1415 3609 1471 divinita-

1961 1496 2037 1551 tis
2068 1497 2423 1569 principium
2455 1502 2545 1554 est
2575 1499 2698 1569 ipse
2729 1498 3043 1566 Deus,cum
3069 1501 3148 1556 sit
3176 1517 3378 1558 eorum
3402 1505 3503 1575 qui
3526 1504 3608 1559 dii

1962 1586 2147 1641 effecti
2180 1593 2321 1642 sunt
2352 1587 2705 1659 principium
2764 1588 3021 1659 aliquod.
3056 1589 3192 1644 Post
3223 1591 3378 1646 hunc
3427 1594 3608 1665 igitur

1964 1690 2272 1730 ascensum
2304 1676 2360 1729 in
2395 1675 2835 1747 simplicitatem
2874 1680 3477 1752 promovent,angelis
3500 1699 3605 1753 pa-

1963 1780 2056 1819 res
2087 1781 2189 1836 per
2220 1765 2706 1820 resurrectionem
2741 1766 2896 1833 facti,
2930 1782 3120 1838 neque
3150 1768 3341 1824 adhuc
3363 1771 3610 1827 animale

1962 1868 2160 1920 corpus
2189 1853 2469 1919 habentes,
2509 1856 2834 1909 secundum
2864 1856 3206 1927 Apostolum
3244 1858 3345 1929 (η),
3380 1859 3489 1914 hoc
3519 1864 3609 1916 est

1967 1942 2121 2011 quod
2148 1959 2245 2013 per
2280 1942 2537 1997 animam
2568 1942 2841 1997 consistit
2889 1948 2946 1998 et
2984 1951 3284 2000 movetur:
3316 1948 3407 2002 sed
3437 1949 3608 2019 spiri-

1964 2032 2209 2101 tate,per
2239 2031 2679 2087 sanctissimum
2701 2032 2980 2102 Spiritum
3016 2049 3191 2104 quam
3226 2039 3477 2091 maxime
3495 2038 3611 2092 dit-

1966 2119 2097 2174 l'usa
2128 2120 2183 2174 in
2220 2120 2379 2191 ipsos
2428 2120 2681 2175 multum
2728 2123 3050 2192 composita
3100 2122 3612 2181 ratiocinationum

1964 2208 2329 2275 varietate,et
2356 2209 2666 2264 asensibili
2686 2209 2950 2279 liberati;
2981 2212 3135 2266 unde
3155 2216 3213 2267 et
3235 2213 3525 2268 uniuntur
3554 2214 3613 2270 in

1966 2298 2253 2353 unitatem
2289 2298 2689 2369 simplicitatis
2720 2299 2903 2365 ducti,
2928 2302 3084 2355 sicut
3113 2306 3285 2356 antea
3316 2302 3612 2371 diximus;

1968 2387 2048 2441 ait
2077 2388 2233 2442 enim
2277 2388 2452 2442 etiam
2487 2387 2600 2443 alio
2632 2388 2689 2442 in
2750 2387 2914 2443 loco:
2976 2389 3105 2443 Erat
3161 2391 3335 2460 enim,
3400 2392 3613 2463 inquit,

1968 2476 2315 2531 credentium
2346 2494 2439 2531 cor
2466 2481 2517 2532 et
2546 2478 2743 2531 anima
2775 2495 2883 2532 una
2918 2479 3013 2549 (0).

2042 2565 2362 2620 Viventium
2390 2565 2522 2620 vita.
2560 2571 2710 2621 Deus
2741 2566 2799 2621 in
2845 2568 3038 2638 seipse
3082 2585 3197 2623 non
3229 2569 3611 2638 intelligitur;

1968 2654 2364 2725 sedquoniam
2389 2672 2583 2709 rerum
2600 2656 2863 2710 omnium
2877 2662 2933 2710 et
2960 2673 3139 2712 causa
3168 2663 3223 2712 et
3256 2658 3613 2730 principium

1968 2743 2583 2814 exsistit,simplicium
2618 2748 2707 2799 est
2738 2744 3104 2816 simplicitas,
3137 2746 3455 2801 viventium
3474 2748 3614 2817 vita,

1969 2834 2241 2889 essentiis
2271 2832 2529 2888 essentia
2558 2834 2844 2904 superior,
2880 2839 3053 2905 atque
3121 2840 3184 2889 ut
3222 2836 3394 2890 verbo
3426 2836 3617 2892 absol-

1967 2938 2123 2987 vam,
2156 2926 2244 2977 est
2276 2923 2562 2976 bonorum
2594 2922 2997 2978 universorum
3032 2925 3540 2980 communicatrix.

2040 3008 2465 3080 Explanatorie.
2494 3007 2873 3082 Ἐκφάντορες,
2911 3011 3494 3084 interpretes,proprie
3525 3013 3614 3067 di-

1969 3098 2377 3169 cebantur,qui
2409 3098 2726 3155 inell'abilia
2756 3100 3033 3169 mysteria
3064 3116 3166 3171 per
3200 3101 3419 3173 ﬁguras
3439 3119 3615 3174 expo-

1972 3195 2137 3243 nunL

234 3284 357 3341 .Ὠς
420 3275 629 3351 μονάδα
680 3279 798 3349 μέν.
858 3278 1115 3333 Ἐνταῦθα
1165 3280 1356 3350 τρανοῖ
1403 3274 1455 3329 τί
1516 3274 1753 3348 μάλιστα
1808 3279 1850 3312 ⁸⁷

1976 3236 2427 3333 --ιῇῃηιοηαᾱειη
2487 3277 2725 3347 quidem.
2778 3281 2892 3332 lloc
2962 3277 3086 3333 loco
3161 3279 3416 3334 declarat
3475 3280 3619 3351 quid

1975 3364 2227 3420 maxime
2257 3365 2393 3419 velit
2444 3365 2779 3437 signiﬁcare
2837 3366 3034 3421 unitas
3064 3370 3122 3421 et
3169 3383 3378 3422 monas
3409 3369 3480 3423 de
3509 3373 3623 3425 Deo

1974 3454 2131 3509 dicta
2163 3470 2176 3507 :
2211 3454 2495 3522 aitque,ut
2525 3454 2783 3525 partium
2815 3455 3162 3509 vacuitatem
3186 3454 3246 3509 in
3270 3456 3384 3511 Deo
3408 3473 3625 3527 reprae-

1975 3542 2298 3609 sentet,hoc
2321 3542 2536 3597 dicitur
2564 3560 2598 3597 a
2629 3542 2917 3614 theologis
2944 3560 2955 3597 :
2988 3544 3140 3612 quod
3173 3543 3331 3598 enim
3374 3545 3625 3600 tumori-

1984 3632 2095 3685 bus
2125 3636 2183 3685 et
2213 3630 2640 3701 quantitatibus
2678 3634 2797 3701 (seu
2834 3632 3120 3698 crassitie,
3175 3632 3541 3704 longitudine
3574 3638 3632 3690 et

1983 3719 2313 3789 latitudine)
2346 3719 2689 3775 distinctum
2748 3724 2857 3789 est,
2912 3720 3055 3775 illud
3115 3720 3292 3777 veluti
3334 3723 3629 3794 corpusin

1985 3812 2177 3881 partes
2208 3808 2528 3876 dividitur;
2561 3808 2669 3863 hoc
2700 3815 2896 3864 autem
2932 3810 3201 3881 partibus
3232 3817 3412 3881 caret,
3439 3829 3631 3883 neque

1984 3898 2360 3969 valetcorpus
2375 3903 2791 3969 repraesentare
2817 3916 2829 3965 ;
2851 3899 3117 3970 quinimo
3136 3905 3374 3972 superat
3394 3917 3631 3957 omnem

1986 3987 2247 4058 corporis
2297 3987 2721 4058 privationem;
2771 3989 3118 4059 praesertim,
3154 3990 3634 4061 quandoquidem

1989 4076 2142 4130 Deus
2166 4076 2425 4145 cogitans
2458 4075 2756 4130 voluntate
2788 4094 2895 4131 sua
2939 4082 3151 4132 cuncta
3200 4078 3521 4134 subsistere
3554 4080 3635 4134 fe-

1990 4165 2088 4233 cit,
2122 4182 2237 4219 non
2266 4168 2549 4234 tanquam
2591 4181 2755 4219 mens
2789 4165 2986 4233 aliqua
3026 4165 3085 4219 in
3135 4167 3521 4238 cogitationes
3553 4167 3635 4222 di-

1992 4254 2133 4323 visa,
2159 4252 2585 4323 multiplicatus
2621 4253 2727 4306 fuit
2761 4271 2773 4319 ;
2806 4253 2899 4307 sed
2927 4257 3217 4324 postquam
3250 4254 3307 4308 in
3341 4273 3397 4310 se
3430 4256 3637 4310 mansit

1990 4353 2043 4398 et
2063 4348 2274 4409 manet,
2305 4341 2521 4412 inquit,
2554 4341 2611 4395 in
2634 4341 2846 4397 unitate
2874 4343 3076 4413 absque
3101 4343 3409 4413 partitione
3422 4348 3474 4398 et
3492 4342 3638 4398 divi-

1989 4433 2141 4487 sione
2168 4430 2297 4502 fecit
2328 4438 2377 4485 et
2406 4429 2545 4500 facit
2600 4432 2888 4486 subsistere
2945 4440 3249 4486 creaturas.
3296 4432 3441 4487 Nam
3471 4448 3645 4502 usque

229 4524 394 4578 modo
430 4524 573 4576 Deus
607 4525 891 4592 operatur,
925 4522 1081 4575 sicut
1114 4522 1171 4575 in
1206 4520 1532 4589 Evangeliis
1564 4520 1780 4577 dicitur
1812 4524 1886 4594 (p)
1923 4540 1935 4579 :
1968 4537 2105 4593 ergo
2135 4518 2422 4591 singulari
2454 4519 2625 4574 modo
2653 4518 2906 4590 simplex
2936 4520 3126 4575 lactus
3157 4520 3377 4591 est,qui
3407 4536 3644 4577 omnem

230 4611 676 4684 simplicitatem
711 4610 1008 4664 indivisim
1041 4610 1282 4665 excedit.

296 4700 394 4753 Καὶ
455 4703 564 4751 τῶν
637 4702 926 4769 μεριστῶν.
986 4697 1105 4751 Ἐπὶ
1162 4702 1269 4750 τῶν
1332 4698 1732 4772 ὑπερουρανίων
1792 4699 1862 4753 κόι

2061 4700 2231 4769 Atque
2259 4697 2530 4753 dividuis.
2566 4702 2630 4751 In
2666 4698 2904 4752 mundis
2936 4698 3034 4769 qui
3069 4715 3250 4770 supra
3280 4698 3456 4754 ccelos
3480 4704 3639 4765 sunt,

231 4809 377 4859 σμων
434 4788 523 4840 καὶ
573 4783 732 4839 τοῦδε
788 4790 883 4839 τοῦ
942 4787 1138 4858 ὁρατοῦ
1170 4786 1235 4839 τὰ
1262 4786 1539 4859 κατώτερα
1588 4781 1876 4862 ἔστραπται

234 4876 316 4929 ἐπὶ
357 4878 425 4930 τά
478 4873 859 4947 ὑπερκείμενα,
909 4874 997 4927 καὶ
1046 4874 1109 4927 τὸ
1159 4876 1467 4947 σωματικὸν
1518 4873 1779 4949 ἥδρασται
1828 4878 1877 4931 ἐν

232 4969 305 5036 τῷ
362 4970 566 5033 ζῶντι·
602 4962 653 5016 ἐν
706 4983 809 5037 γαρ
852 4966 922 5035 τῇ
972 4962 1117 5036 χειρὶ
1168 4963 1335 5017 αὐτοῦ
1385 4961 1557 5017 πάντα
1595 4965 1659 5019 τὰ
1717 4965 1883 5039 πέρα-

237 5073 298 5105 τα
342 5059 441 5121 τῆς
487 5058 594 5125 γῆς
628 5071 640 5083 '
699 5049 845 5105 ἀλλὰ
888 5051 990 5124 γὰρ
1037 5050 1124 5103 καὶ
1176 5051 1226 5104 οἱ
1261 5050 1478 5124 οὐρανοί
1513 5072 1522 5083 ⁸
1560 5052 1610 5105 έν
1667 5054 1711 5123 ᾧ
1756 5054 1882 5127 γὰρ,

242 5140 386 5215 φησὶ,
416 5140 483 5193 τὰ
529 5141 704 5193 πάντα
737 5158 749 5169 ·
804 5137 891 5191 ἐπὶ
943 5135 1000 5192 δὲ
1047 5141 1184 5211 [τοῦ]
1230 5141 1345 5193 καθ’
1375 5142 1522 5209 ἡμᾶς
1575 5142 1773 5210 θνητοῦ
1824 5143 1885 5195 τὸ

244 5228 496 5283 ἀνάπαλίν
511 5231 556 5264 ⁶⁹
582 5228 692 5282 ἐστι
722 5231 831 5281 τῶν
864 5226 1190 5302 εἰρημένων*
1211 5230 1244 5297 ἠ
1275 5228 1376 5303 γὰρ
1408 5229 1561 5302 ψυχὴ
1596 5225 1885 5305 ἕστραπται

1990 4792 2047 4843 et
2087 4788 2193 4842 hoc
2226 4788 2327 4858 qui
2357 4786 2891 4855 videtur,inferiora
2920 4792 3339 4842 convertuntur
3362 4788 3431 4841 ad
3464 4803 3643 4858 supe-

1994 4878 2168 4946 riora,
2201 4884 2376 4947 atque
2409 4876 2463 4930 id
2488 4877 2641 4947 quod
2677 4892 3042 4947 corporeum,
3106 4876 3288 4930 situm
3340 4881 3428 4930 est
3473 4876 3533 4930 in
3564 4875 3643 4931 vi-

1996 4971 2159 5021 vente
2194 4985 2206 5033 ;
2242 4964 2531 5035 siquidem
2570 4964 2627 5019 in
2649 4982 2820 5019 manu
2849 4966 2967 5031 eius
2997 4980 3184 5019 omnes
3209 4966 3343 5033 ﬁnes
3374 4972 3540 5020 terrae
3570 4966 3643 5035 (q)

1994 5056 2113 5110 imo
2145 5054 2317 5109 etiam
2352 5053 2570 5120 cceli,in
2598 5070 2705 5125 quo
2727 5054 2897 5120 enim,
2934 5053 3286 5124 inquit,sunt
3315 5053 3502 5107 omnia
3528 5055 3600 5125 (r)
3632 5071 3645 5110 :

1998 5145 2054 5198 in
2090 5142 2320 5198 mortali
2354 5148 2547 5198 autem
2580 5148 2781 5198 nostro
2806 5142 3164 5197 contrarium
3186 5142 3360 5196 dictis
3393 5142 3646 5209 accidit;

1998 5233 2191 5290 anima
2216 5232 2372 5288 enim
2396 5232 2755 5287 convertitur
2787 5232 2856 5287 ad
2891 5231 3254 5303 spiritum,in
3287 5247 3404 5301 quo
3437 5247 3647 5288 sensus

379 5386 473 5457 (m)
500 5384 728 5439 ll‘Tim.
762 5400 835 5450 IV,
858 5384 912 5438 7.
944 5383 1025 5455 (η)
1058 5383 1078 5439 Ι
1110 5384 1238 5440 Cor.
1270 5401 1364 5453 xv,
1398 5386 1481 5440 44.
1516 5386 1593 5457 (ο)
1624 5390 1750 5441 Act.
1784 5403 1861 5455 iv,

1976 5429 1981 5441 .
2016 5387 2094 5459 (p)
2124 5386 2293 5442 Joan.
2316 5386 2479 5457 ν,17.
2513 5386 2587 5457 (q)
2610 5384 2766 5441 Psal.
2800 5402 2946 5453 χειν,
2983 5387 3032 5441 4.
3069 5386 3136 5458 (r)
3168 5389 3335 5442 Rom.
3370 5403 3451 5454 χι,
3479 5386 3568 5442 36.

1233 5566 1478 5622 VARIZE
1528 5566 1918 5627 LECTIONES
1963 5568 2053 5624 ET
2094 5564 2651 5624 CORRECTIONES.

320 5720 363 5757 “
391 5718 488 5787 ὡς,
564 5719 608 5755 ⁸⁷
644 5713 879 5790 μᾶλλον.
956 5717 1001 5754 ⁸⁸
1031 5715 1113 5771 οὐ.
1189 5718 1235 5754 ⁸⁸
1264 5713 1523 5791 ἔμπαλιν.
