4080 6366
452 328 561 386 195

1262 328 1630 381 APPENDIX
1667 328 1765 380 AD
1802 326 2044 381 OPERA
2082 326 2138 379 S.
2182 324 2498 381 DIONYSII
2536 328 3041 385 AREOPAGITE.

3767 332 3871 386 196

451 458 509 511 et
537 452 1017 511 ratiocinationes
1034 451 1382 517 fundantur,
1415 450 1634 521 quibus
1663 449 1764 506 98
1798 450 1856 504 in
1898 464 2095 520 specu-

2214 446 2348 522 πρὸς
2377 449 2441 503 τὸ
2472 446 2685 521 πνεῦμα
2713 449 2766 505 ἐν
2795 449 2840 523 ᾧ
2871 450 3005 506 εἶσιν
3054 448 3441 526 ἐστηριγμὲναι
3489 454 3546 508 αἱ
3599 453 3877 524 αἰσθήσεις

453 544 668 601 latione
698 542 951 598 rationes
973 541 1348 612 indagamus,
1380 540 1479 612 qui
1525 539 1760 611 spiritus
1787 538 1941 594 novit
1980 552 2105 607 quae

450 633 566 690 sint
588 634 649 688 in
672 632 912 701 homine,
946 632 1271 686 secundum
1306 627 1646 700 Apostolum
1689 628 1777 699 (s).
1811 628 2104 682 Conversa

451 722 650 794 itaque
681 720 881 777 anima
910 720 980 775 ad
1014 719 1172 774 hunc
1204 718 1505 790 spiritum,
1537 715 1892 773 convertitur
1923 715 2101 770 etiam

358 854 361 857 ς
451 811 523 866 ad
557 826 768 866 sensus
818 809 919 879 qui
970 808 1028 862 in
1088 808 1213 878 ipso
1271 806 1562 862 exsistunt
1616 809 1673 861 et
1720 822 1823 876 per
1875 820 1974 859 eos
2029 803 2099 859 ad

451 915 686 970 corpus.
741 903 806 953 In
835 900 1030 951 mente
1061 910 1292 966 quoque
1331 893 1714 965 cogitationes
1744 891 1919 947 veluti
1952 890 2100 945 divi-

451 988 695 1052 duntur,
728 990 904 1057 atque
952 985 1010 1039 in
1045 983 1385 1040 discrimina
1417 982 1643 1038 divisim
1706 981 2031 1053 procedunt
2067 996 2101 1034 a

450 1077 642 1148 prima
672 1074 1023 1148 cogitatione
1054 1074 1123 1128 ad
1186 1072 1472 1128 secundas
1532 1075 1635 1126 aut
1664 1069 2099 1126 excellentiores

448 1169 551 1220 aut
580 1162 1077 1219 deteriores.Dicit
1105 1178 1241 1233 ergo
1274 1178 1380 1217 nos
1403 1161 1765 1216 intendendo
1796 1159 1856 1213 in
1888 1158 2096 1226 Deum,

447 1252 573 1309 ﬁeri
606 1254 678 1308 ab
709 1251 935 1308 unitate
966 1250 1067 1306 illa
1091 1266 1273 1305 unum
1308 1246 2100 1313 indistinctum,discrimini-

442 1342 556 1397 bus
588 1342 809 1396 nostris
842 1358 973 1411 quas
1006 1339 1213 1395 multis
1245 1338 1511 1410 partibus
1542 1337 1894 1393 constabant
1918 1352 1988 1391 ex
2008 1335 2095 1390 di-

444 1430 667 1486 visione
698 1431 757 1485 in
789 1430 1250 1502 complexionem
1283 1429 1518 1495 coactis,
1544 1427 1784 1483 etmodo
1808 1426 2094 1482 mundum

445 1519 717 1575 vincente
751 1536 933 1574 unum
964 1519 1207 1586 eﬂ'ectis,
1246 1517 1301 1572 id
1336 1523 1425 1572 est
1455 1533 1570 1572 non
1603 1515 1828 1583 sonsili,
1862 1514 1963 1569 sed
1998 1514 2094 1568 in-

447 1608 761 1663 tellectuali
787 1609 982 1676 modo,
1015 1624 1147 1663 cum
1182 1607 1425 1661 minime
1469 1606 1660 1661 adhuc
1692 1604 1866 1659 alieni
1891 1605 1963 1659 ab
1994 1621 2091 1659 eo-

444 1712 576 1752 rum
610 1695 1021 1767 conjunctione
1068 1696 1257 1752 simus
1291 1715 1304 1763 ;
1338 1695 1481 1766 quin
1514 1695 1712 1767 potius
1744 1709 1927 1748 unum
1960 1692 2092 1748 uni-

442 1785 631 1841 forme
660 1786 1008 1855 efficiamus,
1039 1785 1185 1840 sicut
1213 1789 1269 1840 et
1296 1784 1411 1856 ipse
1438 1801 1614 1840 unum
1643 1792 1744 1851 est,
1806 1783 2089 1854 quemad-

446 1879 686 1933 modum
707 1877 789 1932 ait
820 1878 880 1932 in
910 1876 1240 1948 Evangeliis
1271 1876 1356 1947 (t).

518 1968 582 2022 Ut
612 1966 953 2021 Trinitatem.
977 1965 1124 2021 Nota
1177 1965 1525 2021 Trinitatem
1582 1964 1773 2019 tribus
1822 1962 2092 2035 personis

446 2055 869 2111 subsistentem
906 2072 917 2110 :
945 2060 1004 2110 et
1034 2054 1452 2110 fecunditatem
1476 2054 1669 2109 Patris
1700 2052 2092 2120 dicit,incom-

444 2143 900 2215 prehensibilem
913 2145 1041 2214 ejus
1067 2142 1516 2215 progressumin
1542 2140 1981 2214 productionem
2002 2140 2091 2196 Fi-

441 2231 506 2286 lii
528 2237 584 2287 et
602 2232 857 2304 Spiritus
878 2232 1065 2288 sancti
1092 2250 1104 2288 :
1140 2238 1295 2289 recte
1327 2248 1499 2303 porro
1521 2231 1604 2287 ait
1649 2235 1713 2286 ut
1743 2230 2092 2295 Trinitatem,

444 2321 723 2392 quoniam
755 2339 871 2377 non
904 2322 1318 2389 numerus,sed
1359 2322 1537 2377 decus
1569 2320 1793 2376 dictum
1825 2323 1953 2377 est:
1988 2320 2090 2375 Do-

442 2412 631 2466 minus
653 2416 797 2467 Deus
822 2412 1085 2467 Dominus
1115 2427 1259 2466 unus
1278 2414 1356 2466 est
1384 2411 1484 2481 (ιι).

514 2502 598 2555 Ea:
627 2517 735 2571 qua
764 2500 947 2556 omnis
967 2499 1296 2571 paternitas.
1332 2499 1576 2555 Familia
1606 2497 1973 2570 intelligendi
1999 2512 2091 2551 or-

445 2589 611 2645 dines
641 2590 906 2659 ejusdem
938 2590 1130 2658 seriei,
1153 2587 1330 2643 veluti
1362 2589 1476 2644 sibi
1534 2592 1739 2643 mutuo
1770 2586 2091 2657 conjuncti,

443 2677 1094 2748 cherubim,seraphim,
1122 2675 1505 2748 principatus,
1531 2680 1869 2746 potestates.
1902 2675 1961 2727 In
1997 2690 2093 2727 no-

440 2766 535 2822 bis
564 2770 762 2822 autem
791 2766 970 2822 etiam
1002 2764 1316 2837 spiritales,
1344 2770 1407 2819 ut
1435 2765 1701 2834 ejusdem
1754 2762 2003 2834 generis,
2037 2764 2094 2815 et

444 2855 897 2927 complexiones,
917 2855 1071 2911 sicut
1100 2853 1358 2909 declarat
1379 2869 1611 2924 quoque
1641 2853 1867 2922 Moyses
1896 2850 2094 2905 afﬁni-

447 2947 619 2999 tates.

519 3031 671 3100 Quod
700 3031 889 3087 omnia
917 3049 1035 3103 qua
1054 3041 1204 3088 sunt.
1229 3030 1524 3087 Universae
1555 3031 1653 3085 Dei
1685 3032 1967 3085 creatura:
1988 3029 2090 3084 bo-

454 3136 540 3175 nte
569 3125 625 3176 et
651 3119 820 3175 valde
845 3122 1009 3177 bona
1043 3123 1281 3177 fuerunt
1303 3125 1358 3175 et
1387 3119 1615 3186 sunt,in
1649 3122 1933 3191 quantum
1958 3134 2095 3189 per-

2213 537 2301 591 καὶ
2333 539 2389 591 οἱ
2422 537 2702 614 λογισμοὶ,
2736 538 2806 594 δι’
2833 541 2904 593 ὧν
2952 543 3019 595 τὰ
3056 540 3106 594 ἐν
3152 545 3222 614 τῇ
3272 540 3453 615 σκέψει
3506 540 3871 617 λογιζόμεθα,

2212 624 2344 701 ὅπερ
2392 630 2601 699 πνεῦμα
2651 625 2761 682 οἶδε
2802 628 2867 683 τὰ
2907 628 2958 682 ἐν
2988 634 3067 701 τῷ
3092 629 3380 705 ἀνθρώπῳ,
3413 632 3552 684 κατὰ
3580 632 3676 685 τὸν
3706 633 3872 687 Ἀπό-

2213 714 2408 769 στολον
2441 737 2453 749 ·
2486 715 2901 791 ἐπεστραμμένη
2937 716 3027 772 οὖν
3060 719 3199 791 πρὸς
3245 723 3407 773 τοῦτο
3453 720 3517 774 τὸ
3568 724 3786 792 πνεῦμα
3834 724 3869 791 ἡ

2211 804 2388 878 ψυχή,
2420 804 2777 877 ἐπέστραπται
2809 807 2899 860 καὶ
2928 807 3067 881 πρὸς
3112 807 3206 867 τὰς
3256 806 3308 862 ἐν
3357 809 3507 880 αὐτῷ
3567 808 3868 882 αἰσθήσεις,

2209 892 2298 946 καὶ
2331 890 2399 946 δι’
2430 893 2606 949 αὐτῶν
2634 896 2771 969 πρὸς
2800 895 2863 950 τὸ
2892 900 3053 969 σῶμα
3084 914 3097 928 '
3131 896 3221 950 καὶ
3283 895 3334 950 ἐν
3381 901 3462 968 τῷ
3509 901 3592 969 νῷ
3638 899 3693 951 αἱ
3742 900 3869 969 νοή-

2210 1002 2320 1043 σεις
2353 982 2517 1036 οἱονεὶ
2552 983 2879 1057 μερίζονται,
2913 986 3002 1038 καὶ
3048 984 3123 1047 εἰς
3180 984 3499 1057 ἑτερότητας
3563 983 3867 1050 σκεδαστῶς

2207 1067 2459 1143 προΐασιν
2491 1070 2597 1125 ἀπὸ
2628 1072 2853 1147 πρώτης
2883 1074 3123 1142 νοήσεως
3156 1073 3233 1135 εἷς
3279 1070 3557 1148 δευτέρας,
3594 1073 3672 1135 εἰς
3700 1075 3869 1148 κρείτ-

2204 1179 2385 1229 τονας,
2426 1158 2461 1228 ἢ
2503 1159 2579 1222 εἷς
2629 1158 2893 1237 φαύλους.
2928 1162 3101 1228 Φησὶν
3151 1160 3242 1217 οὖν
3294 1162 3398 1228 ὅτι,
3452 1163 3865 1237 ἀνατεινόμενος

2206 1247 2341 1322 πρὸς
2372 1249 2526 1316 Θεὸν,
2557 1250 2821 1323 γινόμεθα
2870 1251 2972 1305 ὑπὸ
3001 1257 3102 1320 τῆς
3134 1248 3320 1313 ὲνάδος
3381 1251 3594 1322 ἐκείνης
3642 1251 3698 1306 ἓν
3737 1252 3865 1325 ἀμε·

2205 1337 2314 1410 ρὲς,
2343 1341 2452 1391 τῶν
2484 1337 2816 1413 πολυμερῶν
2859 1341 3022 1412 ἡμῶν
3069 1341 3403 1413 ὲτεροτήτων
3464 1338 3527 1395 ἐκ
3577 1345 3677 1395 τοῦ
3736 1362 3854 1396 σκε-

2205 1423 2415 1499 δασμοῠ
2474 1426 2549 1488 εἰς
2604 1426 2901 1500 σύμπτυξιν
2964 1429 3389 1502 ἀθροιζομένων,
3430 1429 3522 1484 καὶ
3576 1429 3852 1485 ἐνοποιου-

2207 1516 2380 1587 μὲνων
2435 1517 2838 1589 ὑπερκοσμίως,
2870 1517 3145 1573 τουτέστιν
3198 1518 3299 1573 οὐκ
3353 1518 3652 1591 αἰσθητῶς,
3713 1517 3855 1575 ἀλλὰ

2201 1610 2424 1680 νοερῶς,
2458 1605 2556 1659 οὐκ
2585 1600 2661 1660 ἔτι
2714 1601 3038 1678 ἀσυμϐάτων
3099 1603 3269 1662 ὄντων
3328 1610 3489 1680 ἡμῶν
3541 1610 3681 1684 πρὸς
3737 1609 3853 1663 ἑαυ-

2200 1692 2349 1763 τοὺς,
2382 1691 2528 1748 ἀλλὰ
2578 1696 2876 1767 γινομένων
2933 1696 2987 1750 ’ὲν
3030 1694 3281 1768 ὲνοειδὲς,
3315 1696 3389 1758 ὡς
3445 1694 3538 1752 καὶ
3590 1697 3753 1760 αὐτὸς
3803 1695 3855 1752 ἓν

2201 1782 2364 1852 ἐστιν,
2401 1783 2473 1845 ὥς
2507 1804 2668 1860 φησιν
2699 1783 2749 1838 ἒν
2785 1782 3155 1860 Εὐαγγελίοις.

2270 1968 2356 2026 Ὡς
2434 1960 2654 2035 Τριάδα.
2740 1964 3057 2036 Σημείωσαι
3142 1962 3353 2040 Τριάδα
3423 1965 3847 2041 τρισυπόστατον

2199 2051 2289 2105 καὶ
2344 2052 2683 2125 γονιμότητά
2739 2074 2870 2130 φησι
2948 2055 3046 2122 τήν
3123 2055 3390 2130 πατρικήν
3451 2055 3588 2130 ὑπὶρ
3646 2049 3848 2109 ἔννοιαν

2201 2138 2437 2214 πρόοδον
2476 2141 2550 2202 εἰς
2582 2138 2834 2218 ἔκφανσιν
2862 2146 2960 2196 τοῦ
3010 2143 3137 2197 Υἱοῦ
3191 2143 3280 2197 καὶ
3329 2147 3428 2198 τοῦ
3488 2144 3647 2220 ἁγίου
3697 2143 3851 2198 Πνεύο

2206 2251 2372 2302 ματος
2408 2249 2420 2262 ·
2445 2228 2632 2294 καλῶς
2661 2228 2719 2285 δί
2738 2232 2798 2285 τὸ
2830 2231 2904 2293 ὠς
2936 2228 3163 2306 Τριάδα,
3194 2229 3381 2300 ἐπειδή
3438 2231 3541 2287 οὐκ
3598 2232 3845 2308 ἀριθμὸς,

2203 2316 2349 2373 ἀλλά
2425 2316 2550 2389 δόξα
2626 2316 2883 2393 εἷ’ρηταιο
2945 2319 3140 2395 Κύριος
3198 2321 3225 2374 ὁ
3278 2320 3407 2383 Θεὸς
3498 2320 3699 2396 Κύριος
3777 2320 3847 2381 εἷς

2203 2427 2364 2462 εστιν.

2274 2497 2360 2566 Ἐξ
2419 2499 2485 2565 ἧς
2530 2503 2673 2551 πᾶσα
2720 2498 2939 2573 πατριά.
2974 2499 3210 2572 Πατριάς
3262 2497 3485 2568 νοητὲον
3537 2498 3634 2562 τὰς
3687 2495 3851 2571 τάξεις

2199 2587 2295 2647 τὰς
2328 2585 2387 2639 ἐκ
2412 2592 2512 2654 τῆς
2572 2587 2886 2661 ὁμοταγίας,
2921 2586 3087 2641 οἱονεὶ
3146 2589 3497 2660 συνημμένας
3557 2586 3847 2657 ἀλλήλαις,

2202 2668 2500 2746 χερουϐὶμ,
2552 2674 2807 2752 σεραφὶμ,
2860 2675 3058 2748 ἀρχὰς,
3119 2673 3354 2743 ἐξουσίας
3389 2693 3400 2704 ·
3456 2673 3539 2751 ἐφ’
3595 2677 3751 2746 ἡμῶν
3796 2669 3849 2727 δὲ

2200 2762 2289 2815 καὶ
2320 2762 2412 2823 τὰς
2441 2764 2827 2834 πνευματικὰς,
2862 2763 2936 2824 ὡς
2968 2768 3238 2837 συγγενεῖς
3272 2780 3283 2793 ·
3317 2762 3406 2817 καὶ
3444 2760 3843 2836 ἀλληλουχίας,

2202 2850 2275 2910 ὡς
2304 2846 2473 2919 δηλοῖ
2499 2851 2586 2904 καὶ
2622 2852 2864 2920 Μωυσῆς
2891 2850 2988 2912 τὰς
3019 2849 3353 2925 συγγενείας.

2272 3029 2395 3084 Ὅτι
2443 3027 2509 3082 τὰ
2556 3023 2684 3083 ὄντα
2725 3029 2914 3083 πάντα.
2943 3030 3120 3084 Πάντα
3168 3028 3233 3084 τὰ
3274 3033 3370 3083 τοῦ
3413 3034 3551 3085 Θεοῦ
3586 3026 3848 3104 δημιουρ-

2204 3120 2424 3192 ματα
2464 3117 2629 3183 καλὲ,
2660 3118 2747 3171 καὶ
2782 3116 2923 3173 καλὰ
2971 3115 3091 3172 λίαν
3145 3117 3414 3192 γεγόνασι,
3444 3119 3538 3173 καί
3589 3118 3739 3186 εἰσιν,
3771 3117 3846 3193 ἐφ’

455 3212 725 3264 severant
754 3208 814 3263 in
849 3210 1103 3266 naturali
1130 3215 1193 3265 ut
1224 3206 1977 3265 fueruntordine:deflexio
1992 3223 2094 3262 au-

2214 3205 2332 3260 δσον
2393 3204 2444 3260 ἐν
2505 3209 2573 3279 τῇ
2623 3207 2757 3260 κατὰ
2796 3205 2949 3283 φύσιν
2983 3207 3057 3269 ὡς
3087 3205 3355 3281 γεγόνασι,
3392 3208 3618 3281 μένουσι
3662 3207 3800 3276 τάξει
3830 3224 3842 3239 ο

453 3300 571 3352 tem
595 3298 668 3352 ab
697 3314 763 3353 e0
795 3298 952 3368 quod
984 3302 1207 3353 naturas
1241 3298 1531 3365 convenit,
1564 3297 1683 3351 sive
1734 3296 1791 3351 in
1849 3294 2097 3367 angelis,

451 3385 572 3442 sive
601 3387 661 3442 in
693 3386 929 3457 animis,
960 3387 1079 3443 sive
1109 3386 1725 3458 in‘qualibuscumque
1756 3384 2097 3455 corporibus

448 3475 571 3544 ﬁat,
604 3475 1105 3547 pulchritudinem
1141 3476 1531 3547 perdit,atque
1561 3476 1634 3530 ab
1657 3490 1725 3529 ea
1747 3473 2095 3543 aberrando,

446 3565 876 3634 turpitudinem
910 3570 1202 3637 operatur.

525 3654 655 3710 Vere
686 3654 1438 3724 integre.Dispensationem
1473 3653 1704 3723 (salutis
1736 3652 1969 3721 nostrae)
2004 3668 2092 3707 re-

446 3744 535 3797 cte
564 3742 672 3797 hoc
705 3741 828 3797 loco
860 3743 1308 3813 exponit,unum
1338 3741 1644 3798 Trinitatis
1675 3741 2095 3813 passum.Nota

446 3846 622 3885 unam
638 3847 1026 3902 personarum
1040 3832 1347 3886 nobiscum
1364 3832 1585 3901 integre
1599 3830 2092 3897 communicasse;

447 3919 722 3989 quodque
764 3919 977 3974 dixerit
1007 3920 1203 3990 ipsum
1235 3920 1553 3975 Dominum
1587 3923 1855 3974 nostrum
1885 3918 2089 3973 Jesum

443 4006 743 4061 Christum
758 4006 1326 4078 simplicem,deinde
1344 4024 1472 4063 com
1486 4007 1738 4078 positum
1770 4007 2089 4062 humanam

441 4095 874 4151 extremitatem
908 4097 979 4151 ad
1012 4097 1275 4167 seipsum
1308 4102 1696 4152 revocantem.
1734 4096 1882 4151 Bene
1919 4095 2094 4164 igitur

442 4182 719 4253 dicimus,
779 4202 961 4241 unum
1021 4186 1409 4241 sanctissimas
1459 4184 1761 4241 Trinitatis
1820 4184 2004 4239 fuisse
2033 4184 2092 4239 in

442 4288 633 4328 cruce.
664 4273 783 4329 Hoc
840 4279 932 4330 est
962 4279 1167 4330 contra
1198 4274 1576 4330 Nestorianos
1607 4278 1665 4329 et
1718 4272 2041 4345 Acephalos
2078 4290 2090 4329 :

442 4376 575 4416 ecce
605 4362 1017 4431 enim,ait,una
1041 4368 1413 4418 Personarum
1443 4363 1662 4433 integre
1686 4363 1967 4417 nobiscum
2007 4361 2094 4432 (in

441 4450 667 4519 natura)
698 4451 1142 4519 communicavit,
1194 4451 1351 4506 sicut
1400 4450 1539 4506 dicit
1568 4451 1881 4522 Apostolus
1904 4452 1999 4521 (v),
2031 4451 2094 4505 in

442 4554 548 4628 quo
580 4539 793 4594 habitat
820 4540 999 4595 omnis
1027 4541 1317 4610 plenitudo
1359 4540 1676 4596 divinitatis
1705 4539 2089 4611 corporaliter.
2124 4564 2169 4628 D

440 4625 559 4681 Hoc
589 4634 785 4682 autem
818 4627 1028 4699 integre
1076 4628 1401 4700 intelligere
1429 4629 1531 4685 99
1565 4628 1739 4684 etiam
1771 4634 1861 4685 est
1889 4633 2091 4685 contra

440 4713 873 4786 Apollinarium
903 4733 915 4771 :
948 4716 1203 4772 declarat
1218 4717 1608 4790 enim,ipsum
1634 4718 1955 4790 perfectum
1983 4718 2089 4773 bo-

442 4804 663 4859 minem
697 4806 1114 4876 assumpsisse.

513 4894 577 4946 Et
605 4894 843 4965 sumpsit
888 4895 1240 4951 accessiones.
1302 4896 1530 4952 Patrem
1573 4894 1790 4952 dixisse
1836 4912 2093 4968 proroga-

443 4981 929 5051 tionem,arbitror
957 4999 1084 5040 esse
1116 5001 1458 5040 mensuram
1483 4986 1763 5057 temporis
1796 5002 1909 5057 quo
1936 4986 2096 5041 Chri-

446 5074 575 5124 stus
603 5070 661 5124 in
694 5088 866 5128 carne
897 5077 1276 5129 conversatus
1303 5077 1412 5128 est.

512 5160 579 5213 Et
608 5159 934 5230 inconfusae.
967 5163 1183 5218 Mansit
1214 5162 1370 5217 enim
1430 5162 1585 5217 idem
1639 5163 1788 5217 Deus
1834 5162 2093 5219 Verbum

445 5247 686 5319 factum,
721 5251 873 5319 quod
906 5267 1023 5306 non
1055 5256 1180 5308 erat
1208 5250 1335 5306 sine
1366 5250 1729 5306 confusione.
1755 5255 1903 5307 Nota
1918 5252 2093 5309 etiam

440 5352 553 5392 non
580 5340 875 5409 confusum
905 5356 939 5394 a
971 5344 1232 5412 tempore
1280 5340 1679 5412 apostolorum
1711 5341 2090 5413 praedicatum

440 5425 645 5482 fuisse.

586 5634 654 5707 (ι)
684 5638 708 5688 Ι
738 5636 864 5691 Cor.
898 5650 961 5703 ιι,
995 5636 1083 5691 11.
1116 5635 1181 5707 (ι)
1210 5635 1382 5692 Joan.
1414 5653 1553 5706 xm,
1575 5639 1674 5692 22.
1706 5640 1786 5709 (ιι)
1814 5642 1980 5697 Deut.
2012 5655 2089 5709 vr,
2122 5640 2154 5694 4

2207 3296 2241 3363 ἡ
2294 3292 2350 3349 δὲ
2404 3298 2500 3349 τοῦ
2539 3294 2674 3349 κατά
2731 3294 2887 3371 φύσιν
2944 3297 3294 3369 παρατροπὴ,
3328 3292 3435 3351 εἷειε
3481 3297 3534 3351 ἐν
3580 3293 3846 3371 ἀγγέλοις,

2209 3382 2314 3438 εἷ’τε
2352 3383 2405 3437 ἐν
2435 3387 2662 3458 ψυχαῖς,
2692 3382 2799 3438 εἴτε
2837 3382 2888 3437 ἐν
2936 3384 3249 3438 ὁποιοισοῦν
3309 3386 3525 3457 σώμασι
3576 3384 3848 3460 γινομένη,

2205 3474 2268 3528 τὸ
2324 3471 2532 3533 κάλλος
2591 3470 2886 3545 ἀπόλλυσι,
2920 3474 3008 3527 καὶ
3066 3477 3136 3547 τῇ
3192 3472 3388 3528 τούτου
3448 3473 3739 3549 διαμαρτίᾳ
3791 3472 3848 3527 τὸ

2205 3562 2366 3636 αἶσχο
2378 3583 2399 3623 ς
2431 3560 2495 3631 δη
2510 3565 2781 3635 μιουργεῖ.

2279 3652 2421 3724 Πρὸς
2481 3651 2738 3720 ἀλήθειαν
2797 3649 3019 3712 ὁλικῶς.
3078 3652 3185 3719 Τὴν
3243 3646 3560 3725 οἴκονομέαν
3639 3652 3847 3715 ἐνταῦθα

2206 3743 2393 3817 φράζει
2423 3738 2633 3809 καλῶς,
2660 3739 2742 3795 ὅτι
2774 3742 2852 3801 εἷς
2891 3742 2989 3808 τῆς
3034 3740 3270 3814 Τριάδος
3323 3736 3505 3798 ἔπαθε.
3540 3743 3846 3814 Σημείωσαι

2207 3827 2262 3884 δὲ
2293 3828 2377 3884 ὅτι
2413 3829 2508 3901 μία
2537 3833 2644 3883 τῶν
2682 3830 3025 3884 ὑποστάσεων
3058 3832 3196 3903 ἡμῖν
3224 3829 3583 3901 ἐκοινώνησεν
3618 3829 3841 3889 ὁλικῶς⁶

2204 3919 2295 3972 καὶ
2335 3918 2416 3972 ὅτι
2469 3917 2628 3972 αὐτὸν
2678 3918 2768 3972 τὸν
2842 3919 3045 3993 Κύριον
3117 3921 3277 3991 ἡμῶν
3338 3921 3553 3989 Ἰησοῦν
3630 3918 3848 3993 Χριστὸν

2206 4004 2413 4061 ἁπλοῦν
2445 4006 2612 4077 εἶπεν,
2647 4007 2761 4061 εἶτα
2791 4007 3038 4069 σύνθετον
3068 4005 3514 4081 ἀνακαλούμενον
3555 4008 3688 4083 πρὸς
3736 4006 3841 4060 ἑαυ-

2202 4098 2293 4151 τὸν
2324 4098 2423 4164 τὴν
2456 4095 2804 4169 ἀνθρωπίνην
2856 4095 3112 4169 ἰσχστιάν
3146 4115 3158 4129 ’
3202 4095 3385 4158 καλῶς
3443 4096 3535 4152 οὗν
3598 4096 3842 4171 λὲγομεν,

2204 4184 2285 4240 ὅτι
2341 4188 2417 4247 εἷς
2468 4191 2568 4253 τῆς
2624 4184 2779 4260 ἁγίας
2824 4181 3061 4258 Τριάδος
3099 4186 3165 4254 ἧν
3220 4185 3273 4240 ἐν
3302 4184 3383 4258 τῷ
3414 4191 3649 4261 σταυρῷ.
3680 4186 3842 4239 Τοῦτο

2201 4276 2336 4329 κατά
2365 4277 2735 4348 Νεστοριανῶν
2768 4274 2855 4327 καὶ
2885 4273 3200 4351 ’Δκεφάλων
3234 4292 3246 4305 ·
3279 4272 3399 4329 ἷδοὺ
3429 4277 3553 4349 γὰρ,
3587 4272 3735 4351 φησὶ,
3755 4269 3844 4343 μία

2200 4367 2308 4418 τῶν
2388 4363 2759 4417 Ὑποστάσεων
2835 4360 3042 4425 ὁλικῶς
3114 4366 3250 4436 ἡμῖν
3339 4363 3714 4433 ἐκοινώνησεν,
3775 4357 3843 4419 ὥς

2203 4473 2364 4529 φησιν
2401 4450 2428 4505 ὀ
2459 4450 2818 4521 Ἃπόστολος,
2852 4449 2903 4507 ἐν
2937 4452 2982 4524 ᾧ
3013 4457 3257 4507 κατοικεῖ
3310 4456 3415 4506 πᾶν
3468 4452 3531 4506 τὸ
3574 4450 3844 4526 πλήρωμα

2199 4544 2300 4605 τῆς
2330 4539 2587 4610 θεότητος
2617 4543 3159 4609 σωματικῶς.Τοῖ’›το
3193 4537 3250 4595 δὲ
3278 4541 3340 4596 τὸ
3369 4539 3573 4603 ὁλικῶς
3605 4538 3693 4594 καὶ
3722 4533 3844 4592 κατὰ

2201 4627 2632 4702 ἈπολΛιναρίου
2689 4627 2797 4683 ἐστί
2834 4649 2846 4663 ο
2906 4626 3076 4700 δηλοῖ
3132 4631 3233 4707 γὰρ
3289 4628 3499 4685 τέλειον
3572 4630 3840 4703 ἄνθρωπον

2202 4716 2547 4792 ἀνειληφέναι
2576 4718 2763 4776 αὐτόν.

2273 4896 2370 4951 Καὶ
2403 4896 2701 4970 παράτασιν
2737 4893 2948 4973 εἴληφε.
2982 4895 3060 4952 Τὸ
3090 4898 3387 4972 παράτασιν
3446 4895 3712 4974 εἴρηκὲναι
3748 4892 3830 4946 τὸν

2202 4986 2291 5041 τὸν
2352 4984 2582 5061 Πατέρα,
2622 4979 2997 5057 ὑπολαμϐάνω
3024 4986 3086 5039 τὸ
3141 4988 3400 5060 χρονικὸν
3463 4988 3653 5062 μέτρον
3713 4982 3832 5036 εἶναι

2203 5081 2303 5144 τῆς
2334 5073 2385 5129 ἐν
2416 5073 2572 5149 σαρκὶ
2600 5078 2697 5128 τοῦ
2729 5073 2929 5149 Κυρίου
2960 5070 3260 5149 διαγωγῆς.

2278 5164 2374 5217 Καὶ
2433 5164 2761 5235 ἀσυγχύτου.
2819 5162 3036 5234 Ἔμεινε
3089 5164 3194 5237 γὰρ
3268 5162 3427 5225 αὐτὸς
3494 5161 3620 5223 Θεὸς
3678 5158 3839 5231 Λόγος

2204 5252 2513 5329 γενόμενος,
2547 5250 2678 5327 ὅπερ
2737 5249 2836 5305 οὐκ
2882 5251 2949 5318 ἦν
2987 5250 3313 5327 ἀσυγχότως
3348 5272 3361 5287 ·
3394 5254 3484 5307 καὶ
3545 5246 3831 5323 σημείωσαι

2207 5341 2381 5395 ὅτιτὸ
2439 5338 2747 5415 ἀσόγχυτον
2808 5338 2867 5394 ὲκ
2921 5342 3029 5395 τῶν
3082 5339 3463 5396 ἀποπολικῶν
3518 5339 3831 5411 κεκήρυκται

2205 5450 2430 5505 καιρων.

2163 5682 2175 5697 .
2208 5638 2280 5711 (υ)
2313 5636 2539 5694 Coloss.
2572 5650 2636 5703 ιι,
2666 5635 2722 5693 9.
