4080 6366
150 380 251 435 197

917 380 977 431 S.
1018 376 1284 430 MAXIMI
1325 367 1630 426 SCHOIJA
1671 364 1744 416 IN
1785 360 1918 412 LIB.
1960 359 2054 410 DE
2093 358 2363 413 DIVINIS
2402 361 2816 416 NOMINIBUS.

3472 365 3574 420 198

221 501 315 555 Καὶ
343 501 444 554 ὅσα
475 497 627 554 ἄλλα
655 494 967 573 θεουργικά.
1002 493 1298 569 Θεουργικά
1324 489 1479 568 φῶτά
1526 505 1660 563 φησι
1694 479 1810 573 Δτδις

1996 477 2120 573 Atia
2150 480 2404 550 quaelibet
2446 480 2664 551 dei/ica.
2713 482 2930 540 Deifica
2978 483 3208 542 lumina
3252 490 3441 556 vocat,
3473 488 3575 545 do-

148 587 501 651 διδασκαλίας
531 593 643 642 τῶν
679 586 866 662 ἀγίων,
900 585 973 646 ὡς
1003 587 1118 662 φῶς
1167 580 1422 658 γνώσεως
1473 569 1809 650 ἐμποιούσαις

146 681 238 735 καὶ
271 677 426 743 θεοὺς
441 681 486 714 ⁷ο
515 677 646 739 τοὺς
678 675 1060 748 πειθομένους.

223 766 627 843 Καθηγεμόνων
711 745 931 841 κρυιρία,
1001 761 1342 834 Σημείωσαι,
1417 755 1499 843 ὅτι
1567 745 1812 843 ταῌπερὶ

145 863 256 913 τῶν
310 838 633 930 ἀνὴγμένων
697 853 785 908 καὶ
828 838 981 927 -ὑπὲρ
1038 852 1137 919 τὴν
1193 853 1299 904 τῶν
1356 842 1582 900 πολλῶν
1642 838 1810 906 ἀκοὴν

150 945 301 1012 ὄντα,
360 943 467 1000 εἴτε
518 943 645 1018 περὶ
674 940 955 1017 θεολογίας
981 936 1088 995 εἷ’τε
1116 935 1356 1010 καὶπερὶ
1399 940 1500 1004 τῆς
1542 934 1637 985 τοῦ
1672 935 1814 997 ζωο-

149 1039 315 1091 ποιοῦ
345 1037 482 1089 Θεοῦ
513 1030 830 1105 οἷκοοομίας
881 1027 1124 1106 κρυφίως
1174 1021 1532 1100 παρεδίδοσαν
1577 1020 1629 1074 οἱ
1680 1020 1813 1080 θεῖοι

151 1121 505 1190 ἀπόστολοι,
575 1116 974 1195 μυστηριωδῶς
1028 1113 1506 1172 ἀποκαλύπτοντες
1565 1111 1679 1167 τοῖς
1729 1125 1815 1195 τε·

153 1212 357 1273 λείοις⁸
396 1209 486 1264 καὶ
537 1191 620 1264 ὅτι
675 1209 734 1263 ἐκ
762 1191 888 1262 ’τῶν
924 1204 1246 1262 ἀποστόλων
1303 1200 1416 1256 ἐστὶ
1462 1199 1526 1252 τὸ
1573 1191 1816 1269 ἀσυγχύ-

151 1322 261 1362 τως
307 1300 402 1354 καὶ
459 1292 882 1372 ἀμεταϐλήτως,
944 1296 971 1349 ὃ
1024 1297 1162 1364 εἷπε,
1201 1291 1292 1346 καὶ
1341 1289 1405 1345 τὸ
1433 1291 1530 1343 τοῦ
1561 1283 1692 1340 ὅλου
1724 1281 1814 1337 ἀν-

161 1390 409 1464 θρώπου·
474 1385 559 1442 διὸ
617 1386 710 1441 καὶ
743 1387 770 1440 ὁ
829 1383 1190 1452 Ἀπόστολος,
1240 1379 1459 1457 γράφων
1495 1372 1818 1464 Θεσσαλονι-

153 1461 331 1548 κεῦσι,
362 1477 522 1555 φησί,
555 1483 757 1552 χρῆναι
790 1472 1076 1551 φυλάττειν
1113 1468 1332 1540 αὐτοὺς,
1363 1466 1515 1522 δσα⁷¹
1553 1461 1814 1555 ἤκουσαν,

156 1568 264 1623 εἴτε
297 1565 389 1621 διὰ
420 1565 613 1642 λόγου,
645 1562 750 1619 εἴτε
781 1560 849 1617 δι’
881 1559 1194 1628 ἐπιστολῆς·
1225 1558 1314 1613 καὶ
1343 1553 1595 1629 Τιμοθὲῳ
1651 1548 1814 1604 πάλιν

153 1638 699 1732 παραθήκηνγλὲγων
733 1649 1026 1708 δεδωκέναι
1075 1648 1127 1704 ἐν
1185 1644 1492 1722 μυστηρίῳ,
1552 1643 1683 1714 ὅπερ
1735 1638 1816 1693 ἐν·

154 1750 326 1810 ταῦθα
357 1745 759 1821 ἐκφαντορικῶς
792 1738 1024 1817 εἷ’ρηται.

229 1835 328 1888 Διὰ
375 1814 486 1888 τῶν
542 1814 701 1906 ἱερῶν
742 1814 1275 1904 παραπετασμάτων.
1340 1821 1679 1918 Σημείωσαι,
1735 1814 1817 1918 ὅτι
1850 1852 1896 1918 Β

164 1922 210 1978 ἰν
246 1927 348 1995 μιᾷ
375 1920 523 1992 τάξει
586 1903 764 1984 θετέον
821 1903 919 1988 τήν
979 1936 1037 1970 τε
1094 1912 1246 1988 ἁγίαν
1307 1909 1523 1986 Γραφὴν
1575 1905 1667 1995 uati
1721 1903 1817 1964 τὰς

159 1993 264 2067 τῶν
326 2009 640 2065 ἐπισκόπων
702 2005 1049 2083 παραδόσεις,
1083 2001 1202 2077 (οὕς
1255 1998 1515 2074 ἱεράρχας
1549 1993 1706 2083 έίωθε
1731 2012 1824 2046 κα-

166 2101 302 2166 λεῖν,
333 2100 414 2160 ὡς
458 2095 731 2172 ἄρχοντας
762 2079 872 2152 τῶν
903 2095 1114 2168 ἱερὲων.
1149 2090 1392 2146 τουτὲστι
1451 2079 1825 2160 πρεσϐυτέρων

161 2189 248 2243 καὶ
309 2185 603 2256 διακόνων,
659 2183 750 2238 καὶ
790 2181 1089 2257 πυλωρῶν,
1147 2178 1222 2240 ὥς
1275 2196 1437 2251 φησιν
1472 2172 1524 2228 ἐν
1580 2175 1650 2245 τῇ
1709 2180 1829 2232 καθ’

170 2279 318 2350 ἡμᾶς
348 2273 629 2350 ἱεραρχίῳ
673 2272 792 2328 ὅθεν
824 2272 914 2326 καὶ
944 2275 1064 2332 ταῖς
1097 2268 1272 2323 αὐτῶν
1325 2265 1554 2339 χρήσεσι
1584 2260 1708 2335 περὶ
1763 2258 1831 2350 τὰ

171 2364 420 2440 δόγματα
466 2364 812 2435 πειθόμεθαο)
869 2359 919 2430 ἐξ
951 2357 1051 2430 ὧν,
1082 2358 1238 2432 φησὶ,
1270 2353 1470 2428 λογίων
1527 2351 1594 2404 τὰ
1648 2349 1827 2440 παχύ-

167 2439 296 2527 τερα
325 2459 446 2515 τοῖς
482 2450 826 2527 ὑπερουσίοις
857 2447 1189 2522 περιτίθεται
1222 2442 1311 2498 διὰ
1337 2442 1524 2512 νόησιν
1573 2439 1663 2493 καὶ
1724 2458 1828 2509 μυ-

169 2525 470 2618 σταγωγίαν
505 2525 797 2613 ἡμετέραν·
831 2539 904 2599 ὡς
937 2536 1022 2591 ἐπὶ
1073 2536 1165 2608 μὲν
1200 2532 1354 2601 Θεοῦ,
1416 2529 1540 2584 ὅταν
1573 2525 1829 2604 φαίνηται

171 2633 240 2693 ὡς
273 2613 504 2705 πῦρριαὶ
536 2630 610 2690 ὡς
639 2629 814 2703 γέρων
850 2625 899 2681 ἐν
933 2623 1161 2693 Δανιὴλ,
1193 2622 1283 2678 καὶ
1315 2621 1388 2682 ὡς
1423 2619 1556 2694 ἀνὴρ
1580 2613 1828 2705 παλαίων

170 2725 247 2792 τῷ
284 2702 507 2791 Ἰακὼϐ,
536 2716 628 2772 καὶ
656 2702 758 2771 γὸσα
804 2717 1047 2770 τοιαῦταο
1100 2711 1187 2766 ἐπὶ
1220 2707 1277 2764 δὲ
1307 2706 1574 2782 ἀγγέλων,
1634 2703 1707 2764 ὡς
1761 2702 1830 2756 τὰ

175 2790 498 2883 χερουϐὶμ,
534 2807 627 2861 ἀτε
676 2804 765 2859 καὶ
823 2802 1194 2878 θηριόμορφα,
1253 2797 1343 2852 καὶ
1385 2793 1550 2850 ἄλλοι
1581 2791 1631 2846 ἐν
1685 2790 1829 2860 τάξει

175 2895 380 2973 ἀνδρῶν
413 2894 504 2949 καὶ
535 2893 826 2950 νεανίσκων
838 2937 850 2949 .

245 3094 372 3148 Τῶν
434 3091 701 3164 μεριστῶν
761 3081 1083 3161 συμϐόλων,
1135 3085 1258 3141 ’Ὁτι
1318 3078 1732 3155 ἀνθρωπολογεῖ
1768 3073 1830 3130 τὸ

180 3185 328 3234 Θεῐοθ
361 3181 398 3248 ἡ
434 3179 620 3252 Γραφή
651 3174 711 3231 ἐκ
734 3180 838 3230 τῶν
867 3171 1221 3248 ἀνθρωπίνων
1278 3169 1408 3224 αὐτὸ
1466 3168 1830 3240 ὀνομάζουσα,

181 3267 372 3335 πόδας,
452 3267 543 3322 καὶ
627 3270 839 3342 χεῖρας,
921 3263 1012 3318 καὶ
1098 3261 1366 3338 πρόσωπα
1423 3257 1570 3329 αὐτῷ
1625 3274 1831 3328 περιτι-

182 3363 348 3422 θεῖσα.

247 3449 417 3502 ’Ὀταν
468 3443 738 3520 ἄφθαρτοι
774 3483 787 3498 .
847 3443 968 3495 Ὅτι
1026 3437 1078 3493 ἐν
1128 3440 1197 3510 τῇ
1256 3435 1533 3490 ἀναστάσει
1585 3432 1638 3486 o't
1695 3426 1840 3506 ἐίγιοι

185 3536 315 3608 μετά
375 3533 674 3611 ἀφθαρσίας
703 3531 794 3585 καὶ
837 3530 1119 3589 ἀθανασίας
1146 3532 1247 3594 τῆς
1281 3519 1687 3600 χριστοειδονὺς
1719 3518 1838 3575 τεό-

184 3625 357 3694 ξονται
402 3609 804 3688 καταστάσεως,
838 3617 1145 3690 λάμποντες
1203 3613 1334 3686 ὑπὲρ
1383 3613 1473 3666 τὸν
1526 3609 1710 3679 ἥλιον,
1767 3609 1842 3669 ὡς

181 3713 266 3766 καὶ
310 3714 339 3766 ὁ
391 3710 610 3785 Κύριος,
671 3708 760 3762 ὅτε
812 3707 862 3762 ἐν
923 3711 1001 3777 τῷ
1051 3701 1164 3780 ὄρει
1227 3700 1649 3774 μετεμορφώθη,
1705 3695 1842 3750 καθοὶ

184 3823 342 3877 φησιν
397 3802 426 3855 ὁ
488 3797 821 3857 Ἀπόστολος
868 3795 993 3867 περὶ
1041 3798 1151 3847 τῶν
1180 3790 1374 3865 ἁγίων,
1432 3790 1513 3843 ὅτι
1544 3786 1666 3842 τότε
1688 3781 1840 3839 ἔσον-

182 3873 265 3944 ται
345 3890 421 3951 ὡς
503 3887 593 3941 καὶ
673 3885 832 3946 αὐτός
892 3883 1024 3952 ἐστι,
1082 3880 1172 3935 καὶ
1217 3880 1445 3934 πάντοτε
1505 3876 1595 3931 σὺν
1656 3873 1842 3950 Κυρίῳ

187 3975 421 4033 ἔσονται.

252 4070 492 4140 Ὁρατῆς
573 4063 736 4118 αὐτοῦ
807 4058 1135 4139 θεοφανείας.
1206 4057 1523 4130 Σημείωσαι
1597 4051 1680 4106 ὅτι
1749 4049 1841 4105 καὶ

187 4159 242 4211 τὸ
291 4160 438 4220 θεῖον
498 4152 662 4208 αὐτοῦ
720 4155 879 4224 σῶμα
938 4150 1136 4225 ὁρατήν
1196 4145 1502 4223 θεοφανειάν
1531 4163 1715 4220 φησιν,
1765 4141 1840 4202 ὡς

188 4246 316 4299 κατά
342 4243 544 4298 ταύτὸν
568 4239 852 4315 ἁρμόττειν
904 4239 964 4292 τὸ
1020 4237 1182 4312 ῥητὸν
1239 4235 1327 4289 καὶ
1385 4232 1520 4288 κατά
1553 4238 1839 4303 Νεστορια-

188 4339 286 4388 νῶν
345 4333 439 4388 καὶ
501 4329 841 4408 Ἀκεφάλων,
899 4327 989 4381 καὶ
1043 4329 1152 4380 τῶν
1198 4317 1698 4395 ὑπολαμϐανόντων
1765 4319 1838 4391 μὴ

190 4423 314 4477 εἶναι
374 4420 466 4476 καὶ
516 4424 606 4473 νῦν
662 4418 750 4473 καὶ
804 4413 1010 4472 ἔσεσθαι
1075 4412 1209 4486 μετά
1234 4411 1431 4487 σαρκὸς
1471 4411 1562 4464 τὸν
1624 4408 1840 4482 Κύριον

187 4509 270 4564 καί
302 4509 386 4565 ὅτι
419 4511 457 4578 ἡ
519 4508 615 4580 μὲν
665 4507 748 4560 τίς
810 4505 950 4559 ἐστιν
1007 4503 1176 4579 ὁρατή
1239 4500 1401 4555 αὐτοῦ
1457 4498 1762 4574 θεοφάνεια,
1811 4497 1840 4550 ’ὀ

1923 567 2184 623 ctrinam
2218 573 2583 637 sanctorum,
2613 570 2775 627 velut
2803 572 3156 644 cognitionis
3205 573 3405 631 lumen
3451 576 3579 632 efﬁ-

1921 657 2162 724 cientes,
2192 663 2369 730 atque
2401 659 2541 716 deos
2570 675 2669 716 eos
2700 661 2800 732 qui
2831 663 3096 719 credunt.

1993 751 2404 818 Praeceptorum
2415 749 2803 805 arcana.Nota
2817 766 2883 805 ea
2903 767 3028 821 qua
3050 753 3119 808 de
3140 753 3500 812 sublimibus
3518 758 3577 812 et

1924 851 2103 906 supra
2133 835 2288 908 vulgi
2318 842 2556 908 captum
2587 843 2754 894 erant
2781 843 2902 895 sive
2932 857 3256 897 sermonem
3281 843 3350 898 de
3378 843 3577 900 divina

1924 927 2158 991 natura,
2180 925 2299 982 sive
2327 926 2498 982 etiam
2529 927 2600 982 de
2629 927 2840 983 viviﬁci
2865 928 2967 983 Dei
2993 928 3436 1000 dispensatione
3465 949 3571 989 seu

1922 1011 2322 1070 incarnatione
2353 1014 2582 1071 divinos
2613 1015 2909 1087 apostolos
2957 1018 3185 1074 occulte
3230 1019 3571 1093 tradidisse,

1924 1101 2194 1172 perfectis
2243 1106 2524 1175 tanquam
2574 1105 2852 1176 mysteria
2880 1110 2937 1161 et
2979 1123 3191 1162 arcana
3217 1124 3384 1164 sacra
3412 1109 3571 1165 dete-

1925 1192 2148 1263 gendo;
2182 1196 2355 1263 atque
2385 1195 2456 1248 ab
2487 1193 2770 1264 apostolis
2801 1210 3128 1267 emanasse,
3180 1197 3336 1268 quod
3381 1198 3568 1254 dixit:

1925 1281 2038 1335 Non
2069 1287 2290 1352 con/use
2315 1287 2368 1338 et
2391 1283 2838 1353 immutabiliter,
2862 1289 2918 1338 et
2939 1285 3144 1357 integri
3163 1285 3429 1343 hominiis
3444 1305 3464 1349 ,'
3488 1287 3574 1343 id-

1925 1384 2110 1440 eoque
2135 1369 2453 1440 Apostolus
2512 1372 2776 1427 scribens
2808 1373 3439 1431 Thessalonicensibus
3471 1376 3574 1441 ait,

1926 1462 2192 1529 Oportere
2222 1457 2382 1529 ipsos
2423 1475 2654 1515 servare
2683 1477 2807 1531 quae
2839 1462 3169 1530 audierant,
3201 1465 3314 1519 sive
3336 1479 3437 1535 per
3462 1479 3577 1520 ser-

1925 1546 2278 1614 monem,sive
2295 1564 2396 1618 per
2415 1550 2699 1620 epistolam
2714 1550 2881 1620 (x),et
2901 1549 3208 1607 Timotheo
3231 1569 3470 1608 rursum
3489 1552 3578 1608 di-

1927 1649 2064 1689 cens
2090 1633 2395 1706 depositum
2414 1635 2624 1694 dedisse
2640 1639 2701 1693 in
2723 1639 2986 1710 mysterio
3007 1639 3271 1711 (y),quod
3294 1641 3389 1698 hic
3408 1641 3580 1697 inter-

1923 1723 2233 1794 pretatione
2262 1725 2429 1779 dixit.

2003 1811 2379 1870 l’elaminibus
2407 1815 2736 1885 quibusdam
2763 1817 2958 1872 sacris.
3003 1817 3149 1873 Nota
3176 1817 3236 1874 in
3270 1834 3389 1874 uno
3420 1817 3576 1875 ordi-

1939 1917 2010 1956 ne
2040 1904 2374 1974 ponendum
2405 1909 2461 1959 et
2491 1910 2756 1961 sanctam
2786 1905 3146 1977 Scripturam
3167 1910 3223 1963 et
3239 1907 3580 1964 traditiones

1937 1991 2340 2064 episcoporum
2380 1996 2555 2065 (quos
2598 2010 2806 2050 vocare
2855 1995 3006 2050 solet
3060 1995 3420 2065 hierarchas,
3447 2000 3582 2052 tan-

1937 2096 2116 2151 quam
2149 2081 2520 2137 sacerdotum
2553 2081 2943 2154 principes,id
2974 2087 3087 2150 est,
3111 2085 3585 2157 presbyterorum

1937 2173 1996 2225 et
2019 2169 2494 2240 diaconorum,et
2523 2171 3094 2240 ostiariorum,sicut
3123 2172 3265 2228 dicit
3293 2171 3353 2227 in
3386 2176 3589 2228 nostra

1938 2257 2301 2315 hierarchia:
2336 2259 2582 2332 ideoque
2610 2260 2873 2331 ipsorum
2927 2260 3238 2317 sententiis
3267 2262 3422 2316 circa
3446 2261 3588 2333 dog-

1938 2353 2092 2404 mata
2123 2349 2465 2421 credimus),
2485 2365 2552 2404 ex
2582 2349 2818 2420 quibus,
2843 2350 3055 2422 inquit,
3082 2349 3397 2421 Scripturis
3428 2367 3589 2406 cras-

1939 2434 2096 2490 siora
2128 2434 2250 2490 vela
2281 2451 2383 2506 per
2412 2436 2797 2506 cogitationes
2826 2443 2883 2492 et
2913 2437 3202 2493 occultam
3235 2438 3449 2493 mentis
3481 2454 3591 2492 no-

1939 2530 2071 2579 strae
2094 2524 2473 2580 elevationem
2493 2524 3018 2597 circumponuntur
3039 2527 3113 2582 iis
3134 2543 3261 2598 qua:
3275 2527 3592 2582 essentiam

1937 2615 2381 2685 superant,utin
2397 2613 2772 2684 Deo,quando
2788 2619 3056 2686 appartet
3069 2615 3597 2688 tanquamignis,et

1939 2702 2093 2757 sicut
2123 2717 2299 2757 senex
2322 2702 2380 2756 in
2412 2702 2672 2770 Daniele,
2688 2707 2865 2775 atque
2894 2703 3049 2758 sicut
3076 2703 3163 2758 vir
3193 2703 3425 2760 luctans
3456 2719 3591 2759 cum

1936 2792 2138 2861 Jacob,
2169 2795 2226 2847 et
2256 2807 2618 2864 quaecunque
2663 2792 2840 2859 talia;
2893 2793 2950 2847 in
3002 2792 3226 2864 angelis
3277 2797 3495 2862 autem,
3529 2794 3594 2846 ut

1940 2879 2242 2936 cherubim
2277 2882 2431 2935 sicut
2460 2879 2704 2935 ferinam
2755 2881 3002 2936 formam
3053 2885 3375 2954 gestantes,
3407 2885 3464 2938 et
3493 2880 3592 2938 alii

1940 2971 1999 3025 in
2031 2969 2236 3025 ordine
2265 2969 2522 3024 virorum
2551 2974 2609 3026 et
2638 2969 3101 3028 adolescentum.

2013 3058 2388 3114 Dividuorum
2417 3058 3096 3131 signorum.Scripturam
3129 3059 3289 3131 loqui
3307 3059 3377 3114 de
3397 3058 3598 3114 divina

1945 3151 2472 3220 natura,tanquam
2507 3148 2555 3203 si
2587 3152 2745 3204 esset
2774 3147 3126 3215 homo,dum
3151 3149 3203 3204 ei
3225 3148 3296 3204 ab
3319 3147 3598 3204 humanis

1863 3209 1906 3277 (ἶ
1947 3209 2174 3294 nomen,
2196 3209 2481 3309 impertit,
2516 3237 2693 3308 pedes
2725 3243 2783 3294 et
2813 3209 3244 3310 manus,atque
3277 3236 3454 3293 facies
3484 3235 3602 3309 ipsi

1948 3327 2421 3396 circumponens.

2021 3415 2254 3482 Quando
2299 3413 2767 3486 incorruptibiles.
2809 3417 3050 3470 Sanctos
3079 3414 3137 3468 in
3171 3413 3602 3470 resurrectione

1951 3506 2233 3560 fruituros
2264 3521 2397 3558 cum
2430 3503 2870 3574 incorruptione
2894 3511 2947 3558 et
2978 3501 3420 3557 immortalitate
3441 3505 3602 3556 statu

1949 3594 2129 3649 simili
2160 3593 2288 3663 ejus
2319 3609 2491 3662 quem
2523 3592 2789 3647 Christus
2815 3591 3075 3655 habebit,
3110 3591 3372 3646 lucentes
3422 3606 3604 3662 supra

1949 3685 2158 3750 solem,
2192 3684 2343 3739 sicut
2372 3682 2547 3738 etiam
2580 3681 2866 3736 Dominus
2889 3682 3039 3736 100
3060 3681 3298 3753 quando
3323 3680 3384 3734 in
3408 3685 3606 3735 monte

1951 3773 2406 3828 transformatus
2432 3775 2541 3836 est,
2559 3771 3057 3841 quemadmodum
3090 3769 3408 3842 Apostolus
3433 3769 3516 3825 ait
3533 3769 3608 3823 de

1951 3861 2192 3927 sanctis,
2227 3861 2383 3933 quod
2416 3866 2558 3916 tunc
2589 3867 2762 3915 erunt
2809 3860 2962 3915 sicut
3009 3865 3067 3915 et
3113 3858 3241 3931 ipse
3287 3863 3394 3929 est,
3429 3863 3606 3930 atque

1952 3968 2186 4023 semper
2217 3967 2352 4006 cum
2385 3950 2632 4005 Domino
2667 3949 2958 4020 erunt(x).

2029 4040 2267 4098 Visibitis
2298 4039 2586 4111 ipsiusmet
2607 4039 2703 4093 Dei
2725 4039 3119 4109 apparitionis.
3151 4037 3303 4092 Nota
3328 4037 3484 4109 quod
3512 4037 3602 4092 di-

1950 4130 2152 4186 vinum
2186 4127 2374 4200 ipsius
2417 4143 2654 4199 corpus,
2685 4125 2974 4181 visibilem
3024 4125 3123 4181 Dei
3173 4125 3602 4197 apparitionem

1952 4220 2211 4286 dicat,ut
2239 4234 2308 4273 ex
2338 4217 2542 4272 eodem
2575 4219 2808 4287 aptetur
2841 4213 3134 4269 sententia
3177 4218 3236 4268 et
3265 4217 3468 4274 contra
3499 4213 3602 4271 Ne-

1953 4309 2242 4366 storianos
2273 4312 2330 4362 et
2359 4303 2705 4377 Acephalos,
2727 4307 2785 4358 et
2813 4319 2912 4358 eos
2943 4301 3043 4373 qui
3075 4301 3440 4357 arbitrantur
3494 4306 3604 4357 Do-

1953 4399 2183 4453 minum
2215 4410 2400 4464 neque
2431 4393 2605 4449 modo
2639 4407 2787 4455 esse,
2819 4407 3009 4461 neque
3041 4391 3304 4445 futurum
3329 4405 3460 4444 cum
3485 4404 3608 4444 car-

1953 4503 2024 4542 ne
2049 4505 2062 4542 :
2099 4491 2272 4556 atque
2305 4499 2483 4537 unam
2513 4497 2641 4537 esse
2689 4479 2969 4535 visibilem
2998 4479 3124 4550 ejus
3153 4477 3254 4532 Dei
3283 4478 3604 4549 apparitio-

189 4598 325 4654 ἐστιν
391 4564 862 4670 ἡιὲμψυχωμὲνη
915 4564 1060 4665 σάρξι·
1123 4592 1157 4660 ἠ
1222 4587 1492 4655 δὲνοητή,
1538 4586 1659 4654 ἥτις
1707 4585 1831 4639 κατᾶ

1950 4591 2095 4642 nem,
2129 4573 2371 4629 alteram
2419 4587 2552 4627 vero
2604 4568 2949 4640 spiritalem,
3000 4584 3126 4639 quas
3174 4571 3301 4622 tum
3351 4583 3385 4622 a
3431 4564 3601 4622 nobis

188 4693 305 4742 νοῦν
364 4686 515 4741 ἔσται
578 4686 714 4756 ἡμῖν
781 4684 1008 4755 μεθεκτη
1066 4680 1190 4733 τότε
1242 4675 1623 4749 τελειοτὲρως.
1682 4676 1833 4726 Ὅθεν

190 4775 597 4852 ἐπιστραφέντες
629 4773 760 4847 πρὸς
806 4770 957 4838 Θεὸν,
1015 4769 1212 4832 ἐκεῖθεν
1273 4765 1494 4826 τελείως
1552 4761 1842 4836 ἐλλαμπό-

196 4887 378 4936 μενοι,
442 4861 696 4923 ἐνοειδῶς
750 4861 803 4915 ’ἐν
865 4859 1172 4933 γενώμεθα,
1231 4855 1678 4927 ἐλευθερωθέντες
1733 4856 1840 4906 τῶν

191 4956 318 5009 κατά
375 4953 620 5007 σῦνθεσιν
649 4951 980 5025 ὲτεροτήτων
1017 4950 1198 5018 ἡμῶν,
1231 4944 1360 5018 ὅπερ
1396 4941 1561 5014 δηλοῖ
1592 4942 1687 5002 τὰς
1713 4960 1844 4995 κοσ-

198 5045 348 5114 μικὰς
382 5043 661 5111 αἰσθήσεις
690 5040 782 5093 καὶ
814 5037 1124 5109 ἐπιθυμίας.

259 5135 344 5187 Ἐν
405 5131 656 5204 θειοτὲρᾳ
717 5129 970 5200 μιμήσει.
1033 5124 1313 5196 Θειοτέραν
1371 5123 1602 5192 μίμησιν
1662 5118 1846 5194 ε’ίρηκε

195 5223 284 5289 τὴν
333 5215 718 5296 ἀκριϐεστέραν
770 5215 858 5270 καὶ
908 5212 1239 5285 θελεωτέραν
1270 5210 1579 5283 σημαίνῶν,
1629 5208 1701 5270 ὡς
1758 5206 1845 5262 καὶ

196 5313 276 5363 νῦν
308 5307 735 5384 ἀγγελοπρεπής
764 5304 791 5358 ὁ
821 5307 926 5357 τῶν
954 5301 1120 5376 ἀγίων
1160 5299 1278 5374 βίος
1339 5297 1389 5350 ἐν
1445 5299 1513 5370 τῇ
1571 5299 1666 5349 τοῦ
1713 5297 1846 5349 Θεοῦ

1951 4663 2266 4736 perfectius
2291 4665 2484 4716 mente
2502 4658 2967 4730 participabitur;
2989 4657 3143 4711 unde
3159 4656 3232 4710 ad
3254 4655 3439 4710 Deum
3464 4671 3603 4710 con-

1951 4753 2102 4809 versi
2126 4752 2287 4806 illinc
2308 4750 2559 4821 perfecte
2581 4744 3258 4816 illustrati,uniformiter
3280 4761 3464 4799 unum
3486 4744 3600 4798 eri-

1955 4859 2107 4907 mus,
2148 4839 2378 4894 liberati
2403 4856 2434 4892 a
2455 4835 2898 4892 diversitatibus
2929 4835 3150 4888 nostris
3183 4851 3309 4904 qua
3340 4848 3409 4887 ex
3440 4848 3599 4887 com-

1956 4930 2242 5004 positione
2290 4927 2583 4992 oriuntur,
2615 4924 2769 4996 quod
2819 4923 3095 4993 declarat,
3125 4921 3431 4977 mundanas
3475 4936 3600 4976 sen-

1953 5037 2044 5076 sus
2073 5028 2121 5075 et
2151 5016 2498 5088 cupiditates.
2756 5013 2760 5021 ‘

2024 5111 2085 5165 In
2116 5106 2393 5163 diviniore
2433 5101 2768 5158 imitatione.
2801 5100 3160 5156 Diviniorem
3211 5096 3600 5154 imitationem

1955 5199 2120 5265 dixit,
2149 5199 2477 5251 accuratam
2502 5191 2692 5262 magis
2713 5193 2770 5245 et
2792 5188 3193 5262 perfectiorem
3217 5185 3560 5258 significans
3584 5211 3600 5255 ;

1956 5288 2110 5344 sicut
2124 5286 2300 5341 etiam
2324 5297 2480 5337 nunc
2502 5284 2592 5335 est
2612 5277 2802 5350 angeli
2825 5276 3062 5349 propria
3090 5279 3431 5332 sanctorum
3461 5274 3604 5345 vita,

263 5436 342 5508 (α)
375 5436 424 5492 ll
453 5433 664 5490 Thess.
699 5448 765 5500 ιι,
800 5429 883 5486 14.
961 5427 1040 5500 (y)
1075 5425 1124 5482 Ii
1148 5425 1298 5481 Tim.
1333 5441 1373 5495 ι,
1409 5427 1492 5479 12.
1573 5421 1640 5493 (z)
1675 5421 1697 5476 1
1727 5419 1831 5476 The

1967 5433 2046 5483 IV,
2081 5415 2167 5470 16.

1209 5565 1445 5623 νΑιιιΑι
1479 5561 1866 5620 LECTIONES
1906 5560 1996 5615 ET
2035 5545 2585 5615 CORRECTIONES.

665 5665 708 5702 τι
742 5659 794 5717 ἂ,

268 5672 310 5708 ⁷ο
338 5667 588 5734 θεούσας.
