4080 6366
497 378 601 433 199

1312 374 1677 428 APPENDIX
1723 373 1818 424 AD
1856 370 2096 425 OPERA
2133 374 2189 424 S.
2232 370 2545 424 DIONYSII
2583 370 3081 427 AREOPAGITE.

3784 374 3882 429 200

495 500 557 557 in
580 500 681 557 Dei
709 498 879 555 laude
901 502 958 553 et
978 496 1307 553 carnalium
1339 498 1698 565 contemptu,
1733 491 1844 547 etsi
1868 508 1980 546 non
2013 507 2128 545 om-

2255 488 2449 545 αἰνέσει
2479 490 2565 544 καὶ
2604 490 2869 565 ὑπεροψίᾳ
2896 495 3005 545 τῶν
3038 493 3330 566 σαρκικῶν,
3358 490 3454 544 κᾶν
3505 490 3564 545 οὐ
3619 493 3879 550 παντελεῖ·

498 589 762 657 nimode;
804 587 1051 658 ideoque
1082 584 1330 641 imitatio
1362 583 1743 650 moderatior;
1784 586 1909 637 tum
1945 584 2142 635 autem

496 680 650 752 quod
685 678 1004 749 perfectum
1037 674 1221 741 est,in
1258 673 1348 728 his
1371 671 1694 745 apparebit.

566 764 1013 837 Intelligibitium
1029 764 1483 835 spectaculorum.
1504 762 1619 816 Nos
1638 775 1704 815 ex
1723 758 1907 831 signis
1926 756 2142 813 intueri

492 854 804 929 spiritalia,
838 871 964 926 quae
996 852 1234 926 angelos
1265 854 1547 921 tangunt;
1595 849 1665 904 de
1714 846 1933 913 angelis
1983 846 2137 901 enim

491 944 775 1018 loquitur,
800 944 955 1000 sicut
985 942 1242 998 declarat
1273 940 1448 996 etiam
1473 955 1605 994 eum
1629 952 1833 992 vocare
1856 937 2015 1007 ipsos
2038 935 2140 990 Dei

448 1074 457 1083 .
496 1032 747 1089 similes:
804 1050 981 1105 supra
1027 1049 1160 1087 vero
1193 1030 1250 1084 in
1282 1029 1431 1084 libro
1462 1030 1535 1083 De
1562 1025 1771 1084 cxtesti
1822 1024 2142 1080 hierarchia

494 1123 748 1179 declarat
769 1123 957 1194 signa,
984 1138 1108 1193 qua:
1130 1121 1289 1192 ipsos
1314 1120 1606 1190 spectant;
1632 1115 1923 1171 connectit
1944 1119 2138 1169 autem

491 1228 647 1266 nunc
677 1210 853 1266 etiam
886 1228 952 1265 ea
978 1226 1104 1281 quae
1137 1209 1319 1264 Deum
1347 1208 1728 1262 concernunt.

562 1300 839 1355 Sedantes.
859 1298 1264 1369 Requietionem
1286 1294 1646 1366 intelligentis
1677 1292 1940 1365 efﬁcacia:
1972 1291 2138 1362 dixit,

489 1389 829 1459 significans
852 1388 1060 1443 divinae
1084 1391 1305 1441 natura:
1328 1380 2094 1455 incomprehensibilitatem
2122 1400 2135 1448 ;

490 1477 635 1534 nihil
669 1477 823 1533 enim
856 1493 1054 1532 eorum
1090 1492 1216 1547 quae
1248 1474 1428 1545 hujus
1459 1477 1618 1539 sunt,
1640 1470 1901 1526 motione
1926 1469 2140 1524 mentis

489 1566 1030 1639 comprehenditur,
1062 1569 1164 1620 aut
1204 1564 1276 1619 ad
1320 1562 1577 1633 aliquam
1628 1559 1995 1615 confessione
2046 1574 2136 1613 re-

488 1661 717 1725 ceptam
748 1660 806 1710 et
835 1654 1209 1709 manifestam
1240 1651 1680 1723 persuasionem
1720 1647 1989 1717 cogitatio
2020 1647 2138 1702 fer-

489 1750 601 1816 tur,
620 1746 774 1801 circa
804 1739 1725 1815 incomprehensibilitatem,quaa
1749 1734 1982 1809 propria
1998 1750 2135 1806 ope-

486 1833 730 1911 rationis
761 1832 1088 1888 cessatione
1114 1827 1653 1901 comprehenditur.

556 1922 839 1993 !ne/fabili
891 1920 1047 1975 modo
1102 1917 1567 1988 prwemstiterunt.
1604 1914 1754 1971 Illud
1787 1912 2130 1986 praeexstite-

486 2009 977 2080 runt,intelligero
1008 2007 1365 2063 studendum
1391 2010 1512 2072 est;
1541 2004 1739 2059 omnia
1770 2003 1925 2058 enim
1960 2017 2135 2073 opera

486 2098 791 2171 sequentia
821 2097 1095 2153 declarat.
1132 2097 1213 2150 Ex
1262 2096 1370 2149 hoc
1418 2094 1707 2165 siquidem
1759 2090 2130 2161 intelligitur,

487 2187 779 2258 quomodo
826 2186 973 2239 dixit
1020 2184 1358 2256 Apostolus,
1395 2198 1503 2237 nos
1554 2182 1613 2235 in
1668 2185 1780 2235 Deo
1834 2196 1962 2234 esse
2006 2182 2134 2232 ante

482 2275 681 2331 mundi
691 2274 1135 2331 constitutionem
1150 2271 1500 2343 (a).Sciendu
1512 2288 1563 2325 m
1580 2268 2135 2341 itaque,productio-

484 2381 615 2421 nem
642 2364 1049 2419 universorum
1081 2363 1405 2419 secundum
1438 2376 1678 2415 causam
1702 2357 2130 2431 etprincipium

483 2455 555 2509 ab
578 2469 645 2509 eo
670 2454 944 2525 pendere,
968 2451 1439 2525 quandoquidem
1471 2464 1562 2505 res
1585 2464 1789 2504 omnes
1813 2463 1915 2519 per
1934 2446 2131 2518 ipsum

482 2541 786 2611 exsistant,
819 2539 1202 2612 probabiliter
1230 2539 1403 2594 etiam
1436 2543 1752 2608 antequam
1786 2536 2135 2590 exsisterent

480 2646 584 2703 per
611 2632 737 2702 eius
770 2628 1278 2701 inconceptibilem
1310 2627 1692 2696 voluntatem,
1718 2626 1779 2680 in
1816 2625 1943 2697 ipso
1983 2640 2132 2695 quo-

480 2738 594 2792 que
645 2724 780 2776 ante
829 2719 1187 2789 constitisse,
1214 2718 1434 2773 sciente
1465 2720 1523 2772 et
1552 2716 1702 2786 quod
1741 2715 2042 2786 producet,
2077 2716 2133 2768 et

479 2810 714 2881 quando
744 2809 1044 2880 producet.
1094 2809 1243 2861 Ante
1286 2805 1497 2861 saecula
1528 2804 1710 2876 igitur
1740 2803 1799 2857 in
1831 2803 1958 2873 ipso
1991 2818 2131 2872 pras-

478 2898 714 2969 cognita
735 2906 864 2953 ante
888 2896 1301 2964 constiterunt,
1322 2896 1468 2948 101
1504 2892 1847 2965 priusquam
1867 2892 1995 2960 ejus
2018 2889 2132 2961 spi-

478 2985 669 3040 ritalia
700 2986 1163 3056 producerentur
1185 2999 1310 3053 quae
1336 2988 1475 3037 sunt
1497 2981 1731 3045 saecula,
1755 2984 1811 3035 et
1842 2984 1973 3033 ante
2004 2994 2130 3033 om-

478 3090 610 3129 nem
645 3074 817 3129 aliam
852 3078 1176 3129 creaturam
1209 3072 1442 3143 cognita
1472 3071 1601 3142 ipsa
1632 3070 1881 3137 fuerant,
1905 3085 1971 3123 ea
2002 3083 2129 3138 quas

477 3163 697 3231 futura,
741 3166 804 3217 ut
857 3163 1077 3217 dictum
1134 3166 1248 3217 est:
1285 3161 1616 3230 Cognoscens
1658 3160 1851 3213 omnia
1882 3162 2009 3211 ante
2038 3172 2128 3224 ge-

473 3224 813 3309 nerationem
833 3254 1199 3326 ipsorum(b):
1226 3256 1281 3307 et
1302 3224 1547 3307 iterum:
1578 3250 1884 3321 Antequam
1916 3247 2125 3320 forma~
2159 3224 2201 3288 (ἶ

472 3358 589 3397 rem
618 3347 670 3397 te
697 3342 754 3397 in
789 3352 963 3409 utero,
995 3341 1125 3397 novi
1152 3346 1203 3396 te
1232 3341 1325 3412 (c).

545 3431 651 3500 Qui
676 3447 775 3487 nec
801 3431 1039 3503 cogitari
1069 3434 1260 3502 potest.
1298 3430 1382 3484 Ita
1430 3428 1585 3483 enim
1638 3427 1900 3498 loquitur
1951 3424 2124 3479 etiam

471 3520 785 3593 Gregorius
841 3519 1175 3592 theologus,
1236 3517 1559 3590 explanans
1626 3516 1770 3571 illud
1822 3514 2123 3585 vulgatum

472 3610 825 3680 [Gracorum
856 3609 1081 3664 dictum
1125 3610 1231 3678 7‘]:
1287 3612 1470 3663 Deum
1525 3606 1852 3677 intelligere
1883 3603 2123 3676 quidem

470 3698 867 3770 impossibile;
900 3697 1091 3768 eloqui
1126 3702 1320 3751 autem
1355 3695 1721 3766 impossibile
1754 3693 1965 3765 magis.

546 3789 609 3841 Et
638 3786 1041 3842 universorum.
1074 3789 1221 3840 Cum
1256 3784 1526 3839 dixisset:
1561 3784 1719 3838 Fines
1746 3782 2123 3851 coynitionum

472 3891 599 3947 qua:
609 3875 975 3931 essentiarum
989 3878 1115 3930 sunt
1126 3878 1174 3930 et
1196 3874 1764 3943 virtutummumdem
1780 3873 1986 3944 repetit
1999 3888 2124 3925 ser-

474 3981 891 4036 nomen,quem
916 3969 1090 4020 antea
1112 3979 1344 4035 quoque
1375 3962 1624 4017 dixerat:
1653 3962 1846 4016 Omnes
1876 3960 2121 4015 omnium

472 4056 854 4123 cognitionum
884 4052 1129 4108 termini.
1169 4056 1278 4106 Aut
1308 4052 1490 4124 igitur
1538 4067 1636 4121 per
1686 4054 1994 4120 utramque
2024 4065 2121 4103 vo-

474 4157 599 4197 cem
633 4143 934 4213 supponit,
955 4142 1110 4214 quod
1143 4142 1319 4197 etiam
1349 4144 1483 4196 ante
1516 4139 1772 4211 positum
1822 4138 2028 4206 fuerat,
2061 4137 2118 4191 in

476 4234 588 4287 Deo
629 4247 865 4286 omnem
917 4231 1307 4303 cognitionem
1359 4228 1548 4295 otiari,
1581 4237 1633 4283 et
1686 4229 1859 4282 finem
1910 4227 2123 4281 habere

474 4320 668 4375 omnis
700 4320 975 4376 motionis
1006 4324 1241 4392 propter
1272 4319 1480 4374 divinas
1516 4322 1737 4373 natura}
1780 4316 2119 4387 incompre-

474 4409 957 4475 hensibilitatem,
993 4425 1118 4480 quae
1167 4424 1399 4480 semper
1456 4412 1513 4463 et
1572 4424 1684 4462 non
1741 4406 1796 4460 in
1860 4411 2121 4477 tempore

474 4498 629 4552 circa
658 4497 848 4569 ipsam
880 4498 1141 4565 videtur;
1172 4502 1273 4552 aut
1302 4495 1517 4568 potius,
1545 4496 1677 4551 finis
1708 4499 1763 4549 et
1785 4495 2121 4550 terminatio

2255 574 2339 632 διὸ
2365 578 2455 633 καὶ
2484 580 2549 633 τὰ
2578 586 2677 649 τῆς
2705 581 2988 653 μιμήσεως
3016 578 3497 654 μετριώτερα·τότε
3529 576 3584 635 δὲ
3611 581 3672 635 τὸ
3687 581 3879 638 τέλειον

2252 666 2302 721 ἐν
2335 667 2549 729 τούτοις
2582 671 2895 746 φανήσεται.

2322 759 2441 813 Τῶν
2473 762 2689 827 νοητῶν
2740 758 3043 829 θεαμάτων.
3094 758 3219 813 ’Ότι
3268 756 3328 811 ἐκ
3355 760 3462 812 τῶν
3492 753 3778 830 συμϐόλων
3821 763 3881 815 τὰ

2250 845 2373 919 περὶ
2402 845 2643 921 ἀγγέλων
2675 848 2845 916 νοητά
2883 844 3273 917 έποπτεύομεν·
3334 846 3458 919 περὶ
3490 846 3593 922 γὰρ
3652 847 3877 923 ἀγγέλων

2252 935 2434 1011 φησίν,
2466 936 2540 997 ὡς
2573 933 2741 1006 δηλοῖ
2768 935 2855 989 καὶ
2887 935 2948 989 τὸ
2975 934 3153 1009 λέγειν
3188 934 3381 996 αὐτοὺς
3425 933 3695 998 θεοειδεῖς.
3748 939 3878 993 ’Λνω

2253 1020 2309 1077 δὲ
2332 1022 2420 1078 καί
2472 1026 2538 1079 τὰ
2594 1025 2716 1100 περὶ
2775 1024 2949 1078 αὐτῶν
3007 1018 3259 1097 σύμϐολα
3318 1021 3485 1095 δηλοῖ
3530 1023 3582 1079 έν
3640 1029 3715 1098 τῷ
3757 1027 3877 1102 Περὶ

2247 1119 2347 1181 τῆς
2401 1113 2650 1187 οὖρανίας
2708 1112 3011 1188 ἱεραρχίας·
3074 1113 3325 1167 συνάπτει
3386 1110 3444 1167 δὲ
3500 1117 3592 1168 νῦν
3623 1113 3709 1168 καὶ
3764 1117 3877 1191 περί

2251 1205 2405 1257 Θεοῦ.

2321 1290 2719 1352 ’Λποπαύοντες
2753 1334 2765 1346 .
2846 1290 3173 1347 Ἀπόπαυσιν
3232 1298 3331 1361 τῆς
3390 1296 3580 1367 νοερᾶς
3635 1291 3880 1368 ἐνεργείας

2250 1379 2384 1449 εἶπε,
2435 1382 2717 1452 σημαίνων
2764 1381 2826 1435 τὸ
2883 1387 2981 1449 τῆς
3040 1380 3182 1442 θείας
3235 1382 3443 1457 φύσεως
3487 1380 3876 1451 ἀκατάληπτον⁸

2249 1466 2401 1523 οὐδὲν
2434 1469 2534 1545 γὰρ
2564 1474 2670 1524 τῶν
2703 1470 2902 1539 ταύτης
2929 1473 2997 1535 τῇ
3030 1472 3236 1539 κινήσει
3268 1474 3362 1524 τοῦ
3393 1473 3488 1524 νοῦ
3537 1467 3880 1543 καταλαμϐά-

2246 1579 2412 1630 νεται,
2446 1560 2479 1629 ἢ
2511 1558 2647 1633 πρός
2676 1580 2795 1613 τινα
2826 1559 3282 1633 ὁμολογουμένην
3327 1558 3417 1613 καὶ
3448 1560 3649 1632 τρανήν
3678 1559 3878 1635 πληρο-

2247 1647 2438 1724 φορίαν
2471 1650 2504 1715 ἡ
2536 1647 2722 1717 νόησις
2755 1649 2992 1725 φέρεται,
3023 1649 3168 1721 παρὰ
3200 1648 3263 1702 τὸ
3296 1647 3704 1719 ἀκατάληπτον,
3759 1650 3877 1723 ὅπερ

2244 1740 2311 1809 τῇ
2340 1736 2519 1807 οἰκείᾳ
2548 1736 2895 1812 ἀνενεργησίᾳ
2920 1731 3419 1809 καταλαμϐάνεται.

2312 1915 2726 1991 Ὑπεραρῥήτως
2810 1917 3189 1994 προϋφέστηκε
3224 1959 3237 1973 .
3331 1918 3409 1974 Τὸ
3484 1918 3877 1992 προοϋφέστηκι

2242 2002 2603 2058 σπουδαστέον
2652 2011 2867 2075 νοῆσαι*
2927 2006 2993 2059 τὰ
3018 2007 3120 2080 γὰρ
3166 2002 3293 2081 ἔργα
3321 2009 3366 2042 ⁷³
3412 2008 3587 2061 πάντα
3619 2005 3881 2082 διατρανοῖ

2244 2093 2453 2169 ἐφεξῆς·
2515 2092 2573 2147 ἐκ
2619 2092 2817 2148 τούτου
2874 2095 3052 2148 τοίνυν
3112 2097 3464 2165 νοηθήσεται,
3522 2100 3639 2157 πῶς
3673 2099 3880 2172 φησινό

2244 2181 2601 2251 Ἀπόστολος,
2661 2180 2710 2235 ἐν
2769 2187 2848 2253 τῷ
2904 2187 3021 2253 Θεῷ
3070 2183 3198 2236 εἶναι
3239 2186 3389 2255 ἡμᾶς
3432 2185 3539 2259 πρὸ
3583 2181 3879 2255 καταϐολῆς

2241 2271 2488 2342 κόσμου.
2551 2269 2743 2326 Ἰστέον
2800 2270 2910 2341 οὗν,
2971 2272 3044 2333 ὡς
3101 2278 3200 2339 τῆς
3252 2271 3501 2327 ἀπάντων
3557 2282 3879 2349 παραγωγῆς

2241 2359 2457 2413 κατὰτὸ
2514 2356 2685 2413 α’ίτιον
2743 2360 2832 2413 καὶ
2887 2360 2987 2428 τήν
3044 2360 3223 2435 ἀρχὴν
3252 2359 3417 2415 αὐτοῦ
3468 2361 3879 2437 ἀπηρτημένης,

2242 2445 2430 2516 ἐπειδή
2463 2448 2527 2502 τὰ
2556 2444 2685 2502 ὅντα
2740 2449 2913 2503 πάντα
2971 2448 3022 2519 ἐξ
3056 2449 3219 2503 αὐτοῦ
3273 2449 3431 2505 ἐστιν·
3495 2451 3745 2521 εἰκότως,
3800 2455 3882 2508 ἅτε

2241 2536 2331 2591 καὶ
2376 2534 2649 2608 μέλλοντα
2706 2535 2914 2592 ἔσεσθαι
2964 2535 3051 2591 διὰ
3079 2538 3141 2591 τὸ
3198 2539 3366 2593 αὐτοῦ
3395 2538 3750 2611 ἆνεπινόητον
3810 2543 3881 2597 Θέ-

2243 2623 2419 2697 λημα,
2453 2625 2503 2679 έν
2528 2626 2673 2698 αὐτῷ
2718 2626 2806 2680 καὶ
2848 2625 3246 2704 προῦφέστηκε,
3276 2632 3357 2699 τῷ
3413 2626 3607 2699 εἰδότι,
3662 2630 3749 2684 καὶ
3803 2630 3876 2686 ὅτι

2241 2713 2462 2788 παράξει
2489 2715 2577 2769 καὶ
2609 2716 2773 2770 ὁπότε
2802 2718 3043 2791 παράξει.
3106 2715 3458 2790 Προαιωνίως
3490 2716 3587 2771 οὖν
3636 2718 3689 2773 ἐν
3747 2720 3879 2792 αὖτῷ

2241 2804 2683 2879 προεγνωσμένα,
2715 2806 3112 2881 προϋφέστηκε·
3142 2807 3268 2881 πρὶν
3302 2806 3405 2882 γὰρ
3430 2808 3497 2861 τὰ
3527 2810 3701 2877 νοητὰ
3722 2829 3877 2884 παρα-

2241 2900 2465 2967 χθῆναι,
2497 2891 2647 2948 ἅτινά
2667 2893 2797 2947 εἰσιν
2826 2893 3037 2961 αἰῶνες,
3068 2896 3156 2948 καὶ
3186 2896 3291 2970 πρὸ
3317 2894 3494 2964 πάσης
3554 2897 3736 2973 ἑτέρας
3782 2898 3879 2953 κτί-

2241 3003 2372 3043 σεως
2403 2979 2636 3057 ἔγνωστο
2676 2983 2821 3054 αὐτῷ
2842 2982 2905 3036 τὰ
2937 2981 3184 3055 ἐσόμενα,
3218 2985 3290 3045 ὡς
3324 2983 3561 3057 ε’ίρηται*
3619 2993 3676 3044 Ὁ
3732 2985 3877 3050 εἰδὼς

2238 3071 2412 3125 πάντα
2465 3071 2592 3146 πρὶν
2648 3072 2907 3144 γενέσεως
2960 3070 3153 3126 αὐτῶν*
3187 3073 3275 3127 καὶ
3305 3072 3495 3129 πάλιν*
3528 3075 3640 3152 Πρὸ
3669 3080 3762 3131 τοῦ
3818 3097 3880 3149 με

2240 3160 2439 3215 πλάσαι
2476 3181 2532 3214 σε
2561 3159 2612 3214 ἐν
2645 3159 2849 3232 κοιλίᾳ,
2879 3156 3085 3234 ἔγνωκά
3109 3182 3184 3220 σε.

2304 3432 2460 3487 "Ov"
2536 3426 2660 3483 οὔτε
2727 3429 2976 3498 ἐννοῆσαι
3041 3427 3281 3487 δυνατόν,
3364 3431 3523 3490 Οὕτω
3584 3434 3685 3509 γάρ
3755 3456 3874 3513 φησι

2233 3519 2321 3573 καὶ
2380 3520 2407 3574 6
2441 3516 2706 3592 θεολόγος
2736 3519 3058 3592 Γρηγόριος,
3096 3522 3447 3597 μεταφράζων
3499 3524 3566 3577 τὸ
3600 3522 3874 3597 εἰρημένον

2235 3610 2373 3681 [τοῖς
2401 3604 2685 3679 ”Ελλησι]’
2738 3607 2864 3661 Θεὸν
2896 3614 3089 3677 νοῆσαι
3122 3609 3215 3681 μὲν
3249 3607 3537 3665 ἀδύνατον·
3576 3613 3770 3689 φράσαι
3825 3609 3876 3666 δὲ

2233 3695 2655 3771 ἀδυνατώτερον.

2305 3788 2399 3841 Καὶ
2436 3790 2643 3842 πασῶν.
2692 3785 2872 3842 Εἰπὼν
2934 3787 3373 3861 ἀποπερατώσεις
3426 3794 3536 3844 τῶν
3600 3788 3872 3845 οὐσιωδῶν

2232 3875 2483 3950 γνώσεων
2516 3896 2605 3928 και
2638 3872 2939 3946 δυνάμεων,
2972 3876 3033 3928 τὸ
3066 3876 3226 3929 αὐτὸν
3272 3874 3637 3933 έπανελάϐετο
3698 3878 3872 3952 λόγον,

2232 3967 2290 4019 δν
2340 3964 2428 4018 καὶ
2478 3965 2583 4038 πρὸ
2637 3967 2836 4039 μικροῦ
2894 3964 3025 4017 εἷπε·
3090 3967 3267 4019 Πάντα
3317 3967 3382 4020 τὰ
3439 3966 3647 4041 πέρατα
3702 3972 3879 4023 πασῶν

2228 4058 2334 4108 τῶν
2393 4052 2644 4128 γνώσεων
2682 4071 2694 4085 ⁸
2775 4054 2811 4122 ἢ
2884 4054 2973 4105 οὖν
3029 4058 3189 4108 τοῦτο
3245 4053 3313 4108 δι’
3382 4056 3641 4131 ἑκατέρας
3700 4060 3875 4135 φωνῆς

2235 4142 2566 4211 ὑποτίθεται,
2616 4140 2748 4215 ὅπερ
2773 4140 2863 4196 καὶ
2920 4143 3325 4218 προπαρετέθη,
3386 4145 3468 4199 ὅτι
3530 4145 3584 4201 ἐν
3646 4151 3725 4217 τῷ
3772 4149 3878 4217 Θεῷ

2229 4238 2371 4286 πᾶσα
2395 4236 2593 4306 γνῶσις
2638 4230 2814 4305 ἀργεῖ,
2871 4230 2960 4285 καὶ
3008 4229 3167 4293 τέλος
3198 4226 3313 4305 ἔχει
3372 4233 3551 4304 πάσης
3603 4236 3877 4305 κινήσεως,

2233 4318 2320 4375 διὰ
2350 4321 2410 4375 τὸ
2440 4326 2539 4389 τῆς
2573 4318 2715 4381 Οείας
2772 4318 2981 4397 φύσεως
3013 4320 3419 4390 ἀκατάληπτον,
3481 4324 3618 4399 ὅπερ
3674 4321 3875 4391 ἄϊδίως,

2229 4409 2317 4464 καὶ
2370 4407 2467 4463 οὐκ
2496 4407 2548 4462 έν
2601 4409 2790 4484 χρόνῳ
2838 4408 2961 4483 περὶ
2995 4408 3159 4477 αὐτὴν
3210 4412 3514 4485 θεωρεῖται·
3571 4412 3607 4481 ἢ
3672 4410 3875 4484 μᾶλλον

2229 4498 2395 4574 πέρας
2466 4498 2556 4551 καὶ
2621 4498 3054 4572 ἀποπεράτωσις,
3131 4497 3256 4567 ἤτοι
3329 4500 3391 4554 τὸ
3446 4498 3608 4563 τέλος
3661 4500 3877 4570 ἑκάστης

474 4602 578 4641 seu
613 4587 893 4657 perfectio
946 4586 1417 4657 uniuscujusque
1462 4583 1795 4640 essentialis
1839 4584 2120 4654 cognitio-

2247 4582 2534 4647 >ὐσιώδους
2564 4583 2839 4660 γνώσεως.
2874 4583 3042 4642 Αὖταί
3094 4584 3226 4641 εἷ’σιν
3270 4588 3323 4641 αἰ
3375 4587 3552 4643 οὐσίαι
3601 4590 3692 4645 καὶ
3726 4588 3875 4645 δυνά-

473 4674 587 4731 nis.
613 4674 707 4729 Hae
738 4679 881 4731 sunt
910 4675 1179 4731 essentia
1205 4678 1261 4729 et
1285 4674 1532 4729 virtutes
1564 4674 1715 4728 circa
1747 4688 1894 4744 quas
1925 4672 2125 4743 cogni-

473 4765 661 4821 tiones
690 4770 1031 4833 versantur;
1074 4782 1220 4837 quas
1252 4765 1540 4820 essentias
1563 4769 1617 4819 et
1637 4764 1883 4819 virtutes
1914 4779 2119 4819 omnes

473 4856 651 4911 simul
685 4862 740 4911 et
772 4873 887 4911 non
922 4855 1407 4927 singillatim,sed
1433 4854 1741 4909 confertim
1764 4853 1823 4907 in
1854 4858 1964 4907 [)eo
1986 4856 2120 4907 ante

470 4946 807 5001 constitisse
825 4946 942 5013 ait;
977 4944 1302 5000 secundum
1333 4942 1687 4998 ineffabilem
1723 4942 2121 5013 praecognitio-

472 5034 563 5089 nis
593 5035 723 5105 ejus
758 5034 1069 5099 rationem,
1120 5034 1338 5088 sciente
1397 5031 1864 5101 unumquodque
1917 5047 2118 5086 eorum

472 5139 598 5193 quae
631 5122 1309 5194 producuntur,qualem
1336 5121 1679 5175 habiturum
1715 5120 1792 5175 sit
1822 5124 2120 5187 naturam,

470 5217 525 5266 et
582 5210 878 5281 virtutem,
940 5212 1110 5282 cujus
1168 5209 1425 5266 essentia
1487 5214 1728 5281 superat
1801 5209 2119 5266 essentiam

541 5388 625 5461 (α)
656 5389 867 5460 Ephes.
902 5407 940 5459 ι,
975 5392 1025 5445 4.

1104 5390 1180 5462 (ὁ)
1213 5390 1358 5446 Dan.
1391 5406 1517 5456 xm,
1550 5388 1639 5446 42.
1724 5389 1792 5461 (c)
1820 5390 1940 5446 Jer.
1971 5408 2011 5461 ι,
2043 5392 2098 5445 5.

2239 4696 2377 4748 μεις,
2410 4675 2534 4748 περὶ
2567 4673 2625 4735 ἃς
2657 4676 2709 4728 αἱ
2757 4675 3006 4749 γνώσεις,
3064 4673 3282 4739 ἅστινας
3335 4677 3521 4740 οὐσιας
3583 4680 3672 4733 καί
3733 4677 3878 4733 δυνά-

2233 4782 2351 4835 μεις
2382 4761 2554 4823 πάσας
2619 4762 2730 4834 ἅμα
2775 4762 2866 4815 καὶ
2924 4762 3023 4817 οὐκ
3078 4764 3177 4818 ἀνὰ
3227 4765 3413 4839 μέρος,
3468 4764 3616 4821 ἀλλὰ
3671 4766 3874 4841 ἀθρόως

2234 4851 2284 4905 έν
2342 4850 2421 4923 τῷ
2504 4855 2620 4922 Θεῷ
2672 4851 3065 4927 προϋφεστάναι
3122 4854 3255 4929 φησί
3311 4856 3446 4909 κατὰ
3502 4856 3596 4910 τὸν
3652 4854 3877 4931 ἒίῤῥητον

2227 4947 2327 5011 τῆς
2411 4940 2771 5015 προγνώσεως
2794 4943 2837 4977 ’⁷⁸
2908 4940 3070 4995 αὐτοῦ
3156 4941 3343 5019 λόγον,
3422 4941 3591 4999 εἰδότι
3662 4946 3874 5001 ἕκαστον

2226 5028 2331 5084 τῶν
2388 5029 2522 5103 πρὸς
2579 5028 2781 5104 γένεσιν
2834 5030 3250 5105 παραγομένων,
3303 5034 3453 5097 ὅπως
3509 5029 3610 5106 ἕξει
3672 5041 3875 5112 φύσεων

2228 5117 2652 5191 καὶδυνάμεως·
2714 5120 2774 5173 οὗ
2804 5121 2837 5188 ἡ
2876 5119 3033 5174 οὐσία
3068 5122 3387 5195 ὑπεροόσςός
3445 5144 3501 5178 τε
3559 5124 3651 5177 καὶ
3714 5126 3876 5195 ὑπερ-

2230 5211 2525 5285 άγνωστος·
2572 5207 2763 5264 Ἰστὲον
2799 5205 2876 5277 δὲ,
2910 5207 2990 5264 ὅτι
3035 5206 3215 5287 ἕτερον
3250 5212 3405 5267 οὐσία
3446 5213 3536 5267 καὶ
3565 5210 3749 5285 ἕτερον
3784 5208 3874 5265 δύο

1456 5557 1695 5613 νΑΗΙιΕ
1735 5556 2133 5614 LECTIONES
2170 5557 2261 5613 ET
2299 5554 2863 5616 CORRECTIONES.

538 5676 583 5711 “'9
611 5672 788 5749 ἓτερα.
864 5675 909 5710 ⁷³
936 5672 1046 5731 καί.
1123 5675 1167 5709 ⁷⁸
1198 5674 1455 5733 Platonis
1482 5677 1541 5732 in
1573 5676 1805 5734 Timzeo.

1884 5677 1929 5712 ⁷⁸
1959 5694 2046 5752 γρ.
2081 5675 2357 5749 γνώσεως.
