4080 6366
232 413 329 468 201

991 416 1048 467 8.
1091 417 1359 470 MAXIM!
1395 412 1699 469 SCHOLIA
1736 410 1807 463 IN
1849 407 1981 460 LIB.
2023 405 2119 457 DE
2158 405 2434 458 DIVINIS
2472 406 2887 463 NOMINIBUS.

3537 414 3645 469 202

229 554 408 607 ναμις·
440 537 477 604 ἡ
517 536 619 608 μὶν
665 538 767 613 γὰρ
813 540 922 591 τῶν
967 537 1085 600 καθ’
1136 536 1297 591 ἱαυτά
1348 534 1691 613 ὑφεστώτων·
1726 532 1760 599 ἡ
1802 526 1880 597 δὲ,

2010 530 2055 583 3t
2068 526 2804 599 cognitionem.Sciendum
2819 547 2990 602 porro
3004 530 3162 588 aliud
3176 548 3305 589 esse
3327 535 3649 593 essentiam

230 628 333 679 τῶν
365 623 417 679 ἐν
452 624 625 701 ἒτὲρῳ
653 626 716 681 τὸ
744 626 876 681 εἶναι
907 625 1168 700 ἐχόντων.

305 889 365 947 Εἰ
424 891 529 967 γὰρ
591 891 648 944 αἱ
702 889 951 965 γνώσεις·
1013 890 1370 963 Ἐπεξήγησις
1396 892 1504 942 τῶν
1556 883 1883 962 εἰρημένων.

236 977 425 1042 Καλῶς
476 976 537 1034 δὲ
587 979 756 1034 εἶπεν·
791 978 838 1034 εἷ’
886 978 990 1055 γὰρ
1044 979 1098 1033 αἱ
1127 979 1351 1053 γνώσεις
1403 977 1528 1050 περὶ
1574 975 1669 1037 τὰς
1702 973 1884 1036 οὐσίας

236 1068 319 1123 καὶ
363 1067 431 1122 τὰ
482 1065 614 1122 ὄντα
660 1066 815 1136 εἰσὶν,
864 1068 892 1122 ὁ
925 1067 1053 1129 Θεὸς
1105 1064 1164 1122 δὲ
1211 1063 1335 1122 οὔτε
1382 1065 1432 1120 ἐν
1480 1063 1635 1135 οὐσίᾳ
1675 1060 1798 1117 οὔτε
1833 1082 1885 1117 τι

235 1162 335 1211 τῶν
394 1151 567 1211 ὄντων
628 1154 770 1211 ἐστὶν
808 1197 823 1225 ,
880 1154 1107 1217 εἰκότως
1155 1154 1246 1210 καὶ
1323 1154 1573 1228 γνώσεως
1645 1150 1891 1207 ἰπέκεινά

237 1245 373 1301 ἔστιν
384 1289 397 1303 .

305 1424 427 1499 ἓν.
480 1419 623 1481 Οὔτε
680 1421 961 1499 φαντασία.
1013 1421 1239 1496 Ἕτερόν
1296 1419 1406 1475 ἐστι
1461 1416 1744 1498 φαντασία,
1800 1417 1889 1472 καὶ

239 1509 412 1587 ἕτερον
443 1511 665 1582 νόησις,
694 1508 825 1581 ἤτοι
873 1509 1077 1583 νόημα·
1112 1508 1220 1564 ἀπό
1266 1530 1326 1564 τε
1358 1509 1459 1585 γὰρ
1493 1506 1769 1583 διαφόρων
1801 1503 1892 1561 δυ-

240 1603 451 1674 νάμεων
498 1600 765 1675 γίνονται,
814 1598 906 1654 καὶ
958 1597 1194 1669 ἰδιότητι
1237 1599 1525 1668 κινήσεως·
1576 1598 1610 1665 ἡ
1654 1596 1747 1669 μὲν
1791 1597 1893 1671 γὰρ

238 1689 420 1759 νόησις
481 1687 723 1763 ἆνὲργειά
780 1687 890 1744 ἐστι
945 1688 1036 1743 καὶ
1092 1686 1317 1757 ποίησις
1351 1708 1364 1721 ι
1423 1688 1457 1755 ἡ
1513 1683 1571 1740 δὲ
1635 1683 1897 1762 φαντασία

240 1779 410 1840 πάθος
470 1778 559 1832 καὶ
613 1776 857 1838 τύπωσις
899 1774 1266 1851 ἀναγγιλτική
1320 1773 1577 1843 αἰσθητοῦ
1631 1794 1799 1841 τινος,
1859 1771 1894 1840 ἢ

1995 621 2051 672 et
2081 615 2240 672 aliud
2273 617 2583 687 virtutem;
2639 618 2739 675 illa
2769 621 2925 675 enim
2975 626 3064 677 est
3114 638 3316 679 eorum
3371 640 3497 696 quas
3547 642 3652 696 per

1995 721 2058 761 se
2115 705 2472 773 subsirtunt,
2532 707 2655 764 haec
2714 724 2847 765 vero
2909 726 3112 766 eorum
3174 729 3302 784 que
3354 711 3489 769 aliis
3562 714 3655 769 in—

1998 800 2154 850 sunt.

2063 885 2291 940 Etenim
2318 902 2443 942 cum
2470 887 2739 943 notiones.
2773 889 3077 945 Enarratio
3105 905 3309 945 eorum
3340 907 3469 961 qua
3495 892 3653 948 dicta

1997 978 2154 1029 sunt.
2191 975 2364 1031 Recte
2393 980 2589 1032 autem
2620 976 2805 1033 dixit:
2838 977 2889 1032 si
2919 978 3076 1033 enim
3109 978 3472 1051 cognitiones
3493 979 3650 1037 circa

1996 1064 2284 1119 essentias
2316 1068 2373 1119 et
2401 1081 2493 1122 res
2522 1065 2870 1123 exsistentes
2924 1071 3260 1134 versantur,
3309 1067 3466 1124 Deus
3516 1084 3649 1125 vero

1998 1168 2189 1225 neque
2215 1155 2293 1209 sit
2319 1152 2380 1209 in
2410 1154 2685 1225 essentia,
2719 1171 2908 1226 neque
2958 1155 3119 1211 aliud
3159 1172 3360 1211 eorum
3392 1173 3523 1228 quas
3551 1174 3654 1213 ex-

1999 1242 2240 1312 sistunt,
2273 1243 2654 1314 probabiliter
2695 1244 2873 1300 etiam
2908 1261 3144 1300 omnem
3175 1250 3417 1315 superat
3447 1245 3651 1318 cogni-

2001 1332 2244 1388 tionem.

2072 1420 2194 1487 §V.
2225 1425 2410 1492 Neque
2454 1421 2804 1491 imaginatio.
2844 1421 3017 1478 Aliud
3072 1426 3163 1478 est
3220 1422 3568 1496 imaginatio
3601 1427 3662 1479 et

2004 1510 2161 1565 aliud
2193 1511 2448 1583 cognitio
2481 1528 2583 1567 seu
2614 1511 2925 1567 consilium
2952 1529 2966 1567 :
3001 1529 3035 1566 a
3064 1512 3313 1568 diversis
3345 1511 3505 1567 enim
3536 1512 3660 1570 vir-

2002 1602 2232 1657 tutibus
2264 1604 2433 1672 ﬁunt,
2465 1603 2642 1658 etiam
2674 1602 3029 1674 proprietate
3062 1602 3367 1659 motionis.
3395 1602 3543 1659 Nam
3575 1617 3666 1658 oo-

2004 1691 2205 1762 gilatio
2232 1695 2322 1745 est
2351 1690 2612 1746 efﬁcacia
2632 1697 2688 1745 et
2709 1691 3006 1762 operatio;
3040 1690 3380 1761 imaginatio
3413 1708 3546 1747 vero
3569 1694 3660 1747 est

2008 1779 2202 1850 passio
2233 1785 2290 1834 et
2319 1778 2587 1850 liguratio
2610 1778 2973 1834 enuntiativa
3002 1778 3237 1836 sensilis
3269 1780 3655 1850 alicujus,aut

239 1867 309 1929 ὠς
336 1866 602 1935 αἰσθητοῦ
650 1884 822 1929 τινος·
873 1866 962 1920 καὶ
1013 1868 1049 1934 ἡ
1108 1865 1203 1937 μὶν
1251 1861 1503 1933 αἴσθησις
1553 1857 1890 1934 ἀντιλαμϐά-

466 1959 493 1968 ..
593 1950 620 1968 ..
928 1954 940 1968 ς
1011 1953 1057 1968 .-
1120 1953 1131 1968 .
1312 1951 1324 1968 .
1596 1952 1609 1968 ε
1672 1948 1715 1968 μ
1837 1954 1861 1964 ..

2010 1872 2286 1939 tanquam
2310 1866 2547 1923 sensilis
2578 1866 2859 1937 alicuius;
2883 1873 2939 1923 et
2960 1884 3171 1924 sensus
3191 1868 3430 1938 quidem
3455 1883 3659 1940 appre-

237 1976 372 2011 νεται
422 1959 535 2010 τῶν
592 1950 762 2009 ὄντων
813 1954 952 2008 κατὰ
1001 1953 1201 2027 ἀθρόαν
1257 1951 1561 2030 μόρφωσιν·
1590 1952 1618 2005 6
1669 1948 1726 2005 δὲ
1773 1954 1897 2013 νοῦς

240 2044 527 2101 ἑσάπτεται
562 2088 577 2115 ,
653 2042 928 2098 τουτέστιν
1003 2036 1465 2115 ἀντιλαμϐάνεται
1537 2044 1647 2095 τῶν
1725 2035 1893 2093 ὄντων

239 2132 404 2209 ἑτέρῳ
456 2132 671 2208 τρόπῳ,
724 2132 814 2187 καὶ
874 2130 983 2206 οὔχ
1041 2128 1143 2203 οτίῳ
1199 2133 1235 2199 ἡ
1294 2127 1562 2200 αἴσθησις.
1615 2128 1744 2203 Περὶ
1801 2129 1894 2202 μὶν

242 2220 329 2276 οὖν
377 2222 441 2275 τὸ
489 2219 801 2293 σωματικὸν
849 2221 883 2290 ἢ
931 2221 994 2274 τὸ
1036 2219 1419 2291 πνευματικὸν,
1469 2220 1504 2289 ἢ
1563 2216 1615 2272 ἐν
1662 2218 1742 2289 τῷ
1800 2218 1893 2279 τὰς

239 2310 519 2381 αἰσθήσεις
575 2310 703 2364 εἶναι
762 2312 852 2364 καί
911 2309 1103 2383 πρώην
1162 2305 1370 2385 ἔφημεν
1401 2350 1418 2378 ,
1473 2308 1535 2362 τὸ
1592 2307 1889 2376 παθητικὸν

235 2400 322 2454 καὶ
408 2397 712 2473 μορφτικόν
793 2395 903 2451 ἐστι
957 2396 1164 2469 κίνημα
1197 2440 1211 2467 ,
1268 2396 1331 2450 τὸ
1389 2392 1447 2449 δὲ
1501 2394 1744 2468 κριτικὸν
1801 2394 1889 2448 καὶ

235 2485 645 2558 ἆντιλητπικὸν,
675 2489 746 2559 τῇ
792 2488 949 2560 ψυχῇ
994 2485 1083 2539 καὶ
1126 2488 1206 2556 τῷ
1254 2488 1331 2555 νῷ
1364 2481 1568 2539 δοτέον.
1598 2488 1769 2537 Τοῦτο
1802 2482 1894 2536 οὗν

228 2581 305 2647 τῷ
358 2582 463 2644 τῆς
542 2578 733 2649 ψυχῆς
805 2572 1186 2645 ἀντιληπτικῷ
1255 2572 1347 2626 καὶ
1416 2573 1478 2626 τὸ
1535 2571 1889 2649 φανταστικὸν

234 2662 555 2720 ὁποστεῖλαι
606 2660 705 2717 δεῖ·
768 2659 1053 2736 διαιρεῖται
1108 2661 1207 2735 γὰρ
1267 2664 1311 2699 ⁷⁸
1361 2663 1396 2731 ἡ
1430 2662 1759 2735 φανταστικὴ
1816 2659 1894 2722 εἰς

227 2758 372 2826 τρεῖς
409 2750 627 2823 μοίρας·
674 2750 902 2825 πρώτην
956 2748 1049 2822 μὶν
1107 2747 1184 2811 εἲς
1236 2749 1336 2817 τήν
1383 2752 1490 2802 τῶν
1543 2745 1889 2820 ἀντιλήψεων

230 2840 596 2907 εἷκονιστικήν
642 2839 779 2914 πρὸς
837 2838 903 2892 τὰ
952 2841 1216 2893 ποιοῦντα
1271 2835 1533 2907 αἰσθητὴν
1591 2837 1690 2905 τὴν
1748 2833 1892 2890 ἀντί-

232 2928 425 3001 ληψιν·
490 2923 742 3001 δευτέραν
794 2923 854 2981 δὲ
905 2926 1005 2994 τήν
1064 2924 1125 2981 ἐκ
1174 2930 1280 2980 τῶν
1336 2924 1607 2998 μενόντων
1661 2924 1888 2999 ἐγκατα-

234 3017 561 3090 λειμμάτων
613 3016 718 3070 ἀπὸ
761 3013 967 3070 τούτων
1019 3014 1431 3083 ἆνατυπωτικήν
1461 3059 1475 3084 ,
1530 3016 1604 3085 μή
1657 3009 1888 3088 ἔχουσαν

233 3104 627 3183 ἐρηρεισμένας
671 3103 760 3159 ἐπί
807 3125 861 3159 τι
907 3105 1004 3166 τὰς
1051 3102 1285 3171 εἰκόνας,
1317 3105 1383 3173 ἣν
1433 3103 1522 3158 καὶ
1564 3099 1720 3164 ἰδίως
1751 3124 1889 3176 φαν-

236 3196 497 3263 ταστικὴν
548 3192 822 3249 καλοῦσι·
888 3192 1075 3269 τρίτην
1136 3190 1189 3246 ἐν
1254 3190 1291 3266 ᾖ
1348 3197 1496 3246 πᾶσα
1565 3188 1735 3261 ἡδονή
1794 3195 1891 3246 τοῦ

2008 1958 2214 2014 bendit
2243 1974 2333 2012 res
2363 1957 2685 2013 secundum
2719 1955 3129 2011 formationem
3175 1957 3235 2011 in
3278 1972 3466 2012 unum
3518 1971 3655 2012 coa-

2007 2052 2158 2103 ctam
2184 2066 2199 2115 ;
2228 2062 2397 2101 mens
2428 2061 2560 2100 vero
2592 2045 2850 2117 attingit,
2880 2046 2936 2100 id
2985 2050 3076 2101 est
3122 2045 3515 2116 apprehendit
3563 2060 3657 2099 res

2007 2135 2121 2190 alio
2154 2135 2347 2201 modo,
2379 2139 2436 2189 et
2466 2151 2581 2189 non
2630 2134 2784 2190 sicut
2834 2151 3067 2190 sensus.
3100 2133 3266 2189 Circa
3307 2148 3655 2205 corporeum

2006 2224 2244 2294 quidem
2276 2233 2330 2279 et
2360 2223 2644 2294 spiritale,
2678 2228 2778 2278 aut
2808 2222 2866 2277 in
2898 2239 3011 2292 quo
3062 2238 3273 2278 sensus
3326 2237 3455 2277 esse
3494 2221 3657 2292 jam-

2004 2314 2230 2368 dudum
2261 2313 2538 2377 diximus,
2564 2311 2860 2384 passibilis
2888 2316 2945 2367 et
2973 2310 3302 2367 formabilis
3332 2314 3423 2366 est
3455 2309 3655 2377 motio;

2002 2401 2148 2456 illud
2198 2407 2416 2472 autem,
2449 2402 2605 2472 quod
2636 2401 2753 2456 vim
2778 2401 3083 2471 judicandi
3111 2406 3169 2455 et
3198 2398 3518 2470 recipiendi
3552 2397 3657 2452 ha-

2003 2491 2119 2557 bet,
2164 2490 2371 2547 animze
2402 2492 2554 2546 102
2582 2495 2639 2545 et
2668 2489 2847 2545 menti
2902 2488 3343 2544 concedendum
3387 2490 3498 2543 est.
3531 2486 3653 2541 Hoc

2004 2579 2183 2650 igitur
2221 2584 2278 2634 et
2325 2578 2771 2649 imaginativum
2828 2578 2898 2631 ad
2959 2578 3233 2632 virtutem
3290 2574 3656 2647 suscipiendi

2002 2669 2213 2724 animas
2245 2666 2587 2723 contrahere
2635 2670 2898 2738 oportet;
2931 2665 3217 2721 dividitur
3245 2664 3404 2720 enim
3435 2662 3650 2734 imagi-

2004 2757 2183 2813 nandi
2214 2756 2466 2813 facultas
2497 2756 2555 2810 in
2580 2761 2698 2811 tres
2733 2760 2928 2826 partes
2955 2772 2967 2810 :
3002 2753 3254 2825 primam
3296 2751 3561 2824 quidem,
3592 2750 3653 2805 in

2002 2864 2131 2904 eam
2163 2864 2289 2918 quea
2321 2844 2718 2916 receptionum
2752 2843 3042 2915 imagines
3092 2844 3303 2898 lormat
3330 2841 3391 2895 in
3422 2841 3496 2895 iis
3526 2856 3653 2911 quea

2001 2936 2279 2993 sensilem
2331 2934 2595 2989 efﬁciunt
2642 2933 3073 3003 receptionem;
3126 2931 3448 2986 secundam
3495 2944 3652 2998 vero,

2001 3043 2130 3081 eam
2162 3041 2288 3095 qua
2323 3040 2392 3078 ex
2422 3021 2687 3093 reliquiis
2720 3022 2791 3076 ab
2824 3020 2896 3076 iis
2928 3019 3305 3075 manentibus
3336 3017 3656 3073 reformare

2000 3114 2173 3181 valet,
2198 3130 2313 3168 non
2336 3112 2559 3168 habens
2590 3110 2809 3166 solidas
2842 3111 2898 3164 in
2930 3108 3127 3181 aliquo
3158 3107 3654 3179 imagines,quam

2006 3203 2237 3275 proprie
2268 3201 2704 3272 imaginativam
2736 3204 2980 3266 vocant;
3031 3198 3286 3267 tertiam,
3320 3197 3378 3250 in
3412 3212 3529 3267 qua
3558 3210 3657 3249 vo-

236 3285 370 3339 κατὰ
418 3281 710 3361 φαντασίαν
762 3278 1049 3342 δοκοῦντος
1101 3280 1328 3355 ἀγαθοῦ,
1361 3279 1395 3349 ἢ
1452 3280 1741 3342 δοκοῦντος
1793 3301 1888 3335 κα-

2010 3292 2202 3362 luptas
2233 3289 2425 3345 omnis
2457 3290 2586 3359 ejus
2617 3289 2773 3358 quod
2807 3287 3131 3342 secundum
3176 3284 3657 3356 imaginationem

236 3376 354 3444 κοῦ,
406 3370 550 3426 κατὰ
596 3369 777 3441 λύπην
831 3369 1157 3426 συνίσταται.
1211 3366 1459 3442 Οὐδεμία
1502 3369 1706 3435 τοίνυν,
1756 3370 1890 3423 καθὰ

236 3458 475 3537 εἴρηται,
535 3458 798 3536 φαντασία
854 3460 1041 3534 χώραν
1111 3454 1227 3532 ἔχει
1284 3456 1373 3513 ἐπὶ
1429 3462 1563 3513 Θεοῦ
1597 3474 1612 3490 ⁸
1670 3458 1886 3512 πάντων

233 3551 331 3626 γὰρ
387 3546 723 3619 ἁπαξαπλῶς
779 3548 910 3622 ὑπὲρ
969 3545 1174 3603 ἔννοιάν
1233 3546 1345 3602 ἔστι
1400 3545 1489 3602 καί
1555 3544 1883 3622 ὑπέρκειται·

234 3636 357 3709 δόξα
407 3635 468 3693 δέ
508 3636 647 3691 ἆστιν
681 3639 717 3706 ἡ
748 3636 807 3692 ἐκ
850 3640 949 3693 τοῦ
1005 3634 1328 3713 φαινομένου
1384 3636 1521 3691 κατὰ
1574 3636 1637 3689 τὸ
1690 3632 1883 3691 δοκοῦν

231 3724 413 3783 τοιάδε
441 3748 527 3789 τις
562 3724 864 3799 ὑπόληψις.

302 3904 443 3965 Οῧτι
496 3903 699 3982 ἐπαφή.
760 3902 1004 3980 Ἐπαφήν
1058 3906 1149 3957 νῦν
1204 3922 1334 3980 φησι
1390 3901 1490 3969 τὴν
1540 3898 1730 3973 νοερᾶν
1788 3920 1882 3955 κα-

235 3996 493 4069 τάληψιν·
551 3995 638 4049 καὶ
700 3992 803 4067 γὰρ
862 3998 979 4055 τοῖς
1036 3997 1260 4063 νοητοῖς
1308 3990 1397 4046 καὶ
1445 3989 1637 4052 ἀΰλοις
1681 3995 1761 4063 τῷ
1812 3994 1886 4062 νῷ

241 4086 546 4154 ἑπιστητῶς
588 4077 983 4145 ἐπιϐάλλοντες
1015 4125 1028 4151 ,
1081 4078 1347 4153 δοκοῦμεν
1399 4076 1580 4153 ὥσπερ
1629 4078 1883 4143 ἅπτεσθαι

242 4174 432 4243 αὐτῶν,
466 4172 560 4227 καὶ
611 4168 700 4225 διὰ
750 4174 847 4226 τοῦ
890 4174 990 4224 νοῦ
1022 4168 1364 4234 αἰσθάνεσθαι
1397 4169 1562 4223 ὁποῖά
1612 4168 1765 4239 εἰσιν,
1812 4170 1885 4231 ὡς

242 4265 323 4318 καὶ
375 4260 469 4317 διὰ
522 4266 626 4330 τῆς
670 4261 811 4335 ἁφῆς
852 4264 960 4314 τῶν
1008 4258 1298 4329 αἰσθητῶν·
1347 4256 1435 4313 ἐπὶ
1476 4255 1534 4312 δὲ
1582 4263 1713 4313 Θεοῦ
1764 4254 1889 4313 οὐδὲ

246 4357 443 4428 νοερῶς
477 4349 852 4425 ἰφαπτόμεθα.

310 4440 589 4509 Ἀχλήτου
672 4438 760 4494 καὶ
846 4436 1226 4512 ὕπερωνύμου.

1313 4434 1584 4506 Ἀκλήτου
1612 4482 1625 4506 ,
1712 4437 1843 4514 φησί
1873 4481 1886 4506 ,

245 4530 356 4583 ἀντὶ
412 4532 537 4597 τοῦ,
594 4527 670 4599 μὴ
729 4525 1074 4599 καλουμένου
1128 4524 1235 4579 τινὶ
1281 4524 1657 4599 γνωρίσματι·
1719 4525 1890 4586 Αὐτὸς

1997 3382 2217 3437 bonum
2247 3379 2500 3445 videtur,
2531 3383 2630 3433 aut
2658 3377 2813 3447 quod
2845 3376 3174 3431 secundum
3221 3372 3485 3428 dolorem
3519 3387 3651 3426 ma-

1997 3472 2117 3526 lum
2153 3474 2447 3535 censetur,
2479 3466 2784 3533 consistit;
2819 3463 2983 3519 nulla
3012 3463 3214 3534 igitur,
3248 3463 3394 3517 sicut
3426 3460 3652 3515 dictum

1997 3565 2108 3627 est,
2140 3556 2483 3629 imaginatio
2509 3555 2705 3611 locum
2734 3554 2795 3609 in
2830 3559 2941 3609 Deo
2974 3553 3186 3619 habet;
3219 3553 3308 3606 est
3336 3547 3492 3605 enim
3527 3564 3653 3603 om-

1996 3649 2135 3704 nino
2166 3664 2345 3718 supra
2374 3645 2639 3702 omnium
2671 3642 3105 3717 cogitationem,
3134 3645 3194 3695 et
3216 3636 3641 3710 supereminet;

1993 3737 2189 3810 opinio
2206 3741 2403 3792 autem
2420 3738 2510 3791 est
2534 3733 2667 3789 talis
2699 3749 2767 3789 ex
2797 3730 3084 3803 probabili
3102 3729 3427 3785 secundum
3448 3725 3642 3782 existi-

1995 3829 2312 3885 mationem
2343 3824 2695 3894 conjectura.

2064 3918 2245 3989 Neque
2276 3920 2470 3971 tactus.
2500 3916 2743 3969 Tactum
2776 3910 2950 3966 modo
2984 3908 3241 3981 appellat
3267 3904 3641 3961 intellectua-

1994 4006 2109 4062 lem
2140 4002 2716 4075 comprehensionem
2744 4017 2757 4056 :
2791 4016 2927 4055 nam
2946 4002 3141 4053 mente
3172 3994 3645 4066 intelligibilibus

1996 4100 2054 4151 et
2110 4091 2598 4149 immaterialibus
2653 4088 3080 4155 incumbentes,
3126 4085 3393 4140 videmur
3443 4082 3644 4152 aliquo

1997 4184 2170 4239 modo
2196 4183 2324 4254 ipsa
2352 4186 2591 4251 tangere
2637 4182 2694 4232 et
2742 4192 2843 4245 per
2874 4179 3130 4229 mentem
3182 4172 3399 4228 sentire
3450 4168 3648 4242 qualia

1997 4275 2137 4339 sint,
2171 4272 2324 4328 sicut
2354 4286 2456 4341 per
2485 4269 2818 4323 contactum
2851 4262 3182 4330 sensillum,
3215 4262 3275 4315 in
3327 4266 3439 4314 Deo
3488 4259 3548 4325 [ί.
3598 4273 3643 4328 θ,

1998 4363 2207 4431 Deum]
2239 4363 2436 4414 autem
2468 4372 2540 4411 ne
2570 4355 2806 4427 quidem
2841 4359 3033 4408 mente
3063 4351 3487 4424 contingimus.

2072 4450 2204 4505 Sine
2230 4447 2453 4503 nomine
2483 4454 2533 4500 et
2562 4461 2731 4515 supra
2758 4443 3119 4499 nomen.8ine
3150 4443 3409 4511 nomine,
3432 4443 3649 4515 inquit,

2002 4556 2126 4611 pro,
2160 4538 2313 4593 Deus
2348 4534 2509 4591 nulla
2538 4534 2773 4588 notione
2803 4532 3159 4604 appellatur:
3198 4534 3315 4603 Ipse
3336 4532 3487 4590 enim
3505 4537 3657 4590 vocat

243 4619 336 4692 γὰρ
384 4616 550 4672 καλεῖ
594 4616 662 4670 τὰ
718 4617 793 4688 μὴ
840 4609 991 4684 ὄντα,
1042 4615 1118 4676 ὡς
1166 4610 1316 4683 ὄντα,
1346 4613 1420 4677 ὡς
1457 4613 1548 4667 τὸν
1583 4615 1756 4687 Κῦρον
1790 4614 1890 4689 πρὸ

2010 4609 2071 4684 ea
2090 4642 2213 4700 qua:
2232 4641 2343 4681 non
2369 4628 2518 4694 sunt,
2543 4634 2807 4693 tanquam
2836 4638 2901 4676 ea
2931 4638 3048 4691 quae
3077 4632 3206 4676 sunt
3236 4622 3340 4692 (ιι),
3366 4623 3520 4680 sicut
3549 4622 3657 4693 Cy.

246 4706 521 4761 τοσούτων
554 4703 713 4775 ἐτῶν,
739 4704 826 4758 καὶ
851 4704 943 4757 τὸν
978 4701 1207 4761 Ἰωσίαν.

315 4793 477 4853 Ἀλλ’
532 4792 689 4867 ὅπερ.
759 4797 1008 4863 Ζητεῖται
1069 4793 1097 4846 ὁ
1156 4790 1287 4865 Περὶ
1343 4788 1669 4865 θεολογικῆς
1731 4791 1833 4846 ὑπο
1872 4823 1898 4834 -

251 4886 544 4947 τυπώσεως
576 4883 740 4960 λόγος
751 4928 763 4940 .

316 4977 425 5044 Τὴν
485 4974 737 5047 ὁμόθεον.
796 4971 1059 5046 Ὁμόθιον
1111 4976 1227 5034 πῶς
1278 4969 1423 5046 λέγει
1479 4971 1579 5040 τὴν
1632 4970 1898 5046 παναγίαν

257 5062 473 5137 Τριάδα.

323 5152 784 5228 Ἀγγελοπρεπεῖς
840 5150 1088 5211 ἔνώσεις.
1148 5149 1331 5204 Εἰπὼν
1388 5146 1513 5221 περὶ
1561 5152 1657 5203 τοῦ
1718 5152 1852 5203 Θεοῦ
1887 5191 1902 5220 ,

260 5239 335 5296 ότι
394 5240 719 5310 ἀνεννόητος
778 5241 913 5312 ἡμῖν
977 5238 1089 5293 ἐστι
1157 5240 1244 5293 καὶ
1319 5233 1635 5313 ἅφθεγκτος,
1697 5238 1755 5292 ἐκ
1807 5240 1903 5292 τοῦ

264 5327 543 5392 ἐλάττονος
605 5328 800 5384 λοιπὸν
858 5328 922 5383 τὸ
979 5327 1103 5405 περὶ
1162 5331 1297 5385 Θεοῦ
1344 5325 1675 5398 συνίστησιν·
1708 5326 1759 5383 εἴ
1804 5326 1905 5403 γὰρ

342 5493 417 5567 (d)
442 5493 614 5552 Rom.
648 5508 728 5564 ιν,
763 5492 850 5547 17.

2011 4733 2142 4772 rum
2173 4718 2335 4770 tanto
2368 4716 2501 4767 ante
2530 4716 2812 4779 tempore,
2837 4713 2895 4763 et
2924 4709 3167 4765 Josiam.

2011 4881 2031 4932 ι
2081 4804 2190 4884 Sed_
2239 4806 2318 4858 ut.
2360 4801 2735 4857 Desideratur
2790 4798 2939 4853 liber
2995 4800 3068 4853 De
3126 4798 3424 4870 theologica
3481 4804 3653 4869 hypo-

2034 4892 2209 4932 unosz.

2108 4892 2209 4930 032.

2108 4892 2209 4930 osz.

2034 4892 2272 5020 ygimul
2304 4964 2488 5018 Deum.
2522 4959 2826 5025 Quomodo
2873 4961 3036 5014 vocet
3068 4957 3505 5014 sanctissimam
3543 4957 3663 5013 Tri-

2010 5055 2247 5112 nitatem
2273 5052 2605 5108 una-Deum.

2086 5142 2507 5215 Conjunctiones
2570 5154 2695 5212 quae
2743 5137 2954 5206 angelis
2995 5136 3351 5194 conveniunt.
3402 5139 3546 5192 Cum
3596 5135 3668 5191 de

2013 5236 2130 5293 Deo
2174 5235 2436 5303 dixisset,
2470 5247 2605 5287 eum
2656 5229 2826 5284 nobis
2874 5243 3003 5283 esse
3049 5225 3566 5298 inconceptibilem
3618 5232 3674 5280 et

2015 5323 2395 5391 ineﬂ‘abilem,
2427 5338 2461 5379 a
2502 5319 2717 5375 minori
2776 5320 2979 5390 postea
3024 5316 3274 5373 deducto
3325 5316 3675 5388 argumento

1274 5602 1517 5661 VARI/E
1557 5603 1948 5662 LECTIONES
1988 5603 2075 5660 ET
2113 5597 2678 5661 GORRECTIONES.

325 5722 368 5759 ’⁸
397 5719 474 5780 δι.

590 5849 855 5909 Parnm"
908 5847 1019 5908 Gn.
1067 5844 1170 5908 IV.
