4080 6366
430 356 537 410 203

1245 360 1611 415 APPENDIX
1652 362 1750 413 AD
1789 358 2031 411 OPERA
2067 358 2125 408 S.
2166 355 2480 410 DIONYSII
2521 358 3019 415 AREOPAGITJE.

3743 357 3845 412 204

432 484 746 541 conﬁrmat
776 486 832 541 id
868 486 1020 557 quod
1054 487 1126 541 de
1156 486 1270 542 Deo
1303 485 1565 550 dixerat;
1618 485 1666 542 si
1714 484 1869 540 enim
1910 479 2073 537 nobis

2192 478 2259 533 τὰ
2309 481 2432 555 περὶ
2490 484 2596 534 τῶν
2657 480 2907 556 ἀγγέλων
2969 485 3103 555 ἡμῖν
3164 478 3409 559 ἄγνωστά
3454 481 3587 552 ἐστι,
3617 483 3671 538 τί
3721 483 3841 559 περὶ

434 573 635 645 ignota
656 578 943 645 suntquae
967 574 1191 647 angelis
1224 575 1481 646 propria,
1509 574 1646 645 quid
1668 574 1737 629 de
1765 574 1875 627 Deo
1902 569 2082 625 ratio-

434 662 750 718 cinandum
778 663 805 716 7
827 663 981 720 Dixit
1000 680 1136 736 ergo
1161 664 1456 735 angelicas
1485 663 1873 735 operationes,
1909 675 2082 730 quas-

435 752 569 806 dam
603 767 732 807 esse
762 752 1078 808 effusiones
1130 753 1336 807 divinae
1383 751 1696 819 bonitatis;
1748 766 1850 821 per
1897 740 2083 801 ἐπιϐο-

437 836 540 909 λήν
574 844 769 896 autem
803 840 1248 914 intelligendum
1282 847 1390 912 est,
1424 842 1740 897 motionem
1783 836 2083 893 indivisim

436 929 684 986 divisam
738 930 796 985 in
846 947 1044 986 rerum
1092 930 1513 1001 producturum
1567 930 1875 996 unitatem,
1905 926 1961 980 id
1996 929 2087 981 est

434 1017 495 1072 in
530 1018 998 1090 uniuscujusque
1028 1017 1490 1089 intelligibilium
1521 1013 2088 1089 productionem.Li-

435 1110 526 1162 cet
556 1123 727 1178 porro
758 1108 853 1162 hic
884 1108 1059 1163 etiam
1106 1107 1453 1179 intelligere,
1487 1108 1692 1162 modos
1750 1104 2083 1160 unitionum

435 1211 568 1251 cum
603 1195 740 1267 Deo,
775 1201 1059 1267 quantum
1118 1196 1386 1251 convenit
1438 1194 1676 1267 angelos
1736 1196 1847 1249 Deo
1905 1192 2081 1260 uniri,

432 1286 759 1341 secundum
793 1302 971 1357 quam
1005 1302 1137 1341 cum
1176 1287 1287 1341 lleo
1309 1283 2086 1355 unionem,autincumbunt

422 1374 595 1443 juxta
650 1375 949 1447 propriam
1009 1374 1356 1447 dignitatem
1417 1374 1623 1429 divinae
1682 1371 1949 1439 bonitati,
1983 1376 2085 1425 aut

430 1463 765 1535 suscipiunt
792 1464 863 1519 ab
897 1464 1023 1535 ipso
1055 1464 1334 1519 bonitatis
1366 1465 1494 1535 ejus
1526 1462 1935 1519 revelationem
1964 1479 1977 1529 ;
2002 1465 2083 1514 at-

430 1567 543 1623 que
566 1551 648 1607 ita
679 1553 1093 1624 comprehendi
1130 1557 1584 1624 nequeunt,noa
1607 1551 1796 1607 solum
1831 1568 1866 1606 a
1889 1549 2079 1617 nobis,

428 1656 632 1696 verum
665 1657 854 1713 neque
886 1642 957 1697 ab
988 1641 1369 1697 inferioribus
1402 1642 1662 1713 angelis;
1709 1641 1809 1695 sed
1860 1657 1893 1694 a
1940 1638 2082 1693 solis

430 1728 724 1800 supremis
782 1730 1007 1800 angelis
1066 1735 1525 1802 cognoscuntur,
1584 1734 1867 1799 tanquam
1927 1727 2081 1781 103

430 1817 626 1889 dignis
657 1817 811 1873 dicto
844 1818 1181 1873 unitionum
1230 1819 1425 1873 modo.
1462 1819 1521 1872 In
1571 1816 1720 1872 libro
1770 1821 1962 1872 autem
2012 1816 2085 1871 De

428 1905 645 1961 caelesti
693 1906 1008 1961 hierarchia
1066 1907 1361 1979 angelicos
1411 1922 1643 1978 quoque
1700 1906 1936 1961 ordines
1986 1920 2077 1959 re-

429 1999 647 2051 censet.

497 2084 653 2140 Hisce
708 2083 1024 2155 dei/armes.
1084 2091 1192 2141 Per
1250 2090 1475 2141 mentes
1532 2083 1878 2153 deisimiles,
1934 2099 2082 2154 quas

425 2173 751 2241 angelorum
805 2173 1125 2229 imitatione
1168 2174 1269 2244 ait,
1305 2180 1592 2245 quantum
1655 2172 1890 2243 assequi
1950 2188 2081 2243 pos-

426 2266 569 2316 sunt
595 2262 729 2317 duci
760 2262 818 2316 in
853 2263 1178 2318 unitionem
1215 2267 1552 2319 sanctarum
1596 2262 1903 2327 virtutum,
1937 2278 2084 2331 quas

425 2349 671 2406 virtutes
723 2354 895 2405 antea
939 2352 1161 2407 vocavit
1211 2352 1488 2423 angelos;
1523 2351 1884 2422 intelligendi
1946 2356 2085 2404 sunt

426 2438 681 2512 theologi
713 2439 1544 2511 nostri,prophetae,inquam,
1565 2445 1623 2495 et
1653 2438 1931 2510 apostoli;
1967 2455 2081 2493 non

430 2543 560 2583 esse
591 2544 726 2583 vero
758 2530 830 2583 de
861 2526 1087 2599 angelis
1140 2528 1577 2597 conjiciendum
1612 2527 1865 2583 maxime
1896 2543 1962 2581 ex
1994 2527 2081 2580 di-

432 2615 621 2671 ctione
678 2613 1148 2691 ἀγγελομιμήτως
1206 2621 1388 2682 patet.
1438 2616 1695 2687 Angelus
1748 2616 1904 2671 enim
1964 2632 2080 2670 non

430 2704 695 2759 imitatur
722 2704 1033 2776 angelum;
1068 2706 1168 2760 sed
1200 2705 1248 2759 is
1280 2704 1381 2776 qui
1420 2704 1662 2760 inferior
1712 2710 1821 2760 est.
1854 2705 2079 2759 Vocans

432 2798 629 2848 autem
707 2793 1008 2865 theologos
1063 2802 1292 2863 mentes,
1352 2793 1495 2847 dixit
1551 2810 1649 2848 eos
1702 2810 1806 2865 pro
1860 2793 2081 2848 viribus

432 2883 761 2954 pertingere
792 2883 861 2936 ad
897 2881 1134 2953 angelos
1183 2883 1511 2937 imitantem
1545 2899 1678 2937 cum
1711 2882 1827 2937 Deo
1861 2882 2078 2938 unitio-

431 2986 589 3036 nem,
613 2970 713 3041 qui
747 2987 848 3041 per
877 2971 1259 3025 cessationem
1293 2972 1485 3025 omnis
1519 2972 1827 3026 mundanae
1885 2971 2076 3026 efﬁca—

430 3058 535 3114 cia:
554 3059 633 3113 dii
659 3060 942 3126 evadunt;
971 3059 1026 3113 in
1053 3058 1525 3131 intelligibilibus
1555 3060 1710 3114 enim
1744 3065 1939 3115 motus
1959 3077 2075 3114 om-

429 3148 522 3203 nis
578 3152 635 3203 et
693 3148 883 3203 efﬁcia
941 3148 1153 3217 omnis,
1187 3154 1244 3202 et
1300 3149 1468 3218 quies
1520 3148 1713 3203 omnis
1764 3148 2078 3203 efﬁcaciter

428 3236 675 3307 exsistit,
709 3243 885 3308 atque
924 3237 994 3292 ad
1029 3212 1441 3307 perfectionem
1494 3253 1675 3291 unum
1726 3238 2072 3292 efﬁcientem
2107 3212 2148 3278 α

428 3342 605 3381 manu
640 3326 838 3394 ducit;
872 3342 973 3381 seu
1008 3326 1064 3379 in
1097 3325 1329 3380 aeternis
1361 3330 1417 3380 et
1447 3326 1802 3397 incorporeis
1833 3325 2000 3396 quies
2022 3329 2080 3380 et

429 3414 834 3487 tranquillitas
868 3420 1046 3485 atque
1077 3414 1349 3470 efﬁcaciae
1404 3415 1651 3469 cessatio
1704 3414 2076 3484 exsistentes,

431 3503 659 3575 operari
688 3504 1008 3559 secundum
1041 3507 1311 3558 naturam
1345 3502 1589 3569 faciunt,
1622 3505 1774 3574 quod
1819 3503 2080 3574 disponit

433 3594 507 3648 ad
554 3594 900 3649 vacuitatem
953 3609 985 3647 a
1034 3592 1246 3659 turbis,
1279 3595 1336 3646 et
1366 3592 1779 3662 perfectionem
1831 3591 1891 3646 in
1942 3592 2077 3648 uni-

428 3684 569 3739 tate.

505 3771 899 3826 Cessationem.
930 3767 1302 3838 Impossibile
1359 3766 1514 3821 enim
1542 3772 1631 3822 est
1663 3768 1816 3822 uniri
1849 3769 1985 3837 Deo,
2021 3774 2077 3825 et

428 3858 610 3913 Deum
645 3856 835 3927 aliquc
872 3856 1043 3910 modo
1076 3872 1223 3923 esse,
1249 3854 1362 3910 nisi
1394 3872 1427 3910 a
1449 3856 1852 3913 materialibus
1873 3873 2070 3927 opera-

426 3945 754 4001 rationibus
784 3949 1065 4014 cessetur,
1099 3948 1225 3998 tum
1256 3943 1317 3998 in
1349 3960 1548 4009 sensu,
1583 3953 1703 3999 tum
1732 3945 1790 4000 in
1825 3950 2034 4001 mente.

494 4126 696 4181 Rerum
725 4125 1020 4181 ablatione.
1052 4122 1417 4179 Ablationem
1452 4123 1715 4178 omnium
1750 4141 1945 4179 rerum
1976 4141 2072 4181 vo-

420 4220 535 4284 cat,
570 4232 700 4271 cum
748 4231 940 4270 rerum
993 4212 1155 4268 nulla
1202 4212 1457 4268 divinam
1510 4217 1778 4267 naturam
1830 4230 2066 4285 compa-

418 4320 589 4371 rare;
623 4305 725 4359 sed
784 4303 944 4373 dicit,
981 4319 1167 4373 neque
1211 4317 1339 4356 esse
1386 4318 1620 4373 corpus,
1662 4319 1850 4372 neque
1898 4303 2065 4358 habi-

419 4398 568 4461 tum,
604 4408 707 4447 nec
738 4392 1037 4457 virtutem,
1071 4396 1126 4445 et
1158 4390 1385 4462 reliqua
1417 4390 1633 4461 omnia,
1667 4390 1819 4446 sicut
1869 4392 1926 4446 in
1970 4409 2061 4449 se-

416 4481 735 4553 quentibus
765 4480 1135 4551 signiﬁcavit.

2193 568 2288 621 τοῦ
2345 572 2478 623 Θεοῦ
2538 567 2813 644 λογιστέον
2847 591 2859 642 ;
2894 572 3055 649 φησὶν
3118 569 3244 640 οὖν,
3303 574 3384 627 ὅτι
3442 574 3496 627 αἱ
3556 570 3841 648 άγγελικαὶ

2194 653 2573 733 δημιουργίαι,
2617 659 2704 713 οἶά
2744 659 2885 724 τινὲς
2926 659 3056 715 εἰσιν
3111 656 3365 716 ἐπιϐολαὶ
3410 668 3511 731 τῆς
3565 666 3662 717 τοῦ
3711 667 3840 717 Θεοῦ

2193 744 2546 818 ἁγαθότητος·
2603 742 2867 818 ἐπιϐολὴν
2919 746 2977 803 δὲ
3006 749 3251 819 νοητὲον,
3281 749 3380 818 τήν
3431 749 3508 811 εἷς
3549 750 3613 805 τὸ
3644 752 3761 805 καθ’
3788 750 3841 805 ’ἐν

2190 837 2299 887 τῶν
2349 836 2746 909 παραγομένων
2818 838 3184 913 μεριζομένην
3241 838 3460 914 ἀμερῶς
3508 838 3719 910 κίνησιν
3779 843 3840 911 ⁷⁷,

2191 923 2463 978 τουτέστιν
2514 924 2590 987 εἷς
2636 928 2735 995 τὴν
2781 927 3006 981 ἑκάστου
3055 931 3162 981 τῶν
3220 932 3431 998 νοητῶν
3481 930 3837 1005 παραγωγήν.

2195 1013 2420 1066 Δυνατὸν
2456 1010 2513 1067 δὲ
2542 1014 2632 1068 καὶ
2684 1015 2825 1069 οὕτω
2863 1022 3080 1085 νοῆσαι,
3111 1015 3194 1071 ὅτι
3245 1018 3297 1071 οἱ
3342 1016 3538 1092 τρόποι
3566 1022 3675 1072 τῶν
3706 1019 3839 1092 πρὸς

2195 1101 2321 1155 Θεὸν
2384 1101 2647 1171 ἑνώσεων,
2706 1102 2935 1167 καθόσον
3015 1105 3204 1178 πρέπει
3262 1103 3531 1181 ἀγγέλους
3591 1105 3841 1170 ἐνοῦσθαι

2195 1193 2331 1260 Θεῷ,
2364 1191 2484 1253 καθ’
2530 1192 2590 1260 ἣν
2646 1192 2781 1266 πρὸς
2827 1194 2953 1247 Θεὸν
3004 1189 3217 1263 ἕνωσιν,
3251 1193 3285 1263 ἢ
3320 1189 3677 1249 ἐπιϐάλλουσι
3709 1195 3843 1251 κατὰ

2190 1277 2289 1344 τήν
2349 1277 2547 1332 οἷ’κείαν
2605 1278 2753 1349 ἀξίαν
2808 1284 2874 1353 τῇ
2934 1282 3229 1355 ἀγαθότητι
3284 1286 3382 1337 τοῦ
3439 1287 3593 1339 Θεοῦ.
3656 1285 3691 1354 ἤ
3738 1304 3839 1338 πα-

2194 1362 2519 1439 ραδέχονται
2576 1370 2700 1441 παρ’
2757 1370 2920 1423 αὐτοῦ
2976 1376 3076 1438 τῆς
3133 1370 3470 1445 ἀγαθότητος
3519 1372 3685 1427 αὐτοῦ
3738 1374 3839 1442 τὴν

2191 1453 2556 1528 ἀποκάλυψιν·
2611 1456 2700 1511 καὶ
2756 1456 2928 1519 οὕτως
2987 1458 3361 1530 ἀκατάληπτοί
3426 1458 3560 1515 εἷ’σιν
3617 1459 3679 1516 οὐ
3740 1461 3840 1534 μό-

2190 1563 2280 1595 νον
2330 1545 2490 1615 ἡμῖν,
2541 1543 2685 1599 ἀλλὰ
2727 1545 2818 1600 καὶ
2870 1551 2987 1609 τοῖς
3036 1547 3366 1623 κατωτὲροις
3416 1549 3691 1624 ἀγγέλοις·
3739 1550 3840 1622 μό-

2190 1652 2304 1693 νοις
2364 1630 2422 1686 δὲ
2467 1638 2585 1695 τοῖς
2655 1635 2912 1690 ἀνωτάτω
2970 1634 3229 1711 ἀγγέλοις
3287 1639 3694 1711 γινώσκονται,
3751 1640 3843 1693 ἅτε

2190 1720 2519 1793 ἠξιωμένοις
2561 1723 2650 1776 τὸν
2703 1722 2993 1798 εἰρημένον
3043 1724 3245 1799 τρόπον
3293 1730 3401 1781 τῶν
3453 1727 3722 1784 ἑνώσεων.
3756 1728 3843 1785 Ἐν

2194 1806 2251 1862 δὲ
2280 1814 2357 1881 τῷ
2392 1810 2517 1885 Περὶ
2549 1817 2648 1879 τῆς
2682 1810 2930 1887 οὐρανίας
2963 1813 3249 1890 ἱεραρχίας
3280 1813 3429 1890 λόγῳ
3460 1816 3594 1890 φησί
3625 1816 3715 1871 καὶ
3744 1818 3840 1879 τὰς

2190 1898 2364 1967 τάξεις
2394 1900 2487 1960 τὰς
2521 1899 2814 1975 ἀγγελικάς
2828 1943 2840 1960 .

2263 2076 2497 2138 Ταύταις
2560 2077 2611 2130 οἱ
2668 2075 2949 2140 θεοειδεῖς.
3008 2080 3150 2142 Τοὺς
3210 2079 3465 2143 θεοειδεῖς
3520 2082 3691 2153 νόας,
3749 2084 3844 2148 οὖς

2193 2161 2659 2239 ἀγγελομιμήτως
2730 2166 2913 2242 φησὶ,
2972 2168 3090 2231 καθ’
3167 2167 3291 2223 ὅσον
3365 2168 3706 2246 ἐφικνοῦνται
3763 2173 3845 2236 εἷς

2190 2250 2380 2307 ἕνωσιν
2439 2253 2654 2326 ἄγεσθαι
2710 2258 2816 2309 τῶν
2874 2255 3038 2329 ἁγίων
3100 2253 3403 2330 δυνάμεων,
3461 2258 3522 2321 ἃς
3582 2257 3841 2335 δυνάμεις

2190 2342 2452 2416 ἀγγέλους
2499 2350 2747 2417 προεῖπε’
2798 2343 2926 2407 τοὺς
2980 2346 3098 2400 καθ’
3151 2348 3297 2419 ἡμᾶς
3360 2346 3651 2423 Θεολόγους
3708 2371 3841 2421 νοη-

2187 2434 2309 2486 τὲον
2359 2434 2423 2499 ⁷⁸,
2473 2434 2757 2509 προφήτας
2810 2432 2866 2487 τέ
2915 2455 3057 2511 φημι
3105 2435 3195 2489 καὶ
3240 2435 3596 2502 ἀποστόλους·
3644 2437 3706 2493 οὐ
3736 2440 3841 2516 γὰρ

2190 2520 2255 2590 δὴ
2295 2522 2638 2592 ὑποληπτέον
2690 2522 2983 2597 ἀγγέλους,
3035 2524 3273 2597 μάλιστα
3318 2526 3377 2581 ἰκ
3404 2532 3501 2582 τοῦ
3538 2528 3842 2603 ἀγγελομι-

2193 2613 2403 2682 μήτιος,
2458 2611 2648 2665 εἰπεῖν·
2711 2608 2947 2686 ἄγγελος
2997 2615 3101 2688 γὰρ
3154 2611 3386 2689 ἄγγελον
3441 2615 3508 2669 οὐ
3570 2623 3841 2691 μιμεῖται,

2191 2699 2314 2753 ἀλλ’
2346 2701 2373 2753 ὁ
2404 2698 2664 2753 ἐλάττων·
2700 2701 2827 2761 νόας
2876 2698 2933 2755 δὲ
2970 2701 3156 2757 καλῶν
3202 2703 3330 2765 τοὺς
3378 2703 3689 2781 θεολόγους,
3739 2710 3842 2777 τῆς

2187 2787 2645 2862 ἀγγελομιμήτου
2697 2790 2938 2851 ὲνώσεως
2983 2792 3119 2866 πρὸς
3165 2793 3296 2848 Θεὸν
3347 2792 3545 2857 αὐτοὺς
3589 2793 3689 2871 ἔφη
3723 2794 3841 2873 ἐφι-

2187 2882 2443 2947 κνεῖσθαι,
2494 2878 2568 2941 ὡς
2618 2875 2859 2947 δυνατὸν,
2910 2880 3046 2934 κατᾶ
3095 2880 3397 2935 ἀπόπαυσιν
3452 2884 3631 2951 πάσης
3689 2884 3837 2959 ἐνερ-

2186 2966 2333 3039 γείας
2384 2970 2652 3040 κοσμικῆς
2700 2966 3105 3041 ἐκθεουμὲνους·
3164 2969 3251 3024 ἐπὶ
3308 2970 3409 3046 γὰρ
3465 2976 3573 3026 τῶν
3632 2977 3841 3046 νοερῶν

2185 3060 2287 3108 πᾶν
2341 3056 2547 3127 κίνημα
2602 3055 2691 3110 καὶ
2747 3060 2891 3111 πᾶσα
2947 3057 3227 3133 ἐνέργεια,
3282 3060 3370 3113 καὶ
3425 3064 3570 3115 πᾶσα
3629 3062 3841 3134 ἠρεμία

2187 3142 2418 3218 ἐνεργῶς
2475 3145 2608 3211 ἐστι,
2665 3146 2753 3198 καὶ
2812 3147 2949 3219 πρὸς
2996 3145 3316 3217 τελειότητα
3359 3148 3606 3204 ἑνοποιὸν
3639 3170 3838 3225 χειρα-

2185 3237 2453 3307 γωγοῦσα,
2515 3232 2621 3309 ε’ίγε
2677 3234 2726 3288 ἐν
2784 3241 2901 3297 τοῖς
2960 3234 3204 3298 αἰωνίοις
3262 3238 3352 3292 καὶ
3409 3238 3724 3312 ἀσωμάτοις
3779 3244 3836 3296 αἱ

2186 3320 2337 3375 οὖσαι
2389 3322 2615 3397 ἠρεμίαι
2659 3325 2748 3377 καὶ
2807 3323 3054 3398 ἡσυχίαι,
3113 3325 3203 3379 καὶ
3270 3330 3376 3380 τῶν
3436 3326 3722 3403 ἐνεργειῶν
3779 3332 3837 3385 αἱ

2186 3410 2541 3479 ἀποπαύσεις,
2587 3413 2649 3466 τὸ
2696 3414 2830 3467 κατά
2879 3413 3035 3488 φύσιν
3084 3415 3336 3488 πράττειν
3386 3420 3657 3486 ποιοῦσιν,
3700 3418 3835 3495 ὅπερ

2186 3498 2294 3553 ἐστί
2325 3506 2421 3569 τῆς
2454 3498 2757 3575 ἀοχλησίας
2787 3504 2831 3538 ⁷⁰
2859 3501 2948 3556 καὶ
2994 3500 3341 3573 τελειότητος
3389 3503 3468 3567 εἰς
3506 3503 3667 3562 ἒνάδα
3695 3509 3836 3582 πρό-

2184 3592 2351 3663 ξενον.

2256 3771 2628 3828 Ἀπόπαυσιν.
2692 3769 2978 3827 Ἀδύνατον
3033 3772 3136 3847 γὰρ
3195 3773 3460 3843 ὲνωθῆναι
3521 3780 3638 3847 Θεῷ
3671 3818 3685 3844 ,
3739 3777 3832 3833 καὶ

2183 3859 2310 3915 Θεὸν
2342 3860 2541 3935 τρόπον
2589 3860 2708 3914 τινὰ
2754 3860 3018 3935 γενέσθαι,
3069 3861 3111 3916 εἰ
3166 3863 3240 3935 μή
3297 3861 3553 3918 παύσεταί
3607 3884 3690 3926 τις
3717 3870 3829 3920 τῶν

2184 3947 2383 4003 ὑλικῶν
2445 3948 2722 4025 ἰνεργειῶν
2778 3948 2914 4003 κατά
2959 3969 3019 4003 τε
3074 3948 3323 4020 αἴσθησιν
3374 3951 3465 4006 καὶ
3522 3954 3659 4007 κατά
3708 3951 3829 4009 διά-

2178 4058 2346 4091 νοιαν.

2248 4129 2362 4179 Τῶν
2452 4121 2620 4179 ὄντων
2726 4124 3055 4203 ἀφαιρέσεως
3091 4169 3104 4182 .
3188 4128 3499 4205 Ἀφαίρεσιν
3607 4128 3826 4186 πάντων

2172 4218 2280 4267 τῶν
2336 4209 2503 4267 ὄντων
2562 4212 2723 4268 καλεῖ
2775 4214 2837 4268 τὸ
2887 4216 3021 4290 πρὸς
3074 4211 3243 4287 μηδὲν
3288 4219 3394 4269 τῶν
3446 4213 3615 4271 ὅντων
3646 4239 3826 4293 παρα-

2174 4297 2396 4357 ϐάλλειν
2455 4302 2515 4356 τὸ
2567 4304 2733 4370 θεῖον,
2793 4302 2937 4358 ἀλλὰ
2990 4301 3160 4378 λέγει,
3211 4305 3292 4358 ὅτι
3351 4304 3413 4360 οὐ
3471 4310 3653 4379 σῶμα,
3711 4309 3827 4383 οὐχ

2170 4389 2295 4461 ἕξις,
2330 4390 2390 4445 οὐ
2424 4388 2671 4463 δύναμις,
2703 4392 2789 4446 καὶ
2822 4393 2889 4446 τὰ
2919 4390 3088 4447 λοιπά
3134 4392 3329 4463 πάντα,
3361 4395 3541 4457 καθὼς
3593 4393 3684 4451 διὰ
3710 4401 3821 4452 τῶν

2199 4481 2290 4550 ξῆς
2322 4479 2610 4552 ἐσήμανεν.

489 4573 607 4641 Ipse
636 4586 765 4625 vero
795 4568 962 4624 nihil.
1000 4574 1179 4624 Deum
1224 4568 1370 4623 nihil
1420 4584 1565 4636 esse,
1601 4569 1682 4624 ita
1724 4568 2058 4641 intelligen-

2239 4568 2380 4623 Αὐτὸ
2439 4566 2496 4622 δὲ
2547 4565 2723 4624 οὐδὲν.
2777 4568 2851 4624 Τὸ
2909 4566 3063 4622 οὐδὲν
3130 4568 3265 4624 εἶναι
3321 4570 3414 4625 τὸν
3476 4572 3607 4626 Θεὸν
3668 4571 3821 4629 οὕτω

413 4661 552 4716 dum
587 4664 696 4725 est,
730 4666 794 4714 ut
841 4658 987 4713 nihil
1038 4659 1113 4713 sit
1159 4675 1361 4713 eorum
1413 4675 1539 4728 quae
1590 4664 1765 4726 sunt;
1818 4665 2057 4731 superat

409 4750 563 4805 enim
625 4747 824 4802 omnia
881 4764 1007 4817 quae
1069 4752 1227 4815 sunt,
1263 4763 1396 4801 cum
1430 4747 1506 4801 sit
1538 4747 1801 4801 omnium
1862 4764 2057 4803 rerum

407 4854 615 4905 causa;
651 4836 780 4891 ideo
813 4841 961 4891 Deus
993 4841 1050 4890 et
1081 4836 1300 4905 ubique
1332 4840 1388 4888 et
1420 4834 1628 4889 nullibi
1691 4852 1815 4890 esse
1864 4836 1935 4890 ab
1986 4836 2058 4891 iis

406 4928 505 4997 qui
535 4928 605 4981 de
635 4927 745 4981 Deo
806 4930 988 4997 agunt
1046 4925 1291 4991 dicitur;
1336 4923 1611 4993 quoniam
1671 4924 1851 4995 igitur
1909 4942 2045 4979 nus-

404 5032 601 5083 quam,
636 5015 834 5069 omnia
867 5015 1102 5085 quidem
1138 5031 1239 5084 per
1272 5013 1465 5082 ipsum
1501 5018 1557 5065 et
1589 5012 1644 5065 in
1680 5014 1826 5082 ipso,
1860 5018 1923 5067 ut
1954 5013 2051 5085 qui

404 5120 518 5157 non
554 5106 631 5157 sit
660 5104 983 5174 quidquam
1008 5101 1796 5173 universorum.Rursusque
1819 5102 1876 5155 in
1903 5103 2051 5173 ipso,

400 5196 467 5246 ut
497 5192 595 5263 qui
631 5192 849 5262 ubique
882 5192 988 5260 sit;
1032 5196 1235 5245 caetera
1266 5206 1398 5244 vero
1437 5190 1633 5245 omnia
1682 5207 1784 5261 per
1830 5190 2049 5261 ipsum,

398 5280 538 5351 quia
567 5279 691 5349 ipse
722 5295 1038 5351 nusquam,
1073 5284 1129 5334 et
1161 5278 1432 5333 universa
1487 5278 1722 5349 quidem
1772 5279 2048 5350 complet,

2167 4655 2405 4725 νοητέον,
2449 4658 2521 4717 ὡς
2578 4662 2682 4710 τῶν
2744 4652 2912 4710 ὄντων
2975 4654 3142 4730 μηδὲν
3198 4654 3345 4712 ὅντα·
3406 4659 3539 4735 ὖπὶρ
3593 4660 3695 4735 γὰρ
3749 4662 3822 4717 τὰ

2169 4741 2295 4798 ὄντα
2326 4746 2353 4798 ὁ
2386 4743 2559 4806 αἴτιος
2604 4749 2710 4799 τῶν
2752 4742 2939 4800 ὄντων·
2973 4746 3092 4810 ὅθεν
3140 4748 3168 4801 ὁ
3213 4748 3343 4811 Θεὸς
3389 4749 3480 4803 καὶ
3530 4754 3818 4826 πανταχοῦ

2166 4834 2252 4887 καὶ
2316 4830 2559 4906 οὐδαμοῦ
2615 4832 2968 4907 θεολογιῖται’
3031 4833 3145 4889 ἐπεὶ
3200 4840 3327 4910 γοῦν
3381 4834 3626 4911 οὐδαμοῦ
3674 4837 3814 4911 ἐστι,

2164 4925 2337 4976 πάντα
2388 4922 2481 4995 μὲν
2526 4920 2594 4976 δι’
2645 4922 2812 4977 αὐτοῦ
2857 4926 2935 4991 ⁸ο,
2985 4923 3074 4978 καὶ
3126 4923 3177 4977 ἐν
3220 4924 3386 4997 αὐτῷ,
3433 4926 3508 4990 ὡς
3565 4928 3640 4999 μή
3695 4924 3817 4983 ὄντι

2168 5009 2334 5083 μηδὲν
2392 5017 2497 5065 τῶν
2559 5012 2793 5066 πάντων·
2827 5011 2918 5065 καὶ
2966 5012 3017 5065 ἐν
3069 5012 3217 5085 αὐτῷ
3263 5013 3453 5086 πάλιν,
3486 5015 3561 5077 ὡς
3610 5036 3813 5071 παντα-

2165 5105 2268 5175 χοῦ
2300 5098 2430 5167 ὄντι,
2463 5097 2618 5175 ἕτερα
2662 5097 2718 5154 δὲ
2766 5098 2835 5154 δι’
2864 5099 3025 5155 αὐτοῦ
3066 5101 3133 5155 τὰ
3179 5122 3373 5174 παντα,
3407 5102 3490 5158 ὅτι
3524 5103 3683 5167 αὐτὸς
3715 5106 3814 5160 οὐ-

2162 5187 2357 5262 δαμοῦ·
2392 5191 2482 5243 καὶ
2530 5188 2741 5264 πληροῖ
2798 5190 2890 5262 μὶν
2931 5190 2999 5244 τὰ
3045 5194 3238 5261 πάντα,
3272 5192 3345 5253 ὡς
3392 5198 3678 5269 πανταχοῦ
3710 5191 3811 5263 ὢν,

2158 5278 2294 5333 κατά
2320 5278 2410 5333 τὸν
2443 5280 2755 5355 προφήτηνο
2802 5275 3048 5352 οὐδαμοῦ
3098 5276 3155 5334 δέ
3198 5279 3308 5335 ἐστι
3351 5282 3468 5336 καθ’
3497 5278 3681 5359 ἕτερον
3716 5282 3812 5339 λὲ-

1402 5502 1640 5559 νΑΗΙιΒ
1676 5502 2064 5559 LECTIONES
2103 5505 2194 5561 ET
2232 5503 2791 5564 CORRECTIONES.

459 5675 501 5709 ⁷⁷
525 5672 745 5745 Scribe,
778 5688 846 5728 ex
870 5670 1244 5742 Pacbymere,
1279 5666 1524 5743 θέλησιν,
1556 5674 1907 5729 voluntatem.
1985 5675 2028 5709 ⁷⁸
2056 5694 2073 5747 η

2188 5671 2548 5745 ὅποληπτὲον.
2624 5678 2669 5713 ⁷⁹
2691 5694 2781 5751 γρ.
2808 5672 3229 5753 ἀνενοχλησίας.
3304 5678 3349 5715 ⁸ο
3377 5697 3468 5754 γρ.
3509 5678 3689 5737 αὐτόν.
