4080 6366
250 400 353 454 205

999 404 1058 455 S.
1100 404 1367 459 ΜΔΧΙΜΙ
1411 403 1718 458 SCHOLIA
1757 407 1830 458 IN
1870 406 2000 458 LIB.
2043 406 2136 457 DE
2176 407 2451 461 DlVlNIS
2489 406 2911 463 NOMINIBUS.

3554 409 3661 463 206

246 542 405 597 γοντα
438 540 452 555 ⁸
513 523 585 579 Ἦ
658 527 820 586 ποῖος
895 524 1064 587 τόπος
1137 530 1236 594 τῆς
1303 523 1690 587 καταπαύσεώς
1753 544 1894 598 μους

2014 531 2078 583 ut
2108 526 2209 599 qui
2243 527 2459 600 ubique
2489 529 2585 597 sit,
2618 530 2945 586 secundum
2976 531 3341 603 prophetam;
3364 549 3659 605 nusquam

248 610 291 666 εἰ
348 611 453 686 γὰρ
518 610 685 685 μόνον
746 612 814 681 ἧν
875 617 1179 688 πανταχοῦ,
1213 611 1373 678 αὐτὸς
1401 612 1460 668 ἂν
1488 615 1554 683 ἧν
1608 613 1675 669 τὰ
1730 613 1904 669 πάντα

247 699 333 756 καὶ
365 699 417 755 ἰν
448 705 583 762 πᾶσι
612 705 859 765 τοπικῶς
890 720 904 734 ⁶
938 700 1111 766 οὕτως
1160 701 1251 759 οὖν
1300 702 1390 758 καὶ
1436 700 1612 775 οὐδὲν,
1645 704 1719 759 ὡς
1770 704 1901 777 ὑπὲρ

247 788 312 845 τὰ
339 786 490 848 ὄντα.

318 1054 476 1115 Ἀλλ’
526 1057 601 1119 ὡς
658 1052 837 1128 πάσης
908 1053 1087 1129 ἕξεως.
1145 1057 1295 1128 Ἕξις
1344 1057 1437 1131 μέν
1497 1058 1609 1113 ἐστι
1665 1052 1935 1123 διάθεσιςί

249 1143 489 1221 ἕμμονος
521 1165 535 1179 ·
566 1146 779 1218 κίνησις
828 1144 885 1202 δέ
931 1146 1043 1202 ἐστι
1086 1146 1148 1202 τὸ
1206 1144 1782 1222 ἀντιδιαστελλόμενυν
1830 1152 1898 1222 τῇ

248 1236 468 1312 ἠρεμίᾳ,
508 1236 644 1310 μετᾶ
698 1235 925 1292 πολλῶν
978 1237 1259 1311 τιθέμενον
1291 1257 1302 1269 .
1363 1238 1476 1307 ζωὴ
1534 1234 1591 1291 δὲ
1634 1237 1694 1292 τὸ
1736 1240 1925 1319 ταῦταῖ

250 1324 491 1381 δεικνύον
550 1324 745 1401 ἐνεργά
776 1344 788 1356 ·
823 1324 1085 1395 φαντασία
1134 1323 1192 1380 δὲ
1239 1326 1303 1381 τὸ
1353 1324 1405 1380 ἐν
1460 1322 1675 1399 διανοίᾳ
1702 1329 1925 1403 ἄνατυοξ

246 1414 485 1471 πωτικόν
522 1434 535 1447 ·
571 1412 700 1485 δόξα
746 1411 803 1470 δὶ
839 1413 1389 1492 πεπληροφορημὲνη
1423 1412 1702 1489 ὑπόληψις
1736 1435 1749 1449 ο
1784 1410 1925 1470 δια-’

249 1503 393 1582 φέρει
445 1501 505 1559 δὲ
550 1504 742 1574 νόησις
790 1500 1053 1574 διανοίας,
1102 1503 1185 1558 ὅτι
1225 1504 1288 1559 τὸ
1340 1504 1433 1577 μὶν
1482 1500 1623 1559 ἔστιν
1674 1503 1763 1560 ἐπὶ
1803 1509 1900 1560 τοῦ

249 1590 602 1662 διανοητικοῦ
646 1599 747 1663 τῆς
790 1595 997 1667 ψυχῆς,
1030 1592 1093 1647 τὸ
1144 1589 1201 1647 δὶ
1253 1594 1352 1662 τὴν
1407 1596 1503 1648 τοῦ
1549 1591 1899 1663 διανοητικοῦ

248 1683 455 1753 κίνησιν
482 1679 671 1753 δηλοῖ.
701 1686 876 1737 Ταῦτα
905 1678 963 1737 δὲ
986 1680 1159 1737 πάντα
1186 1681 1275 1737 καὶ
1322 1682 1390 1737 τὰ
1439 1679 1584 1737 ἄλλα
1631 1682 1729 1738 ὅσα
1774 1683 1898 1738 τού-

248 1793 366 1835 τοις
394 1768 843 1846 συγκατείλεκται
874 1770 974 1827 οὐκ
1027 1770 1183 1826 οὐσία
1235 1770 1398 1840 ἐστὶν,
1432 1770 1581 1827 ἀλλὰ
1624 1774 1745 1846 περὶ
1808 1772 1899 1828 οὐ·

254 1862 366 1917 σίαν
427 1862 620 1935 ὁρᾶται
662 1878 674 1895 ·

249 1973 375 2011 των.

314 2137 424 2201 Τῆς
479 2129 737 2207 θεαρχίας
788 2130 1072 2203 πρόνοιαν.
1133 2129 1227 2185 Ἐκ
1272 2128 1479 2184 τούτων
1554 2131 1609 2183 αἱ
1675 2130 1898 2201 ἀνόητοι

250 2220 393 2292 δόξαι
424 2218 713 2277 ὶκλύονται
738 2224 844 2275 τῶν
874 2217 1275 2291 τολμησάντων
1306 2215 1484 2293 λέγειν
1515 2220 1577 2273 τὸ
1626 2217 1898 2296 δημιουρ-

248 2310 400 2385 γικὸν
460 2309 616 2387 φύσει
667 2308 773 2364 τινὶ
806 2308 997 2362 ἐνεῖναι
1028 2311 1109 2379 τῷ
1155 2311 1289 2379 Θεῷ,
1324 2307 1398 2369 ὡς
1455 2308 1545 2363 καὶ
1590 2315 1707 2370 τοῖς
1766 2310 1895 2385 ἀρα-

249 2401 425 2476 χνίοις
452 2400 515 2454 τὸ
548 2397 786 2476 ὑφαίνειν
824 2416 835 2429 ·
872 2396 1005 2472 φησί
1058 2396 1161 2471 γὰρ
1221 2393 1310 2449 διὰ
1361 2392 1535 2469 μόνην
1592 2397 1898 2473 ἀγαθότητα

246 2490 305 2545 τὸ
335 2497 443 2547 πᾶν
474 2493 809 2565 παραγαγεῖν
834 2487 928 2542 τὸν
959 2487 1087 2542 Θεόν
1123 2505 1136 2518 °
1172 2483 1257 2541 διὸ
1297 2486 1385 2541 καὶ
1433 2487 1625 2550 πάντες
1673 2488 1725 2541 οἱ
1778 2499 1896 2552 θεο-

250 2578 404 2654 λόγοι
436 2578 498 2634 ἰκ
531 2579 629 2651 μὶν
655 2582 764 2634 τῶν
802 2575 965 2632 αὐτοῦ
1011 2579 1108 2630 τοῦ
1165 2580 1321 2643 Θεοῦ,
1350 2575 1625 2630 τουτέστιν
1686 2575 1745 2631 ἐκ
1792 2584 1894 2647 τῆς

250 2670 434 2731 οὐσίας
466 2667 631 2723 αὑτοῦ
665 2666 729 2722 οὗ
755 2664 1036 2742 τολμῶσιν
1073 2666 1258 2738 ὑμνεῖν
1293 2663 1451 2720 αὐτόν
1488 2684 1500 2696 ·
1529 2665 1897 2741 ἀνεπίγνωστα

250 2759 350 2835 γάρ
385 2780 400 2794 ·
461 2757 590 2814 ἀλλ’
619 2756 679 2812 ἐκ
733 2762 836 2825 τῆς
893 2754 971 2819 εἷς
1020 2754 1089 2810 τὰ
1142 2751 1243 2825 ἔξω
1299 2752 1561 2830 προόδου,
1610 2755 1732 2825 ἥτις
1784 2754 1892 2811 ἐστὶ

249 2850 505 2924 πρόνοια,
562 2846 630 2900 τὰ
684 2845 918 2913 αἷτιατά,
972 2844 1219 2900 τουτέστι
1265 2843 1333 2899 τὰ
1388 2843 1439 2914 ἐξ
1498 2844 1673 2899 αἲτίου
1731 2845 1895 2900 αὐτοῦ

250 2940 537 3006 συστάντα,
593 2935 693 3004 τὴν
770 2933 893 3009 περὶ
950 2933 1016 2987 τὰ
1072 2935 1245 2988 πάντα
1299 2932 1554 3008 πρόνοιαν
1612 2939 1708 2989 τοῦ
1764 2939 1896 2990 Θεοῦ

250 3027 667 3101 ὑμνολογοῦσιο
719 3025 787 3079 τὰ
842 3023 942 3099 γὰρ
1018 3024 1191 3078 πάντα
1266 3029 1367 3091 τῆς
1440 3024 1590 3087 θοίας
1640 3023 1895 3097 προνοίας

249 3116 474 3193 ἐφίεται,
506 3114 578 3170 δι’
607 3116 671 3182 ἧς
708 3112 798 3168 καὶ
851 3113 1088 3186 ὑπάρχει
1137 3113 1226 3166 καὶ
1286 3111 1612 3181 συνίσταται,
1644 3112 1792 3167 ἀλλά
1832 3113 1899 3168 τὰ

252 3207 343 3277 μὶν
374 3204 541 3280 νοερά
568 3204 657 3258 καὶ
697 3200 898 3277 λογικά
944 3205 1256 3277 γνωστικῶς
1289 3217 1303 3234 ·
1335 3204 1501 3277 νοερὰ
1555 3199 1614 3258 δὲ
1654 3200 1891 3278 λέγεται,

249 3294 341 3349 ὅσα
372 3292 464 3347 διὰ
492 3294 555 3347 τὸ
612 3296 736 3354 νοῦς
797 3291 950 3361 εἶναι,
983 3295 1097 3344 νοεῖ
1144 3290 1211 3344 τὰ
1268 3290 1626 3365 ὑπερκείμενα
1675 3292 1846 3361 νοητά
1878 3310 1891 3322 ⁶

248 3383 441 3453 νοητὸν
472 3381 574 3458 γάρ
606 3379 717 3435 ἐστι
764 3380 827 3434 τὸ
876 3378 1195 3452 νοούμενον,
1224 3377 1356 3454 ὅπερ
1406 3380 1495 3434 καί
1551 3382 1724 3457 τροφή
1784 3379 1895 3436 ἐστι

250 3477 343 3528 τοῦ
373 3474 566 3547 νοεροῦ
598 3470 715 3524 ἀντὶ
744 3467 939 3523 τούτου
994 3472 1271 3529 νοοῦντος.
1303 3470 1444 3524 ’Ὀσα
1500 3467 1591 3523 οῦν
1650 3470 1785 3524 κατὰ
1834 3470 1898 3524 τὸ

250 3561 410 3636 νοερᾶ
466 3559 599 3615 εἶναι
660 3559 752 3612 ἅτε
798 3560 925 3619 νοῦς
976 3561 1110 3625 νοεῖ,
1140 3561 1309 3612 ταῦτα
1353 3554 1553 3633 λογικὰ
1581 3553 1728 3626 ὄντα,
1762 3579 1901 3633 γνω-

256 3654 452 3712 στικῶς
484 3642 857 3703 ἰπιϐάλλοντα
882 3648 951 3719 τῇ
989 3650 1085 3701 τοῦ
1143 3650 1275 3701 Θεοῦ
1332 3647 1581 3720 προνοίᾳ,
1612 3646 1898 3722 ἀναλόγως

257 3739 458 3816 ὶφίεται
514 3741 612 3792 τοῦ
663 3740 798 3792 Θεοῦ
832 3756 844 3769 ·
880 3734 979 3790 ὅσα
1036 3733 1093 3789 δὲ
1151 3730 1461 3804 ὑποῦέϐηκε
1508 3735 1575 3789 τὰ
1602 3736 1781 3809 νοερὰ,
1812 3735 1901 3791 καί

253 3828 349 3884 εἱσι
408 3827 566 3902 ψυχή
625 3824 936 3895 αἰσθητικὴ,
972 3824 1177 3899 θηρίων
1229 3821 1373 3898 λέγω
1412 3824 1501 3879 καὶ
1531 3825 1769 3894 πάντων,
1803 3824 1902 3898 ἐμ-

254 3918 447 3993 ψύχων
482 3917 577 3989 μὲν
611 3912 901 3987 σωμάτων,
932 3912 1147 3989 ἀλόγων
1180 3910 1257 3983 δὲ,
1289 3913 1361 3967 ὧν
1402 3914 1436 3982 ἡ
1488 3916 1641 3989 ψυχὴ
1688 3914 1748 3968 ἐκ
1793 3918 1900 3968 τῶν

254 4004 543 4081 στοιχείων
571 4004 660 4059 καὶ
690 4007 789 4057 τυῦ
837 4001 1031 4057 ἐνύλου
1078 4003 1248 4077 πυρὸς
1299 4007 1623 4075 συνεστῶσα,
1655 4002 1708 4057 ἐν
1753 4002 1905 4058 πνεό-

256 4118 381 4169 ματι
416 4093 596 4165 ἰνόλῳ
626 4088 742 4168 ἔχει
774 4091 837 4147 τὸ
868 4092 999 4147 εἶναι
1034 4107 1049 4121 ⁶
1078 4095 1263 4163 ταῦτα,
1302 4093 1465 4164 μόνον
1499 4090 1558 4146 ἐκ
1585 4098 1683 4161 τῆς
1713 4092 1903 4163 αἰσθή-

258 4206 390 4247 σεως
425 4181 858 4253 συνελαυνόμενα
887 4180 963 4242 εἷς
993 4181 1056 4235 τὸ
1088 4183 1276 4253 πεινῇν
1332 4180 1420 4235 καὶ
1480 4179 1666 4255 διψῇν,
1700 4180 1903 4259 ἐφίεται

257 4274 485 4336 εῗκότως
539 4271 811 4341 αἰσθητῶς
866 4272 963 4324 τοῦ
1018 4273 1419 4344 χορηγοῦντος,
1452 4270 1527 4331 ὡς
1582 4270 1645 4324 τὸ
1679 4290 1691 4303 ’
1728 4272 1907 4325 Πάντα

256 4364 390 4438 πρὸς
450 4362 509 4416 σὶ
558 4356 905 4436 προσδοκῶσι
962 4362 1058 4413 τοῦ
1117 4355 1299 4412 δοῦναι
1351 4359 1449 4427 τὴν
1527 4360 1732 4436 τροφὴν
1810 4361 1905 4414 αὐ-

252 4458 357 4507 τῶν
392 4450 471 4513 εἷς
504 4448 752 4526 εὔκαιρον
788 4468 800 4480 °
834 4446 924 4502 xui
982 4451 1208 4501 τοιαῦτα
1257 4446 1440 4502 πολλᾶ
1495 4449 1585 4503 καὶ
1634 4450 1781 4523 παρὰ
1829 4454 1908 4520 τῷ

256 4536 377 4595 Ἰὼϐ
404 4539 498 4594 καὶ
528 4544 607 4610 τῷ
635 4534 797 4593 Δαυὶδ
830 4537 1096 4612 εὑρήσεις.
1131 4536 1228 4590 Καὶ
1270 4538 1336 4591 τὰ
1383 4535 1528 4591 ἄλλα
1571 4535 1749 4610 μέντοι
1810 4536 1909 4591 ὅσα

2008 632 2142 672 vero
2172 618 2303 687 (est,
2351 619 2679 675 secundum
2738 618 2918 675 alium
2980 620 3270 678 dicentem
3323 637 3336 677 :
3386 623 3492 678 Aut
3536 626 3661 695 quis

2010 706 2164 761 locus
2193 706 2556 777 requietionis
2584 723 2727 765 mea:
2756 708 2829 779 (e)
2850 708 2878 763 ‘I
2909 709 2968 765 Si
3017 710 3175 766 enim
3223 713 3455 767 tantum
3504 714 3662 769 esset

2008 792 2247 865 ubique,
2279 794 2405 866 ipse
2436 798 2694 868 profecto
2725 801 2882 854 esset
2920 797 3119 854 omnia
3166 802 3224 856 et
3269 800 3329 855 in
3381 801 3658 858 omnibus

2008 880 2325 940 localiter:
2375 885 2460 941 sic
2509 885 2692 957 igitur
2741 891 2799 942 et
2845 885 3015 958 nihil,
3067 891 3132 944 ut
3177 904 3360 960 supra
3410 905 3479 947 ea
3525 906 3655 961 quaa

2009 976 2168 1031 sunt.

2084 1063 2361 1134 Tanquam
2392 1063 2459 1119 ab
2506 1066 2664 1121 omm’
2711 1064 2927 1121 habitu.
2979 1065 3228 1122 Habitus
3276 1067 3515 1139 quidem
3565 1071 3656 1125 est

2007 1150 2259 1221 qualitas
2289 1153 2652 1223 immanens;
2687 1158 2884 1211 motus
2916 1160 3114 1211 autem
3147 1164 3234 1212 est
3264 1158 3421 1228 quod
3470 1173 3657 1229 oppo-

2007 1239 2169 1296 nitur
2198 1242 2406 1313 quieti,
2438 1259 2568 1315 quae
2598 1244 2889 1316 oppositio
2920 1245 2979 1299 in
3013 1244 3214 1301 multis
3253 1247 3411 1303 104
3458 1247 3658 1304 consi-

2006 1330 2109 1385 stit
2142 1330 2296 1386 :vita
2325 1339 2519 1389 autem
2550 1332 2829 1404 ostendit,
2865 1333 2985 1390 haec
3017 1350 3146 1390 esse
3174 1334 3464 1406 efﬁcacia;
3516 1334 3663 1392 ima-

2006 1417 2225 1490 ginatio
2255 1436 2388 1477 vero
2420 1425 2509 1477 est
2540 1421 2597 1477 id
2628 1422 2780 1492 quod
2812 1423 2873 1477 in
2924 1422 3223 1479 intellectu
3272 1424 3487 1480 format
3526 1439 3661 1496 spe-

2006 1507 2144 1575 cies,
2168 1509 2366 1581 opinio
2397 1515 2593 1567 autem
2625 1515 2715 1566 est
2744 1527 3030 1583 persuasa
3060 1512 3419 1583 conjectura.
3452 1512 3660 1571 Diti‘ert

2007 1613 2179 1669 porro
2204 1597 2521 1655 intellectio
2552 1599 2624 1654 ab
2656 1598 3124 1671 intellectu,quia
3152 1601 3248 1657 hic
3277 1604 3367 1657 est
3395 1600 3455 1657 in
3481 1601 3662 1658 facul-

2006 1689 2125 1741 tate
2154 1686 2517 1759 intelligendi
2547 1688 2777 1758 animaa,
2812 1688 2915 1745 illa
2945 1694 3139 1745 autem
3166 1696 3391 1746 motum
3417 1690 3659 1749 faculta-

2005 1775 2083 1830 tis
2140 1775 2509 1849 intelligendi
2567 1776 2843 1833 declarat.
2893 1782 3026 1834 Hasc
3075 1782 3273 1835 autem
3330 1780 3549 1850 omnia,
3599 1784 3658 1837 et

744 1858 861 1915 ὅθεν
920 1860 1008 1915 καὶ
1073 1857 1272 1915 διεῖλεν
1349 1860 1515 1928 αὐτὴν
1595 1861 1700 1916 ἀπὸ
1772 1861 1898 1916 τού-

2014 1880 2256 1936 ῳιωᾳυο
2288 1865 2380 1922 his
2410 1871 2802 1923 annumerata
2832 1872 2991 1935 sunt,
3026 1884 3141 1923 non
3190 1871 3329 1923 sunt
3373 1870 3653 1937 essentia,

2009 1954 2110 2010 sed
2144 1955 2297 2011 circa
2327 1956 2648 2012 essentiam
2679 1956 2982 2025 videntur;
3014 1956 3142 2013 ideo
3176 1974 3408 2029 quoque
3439 1958 3512 2014 ab
3560 1958 3655 2015 his

2006 2044 2325 2100 essentiam
2358 2045 2645 2100 distinxit.

2079 2132 2320 2189 Summae
2366 2134 2593 2191 deitatis
2638 2135 3019 2207 providentia.
3069 2135 3150 2190 Ex
3196 2134 3290 2191 his
3348 2135 3659 2193 solvuntur

2006 2222 2198 2278 stultae
2248 2224 2642 2294 quorumdam
2693 2225 3002 2296 opiniones
3050 2223 3396 2281 audentium
3446 2226 3657 2294 dicere,

2007 2312 2344 2367 facultatem
2376 2313 2611 2367 creandi
2642 2330 2744 2384 per
2774 2317 3047 2369 naturam
3098 2314 3418 2383 quamdam
3464 2314 3659 2371 inesse

2006 2404 2141 2469 Deo,
2176 2402 2329 2457 sicut
2376 2402 2607 2457 araneis
2654 2407 2877 2470 texere;
2929 2402 3068 2457 dicit
3115 2402 3271 2457 enim
3322 2419 3423 2473 per
3470 2403 3659 2459 solam

2006 2489 2352 2557 bonitatem,
2380 2490 2565 2546 Deum
2596 2496 2809 2545 cuncta
2838 2492 3159 2562 producere
3194 2508 3205 2546 :
3240 2491 3370 2547 ideo
3402 2488 3658 2564 theologi

2006 2594 2211 2634 omnes
2241 2595 2307 2634 ex
2340 2579 2515 2635 rebus
2546 2595 2673 2649 quae
2705 2578 2806 2635 Dei
2837 2578 3060 2645 sunt,id
3091 2583 3181 2634 est
3211 2595 3279 2634 ex
3308 2580 3438 2650 ejus
3464 2595 3659 2637 essen-

2005 2667 2108 2733 tia,
2135 2684 2251 2723 non
2284 2668 2503 2723 audent
2530 2668 2727 2739 ipsum
2759 2667 3023 2733 laudare,
3058 2667 3271 2739 ignotae
3298 2668 3457 2723 enim
3492 2672 3655 2735 sunt,

2005 2756 2106 2812 sed
2135 2772 2202 2811 ex
2232 2757 2362 2827 ejus
2394 2772 2670 2829 processu
2702 2757 2774 2812 ad
2807 2760 2987 2823 extra,
3013 2757 3111 2827 qui
3146 2761 3237 2812 est
3265 2756 3655 2828 providentia,

2004 2846 2246 2916 eﬂectus,
2268 2846 2322 2900 id
2359 2850 2447 2901 est
2476 2863 2603 2917 quae
2634 2862 2700 2901 eo
2730 2850 2969 2902 auctore
2994 2845 3349 2909 consistunt,
3364 2845 3465 2901 Dei
3498 2846 3655 2902 circa

2005 2933 2205 2989 omnia
2231 2933 2657 3005 providentiam
2709 2934 3050 3006 praedicant.
3097 2934 3309 2989 Omnia
3358 2934 3653 3005 siquidem

2005 3023 2262 3078 divinam
2294 3023 2718 3095 providentiam
2752 3027 3055 3095 appetunt,
3090 3038 3194 3095 per
3225 3039 3401 3095 quam
3432 3027 3572 3080 sunt
3600 3028 3657 3079 et

2006 3112 2359 3183 consistunt,
2392 3112 2785 3183 intelligentia
2814 3118 2871 3167 et
2900 3112 3342 3183 rationalia,per
3372 3112 3655 3184 cognitio-

2006 3218 2162 3270 nem;
2185 3200 2577 3273 intelligentia
2602 3216 2734 3257 vero
2768 3200 3047 3257 dicuntur
3076 3216 3225 3273 quae,
3252 3200 3467 3257 idcirco
3499 3200 3655 3272 quod

2004 3294 2230 3346 mentes
2262 3290 2402 3358 sint,
2434 3288 2828 3360 intelligibilia
2859 3306 3039 3360 supra
3085 3305 3147 3345 se
3199 3287 3390 3360 posita
3435 3288 3657 3344 intelli-

2005 3385 2172 3452 gunt;
2205 3378 2572 3450 intelligibile
2603 3378 2760 3435 enim
2793 3383 2882 3434 est
2910 3379 3067 3449 quod
3100 3377 3473 3449 intelligitur,
3499 3378 3651 3450 quod

2006 3469 2184 3524 etiam
2252 3472 2342 3523 est
2406 3467 2571 3523 cibus
2637 3470 2824 3541 νοεροῦ
2895 3465 3325 3538 (intelligentis)
3392 3483 3495 3538 pro
3554 3464 3654 3519 τοῦ

2006 3559 2282 3617 νοοῦντος.
2316 3559 2450 3622 Quae
2505 3557 2707 3628 igitur,
2758 3555 2895 3627 quia
2944 3554 3334 3627 intelligentia
3378 3559 3539 3623 sunt,
3591 3559 3656 3611 ut

2009 3650 2237 3702 mentes
2263 3644 2618 3715 intelligunt,
2650 3644 2875 3714 eadem,
2904 3660 3034 3699 cum
3066 3644 3187 3700 sint
3216 3643 3655 3716 rationalia,per

2010 3734 2401 3807 cognitionem
2432 3734 2644 3789 divinae
2676 3733 3049 3805 providentia
3088 3732 3474 3806 intelligentia
3514 3750 3649 3789 cum

2011 3824 2386 3896 proportione
2416 3824 2602 3879 Deum
2632 3827 2919 3895 appetunt
2957 3840 2971 3879 :
3024 3839 3151 3894 quae
3205 3839 3339 3879 vero
3388 3823 3667 3879 inferiora

2011 3918 2151 3969 sunt
2175 3912 2661 3983 intelligentibus;
2694 3917 2750 3968 et
2779 3916 2920 3969 sunt
2967 3912 3165 3967 anima
3210 3911 3469 3982 sensilis,
3518 3914 3666 3969 fera-

2010 4002 2624 4074 rum,inquam,atque
2658 4002 2925 4056 omnium
2982 4000 3379 4056 animatorum
3428 4001 3665 4072 quidem

2012 4108 2322 4164 corporum
2354 4093 2452 4147 sed
2495 4089 2948 4155 irrationalium,
3002 4075 3253 4159 quorum
3304 4090 3503 4145 anima
3550 4088 3666 4146 ele-

2016 4181 2230 4237 mentis
2261 4185 2317 4235 et
2349 4179 2602 4235 naturali
2634 4179 2768 4251 igne
2799 4182 3052 4245 constat,
3102 4178 3162 4232 in
3214 4180 3430 4249 spiritu
3488 4186 3671 4235 mate-

2016 4270 2145 4325 riali
2194 4270 2410 4325 habent
2457 4284 2620 4335 esse;
2664 4267 2788 4323 haec
2822 4266 3015 4322 solum
3050 4284 3117 4321 ex
3149 4282 3325 4321 sensu
3360 4267 3668 4337 compulsa

2017 4361 2084 4414 ad
2136 4358 2514 4413 esuriendum
2569 4361 2627 4411 et
2684 4356 3029 4425 siliendum,
3080 4354 3289 4410 merito
3338 4355 3676 4411 desiderant

2017 4447 2219 4503 sensili
2253 4447 2423 4501 modo
2454 4462 2587 4502 eum
2618 4446 2718 4516 qui
2753 4444 3101 4516 praebeat,ut
3132 4444 3275 4499 illud
3310 4444 3625 4515 Scriptura:
3654 4461 3667 4501 :

2019 4536 2223 4591 Omnia
2252 4543 2364 4591 ate
2412 4538 2725 4606 exspectant
2770 4538 2831 4588 ut
2877 4533 2970 4590 des
3022 4532 3145 4588 illis
3194 4550 3374 4590 escam
3424 4534 3669 4605 ipsorum

252 4632 349 4700 τὴν
384 4629 620 4705 φυτικὴν
659 4624 777 4696 ἤτοι
813 4627 1046 4696 ζωτικὴν
1097 4626 1265 4699 μόνην
1316 4626 1653 4697 ἀναισθήτως
1709 4647 1768 4681 τε
1823 4641 1904 4694 καῖ

2022 4628 2085 4681 in
2110 4628 2350 4696 tempore
2370 4634 2676 4696 Opportuna
2699 4621 3027 4694 (f).Similia
3048 4639 3280 4694 quoque
3304 4622 3489 4680 multa
3510 4639 3673 4695 repe-

254 4719 489 4794 ἀψύχως
522 4712 639 4792 ἔχει
670 4714 904 4786 κίνησιν,
935 4716 1008 4775 ὡς
1038 4714 1106 4768 τὰ
1146 4715 1285 4791 φυτά
1326 4713 1497 4769 πάντα
1546 4715 1637 4769 καὶ
1688 4714 1907 4790 βοτάναι

252 4813 443 4879 πᾶσαι,
501 4807 658 4860 ἅτινα
712 4805 803 4858 καὶ
864 4802 1091 4872 ζωτικὸν
1148 4806 1359 4876 πνεῦμα
1428 4802 1591 4876 μόνον
1648 4809 1906 4859 συνιστῶν

254 4893 472 4973 ἔχουσι,
503 4895 602 4963 τὴν
664 4893 866 4948 ἑαυτῶν
928 4890 1109 4946 οὐσίαν
1167 4890 1287 4948 ἄνευ
1338 4891 1663 4963 αἰσθήσεως,
1719 4893 1794 4954 ὡς
1845 4894 1914 4947 τὰ

259 4984 453 5057 δένδρα
500 4984 694 5051 πάντα,
727 4982 801 5043 ὡς
846 4978 1080 5055 εἷ’ρηται,
1137 4981 1228 5035 καὶ
1276 4980 1344 5036 τὰ
1388 4985 1613 5035 τοιαῦτα
1659 4983 1795 5036 κατὰ
1849 4982 1913 5037 τὸ

258 5072 713 5147 ἀποξηραίνεσθαι
753 5074 852 5126 τοῦ
910 5074 1137 5149 φυτικοῦ
1195 5070 1506 5142 πνεύματος
1562 5070 1914 5155 στερούμενα,

259 5161 325 5219 δι’
386 5164 449 5219 οὗ
508 5165 783 5217 κινοῦνται
838 5160 974 5235 πρὸς
1040 5156 1203 5230 αὔξην
1276 5159 1365 5216 καὶ
1444 5158 1765 5223 εὐθάλειαν·
1830 5158 1918 5216 διὰ

261 5257 417 5308 τοῦτο
470 5250 622 5307 δοκεῖ
667 5250 756 5305 καὶ
805 5253 970 5303 ταῦτα
1030 5247 1266 5325 ἐφίεσθαι
1307 5254 1408 5317 τῆς
1440 5247 1586 5312 θείας
1636 5248 1917 5324 προνοίας,

266 5340 342 5419 ἐφ’
398 5342 444 5413 ᾧ
504 5339 595 5395 καὶ
655 5338 965 5393 συνεστάναι
1020 5336 1109 5391 καὶ
1168 5338 1347 5401 ἀνθεῖν
1384 5356 1395 5368 ·
1430 5335 1547 5400 ὅθεν
1607 5338 1698 5392 καὶ
1754 5342 1920 5393 ταῦτα

263 5424 749 5507 παραλαμϐάνεται
780 5425 833 5482 ἐν
863 5430 943 5498 τῷ
975 5427 1105 5501 ρμη¹
1149 5422 1379 5499 ψαλμῷ,
1408 5425 1575 5481 αἰνεῖν
1621 5425 1713 5480 τὸν
1765 5428 1918 5497 Θεὸν,

265 5515 349 5575 διὰ
374 5526 476 5590 τῆς
504 5516 672 5574 αότοῦ
703 5514 1029 5578 συστάσεως.
1063 5514 1299 5589 Μετέχει
1332 5512 1425 5570 οῦν
1456 5516 1541 5569 καὶ
1596 5519 1765 5570 ταῦτα
1820 5522 1921 5585 τῆς

323 5740 394 5813 (e)
427 5739 543 5795 Isa.
580 5753 731 5793 LXVI.
766 5736 827 5805 l;
859 5738 987 5793 Aet.
1020 5751 1125 5801 vn,
1156 5735 1245 5790 49.
1322 5734 1395 5805 (f)
1426 5734 1578 5791 Psal.
1608 5751 1731 5801 om,
1762 5734 1856 5793 27.

2020 4717 2133 4771 ries
2164 4715 2222 4769 in
2253 4715 2363 4769 Job
2394 4718 2451 4769 et
2479 4713 2713 4769 Davide.
2750 4713 2928 4767 Porro
2961 4710 3080 4768 alia
3129 4728 3257 4783 quae
3310 4710 3493 4767 solam
3545 4727 3671 4766 cre-

2017 4804 2221 4862 scendi
2251 4820 2351 4859 seu
2382 4802 2612 4858 vivendi
2643 4801 2967 4857 eﬂ'ectivam
3001 4801 3129 4855 sine
3162 4817 3338 4856 sensu
3368 4804 3425 4855 et
3471 4799 3672 4855 anima

2022 4895 2340 4950 motionem
2373 4892 2612 4960 habent,
2658 4890 2813 4946 sicut
2862 4890 3076 4958 plantae
3125 4905 3331 4945 omnes
3378 4897 3436 4943 et
3483 4888 3675 4944 herbas

2023 4982 2332 5048 universae,
2366 4996 2494 5051 quae
2528 4977 2761 5034 vitalem
2795 4977 3071 5049 spiritum
3104 4977 3298 5032 solum
3351 4978 3678 5032 consisten-

2023 5078 2143 5127 tem
2166 5069 2401 5135 babent,
2426 5084 2591 5123 suam
2617 5066 2937 5123 essentiam
2956 5065 3082 5121 sine
3106 5080 3310 5129 sensu,
3344 5068 3408 5119 ut
3438 5064 3677 5120 arbores

2026 5175 2248 5225 omnes,
2281 5158 2435 5213 sicut
2464 5158 2689 5211 dictum
2721 5160 2831 5223 est,
2864 5160 2920 5210 et
2967 5152 3212 5224 similia,
3260 5168 3395 5210 cum
3445 5170 3677 5210 exares-

2027 5253 2186 5317 cunt,
2215 5247 2537 5320 vegetativo
2580 5245 2883 5318 privantur
2935 5242 3169 5314 spiritu,
3226 5258 3329 5313 per
3376 5260 3550 5318 quem
3604 5242 3677 5299 ad

2028 5336 2417 5393 accretionem
2448 5340 2505 5391 et
2534 5332 3021 5406 germinationem
3074 5330 3496 5403 impelluntur;
3549 5332 3679 5387 ideo

2030 5427 2151 5482 haec
2172 5442 2407 5499 quoque
2436 5423 2709 5479 videntur
2739 5422 2887 5478 105
2942 5420 3203 5475 divinam
3256 5420 3680 5492 providentiam

2032 5519 2393 5587 expetere,ut
2423 5513 2752 5566 consistant
2782 5514 2839 5565 et
2869 5510 3130 5579 ﬂoreant,
3165 5510 3321 5565 unde
3349 5511 3523 5565 etiam
3560 5509 3683 5563 haec
