4080 6366
394 418 498 475 207

1209 416 1573 470 APPENDIX
1609 417 1708 467 AD
1746 414 1989 467 OPERA
2027 413 2087 463 Β.
2127 409 2444 463 DIONYSII
2483 410 2984 465 AREOPAGITE.

3704 410 3810 469 208

395 546 783 599 assumuntur
813 540 871 594 in
900 538 1136 595 Psalmo
1169 554 1401 603 CXLVIII,
1438 537 1507 591 ad
1558 540 1739 590 Deum
1798 532 2045 587 laudan-

2180 528 2367 605 ὶφάτου
2420 530 2700 603 προνοίας,
2738 528 2883 585 ἀλλά
2938 531 3073 587 κατὰ
3129 531 3293 604 μόνον
3343 533 3406 587 τὸ
3465 537 3583 607 ζῇν,
3617 533 3669 587 si
3722 536 3812 589 καὶ

396 634 537 688 dum
572 633 807 703 propter
836 629 1097 699 ipsorum
1133 626 1597 681 consistentiam.
1632 626 1820 693 Atque
1867 619 2043 674 etiam

393 722 515 777 haec
545 719 900 792 participant
927 716 1283 772 ineffabilem
1335 712 1787 786 providentiam,
1836 709 1935 764 sed
1988 708 2044 760 in

392 810 514 868 solo
536 810 745 874 vivere,
777 808 884 863 etsi
926 807 1052 862 sine
1094 805 1291 859 anima
1329 809 1387 859 et
1428 818 1603 858 sensu
1635 806 1693 855 et
1721 798 2046 854 secundum

394 897 756 955 habitualem
788 895 1201 968 aptitudinem,
1228 909 1356 964 quzr
1387 897 1478 947 est
1508 888 1835 963 proprietas
1864 886 2048 941 virtu-

396 988 494 1043 tis.
529 987 776 1042 Habitus
808 986 960 1041 enim
994 984 1209 1038 dicitur
1240 981 1498 1053 qualitas
1546 980 1903 1043 immanens,
1956 990 2049 1029 se-

396 1077 657 1132 cundum
691 1089 867 1146 quam
901 1072 1268 1128 affectionem
1310 1073 1367 1124 et
1396 1068 1671 1121 virtutem
1705 1064 1925 1136 aliquid
1959 1063 2051 1117 di-

394 1166 547 1220 citur
577 1162 783 1235 quale;
808 1163 978 1233 juxta
1008 1160 1165 1214 hunc
1199 1159 1381 1229 igitur
1426 1156 1719 1220 habitum,
1767 1153 1896 1207 vita:
1946 1168 2053 1205 na-

392 1252 602 1309 turalis
624 1252 694 1307 ad
718 1249 1104 1306 accretionem
1121 1251 1348 1301 tantum
1365 1249 1423 1299 et
1438 1244 1756 1299 motionem
1776 1258 1841 1295 su
1853 1241 2051 1294 bstan-

2158 616 2386 691 ἀψύγως
2411 617 2501 673 καὶ
2550 619 2910 689 ἀναισθήτως,
2940 620 3031 675 καὶ
3088 622 3223 674 κατὰ
3270 622 3369 689 τὴν
3428 620 3644 691 ἐκτικὴν
3695 622 3811 677 ἑπι-

2155 703 2507 778 τηδειότητα,
2560 706 2683 775 ἥτις
2736 707 2878 762 ἐστὶν
2930 707 3141 779 ἰδιότης
3183 716 3283 779 τῆς
3344 707 3626 783 δυνάμεως
3659 730 3672 742 ·
3704 709 3812 783 ἕξις

2156 795 2255 869 γὰρ
2290 793 2503 870 λέγεται
2537 799 2570 865 ἡ
2604 791 2846 870 ἔμμονος
2894 797 3146 869 ποιότης,
3186 800 3303 862 καθ’
3334 801 3393 867 ἣν
3439 798 3672 865 διάθεσιν
3722 801 3811 855 καὶ

2161 880 2389 954 δύναμιν
2417 886 2572 939 ποιόν
2605 906 2655 938 τι
2693 886 2908 959 λέγεται
2946 904 2958 916 ·
2992 888 3129 941 κατὰ
3171 886 3371 958 ταύτην
3419 887 3509 942 οὖν
3556 890 3655 957 τήν
3703 887 3812 962 ἴξιν

2158 978 2256 1039 τῆς
2314 980 2543 1046 φυτικῆς
2600 980 2745 1043 ζωῆς
2803 973 2879 1035 εἷς
2936 972 3155 1046 αὔξησιν
3225 976 3314 1031 καὶ
3372 976 3582 1048 κίνησιν
3647 978 3809 1051 μόνον

2165 1061 2464 1135 μετέχοντα
2518 1060 2833 1125 οὐσιοειδῶς
2891 1084 2949 1117 τε
3000 1063 3089 1118 καὶ
3147 1063 3396 1134 ἑκτικῶς,
3456 1066 3684 1141 ἀψύχως
3756 1064 3815 1121 δὲ

2161 1150 2251 1203 καὶ
2319 1149 2683 1221 ἀναισθήτως,
2744 1149 2956 1227 λέγεται
3027 1152 3264 1231 ἐφίεσθαι
3326 1162 3427 1225 τῆς
3482 1155 3816 1229 ἀγαθότητος

2161 1242 2259 1292 τοῦ
2291 1242 2444 1293 Θεοῦ.

392 1341 609 1397 tialiter
640 1343 696 1393 et
746 1334 1140 1401 habitualiter,
1192 1335 1293 1389 sed
1340 1332 1466 1387 sine
1515 1330 1712 1385 anima
1760 1334 1817 1384 et
1865 1343 2041 1383 sensu
2083 1327 2517 1399 participantia,
2553 1329 2831 1385 dicuntur
2863 1331 2959 1386 Dei
3007 1331 3332 1387 bonitatem
3365 1333 3648 1405 (divinam
3678 1350 3812 1406 pro—

392 1429 736 1497 videntiam)
767 1426 1120 1482 desiderare.

466 1518 845 1587 lntettigentia
869 1514 1108 1586 quidem.
1130 1510 1522 1582 Intelligentia
1543 1510 1803 1581 quidem,
1831 1505 2053 1577 angeli-

397 1626 523 1666 cam
555 1612 852 1671 naturam;
878 1600 1187 1659 rationalia
1216 1616 1351 1656 vero
1383 1599 1704 1653 humanam
1739 1596 1879 1650 dicit
1912 1611 1924 1648 :
1960 1593 2054 1649 his

396 1702 591 1754 autem
618 1688 1432 1764 subjecta,irrationalem,cui
1452 1686 1669 1743 sensile
1698 1689 1928 1741 tantum
1962 1686 2051 1738 in-

396 1792 487 1843 est
521 1804 534 1841 :
568 1785 816 1855 ideoque
846 1778 1122 1849 αἰσθητῶς
1147 1778 1313 1845 dixit,
1346 1777 1400 1831 id
1438 1780 1526 1831 est
1574 1775 1749 1829 modo
1804 1771 2008 1829 sensili
2036 1792 2049 1840 ;

397 1880 602 1931 caetera
630 1876 845 1937 autem,
869 1869 1092 1925 scilicet
1122 1866 1357 1938 plantae,
1390 1869 1446 1919 et
1476 1862 1675 1919 omnia
1706 1862 1969 1918 inanima
1999 1866 2056 1915 et

396 1960 877 2029 immobilia,haac
907 1958 1146 2028 quidem
1180 1955 1263 2010 ait
1294 1954 1622 2009 secundum
1655 1949 1888 2006 vitalem
1924 1966 2052 2004 mo-

2230 1506 2305 1558 Τὰ
2363 1506 2457 1577 μὲν
2516 1508 2693 1579 νοερά.
2727 1507 2907 1583 Νοερὰ
2968 1508 3064 1580 μὲν
3123 1509 3223 1577 τὴν
3264 1507 3557 1585 ἀγγελικὴν
3610 1510 3767 1585 φύσιν
3801 1529 3815 1543 ⁶

2163 1595 2363 1670 λογικὰ
2393 1593 2448 1649 δὲ
2477 1598 2578 1665 τὴν
2605 1597 2950 1673 ἀνθρωπίνην
2992 1599 3123 1676 φησί
3150 1617 3165 1632 ⁸
3195 1599 3262 1654 τὰ
3311 1597 3367 1655 δὶ
3412 1601 3618 1655 τούτων
3674 1601 3819 1679 ὑφει-

2167 1684 2315 1757 μὲνα,
2346 1685 2447 1751 τήν
2500 1683 2723 1760 ἄλογον,
2747 1688 2891 1757 ᾗτινι
2951 1686 3117 1760 μόνον
3172 1688 3235 1743 τὸ
3292 1689 3608 1759 αἶ’σθητικὸν
3642 1691 3817 1766 πρόσι

2163 1794 2296 1831 εστι.
2331 1770 2416 1827 διὸ
2462 1774 2552 1828 καὶ
2608 1774 2883 1845 αῗσθητῶς
2940 1777 3074 1844 εἶπε,
3099 1778 3373 1832 τουτέστιν
3432 1777 3766 1849 αἰσθητικῶς
3803 1798 3814 1810 ·

2160 1864 2227 1916 τὰ
2283 1860 2339 1916 δὲ
2398 1862 2563 1931 ἄλλα,
2596 1861 2762 1939 ἤγουν
2811 1864 2879 1919 τὰ
2936 1886 3094 1943 φυτα,
3127 1867 3213 1920 καὶ
3257 1865 3356 1921 ὅσα
3402 1868 3578 1938 πάντη
3634 1865 3820 1942 ἄψυχα

2160 1949 2249 2003 καὶ
2281 1950 2527 2022 ἀκίνητα,
2559 1955 2626 2007 τὰ
2658 1955 2754 2025 μὲν
2795 1975 2927 2029 φησι
2959 1957 3096 2010 κατὰ
3142 1956 3241 2023 τήν
3295 1956 3528 2024 ζωτικὴν
3581 1956 3817 2027 κίνησιν,

397 2054 641 2118 tionem,
678 2050 733 2103 id
786 2051 874 2102 est
926 2045 1263 2100 nutritivam
1317 2048 1372 2095 et
1421 2046 1882 2106 accrescentem;
1934 2038 2056 2092 haec

2180 2041 2405 2094 τουτέστι
2437 2043 2533 2110 τήν
2568 2044 2860 2113 θρεπτικήν
2892 2064 2951 2097 τε
2980 2044 3068 2097 καὶ
3111 2043 3405 2114 αὐξητικήν
3436 2064 3449 2077 ⁸
3496 2049 3664 2098 ταῦτα
3712 2044 3818 2119 γὰρ

403 2141 559 2195 enim
614 2137 789 2192 etiam
853 2135 909 2188 in
966 2132 1182 2203 plantis
1242 2131 1478 2197 insunt;
1528 2129 1790 2183 inanima
1836 2132 2054 2192 autem,

401 2247 467 2285 eo
500 2226 653 2299 quod
687 2226 746 2278 in
781 2240 842 2278 se
884 2221 1029 2293 ipsis
1077 2220 1333 2274 habeant
1382 2217 1650 2273 absolute
1698 2233 1827 2271 esse
1882 2232 1894 2269 :
1951 2214 2059 2268 hoc

402 2316 695 2388 siquidem
727 2312 1074 2368 essentialem
1107 2315 1157 2364 et
1194 2308 1532 2363 habitualem
1559 2306 1949 2378 aptitudinem
1972 2321 2060 2359 vo-

405 2406 575 2462 cavit.

484 2496 546 2552 Ut
573 2501 866 2550 aeternum.
902 2490 1041 2545 Vide
1074 2486 1370 2559 quomodo
1404 2484 1707 2558 perspicue
1738 2499 1807 2539 ex
1837 2482 2060 2537 effecti-

408 2585 521 2640 bus
562 2587 619 2639 et
668 2579 977 2645 creaturis,
1032 2591 1376 2647 supremum
1434 2574 1698 2629 omnium
1754 2571 1997 2626 laudant
2046 2586 2060 2626 :

418 2680 695 2731 aeternum
726 2669 963 2740 quidem
993 2666 1197 2720 dicunt
1217 2679 1351 2719 eum
1384 2662 1483 2733 qui
1516 2660 1727 2716 saecula
1756 2659 1990 2726 creavit;
2009 2664 2067 2714 et

422 2777 625 2833 reapse
656 2763 747 2815 est
777 2752 1391 2824 aeternitas,siquidem
1426 2752 1551 2822 ipse
1582 2754 1669 2805 est
1699 2750 1750 2804 is
1782 2748 1878 2820 qui
1907 2764 2062 2803 sem-

419 2869 522 2925 per
551 2845 964 2914 exsistit,unde
993 2848 1050 2897 et
1083 2841 1376 2897 aeternitas
1406 2838 1766 2903 nominatur;
1786 2843 2064 2892 aeternum

419 2945 617 2996 autem
649 2940 759 3001 est,
791 2951 906 2989 non
934 2934 1063 3003 ipsa
1092 2928 1405 2991 aeternitas,
1436 2928 1535 2983 sed
1569 2926 1722 2998 quod
1775 2925 2064 2980 aeternita-

416 3034 534 3084 tem
568 3024 879 3099 participat
912 3040 924 3076 :
955 3024 1129 3091 atque
1161 3017 1341 3073 Isaias
1374 3016 1514 3069 dicit
1545 3032 1559 3069 ε
1594 3016 1730 3070 Deus
1777 3016 2061 3085 sempiter-

415 3133 521 3173 nus
553 3114 649 3188 qui
675 3113 881 3168 creavit
910 3110 1177 3165 terminos
1201 3112 1371 3162 terra?
1401 3105 1498 3175 (g);
1537 3110 1687 3159 Deus
1719 3108 1911 3159 autem
1945 3119 2062 3159 non

414 3210 504 3261 est
531 3202 817 3276 posterior
845 3197 1184 3264 aeternitate,
1211 3200 1273 3250 ut
1303 3194 1478 3250 etiam
1511 3194 1582 3249 de
1615 3209 1684 3249 ea
1715 3192 2059 3265 participet;

414 3296 515 3351 sed
550 3290 892 3350 saeculorum
923 3290 1167 3343 creator.

490 3384 555 3439 Ut
602 3398 713 3437 non
758 3374 1509 3468 senescentem._Secun_dum
1545 3371 1735 3468 illud:
1773 3373 1844 3425 Tu
1872 3373 2061 3425 autem
2091 3402 2133 3468 α

415 3472 557 3527 idem
592 3472 707 3542 ipse
735 3486 808 3535 es,
840 3471 892 3523 et
922 3466 1060 3520 anni
1088 3465 1173 3518 tui
1202 3478 1310 3516 non
1339 3461 1593 3531 deﬁcient
1624 3461 1726 3532 (Ιι).

492 3562 553 3618 Ut
583 3562 643 3615 in
675 3574 821 3613 aura
851 3557 1022 3611 tenui.
1060 3554 1176 3607 Hoc
1210 3556 1319 3619 est,
1356 3551 1505 3622 quod
1543 3550 1759 3604 dicitur
1788 3548 1847 3604 in
1897 3547 2062 3603 libris

418 3651 667 3721 Regum,
696 3663 809 3702 non
836 3648 897 3700 in
927 3644 1281 3699 commotione
1314 3642 1581 3695 Dominus
1627 3639 1712 3710 (i),
1765 3654 1954 3708 neque
2001 3638 2062 3692 in

418 3740 573 3793 nube
624 3735 811 3791 adfuit
858 3732 1163 3796 Dominus,
1217 3734 1280 3783 ut
1328 3727 1668 3798 loqueretur
1700 3726 1853 3791 Elim,
1882 3726 1975 3781 sed
2005 3727 2065 3779 in

414 3827 580 3883 sibilo
611 3840 765 3879 aurae
796 3822 967 3889 tenui,
1000 3824 1165 3873 vocat
1187 3816 1469 3871 Dominus
1503 3834 1514 3870 :
1544 3816 1653 3870 hoc
1678 3832 1844 3885 porro
1875 3820 2066 3870 osten-

418 3915 524 3982 dit,
545 3930 677 3970 eum
703 3912 893 3966 dicere
916 3909 1096 3963 Deum
1122 3922 1251 3961 esse
1273 3922 1505 3976 quoque
1530 3906 1585 3957 in
1610 3903 1980 3975 corpore,qui
2003 3903 2061 3956 in

415 4004 689 4060 omnibus
712 3994 1327 4069 incomprehensibilis
1350 3993 1711 4064 est;spiritus
1732 3992 1887 4047 enim
1912 3992 2062 4047 etab

414 4093 691 4148 omnibus
740 4086 1214 4144 communicatur
1253 4089 1309 4137 et
1340 4089 1427 4137 est
1458 4083 1512 4135 in
1547 4082 1845 4147 omnibus,
1879 4096 2065 4149 neque

414 4183 487 4237 ab
519 4180 638 4236 ullo
671 4174 1211 4250 comprehenditur,
1244 4173 1400 4228 sicut
1424 4172 1601 4227 etiam
1653 4170 1937 4225 Dominus
1983 4170 2065 4224 ait

412 4272 470 4326 in
528 4267 859 4341 Evangeliis
918 4283 931 4321 :
992 4264 1234 4336 Spiritus
1306 4269 1382 4317 est
1458 4263 1641 4321 Deus;
1698 4264 1753 4314 et
1808 4273 1896 4314 eos
1966 4261 2065 4328 qui

409 4359 646 4416 adorant
696 4374 843 4428 eum,
893 4358 955 4410 in
1001 4353 1201 4425 Spiritu
1250 4361 1308 4406 et
1357 4352 1599 4405 veritate
1656 4354 1868 4420 oportet
1925 4350 2061 4403 ado-

408 4465 549 4504 rare
581 4448 677 4519 (με).

481 4536 635 4591 106
688 4537 750 4589 Et
792 4534 1024 4587 nomine
1072 4546 1288 4586 carere.
1338 4529 1604 4584 Nominis
1653 4526 2058 4599 privationem,

411 4624 550 4696 quia
581 4630 671 4679 est
717 4622 937 4687 omnia,
987 4625 1043 4675 et
1094 4619 1239 4674 nihil
1294 4624 1380 4673 est
1431 4633 1629 4673 eorum
1693 4633 1822 4689 quin
1884 4622 2057 4683 sunt;

411 4714 511 4769 sed
545 4712 745 4768 omnia
768 4728 838 4767 ex
878 4710 1005 4781 ipso
1056 4714 1214 4779 sunt,
1272 4708 1425 4762 sicut
1472 4707 1598 4777 ipse
1646 4706 1907 4777 seipsum
1959 4720 2059 4759 ex-

406 4802 587 4874 plicat
616 4802 701 4874 (ι).

483 4894 545 4949 Ut
597 4889 897 4963 principio.
953 4886 1244 4958 Principio
1296 4886 1556 4957 quidem,
1606 4889 1673 4939 ut
1722 4885 1875 4955 quod
1930 4901 2060 4940 esse

406 4982 687 5052 praebeat;
725 4982 839 5034 line
870 4982 1066 5034 autem
1103 4982 1167 5031 ut
1196 4976 1347 5046 quod
1383 4974 1441 5029 in
1475 4991 1603 5029 esse
1633 4978 1955 5028 conservet.

476 5158 675 5213 Omnia
704 5158 762 5212 in
794 5156 1063 5213 omnibus.
1099 5153 1308 5209 Omnia
1339 5156 1533 5208 autem
1567 5167 1694 5222 quae
1726 5156 1883 5221 sunt,
1916 5151 2056 5222 quia

400 5262 470 5302 ex
502 5246 630 5318 ipso
664 5250 804 5302 sunt
833 5246 1049 5303 omnia.

472 5426 551 5499 (g)
582 5425 694 5483 Isa.
726 5440 817 5493 ιι,
849 5426 938 5480 28.
1018 5424 1099 5494 (Ιι)
1133 5420 1283 5477 Psal.
1318 5436 1394 5490 cr,
1425 5419 1514 5475 28.

1593 5419 1655 5490 (ἰ)
1688 5418 1764 5474 ΙΙΙ
1796 5422 1933 5491 Reg.
1965 5435 2085 5485 χιχ,
2118 5417 2208 5485 Η,
2284 5415 2361 5487 (k)
2389 5416 2560 5472 Joan.
2593 5428 2672 5479 Iv,
2700 5412 2791 5471 24.

2171 2124 2236 2195 δὴ
2272 2126 2321 2181 ἐν
2354 2133 2470 2191 τοῖς
2501 2135 2688 2206 φυτοῖς
2720 2130 2964 2203 πρόσεισι
3002 2150 3013 2161 ·
3047 2131 3113 2185 τὰ
3143 2128 3199 2185 δὲ
3228 2128 3413 2208 ἄψυχα
3444 2130 3496 2186 ἐν
3546 2131 3624 2204 τῷ
3672 2129 3821 2206 ἔχειν

2170 2216 2221 2269 ἐν
2251 2217 2461 2279 ἑαυτοῖς
2492 2219 2554 2271 τὸ
2604 2217 2749 2280 ὅλως
2802 2220 2933 2273 εἶναι
2966 2238 2978 2251 ·
3012 2223 3173 2274 τοῦτο
3211 2222 3310 2297 γὰρ
3373 2222 3513 2276 εἶπεν
3574 2218 3814 2290 οὐσιώδη

2169 2305 2257 2359 καὶ
2286 2304 2501 2375 ἐκτικήν
2536 2305 2976 2378 ἐπιτηδειότητα.

2242 2485 2331 2545 Ὡς
2393 2484 2635 2539 αἰώνιον.
2677 2487 2818 2557 ’Όρα
2874 2490 2991 2546 πῶς
3048 2490 3231 2563 σαφῶς
3286 2485 3345 2541 ἐκ
3400 2491 3506 2541 τῶν
3567 2488 3823 2542 αἲτιατῶν

2170 2573 2260 2626 καὶ
2310 2577 2541 2627 κτιστῶν
2601 2574 2690 2628 τὸν
2751 2575 2999 2629 ἁπάντων
3054 2574 3328 2630 ἀνώτατον
3370 2575 3773 2651 ὑμνολογοῦσιν
3810 2587 3825 2607 ‘

2172 2661 2391 2715 αἰώνιον
2456 2662 2551 2735 μὲν
2579 2664 2620 2699 ⁸¹
2671 2684 2797 2739 φασι
2855 2664 2947 2717 τὸν
2999 2668 3104 2718 τῶν
3166 2664 3379 2719 αἰώνων
3439 2666 3825 2735 ποιητὴν,καὶ

2170 2754 2249 2821 τῷ
2300 2746 2414 2804 ὄντι
2473 2750 2659 2819 αἰῶνα,
2695 2748 2806 2825 εἷ’γε
2837 2752 2864 2805 6
2896 2750 2977 2805 ἀεὶ
3037 2748 3110 2805 ὢν
3172 2751 3335 2815 αὐτός
3367 2753 3532 2825 ἐστιν,
3566 2753 3685 2816 ὅθεν
3734 2754 3824 2808 καὶ

2173 2838 2303 2892 αἰὼν
2338 2838 2574 2913 λέγεται,
2598 2838 2819 2893 αἶ’ώνιον
2856 2837 2912 2894 δέ
2943 2839 3081 2895 ἐστιν
3114 2840 3215 2896 οὐκ
3243 2842 3401 2905 αὐτὸς
3436 2844 3463 2897 6
3491 2842 3645 2908 αἰὼν,
3678 2840 3825 2898 ἀλλὰ

2171 2927 2233 2982 τὸ
2290 2927 2485 2989 uicino:
2545 2928 2773 3002 μετέχον
2811 2947 2823 2959 ·
2856 2929 2944 2982 καὶ
3003 2933 3130 3004 γοῦν
3186 2952 3347 3007 φησιν
3400 2933 3426 2986 6
3455 2929 3675 2992 Ἡσαΐας
3708 2951 3721 2964 ·
3755 2932 3816 2987 Ὁ

2174 3016 2301 3079 Θεὸς
2332 3018 2359 3070 6
2392 3016 2611 3077 αἰώνιος
2643 3018 2669 3071 ὁ
2700 3019 3097 3079 κατασκευάσας
3125 3020 3192 3073 τὰ
3224 3020 3358 3094 ἄκρα
3386 3027 3487 3089 τῆς
3518 3027 3620 3093 γῆς
3650 3038 3664 3050 °
3701 3021 3728 3073 6
3760 3016 3816 3073 δὲ

2173 3106 2301 3167 Θεὸς
2361 3104 2421 3157 οὐ
2482 3102 2730 3177 δεύτερός
2788 3105 2898 3159 ἐστι
2951 3105 3046 3160 τοῦ
3094 3106 3435 3177 αἱῶνος,’ίνα
3485 3110 3574 3164 καὶ
3608 3106 3813 3183 μετέχῃ

2172 3193 2357 3265 αὐτοῦ,
2389 3191 2515 3247 ἀλλ’
2548 3192 2762 3248 άῖώνων
2792 3196 3048 3265 ποιητής.

2241 3284 2327 3343 Ὠς
2359 3281 2568 3356 ἀγήρω.
2602 3282 2747 3337 Κατὰ
2773 3283 2835 3337 τό
2871 3302 2884 3315 ’
2924 3283 2996 3337 Σὺ
3030 3283 3087 3337 δὲ
3119 3284 3147 3338 6
3179 3285 3341 3348 αὐτὸς
3374 3287 3436 3354 εἶ,
3469 3285 3557 3341 καὶ
3607 3286 3675 3341 τὰ
3721 3282 3811 3355 ἔτη

2174 3374 2267 3424 σοῦ
2295 3370 2392 3424 οὐκ
2416 3369 2777 3444 ἐκλείψουσιν.

2241 3549 2329 3610 Ὡς
2358 3547 2408 3600 ἐν
2442 3545 2596 3623 αὔρᾳ.
2624 3544 2793 3602 Τοῦτό
2825 3548 2937 3604 ἐστι
2965 3549 3028 3604 τὸ
3060 3549 3347 3626 εἰρημένον
3390 3551 3441 3607 ἐν
3485 3552 3820 3622 Βασιλείαις,

2172 3638 2255 3691 ὅτι
2286 3632 2408 3690 οὔτε
2434 3635 2484 3689 ἂν
2516 3637 2595 3707 τῷ
2624 3641 2950 3710 συσσεισμῷ,
2986 3634 3109 3692 οὔτε
3149 3638 3199 3693 ἐν
3241 3643 3308 3713 τῇ
3340 3640 3537 3717 νεφέλῃ
3593 3644 3821 3717 παρεγέ-

2170 3746 2290 3780 νετο
2324 3727 2350 3779 6
2385 3724 2580 3796 Κύριος
2623 3723 2860 3795 λαλῆσαι
2904 3731 2985 3799 τῷ
3015 3726 3174 3798 Ἠλίᾳ
3208 3747 3219 3759 ·
3267 3727 3413 3784 ἀλλά
3456 3734 3610 3807 φωνῇ
3656 3727 3821 3807 αὔρας

2173 3812 2346 3887 λεπτῇ
2405 3811 2567 3868 καλεῖ
2598 3815 2625 3868 6
2658 3814 2853 3887 Κύριος
2886 3831 2901 3848 ’
2931 3819 3093 3870 τοῦτο
3153 3814 3209 3870 δὲ
3268 3814 3452 3889 δηλοῖ,
3488 3818 3569 3873 ὅτι
3618 3820 3708 3873 καὶ
3768 3819 3819 3873 ἐν

2174 3902 2384 3974 σώματί
2416 3924 2577 3977 φησιν
2611 3903 2743 3957 εἶναι
2776 3905 2870 3958 τὸν
2901 3906 3051 3972 Θεὸν,
3080 3906 3171 3959 τὸν
3204 3904 3255 3959 ἐν
3287 3912 3402 3967 τοῖς
3435 3912 3593 3961 πᾶσιν
3639 3908 3821 3985 ἀπεριὶ

2173 3992 2382 4061 ληπτον
2419 4011 2430 4022 ·
2464 3994 2498 4059 ἡ
2532 3991 2635 4065 γὰρ
2668 3992 2810 4059 πνοὴ
2838 3992 2927 4046 καὶ
2959 3994 3104 4067 παρὰ
3133 3992 3346 4048 πάντων
3397 3993 3705 4069 μετέχεται,
3732 3997 3820 4051 καὶ

2171 4078 2222 4133 ἐν
2256 4079 2411 4134 πᾶσίν
2446 4078 2578 4148 ἐστι,
2612 4080 2701 4133 καὶ
2741 4080 2866 4153 παρ’
2898 4076 3113 4142 οὐδενὸς
3155 4078 3711 4157 ἐμπεριλαμϐάνεται,
3746 4085 3820 4146 ὡς

2172 4169 2257 4223 καὶ
2310 4168 2360 4222 ἐν
2411 4166 2777 4242 Εὐαγγελίοις
2828 4167 2989 4245 φησὶν
3029 4170 3055 4222 ὁ
3089 4169 3285 4242 Κύριος
3308 4189 3320 4200 ·
3357 4175 3576 4244 Πνεῦμα
3606 4173 3633 4225 6
3666 4174 3820 4239 Θεὸς,

2169 4256 2259 4311 καὶ
2288 4256 2419 4318 τοὺς
2452 4259 2888 4330 προσκυνοῦντας
2920 4255 3077 4311 αὐτὸν
3112 4257 3164 4312 ἐν
3196 4256 3462 4332 πνεύματι
3482 4259 3571 4313 καὶ
3595 4259 3825 4331 ἀληθείᾳ

2172 4344 2253 4400 δεῖ
2284 4350 2628 4420 προσκυνεῖν.

2241 4526 2337 4578 Καὶ
2370 4525 2432 4578 τὸ
2464 4524 2642 4577 ἀνώνυ
2811 4524 2824 4544 ’
2932 4524 2942 4542 ’
3221 4522 3235 4541 “
3424 4526 3434 4545 ¹
3804 4526 3817 4545 ⁸

2651 4544 2775 4595 μον.
2826 4526 3126 4597 Ανωνυμον
3157 4520 3245 4578 δια
3271 4525 3334 4579 τὸ
3365 4546 3539 4580 παντα
3570 4526 3701 4579 εἶναι
3732 4546 3819 4581 και

2176 4611 2342 4685 μηδὲν
2372 4616 2477 4666 τῶν
2511 4606 2679 4665 ὄντων
2713 4612 2864 4683 εἶναι,
2898 4609 3044 4667 ἀλλά
3073 4610 3247 4686 πάγτα
3277 4612 3328 4683 ἐξ
3358 4612 3523 4668 αὐτοῦ
3556 4614 3714 4685 εἶναι,
3746 4615 3819 4677 ὡς

2170 4702 2327 4763 αὐτὸς
2358 4702 2542 4755 ἑαυτὸν
2571 4698 2864 4774 ἆξηγεῖται.

2236 4884 2321 4941 Ὡς
2390 4877 2587 4953 ἀρχῆς.
2648 4878 2859 4953 ’Λρχῆς
2950 4878 3067 4950 μὶν,
3125 4879 3199 4939 ὡς
3279 4879 3341 4933 τὸ
3433 4877 3567 4933 εἶναι
3649 4899 3819 4955 παρα-

2167 4968 2493 5043 σχομένης·
2551 4965 2783 5041 πέρατος
2870 4963 2965 5035 δὲ,
3027 4966 3101 5028 ὡς
3194 4965 3245 5020 ἐν
3329 4968 3409 5039 τῷ
3484 4968 3616 5023 εἶναι
3696 4989 3817 5022 συν-

2166 5055 2366 5132 εχούση
2378 5078 2401 5118 ς
2412 5100 2423 5111 .

2236 5147 2319 5203 Τὰ
2370 5143 2544 5199 πάντα
2602 5144 2656 5199 ἐν
2704 5150 2858 5199 πᾶσι.
2892 5142 3073 5199 Πάντα
3118 5141 3177 5200 δὲ
3217 5144 3284 5200 τὰ
3327 5141 3475 5214 ὄντα,
3518 5142 3608 5200 διὰ
3656 5145 3720 5201 τὰ
3769 5145 3818 5215 ἐξ

2166 5234 2329 5291 αὐτοῦ
2358 5234 2493 5290 εἶναι
2523 5235 2590 5288 τὰ
2618 5232 2807 5289 πάντα.

2871 5412 2933 5485 (ι)
2962 5413 3011 5469 II
3038 5412 3165 5470 Cor.
3199 5430 3253 5484 ν,
3288 5414 3374 5472 18.

1410 5600 1651 5656 VARI/E
1691 5600 2079 5658 LECTIONES
2121 5599 2208 5654 ET
2241 5595 2793 5655 CORRECTIONES.

472 5726 517 5763 ⁸¹
550 5742 641 5801 γρ·
672 5724 796 5801 γάρ·
