4080 6366
193 485 296 539 209

956 490 1013 542 Β.
1054 488 1327 544 MAXIM]
1367 490 1675 543 SCHOLIA
1711 492 1784 544 IN
1824 492 1957 544 LIB.
1999 493 2095 545 DE
2134 491 2405 549 DIVINIB
2442 494 2863 548 NOMINIBUS.

3505 486 3612 541 210

264 608 366 665 Καὶ
396 606 568 666 ἑστία.
604 607 817 665 Ἑστίαν
851 607 1008 663 αὐτὸν
1058 608 1273 664 πάντων
1331 607 1455 686 ἔφη,
1515 610 1587 671 ὡς
1636 608 1846 679 ο“ίκησιν

2037 616 2098 670 Ut
2118 615 2670 672 domiciliumVocat
2690 616 2885 687 ipsum
2918 614 3286 670 domicilium
3318 611 3610 679 omnium,

197 694 320 753 ὄντα
346 698 566 752 πάντων
606 701 715 753 τῶν
762 697 957 772 ἀγίων,
1014 697 1090 761 ὡς
1135 698 1297 761 αὐτὸς
1348 699 1376 752 6
1417 697 1612 770 Κύριός
1663 718 1849 777 φησιν’

199 787 428 844 Μείνατε
459 785 511 839 ἐν
546 785 693 859 ἐμοί·
756 784 935 861 ὥσπερ
983 786 1083 861 γὰρ
1126 788 1251 849 ναὸς
1281 787 1447 841 αὐτοῦ
1479 786 1660 859 ἐσμεν,
1719 788 1855 841 κατὰ

197 876 273 930 τό·
336 877 645 945 Ἐνοικήσω
698 874 749 928 ἐν
812 874 1026 945 αὐτοῖς,
1084 876 1174 930 καὶ
1229 875 1658 950 ἐμπεριπατήσω
1694 896 1705 908 ’
1770 874 1856 930 οὗ·

198 986 271 1019 τω
299 966 390 1019 καὶ
421 963 585 1025 αὐτὸς
617 963 766 1025 οἶκος
815 967 975 1036 ἡμῶν
1027 962 1159 1019 ἐστι·
1212 962 1399 1026 καλῶς
1432 962 1489 1019 δὲ
1546 964 1700 1029 εὐθὺς
1756 964 1853 1019 ἐπ-

199 1056 365 1128 ήγαγε
387 1053 452 1107 τὸ
485 1053 811 1125 ἡνωμένως’
872 1050 1060 1122 ἐπειδή
1108 1053 1210 1128 γὰρ
1270 1054 1436 1123 εἶπεν,
1499 1054 1661 1108 αὐτὸν
1722 1054 1852 1108 εἶναι

199 1144 386 1209 πάντα,
419 1140 510 1196 καὶ
556 1140 607 1195 ἐν
660 1142 810 1212 αὐτῷ
862 1141 925 1195 τὰ
967 1140 1163 1207 πάντα,
1191 1140 1283 1196 ἵνα
1316 1144 1390 1214 μή
1422 1163 1527 1209 τις,
1563 1142 1638 1204 εἷς
1670 1143 1853 1205 σύνθε-

200 1253 276 1286 σιν
301 1233 393 1285 τὸν
426 1234 553 1285 νοῦν
607 1230 957 1306 καταγαγὼν,
993 1230 1212 1285 ἐκπέσοι
1266 1238 1368 1300 τῆς
1409 1228 1685 1301 ἀληθείας,
1720 1232 1853 1286 ὑπο-

195 1324 329 1373 νοῶν
360 1320 571 1373 ἅπαντα
621 1321 1017 1393 συμφορεῖσθαι
1071 1316 1321 1394 σωρηδὸν
1375 1318 1426 1374 ἐν
1485 1318 1564 1391 τῷ
1622 1320 1758 1391 Θεῷ,
1816 1321 1851 1388 ἢ

196 1409 325 1463 κατᾶ
374 1410 477 1476 τὴν
529 1408 774 1470 σύνθεσιν
824 1408 916 1462 τὸν
966 1408 1095 1463 Θεὸν
1130 1409 1263 1463 εἶναι
1292 1408 1361 1462 τὰ
1389 1406 1583 1475 πᾶντα,
1639 1408 1852 1483 ταχέως

196 1496 512 1569 ἐθεράπευσε
541 1496 603 1550 τὸ
633 1496 993 1571 ἀπεμφαῖνον,
1047 1496 1213 1550 εἰπὼν
1264 1498 1543 1569 ἡνωμένα,
1576 1498 1851 1551 τουτέστιν

197 1586 243 1640 ἂν
301 1589 369 1650 τῆ
419 1584 599 1655 οἷκείᾳ
654 1582 828 1657 ἐνάδι,
891 1583 1105 1656 μᾶλλον
1143 1583 1199 1640 δὲ
1245 1586 1376 1659 ὑπὲρ
1413 1583 1571 1640 ἐνάδα
1606 1586 1856 1658 μείναντα

200 1672 667 1749 ὑπερηπλωμὲνον
701 1674 919 1747 ἀμερῶς
951 1674 1041 1728 καὶ
1076 1675 1293 1748 ἀμιγῶς
1334 1679 1455 1736 τοῖς
1514 1675 1658 1729 οὖσιν
1721 1675 1855 1728 εἶναι

197 1764 259 1818 τὰ
299 1763 477 1817 πάντα
526 1762 615 1816 καὶ
676 1760 729 1816 ἐν
762 1768 945 1817 πᾶσιν
979 1760 1127 1817 ἀλλὰ
1173 1762 1262 1816 καὶ
1322 1762 1566 1838 ἀσχέτως
1597 1761 1737 1817 ἐστὶν
1799 1762 1850 1817 ἐν

198 1859 375 1919 πᾶσιν,
401 1851 521 1905 ἀντὶ
553 1854 674 1921 τοῦ,
708 1852 796 1906 ὑπ’
828 1848 1038 1913 οὐδενὸς
1089 1850 1476 1926 κατεχόμενος,
1510 1853 1545 1922 ἢ
1590 1872 1854 1927 περιγρα-

200 1944 430 2019 φόμενος
464 1945 814 2012 σωματικῶς,
847 1939 1003 2015 ἐξῃρη
1019 1939 1193 2014 μὲνως
1226 1939 1283 1996 δὲ
1320 1939 1554 2014 μᾶλλον·
1607 1939 1707 2011 ἔξω
1753 1938 1854 2016 γάρ

200 2031 303 2086 ἔστι
331 2035 443 2086 τῶν
495 2030 769 2100 ἁπάντων,
817 2028 1060 2104 οὐδαμοῦ
1110 2028 1204 2100 ὢν,
1238 2030 1289 2100 ἐξ
1322 2032 1489 2085 αὐτοῦ
1519 2032 1734 2085 πάντων
1764 2026 1851 2084 ὂν-

198 2141 318 2187 των,
351 2120 445 2175 καὶ
505 2120 671 2181 αὐτὸς
728 2119 781 2173 ἐν
815 2123 997 2174 πᾶσιν
1064 2118 1117 2190 ἐξ
1174 2120 1344 2173 αὐτοῦ
1398 2121 1499 2194 γὰρ
1558 2120 1624 2174 τὰ
1680 2120 1853 2173 πάντα

201 2212 513 2278 συνέστηκει

266 2296 449 2352 Πάντα
476 2294 533 2351 δὲ
563 2293 778 2358 ἁπλῶς.
800 2295 1082 2351 Τοοτέστιν
1108 2295 1426 2360 ἀσυνθέτως·
1460 2297 1511 2351 ἐν
1546 2294 1727 2350 οὐδενὶ
1749 2295 1852 2370 γὰρ

198 2390 297 2441 τῶν
332 2384 504 2441 ὄντων
528 2387 781 2456 συνετέθη
804 2385 838 2455 ἢ
870 2390 1198 2459 σωματικῶς
1222 2386 1438 2455 ἡνώθη,
1471 2385 1516 2440 εἰ
1550 2391 1625 2458 μὴ
1677 2383 1728 2439 ἐν
1776 2389 1854 2456 τῷ

197 2480 366 2550 καιρῷ
395 2478 499 2544 τῆς
531 2474 869 2547 οἰκονομίας.

264 2565 433 2621 Θείων
514 2564 836 2642 φασμάτων.
911 2565 1035 2622 Ὅτι
1113 2564 1367 2640 φάσματα
1432 2562 1589 2619 καλεῖ
1646 2562 1744 2624 τὰς
1802 2561 1854 2616 ἐν

200 2649 501 2727 συμϐόλοις
527 2651 902 2727 ἀποκαλύψεις
930 2657 1028 2707 τοῦ
1059 2656 1211 2722 Θεοῦ,
1242 2652 1332 2707 καὶ
1362 2654 1425 2707 τὸ
1453 2656 1571 2714 πῶς
1601 2652 1734 2706 αὐτὸ
1767 2652 1855 2705 Αε-

200 2764 299 2818 γει,
331 2764 401 2812 ση
413 2741 663 2813 μείωσαι.

268 2831 648 2904 Ἀνακτόροις.
735 2827 1007 2899 Ἕλληνες
1098 2829 1368 2906 ἀνάκτορα
1444 2827 1670 2884 ἐκάλουν
1747 2833 1853 2884 τῶν

200 2924 321 2994 παρ’
380 2920 567 2983 αὐτοῖς
621 2922 753 2983 θεῶν
814 2920 881 2973 τὰ
910 2920 1131 2991 τεμένη*
1167 2919 1414 2996 ἐμφαίνει
1444 2917 1532 2973 οὖν
1566 2920 1593 2973 6
1618 2920 1769 2994 ἅγιος
1805 2918 1853 2973 ἐν

201 3011 416 3071 τούτοις
469 3009 531 3062 τὸ
587 3010 734 3081 παρά
789 3012 867 3078 τῷ
923 3006 1135 3078 Ἡσαΐᾳ·
1196 3004 1347 3061 δοκεῖ
1381 3008 1480 3081 γὰρ
1533 3006 1583 3061 ἐν
1641 3012 1721 3079 τῷ
1750 3012 1859 3079 ναῷ

207 3097 559 3174 ὑπαγορεύειν
620 3096 778 3151 αὐτὸν
828 3098 1117 3171 ἑωρακέναι
1174 3098 1273 3164 τὴν
1329 3096 1469 3151 θείαν
1502 3095 1710 3166 ἐκείνην
1743 3095 1858 3167 [δό-

202 3188 283 3258 ξαν
318 3187 434 3259 καὶ]
468 3184 614 3260 ὄψιν,
638 3187 738 3256 τήν
770 3189 866 3240 τοῦ
898 3184 1153 3262 σεραφίμ·
1186 3185 1252 3239 τὰ
1283 3182 1340 3239 δὲ
1378 3185 1499 3255 ἑξῆς
1531 3185 1739 3261 εἴρηται
1773 3183 1861 3240 διὰ

202 3279 294 3345 τήν
327 3280 426 3331 τοῦ
460 3274 726 3345 Ἰεζεκιὴλ
759 3273 970 3347 ὅρασιν,
999 3276 1096 3344 τὴν
1128 3273 1179 3329 ἐν
1212 3270 1521 3344 Βαϐυλῶνι,
1555 3275 1642 3329 καὶ
1676 3275 1857 3351 ἑτέρας

203 3368 346 3427 τινας
379 3363 632 3439 Θεωρίας.

272 3455 367 3508 Καὶ
401 3451 637 3514 θώκους.
671 3453 929 3527 Θρόνους.

276 3537 606 3615 Συμϐολικῇ
658 3540 932 3616 θεολογίᾳ.
981 3537 1165 3596 ’Άλλο
1198 3539 1473 3614 σύνταγμα
1514 3541 1857 3613 ὑπισχνεῖται

208 3634 453 3708 γράφειν,
486 3630 620 3705 ὅπερ
644 3628 804 3685 καλεῖ
829 3624 1187 3701 Συμϐολικήν
1215 3628 1517 3705 θεολογίαν.

272 3726 327 3774 '0
359 3719 702 3795 ἱεραρχικός.
739 3720 1059 3791 Σημείωσαι
1086 3719 1171 3773 δτι
1205 3716 1439 3792 μάλιστα
1475 3720 1674 3795 ἱερεῦσι
1723 3718 1856 3792 πρὲ-

209 3830 289 3865 πει
319 3811 544 3884 θεωρεῖν
575 3810 675 3878 τήν
708 3807 852 3864 θείαν
889 3809 1127 3883 Γραφήν.

273 3896 569 3959 Θεοειδεῖς.
604 3896 755 3952 Ἀντὶ
784 3900 881 3951 τοῦ
913 3901 1210 3974 θεοφανεῖς.

272 4077 371 4133 Καὶ
397 4078 511 4132 ὦτα
543 4078 683 4151 ἱερά.
725 4077 859 4131 Ὦτα
917 4072 1280 4131 διεντέλλεται
1334 4076 1456 4152 ἱερά
1508 4082 1627 4139 τοῖς
1684 4078 1861 4152 ἁγίοις

210 4166 617 4241 παρατίθεσθαι,
649 4164 921 4220 τουτέστιν
955 4164 1125 4233 ἀκοὴν
1160 4160 1353 4235 εὐσεϐῆ
1403 4166 1493 4220 καὶ
1552 4165 1696 4239 ἀξίαν
1749 4171 1856 4221 τῶν

216 4255 374 4330 ἁγίων

276 4345 586 4416 Ἀμύστων.
659 4345 920 4400 Τουτὲστι
984 4347 1091 4399 τῶν
1155 4342 1437 4416 ἀμυήτων·
1498 4344 1580 4399 ὅτι
1639 4346 1667 4399 6
1732 4345 1864 4417 μετᾶ

213 4432 447 4506 γέλωτος
501 4431 589 4487 καὶ
643 4430 975 4506 ἐμπαιγμῶν
995 4439 1103 4488 τῶν
1138 4432 1292 4497 θείων
1325 4432 1535 4487 ἀκούων
1570 4436 1799 4508 λογίων,
1827 4434 1861 4503 ἢ

212 4525 308 4574 τῶν
337 4520 463 4594 περὶ
496 4519 631 4574 αὐτὰ
656 4520 978 4596 ἐρμηνειῶν,
1012 4522 1084 4583 ὡς
1119 4522 1398 4595 θεομάχος
1445 4522 1705 4597 κρίνεται.
1767 4527 1863 4579 Τι-

217 4611 390 4681 μοθὲῳ
448 4606 505 4663 δὲ
552 4607 747 4686 γράφει
802 4608 891 4663 καὶ
952 4610 980 4663 6
1036 4608 1391 4677 ’Λπόστολος,
1426 4610 1507 4665 ὅτι
1540 4611 1603 4664 οῦ
1637 4609 1718 4665 δεῖ
1744 4617 1864 4675 τοῖς

1965 710 2028 756 ιιι
2059 704 2158 773 qui
2190 705 2267 759 sit
2292 711 2627 761 sanctorum
2659 704 2925 759 omnium
2952 703 3255 771 habitatio,
3286 702 3442 757 sicut
3487 701 3614 772 ipse

1964 791 2251 848 Dominus
2274 795 2588 850 aitzManete
2613 796 2670 849 in
2695 810 2779 849 me
2803 791 3430 864 (m).Quemadmodum
3451 790 3612 845 enim

1966 880 2250 952 templum
2276 882 2464 953 ipsius
2487 900 2717 950 sumus,
2737 884 2906 952 juxta
2930 879 3426 936 illudzlnhabitabo
3447 881 3509 933 in
3530 881 3614 950 ip-

1962 971 2117 1038 sis,et
2136 970 2605 1043 inambulubo(n);
2631 972 2713 1026 ita
2728 971 2902 1025 etiam
2922 970 3047 1041 ipse
3061 969 3376 1023 estdomus
3390 971 3612 1034 nostra;

1966 1064 2117 1113 recte
2150 1064 2343 1115 autem
2379 1061 2575 1115 statim
2609 1059 2918 1130 subjunxit
2949 1056 3618 1127 unite;quandoquidem

1965 1148 2121 1202 enim
2151 1149 2585 1220 dixerit,ipsum
2616 1166 2745 1204 esse
2778 1150 2976 1203 omnia
2997 1154 3055 1202 et
3077 1148 3133 1201 in
3158 1147 3283 1216 ipso
3306 1146 3618 1211 omnia,ne

1968 1237 2183 1307 aliquis
2217 1243 2473 1294 mentem
2508 1239 2567 1293 in
2599 1238 3085 1309 compositionem
3122 1236 3408 1290 inducens
3431 1250 3617 1290 avero

1964 1326 2276 1396 excideret,
2309 1327 2604 1382 arbitrans
2634 1327 2909 1382 universa
2956 1326 3268 1380 acervatim
3321 1324 3381 1378 in
3431 1323 3617 1377 Deum

1965 1416 2237 1481 conferri,
2273 1420 2375 1470 aut
2397 1416 2579 1470 Deum
2607 1416 2933 1470 secundum
2957 1415 3291 1484 opinionem
3325 1428 3453 1467 esse
3485 1410 3617 1465 uni-

1962 1520 2289 1569 versa,mox
2312 1504 2734 1559 absurditatem
2759 1502 3254 1570 curavit,dicendo
3277 1500 3515 1569 unite,id
3530 1503 3619 1554 est

1966 1592 2024 1647 in
2054 1594 2286 1663 propria
2309 1594 2555 1659 unitate,
2590 1594 2731 1663 quin
2767 1594 2962 1663 potius
2986 1608 3165 1663 supra
3189 1592 3474 1645 unitatem
3500 1605 3618 1644 ma-

1964 1688 2197 1736 nentem
2222 1683 2573 1753 explicatum
2599 1683 2725 1737 sine
2747 1681 3032 1736 divisione
3069 1686 3124 1735 et
3165 1680 3440 1734 mistione
3478 1694 3613 1732 cum

1964 1772 2139 1826 rebus
2157 1788 2284 1825 esse
2305 1771 2502 1825 omnia
2519 1772 2645 1825 etin
2665 1770 2968 1825 omnibus:
2989 1786 3191 1824 verum
3211 1768 3388 1823 etiam
3400 1772 3479 1822 est
3494 1769 3615 1821 sine

1962 1858 2267 1913 detentivne
2285 1859 2343 1912 in
2365 1858 2810 1929 omnibus,pro,a
2829 1856 2991 1912 nullo
3015 1855 3498 1927 comprehensus,
3514 1859 3614 1908 aut

1885 1983 1931 2047 B
1966 1947 2450 2017 circumscriptus
2481 1946 2897 2018 corporaliter;
2931 1944 3144 1999 eximie
3185 1960 3321 1998 vero
3369 1942 3559 2013 magis
3595 1957 3608 1995 :

1962 2042 2051 2091 est
2080 2037 2237 2091 enim
2269 2040 2432 2091 extra
2464 2036 2739 2091 universa
2769 2049 3064 2105 nusquam
3113 2032 3427 2101 exsistens,
3474 2047 3607 2085 cum

1961 2125 2160 2180 omnia
2187 2141 2256 2180 ex
2286 2124 2413 2196 ipso
2443 2125 2563 2180 sint
2592 2130 2647 2179 et
2678 2125 2803 2195 ipse
2833 2124 2893 2177 iu
2924 2122 3201 2178 omnibus
3232 2137 3245 2175 :
3280 2136 3349 2176 ex
3376 2120 3504 2190 ipso
3526 2118 3607 2174 si-

1962 2214 2200 2285 quidem
2233 2214 2503 2269 universa
2533 2214 2885 2269 consistunt.

2033 2302 2134 2357 Sed
2164 2304 2421 2358 universa
2448 2301 2791 2372 simpliciter.
2827 2301 2888 2355 Id
2920 2304 3010 2355 est
3057 2300 3185 2354 sine
3234 2295 3610 2367 compositio-

1964 2407 2069 2457 ne;
2102 2408 2235 2446 cum
2270 2390 2431 2446 nulla
2459 2391 2616 2446 enim
2649 2408 2709 2445 re
2741 2391 3105 2460 compositus
3129 2386 3241 2441 fuit
3273 2398 3375 2441 aut
3403 2401 3610 2456 corpo-

1964 2479 2163 2535 raliter
2194 2480 2417 2543 unitus,
2452 2480 2567 2535 nisi
2598 2480 2654 2533 in
2684 2484 2944 2550 tempore
2976 2474 3418 2532 incarnationis.

2034 2568 2248 2624 Divinis
2275 2568 2429 2624 visis.
2466 2568 2604 2623 Visa
2634 2572 2797 2622 vocat
2842 2565 3227 2622 revelationes
3276 2563 3378 2619 Dei
3423 2562 3480 2616 in
3534 2561 3612 2617 si-

1964 2657 2133 2730 gnis;
2168 2662 2305 2713 nota
2335 2656 2513 2712 etiam
2544 2657 2837 2728 quomodo
2869 2654 3013 2709 illud
3046 2652 3221 2709 dicat.

2036 2837 2099 2889 In
2126 2834 2297 2890 sacris
2328 2833 2565 2905 templis.
2612 2833 2707 2889 Gr.
2758 2831 3094 2904 ἀνακτόροις.
3143 2829 3399 2885 Gentiles
3448 2844 3613 2883 voca-

1967 2925 2110 2979 bant
2154 2921 2416 2996 ἀνάκτορα
2466 2924 2709 2978 deorum
2761 2938 3003 2977 suorum
3048 2918 3312 2974 delubra.
3363 2918 3617 2971 Sanctus

1967 3014 2145 3083 igitur
2174 3012 2433 3068 declarat
2466 3013 2522 3065 in
2556 3012 2647 3067 his
2678 3010 2820 3066 illud
2856 3009 3048 3076 Isaia;
3083 3009 3310 3062 videtur
3334 3006 3490 3062 enim
3522 3006 3613 3060 in-

1968 3102 2275 3173 terpretari
2307 3102 2503 3173 ipsum
2537 3100 2754 3157 vidisse
2785 3101 2842 3153 in
2876 3097 3097 3169 templo
3148 3096 3406 3150 divinam
3452 3094 3613 3149 illam

1968 3191 2236 3263 [gloriam
2267 3192 2344 3261 et]
2392 3190 2674 3245 visionem
2724 3186 3042 3258 seraphim.
3095 3187 3230 3251 Quae
3279 3188 3474 3239 autem
3525 3199 3613 3237 se-

1970 3281 2420 3351 quuntur,dicta
2451 3285 2591 3333 sunt
2622 3285 2857 3349 propter
2886 3276 3172 3330 visionem
3206 3272 3525 3329 Ezechielis
3555 3272 3615 3325 in

1883 3347 1925 3415 (ἶ
1966 3347 2278 3441 Babylone,
2311 3374 2367 3423 et
2396 3347 2685 3438 quasdam
2717 3347 2866 3421 alias
2894 3365 3171 3419 visiones.

2035 3461 2111 3513 Et
2141 3460 2285 3525 sede,
2315 3457 2412 3512 Gr.
2445 3454 2533 3508 καὶ
2567 3454 2797 3515 θώκους.
2828 3454 3113 3508 Thronos.

2038 3546 2348 3618 Symbolicu
2381 3541 2977 3613 theologia.Promittit
3007 3557 3069 3596 se
3099 3539 3262 3595 aliud
3295 3554 3443 3609 opus
3475 3537 3616 3592 scri-

1968 3642 2233 3708 pturum,
2269 3634 2423 3704 quod
2455 3637 2619 3687 vocat
2650 3629 3025 3701 Symbolicum
3053 3626 3402 3694 theologiam.

2038 3722 2517 3780 Hierarurchicus.
2546 3721 2692 3775 Nota
2723 3720 2979 3774 maxime
3009 3717 3317 3773 convenire
3348 3715 3618 3770 sacerdo-

1967 3814 2126 3869 tibus
2157 3812 2418 3867 divinam
2449 3810 2812 3881 Scripturam
2847 3804 3251 3878 contemplari.

2039 3904 2187 3957 107
2228 3901 2549 3970 Dei/omnes,
2581 3903 2677 3953 Gr.
2716 3893 2994 3960 θεοειδεῖς.
3029 3900 3139 3951 Pro
3170 3895 3468 3966 θεοφανεῖς,
3519 3891 3622 3962 qui

1968 3992 2049 4048 dii
2079 3995 2389 4063 apparent.

2039 4084 2105 4137 Et
2133 4097 2317 4135 sacras
2348 4095 2530 4134 aures.
2565 4076 2907 4147 Praecipitur
2938 4073 3159 4129 sanctis
3192 4076 3257 4127 ut
3287 4087 3486 4127 sacras
3517 4086 3624 4124 au-

1971 4186 2063 4226 res
2096 4171 2465 4234 admoveant,
2501 4167 2558 4221 id
2585 4172 2674 4221 est
2699 4164 3064 4220 auditionem
3098 4162 3271 4232 piam,
3302 4165 3361 4215 et
3403 4154 3626 4214 sanctis

1972 4258 2233 4330 dignam.

2048 4338 2907 4417 Profunorum,Gr.ip6nwv.Id
2934 4342 3022 4394 est
3053 4353 3167 4391 non
3204 4334 3573 4390 initiatorum
3612 4350 3625 4387 :

1976 4452 2185 4505 nempe
2214 4435 2313 4504 qui
2351 4449 2483 4487 cum
2517 4431 2637 4485 risu
2669 4436 2727 4485 et
2755 4428 3010 4484 ludibrio
3051 4425 3281 4481 divinos
3330 4438 3631 4478 sermones

1976 4524 2161 4587 audit,
2182 4532 2279 4576 aut
2301 4536 2501 4576 eorum
2534 4517 3071 4587 interpretationes,
3105 4519 3387 4585 tanquam
3421 4510 3625 4581 θεομά-

1978 4630 2077 4684 χος
2111 4611 2320 4682 (hostis
2352 4610 2475 4680 Dei)
2498 4607 2820 4679 judicatur.
2846 4604 3062 4661 Scribit
3087 4611 3285 4659 autem
3318 4600 3628 4657 Timotheo

220 4700 288 4769 μὴ
344 4697 673 4773 δεχομένοις
730 4699 823 4752 τὸν
886 4696 1048 4773 λόγον
1104 4697 1157 4753 ἐν
1215 4696 1445 4771 ἀληθείᾳ
1506 4698 1692 4755 λαλεῖν
1744 4707 1857 4775 περὶ

1985 4699 2299 4772 apostolus,
2333 4716 2447 4754 non
2469 4713 2597 4753 esse
2620 4696 3027 4751 disserendum
3051 4694 3122 4748 de
3147 4691 3367 4747 talibus
3389 4706 3524 4744 cum
3556 4687 3631 4742 iis

216 4787 501 4844 τοιούτων.

715 4879 828 4933 ΕΙΣ
870 4878 964 4933 ΤΟ
1005 4878 1263 4932 ΚΕΦΑΛ.
1294 4877 1371 4934 Β’.

282 4967 393 5037 ﬁl.
454 4966 570 5034 Τὴν
636 4967 959 5040 θεαρχικήν.
1026 4966 1119 5022 Ἐκ
1171 4968 1267 5019 τοῦ
1324 4965 1620 5042 κεφαλαίου
1675 4966 1871 5022 τούτου

228 5051 457 5123 μάλιστα
494 5054 587 5107 καὶ
628 5053 901 5129 Ἀρειανοὶ
957 5053 1046 5107 καὶ
1106 5052 1437 5126 Εὐνομιανοῖ
1496 5055 1557 5109 τὸ
1610 5056 1870 5126 ἀνόμοιον

224 5137 603 5215 πρεσϐεύοντες
654 5141 1067 5215 πολεμοῦνται,
1127 5141 1217 5196 καὶ
1270 5143 1617 5217 Νεστοριανοὶ
1652 5142 1734 5197 ’δὲ
1783 5143 1872 5197 καὶ

224 5230 531 5308 Ἀκέφαλοι.
564 5232 873 5307 Θεαρχικὴν
931 5228 989 5285 δὲ
1012 5232 1057 5268 ⁸³
1115 5229 1251 5301 ὅλην
1311 5230 1528 5305 ὕπαρξίν
1586 5254 1718 5309 φησι
1776 5239 1874 5301 τῆς

292 5342 392 5411 (m)
420 5340 591 5397 Joan.
626 5358 722 5406 xv,
756 5341 806 5394 4.
885 5339 962 5411 (n)
999 5340 1047 5394 Il
1075 5343 1201 5396 Cor.
1234 5356 1312 5408 v1,
1346 5342 1432 5395 16.

1981 4790 2081 4861 qui
2114 4788 2355 4843 verbum
2388 4787 2447 4841 in
2483 4786 2722 4841 veritate
2752 4800 2867 4839 non
2896 4783 3207 4853 recipiunt.

2611 4874 2679 4930 IN
2722 4873 2874 4928 CAP.
2916 4872 2984 4926 ΙΙ.

2051 4966 2080 5039 §
2115 4969 2158 5021 Ι.
2192 4964 2559 5021 Divinam.Ex
2588 4962 2698 5018 hoc
2728 4961 2917 5031 capite
2948 4958 3202 5013 maxime
3232 4971 3367 5010 cum
3400 4949 3629 5019 Ariani,

1981 5038 2106 5111 tum
2139 5051 2626 5123 Eunomiani,qui
2660 5047 3123 5120 inaequalitatem
3157 5045 3238 5113 (in
3271 5038 3631 5097 SS.Trinita-

1982 5146 2061 5215 te)
2093 5147 2387 5208 asserunt,
2420 5142 3025 5212 Oppugnantur;tum
3075 5133 3252 5188 etiam
3304 5128 3635 5185 Nestoriani

1983 5236 2039 5286 et
2085 5229 2385 5301 Acepbali.
2431 5229 2690 5285 Divinam
2727 5229 2911 5281 autem
2943 5225 3114 5277 totam
3145 5215 3531 5275 exsistemtiam
3556 5215 3640 5270 di-

1231 5439 1471 5493 VARI/E
1511 5437 1901 5495 LECTIONES
1942 5437 2031 5492 ET
2069 5436 2630 5493 CORRECTIONES.

294 5524 340 5602 ξ’
367 5544 452 5599 γρ.
487 5525 584 5587 Εἰς
632 5526 704 5602 τὸΔ
751 5522 1046 5602 κεφ-άλαιον
1103 5527 1378 5602 τοῦτο-τὸ
1437 5523 1680 5602 δεύτερον
1736 5526 1969 5601 μάχεται
2006 5525 2241 5602 μάλιστα
2270 5530 2397 5578 πᾶσι
2430 5528 2545 5583 τοῖς
2577 5522 2638 5575 τὸ
2669 5518 2934 5602 ἀνόμοιον
2956 5513 3361 5602 πρεσβεύουσιν,
3432 5512 3639 5602 Ἀρδια-

237 5599 342 5672 vei:
381 5583 564 5672 ’ἐρημι,
621 5598 710 5653 καὶ
792 5583 1148 5669 Ε’ῦνομιανοῖς
1211 5596 1300 5652 καὶ
1362 5583 1853 5665 ΜακεδονισταῖςΓ
1875 5583 2067 5669 μεταξὺ
2142 5594 2197 5650 δὲ
2283 5583 2839 5672 Νεστοριανοῖςὲλκαξ-
2878 5583 3237 5672 ιἈΙκέφόιλοις-
3316 5583 3515 5659 Θεαρχέ
3576 5583 3638 5636 ιη

238 5666 328 5722 hoc
360 5663 588 5725 secundo
618 5672 797 5743 capite
838 5663 1087 5726 maésime
1112 5675 1321 5742 pugnat
1352 5688 1473 5726 cum
1524 5675 1773 5728 omnibus
1803 5663 1894 5725 iis
1928 5663 2032 5740 qui-
2062 5663 2496 5738 itiwqualitarein
2528 5667 2634 5743 __(in
2659 5664 2760 5743 SS.
2795 5663 3100 5743 Trinitate)
3160 5666 3445 5743 asserunt.
3481 5670 3637 5743 uemf

237 5753 445 5807 pecum
473 5729 722 5814 Arianis,
755 5729 1123 5801 Eunomianii
1170 5729 1221 5798 et
1276 5744 1718 5801 Macedonianis:
1770 5729 2053 5798 interdum
2109 5729 2279 5797 etiam
2336 5756 2459 5794 cum
2518 5729 2856 5794 Nestoriam's
2903 5740 2954 5791 et
3010 5729 3321 5805 Acephalis.
3377 5729 3638 5784 Divinam

244 5814 443 5881 autem,
479 5819 565 5871 etc
