4080 6366
429 424 532 478 211
1252 426 1617 478 APPENDIX
1656 426 1751 477 AD
1790 423 2031 476 OPERA
2066 423 2126 474 S.
2166 420 2482 477 DIONYSII
2519 422 3020 478 AREOPAGITE.
3721 424 3819 481 212

436 545 757 613 cit,sanctaa
791 549 849 601 et
876 544 1062 601 solius
1094 546 1406 602 adorandae
1434 545 1740 601 Trinitatis
1788 544 1847 599 in
1891 543 2047 599 tribu

2203 542 2353 617 ἁγίας
2406 542 2496 598 καὶ
2551 543 2722 616 μόνης
2769 548 3149 620 προσκυνητῆς
3194 539 3429 616 Τριάδος
3455 543 3553 613 τὴν
3584 542 3632 598 ἐν
3658 548 3814 619 τρισὶν

438 634 843 691 subsistentiis
864 635 1155 707 cognitam
1182 633 1570 702 divinitatem;
1592 632 1898 689 consuevit
1928 631 2049 686 enix

2209 630 2522 687 Snoatdaect
2602 633 3010 709 γνωριζομένην
3070 634 3319 703 θεότηταο
3370 627 3491 697 ἔθος
3537 634 3635 709 γὰρ
3689 634 3820 708 αὖτῷ

440 726 611 779 totam
662 723 1011 779 divinitatem
1057 740 1262 779 vocare
1310 723 1795 795 augustissimam
1843 720 2051 776 Trinita

2205 718 2332 789 ὅλην
2395 721 2623 792 θεότητα
2679 721 2866 777 καλεῖν
2921 722 3018 791 τήν
3072 717 3365 795 σεϐασμίαν
3426 719 3639 797 Τριάδα·
3698 722 3816 796 αὕτη

440 817 595 883 tem;
629 813 921 886 siquidem
956 814 1096 881 haec,
1131 820 1188 870 et
1219 815 1358 886 quid
1391 815 1463 870 sit
1505 819 1628 870 tota
1675 813 1951 869 divinitas
2000 828 2051 867 se

2211 806 2294 884 {ap
2337 810 2427 863 καὶ
2474 810 2525 864 τί
2569 809 2709 866 ἐστιν
2770 809 2874 882 ὅλη
2922 810 3114 882 θεότης
3164 810 3358 879 ἐαυτήν
3388 809 3822 868 ἀποκαλύπτουσα

443 902 633 975 ipsam
667 903 930 959 revelans
960 920 1081 959 cum
1109 920 1462 973 personarum
1490 904 1833 973 deﬁnitione,
1888 902 1946 956 id
2000 918 2054 957 es

2214 899 2313 951 1.51’
2398 898 2705 976 ἀφορισμοῢ
2787 905 2897 956 τῶν
2980 902 3313 976 προσώπων,
3396 900 3632 955 τουτέστι
3704 902 3825 974 μετὰ

444 1009 577 1047 cum
603 992 885 1047 divisione
909 996 1128 1048 sanctis
1148 993 1669 1059 declaravit,trium
1702 1007 2055 1062 personarum

2211 983 2507 1062 Βιαιρέσεως
2562 995 2677 1051 τοῖς
2740 992 2917 1065 ἁγίοις
2965 989 3287 1067 ἐφανέρωσε,
3344 992 3453 1043 τῶν
3487 994 3649 1065 τριῶν
3702 991 3822 1045 ὑπο-

444 1080 832 1152 proprietates
890 1098 1203 1152 exponens,
1256 1098 1383 1138 esse
1441 1085 1693 1148 Patrem,
1740 1086 1795 1136 et
1852 1079 2055 1135 Filium

2216 1077 2431 1131 mia-smv
2490 1079 2583 1139 τὰς
2633 1076 2908 1148 ἰδιότητας
2967 1078 3303 1157 ἐκφαίνουσα,
3356 1077 3440 1133 ὅτι
3490 1079 3692 1153 Πατὴρ,
3746 1080 3827 1133 καὶ

444 1174 503 1225 et
531 1169 813 1241 Spiritum
847 1175 1150 1239 sanctum;
1184 1175 1302 1225 tres
1349 1171 1505 1227 enim
1560 1187 1678 1225 una
1725 1173 1782 1225 et
1827 1173 1952 1224 tota
1997 1173 2054 1223 at

2214 1166 2346 1237 Γὶὸς,
2396 1168 2482 1221 καὶ
2517 1169 2671 1241 ἅγιον
2696 1173 2935 1242 Πνεῦμα·
2996 1170 3047 1223 οἱ
3103 1170 3204 1244 γὰρ
3260 1173 3426 1243 τρεῖς,
3486 1167 3580 1240 μία
3615 1168 3701 1221 καὶ
3731 1167 3825 1238 ὅλη

446 1274 562 1330 que
591 1259 717 1314 sola
742 1258 1053 1326 divinitas;
1088 1259 1393 1314 sciendum
1425 1264 1624 1315 autem
1653 1255 1874 1333 ὕπαρξιν
1907 1258 2057 1313 exsis

2221 1254 2289 1309 ιαὶ
2324 1256 2463 1327 μόνη
2516 1257 2727 1327 θεότης·
2763 1259 2954 1313 ’ἰστέον
2983 1256 3039 1313 δὲ
3069 1259 3152 1312 ὅτι
3201 1256 3423 1333 ὕπαρξις
3487 1257 3581 1330 μὲν
3647 1256 3832 1330 κυρίως

446 1346 693 1402 tentiam
728 1363 842 1403 non
875 1347 987 1401 dici
1016 1348 1247 1419 proprie
1297 1349 1367 1403 de
1414 1349 1559 1416 Deo;
1614 1352 1703 1403 est
1750 1348 1905 1403 enim
1955 1366 2057 1420 προ

2222 1344 2289 1398 νπὶ
2322 1350 2456 1400 Θεοῦ
2487 1346 2547 1399 οὺ
2582 1345 2813 1422 λέγεται⁹
2856 1346 2943 1401 καὶ
2996 1346 3098 1422 γάρ
3129 1346 3239 1401 ἐστι
3295 1344 3650 1420 προΰπαρξις,
3688 1366 3833 1400 τουτ-

446 1432 674 1509 ΰπαρξις
704 1436 1167 1508 pra’exsislentia,
1200 1436 1257 1492 id
1284 1445 1371 1493 est
1402 1437 1576 1493 etiam
1608 1442 1741 1492 ante
1769 1437 1960 1509 ipsam
1992 1453 2057 1492 ex

2232 1454 2318 1488 στι
2357 1434 2446 1489 καὶ
2495 1436 2602 1509 πρὸ
2632 1436 2803 1505 αὐτῆς
2847 1442 2948 1505 τῆς
2996 1435 3294 1512 ὑπάρξεως·
3349 1430 3539 1503 ἔπειδὴ
3594 1433 3651 1488 δὲ
3705 1440 3840 1489 πᾶσα

451 1525 784 1582 sistentiam
821 1543 833 1580 :
868 1525 1146 1595 quoniam
1180 1530 1375 1581 autem
1407 1526 1601 1581 omnis
1648 1525 1986 1581 exsistentia
2027 1541 2062 1579 e1

2229 1521 2428 1595 ὶπαρξις
2459 1521 2508 1596 ἐξ
2540 1525 2723 1592 αὐτοῦ,
2756 1523 2815 1578 ἐκ
2842 1529 2949 1579 τῶν
2981 1522 3048 1579 δι’
3082 1524 3245 1579 αὐτοῦ
3276 1522 3546 1601 φανέντων
3590 1522 3840 1596 ὀνομάζε-

450 1616 600 1687 ipso,
634 1631 703 1669 ex
731 1614 804 1670 iis
845 1630 967 1686 quas
1019 1630 1122 1686 per
1167 1615 1365 1687 ipsum
1414 1620 1697 1688 apparent
1743 1614 2061 1688 appellatur

1580 1620 1697 1671 rent
1743 1614 2093 1688 appellatur,
2201 1615 2368 1684 ται⁸³,
2397 1610 2489 1666 ’ίνα
2516 1617 2692 1687 νοηθῇ
2723 1612 2811 1667 καὶ
2846 1613 2978 1689 ὑπὲρ
3006 1618 3191 1671 ταῦτα.

453 1708 519 1760 ut
549 1703 726 1759 etiam
758 1719 939 1775 supra
964 1702 1084 1758 hac
1116 1703 1498 1775 intelligatur.

524 1792 818 1863 Des/iniens.
852 1793 915 1847 Id
948 1796 1061 1862 est,
1093 1793 1398 1849 declarans
1427 1797 1485 1849 et
1513 1794 1849 1850 ostendens.

2279 1792 2663 1869 Ἀφορίζουσα.
2724 1794 2982 1850 Τουτέστι
3060 1791 3403 1869 γνωρίζουσα
3483 1791 3576 1845 καὶ
3659 1786 3845 1844 δεικνύω

2207 1901 2358 1939 ουσα.

521 1973 753 2028 Summa
782 1972 1012 2039 deitate,
1045 1972 1140 2029 Gr.
1173 1972 1273 2041 τὴν
1308 1970 1583 2047 θεαρχίαν.
1618 1974 1764 2030 Nota
1791 1975 1958 2046 {quod
2008 1972 2099 2028 di-
2130 1976 2132 1981 '

2241 1918 2395 2041 υῒῙῗην
2459 1971 2758 2048 θεαρχίαν.
2809 1970 3125 2045 Σημείωσαι
3185 1969 3291 2041 ὅτι,
3348 1969 3437 2025 καὶ
3498 1967 3848 2044 ἀνθρωπίνως

454 2061 647 2116 ctione
679 2060 939 2117 humano
966 2064 1140 2117 modo
1173 2071 1429 2135 accepta,
1460 2063 1653 2135 ipsam
1685 2063 1977 2120 divinitati
2011 2067 2065 2119 at

2240 2061 2503 2137 ,εχθείσης
2532 2069 2631 2131 τῆς
2664 2068 2867 2137 φωνῆς,
2922 2065 2989 2134 τῇ
3050 2059 3266 2132 θεότητι
3312 2060 3515 2130 ταύτην
3579 2058 3851 2128 ἀνατίθησι

455 2149 699 2215 tribuat,
728 2154 966 2221 propter
994 2167 1254 2222 personas
1285 2152 1595 2208 unitatem.

1593 2195 1595 2203 ,
2210 2147 2299 2206 διὰ
2327 2152 2425 2220 τὴν
2455 2155 2552 2205 τοῦ
2575 2152 2930 2227 προσώπου⁸⁴
2957 2149 3204 2221 ἑνότητα.

523 2239 644 2293 Νοη
667 2240 1011 2307 partialiter.
1046 2240 1219 2296 Recte
1244 2240 1392 2296 illud
1424 2257 1535 2298 non
1563 2244 1899 2313 partiatiter.
1951 2242 2099 2314 Ope-

2279 2240 2356 2297 Οὐ
2391 2244 2651 2313 μερικῶς.
2701 2238 2903 2301 Καλῶς
2934 2240 2997 2294 τὸ
3030 2238 3091 2294 οὐ
3150 2241 3407 2313 μερικῶς⁶
3469 2236 3526 2290 αἱ
3581 2234 3687 2310 γὰρ
3718 2232 3858 2308 ἐνέρ-

454 2327 712 2383 rationes
743 2328 899 2383 enim
927 2333 985 2385 et
1016 2330 1301 2386 universae
1349 2330 1656 2404 theologia:
1704 2331 1930 2399 laudes,
1984 2349 2065 2388 no:

2247 2350 2349 2383 ειαι
2380 2331 2465 2384 καὶ
2500 2336 2664 2383 πᾶσαι
2694 2335 2794 2398 τῆς
2826 2325 3115 2403 θεολογίας
3144 2328 3199 2381 αἱ
3259 2322 3591 2401 ὑμνολογίαι
3627 2324 3736 2399 οὐχ
3788 2322 3858 2378 ἑνὶ

454 2417 556 2472 uni
586 2421 642 2473 et
672 2418 782 2474 soli
812 2435 1197 2489 personarum
1219 2420 1425 2475 divinas
1448 2421 1755 2478 Trinitatis
1784 2422 2065 2494 separati:

2248 2418 2297 2473 αὶ
2333 2419 2485 2492 μόνῳ
2514 2423 2621 2473 τῶν
2653 2424 2754 2487 τῆς
2788 2417 2932 2481 θείας
2978 2413 3212 2492 Τριάδος
3242 2414 3558 2490 προσώπων
3614 2410 3859 2481 ἀποκλη-

456 2506 883 2571 attribuuntur,
917 2508 1016 2562 sed
1051 2508 1191 2579 ipsae
1223 2525 1568 2566 communes
1616 2514 1756 2566 sunt
1805 2510 2067 2567 Trinitati

2245 2513 2456 2571 ωτικῶς
2484 2507 2937 2580 ἀπονενέμηνται,
2980 2505 3107 2562 ἀλλ’
3160 2502 3314 2560 αὐταὶ
3376 2505 3475 2577 μὲν
3528 2502 3711 2558 κοιναί
3763 2501 3856 2556 εἶσι

454 2599 691 2667 excepta
722 2595 847 2651 sola
878 2597 1434 2653 incarnationezsola
1465 2598 1620 2653 enim
1652 2606 1739 2654 est
1771 2599 1924 2667 Filii,
1946 2600 2065 2656 sicu

2249 2604 2306 2666 ῆς
2334 2595 2582 2671 Τριάδος,
2617 2594 2749 2672 δίχα
2795 2598 2968 2669 μόνης
3019 2602 3120 2665 τῆς
3178 2595 3669 2669 ένανθρωπήσεως·
3726 2590 3860 2664 μόνη

454 2687 658 2756 postea
716 2684 893 2752 dicit;
958 2684 1093 2741 solas
1151 2672 1347 2741 autem
1407 2688 1558 2742 108
1619 2688 2065 2744 characteristica

2249 2687 2311 2760 ἀρ
2346 2686 2455 2740 έστι
2490 2690 2585 2740 106
2616 2688 2763 2753 Υἱοῦ,
2796 2685 2870 2747 ὡς
2903 2685 3090 2760 ἐφεξῆς
3129 2683 3299 2759 λέγει·
3360 2684 3528 2756 μόναι
3591 2680 3652 2737 δὲ
3678 2683 3733 2736 αἱ
3756 2700 3860 2755 χα-

454 2774 635 2828 trium
695 2789 1079 2845 personarum
1139 2776 1527 2847 proprietates
1583 2776 1816 2833 divisim
1870 2782 1926 2833 et
1975 2795 2065 2850 prc

2253 2774 2622 2849 πικτηριστικαὶ
2669 2779 2776 2829 τῶν
2822 2778 2986 2849 τριῶν
3022 2772 3361 2829 ὑποστάσεων
3396 2770 3682 2843 ἰδιότητες
3716 2790 3864 2845 μερι-

453 2863 578 2932 prie
605 2862 923 2933 unicuique
954 2879 1215 2933 personae
1259 2864 1483 2932 insunt,
1542 2865 1696 2921 sicut
1743 2867 1893 2921 Patri
1945 2884 2064 2938 quo

2257 2868 2318 2925 ὣς
2350 2863 2439 2919 καὶ
2471 2861 2626 2925 ἰδίως
2662 2865 2859 2939 ἑκάστῃ
2912 2864 3200 2919 ὑποστάσει
3257 2861 3566 2937 πρόσεισιν,
3630 2864 3747 2916 οἷον
3794 2863 3868 2930 τῷ

455 2950 532 3006 sit
563 2951 753 3019 Pater,
802 2956 859 3006 et
908 2951 1054 3007 nulli
1106 2952 1291 3023 alteri,
1344 2953 1427 3009 ita
1473 2954 1544 3009 de
1591 2954 1734 3011 Filio
1783 2959 1840 3011 et
1884 2956 2066 3028 Spiritt

2261 2952 2379 3027 ατρὶ
2409 2954 2471 3007 τὸ
2504 2954 2710 3028 Πατὴρ,
2742 2953 2831 3007 καὶ
2866 2952 2964 3008 οὐκ
2993 2949 3150 3024 ἄλλῳ
3176 2952 3306 3006 τινί·
3338 2948 3501 3023 ,οὕτω
3532 2949 3631 3005 καὶ
3661 2948 3751 3004 ἐπὶ
3779 2950 3872 3003 106

454 3042 678 3094 sancto.

2209 3041 2336 3096 Υἱοῦ
2361 3042 2447 3096 καὶ
2482 3046 2579 3097 106
2610 3042 2766 3117 ἁγίου
2799 3040 3186 3115 Πνεύματος⁸⁸·

526 3128 589 3182 Et
616 3129 800 3183 totius.
833 3130 982 3184 Nota
1025 3129 1207 3185 totius
1254 3129 1577 3188 divinitatis
1627 3132 1971 3191 Trinitatem
2021 3135 2099 3191 si-

2281 3130 2387 3186 Καὶ
2433 3128 2773 3204 ὁλοκλήρου.
2825 3131 3145 3205 Σημείωσαι
3196 3128 3334 3199 ὅλης
3390 3129 3728 3200 θεότητοςθο
3782 3126 3877 3194 τὴν

453 3215 742 3289 gniﬁcari.

2138 3285 2172 3296 __
2210 3216 2420 3296 Τριάδα
2451 3241 2515 3289 ση
2528 3220 2826 3293 μαίνεσθαι.

528 3305 651 3361 Nisi
678 3307 748 3361 de
780 3310 911 3362 tota.
947 3307 1095 3365 Nota
1124 3324 1257 3364 eum
1287 3309 1389 3381 qui
1419 3310 1562 3365 dicit
1588 3311 1813 3367 divinas
1844 3312 2098 3384 appella-
2131 3294 2139 3345 ⁴

2284 3308 2347 3363 Εἰ
2385 3310 2460 3381 μὴ
2489 3285 2614 3385 περὶ
2656 3315 2758 3379 τῆς
2805 3306 2966 3379 ὅλης.
3013 3305 3332 3381 Σημείωσαι
3363 3307 3451 3362 ὅτι
3486 3307 3517 3362 ὁ
3565 3309 3647 3381 μή
3701 3302 3882 3366 κοινὰς

457 3394 647 3451 tiones
678 3394 921 3453 minime
949 3413 1073 3452 esse
1116 3414 1481 3467 communes,
1533 3400 1707 3471 impis
1757 3402 2068 3474 abrumper

2275 3417 2346 3451 mu
2380 3394 2555 3473 λέγων
2584 3400 2679 3461 τὰς
2702 3395 3029 3471 θεωνυμίας,
3057 3396 3344 3472 ἀποσχίζει
3377 3392 3606 3459 ἀσεϐῶς
3636 3397 3742 3466 τὴν
3775 3393 3886 3448 ἐνό-

462 3484 749 3539 unitatem
782 3487 1091 3541 adorandae
1123 3487 1445 3544 Trinitatis.

2209 3507 2347 3557 τητα
2375 3493 2477 3555 τῆς
2505 3492 2882 3562 προσκυνητῆς
2914 3483 3166 3560 Τριάδος.

537 3577 673 3631 Haec
696 3574 829 3630 dicit
860 3575 956 3646 qui
982 3584 1078 3631 est.
1112 3576 1446 3633 Notandum
1478 3582 1566 3633 est
1596 3582 1864 3635 sanctum
1896 3579 2106 3651 Diony-

2283 3573 2422 3633 Τάδε
2475 3573 2619 3652 λέγει
2678 3576 2707 3629 ὁ
2760 3573 2856 3633 ὣν.
2919 3576 3289 3650 Σημειωτέον,
3348 3572 3436 3629 ὅτι
3505 3572 3741 3650 δέχεται
3789 3573 3885 3642 τὴν

464 3663 621 3717 sium
654 3664 962 3719 admittere
991 3665 1402 3737 Apocalypsim
1435 3668 1621 3722 sancti
1650 3668 1894 3724 Joannis
1933 3686 2075 3725 evan

2278 3663 2578 3738 ποκάλυψιν
2610 3669 2707 3720 106
2738 3663 2788 3719 ἐν
2821 3663 2995 3740 ἀγίοις
3029 3665 3283 3719 Ἰωάννου
3337 3667 3442 3719 106
3486 3659 3889 3740 εὖαγγελιστοῦ

460 3753 728 3824 gelistae:
778 3752 899 3809 illic
941 3753 1098 3808 enim
1147 3754 1257 3810 hoc
1305 3756 1527 3810 dictum
1572 3758 1880 3829 reperitur.
1930 3758 2071 3813 Porr

2276 3754 2428 3828 ἅγιος
2463 3754 2621 3817 οὗτος
2654 3753 2952 3809 Διονύσιος·
2987 3753 3099 3808 ἐκεῖ
3119 3752 3221 3829 γάρ
3252 3753 3362 3807 ἐστι
3392 3754 3464 3809 τὸ
3495 3753 3675 3830 ῥητὸν
3703 3756 3887 3809 τοῦτο.

456 3846 729 3898 sanctum
744 3842 1087 3914 Dionysium
1109 3859 1392 3915 cognosse
1410 3844 1673 3901 divinum
1685 3846 2067 3918 evangelista:

2277 3857 2337 3896 ’τι
2396 3840 2472 3913 δὲ,
2531 3842 2617 3898 ὅτε
2674 3844 2739 3911 ἧν
2800 3842 2851 3897 έν
2912 3845 3120 3916 Πάτμῳ
3178 3844 3205 3897 ὁ
3250 3846 3395 3906 θεῖος
3461 3841 3888 3919 εὖαγγελιστὴς,

456 3932 599 3986 dum
632 3931 689 3985 in
724 3932 925 3986 Patmo
954 3932 1315 3989 versabatur.
1349 3933 1449 3988 ubi
1480 3934 1653 3989 etiam
1691 3936 2067 4009 Apocalypsi:

2287 3953 2347 3985 ου
2396 3932 2485 3986 καὶ
2540 3933 2637 4001 τὴν
2690 3929 3063 4005 ’Δποκάλυψιν
3114 3928 3273 3998 εἶδεν,
3306 3929 3613 4006 ἐγίνωσκεν
3652 3932 3682 3986 ὁ
3746 3931 3896 4007 ἅγιος

452 4019 616 4087 vidit,
650 4020 840 4076 disces
873 4038 1108 4093 quoque
1156 4022 1399 4077 inferius
1444 4038 1512 4077 ex
1558 4024 1808 4096 epistola
1851 4026 2063 4082 decim:

2284 4021 2507 4091 ονύσιος,
2539 4021 2628 4076 καὶ
2658 4025 2818 4076 τοῦτο
2849 4022 3067 4095 μαθήσῃ
3095 4019 3242 4075 κάτω
3269 4018 3327 4074 ἐκ
3348 4022 3457 4085 τῆς
3491 4022 3526 4074 ι’
3562 4020 3895 4086 ἐπιστολῆς,

453 4125 629 4180 quam
654 4110 725 4164 ad
749 4110 944 4181 ipsum
969 4117 1239 4167 sanctum
1260 4112 1677 4185 evangelistam
1691 4114 2064 4188 ettheologur

2325 4106 2583 4185 ἕγραψε⁸⁷
2631 4112 2767 4187 πρὸς
2808 4110 2965 4165 αὐτὸν
2996 4108 3088 4165 τὸν
3121 4111 3273 4184 ἅγιον
3311 4107 3744 4185 εὐαγγελιστὴν
3806 4107 3897 4163 καὶ

450 4198 737 4254 Joannem
769 4200 1023 4271 scripsit.

2208 4198 2461 4274 θεολόγον
2495 4198 2772 4269 Ἰωάννην.

522 4288 943 4358 Prophetarum.
979 4288 1155 4344 David
1188 4288 1298 4345 hoc
1329 4290 1491 4348 dicit.

2278 4294 2605 4364 Προφητῶν.
2629 4291 2690 4347 Ὁ
2722 4286 2886 4345 Δαυὶδ
2914 4292 3076 4345 10610
3107 4286 3275 4365 λέγει.

526 4378 635 4445 Qui
662 4386 762 4447 est,
794 4380 891 4449 qui
920 4395 954 4433 a
982 4379 1167 4433 Patre.
1196 4378 1513 4435 Considera
1541 4383 1834 4452 quomodo
1864 4388 2098 4440 senten-

2289 4378 2356 4434 Γὸ
2438 4378 2521 4450 ὃν,
2608 4378 2637 4433 ὃ
2722 4380 2869 4453 παρᾶ
2940 4382 3038 4433 106
3115 4375 3346 4451 Πατρός.
3423 4377 3776 4452 Ἐπίσκεψαι
3835 4379 3900 4443 ⁸⁸,

456 4465 595 4520 tiam
626 4465 779 4523 hanc
810 4466 1043 4536 referat,
1077 4483 1191 4522 non
1226 4468 1381 4523 enim
1413 4468 1494 4524 ita
1523 4469 1793 4526 habetur.

2288 4487 2322 4529 μς
2376 4487 2510 4540 φησι
2567 4467 2664 4535 τήν
2724 4473 2926 4541 χρῆσιν
2978 4464 3202 4535 ταύτην⁹
3263 4463 3326 4519 οὗ
3384 4465 3505 4540 γὰρ
3541 4467 3779 4545 φέρεται
3809 4468 3899 4519 νῦν

2206 4576 2399 4617 ουτως.

522 4642 754 4698 Summa
784 4643 1011 4713 deitale,
1043 4642 1142 4699 Gr.
1172 4643 1272 4712 τὴν
1302 4642 1580 4719 θεαρχίαν.
1618 4649 1680 4703 In
1714 4647 1846 4705 aliis
1889 4650 2102 4707 codici-
2132 4716 2133 4720 η

1989 4651 2102 4707 lici-
2132 4656 2179 4721 Ι)
2282 4645 2395 4713 Τὴν
2430 4646 2709 4721 θεαρχίαν.
2734 4647 2821 4701 Ἐν
2847 4642 3042 4709 ἄλλοις
3072 4643 3366 4720 θεαρχικήν
3407 4646 3600 4717 ζωήν,

449 4733 562 4789 bus
594 4731 846 4788 habetur
878 4732 1175 4806 θεαρχικήν
1208 4735 1374 4803 ζωήν.

520 4822 594 4876 De
622 4821 727 4877 Deo
759 4820 856 4893 qui
888 4825 1065 4877 Deum
1094 4823 1479 4894 genuit.N0ta,
1508 4839 1641 4879 eum
1673 4825 1967 4896 appellare
1998 4828 2101 4883 Pa-

2294 4823 2545 4901 θεογόνου
2625 4824 2882 4896 θεότητος
2920 4868 2933 4882 .
3034 4824 3353 4898 Σημείωσαι
3449 4825 3548 4881 ὅτι
3642 4825 3905 4905 θεογόνον

450 4914 600 4965 trem
632 4909 997 4966 divinitatem
1031 4927 1158 4982 quae
1188 4910 1373 4967 Deum
1406 4914 1693 4983 genuit,et
1721 4913 2061 4988 Unigenitur

2300 4935 2438 4985 τητα
2481 4915 2610 4990 φησὶ
2669 4914 2761 4969 τὸν
2822 4912 3053 4990 Πατέρα,
3100 4914 3190 4969 καὶ
3248 4914 3441 4983 υἱικὴν
3511 4917 3773 4988 θεότητα
3816 4918 3908 4972 τὸν

448 4997 689 5055 ﬁlialem
717 4999 1106 5055 divinitatem.

891 5000 1106 5055 itatem.
2205 5009 2502 5078 Μονογενῆ.

519 5087 737 5157 Fusius,
771 5090 868 5146 Gr.
901 5084 1235 5161 διεξοδικῶς.
1268 5093 1378 5145 Pro
1408 5086 1783 5164 πλατυτέρως,
1814 5092 2014 5151 latius.

1724 5112 1783 5159 νς,
1814 5092 2014 5151 latius.
2278 5087 2621 5162 Διεξοδικῶς.
2657 5092 2803 5148 Ἀντὶ
2831 5095 2929 5147 τοῦ
2966 5089 3335 5166 πλατυτέρως.

521 5175 717 5231 Omnia
742 5194 843 5248 per
870 5178 1226 5250 ipsumNota
1256 5180 1434 5250 quod,
1459 5180 1596 5234 dum
1631 5180 1771 5236 dicit
1802 5183 2000 5237 omnia
2029 5200 2097 5240 ex

2305 5181 2355 5238 Τὰ
2404 5182 2576 5236 πάντα
2633 5179 2702 5235 δι’
2759 5180 2944 5236 αὐτοῦ.
3001 5181 3344 5254 Σημείωσαι,
3400 5179 3546 5238 ὅταν
3612 5182 3767 5260 λέγῃ
3829 5182 3916 5239 ὅτι

448 5262 564 5320 Deo
586 5279 737 5331 esse,
771 5269 956 5321 totam
979 5266 1341 5324 divinitatem
1364 5267 1848 5339 comprehensive
1874 5269 2059 5341 signiﬁ

2316 5270 2486 5325 πάντα
2518 5270 2577 5325 ἐκ
2621 5274 2716 5325 106
2741 5274 2873 5327 Θεοῦ
2923 5270 3055 5341 ἐστι,
3108 5268 3552 5347 περιληπτικῶς
3597 5276 3711 5345 τήν
3773 5272 3915 5346 ὅλην

1424 5449 1658 5506 VARIIE
1697 5449 2091 5508 LEGTIONES
2130 5452 2222 5508 ET
2262 5451 2823 5511 CORRECTIONES.

520 5605 565 5697 ξθ
718 5602 1265 5697 ἀνομάτων,τγρῇται
1296 5608 1695 5697 τῇηλέξεικίίνα.
1726 5682 1749 5697 Δ
1773 5611 1819 5697 εξ
1845 5630 1930 5685 γρ.
1963 5614 2092 5697 τῶν,
2132 5611 2464 5697 προσώπων.
2541 5616 2591 5697 ⁸⁸,
2628 5634 2715 5689 γρ.
2764 5612 2906 5697 οὕτω
2953 5615 3066 5697 ιιιαῖΔ
3091 5619 3170 5697 τῷ
3198 5616 3328 5697 ἱςὶᾦ,
3361 5615 3436 5697 ’Ξὸ
3470 5618 3645 5697 Υῇς,
3680 5622 3785 5697 καί
3842 5625 3925 5696 τῷ

449 5677 918 5768 ἁγίιξιινεύματι,
949 5677 1011 5731 τὸ
1046 5677 1292 5768 ρνεῦμαλ
1341 5677 1406 5767 ’ξθ
1557 5681 1691 5768 ὅλην
1725 5677 1972 5768 θεότῇτα.
2010 5753 2019 5768 Ι
2049 5684 2092 5717 ⁸⁷
2244 5685 2408 5757 μέγας
2440 5677 2714 5748 Διονύσίὸς
2745 5687 2928 5758 οὗτος,
2965 5677 3181 5762 μαθήσίῃ
3213 5677 3432 5753 ἐν’ταῖς
3501 5677 3925 5768 Ἐπῖσ-τολαῖέ,

444 5746 542 5818 τήν
568 5746 802 5819 δεκάτην
834 5746 1239 5823 ἀναγινώσκων,
1266 5753 1328 5819 ἣν
1359 5746 1573 5825 ἔγραψε.
1650 5746 1693 5789 δε
1722 5773 1807 5826 γρ.
1845 5746 2180 5826 Σημείωσαῖ.
