4080 6366
256 448 360 503 213

1023 455 1079 506 Β.
1122 456 1392 510 MAXIM]
1432 456 1736 509 SCHOLIA
1775 460 1846 510 ΙΝ
1888 458 2018 509 LIB.
2059 461 2154 511 DE
2193 460 2465 513 DIVINIS
2504 460 2913 515 NOMINIBUS.

3567 461 3674 516 214

261 571 482 642 θεότητα
544 572 830 645 σημαίνει,
885 573 1127 631 τουτέστι
1158 576 1256 644 τὴν
1318 577 1475 652 ἀγίαν
1523 576 1742 651 Τριάδα·
1787 577 1895 633 ὅτακ

2027 584 2137 650 cat,
2164 580 2221 637 id
2253 587 2343 638 est
2372 586 2636 638 sanctam
2658 582 3000 639 Trinitatem
3027 600 3039 637 ε
3087 585 3322 656 quando
3353 588 3547 640 autem
3588 586 3680 641 di-

266 658 320 716 δὶ
371 664 522 739 cpit”,
575 662 646 716 τὰ
704 664 878 718 πάντα
933 661 1002 718 δι’
1059 664 1225 720 αὐτοῦ
1283 666 1373 719 καὶ
1422 666 1498 727 είς
1556 666 1717 721 αὐτὸν
1771 664 1910 721 ἴκτι-

262 771 393 818 σται,
471 748 791 821 διεξοδικῶς
860 754 985 829 περί
1058 757 1167 808 τῶν
1229 754 1575 809 ὑποστάσεων
1640 755 1910 827 σημαίνει·

261 844 412 895 τοῦτο
438 839 547 915 γὰρ
580 840 659 902 είς
692 840 784 895 τὸν
820 839 1215 917 δημιουργικὸν
1240 842 1399 920 λόγον
1428 840 1674 915 ἐδέξαντο
1696 844 1911 907 πάντες.

327 931 421 986 Καὶ
455 929 645 989 αὐτοῦ.
672 932 786 987 Τοῦ
817 932 1002 1007 Λόγου
1032 930 1312 1003 δηλονότι.

326 1023 671 1081 Κοινωνικῶς
702 1022 791 1075 καὶ
822 1020 1143 1093 ἡνωμένως.
1180 1022 1494 1095 Σημείωσαι
1526 1020 1607 1076 ὅτι
1656 1043 1909 1077 κοινωνι-

259 1111 363 1169 κῶς
389 1107 601 1176 ἥνωται
626 1109 696 1163 τὰ
722 1116 823 1179 τῆς
853 1110 1008 1185 ἁγίας
1030 1109 1278 1186 Τριάδος.

326 1197 434 1257 Τὰς
463 1198 771 1273 θεουργίας.
833 1201 965 1255 Οἴον
1022 1200 1107 1266 τὸ,
1172 1200 1318 1273 Ἐγὼ
1377 1200 1428 1253 ἐν
1471 1199 1746 1273 Πνεύματι
1778 1204 1911 1255 Θεοῦ

258 1279 508 1340 ἐκϐάλλω
587 1287 657 1340 τὰ
736 1285 1027 1359 δαιμόνια’
1098 1289 1160 1343 τὸ
1220 1284 1397 1358 σέϐας,
1458 1289 1533 1351 ὡς
1573 1288 1656 1343 τό*
1707 1288 1799 1352 Εἷς
1847 1289 1909 1343 τὸ

256 1374 398 1449 ἅγιον
461 1380 686 1448 Πνεῦμα
760 1375 1220 1454 βλασφημήσαντι
1282 1377 1380 1433 οὐκ
1437 1378 1798 1452 ἀφεθήσεται·
1848 1378 1909 1432 τὸ

254 1459 308 1517 δὶ
333 1467 441 1518 τῶν
476 1460 722 1538 δωρεῶν,
770 1465 893 1534 ἤτοι
947 1471 1054 1521 τῶν
1103 1466 1480 1542 χαρισμάτων,
1522 1467 1573 1521 ἂν
1605 1471 1682 1539 τῷ
1708 1466 1906 1542 λέγειν’

252 1553 498 1624 Λήψεσθε
528 1549 756 1626 δύναμιν
786 1551 1114 1619 ἐπελθόντος
1145 1559 1243 1611 τοῦ
1283 1554 1436 1631 ἁγίου
1466 1555 1778 1629 Πνεύματος
1825 1555 1906 1630 ἐφ’

255 1642 412 1713 ὑμᾶς.

316 1731 425 1797 Τὴν
478 1730 721 1805 πηγαίαν
757 1773 770 1799 ,
826 1727 1057 1806 Εἴρηται
1116 1732 1166 1786 ἐν
1227 1736 1390 1806 [τοῖς]
1442 1732 1720 1807 Ψαλμοῖς.
1780 1737 1901 1791 Ὅτι

248 1818 392 1891 παρᾶ
446 1819 531 1873 σοὶ
591 1820 743 1895 πηγὴ
797 1824 965 1890 ζωῆς,
997 1822 1087 1876 καὶ
1119 1820 1171 1877 ἐν
1221 1822 1474 1896 Ἱερεμίᾳ.
1519 1822 1657 1895 Ἐμὲ
1714 1822 1900 1897 ἐγκατ-

2024 670 2123 741 cit,
2155 671 2343 726 omnia
2366 688 2462 744 per
2490 672 2673 743 ipsum
2696 677 2747 727 et
2779 673 2839 727 in
2863 675 2981 743 ipso
3010 682 3211 741 creata,
3246 675 3316 729 de
3345 674 3672 730 subsisten-

2022 760 2119 814 tiis
2152 761 2277 816 luse
2325 762 2653 833 signiﬁcat;
2716 762 2826 817 hoc
2888 763 3043 817 enim
3095 780 3298 819 omnes
3356 764 3426 819 de
3482 762 3673 819 Verbo

2020 848 2254 902 creandi
2286 848 2497 904 virtute
2534 849 2774 920 praedito
2809 858 3179 921 acceperunt.

2090 937 2155 991 Et
2185 937 2384 1006 ipsius.
2421 938 2656 993 Scilicet
2687 939 2883 994 Verbi.

2093 1026 2573 1083 Communicative
2604 1032 2653 1082 et
2684 1027 3123 1083 unite.Adverte
3155 1028 3435 1083 attributa
3456 1031 3670 1085 sanctas

2020 1115 2327 1171 Trinitatis
2359 1117 2753 1171 communiter
2784 1117 2952 1171 unita
2983 1134 3131 1172 esse.

2090 1204 2409 1259 Divinitatis
2440 1204 2844 1277 operas.Veluti
2879 1224 2890 1260 :
2927 1208 3043 1276 Ego
3066 1206 3125 1261 in
3149 1205 3362 1277 Spiritu
3385 1207 3487 1261 Dei
3505 1206 3667 1274 eiicio

2017 1293 2291 1348 daemonia
2314 1295 2384 1365 (0)
2431 1295 2867 1350 venerationem
2903 1300 2969 1349 ut
3002 1312 3015 1351 :
3072 1295 3177 1363 Qui
3210 1295 3671 1367 blasphemaverit

2016 1382 2079 1437 in
2107 1382 2385 1453 Spiritum
2414 1392 2694 1453 sanctum,
2725 1401 2838 1439 non
2870 1384 3186 1439 remittetur
3217 1386 3289 1456 (q)
3322 1400 3335 1439 :
3380 1384 3442 1438 τὸ
3475 1380 3533 1438 δὶ
3560 1387 3665 1438 τῶν

2017 1466 2560 1544 δωρεῶν,ιηιιηενιιηι
2592 1488 2693 1527 seu
2728 1472 3336 1543 charismatum,dum
3368 1474 3485 1530 ait:
3510 1474 3667 1530 Acci-

2012 1560 2176 1632 pietis
2219 1560 2483 1617 virtutem
2506 1561 2751 1633 Spiritus
2779 1562 2969 1618 sancti
3009 1562 3067 1617 in
3099 1578 3187 1618 vos
3212 1562 3303 1634 (q).

2083 1740 2389 1795 Fama-nam
2420 1755 2513 1794 seu
2570 1740 2983 1796 scaturientem.
3013 1741 3236 1796 Dicitur
3260 1742 3319 1796 in
3364 1741 3609 1797 Psalmis
3642 1758 3657 1797 :

2009 1827 2155 1897 Quia
2184 1829 2333 1899 apud
2366 1833 2415 1883 te
2440 1832 2569 1900 fons
2590 1829 2725 1885 vitae
2754 1831 2843 1900 (r),
2896 1831 3049 1885 109
3080 1835 3137 1885 et
3167 1830 3226 1885 in
3258 1830 3508 1887 Jeremia
3541 1831 3659 1885 :Me

248 1904 436 1961 έλιπον
506 1909 696 1981 πηγὴν
770 1904 964 1971 ὕδατος
1025 1914 1249 1978 ζῶντος.
1300 1912 1360 1967 Ὁ
1416 1911 1508 1965 οῦν
1566 1912 1693 1973 Θεὸς
1750 1909 1895 1987 λέγε-

2015 1916 2640 1989 deretiquerunt/‘ontem
2661 1933 2823 1989 aquae
2838 1918 2980 1975 viva
3000 1920 3249 1989 (s).Deus
3279 1936 3414 1992 ergo
3444 1919 3660 1974 dicitur

244 2017 331 2050 ται
357 1997 536 2071 πηγὴ,
572 1997 663 2051 οἷά
692 2018 775 2058 τις
808 1999 989 2073 μήτρα
1014 1998 1106 2052 καὶ
1139 1998 1287 2074 ἀρχὴ
1319 1999 1408 2053 καὶ
1440 1998 1584 2054 αΐτία
1630 2004 1737 2054 τῶν
1798 2021 1896 2078 φα-

244 2086 439 2140 νέντων
487 2085 577 2139 καὶ
628 2084 1011 2159 προελθόντων
1062 2086 1137 2149 εἷς
1168 2086 1353 2142 οὐσίαν
1383 2087 1650 2143 ἁπάντων·
1711 2086 1743 2142 ἃ
1797 2090 1898 2164 γὰρ

243 2173 425 2229 καλεῖν
458 2173 682 2238 εἰώθασί
710 2195 854 2237 τινες
903 2175 1192 2245 καθολικὰ,
1252 2176 1375 2244 ἦτοι
1433 2178 1584 2252 γένη,
1634 2179 1670 2247 ἢ
1705 2176 1829 2245 ὅλα,
1860 2177 1895 2246 ἢ

242 2264 589 2339 περιέχοντα,
652 2264 744 2318 ἅτε
790 2261 1164 2338 περιληπτικὰ
1205 2269 1312 2319 τῶν
1349 2270 1586 2340 μερικῶν
1619 2264 1670 2336 ἐξ
1719 2266 1893 2321 αὐτῶν

241 2348 515 2426 προόδων,
563 2356 734 2407 ταῦτα
765 2353 819 2406 αἱ
847 2354 985 2407 θεῖαι
1035 2353 1241 2431 Γραφαὶ
1288 2354 1524 2428 πηγαίαν
1565 2354 1740 2409 αἰτίαν
1795 2376 1896 2431 φα-

238 2438 308 2493 σί·
360 2437 453 2495 διὰ
493 2442 553 2496 τὸ
605 2437 1002 2516 δημιουργικὸν
1034 2443 1216 2497 τοίνυν
1261 2442 1353 2497 καὶ
1403 2443 1751 2498 ἀνέκλειπτον
1787 2449 1893 2498 τῶν

242 2526 326 2583 διὰ
353 2534 453 2584 τοῦ
486 2528 799 2602 Πνεῦματος
853 2530 1251 2607 ὑφισταμένων,
1292 2530 1381 2585 καὶ
1436 2529 1517 2585 ὅτι
1566 2532 1628 2586 τὸ
1676 2537 1896 2604 Πνεῦμα

234 2619 295 2672 τὸ
354 2618 511 2693 ἅγιον
561 2618 652 2673 καὶ
712 2618 842 2673 αὐτὸ
902 2621 1162 2692 [πάντων]
1209 2624 1315 2674 τῶν
1363 2616 1532 2675 ὄντων
1566 2620 1759 2688 αἴτιον,
1821 2621 1895 2685 ὡς

236 2708 323 2761 καὶ
357 2706 411 2761 ἐν
440 2710 511 2780 τῇ
541 2706 717 2778 Σοφίᾳ
758 2704 992 2781 εἷ’ρηται,
1046 2708 1271 2770 εἰκότως
1319 2709 1408 2763 καὶ
1464 2710 1701 2784 πηγαίαν
1761 2711 1893 2765 αὐτὸ

232 2795 411 2850 αἰτίαν
447 2796 713 2869 θεολογεῖ·
772 2796 835 2850 τὸ
895 2793 951 2851 δὲ
981 2796 1329 2852 ἀνέκλειπτον
1382 2802 1477 2852 τοῦ
1537 2795 1890 2874 δημιουργεῖν

231 2884 431 2949 ἐκεῖθεν
466 2885 661 2954 νόησον
696 2885 772 2947 εἷς
798 2886 881 2939 τό·
952 2886 1014 2942 Ὀ
1071 2888 1266 2962 Πατήρ
1332 2907 1424 2959 μοι
1455 2882 1559 2950 ἕως
1584 2885 1704 2963 ἄρτι
1731 2887 1891 2963 ἐργά-

237 2974 406 3043 ζεταί,
458 2974 609 3049 κάγὼ
635 2971 950 3049 ἐργάζομαι.
1007 2974 1268 3037 ὡσαύτως
1315 2976 1405 3030 καὶ
1445 2976 1508 3030 τὸ
1554 2981 1774 3049 Πνεῦμα
1828 2980 1891 3031 τὸ

235 3064 408 3138 ἅγιον,
441 3061 534 3115 σὺν
566 3063 647 3133 τῷ
699 3062 892 3137 Πατρὶ,
946 3065 1033 3118 καὶ
1075 3068 1155 3135 τῷ
1181 3065 1291 3136 Υἱῴ
1322 3064 1403 3119 ἀεὶ
1435 3065 1713 3140 ἐργάζεται
1744 3067 1893 3121 ἀνεκ-

235 3150 500 3213 λείπτως·
535 3146 746 3227 εἷ’ρηται
776 3153 898 3227 γάρ’
947 3151 1359 3225 Ἐξαποστελεῖς
1402 3154 1464 3209 τὸ
1504 3156 1726 3228 ΙΙνεῦμά
1772 3176 1889 3228 σου,

232 3241 320 3295 καὶ
351 3241 760 3310 κτισθήσονται.

299 3423 326 3489 §
386 3420 457 3475 ιι.

228 3504 641 3585 ἀδιαστρόφοις·
695 3504 882 3576 ἐπειδὴ
928 3507 1016 3563 καὶ
1049 3508 1101 3562 οἳ
1156 3508 1418 3582 αἱρετικοὶ
1466 3511 1886 3585 ἀναγινώσκουσι

230 3596 322 3659 τὰς
381 3597 624 3674 Γραφὰς,
665 3596 755 3651 καὶ
816 3596 1159 3675 ἐντρέφονται
1218 3596 1272 3652 ἐν
1322 3596 1531 3670 αὐταῖς,
1590 3598 1678 3653 καὶ
1737 3597 1887 3672 ὅμως

236 3684 647 3763 διαστρέφουσιν
682 3684 925 3747 ἑαυτούς.

306 3779 654 3849 Θεοπρεποῦς
714 3772 1030 3850 διαιρέσεως
1063 3819 1075 3832 .
1139 3782 1424 3850 Θεοπρεπῆ
1486 3772 1742 3850 διαίρεσιν
1802 3776 1889 3831 ἐπὶ

234 3868 332 3930 τῆς
366 3864 530 3939 ἀγίας
587 3860 814 3940 Τριάδος
850 3864 951 3932 τὴν
1012 3865 1136 3937 περὶ
1183 3868 1290 3918 τῶν
1336 3865 1676 3921 ὑποστάσεων
1730 3866 1890 3940 ἀσύγ-

239 3972 403 4028 χυτον
436 3952 541 4029 ἔφη
572 3956 792 4027 γνῶσιν·
843 3953 932 4007 καὶ
985 3950 1067 4006 ὅτι
1109 3952 1169 4007 οὐ
1203 3954 1314 4028 χρή
1357 3954 1655 4031 φροντίζειν
1688 3955 1889 4009 πείθειν

233 4042 360 4105 τοὺς
394 4044 472 4114 μή
505 4039 841 4117 δεχομένους
867 4043 970 4109 τὴν
995 4041 1137 4096 θείαν
1161 4044 1401 4119 Γραφήν.
1433 4044 1503 4097 Τὸ
1546 4044 1646 4119 γὰρ
1695 4048 1893 4107 κοινῶς

236 4130 321 4186 ἐπὶ
370 4138 472 4201 τῆς
516 4131 676 4206 ἆγίας
717 4127 946 4205 Τριάδος
991 4128 1269 4206 θεολογεῖν
1319 4130 1424 4186 οὐκ
1468 4127 1578 4186 ἔστι
1626 4131 1889 4208 σύγχυσιν

238 4219 468 4295 εἰσάγειν
493 4220 606 4274 τῶν
639 4217 1001 4274 ὑποστάσεων.

305 4308 428 4366 Ἐπὶ
457 4310 557 4378 τήν
609 4307 956 4382 θεολογικήν.
1009 4306 1347 4383 Θεολογικὴν
1397 4308 1704 4383 ἐπιστήμην
1750 4310 1890 4366 ἀνω-

234 4398 373 4472 τέρω
403 4397 531 4472 περὶ
563 4400 696 4452 Θεοῦ
723 4394 1084 4471 διηγούμενος
1103 4399 1168 4463 9°,
1204 4395 1301 4451 οὐκ
1330 4392 1430 4475 ἔφη
1486 4400 1653 4468 αὐτὴν
1672 4402 1713 4436 ⁰¹
1774 4398 1890 4454 ἐπι-

240 4488 456 4560 στήμην
515 4485 682 4540 εἶναι·
746 4483 972 4540 ἰνταῦθα
1025 4483 1082 4539 δὲ
1134 4486 1201 4539 τὰ
1256 4487 1379 4560 περὶ
1440 4486 1720 4564 θεολογίας
1779 4488 1892 4544 ἐπι-

237 4578 454 4648 στήμην
488 4574 677 4652 φησίν.
710 4574 1023 4646 Ἐπιστήμη
1067 4571 1124 4628 δέ
1155 4572 1267 4628 ἐστι
1299 4571 1424 4644 δόξα
1452 4574 1586 4650 ὀρθὴ
1638 4575 1888 4651 λογισμῷ

241 4661 450 4727 δεθεῖσα
471 4666 536 4735 9³,
578 4664 606 4733 ἢ
659 4661 824 4737 λόγος
853 4661 1066 4731 ἀληθὴς
1089 4662 1173 4716 ἐπὶ
1210 4659 1449 4717 διάνοιαν
1481 4663 1887 4737 ἀμετάπτωτος,

236 4754 323 4807 καὶ
374 4755 411 4822 ἡ
444 4746 677 4825 ἀκριϐὴς
711 4749 918 4821 ε’ίδησις
945 4748 1043 4805 τοῦ
1074 4752 1392 4826 πράγματος
1419 4752 1508 4807 καὶ
1568 4754 1887 4831 ἀπόφανσις,
1921 4795 1965 4859 D

273 4840 300 4859 ν
403 4839 508 4859 ιη,
711 4839 725 4859 ν
885 4841 899 4859 1
1054 4838 1239 4859 ,κ-ι
1324 4840 1476 4859 ...κν
1684 4840 1819 4859 ελ...

244 4840 302 4896 οῦ
329 4842 421 4896 καὶ
453 4839 672 4915 λέγεται
708 4839 1011 4912 ἐπιστήμη,
1043 4838 1301 4909 ἀληθείας
1324 4843 1367 4877 ’³
1414 4840 1580 4916 λόγον
1611 4843 1701 4897 καὶ
1731 4840 1885 4914 δόξαν

250 4930 409 5007 ὀρθὴν
442 4924 901 5005 προϐαλλομένη,
939 4929 1013 5001 μή
1048 4925 1276 5000 δεομένη
1312 4936 1410 4999 τῆς
1439 4928 1497 4984 ἐκ
1542 4934 1887 5007 παραθέσεως

239 5019 329 5073 τοῦ
361 5017 562 5091 ὁμοίου
596 5012 964 5092 βεϐαιώσεως.

305 5111 411 5169 Τὰς
457 5106 601 5171 θείας
639 5104 1011 5183 ἐκφαντορίας.
1071 5106 1459 5183 Ἑκφαντορίας
1504 5110 1633 5184 φησί
1684 5112 1778 5172 τὰς
1823 5112 1890 5166 τὰ

246 5198 511 5271 μυστήρια
540 5193 895 5268 ἐκφαινούσεις
925 5190 1297 5259 διδασκαλίας.

309 5287 391 5341 Ἐν
426 5286 641 5346 ἑαυτοῖς
687 5282 1028 5353 ἀπλήθυντα.
1070 5286 1189 5338 Ὅτι
1223 5283 1283 5339 οὐ
1316 5282 1399 5340 δεῖ
1426 5285 1732 5361 παρεξιέναι
1788 5288 1887 5355 τήν

242 5374 377 5429 θείαν
409 5374 626 5449 Γραφήν
658 5370 709 5427 ἐν
740 5376 821 5443 τῷ
851 5370 1151 5447 θεολογεῖν.

2006 2007 2150 2076 fons,
2181 2005 2359 2061 veluti
2393 2007 2608 2062 matrix
2640 2007 2838 2077 aliqua
2888 2013 2944 2062 et
3000 2008 3352 2080 principium
3392 2015 3448 2063 et
3478 2024 3657 2063 causa

2008 2095 2273 2150 omnium
2293 2112 2421 2166 quas
2442 2101 2729 2167 apparent
2744 2100 2800 2151 et
2836 2097 2905 2151 ad
2938 2097 3337 2152 exsistentiam
3360 2098 3657 2169 progredi-

2006 2187 2190 2238 untur
2215 2200 2228 2238 :
2253 2184 2544 2255 siquidem
2570 2202 2696 2255 quas
2712 2184 2893 2255 aliqui
2916 2184 3104 2240 solent
3124 2202 3328 2241 vocare
3350 2187 3651 2241 universa-

2004 2272 2211 2340 lia,seu
2232 2273 2567 2343 genera,vel
2601 2278 2742 2341 tota,
2777 2273 2863 2329 vel
2896 2275 3280 2340 continentia,
3316 2274 3495 2330 veluti
3518 2292 3644 2345 quas

2004 2360 2470 2432 complectuntur
2487 2362 2765 2433 partiales
2782 2379 2852 2417 ex
2872 2363 3019 2434 ipsis
3050 2374 3390 2418 emananles
3415 2381 3646 2434 proces-

2004 2450 2220 2519 siones,
2243 2449 2364 2504 haec
2387 2450 2597 2505 divinae
2629 2451 2944 2522 Scripturaa
2970 2452 3271 2506 fontanam
3296 2469 3533 2508 causam
3559 2453 3648 2508 di-

2003 2543 2178 2606 cunt;
2212 2554 2348 2610 ergo
2372 2555 2472 2609 per
2498 2540 2732 2594 creandi
2760 2540 3093 2595 facultatem
3121 2553 3178 2595 et
3201 2540 3515 2596 carentiam
3550 2543 3649 2597 de-

2004 2628 2189 2682 fectus
2212 2643 2553 2698 eorumque;
2577 2628 2970 2700 perSpiritum
2999 2635 3267 2684 sanctum
3291 2630 3646 2698 subsistunt,

2001 2717 2265 2788 etipsum
2290 2732 2521 2788 quoque
2543 2717 2824 2788 Spiritum
2855 2718 3646 2791 sanctum[omnium]rerum

2000 2822 2128 2863 esse
2151 2810 2470 2869 auctorem,
2496 2806 2649 2861 sicut
2679 2806 2735 2860 in
2762 2807 3054 2877 Sapientia
3074 2808 3308 2873 dicitur,
3332 2807 3647 2878 probabili-

2000 2899 2085 2947 ter
2114 2892 2287 2947 etiam
2314 2891 2509 2963 ipsum
2544 2893 2843 2946 fontanam
2869 2910 2997 2949 esse
3037 2910 3301 2960 causam,
3339 2899 3400 2950 ut
3429 2897 3499 2949 de
3529 2896 3644 2951 Deo

1999 2982 2271 3037 disserit:
2303 2982 2759 3052 perpetuitatem
2801 2998 2933 3038 vero
2965 2984 3200 3039 creandi
3232 3001 3300 3039 ex
3330 2999 3396 3038 eo
3431 2984 3643 3039 intelli-

1998 3086 2109 3142 ge:
2143 3073 2312 3124 Pater
2339 3085 2493 3124 meus
2519 3085 2692 3140 usque
2749 3071 2914 3126 modo
2971 3074 3250 3143 operatur,
3309 3081 3362 3127 et
3396 3088 3489 3143 ego
3517 3087 3643 3143 cpe-

1996 3175 2090 3215 ror
2117 3159 2184 3229 (ί)
2215 3176 2234 3214 .·
2263 3157 2536 3215 similiter
2564 3160 2740 3214 etiam
2773 3158 3027 3231 Spiritus
3054 3164 3454 3229 sanctus,cum
3483 3163 3647 3218 Patre

1996 3253 2054 3303 et
2088 3247 2225 3302 Filio
2257 3262 2486 3318 semper
2506 3252 2819 3315 operatur;
2850 3248 3068 3304 dictum
3093 3254 3183 3305 est
3197 3250 3355 3306 enim
3380 3265 3394 3305 :
3418 3250 3646 3306 Emitte:

1995 3336 2267 3407 Spiritum
2297 3345 2471 3402 tuum,
2503 3338 2555 3389 et
2601 3336 2943 3391 creabuntur
2971 3337 3073 3407 (u).

540 3415 958 3496 Ἀδιαστρόφοις
1029 3417 1299 3483 ἐννοίαις.
1377 3418 1571 3483 Καλῶς
1648 3420 1764 3475 εἶπε
1827 3423 1890 3477 τὸ

2073 3425 2204 3493 §Il.
2254 3425 2424 3479 Haud
2452 3423 2731 3494 perversis
2788 3424 3198 3494 intelligentiis.
3255 3426 3429 3480 Recte
3476 3425 3641 3493 dixit,

2000 3530 2115 3567 non
2149 3528 2455 3583 perversa;
2482 3512 2758 3582 quoniam
2792 3512 3049 3567 haeretici
3072 3513 3644 3585 leguntScripturas,

1999 3607 2055 3657 et
2084 3602 2143 3656 in
2177 3601 2319 3671 ipsis
2350 3601 2680 3656 educantur
2706 3625 2719 3667 ;
2750 3606 3011 3656 attamen
3041 3602 3266 3673 seipsos
3286 3606 3643 3673 pervertunt.

2070 3779 2452 3836 Distinctiom's
2485 3781 2590 3835 Deo
2621 3779 2828 3851 dignae.
2864 3780 3111 3851 Dignam
3143 3780 3258 3836 Deo
3290 3781 3641 3840 divisionem

1998 3869 2055 3924 in
2092 3874 2294 3925 sancta
2324 3868 2628 3935 Trinitate,
2664 3887 2777 3925 non
2807 3870 3112 3926 confusam
3134 3871 3206 3924 de
3244 3871 3645 3929 subsistentiis

1999 3959 2394 4031 cognitionem
2428 3958 2609 4027 dixit;
2644 3974 2834 4029 neque
2864 3959 3321 4014 incumbendum
3359 3977 3489 4015 esse
3510 3977 3643 4032 per-

2001 4047 2319 4104 euadendis
2351 4047 2424 4102 iis
2455 4048 2556 4117 qui
2590 4047 2954 4118 Scripturam
2987 4048 3265 4118 rejiciunt
3289 4065 3301 4103 :
3329 4066 3465 4104 nam
3490 4066 3645 4106 com-

2000 4137 2259 4192 muniter
2287 4138 2355 4191 de
2384 4139 2587 4191 sancta
2616 4135 2900 4191 Trinitate
2934 4139 2995 4191 ut
3024 4136 3140 4191 Deo
3181 4136 3366 4208 loqui,
3399 4138 3641 4194 minime

2000 4232 2090 4282 est
2119 4240 2501 4298 personarum
2548 4224 2955 4278 confusionem
3006 4224 3303 4281 inducere.

2070 4316 2147 4370 Ad
2177 4313 2559 4381 theologicam.
2589 4310 3000 4383 Theologicam
3036 4312 3346 4369 scientiam
3369 4315 3642 4385 superius
3706 4324 3711 4327 ’

1999 4406 2070 4460 de
2100 4404 2216 4458 Deo
2246 4402 2561 4471 disserens,
2597 4418 2714 4456 non
2746 4400 2894 4457 dixit
2923 4401 3110 4472 ipsam
3145 4402 3451 4458 scientiam
3474 4419 3603 4459 esse
3628 4420 3641 4458 ε

1999 4492 2094 4545 hic
2121 4507 2257 4545 vero
2291 4491 2583 4546 disserens
2639 4491 2710 4545 de
2759 4490 2832 4545 iis
2877 4507 3005 4561 quas
3066 4508 3398 4547 sermonem
3429 4492 3499 4546 de
3528 4491 3643 4546 Deo

1999 4578 2485 4650 complectuntur,
2502 4578 2808 4634 scientiam
2847 4579 3010 4635 dicit.
3030 4580 3131 4635 Est
3162 4584 3355 4635 autem
3380 4579 3645 4647 scientia,

1999 4674 2156 4724 recta
2185 4668 2382 4739 Opinio
2415 4668 2857 4724 ratiocinatione
2884 4670 3115 4738 vincta;
3152 4676 3250 4725 aut
3287 4686 3423 4725 vera
3452 4670 3511 4725 in
3555 4669 3643 4724 in-

1998 4756 2233 4813 tellectu
2268 4757 2416 4812 ratio
2448 4757 2841 4813 immutabilis
2872 4762 2928 4813 et
2957 4763 3232 4813 accurata
3289 4759 3371 4813 rei
3394 4757 3645 4831 cognitio

1997 4851 2054 4902 et
2083 4846 2527 4910 demonstratio,
2560 4847 2729 4917 cujus
2760 4846 2933 4902 etiam
2996 4847 3211 4901 dicitur
3252 4846 3516 4913 scientia,
3548 4863 3643 4901 ve-

1998 4935 2189 4990 ritatis
2213 4934 2499 4989 rationem
2532 4939 2589 4989 et
2642 4939 2866 4989 rectam
2913 4935 3249 5007 opinionem
3289 4951 3645 5007 proponens,

1998 5040 2113 5078 non
2146 5023 2417 5096 indigens
2449 5023 2751 5079 additione
2783 5025 3248 5080 conﬁrmationis
3280 5024 3535 5081 asimili.

2067 5113 2270 5168 Divina
2297 5114 2737 5184 explanationes.
2782 5111 3164 5189 Ἐκφαντορίας
3221 5117 3407 5181 vocat,
3467 5112 3645 5171 disci-

2000 5201 2220 5275 plinam
2254 5220 2384 5273 qua:
2414 5203 2660 5274 myteria
2680 5204 2936 5274 exponit.

2068 5293 2131 5347 In
2161 5292 2357 5364 seipsis
2387 5292 2509 5348 sine
2528 5292 2835 5347 additione.
2870 5292 2994 5347 Non
3017 5307 3147 5348 esse
3196 5291 3399 5349 leviter
3426 5294 3649 5351 transi-

2001 5382 2251 5453 gendam
2282 5382 2665 5453 Scripturam,
2724 5397 2858 5435 cum
2892 5396 3085 5437 sermo
3125 5382 3198 5437 de
3227 5381 3344 5439 Deo
3374 5382 3647 5441 habetur.

308 5503 541 5584 (cuiue.
572 5515 654 5569 χι,
685 5500 777 5556 20.
812 5500 915 5571 (p).
949 5499 1088 5555 Luc.
1122 5516 1227 5571 xu,
1262 5502 1347 5557 10.
1378 5502 1600 5577 (q)Act.
1633 5522 1673 5574 ι,
1708 5507 1761 5560 8.
1787 5506 1862 5580 (r)
1891 5512 1895 5561 ξ

2015 5508 2043 5563 l.
2077 5526 2244 5576 xxxv,
2279 5510 2365 5564 10.
2399 5509 2466 5578 (δ)
2495 5507 2611 5562 Jer.
2646 5525 2708 5578 ιι,
2748 5508 2831 5561 13.
2867 5508 2931 5581 (ι)
2961 5509 3132 5565 Joan.
3166 5527 3221 5581 ν,
3258 5512 3342 5566 l7.
3376 5510 3459 5584 (u)
3491 5510 3645 5568 Psal.

252 5589 367 5645 cm,
397 5574 486 5630 30.

1236 5662 1479 5720 VARI/E
1533 5665 1918 5723 LECTIONES
1966 5669 2055 5723 ET
2100 5667 2648 5724 CORBECTIONES.

310 5758 353 5796 '9
376 5779 462 5835 γρ.
496 5756 649 5835 φησί.
726 5760 771 5796 ⁰⁰
798 5776 887 5833 γρ.
920 5754 1338 5833 διαλεγόμενος.
1416 5763 1459 5799 ⁹¹
1492 5782 1582 5838 γρ.
1618 5762 1798 5822 αὐτόν.
1877 5767 1923 5801 ⁹²
1954 5784 2043 5840 γρ.
2080 5762 2315 5828 δοθεῖσα.
2392 5768 2436 5801 ⁹³
2466 5784 2552 5840 γρ,
2586 5762 2790 5835 ἀληθῆ.
