4080 6366
375 443 483 498 215

1192 439 1565 496 ΔΡΡΕΝΒΙΧ
1606 440 1701 492 AD
1740 437 1981 491 OPERA
2015 437 2075 489 S.
2114 436 2433 497 DIONYSII
2470 441 2967 500 AREOPAGITE.

3687 436 3797 492 216

454 570 480 636 §
512 567 610 622 IIl.
641 567 709 621 Et
738 579 862 637 quae
907 580 1004 636 per
1032 566 1448 632 exsuperantza.
1509 562 1616 617 Per
1669 558 2022 616 ablationem

2209 560 2237 632 Ξ
2285 562 2379 616 ΙΙΙ.
2428 562 2530 618 Καὶ
2581 563 2679 618 ὅσα
2732 570 2834 633 τῆς
2881 563 3251 637 ὑπεροχικῆς.
3304 559 3455 617 Κατὰ
3512 558 3797 637 ἀφαίρεσιν

386 661 581 712 mente
610 655 971 725 superiorem
1005 652 1209 708 laudes
1240 654 1338 707 Dei
1364 651 1754 722 praedicatzex
1784 649 1856 703 iis
1876 646 2032 703 enim

389 763 517 817 qua:
545 745 606 800 in
638 744 767 814 ipso
801 742 1046 797 minime
1074 743 1348 797 videntur
1391 739 1858 796 eminentissime
1896 737 2033 791 ado-

2143 645 2274 723 ὑπὲρ
2304 647 2507 705 ἔννοιαν
2538 650 2933 727 δοξολογεῖταυ
2994 650 3054 707 ἐκ
3106 652 3207 727 γὰρ
3263 653 3373 705 τῶν
3435 650 3513 722 μὴ
3567 651 3802 723 θεωρου-

2149 737 2319 808 μένων
2369 740 2493 813 περὶ
2572 742 2737 796 αὐτὸν
2791 736 3344 816 ὑπεραναϐεϐηκότως
3400 742 3805 813 προσκυνεῖται,

388 840 573 900 ratur,
604 832 784 887 veluti
819 836 883 886 ut
921 830 1298 895 immortalis,
1330 834 1395 885 ut
1452 825 1928 895 interminabilis,
1980 831 2038 880 et

2180 826 2258 880 ἴον
2292 828 2367 891 ὡς
2411 830 2691 898 ἀθάνατος,
2741 831 2815 892 ὡς
2844 830 3202 900 ἀτελεύτητος
3253 828 3343 883 καὶ
3396 823 3656 902 ἀόρατος,
3714 825 3805 881 καὶ

387 920 726 985 invisibilis,
759 926 816 975 et
846 921 1000 974 110
1032 918 1255 974 nullius
1287 918 1584 989 indigens,
1618 922 1674 971 et
1701 921 1909 970 caetera
1954 914 2037 969 si-

393 1011 557 1066 milia
591 1027 603 1066 :
629 1014 770 1065 sunt
800 1009 957 1064 enim
999 1009 1120 1063 haec
1150 1007 1328 1063 etiam
1358 1005 1629 1061 Trinitati
1661 1004 2037 1059 communia:

395 1116 568 1172 porro
598 1112 779 1155 causa:
806 1097 1082 1153 rationem
1114 1096 1376 1152 habentia
1410 1099 1549 1150 sunt
1594 1110 1720 1164 quae
1778 1094 1836 1146 in
1882 1108 2040 1147 crea-

2146 913 2415 989 ἀνενδεὴς,
2467 919 2557 973 καὶ
2582 919 2679 974 ὅσα
2711 924 2956 974 τοιαῦτασ
2984 919 3141 973 κοινὰ
3176 918 3277 994 γὰρ
3306 923 3408 986 τῆς
3436 913 3666 990 Τριάδος
3710 914 3800 970 καὶ

2145 1009 2334 1059 ταῦτα·
2368 1004 2709 1083 αἶ’τιολογικὰ
2739 1005 2795 1061 δέ
2821 1007 2952 1062 εἰσιν
3002 1006 3102 1061 ὅσα
3149 1006 3235 1060 ἐπὶ
3284 1007 3385 1075 τὴν
3437 1006 3612 1059 κτίσιν
3640 1007 3686 1040 ⁹⁴
3711 1001 3803 1080 ἓῤ-

2152 1092 2303 1168 ῥευσε
2332 1097 2459 1169 παρ’
2518 1097 2703 1163 αὐτοῦ,
2750 1094 2841 1151 ἅτε
2887 1096 3062 1151 αἰτίου
3106 1095 3308 1159 παντὸς
3357 1093 3553 1165 καλοῦ,
3607 1094 3680 1155 ὡς
3711 1094 3805 1168 γὲ-

395 1189 555 1244 tione
585 1188 657 1243 ab
687 1188 815 1259 ipso
875 1190 1243 1253 emanarunt,
1292 1188 1575 1256 tanquam
1620 1182 1875 1238 universi
1907 1181 2045 1237 boni

2180 1202 2405 1257 ραπται,
2441 1183 2521 1240 ὅτι
2553 1191 2656 1240 πᾶν
2688 1185 2799 1240 ἐστι
2822 1184 2990 1240 καλὸν
3024 1183 3213 1241 αὐτοῦ.

402 1282 659 1342 auctore,
691 1276 842 1332 sicut
870 1276 1156 1345 scriptum
1189 1277 1299 1342 est,
1331 1289 1488 1329 omne
1519 1274 1721 1328 bonum
1760 1274 1879 1341 ejus
1910 1286 2042 1326 esse.

2224 1272 2302 1328 Τὸ
2358 1277 2455 1327 τοῦ
2510 1271 2741 1348 Πατρός.
2794 1273 2946 1329 Κατὰ
2986 1277 3173 1328 κοινοῦ
3205 1270 3305 1346 [δὲ]
3335 1274 3399 1327 τὸ
3454 1270 3806 1345 ὑπερούσιον,

473 1366 675 1421 Patris.
708 1364 1221 1429 Subaudiendum,
1252 1377 1464 1417 nomen
1517 1364 1671 1432 quod
1730 1360 2047 1416 essentiam

2180 1361 2229 1421 bc
2304 1360 2390 1415 ἐπὶ
2442 1367 2538 1417 τοῦ
2588 1363 2819 1438 Ματρὸς,
2855 1361 2999 1418 οὕτω
3050 1363 3141 1417 καὶ
3193 1361 3302 1435 [ἐπὶ
3361 1366 3479 1431 τοῦ]
3541 1362 3669 1415 Υἱοῦ
3720 1360 3811 1414 καὶ

405 1458 669 1527 superat,
701 1453 854 1509 sicut
882 1453 941 1506 in
972 1457 1161 1520 Patre,
1194 1451 1276 1506 ita
1312 1450 1369 1504 in
1397 1450 1539 1506 Filio
1570 1456 1626 1504 et
1654 1450 1875 1520 Spiritu
1909 1466 2048 1504 san-

2180 1447 2266 1503 ἐπὶ
2316 1456 2435 1521 τοῦ]
2495 1452 2649 1527 ἁγίου
2706 1451 3059 1524 Πνεύματος,
3105 1453 3227 1507 Ἐπὶ
3275 1448 3333 1506 δὲ
3375 1456 3482 1505 τῶν
3542 1448 3814 1521 διακεκρι-

405 1548 518 1599 cto.
544 1546 608 1598 In
639 1542 934 1601 distinctis
966 1546 1164 1595 autem
1202 1544 1416 1595 sanctae
1448 1538 1775 1607 Trinitatis,
1830 1536 2051 1592 scilicet

2161 1535 2333 1611 μένων
2366 1547 2465 1607 τῆς
2515 1540 2667 1615 ἁγίας
2718 1538 2977 1613 Τριάδος,
3012 1542 3127 1595 οἷαν
3185 1540 3493 1613 ὀνομάτων,
3552 1535 3812 1610 οὐδεμίαν

408 1629 1010 1695 nominibus,nullam
1048 1630 1329 1699 [omnino]
1361 1634 1463 1683 aut
1492 1644 1621 1684 esse
1643 1627 2051 1699 reciprocatio-

2180 1628 2321 1700 moiv
2356 1628 2548 1701 [ὅλως]
2608 1631 2741 1684 εἴναι
2791 1630 3154 1707 ἀντιστροφὴν
3202 1630 3236 1697 ἢ
3282 1625 3593 1683 κοινωνίαν·
3638 1627 3666 1680 ὁ
3714 1626 3817 1701 γὰρ

409 1736 542 1775 nam
573 1723 673 1774 aut
704 1718 1179 1774 communionem
1206 1737 1219 1784 ;
1255 1733 1446 1787 neque
1501 1716 1656 1772 enim
1719 1718 1887 1771 Pater
1916 1715 2052 1771 reli-

2161 1718 2347 1792 Πατήρ
2395 1717 2494 1772 οὐκ
2550 1717 2611 1772 ἂν
2667 1714 2905 1780 εὐσεϐῶς
2956 1718 3190 1787 κληθείη
3250 1717 3396 1778 Υἱός·
3451 1712 3637 1771 οὐδὲὸ
3693 1716 3819 1776 Υἱὸς

411 1808 574 1881 giose
603 1811 909 1863 vocaretur
937 1806 1141 1872 Filius,
1168 1821 1272 1861 nec
1298 1805 1501 1872 Filius,
1523 1806 1726 1874 Pater;
1782 1806 2055 1877 idemque

2180 1807 2370 1877 Ιατήρ·
2403 1806 2465 1860 τὸ
2495 1806 2624 1861 αὐτὸ
2655 1807 2745 1861 καὶ
2776 1806 2864 1861 ἐπὶ
2888 1809 2932 1843 ⁸⁸
2962 1810 3060 1861 τοῦ
3092 1804 3251 1881 ἁγίου
3278 1802 3616 1877 Πνεύματος.

414 1897 786 1953 sentiendum
811 1896 881 1950 de
911 1894 1136 1966 Spiritu
1168 1898 1394 1949 sancto.

486 1990 617 2044 Iesu
643 1986 941 2043 secundum
968 2002 1085 2041 nos.
1145 1985 1312 2050 Nota,
1370 1984 1554 2040 solius
1596 1986 1695 2041 Dei
1730 1985 1900 2040 Verbi
1933 2001 2061 2041 esse

420 2076 905 2132 incarnationem.
940 2078 1187 2129 Prorsus
1214 2079 1405 2129 autem
1438 2075 1627 2145 ipsam
1665 2073 1826 2143 dicit,
1860 2077 2063 2129 contra

420 2162 1528 2238 Apollinarium,constareintelligente
1558 2163 1755 2218 anima
1784 2167 1841 2218 et
1860 2168 2061 2218 nostro

419 2271 698 2327 corpore;
751 2253 861 2308 hoc
917 2252 1073 2307 enim
1132 2251 1387 2307 declarat
1442 2253 1498 2307 id
1559 2255 1711 2323 quod
1744 2253 1869 2322 ipse
1899 2252 2060 2320 dicit,

417 2344 532 2397 καθ’
574 2343 742 2412 ἡμᾶς,
775 2340 917 2396 sicut
947 2357 1065 2405 nos,
1098 2341 1252 2411 quod
1305 2341 1477 2396 etiam
1526 2341 1765 2412 Eutychi
1798 2341 2060 2396 adversa-

419 2437 515 2488 tur
546 2451 560 2499 ;
595 2437 799 2488 contra
828 2430 1165 2485 Nestorium
1196 2446 1330 2484 vero
1360 2434 1450 2484 est
1504 2431 1660 2500 quod
1693 2430 1809 2485 ait:
1856 2432 2061 2485 Immu-

417 2521 643 2577 tabilem
671 2522 798 2577 Jesu
827 2528 1091 2590 tanquam
1122 2518 1220 2573 Dei
1266 2518 1515 2574 similem
1542 2524 1761 2587 mostrae
1788 2518 2061 2574 exsistan-

416 2610 582 2678 tiam,
616 2614 787 2679 atque
812 2609 968 2678 quod
998 2607 1141 2662 dicit
1170 2607 1494 2662 essentialia
1534 2623 1647 2662 esse
1696 2608 2062 2663 humanitatis

413 2697 715 2770 mysteria,
746 2697 962 2763 famen,
996 2695 1435 2761 lassitudinem,
1469 2712 1647 2765 super
1685 2713 1869 2767 aquas
1900 2696 2060 2752 ince-

416 2789 571 2855 dere,
606 2786 941 2856 clausisque
995 2784 1216 2839 foribus
1248 2785 1319 2838 ad
1370 2784 1695 2855 discipulos
1725 2786 1973 2854 ingredi,
2006 2791 2063 2841 et

416 2880 679 2932 mortuos
709 2875 1164 2943 excitare,atque
1194 2872 1384 2943 ipsam
1418 2872 1669 2944 denique
1702 2875 2057 2942 passionem,

416 2969 740 3034 ceteraque
769 2962 1005 3019 similia.

490 3051 897 3109 Substantialia
916 3049 1205 3121 mysteria.
1252 3054 1400 3105 Nota
1427 3050 1752 3106 essentialia
1780 3052 1840 3107 in
1871 3052 2059 3108 incar-

419 3144 656 3200 natione
687 3138 960 3211 usurpari
986 3157 999 3207 ;
1025 3139 1134 3194 hoc
1165 3139 1321 3194 enim
1372 3139 1474 3205 ait,
1533 3140 1802 3210 rejiciens
1832 3140 2057 3212 opinio-

417 3246 552 3288 nem
611 3230 772 3285 illam
822 3245 948 3299 quae
1002 3228 1305 3284 asserebat
1358 3231 1590 3284 tantum
1647 3228 2056 3301 imaginariam

412 3320 596 3376 fuisse

484 3407 817 3465 Traditianis
841 3421 1019 3464 sacrae
1046 3416 1314 3478 auctores,
1366 3408 1462 3462 Gr.
1522 3405 1837 3481 ἱερομύσται
1896 3407 2059 3481 Ἱερο-

413 3496 610 3571 μύσται
640 3500 921 3553 dicuntur
952 3495 1051 3567 qui
1084 3495 1269 3551 sacris
1302 3495 1494 3552 initati
1528 3499 1687 3552 sunt.

485 3589 737 3645 Occulta?
758 3591 807 3641 et
836 3601 1112 3656 nusquam
1150 3586 1505 3655 prodeuntes.
1538 3585 1807 3642 Occultas
1839 3588 2062 3643 unitio-

411 3693 515 3732 nes
547 3680 734 3742 vocat,
788 3673 1411 3743 incomprehensibiles
1471 3675 1541 3729 de
1572 3675 1769 3730 divina
1803 3676 2063 3731 essentia

414 3765 778 3836 cognitiones
803 3779 815 3817 :
848 3761 1050 3817 nullus
1072 3762 1226 3817 enim
1245 3766 1558 3833 cognoscet
1576 3763 2060 3835 aliquando,quid

416 3855 494 3910 sit
522 3852 778 3909 essentia
807 3855 1020 3907 sancta:
1055 3851 1382 3906 Trinitatis.

489 3939 915 3997 Distinctiones.
950 3938 1367 3994 Distinctiones
1423 3943 1590 3993 vocat
1636 3955 1738 4009 per
1780 3957 1843 3995 se
1874 3942 2064 3997 subsi-

418 4034 637 4086 stentes
661 4029 989 4084 adorandas
1020 4027 1431 4083 exsistentias:
1466 4027 1575 4081 hoc
1609 4033 1716 4093 est,
1750 4027 1879 4082 Filii
1928 4030 2059 4099 qui.

417 4121 549 4174 dem
580 4118 1051 4189 inexplicabilem
1084 4134 1152 4172 ex
1198 4122 1367 4171 Patre
1425 4116 1835 4187 splendorem;
1871 4121 2061 4176 sancti

414 4225 550 4263 vero
607 4207 862 4279 Spiritus
920 4204 1428 4276 inconceptibilem
1483 4219 1553 4261 ex
1603 4209 1772 4262 Patre
1824 4223 2059 4278 proces-

416 4298 665 4354 sionem.

486 4386 668 4458 Supra
696 4385 976 4441 unitatem
1002 4382 1411 4454 principialem.
1436 4382 1630 4439 Unitio
1653 4401 1831 4454 supra
1850 4386 2059 4442 unius-

414 4476 835 4548 principatum,
870 4471 1165 4544 significat
1223 4471 1527 4527 divisionis
1582 4472 1958 4541 vacuitatem,
2000 4479 2059 4531 et

415 4564 854 4635 simplicitatem
906 4560 1113 4616 divinis
1171 4563 1397 4615 natura
1449 4564 1825 4629 superantem
1858 4579 2054 4619 rerum

417 4654 682 4710 omnium
718 4652 1003 4706 unitatem
1044 4657 1097 4704 et
1129 4646 1588 4720 simplicitatem.

488 4741 814 4813 Ine/Tabilis,
846 4739 943 4795 Gr.
983 4738 1045 4791 τὸ
1094 4733 1410 4809 ἄφθεγκτον.
1469 4735 1543 4790 Τὸ
1574 4734 1865 4812 ἄφθεγκτον
1913 4742 2066 4811 quod

417 4832 531 4888 dici
577 4848 688 4888 non
730 4834 926 4903 potest,
970 4826 1116 4882 dixit
1170 4831 1407 4897 pr0pter
1456 4828 1775 4883 essentiam
1827 4831 2065 4886 nomine

419 4927 731 4977 carentem.
784 4923 963 4972 Porro
1013 4914 1153 4986 quod
1232 4914 1425 4970 multis
1495 4916 1674 4971 verbis
1728 4919 2065 4987 exprimitur

418 5010 584 5080 dixit,
616 5008 757 5081 quia
787 5005 1207 5062 beneﬁciorum
1239 5003 1521 5060 varietate
1571 5004 1776 5061 multis
1807 5008 2065 5064 afﬁcitur

415 5100 779 5155 nominibus.

484 5189 631 5242 111
671 5188 753 5240 Ea:
791 5183 945 5240 omni
1000 5180 1361 5237 intellectilis.
1396 5182 1696 5247 Quomodo
1747 5183 1985 5255 ignotus
2006 5190 2064 5241 et

414 5274 649 5334 omnino
681 5273 952 5345 cognitus
992 5272 1172 5339 Deus,
1233 5276 1290 5326 et
1346 5271 1641 5341 quomodo
1694 5271 2060 5343 ignoratione

410 5367 539 5437 ejus
569 5362 959 5434 cognitionem
984 5375 1414 5431 comparemus,
1448 5360 1784 5415 dicendum.
1820 5361 2058 5434 Ignora-

408 5455 567 5511 tione
592 5451 749 5507 enim
782 5454 934 5505 Deus
964 5449 1376 5521 cognoscitur:
1438 5448 1866 5520 ignorationem
1898 5467 2053 5521 vero,

2097 4656 2144 4720 D

2086 1925 2135 1990 Β
2232 1895 2298 1948 Ἦ
2362 1897 2480 1949 καθ’
2526 1899 2672 1969 ἡμᾶς
2721 1897 2924 1967 Ἰησοῦ.
2986 1894 3304 1968 Σημείωσαι
3358 1894 3440 1948 ὅτι
3498 1892 3666 1966 μόνου
3722 1895 3822 1946 τοῦ

2171 1989 2304 2039 Θεοῦ
2337 1984 2516 2060 Λόγου
2547 1986 2686 2041 ἐστὶν
2720 1988 2755 2055 ἡ
2789 1985 3216 2059 ἐνανθρώπησις.
3252 1982 3499 2052 Παντελῆ
3535 1980 3591 2037 δὲ
3647 1982 3821 2051 αὐτήν

2169 2095 2300 2151 φησι
2349 2075 2485 2129 κατὰ
2535 2073 2984 2151 Ἀπολλιναρίου,
3046 2076 3119 2136 ὡς
3178 2073 3238 2129 ἑκ
3277 2076 3463 2148 ψυχῆς
3509 2076 3701 2147 νοερᾶς
3731 2070 3823 2126 καὶ

2168 2164 2444 2236 ἡμετερου
2477 2165 2751 2236 σώματος·
2802 2168 2964 2219 τοῦτο
3013 2164 3112 2237 γὰρ
3145 2160 3313 2233 δηλοῖ
3339 2164 3402 2217 τὸ
3434 2160 3602 2216 εἰπεῖν
3656 2159 3821 2215 αὐτὸν

2168 2252 2284 2306 καθ’
2352 2254 2518 2323 ἡμᾶς’
2585 2252 2716 2326 ὅπερ
2795 2250 2907 2306 ἐστί
2982 2250 3072 2305 καὶ
3130 2251 3267 2305 κατὰ
3321 2250 3627 2325 Εὑτυχοῦς·
3687 2249 3826 2303 κατά

2166 2342 2461 2415 Neo-topica
2510 2340 2588 2411 δὲ,
2649 2343 2734 2396 ὅτι
2791 2342 2946 2419 φησὶ,
3007 2345 3105 2396 τοῦ
3140 2345 3322 2411 Ἰησοῦ
3351 2341 3451 2409 τὴν
3505 2337 3824 2395 ἀναλλοίω-

2169 2451 2259 2485 τον
2310 2431 2386 2492 ὡς
2450 2435 2583 2485 Θεοῦ
2631 2432 2748 2495 καθ’
2797 2434 2946 2503 ἡμᾶς
2992 2429 3254 2506 ὕπαρξιν·
3306 2428 3395 2485 καί
3446 2427 3528 2484 ὅτι
3580 2425 3824 2497 οὐσιώδη

2171 2521 2305 2596 φησὶ
2362 2519 2427 2573 τὰ
2459 2518 2509 2574 ἐν
2549 2524 2617 2592 τῇ
2674 2519 3053 2594 ἀνθρωπότητι
3107 2520 3401 2592 μυστήρια,
3458 2519 3558 2587 τὴν
3613 2522 3825 2585 πεῖναν,

2168 2608 2259 2662 τὸν
2290 2608 2481 2678 κόπον,
2515 2609 2604 2662 καὶ
2645 2610 2706 2663 τὸ
2757 2607 2845 2663 ἐπὶ
2894 2606 3087 2670 ὕδατος
3121 2605 3359 2684 βαδίσαι,
3419 2607 3511 2661 καὶ
3554 2607 3618 2661 τὸ
3651 2605 3829 2661 εἰσελ-

2171 2700 2279 2760 θεῖν
2336 2700 2444 2751 τῶν
2493 2700 2668 2771 θυρῶν
2716 2696 3115 2770 κεκλεισμένων
3164 2697 3301 2771 πρὸς
3357 2694 3486 2758 τοὺς
3551 2696 3823 2768 μαθητὰς,

2168 2784 2257 2837 καὶ
2286 2784 2349 2839 τὸ
2371 2784 2571 2860 ἐγεῖραι
2595 2784 2723 2847 τοὺς
2746 2784 2993 2859 νεκροὺς,
3015 2785 3105 2839 καὶ
3128 2784 3261 2840 αὐτὸ
3289 2784 3352 2840 τὸ
3382 2783 3573 2852 πάθος,
3604 2783 3697 2838 καὶ
3726 2782 3825 2837 ὅσα

2169 2892 2410 2930 τοιαυτα.

2240 3048 2493 3120 Οὐσιώδη
2573 3052 2865 3125 μυστήρια.
2939 3049 3256 3123 Σημείωσαι
3311 3050 3372 3106 τὸ
3426 3047 3670 3120 οὐσιώδη
3733 3049 3825 3105 ἐπὶ

2166 3142 2266 3204 τῆς
2295 3139 2635 3214 σαρκώσεως’
2697 3143 2859 3195 τοῦτο
2898 3141 3001 3215 γὰρ
3030 3137 3158 3218 ἔφη,
3192 3134 3476 3196 ἐκϐάλλων
3532 3140 3633 3208 τὴν
3688 3138 3828 3194 κατά

2171 3229 2459 3307 φαντασίαν
2493 3226 2666 3298 δόξαν.

2242 3403 2600 3480 Παραδόσεως
2632 3406 2974 3480 ίερομύσται.
3007 3405 3348 3480 Ἱερομύσται
3394 3403 3640 3483 λέγονται
3673 3405 3726 3461 οἳ
3760 3406 3829 3462 τὰ

2168 3493 2287 3568 ἰερὰ
2316 3515 2497 3567 μεμυη
2508 3495 2681 3567 μενοι.

2239 3583 2480 3660 Κρυφίας
2556 3582 2647 3638 καὶ
2731 3584 3192 3660 ἀνεκφοιτήτους.
3282 3583 3517 3662 Κρυφίας
3606 3582 3829 3647 ἐνώσεις

2169 3671 2301 3748 φησὶ
2323 3672 2418 3733 τὰς
2467 3672 2732 3746 περὶτῆς
2788 3670 2933 3736 θείας
2989 3670 3173 3735 οὕσίας
3203 3670 3621 3743 ἀκαταλήπτους
3675 3675 3827 3746 γνώ-

2169 3778 2298 3823 σεις·
2332 3762 2430 3829 τήν
2466 3759 2646 3815 οὐσίαν
2681 3760 2847 3830 αὐτὴν
2895 3763 2995 3825 τῆς
3045 3761 3204 3836 ἁγίας
3236 3759 3491 3835 Τριάδος,
3545 3761 3598 3816 τί
3657 3760 3825 3834 ἐστιν,

2169 3846 2349 3911 οὐδεὶς
2379 3849 2642 3924 γνώσεταί
2670 3870 2823 3906 ποτε.

2238 3938 2347 3999 Τὰς
2406 3935 2701 4012 διακρίσεις
2734 3981 2750 3996 .
2815 3939 3119 4013 Διακρίσεις
3198 3937 3329 4016 φησί
3375 3938 3473 4003 τὰς
3528 3937 3827 3994 ἐνυποστά-

2166 4046 2292 4087 τους
2321 4027 2699 4099 προσκυνητὰς
2733 4027 3005 4101 ὑπάρξεις,
3064 4028 3328 4095 τουτέστι,
3384 4031 3482 4082 τοῦ
3544 4028 3639 4100 μὲν
3695 4029 3829 4082 Υἱοῦ

2166 4115 2258 4169 τὸν
2319 4114 2378 4169 ἐκ
2435 4115 2644 4189 Πατρὸς
2701 4114 3065 4193 ἀνέκφραστον
3127 4115 3485 4191 ἀπαυγασμόν
3523 4137 3534 4150 ·
3610 4117 3706 4172 τοῦ
3768 4114 3832 4172 δὲ

2169 4204 2328 4276 ἁγίου
2385 4203 2698 4275 Ιίνεύματος
2750 4205 2851 4273 τὴν
2913 4203 2973 4259 ἐκ
3018 4206 3225 4279 Πατρὸς
3281 4205 3603 4275 ἀνεννόητον
3663 4205 3832 4260 ἐκπό-

2170 4310 2377 4365 ρευσιν.

2238 4381 2301 4436 Ἡ
2360 4380 2491 4454 ὑπὲρ
2524 4379 2798 4455 ἐναρχίαν.
2826 4382 2888 4435 Ἥ
2923 4382 3054 4457 ὑπὲρ
3087 4382 3345 4457 ὲναρχίαν
3378 4382 3566 4451 ἑνότης
3596 4383 3659 4437 τὸ
3693 4382 3832 4456 ὑπὲρ

2171 4474 2343 4524 πᾶσαν
2395 4469 2621 4540 ἑνότητα
2667 4470 2758 4524 καὶ
2806 4469 3093 4541 ἁπλότητα
3134 4471 3187 4526 ἐν
3226 4476 3341 4533 τοῖς
3373 4459 3491 4527 οὖσι
3547 4475 3646 4537 τῆς
3679 4472 3831 4535 θείας

2164 4558 2373 4635 φύσεως
2403 4557 2599 4631 ἀμερὲς
2624 4578 2682 4613 τε
2710 4558 2799 4612 καὶ
2828 4557 3041 4614 ἁπλοῦν
3075 4558 3350 4631 σημαίνει.

2245 4736 2323 4793 Τὸ
2353 4734 2671 4813 ἄφθεγκτον.
2704 4737 3039 4813 Ἀφθεγκτον
3066 4735 3236 4793 διὰτὸ
3263 4733 3703 4812 ἀκατονόμαστον
3724 4741 3829 4803 τῆς

2174 4824 2381 4887 οὐσίας·
2418 4822 2745 4900 πολύφωνον
2780 4823 2857 4895 δὲ,
2890 4824 2973 4880 ὅτι
3001 4830 3070 4900 τῇ
3093 4824 3344 4897 ποικιλίᾳ
3369 4831 3476 4882 τῶν
3511 4826 3832 4902 εὐεργετου-

2175 4914 2348 4986 μὲνων
2377 4915 2439 4968 τὸ
2465 4912 2792 4990 πολύφωνον
2824 4908 2962 4988 ἔχει.

2238 5184 2308 5238 Τὸ
2354 5184 2684 5253 παννόητον.
2729 5186 2854 5246 Πῶς
2884 5181 3156 5258 ἄγνωστος
3216 5184 3303 5238 καὶ
3366 5186 3740 5255 παννόητοςθο
3801 5186 3833 5242 ὁ

2169 5274 2321 5340 Θεὸς,
2370 5272 2457 5327 καὶ
2488 5276 2605 5334 πῶς
2639 5272 2692 5327 ἂν
2738 5271 2977 5347 ἀγνωσία
3020 5272 3121 5340 τήν
3178 5274 3302 5347 περὶ
3357 5271 3521 5327 αὐτοῦ
3570 5275 3837 5347 κτώμεθα

2167 5366 2384 5437 γνῶσιν,
2446 5361 2661 5435 ῥητὲοψ
2716 5358 2905 5434 ἀγνοίᾳ
2935 5359 3037 5435 γὰρ
3062 5359 3267 5436 γίνεται
3314 5363 3555 5437 γνωστὸς
3588 5364 3616 5417 ὁ
3671 5364 3829 5427 Θεός·

2169 5449 2383 5525 ἄγνοιαν
2431 5446 2509 5519 δὲ,
2574 5449 2649 5522 μὴ
2709 5450 2809 5517 τήν
2864 5445 2953 5504 διὰ
2999 5455 3099 5519 τῆς
3151 5449 3386 5523 ἀμαθίας
3436 5445 3636 5527 λάϐῃςο
3689 5450 3829 5528 αῦτη

1410 5602 1651 5659 νΛΗΙᾸΕ
1700 5602 2093 5661 LECTIONES
2144 5606 2235 5663 ET
2267 5602 2818 5663 CORRECTIONES.

488 5734 533 5769 9‘
561 5749 650 5805 γρ.
680 5727 761 5783 ὅτι
792 5728 890 5796 τὴν
918 5724 1110 5781 κτίσιν.
1189 5727 1232 5763 9⁵
1261 5745 1348 5799 γρ.
1384 5726 1525 5801 περί.
1604 5728 1649 5763 9⁸
1676 5747 1767 5802 γρ.
1800 5724 1966 5782 πάλιν
1992 5728 2210 5800 νοητός.
