4080 6366
191 437 280 492 217
919 437 975 489 S.
1020 437 1287 489 MAXIMI
1324 435 1630 490 SCHOLIA
1666 437 1739 489 IN
1778 436 1911 489 LIB.
1949 439 2045 489 DE
2084 440 2353 493 DIVIle
2389 438 2804 492 NOMINIBUS.

3462 434 3568 488 218

193 562 281 636 γὰρ
311 556 496 619 σκότος
543 555 655 611 ἐστὶ
701 558 906 631 ψυχῆς·
965 558 1101 629 μήτε
1152 558 1250 625 τήν
1303 558 1695 633 γινώσκουσαν,
1729 556 1812 612 ὅτι

1929 577 2044 617 non
2075 578 2205 617 eam
2235 579 2359 633 quae
2389 578 2459 618 ex
2506 559 2801 632 imperitia
2857 559 3063 627 oritur,
3114 558 3368 631 accipias
3403 576 3417 615 :
3446 558 3567 616 hac

191 647 500 725 ἀγνοεῖταιὸ
550 642 846 721 ἄγνωστος·
902 643 1048 709 εἶδος
1089 646 1191 721 γὰρ
1241 647 1329 701 καὶ
1362 646 1496 717 αὑτὴ
1527 667 1811 721 γνωριστι-

193 740 297 795 κόν·
322 735 461 791 ἀλλά
488 737 608 790 κατ’
652 733 860 806 ἐκείνην
906 736 1003 805 τὴν
1054 735 1269 811 ἄγνοιαν
1317 738 1637 813 γινώσκεται
1666 758 1813 812 γνω-

195 827 320 895 στὸς,
349 826 462 889 καθ’
496 824 565 893 ἢν
616 823 955 889 ἀπλωθέντες
1005 826 1136 902 ὑπὲρ
1182 827 1277 888 τὰς
1326 829 1567 898 νοήσεις,
1618 824 1815 889 α’ίτινες

196 916 583 987 πληθυνόμεναι
631 911 1029 983 σκεδάννυνται,
1081 917 1169 970 καὶ
1232 917 1385 980 αὖθις
1439 914 1815 989 συμπτὺσσον-

192 1026 285 1074 ται,
331 1005 429 1059 οὐκ
472 1002 626 1058 οὖσαι
686 1003 825 1066 ἰνάς.
874 1005 1030 1061 ’Ὸθεν
1091 1005 1181 1060 οὗν
1231 1011 1404 1061 πᾶσαν
1452 1007 1637 1075 νόησιν
1690 993 1815 1082 περῖ

194 1095 301 1151 Θεὸν
353 1086 699 1167 ὑπερϐάντες,
760 1090 931 1148 ἁπλοῖ
986 1094 1268 1168 γινόμεθα,
1330 1096 1649 1170 ἀγνοοῦντες
1698 1094 1815 1150 λοι-

193 1183 280 1238 πὸν
307 1181 391 1236 καὶ
420 1180 729 1257 ἀδιάκριτοι
760 1186 801 1219 9⁷
840 1183 1090 1255 μένοντες
1120 1180 1209 1238 διὰ
1255 1184 1353 1252 τὴν
1406 1185 1541 1260 πρὸς
1569 1185 1665 1253 τὴν
1700 1183 1815 1239 ένό-

191 1293 309 1343 τητα
360 1271 566 1340 στάσιν,
628 1270 720 1325 καὶ
792 1267 1023 1346 βεϐαίως
1080 1273 1307 1335 ἑστῶτες
1367 1272 1419 1328 ἐν
1478 1276 1546 1347 τῇ
1607 1274 1813 1343 ένώσει,

191 1361 471 1435 ἀγνοοῦμεν
521 1357 605 1415 ὅτι
660 1361 962 1434 ἀγνοοῦμεν
1022 1364 1086 1430 9⁸,
1143 1362 1417 1416 τουτέστιν
1478 1362 1583 1439 οὑχ
1632 1363 1816 1437 ἑτέρου

190 1450 316 1511 τινὸς
344 1446 543 1510 εἰδότες
573 1452 637 1518 θθ,
669 1452 832 1521 ἡμεῖς
886 1450 961 1512 ὡς
1014 1451 1239 1522 ἀμαθεῖς
1289 1452 1614 1525 ἀγνοοῦμεν,
1662 1450 1814 1506 δυνά-

194 1558 321 1611 μενοι
352 1538 541 1610 μαθεῖν
576 1535 607 1590 ἃ
634 1538 771 1599 τέως
821 1539 1144 1613 ἀγνοοῦμεν·
1181 1538 1327 1595 ἀλλά
1368 1542 1436 1594 τά
1466 1540 1609 1615 παρά
1638 1540 1817 1609 πάσης

193 1626 397 1701 λογικῆς
424 1626 653 1689 κτίσεως
703 1623 937 1690 εὐσεϐῶς
984 1628 1317 1703 ἀγνοούμενα
1368 1630 1708 1704 ἀγνοοῦντες·
1764 1629 1816 1684 ἐν

192 1716 334 1780 ταύτῃ
378 1716 477 1791 γὰρ
530 1717 749 1780 στάντες
798 1716 867 1791 τῇ
921 1716 1149 1791 ἀγνοίᾳ,
1207 1716 1351 1781 εἶδος
1407 1718 1671 1794 γινόμεθα
1722 1724 1818 1774 τοῦ

194 1804 283 1877 πρὸ
309 1803 519 1858 πάντων
577 1802 751 1868 ὄντος·
802 1802 1050 1868 ἐάσαντες
1104 1806 1199 1879 μὲν
1245 1809 1419 1862 πάντα
1462 1808 1530 1862 τά
1579 1805 1696 1877 εἷ’δη
1728 1806 1819 1862 καί

194 1891 273 1953 τὰς
296 1894 530 1963 νοήσεις,
563 1892 616 1948 ἐν
669 1894 872 1968 ἀφασίᾳ
922 1892 978 1949 δὲ
1019 1894 1287 1970 κρείττονι
1331 1897 1508 1966 πάσης
1555 1895 1820 1974 φθέγξεως
1853 1937 1900 2003 Β

200 1978 277 2003 15-.
348 1980 359 2003 ἔ
410 2002 413 2003 ,
544 1986 573 1997 θ’
726 1981 769 2003 δν
894 1980 922 1992 ⁸
1154 1985 1165 2003 Ι
1377 1984 1403 2003 ΩΙ
1510 1985 1523 2003 9
1665 1990 1689 2000 ~

200 1978 471 2055 ἱδρυμένοι,
504 1986 587 2054 τῷ
639 1981 779 2055 μηδὲ
829 1980 989 2038 τοῦτο
1038 1985 1343 2059 γινώσκειν,
1373 1984 1456 2039 ὅτι
1499 1985 1819 2061 ἀγνοοῦμεν·

202 2070 296 2124 εἶτα
320 2067 478 2125 πάλιν
534 2072 968 2147 ὑποστρέψαντες
1016 2072 1076 2128 ἐκ
1120 2077 1218 2143 τῆς
1268 2074 1319 2128 ἐν
1369 2074 1566 2147 ἀφασίᾳ
1596 2078 1661 2112 ¹⁰⁰
1692 2097 1820 2129 σιω-

198 2165 309 2227 πῆς,
354 2159 439 2213 καὶ
491 2160 603 2215 ἀπὸ
648 2167 749 2230 τῆς
794 2168 952 2237 σιγῆς
999 2161 1075 2225 εἰς
1122 2163 1336 2241 φθέγξιν
1386 2160 1819 2234 καταϐαίνοντες,

198 2246 432 2309 συνιέντες
465 2244 552 2303 ὅτι
585 2250 912 2325 ἠγνοοῦμεν,
943 2252 1282 2329 ἀφιστάμεθα
1330 2250 1524 2307 λοιπὸν
1553 2258 1650 2307 τοῦ
1698 2254 1821 2328 περὶ

195 2334 448 2409 ἀγνώστου
501 2342 711 2407 ζητεῖν.
774 2338 1082 2411 Παννόητος
1135 2339 1191 2396 δὲ
1253 2340 1417 2397 πάλιν
1472 2342 1499 2396 ὁ
1558 2343 1707 2414 Θεὸς,
1765 2344 1824 2399 ἐκ

192 2429 282 2478 τῶν
324 2424 654 2502 φιλοδώρων
708 2433 978 2499 προνοιῶν
1025 2430 1337 2504 νοοὺμενος,
1389 2431 1418 2486 ὅ
1464 2454 1515 2487 τι
1567 2432 1701 2501 ἐστὶ,
1733 2434 1821 2488 καὶ

193 2510 242 2566 ἐκ
286 2519 384 2569 τῶν
431 2512 942 2591 δημιουργημάτων
980 2540 991 2552 ·
1044 2517 1103 2573 ἐκ
1149 2525 1255 2574 τῶν
1319 2521 1439 2593 μὲν,
1496 2520 1579 2577 ὅτι
1638 2524 1820 2598 σωτήρ

193 2599 331 2656 ἐστιν·
380 2602 439 2658 ἐκ
479 2608 593 2659 τῶν
637 2602 714 2675 δὲ,
749 2604 831 2661 ὅτι
882 2603 1241 2682 δημιουργός.
1276 2611 1373 2663 Καὶ
1416 2610 1561 2665 θέσιν
1597 2610 1690 2683 μὶν
1719 2613 1820 2681 τὴν

194 2689 387 2766 ὕπαρξίν
420 2714 617 2767 φησιν,
647 2695 724 2758 ὡς
752 2694 803 2765 ἐξ
853 2696 1019 2766 αὐτῆς
1047 2704 1147 2767 τῆς
1196 2699 1410 2753 πάντων
1453 2696 1621 2769 οὔσης
1652 2700 1821 2775 ὑπάρ-

194 2778 321 2849 ξεως.
353 2781 584 2856 Λέγουσι
617 2779 675 2837 δὲ
723 2783 812 2838 καὶ
863 2785 915 2839 οἱ
964 2783 1255 2864 φιλόσοφοι
1307 2789 1449 2851 θέσιν
1498 2788 1564 2843 τὰ
1594 2787 1824 2853 ἐπιτιθέ-

196 2889 307 2941 μενα
354 2868 471 2942 εἷ’δη
526 2875 597 2945 τῇ
653 2870 777 2947 ὕλῃ·
827 2872 1101 2952 ἀφαίρεσιν
1148 2874 1228 2944 δὶ,
1276 2876 1398 2934 ὅταν
1448 2879 1501 2933 αἱ
1533 2881 1823 2949 ποιότητες

193 2956 500 3034 ἀφαιρεθῶσι
551 2964 661 3017 τῶν
712 2959 889 3018 εἱδῶν·
942 2965 1055 3019 οἷον
1088 2972 1192 3040 γῆς
1242 2967 1303 3021 τὸ
1349 2966 1505 3043 βαρὺ,
1538 2965 1731 3031 ὕδατος
1762 2971 1822 3024 τὸ

197 3047 359 3120 ὑγρόν.
393 3050 455 3107 Ὀ
509 3051 604 3104 οὗν
658 3052 810 3120 Θεὸς,
863 3053 891 3107 ὁ
939 3053 1029 3107 καὶ
1075 3058 1243 3109 ταῦτα
1303 3057 1821 3133 μετασχηματίζων,

194 3137 222 3203 ἡ
265 3138 470 3193 πάντων
528 3140 673 3203 θέσις
723 3140 813 3195 καὶ
862 3143 1142 3219 ἀφαίρεσίς
1189 3144 1318 3200 ἐστι·
1366 3147 1512 3209 θέσις
1562 3146 1656 3219 μὲν
1688 3146 1820 3202 πάν-

193 3227 400 3298 των,ὡς
454 3228 528 3282 τὰ
584 3229 757 3284 πάντα
810 3230 920 3293 θεὶς
975 3232 1064 3286 καὶ
1122 3235 1380 3303 ποιήσας,
1435 3236 1522 3290 καὶ
1576 3233 1820 3308 ἱδρῦσθαι

1925 648 2081 703 enim
2109 649 2294 721 caligo
2327 653 2416 705 est
2448 649 2686 716 mentis,
2718 663 2907 719 neque
2954 656 3400 720 cognoscentem
3432 663 3566 703 eum

1925 737 2182 809 ignorari
2215 738 2316 809 qui
2347 738 2590 793 minime
2645 736 2918 809 cognosci
2975 740 3164 808 potest
3196 756 3210 805 ;
3253 737 3379 807 ipsa
3410 734 3568 791 enim

1926 835 2013 882 est
2046 826 2271 898 species
2304 826 2694 898 cognitionis:
2728 842 2930 882 verum
2977 825 3080 882 illa
3122 825 3487 897 ignoratione
3518 824 3568 881 is

1929 915 2025 986 qui
2053 917 2327 987 cognosci
2359 919 2568 987 potest,
2604 915 3004 988 cognoscitur,
3038 931 3139 986 per
3183 931 3356 986 quam
3389 931 3571 987 supra

1928 1005 2292 1077 cognitiones
2324 1004 2625 1076 simplices
2674 1003 2985 1071 efﬁcimur,
3019 1020 3145 1075 qua
3195 1004 3337 1058 dum
3371 1002 3569 1058 multi-

1930 1095 2239 1168 plicantur,
2273 1094 2954 1166 dividunturiterumque
2975 1094 3418 1165 conjunguntur
3437 1108 3571 1148 cum

1930 1203 2045 1240 non
2075 1184 2195 1240 sint
2227 1184 2443 1239 unitas.
2474 1184 2699 1239 Idcirco
2730 1183 2911 1254 igitur
2958 1200 3193 1239 omnem
3224 1184 3295 1237 de
3333 1184 3442 1238 Deo
3474 1199 3569 1238 co-

1928 1274 2271 1347 gitationem
2333 1273 2812 1329 transcendentes
2889 1271 3187 1343 simplices
3259 1272 3571 1342 efﬁcimur,

1928 1364 2265 1434 ignorantes
2297 1362 2506 1418 deinde
2537 1368 2595 1417 et
2617 1379 2732 1417 non
2754 1361 3155 1417 discernentes
3178 1365 3414 1432 propter
3442 1361 3573 1416 uni-

1929 1452 2072 1507 tatis
2102 1456 2320 1507 statum
2356 1455 2791 1523 permanentes,
2823 1455 2881 1506 et
2938 1449 3184 1505 ﬁrmiter
3240 1450 3300 1505 in
3350 1450 3573 1505 unitate

1930 1542 2342 1609 consistentes,
2376 1541 2718 1613 ignoramus
2762 1557 2867 1596 nos
2899 1539 3190 1611 ignorare,
3224 1539 3281 1593 id
3313 1543 3403 1595 est
3426 1538 3574 1593 nihil

1930 1630 2090 1686 aliud
2122 1631 2399 1699 scientes,
2434 1647 2540 1686 nos
2574 1635 2638 1685 ut
2695 1631 2871 1684 rudes
2921 1629 3285 1700 ignoramus,
3314 1627 3574 1684 valentes

1929 1736 1998 1775 ea
2018 1719 2243 1776 discere
2264 1736 2393 1791 quae
2433 1719 2737 1789 hucusque
2791 1718 3155 1790 ignoramus,
3187 1717 3288 1773 sed
3347 1733 3416 1773 ea
3447 1734 3574 1788 quas

1929 1811 2003 1865 ab
2064 1809 2336 1865 universa
2401 1811 2625 1864 ratione
2683 1808 2926 1880 praedita
2987 1811 3254 1863 creatura
3304 1805 3575 1879 religiose

1929 1898 2299 1971 ignorantur,
2358 1898 2695 1968 ignorantes
2746 1915 2762 1966 ;
2812 1896 2871 1950 in
2929 1897 3037 1951 hac
3089 1895 3386 1968 siquidem
3440 1912 3571 1967 per-

1932 1988 2213 2044 sistentes
2244 1986 2629 2059 ignoratione,
2682 1985 2973 2041 efﬁcimur
3018 1985 3203 2040 forma
3258 1986 3384 2055 ejus
3420 1985 3574 2055 quod

1933 2081 2067 2131 ante
2099 2077 2299 2131 omnia
2329 2076 2579 2143 exsistit,
2643 2074 3003 2147 negligentes
3057 2074 3297 2145 quidem
3355 2073 3575 2130 formas

1932 2183 2161 2237 omnes,
2192 2168 2252 2222 in
2281 2166 2516 2223 silentio
2547 2169 2746 2222 autem
2778 2181 3047 2221 sermone
3095 2165 3255 2220 omni
3291 2167 3577 2235 prastan-

1931 2256 2065 2312 tiori
2098 2254 2536 2320 constituimur,
2587 2253 2890 2321 nimirum,
2951 2269 3141 2324 neque
3197 2253 3306 2308 hoc
3363 2269 3575 2323 cogno-

1932 2362 2112 2415 scere,
2148 2346 2302 2417 quod
2353 2344 2720 2416 ignoramus,
2777 2348 2981 2414 postea
3023 2359 3230 2398 rursus
3288 2359 3322 2397 a
3368 2347 3575 2399 mutuo

1932 2434 2165 2490 silentio
2196 2433 2482 2502 conversi,
2515 2437 2572 2487 et
2610 2450 2643 2487 a
2672 2432 3069 2487 taciturnitate
3121 2431 3194 2487 ad
3243 2447 3575 2487 sermonem

1935 2522 2381 2588 descendentes,
2412 2522 2555 2576 dum
2585 2520 2968 2593 intelligimus
2999 2537 3107 2576 nos
3128 2520 3419 2592 ignorare,
3442 2520 3578 2576 abs-

1931 2613 2190 2667 tinemus
2221 2615 2425 2682 postea
2453 2610 2526 2665 ab
2557 2610 2686 2681 ejus
2717 2610 2871 2681 quod
2932 2609 3202 2679 cognosci
3250 2608 3454 2680 nequit
3482 2609 3578 2664 in-

1933 2699 2270 2770 quisitione.
2306 2700 2536 2754 Rursus
2572 2714 2705 2753 vero
2738 2702 2888 2753 Deus
2917 2698 3143 2754 omnino
3194 2697 3580 2766 intelligibiti:

1932 2788 2313 2861 dicitur,quia
2341 2804 2410 2843 ex
2438 2785 2665 2843 liberali
2688 2787 3051 2859 providentia
3070 2786 3579 2858 etoperationibus
3672 2828 3675 2831 ς

1933 2877 2299 2950 agnoscitur,
2323 2876 2466 2948 quid
2498 2875 2572 2933 sit
2595 2894 2609 2943 ;
2661 2892 2730 2932 ex
2757 2875 2857 2932 illa
2887 2876 3145 2948 quidem,
3170 2891 3298 2931 esse
3321 2878 3581 2930 servato.

1932 2982 2079 3036 rem,
2102 2983 2172 3022 ex
2202 2966 2295 3022 bis
2328 2972 2548 3036 autem,
2583 2982 2712 3021 esse
2743 2969 3087 3021 creatorem.
3129 2969 3196 3019 Et
3227 2964 3577 3036 positionem

1934 3073 2036 3113 seu
2071 3055 2959 3123 afﬁrmationem,exsistentiam
2990 3053 3335 3124 vocat,quia
3373 3053 3444 3108 ab
3476 3051 3580 3109 illa

1933 3145 2197 3202 omnium
2233 3145 2511 3217 procedat
2542 3144 2921 3212 exsistentia;
2956 3143 3162 3199 dicunt
3193 3160 3365 3215 porro
3388 3141 3577 3214 philo-

1931 3234 2101 3307 sophi
2125 3233 2472 3306 positionem
2490 3234 2710 3289 formas
2734 3249 2859 3303 quea
2885 3232 3142 3288 materiae
3169 3232 3577 3303 imponuntur;

192 3316 615 3389 παρασκευάζων·
670 3316 721 3373 ἐν
774 3318 919 3392 αὑτῷ
964 3322 1064 3396 γὰρ
1118 3323 1185 3377 τὰ
1232 3324 1436 3379 ἅπαντα
1484 3325 1818 3397 συνέστηκεν·

1936 3302 2289 3380 tib-lationem
2324 3327 2520 3378 autem
2561 3339 2661 3378 seu
2698 3302 3091 3394 negationem,
3124 3302 3356 3392 quando
3389 3319 3578 3391 quali-

191 3401 442 3478 ἀφαίρεσις
496 3402 558 3460 δὲ
604 3408 820 3462 πάντων
873 3408 1037 3479 ἐστὶν,
1072 3410 1146 3473 ὡς
1185 3412 1271 3466 καὶ
1323 3413 1420 3481 τὴν
1471 3414 1614 3469 θέσιν
1657 3414 1823 3484 αὐτὴν

190 3490 297 3564 [τῶν
330 3488 526 3567 ὄντων]
571 3494 662 3549 καὶ
712 3496 811 3565 τὴν
857 3495 1077 3568 ποίησιν
1122 3499 1568 3577 μεταῤῥυθμίζων
1604 3504 1693 3558 καὶ
1727 3525 1822 3577 με-

187 3580 506 3652 τασκευάζων
544 3625 557 3651 ,
617 3584 708 3639 καὶ
784 3585 1028 3663 ἀφαιρῶν
1086 3587 1145 3644 ἐκ
1216 3593 1323 3644 τῶν
1381 3590 1703 3665 τεθειμένων
1756 3595 1824 3649 τὰ

188 3670 303 3724 κατά
328 3670 511 3749 φύσιν·
562 3673 607 3726 εἱ
655 3672 756 3748 γὰρ
807 3673 1159 3751 ὁμολογεῖται
1194 3680 1210 3714 ¹
1241 3678 1307 3733 τὰ
1355 3678 1406 3733 ἐν
1457 3681 1657 3754 γενέσει
1688 3680 1823 3736 πάν-

188 3777 277 3819 τως
320 3759 404 3814 καὶ
465 3760 774 3836 φθείρεσθαι
804 3765 844 3798 ³·
894 3763 1054 3827 αὐτὸς
1104 3763 1161 3820 δὲ
1209 3764 1434 3839 πλούτῳ
1482 3768 1819 3843 ἀγαθότητος

188 3851 279 3902 τῶν
311 3850 400 3921 μὲν
441 3848 623 3905 ἀνεῖλε
654 3851 743 3905 καὶ
794 3853 855 3906 τὸ
904 3854 1160 3929 φθαρτὸν,
1192 3856 1265 3918 ὡς
1316 3855 1565 3931 ἀγγέλων
1610 3859 1699 3913 καὶ
1726 3862 1822 3933 ψυ-

192 3939 310 4009 χῶν·
340 3942 451 3992 τῶν
504 3935 561 3993 δὲ
606 3940 670 3993 τὸ
720 3943 953 4017 φθαρτὸν
1004 3942 1078 4005 εἷς
1107 3943 1425 4020 ἀφθαρσίαν,
1456 3948 1545 4001 καὶ
1592 3948 1654 4002 τὸ
1687 3950 1819 4019 θνησ-

188 4023 263 4077 τὸν
310 4024 382 4089 είς
440 4025 733 4091 ἀθανασίαν
789 4032 1030 4106 μετάγει,
1065 4032 1139 4095 ὡς
1182 4033 1249 4088 τὰ
1293 4036 1520 4109 σώματα
1566 4036 1723 4109 ἡμῶν
1764 4037 1816 4094 ἐν

189 4116 243 4185 τῇ
270 4114 571 4170 ἀναστάσει·
616 4114 787 4185 δῆλον
820 4122 893 4181 ὡς
929 4119 1088 4182 αὑτὸς
1115 4126 1283 4177 ταῦτα
1313 4125 1449 4195 ἡμῖν
1476 4127 1498 4160 ⁸
1529 4125 1817 4201 ὑπάρχων,

192 4200 327 4265 αὐτὸς
373 4204 468 4258 καὶ
521 4206 652 4278 ὑπὲρ
702 4206 843 4269 θέσιν
895 4207 1004 4262 ἐστὶ
1057 4210 1145 4263 καὶ
1191 4211 1489 4288 ἀφαίρεσιν,
1520 4214 1609 4269 καὶ
1642 4200 1815 4288 θεμέ-

190 4285 290 4351 λιος
317 4292 404 4346 καὶ
442 4291 565 4367 ῥίζα
594 4295 808 4349 πάντων
856 4295 949 4369 ὣν,
984 4298 1045 4351 οὗ
1091 4285 1356 4369 τοπικῶς,
1404 4301 1548 4357 ἀλλά
1593 4285 1733 4358 κατὰ.
1757 4306 1817 4359 τὸ

189 4376 359 4434 αἶ’τιον·
422 4379 547 4436 οὔτε
604 4383 880 4461 ἀφαίρεσις
942 4385 1099 4449 αὐτὸς
1154 4386 1249 4455 ὣν,
1305 4390 1376 4444 ὧν
1436 4390 1594 4456 αὐτὸς
1649 4391 1765 4468 ἔχει
1802 4414 1813 4427 ·

188 4464 297 4521 αὐτὸ
327 4470 434 4545 γὰρ
460 4469 721 4533 ἀθάνατον
753 4472 912 4535 αὐτὸς
963 4472 1099 4551 ἔχει,
1133 4477 1211 4533 Τὸ
1260 4478 1363 4553 γὰρ
1412 4464 1817 4550 ἀθάνατονῙκαὶ

188 4552 576 4646 ἀκατάληπτον,
628 4560 719 4615 καὶ
769 4562 1069 4637 ἄγνωστον,
1118 4566 1207 4620 καὶ
1259 4552 1356 4621 ὅσα
1395 4573 1636 4641 τοιαῦτα,
1678 4569 1816 4646 ἔχει,

1930 3417 2079 3469 tates
2112 3429 2143 3467 a
2176 3411 2380 3468 formis
2421 3411 2790 3479 auferuntur,
2826 3411 3005 3467 veluti
3061 3428 3093 3465 a
3144 3414 3299 3465 terra
3328 3408 3576 3480 gravita-

1929 3505 2070 3573 tem,
2104 3501 2177 3557 ab
2222 3517 2376 3572 aqua
2427 3499 2861 3555 humiditatem.
2914 3499 3068 3555 Deus
3101 3498 3281 3570 igitur
3308 3497 3406 3568 qui
3458 3496 3579 3552 haec

1930 3591 2129 3647 omnia
2160 3588 2839 3654 transformat,omnium
2872 3590 2960 3644 est
2990 3587 3202 3660 positio
3233 3590 3290 3643 et
3318 3585 3535 3642 ablatio
3561 3603 3574 3641 :

1929 3681 2194 3736 omnium
2227 3679 2467 3751 quidem
2501 3678 2735 3750 positio,
2798 3681 2862 3732 ut
2918 3677 3016 3748 qui
3069 3676 3268 3732 omnia
3326 3675 3490 3747 ponit
3518 3679 3577 3732 et

1928 3769 2087 3841 facit,
2118 3772 2294 3840 atque
2329 3772 2391 3823 ut
2417 3767 2742 3824 consistant
2798 3766 3093 3837 disponit;
3140 3766 3198 3820 in
3258 3765 3385 3836 ipso
3417 3764 3576 3821 enim

1929 3860 2129 3913 omnia
2158 3856 2509 3913 consistunt.
2543 3857 2641 3914 Est
2692 3860 2889 3912 autem
2922 3856 3188 3912 omnium
3241 3854 3476 3922 ablatio,
3512 3857 3577 3910 ut

1928 3948 2029 4019 qui
2062 3946 2412 4018 positionem
2447 3947 2637 4018 ipsam
2670 3946 2914 4018 [rerum]
2944 3950 3001 4002 et
3030 3945 3383 4000 creationem
3416 3960 3574 3998 com-

1927 4035 2091 4108 ponit
2121 4040 2178 4090 et
2206 4036 2723 4107 concinnat,atque
2753 4051 2823 4090 ex
2855 4034 3064 4105 positis
3096 4051 3164 4089 ea
3189 4049 3315 4104 qua:
3349 4036 3576 4087 naturae

1926 4130 2067 4182 sunt
2098 4125 2331 4194 propria
2363 4124 2589 4191 aufert;
2623 4123 2841 4178 sienim
2876 4139 2979 4193 pro
3001 4122 3268 4177 confesso
3301 4120 3572 4190 habetur,

1925 4233 1993 4270 ea
2022 4231 2153 4285 qua:
2181 4216 2537 4283 generantur
2569 4229 2810 4283 prorsus
2858 4211 3032 4266 etiam
3077 4210 3374 4280 corrumpi
3407 4210 3575 4280 ;ipse

1925 4309 2123 4361 autem
2155 4304 2522 4361 abundantia
2542 4303 2823 4358 bonitatis
2848 4301 3081 4356 illorum
3106 4301 3341 4372 quidem
3368 4316 3569 4355 corru-

1926 4395 2183 4466 ptionem
2246 4394 2397 4449 112
2456 4391 2791 4461 abstulerit,
2850 4389 3031 4446 veluti
3091 4390 3162 4445 ab
3231 4388 3457 4460 angelis
3515 4391 3572 4444 et

1926 4484 2239 4539 animabus
2266 4502 2281 4551 ;
2313 4482 2525 4539 horum
2556 4497 2688 4537 vero
2720 4480 3155 4552 corruptionem
3194 4478 3253 4534 in
3301 4478 3572 4533 incorru-

1926 4572 2184 4642 ptionem
2222 4572 2513 4642 traducat,
2546 4571 2701 4627 sicut
2760 4587 3004 4643 corpora
3053 4573 3255 4626 nostra
3285 4568 3345 4624 in
3377 4584 3572 4624 resur-

189 4641 280 4718 οὑχ
302 4645 374 4708 ὡς
409 4648 484 4717 μὴ
518 4644 591 4701 ὥν
639 4649 703 4703 τὸ
750 4647 1015 4705 ἐναντίον·
1065 4651 1210 4708 ἀλλὰ
1238 4656 1374 4710 κατὰ
1419 4641 1817 4729 ἰδιότητά

1929 4660 2217 4729 rectione;
2252 4641 2628 4717 manifestum
2662 4664 2751 4715 est
2777 4641 2930 4732 quod
2963 4659 3087 4731 ipse
3135 4659 3333 4715 eadem
3377 4655 3575 4713 nobis-

188 4736 328 4821 πᾶσιν
371 4732 609 4810 ἄρρητον
654 4736 746 4791 καὶ
798 4738 1175 4811 ἀνεπινόητον·
1230 4742 1487 4818 ἐξῄρηται
1545 4747 1648 4821 γὰρ
1708 4753 1814 4804 τῶν

188 4819 446 4894 ἁπάντων,
475 4825 549 4887 ὡς
595 4824 951 4901 ἀφῃρημένος
996 4834 1103 4885 τῶν
1133 4827 1325 4901 ὄντων,
1358 4834 1449 4888 καὶ
1483 4834 1571 4889 ὑπ’
1603 4834 1822 4900 οὐδενὸς

188 4909 465 4999 νοοῦμενος
518 4918 624 4968 τῶν
674 4913 726 4969 ἐν
779 4914 1114 4994 δημιουργίᾳ
1161 4922 1195 4991 ἢ
1242 4918 1820 4999 καταλαμϐανόμενος,

191 4996 252 5090 t1):
276 5000 429 5063 αὐτὸς
477 5002 666 5058 ἑαυτὸν
718 5006 962 5080 ἀρπάσας
1009 5005 1097 5062 διὰ
1141 5016 1242 5080 τῆς
1302 5010 1569 5085 ἀπειρίας·
1603 4996 1664 5068 οὑ
1716 4996 1820 5090 γάρ

190 5082 311 5141 ἔστιν
339 5089 502 5145 αὑτοῦ
534 5092 720 5165 πέρας.
751 5100 828 5166 Ση
842 5096 1072 5169 μείωσαι
1097 5095 1153 5152 δὲ
1182 5099 1244 5153 τὸ
1274 5100 1325 5153 ἐν
1358 5082 1633 5171 ἀλλήλαις
1665 5082 1819 5173 εἶναί,

188 5177 304 5231 κατά
348 5198 461 5235 τινα
512 5183 685 5255 μονήν
730 5184 821 5239 καὶ
867 5182 1082 5260 ’ίδρυσιν
1127 5188 1223 5250 τὰς
1282 5188 1424 5253 θείας
1481 5190 1816 5261 ὑποστάσεις,

190 5261 251 5324 ὠς
294 5267 373 5321 τό·
422 5272 565 5345 Ἐγὼ
624 5269 676 5326 ἐν
728 5277 807 5345 τῷ
867 5276 1063 5349 ΙΙατρὶ,
1120 5278 1208 5330 καὶ
1256 5277 1283 5331 ὁ
1341 5279 1531 5352 Πατὴρ
1576 5278 1627 5334 ἐν
1674 5279 1818 5354 ἐμοί·

1930 4766 2064 4806 cum
2094 4750 2407 4819 exsistens,
2439 4750 2517 4806 sit
2537 4753 2595 4805 et
2624 4766 2803 4821 supra
2832 4748 3182 4821 positionem
3241 4751 3296 4803 et
3336 4744 3574 4802 ablatio-

1930 4854 2089 4907 nem,
2123 4857 2255 4895 cum
2292 4840 2744 4895 fundamentum
2778 4838 2874 4909 sit,
2936 4837 3321 4909 omniumque
3362 4834 3525 4891 radix
3557 4847 3570 4887 :

1930 4945 2046 4983 non
2072 4934 2355 4997 quantum
2390 4928 2462 4983 ad
2492 4927 2710 4997 locum,
2739 4929 2840 4983 sed
2877 4932 2936 4982 ut
2970 4943 3149 4981 causa
3180 4945 3194 4993 ;
3230 4938 3419 4995 neque
3448 4922 3575 4992 ipse

1929 5020 2017 5072 est
2048 5017 2263 5073 ablatio
2291 5034 2493 5073 eorum
2516 5034 2647 5089 quae
2678 5016 2872 5084 habet,
2909 5016 3097 5088 ipsam
3131 5012 3287 5069 enim
3331 5011 3574 5065 immor-

1929 5105 2214 5163 talitatem
2247 5108 2373 5179 ipse
2404 5107 2598 5163 habet.
2620 5104 2770 5162 Illud
2804 5105 2959 5161 enim
2991 5104 3145 5175 quod
3172 5099 3317 5157 mori
3349 5098 3575 5170 nequit,

1930 5213 2120 5268 neque
2150 5197 2787 5269 comprehendi,neque
2809 5190 3343 5266 cognosci,aliaque
3359 5187 3579 5246 similia

1934 5284 2131 5353 habet,
2165 5303 2279 5342 non
2315 5287 2472 5357 quod
2533 5301 2650 5342 non
2705 5284 2783 5340 sit.
2837 5280 3219 5350 contrarium,
3250 5280 3354 5337 sed
3408 5280 3580 5351 juxta

1183 5504 1420 5562 VARI/E
1460 5508 1847 5565 LECTIONES
1885 5511 1975 5566 ET
2014 5511 2563 5570 COBRECTIONES.

253 5676 294 5712 ’⁷
319 5677 751 5764 γρλνομίςονῖις
780 5676 1187 5764 ξατειᾉηφένᾳι,
1219 5683 1307 5764 καῇ
1341 5680 1453 5755 ἀδι,
1480 5691 1747 5764 putantes
1774 5704 1818 5743 υι

1929 5705 2023 5744 nos
2050 5690 2362 5764 intelligere
2388 5698 2591 5745 etnon.
2672 5689 2718 5726 9'
2747 5708 2836 5764 γρ.
2868 5682 3155 5744 κατέλαϐε.
3232 5688 3276 5725 ⁹⁹
3302 5705 3389 5761 γρ.
3430 5679 3570 5738 εἶδό-

191 5764 290 5808 τος,

362 5751 426 5787 ¹⁰⁰
453 5748 543 5824 γρ.
578 5748 858 5827 ἀφθαρσίᾳ.
938 5756 953 5789 ¹
1104 5748 1494 5830 ὡμολόγηται.⁵
1561 5760 1581 5793 ²
1613 5778 1708 5835 γρ.
1748 5759 2040 5835 φθείρεται.
2116 5764 2137 5797 ³
2164 5748 2259 5837 γρί
2283 5762 2463 5835 ἡμῶν.
