4080 6366
485 393 595 448 219

1297 395 1665 447 APPENDIX
1705 396 1804 447 AD
1841 393 2081 447 OPERA
2120 394 2185 446 S.
2220 393 2540 448 DIONYSII
2582 395 3085 449 AREOPAGITE.

3783 395 3888 451 2'20

489 519 906 595 proprietatem
933 520 1249 592 quamdam
1272 520 1551 575 omnibus
1579 518 1959 589 ineffabilem,
1979 534 2139 591 pror-

2260 517 2392 573 οὕτω
2440 518 2530 573 καὶ
2579 520 2701 595 περὶ
2749 522 2847 574 τοῦ
2895 519 3054 594 ἁγίου
3107 516 3420 590 ΙΙνεύματος
3476 519 3504 573 ὁ
3561 514 3887 584 ’Δπόστολος

489 626 714 682 susque
770 609 1280 681 inconceptibilem
1315 628 1330 677 ;
1364 613 1673 681 exemptus
1724 609 1878 665 enim
1930 612 2018 663 est
2067 608 2139 663 ab

2250 606 2393 683 λέγει
2416 611 2455 662 ⁸.

490 699 787 767 omnibus,
820 702 1107 770 tanquam
1140 715 1172 754 a
1200 699 1375 753 rebus
1406 698 1857 769 ablatus,neque
1888 699 1959 753 ab
1989 697 2109 753 ulla
2138 702 2405 754 creatura
2432 699 2769 757 intellectus
2784 704 2888 756 aut
2920 699 3477 771 comprehensus,ut
3506 700 3603 770 qui
3636 701 3885 773 seipsum

490 803 592 859 per
621 788 973 845 inﬁnitatem
1005 788 1417 860 capiat,neque
1449 788 1604 843 enim
1638 788 1767 858 ejus
1797 791 1888 842 est
1918 788 2225 843 terminus.
2248 793 2396 843 Nota
2426 794 2621 845 autem
2654 790 2715 845 in
2747 806 2809 846 se
2841 789 3090 844 invicem
3123 805 3269 855 esse,
3304 804 3406 859 per
3436 790 3677 844 modum
3710 790 3888 845 alicu-

485 878 587 949 jus
613 877 762 933 situs
794 882 850 933 et
884 876 1291 947 habitationis,
1324 878 1557 933 divinas
1590 894 1892 948 personas,
1927 881 1992 930 ut
2022 875 2190 945 illud,
2220 878 2328 948 Ego
2360 878 2418 933 in
2450 881 2642 947 Pdlre,
2674 884 2727 935 et
2752 883 2920 935 Pater
2950 878 3010 933 in
3038 894 3128 933 me
3160 879 3232 951 (v)
3265 895 3277 945 ;
3314 878 3388 932 ita
3420 879 3594 933 etiam
3629 880 3698 934 de
3725 879 3889 951 Spiri-

489 971 552 1023 tu
588 971 788 1023 sancto
822 966 1130 1039 Apostolus
1160 967 1321 1021 dicit.

563 1056 737 1128 [Sicut
770 1056 990 1111 lumina
1050 1056 1390 1128 lampadum.
1450 1056 1682 1127 Integra
1738 1072 1905 1111 mens
1953 1055 2139 1110 sancti

492 1146 679 1202 Patris
711 1146 781 1200 ad
815 1146 973 1201 hunc
1005 1147 1244 1201 modum
1280 1161 1342 1199 se
1374 1144 1573 1200 habet.
1597 1146 1943 1217 Exemplum
1977 1144 2142 1215 ponit

492 1236 564 1290 de
594 1239 798 1290 sancta
828 1234 1134 1289 Trinitate.
1157 1235 1680 1304 Quemadmodum,
1712 1235 1919 1305 inquit,
1945 1234 1993 1288 si
2024 1239 2141 1289 tres

494 1323 764 1391 lucernae,
806 1328 908 1378 aut
967 1322 1219 1378 candelae
1269 1340 1386 1377 una
1417 1324 1536 1378 sint
1582 1323 1641 1377 in
1686 1323 1926 1394 templo,
1961 1323 2048 1379 vel
2081 1327 2138 1377 in

494 1412 691 1479 domo,
735 1411 860 1467 suis
893 1411 1127 1481 quidem
1164 1411 1579 1483 hypostasibus
1611 1416 1999 1467 secernuntur
2036 1428 2139 1467 seu

496 1500 949 1572 distinguuntur
977 1500 1048 1554 ab
1084 1499 1371 1567 invicem;
1407 1517 1771 1572 unaquaeque
1828 1501 1982 1556 enim
2027 1500 2142 1555 alia

493 1588 734 1645 lucerna
765 1594 853 1644 est
884 1606 897 1644 :
932 1593 1192 1644 attamen
1224 1594 1514 1660 quantum
1558 1592 1626 1645 ad
1658 1590 1880 1659 lumen,
1916 1589 2139 1645 unitam

492 1682 669 1750 atque
698 1678 1010 1733 indivisam
1045 1678 1499 1733 babentnaturaa
1522 1684 1580 1734 et
1609 1679 1966 1751 operationis
1988 1696 2140 1734 com-

2324 1058 2567 1131 Καθάπερ
2637 1061 2789 1132 φῶτα
2847 1056 3188 1132 λαμπτήρων
3222 1100 3234 1113 .
3295 1056 3462 1120 ’Όλος
3520 1056 3547 1111 ὁ
3617 1061 3743 1118 νοῦς
3796 1061 3887 1112 τοῦ

2250 1147 2459 1218 Πατρὸς
2511 1150 2701 1200 τοῦτον
2752 1142 2868 1221 ἔχει
2926 1147 3018 1201 τὸν
3078 1145 3303 1219 τρόπον.
3357 1143 3707 1221 Παράδειγμα
3751 1149 3886 1200 εἶπεν

2251 1234 2337 1290 ἐπὶ
2368 1241 2467 1304 τῆς
2515 1235 2668 1309 ἁγίας
2710 1232 2968 1309 Τριάδος,
3002 1234 3183 1310 ὥσπερ
3233 1240 3398 1309 τριῶν
3444 1255 3606 1289 τινων
3654 1232 3887 1309 λύχνων,

2250 1324 2435 1401 φησὶν,
2468 1323 2502 1392 ἢ
2534 1328 2717 1400 κηρῶν
2770 1326 3035 1397 ἡμμένων
3088 1322 3139 1377 ἔν
3185 1344 3290 1377 τινι
3337 1328 3451 1394 ναῷ
3501 1322 3536 1392 ἢ
3592 1321 3750 1395 οἷ’κῳ,
3778 1328 3886 1385 ταῖς

2255 1414 2348 1486 μὲν
2384 1412 2704 1468 ὑποστάσεσι
2758 1411 3204 1488 διακεκριμένων,
3251 1410 3418 1488 ἤγουν
3471 1413 3887 1488 κεχωρισμένων

2251 1501 2536 1573 ἀλλήλων·
2567 1501 2740 1564 ἄλλος
2770 1503 2871 1578 γάρ
2901 1502 2989 1556 καὶ
3022 1500 3192 1563 ἄλλος
3224 1501 3430 1576 λύχνος
3478 1500 3620 1555 ἐστὶν
3653 1498 3831 1561 ἰδικῶς
3860 1503 3886 1555 ὁ

2248 1591 2451 1655 καθείς’
2480 1596 2557 1663 τῷ
2605 1589 2661 1646 δὲ
2708 1593 2848 1669 φωτὶ
2891 1592 3182 1664 ἡνωμένην
3226 1588 3416 1665 ἔχουσι
3447 1592 3534 1645 καὶ
3589 1588 3885 1665 ἀχώριστον

2248 1683 2347 1750 τὴν
2396 1681 2684 1735 κοινωνίαν
2741 1688 2841 1760 τῆς
2901 1680 3111 1758 φύσεως
3166 1680 3256 1734 καὶ
3313 1686 3411 1748 τῆς
3470 1679 3754 1755 ἐνεργείας’
3803 1680 3884 1733 καὶ

492 1766 954 1823 municationem
980 1785 995 1836 ;
1029 1768 1172 1822 adeo
1204 1772 1269 1821 ut
1297 1782 1469 1822 nemo
1500 1766 1830 1823 discernere
1858 1767 2141 1837 valeat,ao

2260 1767 2428 1832 οὐδεὶς
2475 1767 2694 1824 δύναται
2741 1768 2795 1824 ἐν
2842 1774 2921 1841 τῷ
2955 1767 3090 1841 οἴκῳ
3135 1769 3185 1823 ἐν
3216 1773 3297 1841 τῷ
3328 1769 3443 1843 ἀέρι
3494 1767 3659 1823 αὐτοῦ
3691 1766 3890 1841 διακρῖ-

494 1857 705 1925 dicere,
737 1857 1036 1928 quodnam
1089 1855 1291 1926 hujus,
1343 1857 1571 1927 quodve
1620 1856 1864 1912 alterius
1893 1857 2139 1911 lucerna)

493 1945 573 2001 sit
596 1944 925 1999 lumen.His
952 1944 1195 2013 dictis,a
1226 1944 1509 2000 Trinitate
1539 1948 1608 2001 ad
1644 1946 2138 2017 dispensationem

493 2049 824 2089 sermonem
859 2033 1157 2100 transfert,
1221 2038 1277 2088 et
1332 2049 1635 2105 egressum
1691 2035 1872 2090 divini
1903 2035 2076 2091 Verbi
2106 2052 2141 2091 a

491 2124 683 2191 Patre,
710 2124 881 2192 juxta
912 2123 1041 2192 ejus
1065 2138 1287 2188 vocem,
1320 2139 1448 2194 quas
1506 2124 1648 2178 dixit
1683 2141 1696 2179 :
1730 2126 1768 2180 A
1812 2126 1988 2179 Patre
2022 2140 2139 2180 meo

492 2210 666 2279 exivi,
698 2218 749 2267 et
780 2210 852 2265 ad
883 2212 1105 2267 Patrem
1132 2227 1316 2266 meum
1347 2212 1488 2267 vado
1536 2212 1638 2283 (ω),
1690 2212 1965 2282 declarat,
1998 2215 2137 2269 sub-

492 2302 640 2357 dens
676 2316 687 2354 :
722 2300 825 2355 Sed
844 2306 895 2356 et
918 2300 970 2355 si
997 2300 1122 2371 quis
1150 2318 1323 2355 unam
1356 2300 1667 2372 lampadem
1686 2303 1880 2357 educat
1905 2320 1933 2357 e
1953 2305 2139 2370 domo,

493 2390 663 2445 simul
691 2389 872 2444 exibit
925 2399 977 2445 et
1027 2398 1193 2445 totum
1247 2391 1535 2462 proprium
1593 2394 1709 2461 eius
1740 2392 1948 2461 lumen,
1987 2392 2139 2447 nihil

493 2486 819 2537 cancrorum
854 2478 1133 2534 luminum
1158 2478 1220 2533 in
1248 2495 1305 2535 se
1336 2496 1461 2550 ipsa
1493 2481 1664 2536 simul
1695 2483 1936 2546 trahens,
1968 2497 2141 2552 neque

493 2568 711 2639 aliquid
762 2568 853 2622 sui
909 2567 1028 2623 illis
1083 2569 1418 2639 relinquens.
1470 2569 1725 2625 Veniens
1768 2572 1923 2625 enim
1960 2571 2141 2627 Filius

495 2674 564 2713 ex
594 2657 763 2712 Patre
793 2658 851 2711 in
880 2658 1190 2725 mundum,
1243 2674 1432 2729 neque
1464 2662 1713 2729 Patrem,
1774 2676 1962 2730 neque
2018 2661 2140 2732 Spi-

493 2748 671 2802 ritum
703 2746 761 2801 in
798 2763 860 2802 se
891 2748 1019 2817 ipso
1042 2746 1219 2802 simul
1251 2748 1437 2813 duxit,
1471 2762 1660 2819 neque
1700 2749 2004 2819 quidpiam
2028 2749 2141 2805 sibi

496 2835 803 2907 proprium
834 2833 1143 2906 egrediens
1194 2834 1311 2890 illis
1364 2834 1640 2906 reliquit:
1695 2837 1796 2891 sed
1828 2838 2140 2894 indivisam

494 2941 612 2980 suae
644 2923 833 2993 ipsius
856 2922 1184 2979 mansionis
1215 2925 1609 2995 egressionem
1642 2925 1822 2997 fecit]

2247 1880 2331 1913 ναι
2363 1857 2451 1913 καί
2484 1858 2676 1929 εἷ’πεῖν,
2705 1863 2860 1913 ποῖον
2896 1856 2988 1930 μέν
3020 1856 3133 1911 ἐστι
3179 1862 3294 1934 φῶς
3341 1854 3502 1912 τοῦδε
3530 1862 3629 1911 τοῦ
3668 1854 3887 1930 λύχνου,

2246 1953 2401 2002 ποῖον
2438 1944 2495 2001 δὲ
2522 1951 2618 2001 τοῦ
2650 1945 2853 2023 ἑτέρου.
2883 1950 3063 2003 Ταῦτα
3110 1946 3298 2013 εἰπὼν,
3334 1947 3659 2021 μετέρχεται
3703 1944 3885 2000 λοιπὸν

2247 2034 2305 2089 ἐκ
2333 2039 2428 2089 τοῦ
2458 2032 2737 2108 τριαδικοῦ
2789 2035 2863 2096 εἰς
2913 2035 3004 2089 τὸν
3048 2041 3147 2103 τῆς
3196 2034 3517 2107 οἰκονομίας
3565 2034 3753 2109 λόγον,
3799 2034 3882 2088 καὶ

2244 2124 2342 2192 τὴν
2388 2120 2599 2193 ἓνδοξον
2654 2119 2835 2193 ἔξοδον
2884 2127 2979 2177 τοῦ
3026 2127 3159 2178 Θεοῦ
3207 2124 3386 2199 Λόγου
3433 2124 3530 2191 τήν
3585 2121 3645 2177 ἐκ
3687 2123 3883 2197 Πατρὸς

2246 2212 2382 2266 κατὰ
2409 2213 2507 2282 τήν
2555 2209 2720 2266 αὐτοῦ
2771 2213 2955 2288 φωνὴν
3007 2212 3108 2280 τήν
3159 2213 3485 2289 φάσκουσαν,
3537 2210 3648 2280 ὅτι,
3682 2212 3772 2268 Ἐκ
3797 2215 3883 2265 τοῦ

2248 2301 2458 2375 Πατρός
2522 2322 2626 2374 μου
2683 2299 2790 2374 ἐγὼ
2850 2299 3079 2370 ἐξῆλθον
3113 2342 3127 2367 ,
3186 2299 3275 2355 καὶ
3329 2300 3465 2375 πρὸς
3539 2301 3633 2355 τὸν
3691 2300 3887 2372 Πατέρα

2253 2412 2356 2462 μου
2417 2391 2625 2465 ὑπάγω,
2678 2389 2955 2467 σαφηνίζει
3027 2389 3167 2453 καθά
3236 2408 3421 2462 φησιν·
3486 2388 3650 2443 Ἀλλ’
3708 2388 3751 2441 εἷ
3804 2386 3884 2441 καὶ

2246 2480 2338 2535 τὸν
2395 2476 2484 2533 ’ἐνα
2538 2500 2621 2533 τις
2678 2484 2785 2533 τῶν
2842 2482 3063 2551 πυρσῶν
3129 2477 3387 2553 ὑπεξάγοι
3442 2482 3539 2531 τοῦ
3594 2474 3883 2550 δωματίου,

2250 2566 2675 2638 συνεξελεύσεται
2748 2566 2838 2621 καὶ
2914 2566 2976 2621 τὸ
3051 2566 3251 2621 οἰκεῖον
3330 2568 3465 2620 ἅπαν
3527 2570 3667 2643 φῶς,
3746 2561 3885 2619 οὐδὲν

2248 2664 2346 2725 τῆν
2407 2661 2514 2711 τῶν
2576 2654 2769 2730 ἑτέρων
2844 2654 3037 2733 φώτων
3113 2655 3164 2709 έν
3243 2656 3417 2727 ἑαυτῷ
3484 2655 3886 2726 συνεπισπώμε-

2248 2766 2339 2800 νον
2414 2742 2796 2818 λαμπηδόνος,
2847 2744 2883 2813 ἢ
2939 2744 3002 2799 τὸ
3077 2745 3267 2799 ἑαυτοῦ
3337 2749 3454 2806 τοῖς
3527 2743 3732 2819 ἑτέροις
3798 2762 3886 2796 κα-

2249 2834 2507 2890 ναλεῖπον
2540 2879 2553 2891 .
2614 2832 2820 2890 Ἐλθὼν
2897 2834 3000 2907 γὰρ
3079 2834 3107 2887 ὁ
3184 2833 3307 2895 Υἱὸς
3385 2831 3443 2887 ἐκ
3515 2836 3619 2887 τοῦ
3691 2831 3887 2905 ΙΙατρὸς

2250 2926 2337 2979 καὶ
2371 2920 2717 2996 ἐπιδημήσας
2772 2921 2824 2977 ἒν
2868 2926 2949 2994 τῷ
2995 2918 3189 2996 κόσμῳ
3241 2919 3367 2977 οὐδὲ
3413 2921 3505 2975 τὸν
3558 2922 3767 2995 Πατέρα
3806 2920 3884 2973 καὶ

491 3010 555 3066 τὸ
586 3014 804 3082 Πνεῦμα
834 3012 1126 3087 συνήγαγεν
1159 3010 1211 3065 έν
1244 3013 1441 3083 ἑαυτῷ,
1473 3009 1599 3067 οὐδὲ
1632 3014 1738 3085 μήν
1769 3018 1876 3069 τῶν
1909 3013 2122 3070 οἰκείων
2148 3036 2201 3071 τι
2232 3013 2461 3085 ἐξελθών
2502 3011 2724 3075 ἐκείνοις
2751 3008 3061 3083 κατέλιπεν,
3094 3008 3220 3066 ἀλλ’
3251 3008 3554 3085 ἀδιαίρετον
3586 3016 3685 3080 τῆς
3712 3010 3887 3064 ἑαυτοῦ

499 3105 671 3174 μονῆς
705 3098 999 3168 έποὶήσατο
1030 3099 1129 3167 τὴν
1162 3096 1391 3173 ἔξοδον.]

568 3189 749 3258 Quare
772 3205 935 3260 super
961 3188 1383 3245 subslantialem
1406 3190 1583 3246 illam.
1603 3191 1905 3248 Unitiones
1936 3210 2143 3265 corpo-
2176 3195 2219 3262 C

498 3294 629 3335 rum
657 3295 859 3335 eorum
885 3284 1107 3350 quae,ut
1136 3278 1445 3336 elementis
1468 3282 1891 3351 constantia,et
1909 3282 2022 3338 alia
2052 3300 2145 3338 ra-

495 3366 657 3424 tione
688 3367 970 3439 permista
985 3368 1530 3435 considerantur,ex
1548 3369 1763 3424 virtute
1784 3375 1842 3425 et
1864 3371 2147 3442 qualitate

499 3457 884 3513 mutationem
918 3456 1454 3528 habent,etaliquid
1471 3457 1631 3512 aliud
1663 3458 2022 3529 simplicium
2040 3476 2145 3515 na-

496 3552 644 3603 turaa
670 3546 1031 3602 contrarium
1059 3546 1271 3601 horum
1323 3546 1508 3601 unitio
1558 3548 1822 3618 perficit;
1874 3548 2149 3604 similiter

497 3634 807 3691 facultates
841 3636 1049 3689 animae
1077 3634 1315 3689 diversae
1347 3634 1622 3689 videntur
1651 3652 1753 3706 pro
1813 3642 2005 3692 motus
2055 3637 2147 3693 sui

501 3723 1159 3793 discrimine.Equidem
1190 3723 1533 3793 angelorum
1567 3740 1697 3778 cum
1733 3724 1948 3781 divinis
1977 3725 2146 3781 illus-

499 3811 854 3868 trationibus
888 3810 1474 3878 unitiones,vicissim
1508 3815 1563 3866 et
1594 3813 2003 3870 convenienter
2026 3831 2151 3885 pro-

502 3901 647 3972 priis
678 3899 984 3957 ordinibus
1034 3900 1291 3955 habent:
1344 3900 1621 3956 divinitas
1676 3907 1871 3958 autem
1931 3909 2150 3959 sanctae

504 3988 833 4055 Trinitatis,
863 3988 1017 4042 “3
1040 3993 1097 4043 et
1119 3987 1407 4059 quidquid
1438 3990 1567 4059 ejus
1597 3994 1707 4055 est,
1758 3989 1919 4046 nullo
1965 3992 2149 4047 dicto-

504 4094 636 4134 rum
668 4078 925 4133 dissecta
947 4082 1049 4133 aut
1080 4094 1111 4132 a
1134 4093 1195 4133 se
1212 4078 1462 4145 diversa,
1498 4079 1706 4135 merito
1733 4085 2006 4136 censetur
2024 4097 2152 4137 esse

505 4184 684 4239 supra
707 4167 952 4222 uniones
981 4166 1147 4224 istas.

574 4258 641 4312 Et
668 4256 1079 4330 supercaalestia
1129 4256 1464 4312 luminaria.
1525 4257 1671 4312 Nota
1729 4274 1862 4313 eum
1922 4258 2151 4315 animas

503 4346 930 4417 universasque
962 4349 1212 4414 mentes,
1249 4347 1553 4416 superiora
1606 4346 1769 4403 caelis
1797 4347 2026 4403 lumina
2054 4365 2151 4404 vo-

504 4452 658 4503 care,
690 4441 867 4507 atque
899 4434 1110 4499 dicere,
1164 4434 1272 4490 has
1320 4451 1525 4491 omnes
1572 4435 1829 4493 viventes
1863 4438 2153 4494 essentias

506 4524 685 4591 uniri,
717 4523 1219 4594 quemadmodum
1244 4523 1467 4578 dictum
1499 4524 1667 4580 estin
1699 4527 1965 4598 exemplo
1996 4526 2152 4582 mul-

503 4616 701 4668 torum
732 4612 791 4667 in
824 4613 998 4668 domo
1028 4612 1231 4667 eadem
1262 4612 1558 4668 luminum
1619 4614 1731 4670 sibi
1781 4620 1986 4671 mutuo
2026 4616 2153 4672 sine

506 4701 784 4757 mistione
813 4705 870 4756 et
900 4700 1242 4756 confusione
1267 4702 1590 4773 unitorum,
1612 4720 1745 4758 cum
1788 4703 1908 4759 sint
1936 4705 2038 4761 Dei
2069 4704 2152 4761 si-

507 4789 774 4858 miles,et
804 4806 905 4861 pro
929 4794 1100 4861 captu
1132 4807 1240 4846 suo
1274 4791 1675 4847 unitissimam
1699 4792 1799 4848 Dei
1827 4793 2151 4850 unitionem

503 4879 860 4952 participant
879 4896 891 4933 :
909 4895 1080 4950 quas,
1113 4878 1336 4935 scilicet
1357 4881 1673 4951 unitiones,
1690 4882 2030 4953 incorporea
2050 4883 2152 4939 ha-

504 4969 667 5035 bent,
697 4984 826 5041 quaa
858 4968 1037 5024 etiam
1071 4983 1133 5024 se
1166 4973 1371 5024 mutuo
1418 4969 1547 5025 sine
1590 4970 1932 5027 confusione
1981 4989 2153 5043 pene-

504 5063 685 5114 trant.

576 5147 1061 5219 Superessentialis
1115 5145 1273 5202 illius
1321 5145 1798 5217 Dei/ecunditatis.
1842 5153 1988 5204 Nota
2018 5164 2153 5205 eum

501 5249 708 5291 vocare
738 5241 988 5307 Patrem,
1022 5234 1579 5308 superessentialem
1630 5236 2153 5295 Deil‘ecunditatem

506 5328 564 5380 et
594 5324 836 5395 fontem,
870 5342 1057 5397 neque
1077 5325 1200 5381 haec
1232 5324 1472 5381 nomina
1502 5341 1631 5381 esse
1662 5326 1976 5397 reciproca.

579 5470 651 5542 (v)
672 5469 841 5525 Joan.
869 5487 926 5541 χ,
958 5471 1047 5525 38.
1072 5471 1151 5543 (x)
1186 5471 1497 5541 Joan.xv1,
1518 5472 1605 5526 28.

2322 3192 2500 3247 ’Ὀπου
2553 3211 2615 3264 γε
2661 3190 2747 3244 καὶ
2806 3190 2907 3258 τὴν
2962 3188 3299 3263 ὑπερούσιον.
3353 3188 3419 3246 Αἰ
3478 3192 3588 3243 τῶν
3636 3188 3886 3260 σωμάτων

2252 3281 2493 3351 ὲνώσεις,
2534 3284 2640 3332 τῶν
2687 3299 2746 3333 τε
2796 3274 3170 3352 στοιχειωδῶς
3221 3277 3632 3353 θεωρουμένων,
3662 3276 3749 3330 καὶ
3790 3278 3887 3329 τῶν

2254 3366 2441 3429 ἄλλως
2486 3388 2604 3428 πως
2660 3366 3031 3441 μιγνυμένων,
3085 3364 3339 3439 δυνάμεσι
3388 3364 3476 3420 καὶ
3534 3366 3790 3435 ποιότησι
3833 3362 3888 3416 τὸ

2251 3454 2719 3532 παρηλλαγμένον
2768 3452 2980 3530 ἔχουσι,
3014 3454 3103 3509 καὶ
3153 3452 3336 3528 ἕτερόν
3381 3475 3432 3507 τι
3481 3454 3632 3528 παρά
3659 3454 3756 3522 τὴν
3795 3456 3891 3505 τῶν

2252 3547 2442 3601 ἁπλῶν
2500 3544 2655 3623 φύσιν
2715 3546 2749 3613 ἡ
2809 3544 3018 3599 τούτων
3068 3540 3262 3607 ἓνωσις
3312 3540 3591 3598 ἀποτελεῖ·
3647 3540 3888 3600 ὡσαύτως

2252 3636 2342 3690 καὶ
2372 3634 2604 3709 ψυχικαὶ
2636 3631 2889 3707 δυνάμεις
2918 3633 2979 3687 τὸ
3012 3630 3306 3709 ἑτεροειδὲς
3356 3632 3493 3687 κοιτά
3536 3633 3640 3701 τήν
3690 3628 3887 3700 κίνησιν

2256 3721 2512 3799 διάφορον
2548 3721 2757 3798 ἔχουσι·
2792 3722 2881 3776 καὶ
2935 3724 3042 3795 μὴν
3091 3722 3179 3776 καὶ
3221 3722 3278 3775 αἱ
3322 3725 3429 3776 τῶν
3480 3719 3727 3796 ἀγγέλων
3768 3718 3889 3792 πρὸς

2252 3814 2351 3875 τὰς
2383 3812 2527 3874 θείας
2575 3810 2878 3885 ἐλλάμψεις
2923 3810 3172 3881 ένότητες
3215 3810 3277 3864 τὸ
3325 3809 3425 3864 ἀνά
3467 3808 3633 3884 μέρος
3662 3807 3750 3862 καὶ
3781 3803 3891 3860 ἀνά-

2257 3901 2419 3977 λογον
2466 3906 2588 3961 ταῖς
2638 3899 2863 3962 οἰκείαις
2912 3898 3117 3971 τάξεσιν
3167 3895 3405 3974 ἔχουσιν·
3441 3900 3475 3966 ἡ
3511 3895 3568 3952 δὲ
3600 3896 3653 3952 έν
3681 3900 3748 3967 τῇ
3779 3891 3893 3968 ἁγίᾳ

2256 3989 2450 4063 Τριάδι
2501 3990 2715 4059 θεότης,
2759 3988 2849 4044 καὶ
2901 3990 2999 4043 ὅσα
3045 3988 3271 4059 ταύτης,
3305 3984 3481 4041 οὐδενί
3519 3991 3630 4041 τῶν
3684 3984 3889 4059 εἰρημέ-

2256 4100 2361 4134 νων
2397 4076 2797 4152 διακοπτυμένη
2829 4077 2865 4147 ἢ
2890 4077 3086 4147 δαυτῆς
3116 4074 3462 4155 διαφέρουσα,
3494 4075 3721 4137 εἰκότως
3773 4071 3893 4147 ὑπὲρ

2256 4169 2450 4230 ταύτας
2482 4170 2576 4230 τὰς
2608 4169 2825 4229 ὲνώσεις
2856 4170 2992 4222 εἶναι
3025 4163 3301 4237 δοξάζεται
3330 4168 3371 4221 ⁸.

2331 4256 2436 4314 Καὶ
2496 4255 2856 4333 ὑπερουράνια
2911 4260 3083 4334 φῶτα.
3147 4253 3464 4327 Σημείωσαι
3522 4253 3609 4308 ὅτι
3666 4251 3756 4308 καὶ
3809 4250 3896 4309 τὰς

2261 4348 2443 4422 ψυχὰς
2496 4346 2587 4401 καὶ
2637 4344 2766 4407 τοὺς
2805 4344 2932 4409 νόας
2963 4346 3197 4406 ἅπαντας
3247 4342 3605 4419 ὑπερουράνια
3636 4347 3784 4417 φῶτα
3810 4360 3895 4393 κα-

2262 4434 2367 4491 λεῖ⁶
2419 4434 2507 4489 καί
2557 4455 2722 4511 φησιν
2772 4435 3019 4497 ένοῦσθαι
3068 4433 3163 4494 τὰς
3218 4432 3458 4501 ζωούσας
3490 4434 3512 4468 ⁶
3552 4430 3737 4494 οὐσίας
3778 4426 3896 4483 ταύ-

2262 4546 2356 4587 τας
2412 4521 2637 4592 ἁπάσας,
2697 4523 2771 4585 ὡς
2832 4521 3042 4598 εἷ’ρηται
3102 4521 3153 4576 ἐν
3212 4524 3291 4592 τῷ
3346 4517 3745 4596 παραδείγματι
3799 4520 3896 4571 τῶν

2262 4613 2313 4668 έν
2343 4611 2478 4685 οἷ’κῳ
2501 4613 2607 4666 τινὶ
2637 4609 2864 4667 πολλῶν
2898 4612 3240 4685 λαμπτήρων
3288 4608 3563 4680 ἀλλήλοις
3610 4610 3821 4683 ἀμιγῶς
3847 4624 3898 4658 τε

2259 4703 2352 4758 καὶ
2409 4701 2730 4777 ἀσυγχύτως
2786 4699 3107 4773 ένουμένων,
3164 4696 3420 4761 θεοειδεῖς
3485 4719 3545 4754 τε
3602 4696 3761 4758 οὔσας
3816 4693 3899 4749 καὶ

2266 4789 2597 4865 μετεχούσας
2646 4787 2930 4865 ἀναλόγως
2983 4790 3195 4851 ἑαυταῖς
3235 4794 3335 4857 τῆς
3384 4791 3481 4842 τοῦ
3528 4791 3662 4842 Θεοῦ
3704 4786 3898 4857 ὑπερη-

2261 4880 2513 4953 νωμένης
2563 4878 2825 4940 ένώσεως’
2860 4879 3097 4948 ἅστινας,
3131 4876 3347 4937 ὲνώσεις
3400 4874 3683 4946 δηλονότι,
3714 4873 3798 4930 ἐπὶ
3838 4871 3899 4925 τὰ

2262 4967 2546 5041 ἀσώματα,
2579 4967 2612 5021 ἃ
2638 4968 2727 5022 καὶ
2761 4965 2830 5022 δι’
2860 4964 3127 5036 ἀλλήλων
3158 4964 3481 5041 ἀσυγχύτως
3514 4970 3710 5040 χωρεῖ.

2333 5150 2688 5222 Ὑπερουσίου
2763 5144 3061 5221 θεογονίας.
3137 5144 3458 5217 Σημείωσαι
3531 5143 3613 5199 ὅτι
3678 5137 3902 5214 ὁπερού-

2266 5257 2380 5291 σιον
2428 5234 2707 5310 θεογονίαν
2756 5236 2845 5289 καὶ
2896 5236 3079 5309 πηγὴν
3130 5234 3221 5288 τὸν
3257 5234 3468 5310 Πατέρα
3497 5231 3674 5288 καλεῖ·
3707 5230 3793 5285 καὶ
3824 5229 3899 5282 ὅτι

2268 5324 2365 5381 οὐκ
2396 5326 2733 5401 ἀντιστρέφει
2761 5326 2828 5379 τὰ
2858 5322 3121 5395 ὀνόματα.

1535 5614 1774 5671 VARIZE
1804 5615 2187 5674 LECTIONES
2216 5616 2303 5673 ET
2332 5612 2879 5674 CORRECTIONES.

579 5715 603 5750 ι
624 5732 711 5789 γρ,
740 5712 925 5791 φησιν,
1002 5714 1023 5749 ⁸
1052 5731 1141 5789 γρ.
1174 5708 1474 5784 νομίζεται.
1550 5713 1571 5747 ⁸
1601 5730 1691 5785 γρ.
1726 5712 1923 5781 ζώσας.
