4080 6366
202 390 295 445 221
973 397 1031 449 S.
1074 396 1341 450 MAXIM!
1384 397 1690 452 SCHOLIA
1728 397 1802 449 IN
1841 395 1974 448 LIB.
2016 395 2112 446 DE
2149 395 2422 448 DIVINIS
2459 393 2876 448 NOMINIBUS.

262 512 528 574 Ἑνώσεις
586 534 647 568 τε
698 513 790 568 καὶ
848 511 1165 590 διακρίσεις.
1218 517 1302 572 Τὰ
1370 516 1491 590 περὶ
1547 520 1646 585 τῆς
1698 512 1866 593 ἀφρά-

2054 516 2334 571 Unitiones
2364 518 2419 570 et
2448 514 2853 570 distinctiones.
2888 512 3178 585 Doquitur
3203 511 3375 567 modo
3407 511 3476 567 de
3496 527 3631 582 pro-

198 622 321 656 στου
377 599 620 676 Τριάδος
672 604 839 679 μέχρι
884 608 1051 679 τριῶν
1107 604 1448 660 ὑποστάσεων
1493 602 1733 679 προόδου
1781 607 1870 658 νῦν

204 688 477 765 θεολογεῖ,
516 690 712 767 ὅτιπερ
746 694 773 747 6
807 692 938 756 Θεὸς
967 694 1055 749 καί
1091 695 1302 771 Πατὴρ,
1335 695 1578 765 κινηθεὶς
1620 694 1873 769 ἀχρόνως

200 779 285 835 καὶ
317 781 709 853 ἀγαπητικῶς,
735 781 1010 855 προῆλθεν
1044 784 1121 846 εἰς
1181 781 1446 853 διάκρισιν
1508 784 1874 853 ὑποστάσεων,

199 870 411 942 ἆμερῶς
444 889 509 924 τε
532 872 625 925 καὶ
662 872 949 944 ἆμειώτως
984 872 1166 945 μείνας
1204 870 1255 927 ἐν
1305 877 1373 947 τῇ
1428 873 1601 944 οἰκείᾳ
1648 870 1875 942 ὁλότητι

202 956 643 1029 ὗπερηνωμένος
673 958 764 1013 καὶ
795 959 1292 1034 ὑπερηπλωμένος,
1323 965 1421 1016 τοῦ
1453 959 1659 1015 οἷ’κείου
1704 959 1873 1014 ἀπαυ-

198 1045 482 1119 γάσματος
516 1047 596 1109 εἷς
632 1046 858 1122 ὕπαρξιν
890 1050 1285 1123 προελθόντος,
1316 1050 1390 1111 ὡς
1417 1048 1627 1111 εἲκόνος
1672 1046 1872 1118 ζώσης,

195 1132 404 1188 καὶτοῦ
438 1135 717 1210 παναγίου
749 1136 1069 1210 Πνεύματος
1102 1143 1496 1212 προσκυνητιῖκ
1524 1139 1612 1192 καὶ
1629 1138 1876 1213 ὑπεραεν-

192 1224 330 1285 νάως
368 1222 830 1301 ἐκπορευομένου
867 1226 927 1281 ἐκ
955 1231 1052 1281 τοῦ
1085 1228 1319 1301 υατρὸς,
1353 1228 1431 1289 ὡς
1465 1231 1814 1301 μυσταγωγεῖ
1846 1227 1873 1280 6

200 1311 399 1387 Κύριος
436 1331 450 1345 ·
492 1312 790 1388 ἀγαθότητι
840 1312 897 1369 δὶ
941 1314 1256 1386 ἐπληθύνθη
1318 1316 1404 1371 ἐπὶ
1448 1315 1871 1392 τρισυπόστατον

194 1402 465 1477 θεαρχίαν
532 1405 568 1471 ἡ
625 1402 771 1457 αἰτία
823 1405 1042 1460 πάντων
1088 1405 1179 1460 καὶ
1233 1407 1414 1481 πηγή.
1477 1408 1662 1462 Ταῦτα
1711 1404 1800 1459 καὶ
1844 1406 1872 1459 6

195 1487 463 1567 θεολόγος
531 1494 839 1569 Γρηγόροος
895 1494 946 1549 ἐν
1000 1499 1119 1558 τοῖς
1151 1494 1299 1551 Κατά
1348 1492 1627 1568 Εὐνομίου
1682 1491 1874 1569 λόγοις

196 1578 383 1656 φησίν.
421 1582 586 1637 ’Ἐστι
617 1578 675 1636 δὲ
702 1583 789 1637 καὶ
824 1583 962 1638 κατά
991 1580 1162 1638 ἄλλον
1196 1583 1358 1660 Λόγον
1410 1583 1525 1648 θεία
1584 1581 1871 1659 διάκρισις,

197 1670 230 1737 ἡ
263 1666 354 1723 διὰ
386 1666 619 1739 πλῆθος
646 1670 987 1745 ἀγαθότητος
1036 1670 1276 1747 πρόοδος
1319 1677 1414 1728 τοῦ
1462 1670 1594 1728 Θεοῦ
1654 1672 1729 1735 εἷς
1770 1672 1870 1741 τήν

196 1755 555 1813 πολυείδείαν
581 1766 683 1828 τῆς
717 1757 1084 1838 δημιουργίας
1111 1765 1131 1797 ’⁷
1161 1768 1262 1831 τῆς
1313 1761 1547 1839 ἀοράτου
1605 1761 1694 1817 καὶ
1745 1762 1871 1837 ὁρα-

1984 604 2249 659 cessione
2266 603 2582 659 ineffabilia
2597 602 2904 658 Trinitatis
2919 603 2989 657 ad
3008 609 3123 657 tres
3147 617 3449 674 personas,
3472 601 3628 671 quod

1983 693 2092 748 etsi
2129 694 2277 748 Deus
2309 696 2366 748 et
2394 697 2566 748 Pater
2597 692 2723 747 sine
2766 696 3027 763 tempore
3061 694 3276 759 motus,
3309 693 3365 745 et
3395 693 3633 761 propter

1982 781 2100 837 vim
2133 781 2351 837 amoris
2371 782 2431 837 in
2455 781 2894 837 distinctionem
2922 795 3304 853 personarum
3324 778 3630 851 processit,

1984 869 2111 927 sine
2134 871 2419 926 divisione
2444 875 2500 927 et
2522 870 2916 926 diminutione
2940 884 3289 942 permanens
3315 868 3374 922 in
3397 866 3635 940 propria

1982 960 2267 1015 totalitate
2296 978 2475 1031 supra
2506 960 2748 1016 modum
2781 960 3004 1026 unitus,
3057 963 3113 1013 et
3161 974 3341 1029 supra
3388 957 3630 1012 modum

1984 1048 2255 1120 simplex,
2307 1049 2541 1121 proprio
2594 1049 2905 1121 splendore
2952 1049 3010 1103 in
3061 1045 3464 1103 exsistentiam
3499 1060 3628 1115 pro-

1983 1137 2222 1205 deunte,
2251 1142 2317 1193 ut
2346 1139 2447 1209 qui
2472 1138 2549 1193 sit
2586 1138 2714 1193 viva
2745 1138 2960 1209 imago,
2993 1141 3050 1192 et
3097 1134 3470 1192 sanctissimo
3498 1132 3633 1205 Spi-

1984 1226 2100 1281 ritu
2132 1243 2268 1281 cum
2301 1227 2662 1294 adoratione,
2696 1228 2850 1282 etab
2911 1232 3125 1281 aeterno
3158 1243 3190 1281 a
3220 1226 3387 1281 Patre
3424 1236 3630 1294 proce-

1984 1316 2177 1385 dente,
2212 1315 2364 1370 sicut
2394 1315 2562 1370 docet
2595 1315 2909 1381 Dominus;
2946 1315 3206 1369 bonitate
3246 1317 3442 1368 autem
3478 1308 3633 1365 mul-

1979 1402 2281 1475 tiplicatus
2312 1403 2423 1458 fuit
2454 1404 2513 1458 in
2565 1403 2892 1458 divinitatis
2942 1402 3297 1474 principium
3347 1401 3407 1456 in
3439 1400 3631 1456 tribus

1983 1492 2313 1548 consistens
2346 1493 2632 1564 personis,
2666 1492 2763 1563 qui
2794 1508 2970 1548 causa
3008 1496 3120 1557 est,
3147 1494 3205 1547 et
3235 1491 3365 1545 fons
3396 1489 3629 1544 univer-

1982 1597 2203 1638 sorum.
2250 1582 2380 1637 Haec
2426 1583 2605 1638 etiam
2651 1581 2965 1653 Gregorius
3020 1579 3326 1651 theologus
3370 1579 3430 1633 in
3460 1577 3632 1633 libris

1984 1670 2191 1727 Contra
2220 1672 2545 1727 Eunomium
2576 1670 2736 1727 dicit.
2770 1670 2858 1726 Fit
2895 1673 3093 1726 autem
3124 1669 3238 1724 alia
3268 1684 3505 1740 quoque
3535 1684 3630 1722 ra-

1980 1760 2139 1816 tione
2183 1760 2382 1817 divina
2427 1760 2749 1825 distinctio,
2800 1775 3149 1832 progressus
3205 1758 3299 1814 Dei
3334 1774 3434 1829 per
3462 1756 3628 1813 boni-

196 1851 314 1915 τῆς.
348 1848 553 1902 Κοιναὶ
587 1845 644 1903 δέ
673 1847 779 1904 εἶσι
830 1856 931 1919 τῆς
976 1852 1407 1926 τρισυποστάτου
1455 1851 1544 1906 καὶ
1598 1847 1869 1925 διακεκρι-

245 1936 256 1956 ί
414 1937 432 1956 ι
496 1936 548 1956 Ὠ
672 1937 691 1956 α
754 1934 778 1956 δ
1126 1941 1139 1956 \
1267 1940 1278 1956 1
1413 1939 1425 1956 Ι
1670 1938 1685 1956 \
1749 1941 1769 1956 9-

1991 1850 2120 1905 tatis
2150 1849 2580 1905 abundantiam
2612 1850 2673 1904 in
2706 1849 2897 1904 varias
2928 1848 3154 1920 species
3184 1844 3498 1902 invisibilis
3542 1848 3628 1901 at-

1991 1954 2052 1956 ,η
2075 1954 2084 1956 -
2134 1955 2146 1956 γ
2173 1937 2260 1956 2,9]
2290 1938 2372 1956 '19,
2443 1954 2520 1956 Ah-
2542 1954 2549 1956 ε
2573 1942 2705 1956 annm
2743 1955 2748 1956 ,
2797 1953 2971 1956 _,i--__
3006 1954 3056 1956 -.Α
3081 1953 3131 1956 __
3158 1937 3366 1956 1___1__._
3403 1938 3538 1956 --__L
3568 1933 3622 1956 2..

202 1936 364 2007 μένης
413 1936 614 1998 δνάδος
641 1937 698 1992 α⁹ί
751 1934 1141 2015 δημιουργικαῖ
1174 1939 1425 2013 πρόνοιαί
1482 1961 1541 1995 τε
1596 1938 1685 1995 καὶ
1743 1941 1871 2013 ἄγα-

203 2023 433 2094 θότητες
472 2044 487 2058 ”
538 2028 574 2097 ἡ
630 2026 732 2102 γὰρ
782 2024 1130 2101 παμϐασιλῖς
1179 2029 1345 2105 Τριᾶς
1392 2029 1443 2084 έν
1508 2028 1713 2102 μεθέξει
1762 2030 1868 2083 τῶν

198 2110 565 2187 δυνικι.ι,ιῑ;νων⁸
624 2114 873 2191 μετέχειν
932 2116 1139 2192 γίνεται
1197 2117 1445 2193 ἀσχέτως
1493 2139 1551 2173 τε
1585 2117 1673 2172 κα)
1709 2118 1869 2191 ἆμεθ·
1917 2178 1923 2185 ι

200 2203 369 2265 έκτως
413 2222 425 2236 ⁸
461 2203 658 2259 ταύτὸν
708 2206 810 2281 γὰρ
862 2202 1031 2277 δηλοῖ
1080 2206 1330 2281 ἑκάτερον
1368 2226 1380 2239 ’
1438 2207 1721 2281 μετέχεται
1766 2206 1869 2281 γὰρ

199 2290 394 2353 ὁΘεὸς
437 2291 688 2366 ἀσχέτως
747 2292 808 2346 οὗ
854 2294 1226 2368 κατεχόμενος
1280 2294 1331 2349 ἐν
1389 2294 1545 2367 τόπῳ
1583 2299 1661 2365 τῷ
1712 2295 1869 2367 μετέ-

203 2398 390 2455 χοντι,
426 2379 556 2436 οὐδὲ
586 2380 862 2448 αἲσθητῶς
898 2384 1283 2457 μετεχόμενος,
1314 2382 1442 2438 ἀλλ’
1477 2382 1609 2444 ὅλος
1641 2382 1692 2436 ἐν
1743 2403 1868 2455 μετ-

204 2474 311 2543 οχῇ
347 2469 583 2525 ἑκάστου
620 2468 692 2524 ὢν
724 2470 815 2525 καὶ
856 2470 1194 2548 ἐξῃρημένος
1233 2476 1341 2526 τῶν
1370 2473 1615 2527 ἁπάντων
1644 2492 1657 2504 θ
1688 2470 1869 2545 ὥσπερ

202 2566 390 2630 φωνῆς
457 2558 702 2635 μεγάλης
779 2561 1077 2635 γενομένης
1146 2562 1372 2623 ἅπαντες
1443 2559 1765 2635 μετέχουσιν
1819 2561 1869 2615 οἱ

201 2649 468 2723 παρόντες
529 2650 667 2704 κατὰ
722 2650 823 2717 τὴν
882 2648 1088 2704 οἲκείαν
1147 2648 1392 2724 δύναμιν,
1442 2650 1534 2704 καὶ
1592 2650 1747 2724 ἀνὴρ,
1778 2650 1868 2704 καὶ

203 2740 431 2807 νήπιον,
484 2735 576 2792 καί
626 2734 804 2812 ἄλογα
833 2756 845 2769 ·
899 2737 1025 2795 ἀλλ’
1056 2739 1109 2793 οἱ
1154 2740 1249 2812 μὲν
1297 2738 1785 2815 ἐῤῥωμενέστερον,
1818 2737 1869 2791 οἱ

206 2824 258 2882 δὲ
287 2823 697 2902 ἀμυδρότερον,
729 2827 866 2901 πρὸς
906 2828 1006 2896 τήν
1039 2834 1140 2897 τῆς
1201 2828 1527 2893 ἀκουστικῆς
1574 2825 1867 2901 ἐνέργειαν,

203 2917 285 2971 ml
343 2911 459 2971 ἔστι
497 2916 732 2988 μεθεκτή
765 2918 799 2986 ἡ
833 2917 1011 2994 φωνὴ,
1043 2916 1133 2971 καὶ
1192 2915 1273 2995 ἐφ’
1323 2917 1519 2983 ἑαυτῆς
1576 2916 1871 2990 ἀμέθεκτος

211 3025 326 3078 μειν
336 3026 462 3060 ασα.

1982 1954 2095 2009 que
2133 1937 2384 1994 visibilis
2434 1942 2753 2005 creaturae;
2789 1953 2981 1993 comm
3000 1953 3134 1992 mes
3158 1937 3371 2007 Zautem
3400 1938 3541 1991 sunt
3568 1933 3629 1989 in

1977 2027 2169 2082 tribus
2200 2027 2604 2082 subsistentiis
2626 2031 2683 2082 et
2712 2026 3087 2082 consistentis
3109 2030 3167 2081 et
3187 2024 3474 2081 distinctae
3499 2024 3630 2079 uni-

1979 2115 2141 2183 tatis,
2176 2116 2287 2171 illae
2320 2132 2447 2187 quae
2470 2116 2540 2171 ad
2577 2115 2931 2171 creationem
2953 2119 3219 2188 spectant
3250 2113 3630 2187 providentia)

1979 2208 2037 2260 et
2067 2204 2377 2261 bonitates.
2412 2205 2691 2259 Omnium
2735 2205 2890 2260 enim
2944 2206 3147 2277 regina
3198 2202 3452 2259 Trinitas
3501 2201 3628 2259 sine

1981 2293 2310 2349 detentione
2341 2298 2399 2348 et
2428 2293 2962 2349 communicatione
2993 2294 3065 2349 ab
3099 2294 3171 2349 iis
3202 2293 3297 2363 qui
3332 2309 3460 2347 eam
3493 2308 3626 2363 par-

1980 2382 2225 2452 ticipare
2247 2382 2478 2448 valent;
2503 2382 2657 2437 idem
2680 2382 2837 2437 enim
2858 2381 3115 2438 declarat
3136 2381 3626 2454 utrumque.Nam

1981 2469 2366 2542 participatur
2394 2470 2549 2526 Deus
2583 2470 2709 2526 sine
2731 2470 3066 2526 detentione
3093 2470 3336 2525 minime
3366 2484 3625 2540 compre-

1980 2559 2202 2615 hensus
2230 2559 2291 2614 in
2322 2559 2449 2615 loco
2481 2560 3089 2632 participante,neque
3117 2559 3477 2615 sensibiliter
3499 2575 3628 2630 par-

1979 2648 2298 2719 ticipatus;
2352 2649 2454 2704 sed
2502 2652 2683 2718 totus,
2731 2647 2791 2704 in
2840 2650 3130 2721 cujusque
3179 2648 3627 2719 participatione

1980 2738 2291 2804 exsistens,
2340 2741 2395 2794 et
2425 2739 2497 2793 ab
2538 2738 2817 2794 omnibus
2865 2743 3173 2810 exemptus
3216 2736 3410 2794 :sicut
3440 2735 3629 2792 valida

1979 2844 2117 2883 voce
2146 2827 2394 2883 excitata
2425 2843 2630 2883 omnes
2663 2832 2979 2899 praesentes
3003 2828 3160 2899 iuxta
3182 2825 3478 2899 propriam
3509 2825 3627 2880 vir-

1978 2921 2166 2974 tutem
2190 2918 2319 2989 ejus
2341 2918 2655 2991 participes
2678 2922 2899 2988 sunt,et
2928 2918 3102 2987 vir,et
3130 2918 3325 2973 infans
3356 2922 3411 2973 et
3434 2916 3627 2984 bruta;

1980 3008 2083 3063 sed
2116 3006 2201 3061 illi
2233 3008 2473 3079 quidem
2501 3008 2835 3079 fortius,isti
2860 3025 2994 3065 vero
3023 3006 3629 3075 debilius,secundum

209 3101 512 3160 facultatis
542 3102 820 3158 audiendi
853 3102 1192 3173 efﬁcaciam,
1229 3108 1406 3176 atque
1433 3107 1590 3160 114
1617 3102 2131 3160 communicabilis
2175 3107 2264 3160 est
2291 3120 2420 3172 vox,
2453 3108 2510 3160 et
2541 3105 2600 3160 in
2633 3121 2695 3160 se
2726 3104 2855 3176 ipsa
2893 3102 3471 3161 incommunicabilis
3503 3119 3630 3159 ma-

211 3208 379 3248 nens.

280 3280 378 3336 Ἐκ
435 3282 546 3333 τῶν
615 3283 867 3356 μετοχῶν
928 3280 1019 3335 καὶ
1063 3283 1173 3334 τῶν
1217 3281 1583 3355 μετεχόντων.
1624 3280 1700 3337 Τὸ
1755 3280 1871 3335 κατ’

2058 3283 2138 3337 Ea:
2199 3282 2731 3354 participationibus
2781 3290 2832 3337 et
2874 3283 3267 3353 participibus.
3346 3280 3633 3337 Divinitas

214 3366 394 3423 οὐσίαν
422 3368 521 3441 μὲν
554 3369 591 3436 ἡ
624 3367 826 3438 Θεότης
856 3368 917 3423 οὗ
957 3368 1267 3443 μετέχεται,
1291 3366 1415 3424 οὕτε
1465 3374 1663 3424 νοεῖται
1693 3387 1705 3401 ⁸
1745 3381 1875 3443 μεθ-

217 3458 345 3526 εκτή
394 3454 453 3511 δέ
504 3456 648 3512 ἐστιν
695 3455 749 3512 ἰν
800 3458 879 3530 τῷ
913 3457 963 3528 ἐξ
990 3457 1160 3524 αὐτῆς
1189 3458 1322 3513 εἶναι
1351 3459 1419 3513 τὰ
1446 3457 1638 3532 πάντα,
1662 3460 1750 3514 καὶ
1788 3458 1877 3513 ὑπ’

220 3545 388 3615 αὐτῆς
416 3546 733 3621 συνέχεσθαι
758 3544 837 3607 εἷς
866 3547 928 3601 τὸ
960 3547 1114 3603 εἶναι.

290 3725 372 3779 Ἐν
436 3721 647 3796 ἑκάστῳ
699 3727 808 3778 τῶν
870 3722 1300 3796 έκτυπωμάτων.
1348 3720 1872 3799 Παραδειγματικῶς

218 3834 347 3888 φησι
378 3818 497 3874 πῶς
522 3812 835 3885 ἀμεθέκτως
864 3812 1151 3887 μετέχεται
1184 3814 1213 3868 6
1244 3811 1397 3875 Θεός.

287 3906 315 3971 §
344 3904 433 3960 VI.
468 3900 585 3958 Οὐκ
606 3896 746 3954 ἔστιν
775 3902 810 3970 ἡ
833 3901 1087 3977 σφραγίς.
1120 3900 1421 3963 Ἀντίθεσις
1471 3899 1562 3955 καὶ
1612 3900 1768 3966 λύσις
1816 3900 1876 3957 ἐκ
1906 3936 1912 3942 -

225 3994 316 4044 τοῦ
344 3986 791 4064 παραδείγματος
820 3996 920 4058 τῆς
950 3987 1266 4066 σφραγῖδος.

285 4082 416 4135 Ἀπο
425 4077 714 4153 μόργματα
723 4111 734 4121 -
744 4080 883 4135 ’Λπο
892 4077 961 4151 μό
968 4098 1034 4154 ργ
1044 4099 1186 4151 ματα
1198 4078 1424 4133 ἐνταῦθα
1433 4079 1500 4134 τὰ
1513 4078 1725 4134 έκτυπώ
1734 4099 1877 4152 ματα

231 4164 393 4241 λέγει.

290 4255 392 4312 Καὶ
428 4256 567 4327 μήτε
625 4254 907 4310 ἀντίτυπα.
942 4256 1030 4316 Ὠς
1089 4252 1235 4319 λίθοι
1291 4255 1381 4311 καὶ
1431 4253 1585 4327 ξύλα,
1615 4257 1649 4326 ἢ
1707 4255 1873 4312 πάλιν

219 4343 280 4398 τὰ
321 4350 426 4413 τῆς
475 4343 642 4417 ὑγρᾶς
691 4344 901 4413 οὐσίας,
950 4344 1024 4397 ὧν
1087 4340 1240 4398 οὐδὲν
1308 4342 1616 4419 ἐπιδέχεται
1672 4345 1770 4414 τήν
1818 4343 1877 4399 ἐκ

224 4430 518 4488 δακτυλίου
554 4430 839 4509 σφραγῖδα.

287 4522 631 4594 Διακὲκριται
712 4517 790 4576 δέ.
851 4519 1165 4594 Σημείωσαι
1240 4522 1324 4575 ὅτι
1386 4518 1720 4594 διακέκριται
1772 4528 1873 4592 τῆς

1986 3370 2221 3443 quidem
2253 3371 2578 3427 secundum
2610 3371 2926 3427 essentiam
2949 3388 3135 3442 neque
3166 3370 3634 3426 communicatur

1985 3475 2175 3530 neque
2205 3458 2594 3529 intelligitur;
2629 3459 3144 3516 communicabilis
3175 3474 3308 3515 vero
3342 3463 3450 3527 est,
3485 3474 3631 3529 qua-

1981 3528 2156 3604 tenus
2185 3547 2385 3604 omnia
2406 3528 2483 3603 ex
2514 3548 2643 3620 ipsa
2686 3552 2848 3615 sunt,
2900 3552 2957 3604 et
2987 3549 3058 3605 ab
3090 3548 3221 3620 ipsa
3252 3547 3312 3602 in
3363 3563 3469 3604 suo
3501 3528 3631 3603 esse
3720 3528 3733 3543 ί

1984 3637 2380 3693 continentur.

2053 3730 2121 3783 In
2151 3741 2481 3798 unaquaque
2508 3725 2878 3797 impressione.
2898 3725 3174 3797 Exemplo
3206 3723 3631 3796 declarat,quo-

1983 3816 2156 3871 modo
2189 3815 2341 3870 Deus
2371 3815 2497 3871 sine
2532 3815 2978 3888 participatione
3010 3816 3407 3887 participetur.

2060 3904 2214 3972 ενι.
2250 3904 2368 3958 Non
2415 3912 2497 3959 est
2541 3904 2816 3975 sigillum.
2864 3904 3164 3976 Oppositio
3214 3909 3271 3960 et
3318 3901 3532 3960 solutio
3563 3918 3633 3958 ex

1983 3991 2248 4063 exemplo
2279 3992 2478 4063 sigilli.

2053 4083 2301 4152 Efﬁgies,
2336 4080 2431 4136 Gr.
2464 4078 2884 4154 ἆπομόργματα.
2910 4078 3339 4155 Ἀπομόργματα
3368 4079 3476 4136 hoc
3509 4079 3631 4136 loco

1981 4173 2149 4225 vocat
2182 4168 2608 4241 expressiones.

2053 4258 2159 4313 Nec
2186 4257 2546 4312 reluctantia.
2580 4255 2773 4312 Veluti
2804 4255 3029 4327 lapides
3051 4260 3107 4311 et
3127 4255 3421 4328 ligna,aut
3448 4272 3478 4311 e
3500 4272 3632 4312 con-

1982 4346 2162 4402 trario
2193 4363 2324 4418 quas
2354 4350 2493 4400 sunt
2524 4345 2691 4399 ﬂuxa:
2723 4344 3092 4413 substantiae,
3115 4361 3366 4416 quorum
3399 4343 3630 4400 nullum

1984 4435 2271 4491 admitttit
2296 4434 2524 4490 annulli
2555 4433 2837 4506 sigillum.

2059 4524 2393 4580 Distinctum
2454 4528 2533 4580 est
2582 4532 2784 4580 autem.
2836 4525 2986 4581 Nota
3033 4525 3373 4582 distinctam
3422 4541 3551 4582 esse
3599 4542 3634 4581 a

220 4609 373 4685 ἁγίας
406 4607 644 4686 Τριάδος
688 4611 722 4679 ἠ
759 4608 1170 4685 ἐνανθρώπησις
1196 4613 1293 4664 τοῦ
1322 4609 1504 4686 Λόγου
1535 4608 1740 4674 ὁλικῶς
1784 4611 1871 4666 καὶ

1991 4617 2192 4669 sancta
2220 4614 2504 4670 Trinitate
2531 4614 2773 4671 omnino
2805 4618 2863 4670 et
2890 4631 3025 4670 vere
3055 4614 3224 4670 Verbi
3271 4614 3631 4672 incarnatio-

223 4697 466 4767 ἀληθῶς.

288 4790 359 4844 Τὸ
419 4788 538 4851 καθ’
567 4790 738 4861 ἡμᾶς.
774 4788 1029 4842 Ἐνταῦθα
1080 4788 1203 4863 περὶ
1251 4794 1350 4858 τῆς
1396 4787 1715 4861 οἰκονομίας
1771 4790 1873 4844 πά-

222 4876 306 4932 λιν
366 4870 671 4944 διαλαϐὼν,
728 4880 808 4948 τῷ
860 4880 979 4948 Θεῷ
1055 4870 1217 4950 Λόγῳ
1284 4874 1484 4947 ταύτην
1552 4875 1873 4952 προσάπτει,

226 4967 361 5038 μήτε
392 4964 605 5039 Πατρὸς
642 4965 781 5037 μήτε
810 4967 910 5019 τοῦ
939 4962 1100 5040 ἁγίου
1151 4963 1464 5037 Πνεύμειτος
1520 4962 1876 5036 ἐπικοινωνη-

221 5053 444 5121 σάντων,
474 5050 622 5122 πλὴν
654 5051 791 5106 κατὰ
824 5050 1031 5127 βουλὴν
1069 5050 1261 5125 μόνην.
1296 5050 1615 5126 Σημείωσαι
1675 5050 1732 5107 δὲ
1772 5055 1872 5122 τὴν

224 5137 419 5218 ἆκριὸῇ
472 5144 574 5205 τῆς
634 5139 954 5213 οῗκονομίας
1015 5137 1293 5216 διήγησιν,
1354 5138 1484 5214 [ὅτι]
1544 5140 1783 5211 οὖσιώθη
1844 5143 1873 5196 6

226 5229 541 5307 ὑπεροόσιος
573 5228 701 5290 Θεὸς
746 5227 924 5303 Λόγος
983 5226 1397 5300 ἀναλλοιώτως,
1429 5228 1543 5284 ἐπεὶ
1600 5233 1874 5303 μεμένηκε

222 5321 366 5387 Θεὸς,
397 5317 486 5374 καὶ
519 5317 758 5387 οὐσιώθη
790 5318 910 5371 καθ’
940 5319 1089 5389 ἡμᾶς
1149 5316 1198 5390 ἐξ
1259 5321 1419 5390 ἡμῶν
1456 5320 1680 5388 ὁλικῶς,
1715 5340 1871 5374 τουτ-

223 5410 350 5480 έστι,
383 5412 543 5482 σῶμα
570 5407 662 5462 καὶ
692 5405 879 5482 ψυχὴν
918 5405 1154 5482 λογικὴν
1198 5407 1336 5463 κατὰ
1381 5407 1640 5479 ἀλήθειαν
1700 5408 1870 5485 ἐσχη-

222 5498 324 5561 κώς
358 5516 372 5532 ⁸
418 5498 510 5553 καὶ
570 5494 655 5552 δτι
700 5496 728 5550 6
780 5495 910 5558 Θεὸς
963 5495 1136 5571 Λόγος
1177 5495 1316 5553 ἐστὶν
1359 5499 1497 5570 [κατ’
1528 5496 1810 5572 ἀλήθειαν]
1842 5502 1869 5554 6

1984 4719 2141 4757 nem.

2053 4791 2255 4847 Nostri.
2289 4794 2407 4846 Hoc
2460 4790 2585 4846 loco
2633 4791 2849 4846 iterum
2902 4793 2971 4847 de
3021 4791 3462 4865 dispensatione
3508 4794 3630 4847 tra-

1983 4884 2173 4948 ctans,
2209 4881 2317 4936 soli
2347 4884 2460 4935 Deo
2492 4880 2682 4935 Verbo
2719 4880 3007 4949 attribuit,
3044 4883 3171 4937 sine
3205 4881 3323 4936 ulla
3353 4880 3544 4936 Patris
3574 4883 3632 4936 et

1980 4969 2235 5040 Spiritus
2262 4968 2447 5025 sancti
2473 4969 3028 5040 communicatione,
3054 4969 3166 5025 nisi
3188 4985 3290 5040 per
3321 4968 3509 5024 solam
3535 4985 3628 5026 vo-

1980 5058 2290 5114 luntatem.
2307 5058 2455 5114 Nota
2475 5074 2609 5114 vero
2640 5063 2973 5114 accuratam
3008 5056 3469 5130 dispensationis
3491 5075 3630 5115 nar-

1984 5147 2291 5215 rationem,
2340 5151 2524 5203 Deum
2575 5147 2858 5216 Verbum,
2908 5147 3062 5218 quod
3107 5162 3342 5202 omnem
3391 5150 3633 5220 superat

1979 5236 2324 5302 essentiam,
2356 5235 2485 5291 sine
2526 5234 2648 5291 ulla
2676 5236 3003 5291 mutatione
3033 5235 3430 5292 substantiam
3462 5253 3629 5293 acce-

1980 5325 2176 5396 pisse;
2207 5325 2486 5395 quoniam
2538 5324 2862 5395 permansit
2904 5324 3079 5391 Deus,
3124 5329 3182 5381 et
3217 5325 3393 5381 sicuti
3424 5342 3530 5381 nos
3560 5342 3632 5382 ex

1982 5413 2150 5470 nobis
2179 5413 2576 5469 substantiam
2608 5412 2849 5469 omnino
2881 5413 3192 5486 accepit,id
3225 5418 3307 5471 est
3340 5431 3552 5487 corpus
3572 5418 3632 5472 et

1980 5502 2232 5558 animam
2262 5500 2606 5557 rationalem
2631 5517 2764 5558 vere
2794 5501 3024 5575 habuit,
3056 5507 3112 5560 et
3157 5507 3339 5560 Deum
3370 5504 3627 5561 Verbum

1230 5617 1473 5673 VARIJE
1510 5617 1902 5676 LECTIONES
1940 5620 2032 5677 ET
2070 5618 2622 5678 CORRECTIONES.

291 5717 310 5751 τ
338 5733 429 5790 γρ.
462 5707 785 5768 πολυειδίαν
814 5713 923 5767 τῶν
960 5709 1493 5791 δημιουργημάτων.
1568 5716 1589 5752 ⁸
1617 5734 1703 5790 γρ.
1740 5712 2040 5792 δυνάμεων.

3524 388 3633 442 222
3698 420 3699 427 ι
