  <div class='ocr_page' id='page_1' title='image "/cluster/home/n/w/nwhite01/storage/ocr_20150623/4/mdp.39015078384529/121.png"; bbox 0 0 4080 6366; ppageno 0'>
   <div class='ocr_carea' id='block_1_1' title="bbox 415 385 522 439">
    <p class='ocr_par' dir='ltr' id='par_1_1' title="bbox 415 385 522 439">
     <span class='ocr_line' id='line_1_1' title="bbox 415 385 522 439; baseline 0.009 -1"><span class='ocrx_word' id='word_1_1' title='bbox 415 385 522 439; x_wconf 82' lang='grc'>223</span> 
     </span>
    </p>
   </div>
   <div class='ocr_carea' id='block_1_2' title="bbox 1235 380 3003 442">
    <p class='ocr_par' dir='ltr' id='par_1_2' title="bbox 1235 380 3003 442">
     <span class='ocr_line' id='line_1_2' title="bbox 1235 380 3003 442; baseline -0.004 0"><span class='ocrx_word' id='word_1_2' title='bbox 1235 390 1601 442; x_wconf 82' lang='lat' dir='ltr'>APPENDIX</span> <span class='ocrx_word' id='word_1_3' title='bbox 1638 389 1737 441; x_wconf 84' lang='lat' dir='ltr'>AD</span> <span class='ocrx_word' id='word_1_4' title='bbox 1773 387 2013 441; x_wconf 82' lang='lat' dir='ltr'>OPERA</span> <span class='ocrx_word' id='word_1_5' title='bbox 2052 385 2111 436; x_wconf 90' lang='lat' dir='ltr'>S.</span> <span class='ocrx_word' id='word_1_6' title='bbox 2152 380 2465 435; x_wconf 84' lang='lat' dir='ltr'>DIONYSII</span> <span class='ocrx_word' id='word_1_7' title='bbox 2505 382 3003 438; x_wconf 76' lang='lat' dir='ltr'>AREOPAGITE.</span> 
     </span>
    </p>
   </div>
   <div class='ocr_carea' id='block_1_3' title="bbox 3738 384 3846 439">
    <p class='ocr_par' dir='ltr' id='par_1_3' title="bbox 3738 384 3846 439">
     <span class='ocr_line' id='line_1_3' title="bbox 3738 384 3846 439; baseline 0.019 -2"><span class='ocrx_word' id='word_1_8' title='bbox 3738 384 3846 439; x_wconf 78' lang='grc'>224</span> 
     </span>
    </p>
   </div>
   <div class='ocr_carea' id='block_1_4' title="bbox 423 500 2082 588">
    <p class='ocr_par' dir='ltr' id='par_1_4' title="bbox 423 508 2049 588">
     <span class='ocr_line' id='line_1_4' title="bbox 423 508 2049 588; baseline -0.004 -20"><span class='ocrx_word' id='word_1_9' title='bbox 423 511 599 586; x_wconf 83' lang='lat' dir='ltr'>[vere]</span> <span class='ocrx_word' id='word_1_10' title='bbox 626 528 753 569; x_wconf 89' lang='lat' dir='ltr'>esse</span> <span class='ocrx_word' id='word_1_11' title='bbox 784 529 918 569; x_wconf 89' lang='lat' dir='ltr'>eum</span> <span class='ocrx_word' id='word_1_12' title='bbox 951 514 1051 586; x_wconf 89' lang='lat' dir='ltr'>qui</span> <span class='ocrx_word' id='word_1_13' title='bbox 1084 531 1295 588; x_wconf 90' lang='lat' dir='ltr'>passus</span> <span class='ocrx_word' id='word_1_14' title='bbox 1327 519 1437 581; x_wconf 82' lang='lat' dir='ltr'>est,</span> <span class='ocrx_word' id='word_1_15' title='bbox 1470 513 1696 570; x_wconf 83' lang='lat' dir='ltr'>scilicet</span> <span class='ocrx_word' id='word_1_16' title='bbox 1723 525 1916 579; x_wconf 87' lang='lat' dir='ltr'>carne,</span> <span class='ocrx_word' id='word_1_17' title='bbox 1951 508 2049 563; x_wconf 89' lang='lat' dir='ltr'>hu-</span> 
     </span>
    </p>
   </div>
   <div class='ocr_carea' id='block_1_5' title="bbox 2207 500 3859 588">
    <p class='ocr_par' dir='ltr' id='par_1_5' title="bbox 2207 500 3859 583">
     <span class='ocr_line' id='line_1_5' title="bbox 2207 500 3859 583; baseline 0.003 -24"><span class='ocrx_word' id='word_1_18' title='bbox 2207 505 2390 571; x_wconf 80' lang='grc' dir='ltr'>ιαθὼν,</span> <span class='ocrx_word' id='word_1_19' title='bbox 2442 500 2700 575; x_wconf 82' lang='grc' dir='ltr'>δηλονότι</span> <span class='ocrx_word' id='word_1_20' title='bbox 2766 506 2923 583; x_wconf 90' lang='grc' dir='ltr'>σαρκί</span> <span class='ocrx_word' id='word_1_21' title='bbox 2957 526 2971 540; x_wconf 75' lang='grc' dir='ltr'><strong><em>ο</em></strong></span> <span class='ocrx_word' id='word_1_22' title='bbox 3022 504 3112 561; x_wconf 87' lang='lat' dir='ltr'>xui</span> <span class='ocrx_word' id='word_1_23' title='bbox 3157 507 3238 561; x_wconf 79' lang='grc' dir='ltr'>ὅτι</span> <span class='ocrx_word' id='word_1_24' title='bbox 3299 506 3626 582; x_wconf 82' lang='grc' dir='ltr'>ἀνθρωπική</span> <span class='ocrx_word' id='word_1_25' title='bbox 3691 508 3859 564; x_wconf 79' lang='grc' dir='ltr'>αὐτοῦ</span> 
     </span>
    </p>
   </div>
   <div class='ocr_carea' id='block_1_6' title="bbox 421 599 2073 675">
    <p class='ocr_par' dir='ltr' id='par_1_6' title="bbox 421 599 2073 675">
     <span class='ocr_line' id='line_1_6' title="bbox 421 599 2073 675; baseline -0.002 -18"><span class='ocrx_word' id='word_1_26' title='bbox 421 618 778 674; x_wconf 86' lang='lat' dir='ltr'>manamque</span> <span class='ocrx_word' id='word_1_27' title='bbox 808 603 997 674; x_wconf 83' lang='lat' dir='ltr'>ipsius</span> <span class='ocrx_word' id='word_1_28' title='bbox 1042 604 1300 659; x_wconf 84' lang='lat' dir='ltr'>divinam</span> <span class='ocrx_word' id='word_1_29' title='bbox 1356 603 1753 675; x_wconf 84' lang='lat' dir='ltr'>operationem</span> <span class='ocrx_word' id='word_1_30' title='bbox 1784 599 1975 655; x_wconf 87' lang='lat' dir='ltr'>vocari</span> <span class='ocrx_word' id='word_1_31' title='bbox 2005 615 2073 655; x_wconf 88' lang='lat' dir='ltr'>ea</span> 
     </span>
    </p>
   </div>
   <div class='ocr_carea' id='block_1_7' title="bbox 419 688 2073 764">
    <p class='ocr_par' dir='ltr' id='par_1_7' title="bbox 419 688 2073 764">
     <span class='ocr_line' id='line_1_7' title="bbox 419 688 2073 764; baseline -0.004 -16"><span class='ocrx_word' id='word_1_32' title='bbox 419 692 619 748; x_wconf 83' lang='lat' dir='ltr'>omnia</span> <span class='ocrx_word' id='word_1_33' title='bbox 648 709 772 762; x_wconf 68' lang='lat' dir='ltr'>ques</span> <span class='ocrx_word' id='word_1_34' title='bbox 806 691 866 747; x_wconf 90' lang='lat' dir='ltr'>in</span> <span class='ocrx_word' id='word_1_35' title='bbox 909 692 1348 764; x_wconf 87' lang='lat' dir='ltr'>dispensatione</span> <span class='ocrx_word' id='word_1_36' title='bbox 1386 710 1484 748; x_wconf 88' lang='lat' dir='ltr'>seu</span> <span class='ocrx_word' id='word_1_37' title='bbox 1508 690 1907 747; x_wconf 83' lang='lat' dir='ltr'>incarnatione</span> <span class='ocrx_word' id='word_1_38' title='bbox 1929 688 2073 744; x_wconf 90' lang='lat' dir='ltr'>acci-</span> 
     </span>
    </p>
   </div>
   <div class='ocr_carea' id='block_1_8' title="bbox 424 775 2071 851">
    <p class='ocr_par' dir='ltr' id='par_1_8' title="bbox 424 775 2071 851">
     <span class='ocr_line' id='line_1_8' title="bbox 424 775 2071 851; baseline -0.003 -16"><span class='ocrx_word' id='word_1_39' title='bbox 424 780 664 850; x_wconf 85' lang='lat' dir='ltr'>derunt,</span> <span class='ocrx_word' id='word_1_40' title='bbox 700 796 887 851; x_wconf 89' lang='lat' dir='ltr'>neque</span> <span class='ocrx_word' id='word_1_41' title='bbox 920 780 1144 835; x_wconf 81' lang='lat' dir='ltr'>Patrem</span> <span class='ocrx_word' id='word_1_42' title='bbox 1188 796 1374 851; x_wconf 89' lang='lat' dir='ltr'>neque</span> <span class='ocrx_word' id='word_1_43' title='bbox 1406 779 1690 851; x_wconf 85' lang='lat' dir='ltr'>Spiritum</span> <span class='ocrx_word' id='word_1_44' title='bbox 1726 775 2071 833; x_wconf 88' lang='lat' dir='ltr'>sanctumin</span> 
     </span>
    </p>
   </div>
   <div class='ocr_carea' id='block_1_9' title="bbox 420 865 2071 941">
    <p class='ocr_par' dir='ltr' id='par_1_9' title="bbox 420 865 2071 941">
     <span class='ocr_line' id='line_1_9' title="bbox 420 865 2071 941; baseline -0.004 -18"><span class='ocrx_word' id='word_1_45' title='bbox 420 867 514 923; x_wconf 87' lang='lat' dir='ltr'>his</span> <span class='ocrx_word' id='word_1_46' title='bbox 545 867 766 939; x_wconf 86' lang='lat' dir='ltr'>aliquid</span> <span class='ocrx_word' id='word_1_47' title='bbox 801 868 1204 941; x_wconf 81' lang='lat' dir='ltr'>participasse,</span> <span class='ocrx_word' id='word_1_48' title='bbox 1240 868 1351 923; x_wconf 88' lang='lat' dir='ltr'>nisi</span> <span class='ocrx_word' id='word_1_49' title='bbox 1384 866 1746 937; x_wconf 88' lang='lat' dir='ltr'>beneplacito</span> <span class='ocrx_word' id='word_1_50' title='bbox 1778 869 1834 919; x_wconf 90' lang='lat' dir='ltr'>et</span> <span class='ocrx_word' id='word_1_51' title='bbox 1864 865 2071 919; x_wconf 84' lang='lat' dir='ltr'>volun-</span> 
     </span>
    </p>
   </div>
   <div class='ocr_carea' id='block_1_10' title="bbox 422 954 2076 1029">
    <p class='ocr_par' dir='ltr' id='par_1_10' title="bbox 422 954 2076 1029">
     <span class='ocr_line' id='line_1_10' title="bbox 422 954 2076 1029; baseline -0.003 -17"><span class='ocrx_word' id='word_1_52' title='bbox 422 960 542 1012; x_wconf 86' lang='lat' dir='ltr'>tate</span> <span class='ocrx_word' id='word_1_53' title='bbox 571 956 1017 1028; x_wconf 85' lang='lat' dir='ltr'>incarnationis,</span> <span class='ocrx_word' id='word_1_54' title='bbox 1057 962 1229 1029; x_wconf 87' lang='lat' dir='ltr'>atque</span> <span class='ocrx_word' id='word_1_55' title='bbox 1257 973 1374 1012; x_wconf 86' lang='lat' dir='ltr'>una</span> <span class='ocrx_word' id='word_1_56' title='bbox 1404 972 1539 1012; x_wconf 88' lang='lat' dir='ltr'>cum</span> <span class='ocrx_word' id='word_1_57' title='bbox 1559 956 1674 1011; x_wconf 86' lang='lat' dir='ltr'>Deo</span> <span class='ocrx_word' id='word_1_58' title='bbox 1706 954 1847 1010; x_wconf 88' lang='lat' dir='ltr'>Filio</span> <span class='ocrx_word' id='word_1_59' title='bbox 1878 954 2076 1008; x_wconf 89' lang='lat' dir='ltr'>divina</span> 
     </span>
    </p>
   </div>
   <div class='ocr_carea' id='block_1_11' title="bbox 425 1043 2074 1117">
    <p class='ocr_par' dir='ltr' id='par_1_11' title="bbox 425 1043 2074 1117">
     <span class='ocr_line' id='line_1_11' title="bbox 425 1043 2074 1117; baseline -0.002 -16"><span class='ocrx_word' id='word_1_60' title='bbox 425 1045 597 1117; x_wconf 83' lang='lat' dir='ltr'>signa</span> <span class='ocrx_word' id='word_1_61' title='bbox 644 1047 961 1117; x_wconf 86' lang='lat' dir='ltr'>operando.</span> <span class='ocrx_word' id='word_1_62' title='bbox 1026 1046 1175 1100; x_wconf 88' lang='lat' dir='ltr'>Nota</span> <span class='ocrx_word' id='word_1_63' title='bbox 1215 1062 1347 1100; x_wconf 89' lang='lat' dir='ltr'>vero</span> <span class='ocrx_word' id='word_1_64' title='bbox 1398 1045 1519 1100; x_wconf 77' lang='lat' dir='ltr'>haec</span> <span class='ocrx_word' id='word_1_65' title='bbox 1574 1043 1826 1098; x_wconf 83' lang='lat' dir='ltr'>maxime</span> <span class='ocrx_word' id='word_1_66' title='bbox 1873 1048 2074 1098; x_wconf 82' lang='lat' dir='ltr'>contra</span> 
     </span>
    </p>
   </div>
   <div class='ocr_carea' id='block_1_12' title="bbox 427 1132 1991 1206">
    <p class='ocr_par' dir='ltr' id='par_1_12' title="bbox 427 1132 1991 1206">
     <span class='ocr_line' id='line_1_12' title="bbox 427 1132 1991 1206; baseline -0.003 -17"><span class='ocrx_word' id='word_1_67' title='bbox 427 1133 831 1192; x_wconf 87' lang='lat' dir='ltr'>Nestorianos.</span> <span class='ocrx_word' id='word_1_68' title='bbox 863 1139 915 1189; x_wconf 81' lang='lat' dir='ltr'>et</span> <span class='ocrx_word' id='word_1_69' title='bbox 947 1136 1293 1206; x_wconf 85' lang='lat' dir='ltr'>Acepbalos,</span> <span class='ocrx_word' id='word_1_70' title='bbox 1328 1138 1503 1204; x_wconf 83' lang='lat' dir='ltr'>atque</span> <span class='ocrx_word' id='word_1_71' title='bbox 1533 1132 1991 1188; x_wconf 88' lang='lat' dir='ltr'>Phantasiastas.</span> 
     </span>
    </p>
   </div>
   <div class='ocr_carea' id='block_1_13' title="bbox 500 1222 2075 1279">
    <p class='ocr_par' dir='ltr' id='par_1_13' title="bbox 500 1222 2075 1279">
     <span class='ocr_line' id='line_1_13' title="bbox 500 1222 2075 1279; baseline -0.002 -2"><span class='ocrx_word' id='word_1_72' title='bbox 500 1222 828 1278; x_wconf 80' lang='lat' dir='ltr'>Distinctum</span> <span class='ocrx_word' id='word_1_73' title='bbox 868 1233 965 1278; x_wconf 79' lang='lat' dir='ltr'>est.</span> <span class='ocrx_word' id='word_1_74' title='bbox 1001 1224 1117 1279; x_wconf 90' lang='lat' dir='ltr'>Hoc</span> <span class='ocrx_word' id='word_1_75' title='bbox 1164 1228 1253 1278; x_wconf 90' lang='lat' dir='ltr'>est</span> <span class='ocrx_word' id='word_1_76' title='bbox 1308 1227 1596 1278; x_wconf 85' lang='lat' dir='ltr'>secretum</span> <span class='ocrx_word' id='word_1_77' title='bbox 1632 1240 1663 1276; x_wconf 72' lang='grc' dir='ltr'>ιι</span> <span class='ocrx_word' id='word_1_78' title='bbox 1690 1222 1994 1276; x_wconf 81' lang='lat' dir='ltr'>Trinitatis</span> <span class='ocrx_word' id='word_1_79' title='bbox 2019 1223 2075 1275; x_wconf 91' lang='lat' dir='ltr'>et</span> 
     </span>
    </p>
   </div>
   <div class='ocr_carea' id='block_1_14' title="bbox 426 1311 2073 1384">
    <p class='ocr_par' dir='ltr' id='par_1_14' title="bbox 426 1311 2073 1384">
     <span class='ocr_line' id='line_1_14' title="bbox 426 1311 2073 1384; baseline -0.003 -16"><span class='ocrx_word' id='word_1_80' title='bbox 426 1311 671 1368; x_wconf 83' lang='lat' dir='ltr'>Deitatis</span> <span class='ocrx_word' id='word_1_81' title='bbox 704 1313 925 1368; x_wconf 86' lang='lat' dir='ltr'>ratione</span> <span class='ocrx_word' id='word_1_82' title='bbox 959 1313 1123 1380; x_wconf 84' lang='lat' dir='ltr'>illud,</span> <span class='ocrx_word' id='word_1_83' title='bbox 1160 1313 1312 1384; x_wconf 90' lang='lat' dir='ltr'>quod</span> <span class='ocrx_word' id='word_1_84' title='bbox 1364 1316 1597 1384; x_wconf 89' lang='lat' dir='ltr'>pr0pter</span> <span class='ocrx_word' id='word_1_85' title='bbox 1647 1328 1752 1366; x_wconf 90' lang='lat' dir='ltr'>nos</span> <span class='ocrx_word' id='word_1_86' title='bbox 1784 1316 1840 1365; x_wconf 86' lang='lat' dir='ltr'>et</span> <span class='ocrx_word' id='word_1_87' title='bbox 1870 1327 1936 1364; x_wconf 87' lang='lat' dir='ltr'>ex</span> <span class='ocrx_word' id='word_1_88' title='bbox 1967 1327 2073 1364; x_wconf 91' lang='lat' dir='ltr'>n0-</span> 
     </span>
    </p>
   </div>
   <div class='ocr_carea' id='block_1_15' title="bbox 427 1398 2072 1473">
    <p class='ocr_par' dir='ltr' id='par_1_15' title="bbox 427 1398 2072 1473">
     <span class='ocr_line' id='line_1_15' title="bbox 427 1398 2072 1473; baseline -0.002 -17"><span class='ocrx_word' id='word_1_89' title='bbox 427 1400 516 1456; x_wconf 88' lang='lat' dir='ltr'>bis</span> <span class='ocrx_word' id='word_1_90' title='bbox 548 1417 778 1456; x_wconf 87' lang='lat' dir='ltr'>carnem</span> <span class='ocrx_word' id='word_1_91' title='bbox 808 1402 1217 1473; x_wconf 85' lang='lat' dir='ltr'>assumpserit,</span> <span class='ocrx_word' id='word_1_92' title='bbox 1243 1418 1345 1456; x_wconf 92' lang='lat' dir='ltr'>seu</span> <span class='ocrx_word' id='word_1_93' title='bbox 1380 1400 1770 1470; x_wconf 89' lang='lat' dir='ltr'>susceptionis</span> <span class='ocrx_word' id='word_1_94' title='bbox 1800 1398 2072 1454; x_wconf 85' lang='lat' dir='ltr'>humani-</span> 
     </span>
    </p>
   </div>
   <div class='ocr_carea' id='block_1_16' title="bbox 425 1489 2076 1562">
    <p class='ocr_par' dir='ltr' id='par_1_16' title="bbox 425 1489 2076 1562">
     <span class='ocr_line' id='line_1_16' title="bbox 425 1489 2076 1562; baseline -0.002 -17"><span class='ocrx_word' id='word_1_95' title='bbox 425 1490 567 1545; x_wconf 86' lang='lat' dir='ltr'>tatis</span> <span class='ocrx_word' id='word_1_96' title='bbox 589 1494 1002 1562; x_wconf 71' lang='lat' dir='ltr'>nostrae,atque</span> <span class='ocrx_word' id='word_1_97' title='bbox 1025 1489 1453 1547; x_wconf 85' lang='lat' dir='ltr'>Incarnationis</span> <span class='ocrx_word' id='word_1_98' title='bbox 1467 1489 1680 1544; x_wconf 85' lang='lat' dir='ltr'>Christi</span> <span class='ocrx_word' id='word_1_99' title='bbox 1708 1490 1892 1558; x_wconf 79' lang='lat' dir='ltr'>ratio;</span> <span class='ocrx_word' id='word_1_100' title='bbox 1923 1489 2076 1544; x_wconf 88' lang='lat' dir='ltr'>sicut</span> 
     </span>
    </p>
   </div>
   <div class='ocr_carea' id='block_1_17' title="bbox 429 1577 2075 1650">
    <p class='ocr_par' dir='ltr' id='par_1_17' title="bbox 429 1577 2075 1650">
     <span class='ocr_line' id='line_1_17' title="bbox 429 1577 2075 1650; baseline -0.002 -16"><span class='ocrx_word' id='word_1_101' title='bbox 429 1583 487 1634; x_wconf 83' lang='lat' dir='ltr'>et</span> <span class='ocrx_word' id='word_1_102' title='bbox 517 1580 671 1650; x_wconf 92' lang='lat' dir='ltr'>quod</span> <span class='ocrx_word' id='word_1_103' title='bbox 707 1579 902 1634; x_wconf 80' lang='lat' dir='ltr'>fecerit</span> <span class='ocrx_word' id='word_1_104' title='bbox 922 1584 977 1633; x_wconf 89' lang='lat' dir='ltr'>et</span> <span class='ocrx_word' id='word_1_105' title='bbox 1008 1596 1219 1650; x_wconf 91' lang='lat' dir='ltr'>passus</span> <span class='ocrx_word' id='word_1_106' title='bbox 1244 1579 1414 1634; x_wconf 84' lang='lat' dir='ltr'>fuerit</span> <span class='ocrx_word' id='word_1_107' title='bbox 1446 1577 1865 1650; x_wconf 66' lang='lat' dir='ltr'>qumhumanae</span> <span class='ocrx_word' id='word_1_108' title='bbox 1889 1577 2075 1649; x_wconf 87' lang='lat' dir='ltr'>ipsius</span> 
     </span>
    </p>
   </div>
   <div class='ocr_carea' id='block_1_18' title="bbox 430 1667 2076 1740">
    <p class='ocr_par' dir='ltr' id='par_1_18' title="bbox 430 1667 2076 1740">
     <span class='ocr_line' id='line_1_18' title="bbox 430 1667 2076 1740; baseline -0.002 -17"><span class='ocrx_word' id='word_1_109' title='bbox 430 1668 920 1723; x_wconf 86' lang='lat' dir='ltr'>considerationis</span> <span class='ocrx_word' id='word_1_110' title='bbox 954 1668 1205 1724; x_wconf 81' lang='lat' dir='ltr'>maxime</span> <span class='ocrx_word' id='word_1_111' title='bbox 1238 1669 1475 1740; x_wconf 90' lang='lat' dir='ltr'>pr0pria</span> <span class='ocrx_word' id='word_1_112' title='bbox 1507 1667 1911 1738; x_wconf 87' lang='lat' dir='ltr'>sunt.Pr0pria</span> <span class='ocrx_word' id='word_1_113' title='bbox 1943 1682 2076 1720; x_wconf 87' lang='lat' dir='ltr'>vero</span> 
     </span>
    </p>
   </div>
   <div class='ocr_carea' id='block_1_19' title="bbox 431 1754 2076 1827">
    <p class='ocr_par' dir='ltr' id='par_1_19' title="bbox 431 1754 2076 1827">
     <span class='ocr_line' id='line_1_19' title="bbox 431 1754 2076 1827; baseline -0.001 -18"><span class='ocrx_word' id='word_1_114' title='bbox 431 1758 488 1809; x_wconf 86' lang='lat' dir='ltr'>et</span> <span class='ocrx_word' id='word_1_115' title='bbox 519 1754 837 1826; x_wconf 81' lang='lat' dir='ltr'>singularia</span> <span class='ocrx_word' id='word_1_116' title='bbox 870 1755 1031 1825; x_wconf 86' lang='lat' dir='ltr'>dicit,</span> <span class='ocrx_word' id='word_1_117' title='bbox 1066 1755 1175 1811; x_wconf 91' lang='lat' dir='ltr'>hoc</span> <span class='ocrx_word' id='word_1_118' title='bbox 1207 1760 1295 1811; x_wconf 88' lang='lat' dir='ltr'>est</span> <span class='ocrx_word' id='word_1_119' title='bbox 1325 1773 1473 1827; x_wconf 84' lang='lat' dir='ltr'>pura</span> <span class='ocrx_word' id='word_1_120' title='bbox 1502 1760 1559 1810; x_wconf 87' lang='lat' dir='ltr'>et</span> <span class='ocrx_word' id='word_1_121' title='bbox 1590 1754 1826 1811; x_wconf 84' lang='lat' dir='ltr'>innoxia</span> <span class='ocrx_word' id='word_1_122' title='bbox 1854 1758 2076 1809; x_wconf 69' lang='lat' dir='ltr'>naturae</span> 
     </span>
    </p>
   </div>
   <div class='ocr_carea' id='block_1_20' title="bbox 431 1843 2077 1916">
    <p class='ocr_par' dir='ltr' id='par_1_20' title="bbox 431 1843 2077 1916">
     <span class='ocr_line' id='line_1_20' title="bbox 431 1843 2077 1916; baseline -0.001 -17"><span class='ocrx_word' id='word_1_123' title='bbox 431 1843 912 1916; x_wconf 70' lang='lat' dir='ltr'>humanaeipsius</span> <span class='ocrx_word' id='word_1_124' title='bbox 947 1861 958 1897; x_wconf 92' lang='lat'>:</span> <span class='ocrx_word' id='word_1_125' title='bbox 994 1844 1799 1916; x_wconf 88' lang='lat' dir='ltr'>cujusmodisuntnativitas,</span> <span class='ocrx_word' id='word_1_126' title='bbox 1831 1844 2077 1898; x_wconf 80' lang='lat' dir='ltr'>infantia</span> 
     </span>
    </p>
   </div>
   <div class='ocr_carea' id='block_1_21' title="bbox 433 1931 2080 2004">
    <p class='ocr_par' dir='ltr' id='par_1_21' title="bbox 433 1931 2080 2004">
     <span class='ocr_line' id='line_1_21' title="bbox 433 1931 2080 2004; baseline 0 -18"><span class='ocrx_word' id='word_1_127' title='bbox 433 1932 884 2001; x_wconf 89' lang='lat' dir='ltr'>incrementum,</span> <span class='ocrx_word' id='word_1_128' title='bbox 921 1932 1076 2001; x_wconf 81' lang='lat' dir='ltr'>sitis,</span> <span class='ocrx_word' id='word_1_129' title='bbox 1127 1932 1307 2002; x_wconf 87' lang='lat' dir='ltr'>labor,</span> <span class='ocrx_word' id='word_1_130' title='bbox 1359 1933 1620 1999; x_wconf 83' lang='lat' dir='ltr'>tristitia,</span> <span class='ocrx_word' id='word_1_131' title='bbox 1665 1931 1952 2004; x_wconf 78' lang='lat' dir='ltr'>lacrymae,</span> <span class='ocrx_word' id='word_1_132' title='bbox 1986 1948 2080 1986; x_wconf 89' lang='lat' dir='ltr'>sa-</span> 
     </span>
    </p>
   </div>
   <div class='ocr_carea' id='block_1_22' title="bbox 431 2020 2083 2093">
    <p class='ocr_par' dir='ltr' id='par_1_22' title="bbox 431 2020 2083 2093">
     <span class='ocr_line' id='line_1_22' title="bbox 431 2020 2083 2093; baseline 0.001 -18"><span class='ocrx_word' id='word_1_133' title='bbox 431 2020 567 2088; x_wconf 90' lang='lat' dir='ltr'>liva,</span> <span class='ocrx_word' id='word_1_134' title='bbox 592 2020 851 2091; x_wconf 81' lang='lat' dir='ltr'>sanguis,</span> <span class='ocrx_word' id='word_1_135' title='bbox 886 2021 1088 2087; x_wconf 90' lang='lat' dir='ltr'>sudor,</span> <span class='ocrx_word' id='word_1_136' title='bbox 1122 2022 1441 2093; x_wconf 88' lang='lat' dir='ltr'>corruptio,</span> <span class='ocrx_word' id='word_1_137' title='bbox 1496 2021 1708 2087; x_wconf 85' lang='lat' dir='ltr'>ﬂuxus,</span> <span class='ocrx_word' id='word_1_138' title='bbox 1756 2020 2083 2076; x_wconf 86' lang='lat' dir='ltr'>voluntaria</span> 
     </span>
    </p>
   </div>
   <div class='ocr_carea' id='block_1_23' title="bbox 435 2110 2083 2184">
    <p class='ocr_par' dir='ltr' id='par_1_23' title="bbox 435 2110 2083 2184">
     <span class='ocr_line' id='line_1_23' title="bbox 435 2110 2083 2184; baseline -0.001 -18"><span class='ocrx_word' id='word_1_139' title='bbox 435 2110 829 2178; x_wconf 85' lang='lat' dir='ltr'>mortiﬁcatio,</span> <span class='ocrx_word' id='word_1_140' title='bbox 863 2110 1018 2166; x_wconf 88' lang='lat' dir='ltr'>vocis</span> <span class='ocrx_word' id='word_1_141' title='bbox 1050 2111 1317 2183; x_wconf 88' lang='lat' dir='ltr'>privatio,</span> <span class='ocrx_word' id='word_1_142' title='bbox 1343 2112 1691 2184; x_wconf 87' lang='lat' dir='ltr'>impotentia</span> <span class='ocrx_word' id='word_1_143' title='bbox 1720 2128 1781 2167; x_wconf 91' lang='lat' dir='ltr'>se</span> <span class='ocrx_word' id='word_1_144' title='bbox 1813 2110 2083 2166; x_wconf 86' lang='lat' dir='ltr'>movendi</span> 
     </span>
    </p>
   </div>
   <div class='ocr_carea' id='block_1_24' title="bbox 436 2198 2083 2270">
    <p class='ocr_par' dir='ltr' id='par_1_24' title="bbox 436 2198 2083 2270">
     <span class='ocr_line' id='line_1_24' title="bbox 436 2198 2083 2270; baseline -0.002 -15"><span class='ocrx_word' id='word_1_145' title='bbox 436 2201 493 2255; x_wconf 84' lang='lat' dir='ltr'>et</span> <span class='ocrx_word' id='word_1_146' title='bbox 523 2198 760 2254; x_wconf 86' lang='lat' dir='ltr'>similia.</span> <span class='ocrx_word' id='word_1_147' title='bbox 795 2199 925 2254; x_wconf 77' lang='lat' dir='ltr'>Haec</span> <span class='ocrx_word' id='word_1_148' title='bbox 954 2200 1109 2254; x_wconf 90' lang='lat' dir='ltr'>enim</span> <span class='ocrx_word' id='word_1_149' title='bbox 1143 2200 1304 2256; x_wconf 91' lang='lat' dir='ltr'>nulla</span> <span class='ocrx_word' id='word_1_150' title='bbox 1333 2200 1559 2255; x_wconf 83' lang='lat' dir='ltr'>ratione</span> <span class='ocrx_word' id='word_1_151' title='bbox 1611 2201 1780 2255; x_wconf 90' lang='lat' dir='ltr'>Pater</span> <span class='ocrx_word' id='word_1_152' title='bbox 1809 2204 1865 2254; x_wconf 90' lang='lat' dir='ltr'>et</span> <span class='ocrx_word' id='word_1_153' title='bbox 1896 2198 2083 2270; x_wconf 90' lang='lat' dir='ltr'>Spiri-</span> 
     </span>
    </p>
   </div>
   <div class='ocr_carea' id='block_1_25' title="bbox 436 2289 2084 2361">
    <p class='ocr_par' dir='ltr' id='par_1_25' title="bbox 436 2289 2084 2361">
     <span class='ocr_line' id='line_1_25' title="bbox 436 2289 2084 2361; baseline 0 -18"><span class='ocrx_word' id='word_1_154' title='bbox 436 2292 538 2343; x_wconf 85' lang='lat' dir='ltr'>tus</span> <span class='ocrx_word' id='word_1_155' title='bbox 585 2293 826 2344; x_wconf 80' lang='lat' dir='ltr'>sanetus</span> <span class='ocrx_word' id='word_1_156' title='bbox 871 2289 1243 2361; x_wconf 87' lang='lat' dir='ltr'>participant,</span> <span class='ocrx_word' id='word_1_157' title='bbox 1293 2289 1408 2345; x_wconf 90' lang='lat' dir='ltr'>nisi</span> <span class='ocrx_word' id='word_1_158' title='bbox 1475 2290 1609 2361; x_wconf 84' lang='lat' dir='ltr'>quis</span> <span class='ocrx_word' id='word_1_159' title='bbox 1658 2290 1810 2344; x_wconf 90' lang='lat' dir='ltr'>dicat</span> <span class='ocrx_word' id='word_1_160' title='bbox 1863 2289 2084 2344; x_wconf 87' lang='lat' dir='ltr'>ratione</span> 
     </span>
    </p>
   </div>
   <div class='ocr_carea' id='block_1_26' title="bbox 440 2376 1343 2449">
    <p class='ocr_par' dir='ltr' id='par_1_26' title="bbox 440 2376 1343 2449">
     <span class='ocr_line' id='line_1_26' title="bbox 440 2376 1343 2449; baseline 0 -16"><span class='ocrx_word' id='word_1_161' title='bbox 440 2376 881 2449; x_wconf 85' lang='lat' dir='ltr'>approbationis</span> <span class='ocrx_word' id='word_1_162' title='bbox 911 2383 968 2432; x_wconf 93' lang='lat' dir='ltr'>et</span> <span class='ocrx_word' id='word_1_163' title='bbox 996 2394 1343 2435; x_wconf 89' lang='lat' dir='ltr'>consensus.</span> 
     </span>
    </p>
   </div>
   <div class='ocr_carea' id='block_1_27' title="bbox 510 2466 2083 2535">
    <p class='ocr_par' dir='ltr' id='par_1_27' title="bbox 510 2466 2083 2535">
     <span class='ocr_line' id='line_1_27' title="bbox 510 2466 2083 2535; baseline 0.001 -15"><span class='ocrx_word' id='word_1_164' title='bbox 510 2466 662 2521; x_wconf 75' lang='lat'><strong>115</strong></span> <span class='ocrx_word' id='word_1_165' title='bbox 697 2467 803 2535; x_wconf 85' lang='lat' dir='ltr'>Qui</span> <span class='ocrx_word' id='word_1_166' title='bbox 831 2468 1204 2523; x_wconf 79' lang='lat' dir='ltr'>immutabilis</span> <span class='ocrx_word' id='word_1_167' title='bbox 1232 2472 1368 2524; x_wconf 83' lang='lat' dir='ltr'>erat.</span> <span class='ocrx_word' id='word_1_168' title='bbox 1404 2468 1705 2533; x_wconf 90' lang='lat' dir='ltr'>Quomodo</span> <span class='ocrx_word' id='word_1_169' title='bbox 1756 2468 1913 2523; x_wconf 87' lang='lat' dir='ltr'>dicat</span> <span class='ocrx_word' id='word_1_170' title='bbox 1939 2467 2083 2523; x_wconf 91' lang='lat' dir='ltr'>Ver-</span> 
     </span>
    </p>
   </div>
   <div class='ocr_carea' id='block_1_28' title="bbox 439 2555 2083 2625">
    <p class='ocr_par' dir='ltr' id='par_1_28' title="bbox 439 2555 2083 2625">
     <span class='ocr_line' id='line_1_28' title="bbox 439 2555 2083 2625; baseline 0.001 -15"><span class='ocrx_word' id='word_1_171' title='bbox 439 2555 580 2610; x_wconf 87' lang='lat' dir='ltr'>bum</span> <span class='ocrx_word' id='word_1_172' title='bbox 610 2572 871 2625; x_wconf 87' lang='lat' dir='ltr'>passum,</span> <span class='ocrx_word' id='word_1_173' title='bbox 908 2562 971 2609; x_wconf 92' lang='lat' dir='ltr'>ut</span> <span class='ocrx_word' id='word_1_174' title='bbox 1004 2556 1149 2611; x_wconf 92' lang='lat' dir='ltr'>illud</span> <span class='ocrx_word' id='word_1_175' title='bbox 1184 2572 1197 2611; x_wconf 90' lang='lat'><strong>:</strong></span> <span class='ocrx_word' id='word_1_176' title='bbox 1232 2559 1421 2613; x_wconf 80' lang='lat' dir='ltr'>Manus</span> <span class='ocrx_word' id='word_1_177' title='bbox 1474 2561 1676 2612; x_wconf 75' lang='lat' dir='ltr'>nostrae</span> <span class='ocrx_word' id='word_1_178' title='bbox 1718 2560 2083 2612; x_wconf 68' lang='lat' dir='ltr'>contractam:-</span> 
     </span>
    </p>
   </div>
   <div class='ocr_carea' id='block_1_29' title="bbox 438 2645 1581 2717">
    <p class='ocr_par' dir='ltr' id='par_1_29' title="bbox 438 2645 1581 2717">
     <span class='ocr_line' id='line_1_29' title="bbox 438 2645 1581 2717; baseline 0.002 -19"><span class='ocrx_word' id='word_1_179' title='bbox 438 2653 571 2699; x_wconf 83' lang='lat' dir='ltr'>runt</span> <span class='ocrx_word' id='word_1_180' title='bbox 596 2645 663 2699; x_wconf 83' lang='lat' dir='ltr'>de</span> <span class='ocrx_word' id='word_1_181' title='bbox 700 2647 859 2701; x_wconf 79' lang='lat' dir='ltr'>Verbo</span> <span class='ocrx_word' id='word_1_182' title='bbox 892 2646 1013 2700; x_wconf 70' lang='lat' dir='ltr'>vitaz</span> <span class='ocrx_word' id='word_1_183' title='bbox 1045 2646 1145 2717; x_wconf 67' lang='grc' dir='ltr'>(ῃ),</span> <span class='ocrx_word' id='word_1_184' title='bbox 1178 2646 1581 2717; x_wconf 84' lang='lat' dir='ltr'>exposuimus.</span> 
     </span>
    </p>
   </div>
   <div class='ocr_carea' id='block_1_30' title="bbox 519 2733 2082 2807">
    <p class='ocr_par' dir='ltr' id='par_1_30' title="bbox 519 2733 2082 2807">
     <span class='ocr_line' id='line_1_30' title="bbox 519 2733 2082 2807; baseline 0.001 -21"><span class='ocrx_word' id='word_1_185' title='bbox 519 2733 697 2806; x_wconf 85' lang='lat' dir='ltr'>§VII.</span> <span class='ocrx_word' id='word_1_186' title='bbox 758 2735 852 2789; x_wconf 83' lang='lat' dir='ltr'>His</span> <span class='ocrx_word' id='word_1_187' title='bbox 872 2735 1267 2791; x_wconf 76' lang='lat' dir='ltr'>autem&#39;veluti</span> <span class='ocrx_word' id='word_1_188' title='bbox 1299 2735 1566 2807; x_wconf 73' lang='lat' dir='ltr'>mysticis.</span> <span class='ocrx_word' id='word_1_189' title='bbox 1592 2734 1766 2790; x_wconf 82' lang='lat' dir='ltr'>Juxta</span> <span class='ocrx_word' id='word_1_190' title='bbox 1809 2734 2082 2788; x_wconf 88' lang='lat' dir='ltr'>virtutem</span> 
     </span>
    </p>
   </div>
   <div class='ocr_carea' id='block_1_31' title="bbox 435 2823 1338 2895">
    <p class='ocr_par' dir='ltr' id='par_1_31' title="bbox 435 2823 1338 2895">
     <span class='ocr_line' id='line_1_31' title="bbox 435 2823 1338 2895; baseline 0.001 -17"><span class='ocrx_word' id='word_1_191' title='bbox 435 2823 877 2879; x_wconf 88' lang='lat' dir='ltr'>inexsistentem</span> <span class='ocrx_word' id='word_1_192' title='bbox 906 2824 1039 2895; x_wconf 90' lang='lat' dir='ltr'>pani</span> <span class='ocrx_word' id='word_1_193' title='bbox 1067 2828 1125 2878; x_wconf 91' lang='lat' dir='ltr'>et</span> <span class='ocrx_word' id='word_1_194' title='bbox 1154 2824 1338 2879; x_wconf 86' lang='lat' dir='ltr'>calici.</span> 
     </span>
    </p>
   </div>
   <div class='ocr_carea' id='block_1_32' title="bbox 508 2911 2086 2983">
    <p class='ocr_par' dir='ltr' id='par_1_32' title="bbox 508 2911 2086 2983">
     <span class='ocr_line' id='line_1_32' title="bbox 508 2911 2086 2983; baseline 0.002 -17"><span class='ocrx_word' id='word_1_195' title='bbox 508 2912 689 2982; x_wconf 86' lang='lat' dir='ltr'>Supra</span> <span class='ocrx_word' id='word_1_196' title='bbox 714 2912 1021 2966; x_wconf 78' lang='lat' dir='ltr'>intellectus</span> <span class='ocrx_word' id='word_1_197' title='bbox 1050 2912 1435 2983; x_wconf 78' lang='lat' dir='ltr'>operationem.</span> <span class='ocrx_word' id='word_1_198' title='bbox 1472 2911 1836 2968; x_wconf 89' lang='lat' dir='ltr'>Intellectum</span> <span class='ocrx_word' id='word_1_199' title='bbox 1883 2930 2086 2968; x_wconf 90' lang='lat' dir='ltr'>eorum</span> 
     </span>
    </p>
   </div>
   <div class='ocr_carea' id='block_1_33' title="bbox 439 3000 2089 3073">
    <p class='ocr_par' dir='ltr' id='par_1_33' title="bbox 439 3000 2089 3073">
     <span class='ocr_line' id='line_1_33' title="bbox 439 3000 2089 3073; baseline 0.002 -20"><span class='ocrx_word' id='word_1_200' title='bbox 439 3016 567 3071; x_wconf 85' lang='lat' dir='ltr'>quae</span> <span class='ocrx_word' id='word_1_201' title='bbox 602 3001 673 3053; x_wconf 91' lang='lat' dir='ltr'>de</span> <span class='ocrx_word' id='word_1_202' title='bbox 702 3000 817 3055; x_wconf 91' lang='lat' dir='ltr'>Deo</span> <span class='ocrx_word' id='word_1_203' title='bbox 850 3000 1149 3071; x_wconf 89' lang='lat' dir='ltr'>dicuntur,</span> <span class='ocrx_word' id='word_1_204' title='bbox 1175 3017 1341 3057; x_wconf 88' lang='lat' dir='ltr'>sacra</span> <span class='ocrx_word' id='word_1_205' title='bbox 1372 3001 1608 3071; x_wconf 90' lang='lat' dir='ltr'>quidem</span> <span class='ocrx_word' id='word_1_206' title='bbox 1644 3018 1809 3057; x_wconf 88' lang='lat' dir='ltr'>mens</span> <span class='ocrx_word' id='word_1_207' title='bbox 1843 3003 2089 3073; x_wconf 83' lang='lat' dir='ltr'>explicat</span> 
     </span>
    </p>
   </div>
   <div class='ocr_carea' id='block_1_34' title="bbox 440 3088 2089 3160">
    <p class='ocr_par' dir='ltr' id='par_1_34' title="bbox 440 3088 2089 3160">
     <span class='ocr_line' id='line_1_34' title="bbox 440 3088 2089 3160; baseline 0.001 -15"><span class='ocrx_word' id='word_1_208' title='bbox 440 3105 539 3145; x_wconf 88' lang='lat' dir='ltr'>seu</span> <span class='ocrx_word' id='word_1_209' title='bbox 575 3088 1113 3159; x_wconf 87' lang='lat' dir='ltr'>interpretaturilla</span> <span class='ocrx_word' id='word_1_210' title='bbox 1144 3106 1310 3145; x_wconf 88' lang='lat' dir='ltr'>mens</span> <span class='ocrx_word' id='word_1_211' title='bbox 1335 3106 1461 3160; x_wconf 64' lang='lat' dir='ltr'>quae</span> <span class='ocrx_word' id='word_1_212' title='bbox 1495 3091 1736 3147; x_wconf 90' lang='lat' dir='ltr'>omnino</span> <span class='ocrx_word' id='word_1_213' title='bbox 1761 3092 1976 3147; x_wconf 88' lang='lat' dir='ltr'>divinis</span> <span class='ocrx_word' id='word_1_214' title='bbox 1997 3109 2089 3147; x_wconf 85' lang='lat' dir='ltr'>va-</span> 
     </span>
    </p>
   </div>
   <div class='ocr_carea' id='block_1_35' title="bbox 438 3179 2089 3251">
    <p class='ocr_par' dir='ltr' id='par_1_35' title="bbox 438 3179 2089 3251">
     <span class='ocr_line' id='line_1_35' title="bbox 438 3179 2089 3251; baseline 0.001 -17"><span class='ocrx_word' id='word_1_215' title='bbox 438 3182 552 3244; x_wconf 87' lang='lat' dir='ltr'>cat,</span> <span class='ocrx_word' id='word_1_216' title='bbox 580 3182 635 3233; x_wconf 91' lang='lat' dir='ltr'>et</span> <span class='ocrx_word' id='word_1_217' title='bbox 665 3193 902 3247; x_wconf 88' lang='lat' dir='ltr'>nequea</span> <span class='ocrx_word' id='word_1_218' title='bbox 924 3179 1298 3235; x_wconf 87' lang='lat' dir='ltr'>terrestribus</span> <span class='ocrx_word' id='word_1_219' title='bbox 1329 3185 1384 3233; x_wconf 87' lang='lat' dir='ltr'>et</span> <span class='ocrx_word' id='word_1_220' title='bbox 1415 3179 1791 3251; x_wconf 87' lang='lat' dir='ltr'>passionibus</span> <span class='ocrx_word' id='word_1_221' title='bbox 1824 3180 2089 3236; x_wconf 80' lang='lat' dir='ltr'>obnoxiis</span> 
     </span>
    </p>
   </div>
   <div class='ocr_carea' id='block_1_36' title="bbox 2181 593 3855 669">
    <p class='ocr_par' dir='ltr' id='par_1_36' title="bbox 2181 593 3855 669">
     <span class='ocr_line' id='line_1_36' title="bbox 2181 593 3855 669; baseline 0.002 -22"><span class='ocrx_word' id='word_1_222' title='bbox 2181 593 2291 648; x_wconf 74' lang='grc' dir='ltr'>ἐστι</span> <span class='ocrx_word' id='word_1_223' title='bbox 2350 595 2600 669; x_wconf 87' lang='grc' dir='ltr'>θεουργία</span> <span class='ocrx_word' id='word_1_224' title='bbox 2655 596 2830 649; x_wconf 88' lang='grc' dir='ltr'>πάντα</span> <span class='ocrx_word' id='word_1_225' title='bbox 2883 594 2951 650; x_wconf 76' lang='grc' dir='ltr'>τὰ</span> <span class='ocrx_word' id='word_1_226' title='bbox 3006 593 3058 649; x_wconf 77' lang='grc' dir='ltr'>ἐν</span> <span class='ocrx_word' id='word_1_227' title='bbox 3116 599 3185 669; x_wconf 79' lang='grc' dir='ltr'>τῇ</span> <span class='ocrx_word' id='word_1_228' title='bbox 3238 594 3527 669; x_wconf 70' lang='grc' dir='ltr'>οἰκονομίᾳ</span> <span class='ocrx_word' id='word_1_229' title='bbox 3566 616 3580 629; x_wconf 74' lang='grc'><strong>⁸</strong></span> <span class='ocrx_word' id='word_1_230' title='bbox 3616 598 3710 652; x_wconf 84' lang='grc' dir='ltr'>καὶ</span> <span class='ocrx_word' id='word_1_231' title='bbox 3772 595 3855 653; x_wconf 81' lang='grc' dir='ltr'>δτι</span> 
     </span>
    </p>
   </div>
   <div class='ocr_carea' id='block_1_37' title="bbox 2182 682 3855 761">
    <p class='ocr_par' dir='ltr' id='par_1_37' title="bbox 2182 682 3855 761">
     <span class='ocr_line' id='line_1_37' title="bbox 2182 682 3855 761; baseline 0.002 -25"><span class='ocrx_word' id='word_1_232' title='bbox 2182 682 2281 736; x_wconf 86' lang='grc' dir='ltr'>ούκ</span> <span class='ocrx_word' id='word_1_233' title='bbox 2335 682 2689 753; x_wconf 77' lang='grc' dir='ltr'>ἐκοινώνησεν</span> <span class='ocrx_word' id='word_1_234' title='bbox 2753 685 2829 749; x_wconf 76' lang='grc' dir='ltr'>εἷς</span> <span class='ocrx_word' id='word_1_235' title='bbox 2880 689 3051 739; x_wconf 88' lang='grc' dir='ltr'>ταῦτα</span> <span class='ocrx_word' id='word_1_236' title='bbox 3102 687 3311 761; x_wconf 71' lang='grc' dir='ltr'>Πατήρ,</span> <span class='ocrx_word' id='word_1_237' title='bbox 3347 682 3469 739; x_wconf 70' lang='grc' dir='ltr'>οὔτε</span> <span class='ocrx_word' id='word_1_238' title='bbox 3518 685 3587 740; x_wconf 85' lang='grc' dir='ltr'>τὸ</span> <span class='ocrx_word' id='word_1_239' title='bbox 3631 690 3855 760; x_wconf 84' lang='grc' dir='ltr'>Πνεῦμα</span> 
     </span>
    </p>
   </div>
   <div class='ocr_carea' id='block_1_38' title="bbox 2180 771 3855 849">
    <p class='ocr_par' dir='ltr' id='par_1_38' title="bbox 2180 771 3855 849">
     <span class='ocr_line' id='line_1_38' title="bbox 2180 771 3855 849; baseline 0.003 -25"><span class='ocrx_word' id='word_1_240' title='bbox 2180 773 2241 825; x_wconf 87' lang='grc' dir='ltr'>τὸ</span> <span class='ocrx_word' id='word_1_241' title='bbox 2274 773 2449 846; x_wconf 82' lang='grc' dir='ltr'>ἅγιον,</span> <span class='ocrx_word' id='word_1_242' title='bbox 2484 772 2533 827; x_wconf 63' lang='grc' dir='ltr'>εἴ</span> <span class='ocrx_word' id='word_1_243' title='bbox 2565 775 2641 847; x_wconf 82' lang='grc' dir='ltr'>μὴ</span> <span class='ocrx_word' id='word_1_244' title='bbox 2686 775 2755 846; x_wconf 76' lang='grc' dir='ltr'>τῇ</span> <span class='ocrx_word' id='word_1_245' title='bbox 2808 771 3024 845; x_wconf 74' lang='grc' dir='ltr'>εὐδοκία</span> <span class='ocrx_word' id='word_1_246' title='bbox 3077 774 3165 828; x_wconf 78' lang='grc' dir='ltr'>καὶ</span> <span class='ocrx_word' id='word_1_247' title='bbox 3221 773 3480 849; x_wconf 79' lang='grc' dir='ltr'>βουλήσει</span> <span class='ocrx_word' id='word_1_248' title='bbox 3514 777 3536 811; x_wconf 72' lang='grc' dir='ltr'>θ</span> <span class='ocrx_word' id='word_1_249' title='bbox 3566 781 3674 836; x_wconf 74' lang='grc' dir='ltr'>τ’ῖς</span> <span class='ocrx_word' id='word_1_250' title='bbox 3731 795 3855 848; x_wconf 85' lang='grc' dir='ltr'>σαρ-</span> 
     </span>
    </p>
   </div>
   <div class='ocr_carea' id='block_1_39' title="bbox 2180 861 3851 939">
    <p class='ocr_par' dir='ltr' id='par_1_39' title="bbox 2180 861 3851 939">
     <span class='ocr_line' id='line_1_39' title="bbox 2180 861 3851 939; baseline 0.003 -26"><span class='ocrx_word' id='word_1_251' title='bbox 2180 861 2424 931; x_wconf 86' lang='grc' dir='ltr'>κώσεως,</span> <span class='ocrx_word' id='word_1_252' title='bbox 2457 862 2546 916; x_wconf 86' lang='grc' dir='ltr'>καὶ</span> <span class='ocrx_word' id='word_1_253' title='bbox 2596 862 2671 924; x_wconf 67' lang='lat' dir='ltr'>sic;</span> <span class='ocrx_word' id='word_1_254' title='bbox 2712 864 2773 918; x_wconf 85' lang='grc' dir='ltr'>τὸ</span> <span class='ocrx_word' id='word_1_255' title='bbox 2824 864 3233 939; x_wconf 77' lang='grc' dir='ltr'>συνεργάζεσθαι</span> <span class='ocrx_word' id='word_1_256' title='bbox 3292 868 3371 935; x_wconf 84' lang='grc' dir='ltr'>τῷ</span> <span class='ocrx_word' id='word_1_257' title='bbox 3433 864 3545 935; x_wconf 71' lang='grc' dir='ltr'>Υἱῷ</span> <span class='ocrx_word' id='word_1_258' title='bbox 3589 862 3712 935; x_wconf 87' lang='grc' dir='ltr'>Θεῷ</span> <span class='ocrx_word' id='word_1_259' title='bbox 3758 864 3851 926; x_wconf 76' lang='grc' dir='ltr'>τὰς</span> 
     </span>
    </p>
   </div>
   <div class='ocr_carea' id='block_1_40' title="bbox 2185 950 3851 1024">
    <p class='ocr_par' dir='ltr' id='par_1_40' title="bbox 2185 950 3851 1024">
     <span class='ocr_line' id='line_1_40' title="bbox 2185 950 3851 1024; baseline 0.002 -21"><span class='ocrx_word' id='word_1_260' title='bbox 2185 950 2533 1023; x_wconf 86' lang='grc' dir='ltr'>θεοσημείας.</span> <span class='ocrx_word' id='word_1_261' title='bbox 2568 951 2888 1023; x_wconf 89' lang='grc' dir='ltr'>Σημείωσαι</span> <span class='ocrx_word' id='word_1_262' title='bbox 2949 950 3006 1006; x_wconf 78' lang='grc' dir='ltr'>δὶ</span> <span class='ocrx_word' id='word_1_263' title='bbox 3060 956 3227 1006; x_wconf 85' lang='grc' dir='ltr'>ταῦτα</span> <span class='ocrx_word' id='word_1_264' title='bbox 3278 952 3517 1024; x_wconf 87' lang='grc' dir='ltr'>μάλιστα</span> <span class='ocrx_word' id='word_1_265' title='bbox 3570 953 3715 1007; x_wconf 85' lang='grc' dir='ltr'>κατὰ</span> <span class='ocrx_word' id='word_1_266' title='bbox 3749 954 3851 1012; x_wconf 89' lang='grc' dir='ltr'>Νε-</span> 
     </span>
    </p>
   </div>
   <div class='ocr_carea' id='block_1_41' title="bbox 2185 1040 3547 1119">
    <p class='ocr_par' dir='ltr' id='par_1_41' title="bbox 2185 1040 3547 1119">
     <span class='ocr_line' id='line_1_41' title="bbox 2185 1040 3547 1119; baseline 0.003 -26"><span class='ocrx_word' id='word_1_267' title='bbox 2185 1045 2479 1114; x_wconf 88' lang='grc' dir='ltr'>στοριανῶν</span> <span class='ocrx_word' id='word_1_268' title='bbox 2511 1042 2601 1095; x_wconf 88' lang='grc' dir='ltr'>καὶ</span> <span class='ocrx_word' id='word_1_269' title='bbox 2634 1040 2952 1119; x_wconf 76' lang='grc' dir='ltr'>’Λκεφάλων</span> <span class='ocrx_word' id='word_1_270' title='bbox 2983 1041 3072 1095; x_wconf 85' lang='grc' dir='ltr'>καὶ</span> <span class='ocrx_word' id='word_1_271' title='bbox 3107 1046 3547 1097; x_wconf 85' lang='grc' dir='ltr'>Φαντασιαστῶν.</span> 
     </span>
    </p>
   </div>
   <div class='ocr_carea' id='block_1_42' title="bbox 2257 1214 3853 1295">
    <p class='ocr_par' dir='ltr' id='par_1_42' title="bbox 2257 1214 3853 1295">
     <span class='ocr_line' id='line_1_42' title="bbox 2257 1214 3853 1295; baseline 0 -22"><span class='ocrx_word' id='word_1_272' title='bbox 2257 1218 2618 1292; x_wconf 79' lang='grc' dir='ltr'>Διακέκριται.</span> <span class='ocrx_word' id='word_1_273' title='bbox 2675 1221 2837 1276; x_wconf 89' lang='grc' dir='ltr'>Τοῦτ’</span> <span class='ocrx_word' id='word_1_274' title='bbox 2895 1214 3006 1273; x_wconf 77' lang='grc' dir='ltr'>ἔστι</span> <span class='ocrx_word' id='word_1_275' title='bbox 3066 1223 3421 1295; x_wconf 74' lang='grc' dir='ltr'>κεχωρῆσθαι</span> <span class='ocrx_word' id='word_1_276' title='bbox 3478 1224 3579 1273; x_wconf 84' lang='grc' dir='ltr'>τοῦ</span> <span class='ocrx_word' id='word_1_277' title='bbox 3638 1217 3853 1294; x_wconf 84' lang='grc' dir='ltr'>τριαδι-</span> 
     </span>
    </p>
   </div>
   <div class='ocr_carea' id='block_1_43' title="bbox 2182 1306 3852 1384">
    <p class='ocr_par' dir='ltr' id='par_1_43' title="bbox 2182 1306 3852 1384">
     <span class='ocr_line' id='line_1_43' title="bbox 2182 1306 3852 1384; baseline -0.001 -20"><span class='ocrx_word' id='word_1_278' title='bbox 2182 1314 2280 1365; x_wconf 87' lang='grc' dir='ltr'>κοῦ</span> <span class='ocrx_word' id='word_1_279' title='bbox 2310 1308 2398 1363; x_wconf 84' lang='grc' dir='ltr'>καὶ</span> <span class='ocrx_word' id='word_1_280' title='bbox 2432 1306 2750 1383; x_wconf 81' lang='grc' dir='ltr'>θεολογικοῦ</span> <span class='ocrx_word' id='word_1_281' title='bbox 2784 1308 2955 1384; x_wconf 80' lang='grc' dir='ltr'>λόγου</span> <span class='ocrx_word' id='word_1_282' title='bbox 2980 1310 3043 1364; x_wconf 90' lang='grc' dir='ltr'>τὸ</span> <span class='ocrx_word' id='word_1_283' title='bbox 3072 1312 3188 1363; x_wconf 88' lang='grc' dir='ltr'>καθ’</span> <span class='ocrx_word' id='word_1_284' title='bbox 3220 1313 3369 1383; x_wconf 79' lang='grc' dir='ltr'>ἡμᾶς</span> <span class='ocrx_word' id='word_1_285' title='bbox 3408 1309 3458 1382; x_wconf 83' lang='grc' dir='ltr'>ἐξ</span> <span class='ocrx_word' id='word_1_286' title='bbox 3506 1312 3677 1383; x_wconf 75' lang='grc' dir='ltr'>ἡμῶν</span> <span class='ocrx_word' id='word_1_287' title='bbox 3729 1308 3852 1365; x_wconf 88' lang='grc' dir='ltr'>ὁλι-</span> 
     </span>
    </p>
   </div>
   <div class='ocr_carea' id='block_1_44' title="bbox 2183 1395 3851 1473">
    <p class='ocr_par' dir='ltr' id='par_1_44' title="bbox 2183 1395 3851 1473">
     <span class='ocr_line' id='line_1_44' title="bbox 2183 1395 3851 1473; baseline -0.001 -21"><span class='ocrx_word' id='word_1_288' title='bbox 2183 1402 2293 1459; x_wconf 91' lang='grc' dir='ltr'>κῶς</span> <span class='ocrx_word' id='word_1_289' title='bbox 2322 1399 2410 1452; x_wconf 82' lang='grc' dir='ltr'>καὶ</span> <span class='ocrx_word' id='word_1_290' title='bbox 2472 1396 2695 1468; x_wconf 81' lang='grc' dir='ltr'>ἀληθῶς</span> <span class='ocrx_word' id='word_1_291' title='bbox 2743 1401 3108 1473; x_wconf 79' lang='grc' dir='ltr'>σαρκωθῆναι,</span> <span class='ocrx_word' id='word_1_292' title='bbox 3142 1399 3287 1452; x_wconf 88' lang='grc' dir='ltr'>τοῦτ’</span> <span class='ocrx_word' id='word_1_293' title='bbox 3320 1395 3460 1452; x_wconf 71' lang='grc' dir='ltr'>ἔστιν</span> <span class='ocrx_word' id='word_1_294' title='bbox 3489 1400 3516 1453; x_wconf 87' lang='grc' dir='ltr'>ὁ</span> <span class='ocrx_word' id='word_1_295' title='bbox 3548 1405 3653 1467; x_wconf 81' lang='grc' dir='ltr'>τῆς</span> <span class='ocrx_word' id='word_1_296' title='bbox 3704 1398 3851 1452; x_wconf 82' lang='grc' dir='ltr'>ἐναν-</span> 
     </span>
    </p>
   </div>
   <div class='ocr_carea' id='block_1_45' title="bbox 2186 1485 3851 1563">
    <p class='ocr_par' dir='ltr' id='par_1_45' title="bbox 2186 1485 3851 1563">
     <span class='ocr_line' id='line_1_45' title="bbox 2186 1485 3851 1563; baseline 0 -23"><span class='ocrx_word' id='word_1_297' title='bbox 2186 1488 2522 1562; x_wconf 82' lang='grc' dir='ltr'>θρωπήσεως</span> <span class='ocrx_word' id='word_1_298' title='bbox 2552 1488 2639 1541; x_wconf 88' lang='lat' dir='ltr'>xui</span> <span class='ocrx_word' id='word_1_299' title='bbox 2682 1488 3002 1563; x_wconf 87' lang='grc' dir='ltr'>σαρκώσεως</span> <span class='ocrx_word' id='word_1_300' title='bbox 3060 1492 3156 1541; x_wconf 90' lang='grc' dir='ltr'>τοῦ</span> <span class='ocrx_word' id='word_1_301' title='bbox 3217 1489 3449 1563; x_wconf 78' lang='grc' dir='ltr'>Χριστοῦ</span> <span class='ocrx_word' id='word_1_302' title='bbox 3507 1485 3711 1562; x_wconf 83' lang='grc' dir='ltr'>λόγος,</span> <span class='ocrx_word' id='word_1_303' title='bbox 3761 1489 3851 1541; x_wconf 81' lang='lat' dir='ltr'>xui</span> 
     </span>
    </p>
   </div>
   <div class='ocr_carea' id='block_1_46' title="bbox 2186 1572 3852 1652">
    <p class='ocr_par' dir='ltr' id='par_1_46' title="bbox 2186 1572 3852 1652">
     <span class='ocr_line' id='line_1_46' title="bbox 2186 1572 3852 1652; baseline 0 -23"><span class='ocrx_word' id='word_1_304' title='bbox 2186 1572 2376 1650; x_wconf 79' lang='grc' dir='ltr'>δρᾶσαι</span> <span class='ocrx_word' id='word_1_305' title='bbox 2416 1575 2505 1629; x_wconf 83' lang='lat' dir='ltr'>xui</span> <span class='ocrx_word' id='word_1_306' title='bbox 2554 1578 2741 1630; x_wconf 85' lang='grc' dir='ltr'>παθεῖν</span> <span class='ocrx_word' id='word_1_307' title='bbox 2800 1578 2898 1630; x_wconf 81' lang='grc' dir='ltr'>ὅσα</span> <span class='ocrx_word' id='word_1_308' title='bbox 2948 1584 3049 1646; x_wconf 78' lang='grc' dir='ltr'>τῆς</span> <span class='ocrx_word' id='word_1_309' title='bbox 3106 1576 3453 1652; x_wconf 79' lang='grc' dir='ltr'>ἀνθρωπικῆς</span> <span class='ocrx_word' id='word_1_310' title='bbox 3486 1577 3663 1631; x_wconf 83' lang='grc' dir='ltr'>αὐτοῦ</span> <span class='ocrx_word' id='word_1_311' title='bbox 3724 1578 3852 1630; x_wconf 81' lang='grc' dir='ltr'>θεω-</span> 
     </span>
    </p>
   </div>
   <div class='ocr_carea' id='block_1_47' title="bbox 2188 1662 3850 1744">
    <p class='ocr_par' dir='ltr' id='par_1_47' title="bbox 2188 1662 3850 1744">
     <span class='ocr_line' id='line_1_47' title="bbox 2188 1662 3850 1744; baseline 0.001 -27"><span class='ocrx_word' id='word_1_312' title='bbox 2188 1663 2307 1741; x_wconf 91' lang='grc' dir='ltr'>ρίας</span> <span class='ocrx_word' id='word_1_313' title='bbox 2363 1665 2504 1719; x_wconf 73' lang='grc' dir='ltr'>ἐστὶν</span> <span class='ocrx_word' id='word_1_314' title='bbox 2560 1662 3199 1741; x_wconf 70' lang='grc' dir='ltr'>ἓκκριτα.Ἀδιατήρητά</span> <span class='ocrx_word' id='word_1_315' title='bbox 3242 1670 3372 1744; x_wconf 68' lang='grc' dir='ltr'>φησι</span> <span class='ocrx_word' id='word_1_316' title='bbox 3430 1665 3520 1720; x_wconf 85' lang='grc' dir='ltr'>καὶ</span> <span class='ocrx_word' id='word_1_317' title='bbox 3584 1664 3850 1738; x_wconf 79' lang='grc' dir='ltr'>ἐξαίρετα,</span> 
     </span>
    </p>
   </div>
   <div class='ocr_carea' id='block_1_48' title="bbox 2184 1750 3850 1829">
    <p class='ocr_par' dir='ltr' id='par_1_48' title="bbox 2184 1750 3850 1829">
     <span class='ocr_line' id='line_1_48' title="bbox 2184 1750 3850 1829; baseline -0.001 -21"><span class='ocrx_word' id='word_1_318' title='bbox 2184 1755 2330 1808; x_wconf 86' lang='grc' dir='ltr'>τοῦτ’</span> <span class='ocrx_word' id='word_1_319' title='bbox 2387 1750 2495 1808; x_wconf 78' lang='grc' dir='ltr'>ἔστι</span> <span class='ocrx_word' id='word_1_320' title='bbox 2553 1755 2758 1829; x_wconf 75' lang='grc' dir='ltr'>καθαρὰ</span> <span class='ocrx_word' id='word_1_321' title='bbox 2832 1756 2922 1809; x_wconf 81' lang='grc' dir='ltr'>καὶ</span> <span class='ocrx_word' id='word_1_322' title='bbox 2981 1750 3287 1826; x_wconf 76' lang='grc' dir='ltr'>ἀδιάϐλητοι</span> <span class='ocrx_word' id='word_1_323' title='bbox 3341 1761 3441 1824; x_wconf 75' lang='grc' dir='ltr'>τῆς</span> <span class='ocrx_word' id='word_1_324' title='bbox 3500 1753 3850 1828; x_wconf 83' lang='grc' dir='ltr'>ἀνθρώπίνης</span> 
     </span>
    </p>
   </div>
   <div class='ocr_carea' id='block_1_49' title="bbox 2111 1840 3848 1942">
    <p class='ocr_par' dir='ltr' id='par_1_49' title="bbox 2111 1840 3848 1942">
     <span class='ocr_line' id='line_1_49' title="bbox 2111 1840 3848 1942; baseline -0.001 -45"><span class='ocrx_word' id='word_1_325' title='bbox 2111 1878 2157 1942; x_wconf 79' lang='grc' dir='ltr'>Β</span> <span class='ocrx_word' id='word_1_326' title='bbox 2187 1844 2352 1897; x_wconf 78' lang='grc' dir='ltr'>αὐτοῦ</span> <span class='ocrx_word' id='word_1_327' title='bbox 2402 1842 2611 1922; x_wconf 72' lang='grc' dir='ltr'>φύσεως</span> <span class='ocrx_word' id='word_1_328' title='bbox 2647 1862 2659 1876; x_wconf 89' lang='grc'><strong>·</strong></span> <span class='ocrx_word' id='word_1_329' title='bbox 2697 1840 2850 1897; x_wconf 69' lang='grc' dir='ltr'>ἅτινά</span> <span class='ocrx_word' id='word_1_330' title='bbox 2909 1843 3019 1899; x_wconf 66' lang='grc' dir='ltr'>ἐστι</span> <span class='ocrx_word' id='word_1_331' title='bbox 3065 1845 3246 1912; x_wconf 83' lang='grc' dir='ltr'>τόκος,</span> <span class='ocrx_word' id='word_1_332' title='bbox 3277 1843 3572 1912; x_wconf 85' lang='grc' dir='ltr'>νηπιότης,</span> <span class='ocrx_word' id='word_1_333' title='bbox 3602 1842 3848 1913; x_wconf 67' lang='grc' dir='ltr'>αὔξησις,</span> 
     </span>
    </p>
   </div>
   <div class='ocr_carea' id='block_1_50' title="bbox 2193 1929 3847 2007">
    <p class='ocr_par' dir='ltr' id='par_1_50' title="bbox 2193 1929 3847 2007">
     <span class='ocr_line' id='line_1_50' title="bbox 2193 1929 3847 2007; baseline -0.001 -20"><span class='ocrx_word' id='word_1_334' title='bbox 2193 1929 2342 2005; x_wconf 77' lang='grc' dir='ltr'>δίψα,</span> <span class='ocrx_word' id='word_1_335' title='bbox 2400 1934 2590 2005; x_wconf 91' lang='grc' dir='ltr'>κόπος,</span> <span class='ocrx_word' id='word_1_336' title='bbox 2642 1930 2815 2002; x_wconf 89' lang='grc' dir='ltr'>λύπη,</span> <span class='ocrx_word' id='word_1_337' title='bbox 2866 1930 3115 2007; x_wconf 81' lang='grc' dir='ltr'>δάκρυον,</span> <span class='ocrx_word' id='word_1_338' title='bbox 3145 1932 3403 2003; x_wconf 83' lang='grc' dir='ltr'>πτύελος,</span> <span class='ocrx_word' id='word_1_339' title='bbox 3435 1935 3598 2005; x_wconf 78' lang='grc' dir='ltr'>αἷμα,</span> <span class='ocrx_word' id='word_1_340' title='bbox 3632 1937 3847 2005; x_wconf 80' lang='grc' dir='ltr'>τρῆσις,</span> 
     </span>
    </p>
   </div>
   <div class='ocr_carea' id='block_1_51' title="bbox 2192 2020 3847 2098">
    <p class='ocr_par' dir='ltr' id='par_1_51' title="bbox 2192 2020 3847 2098">
     <span class='ocr_line' id='line_1_51' title="bbox 2192 2020 3847 2098; baseline -0.001 -23"><span class='ocrx_word' id='word_1_341' title='bbox 2192 2022 2384 2098; x_wconf 72' lang='grc' dir='ltr'>φθορὰ,</span> <span class='ocrx_word' id='word_1_342' title='bbox 2420 2020 2591 2096; x_wconf 77' lang='grc' dir='ltr'>ῥύσις,</span> <span class='ocrx_word' id='word_1_343' title='bbox 2641 2022 2891 2085; x_wconf 73' lang='grc' dir='ltr'>ἑκούσιος</span> <span class='ocrx_word' id='word_1_344' title='bbox 2950 2023 3229 2097; x_wconf 75' lang='grc' dir='ltr'>ςέκρωσις,</span> <span class='ocrx_word' id='word_1_345' title='bbox 3265 2021 3537 2095; x_wconf 77' lang='grc' dir='ltr'>ἄφθεγξία,</span> <span class='ocrx_word' id='word_1_346' title='bbox 3574 2020 3847 2092; x_wconf 83' lang='grc' dir='ltr'>ἀκινησία,</span> 
     </span>
    </p>
   </div>
   <div class='ocr_carea' id='block_1_52' title="bbox 2190 2106 3850 2186">
    <p class='ocr_par' dir='ltr' id='par_1_52' title="bbox 2190 2106 3850 2186">
     <span class='ocr_line' id='line_1_52' title="bbox 2190 2106 3850 2186; baseline -0.002 -21"><span class='ocrx_word' id='word_1_347' title='bbox 2190 2109 2281 2165; x_wconf 83' lang='grc' dir='ltr'>καὶ</span> <span class='ocrx_word' id='word_1_348' title='bbox 2339 2110 2405 2164; x_wconf 74' lang='grc' dir='ltr'>τὰ</span> <span class='ocrx_word' id='word_1_349' title='bbox 2456 2108 2642 2182; x_wconf 74' lang='grc' dir='ltr'>ὅμοια.</span> <span class='ocrx_word' id='word_1_350' title='bbox 2676 2109 2899 2172; x_wconf 86' lang='grc' dir='ltr'>Τούτοις</span> <span class='ocrx_word' id='word_1_351' title='bbox 2948 2110 3048 2186; x_wconf 81' lang='grc' dir='ltr'>γὰρ</span> <span class='ocrx_word' id='word_1_352' title='bbox 3100 2111 3126 2163; x_wconf 89' lang='grc' dir='ltr'>ὁ</span> <span class='ocrx_word' id='word_1_353' title='bbox 3177 2111 3365 2186; x_wconf 74' lang='grc' dir='ltr'>Πατὴρ</span> <span class='ocrx_word' id='word_1_354' title='bbox 3414 2109 3598 2164; x_wconf 81' lang='grc' dir='ltr'>καὶτὸ</span> <span class='ocrx_word' id='word_1_355' title='bbox 3633 2106 3850 2181; x_wconf 84' lang='grc' dir='ltr'>Πνεῦμα</span> 
     </span>
    </p>
   </div>
   <div class='ocr_carea' id='block_1_53' title="bbox 2190 2196 3850 2273">
    <p class='ocr_par' dir='ltr' id='par_1_53' title="bbox 2190 2196 3850 2273">
     <span class='ocr_line' id='line_1_53' title="bbox 2190 2196 3850 2273; baseline -0.002 -20"><span class='ocrx_word' id='word_1_356' title='bbox 2190 2200 2307 2253; x_wconf 87' lang='grc' dir='ltr'>κατ’</span> <span class='ocrx_word' id='word_1_357' title='bbox 2340 2196 2529 2253; x_wconf 77' lang='grc' dir='ltr'>οὐδένα</span> <span class='ocrx_word' id='word_1_358' title='bbox 2556 2198 2758 2273; x_wconf 85' lang='grc' dir='ltr'>τρόπον</span> <span class='ocrx_word' id='word_1_359' title='bbox 2861 2197 3030 2273; x_wconf 86' lang='grc' dir='ltr'>λόγον</span> <span class='ocrx_word' id='word_1_360' title='bbox 3061 2198 3455 2269; x_wconf 73' lang='grc' dir='ltr'>κεκοινώνηκεν</span> <span class='ocrx_word' id='word_1_361' title='bbox 3491 2218 3504 2231; x_wconf 88' lang='grc'><strong>·</strong></span> <span class='ocrx_word' id='word_1_362' title='bbox 3542 2198 3595 2253; x_wconf 81' lang='grc' dir='ltr'>εἷ’</span> <span class='ocrx_word' id='word_1_363' title='bbox 3646 2200 3723 2272; x_wconf 90' lang='grc' dir='ltr'>μή</span> <span class='ocrx_word' id='word_1_364' title='bbox 3771 2218 3850 2258; x_wconf 87' lang='grc' dir='ltr'>τις</span> 
     </span>
    </p>
   </div>
   <div class='ocr_carea' id='block_1_54' title="bbox 2193 2284 3286 2364">
    <p class='ocr_par' dir='ltr' id='par_1_54' title="bbox 2193 2284 3286 2364">
     <span class='ocr_line' id='line_1_54' title="bbox 2193 2284 3286 2364; baseline 0.003 -24"><span class='ocrx_word' id='word_1_365' title='bbox 2193 2286 2323 2364; x_wconf 83' lang='grc' dir='ltr'>φαίη</span> <span class='ocrx_word' id='word_1_366' title='bbox 2356 2288 2473 2341; x_wconf 82' lang='grc' dir='ltr'>κατ’</span> <span class='ocrx_word' id='word_1_367' title='bbox 2506 2284 2753 2341; x_wconf 75' lang='grc' dir='ltr'>εὐδοκίαν</span> <span class='ocrx_word' id='word_1_368' title='bbox 2780 2308 2839 2341; x_wconf 82' lang='grc' dir='ltr'>τε</span> <span class='ocrx_word' id='word_1_369' title='bbox 2867 2287 2957 2341; x_wconf 73' lang='grc' dir='ltr'>καὶ</span> <span class='ocrx_word' id='word_1_370' title='bbox 2994 2286 3286 2363; x_wconf 88' lang='grc' dir='ltr'>βούλησιν.</span> 
     </span>
    </p>
   </div>
   <div class='ocr_carea' id='block_1_55' title="bbox 2264 2463 3845 2541">
    <p class='ocr_par' dir='ltr' id='par_1_55' title="bbox 2264 2463 3845 2541">
     <span class='ocr_line' id='line_1_55' title="bbox 2264 2463 3845 2541; baseline -0.001 -22"><span class='ocrx_word' id='word_1_371' title='bbox 2264 2465 2510 2540; x_wconf 85' lang='grc' dir='ltr'>Γεγονὼς</span> <span class='ocrx_word' id='word_1_372' title='bbox 2541 2465 2568 2519; x_wconf 83' lang='grc'>6</span> <span class='ocrx_word' id='word_1_373' title='bbox 2600 2464 2989 2529; x_wconf 81' lang='grc' dir='ltr'>ἀναλλοίωτος.</span> <span class='ocrx_word' id='word_1_374' title='bbox 3025 2470 3149 2530; x_wconf 88' lang='grc' dir='ltr'>Πῶς</span> <span class='ocrx_word' id='word_1_375' title='bbox 3178 2463 3326 2541; x_wconf 78' lang='grc' dir='ltr'>λέγει</span> <span class='ocrx_word' id='word_1_376' title='bbox 3371 2466 3463 2520; x_wconf 88' lang='grc' dir='ltr'>τὸν</span> <span class='ocrx_word' id='word_1_377' title='bbox 3517 2465 3699 2540; x_wconf 86' lang='grc' dir='ltr'>Λόγον</span> <span class='ocrx_word' id='word_1_378' title='bbox 3748 2485 3845 2517; x_wconf 87' lang='grc' dir='ltr'>πα-</span> 
     </span>
    </p>
   </div>
   <div class='ocr_carea' id='block_1_56' title="bbox 2193 2554 3845 2632">
    <p class='ocr_par' dir='ltr' id='par_1_56' title="bbox 2193 2554 3845 2632">
     <span class='ocr_line' id='line_1_56' title="bbox 2193 2554 3845 2632; baseline -0.004 -21"><span class='ocrx_word' id='word_1_379' title='bbox 2193 2557 2324 2623; x_wconf 84' lang='grc' dir='ltr'>θεῖν,</span> <span class='ocrx_word' id='word_1_380' title='bbox 2358 2555 2432 2616; x_wconf 86' lang='grc' dir='ltr'>ὡς</span> <span class='ocrx_word' id='word_1_381' title='bbox 2462 2554 2551 2609; x_wconf 80' lang='grc' dir='ltr'>καὶ</span> <span class='ocrx_word' id='word_1_382' title='bbox 2583 2556 2669 2624; x_wconf 88' lang='grc' dir='ltr'>τὸ,</span> <span class='ocrx_word' id='word_1_383' title='bbox 2700 2556 2768 2611; x_wconf 82' lang='lat' dir='ltr'>Ai</span> <span class='ocrx_word' id='word_1_384' title='bbox 2799 2561 2981 2630; x_wconf 86' lang='grc' dir='ltr'>χεῖρες</span> <span class='ocrx_word' id='word_1_385' title='bbox 3007 2558 3166 2628; x_wconf 77' lang='grc' dir='ltr'>ἡμῶν</span> <span class='ocrx_word' id='word_1_386' title='bbox 3200 2554 3563 2632; x_wconf 72' lang='grc' dir='ltr'>ἐψηλάφησαν</span> <span class='ocrx_word' id='word_1_387' title='bbox 3593 2554 3718 2630; x_wconf 83' lang='grc' dir='ltr'>περῖ</span> <span class='ocrx_word' id='word_1_388' title='bbox 3753 2556 3845 2607; x_wconf 88' lang='grc' dir='ltr'>τοῦ</span> 
     </span>
    </p>
   </div>
   <div class='ocr_carea' id='block_1_57' title="bbox 2193 2644 3048 2719">
    <p class='ocr_par' dir='ltr' id='par_1_57' title="bbox 2193 2644 3048 2719">
     <span class='ocr_line' id='line_1_57' title="bbox 2193 2644 3048 2719; baseline 0.004 -21"><span class='ocrx_word' id='word_1_389' title='bbox 2193 2645 2370 2719; x_wconf 84' lang='grc' dir='ltr'>Λόγου</span> <span class='ocrx_word' id='word_1_390' title='bbox 2408 2650 2509 2713; x_wconf 80' lang='grc' dir='ltr'>τῆς</span> <span class='ocrx_word' id='word_1_391' title='bbox 2541 2649 2707 2713; x_wconf 80' lang='grc' dir='ltr'>ζωῆς,</span> <span class='ocrx_word' id='word_1_392' title='bbox 2742 2644 3048 2717; x_wconf 81' lang='grc' dir='ltr'>ἐξεθέμεθα.</span> 
     </span>
    </p>
   </div>
   <div class='ocr_carea' id='block_1_58' title="bbox 2264 2730 3842 2805">
    <p class='ocr_par' dir='ltr' id='par_1_58' title="bbox 2264 2730 3842 2805">
     <span class='ocr_line' id='line_1_58' title="bbox 2264 2730 3842 2805; baseline -0.002 -18"><span class='ocrx_word' id='word_1_393' title='bbox 2264 2737 2291 2803; x_wconf 85' lang='lat'><strong>§</strong></span> <span class='ocrx_word' id='word_1_394' title='bbox 2320 2733 2442 2789; x_wconf 80' lang='grc' dir='ltr'>νη.</span> <span class='ocrx_word' id='word_1_395' title='bbox 2471 2737 2597 2793; x_wconf 82' lang='grc' dir='ltr'>Τοῖς</span> <span class='ocrx_word' id='word_1_396' title='bbox 2630 2730 2687 2787; x_wconf 76' lang='grc' dir='ltr'>δὲ</span> <span class='ocrx_word' id='word_1_397' title='bbox 2717 2733 2791 2796; x_wconf 86' lang='grc' dir='ltr'>ὡς</span> <span class='ocrx_word' id='word_1_398' title='bbox 2824 2738 3129 2805; x_wconf 87' lang='grc' dir='ltr'>μυστικοῖς.</span> <span class='ocrx_word' id='word_1_399' title='bbox 3162 2735 3308 2787; x_wconf 79' lang='grc' dir='ltr'>Κατὰ</span> <span class='ocrx_word' id='word_1_400' title='bbox 3345 2735 3445 2801; x_wconf 84' lang='grc' dir='ltr'>τὴν</span> <span class='ocrx_word' id='word_1_401' title='bbox 3493 2731 3728 2805; x_wconf 85' lang='grc' dir='ltr'>δύναμιν</span> <span class='ocrx_word' id='word_1_402' title='bbox 3750 2731 3842 2799; x_wconf 77' lang='grc' dir='ltr'>τὴν</span> 
     </span>
    </p>
   </div>
   <div class='ocr_carea' id='block_1_59' title="bbox 2195 2821 3494 2898">
    <p class='ocr_par' dir='ltr' id='par_1_59' title="bbox 2195 2821 3494 2898">
     <span class='ocr_line' id='line_1_59' title="bbox 2195 2821 3494 2898; baseline 0.003 -23"><span class='ocrx_word' id='word_1_403' title='bbox 2195 2821 2604 2896; x_wconf 73' lang='grc' dir='ltr'>ἐνυπάρχουσαν</span> <span class='ocrx_word' id='word_1_404' title='bbox 2638 2821 2689 2875; x_wconf 78' lang='grc' dir='ltr'>ἰν</span> <span class='ocrx_word' id='word_1_405' title='bbox 2721 2826 2798 2893; x_wconf 83' lang='grc' dir='ltr'>τῷ</span> <span class='ocrx_word' id='word_1_406' title='bbox 2825 2823 2972 2898; x_wconf 78' lang='grc' dir='ltr'>ἄρτῳ</span> <span class='ocrx_word' id='word_1_407' title='bbox 3001 2821 3091 2877; x_wconf 80' lang='lat' dir='ltr'>xui</span> <span class='ocrx_word' id='word_1_408' title='bbox 3120 2827 3199 2894; x_wconf 79' lang='grc' dir='ltr'>τῷ</span> <span class='ocrx_word' id='word_1_409' title='bbox 3229 2821 3494 2897; x_wconf 86' lang='grc' dir='ltr'>ποτηρίῳ.</span> 
     </span>
    </p>
   </div>
   <div class='ocr_carea' id='block_1_60' title="bbox 2265 2907 3845 2987">
    <p class='ocr_par' dir='ltr' id='par_1_60' title="bbox 2265 2907 3845 2987">
     <span class='ocr_line' id='line_1_60' title="bbox 2265 2907 3845 2987; baseline -0.003 -23"><span class='ocrx_word' id='word_1_410' title='bbox 2265 2912 2421 2987; x_wconf 71' lang='grc' dir='ltr'>’Υπὲρ</span> <span class='ocrx_word' id='word_1_411' title='bbox 2478 2912 2660 2985; x_wconf 78' lang='grc' dir='ltr'>νοερὰν</span> <span class='ocrx_word' id='word_1_412' title='bbox 2719 2909 2984 2987; x_wconf 74' lang='grc' dir='ltr'>ἐνέργειαν</span> <span class='ocrx_word' id='word_1_413' title='bbox 3018 2914 3141 2968; x_wconf 91' lang='grc' dir='ltr'>Τῶν</span> <span class='ocrx_word' id='word_1_414' title='bbox 3195 2910 3317 2986; x_wconf 78' lang='grc' dir='ltr'>περὶ</span> <span class='ocrx_word' id='word_1_415' title='bbox 3369 2915 3503 2965; x_wconf 87' lang='grc' dir='ltr'>Θεοῦ</span> <span class='ocrx_word' id='word_1_416' title='bbox 3536 2907 3845 2987; x_wconf 86' lang='grc' dir='ltr'>λεγομένων</span> 
     </span>
    </p>
   </div>
   <div class='ocr_carea' id='block_1_61' title="bbox 3682 2996 3849 3072">
    <p class='ocr_par' dir='ltr' id='par_1_61' title="bbox 3682 2996 3849 3072">
     <span class='ocr_line' id='line_1_61' title="bbox 3682 2996 3849 3072; baseline -0.012 -21"><span class='ocrx_word' id='word_1_417' title='bbox 3682 2996 3849 3072; x_wconf 74' lang='grc' dir='ltr'>ἤγουν</span> 
     </span>
    </p>
   </div>
   <div class='ocr_carea' id='block_1_62' title="bbox 2199 3085 3846 3165">
    <p class='ocr_par' dir='ltr' id='par_1_62' title="bbox 2199 3085 3846 3165">
     <span class='ocr_line' id='line_1_62' title="bbox 2199 3085 3846 3165; baseline -0.004 -21"><span class='ocrx_word' id='word_1_418' title='bbox 2199 3088 2486 3165; x_wconf 79' lang='grc' dir='ltr'>ἐρμηνεύει</span> <span class='ocrx_word' id='word_1_419' title='bbox 2532 3091 2559 3143; x_wconf 84' lang='grc' dir='ltr'>ὁ</span> <span class='ocrx_word' id='word_1_420' title='bbox 2606 3095 2722 3151; x_wconf 88' lang='grc' dir='ltr'>τοῖς</span> <span class='ocrx_word' id='word_1_421' title='bbox 2772 3089 2935 3153; x_wconf 86' lang='grc' dir='ltr'>θείοις</span> <span class='ocrx_word' id='word_1_422' title='bbox 2995 3087 3183 3144; x_wconf 83' lang='grc' dir='ltr'>διόλου</span> <span class='ocrx_word' id='word_1_423' title='bbox 3232 3086 3732 3163; x_wconf 81' lang='grc' dir='ltr'>ἐνασχολούμενος,</span> <span class='ocrx_word' id='word_1_424' title='bbox 3763 3085 3846 3141; x_wconf 87' lang='lat' dir='ltr'>xui</span> 
     </span>
    </p>
   </div>
   <div class='ocr_carea' id='block_1_63' title="bbox 2197 3176 3844 3252">
    <p class='ocr_par' dir='ltr' id='par_1_63' title="bbox 2197 3176 3844 3252">
     <span class='ocr_line' id='line_1_63' title="bbox 2197 3176 3844 3252; baseline -0.003 -19"><span class='ocrx_word' id='word_1_425' title='bbox 2197 3183 2312 3239; x_wconf 85' lang='grc' dir='ltr'>τοῖς</span> <span class='ocrx_word' id='word_1_426' title='bbox 2370 3176 2587 3252; x_wconf 84' lang='grc' dir='ltr'>γη’ίνοις</span> <span class='ocrx_word' id='word_1_427' title='bbox 2644 3178 2734 3232; x_wconf 87' lang='lat' dir='ltr'>xui</span> <span class='ocrx_word' id='word_1_428' title='bbox 2795 3177 3087 3251; x_wconf 86' lang='grc' dir='ltr'>ἐμπαθέσιν</span> <span class='ocrx_word' id='word_1_429' title='bbox 3148 3177 3579 3240; x_wconf 83' lang='grc' dir='ltr'>ἀνεπιθολώτως</span> <span class='ocrx_word' id='word_1_430' title='bbox 3630 3177 3797 3251; x_wconf 72' lang='grc' dir='ltr'>μένων</span> <span class='ocrx_word' id='word_1_431' title='bbox 3832 3191 3844 3205; x_wconf 94' lang='grc'><strong>·</strong></span> 
     </span>
    </p>
   </div>
   <div class='ocr_carea' id='block_1_64' title="bbox 2195 2998 3601 3075">
    <p class='ocr_par' dir='ltr' id='par_1_64' title="bbox 2195 2998 3601 3075">
     <span class='ocr_line' id='line_1_64' title="bbox 2195 2998 3601 3075; baseline 0 -22"><span class='ocrx_word' id='word_1_432' title='bbox 2195 3002 2294 3069; x_wconf 78' lang='grc' dir='ltr'>τήν</span> <span class='ocrx_word' id='word_1_433' title='bbox 2358 2998 2592 3054; x_wconf 82' lang='grc' dir='ltr'>διάνοιαν</span> <span class='ocrx_word' id='word_1_434' title='bbox 2656 3001 2749 3072; x_wconf 77' lang='grc' dir='ltr'>μὲν</span> <span class='ocrx_word' id='word_1_435' title='bbox 2804 3000 3126 3054; x_wconf 79' lang='grc' dir='ltr'>ἀναπτύσσει</span> <span class='ocrx_word' id='word_1_436' title='bbox 3189 3001 3216 3054; x_wconf 90' lang='grc' dir='ltr'>ὁ</span> <span class='ocrx_word' id='word_1_437' title='bbox 3275 3001 3417 3075; x_wconf 75' lang='grc' dir='ltr'>ἱερὸς</span> <span class='ocrx_word' id='word_1_438' title='bbox 3475 3004 3601 3062; x_wconf 89' lang='grc' dir='ltr'>νοῦς</span> 
     </span>
    </p>
   </div>
   <div class='ocr_carea' id='block_1_65' title="bbox 438 3243 2082 3338">
    <p class='ocr_par' dir='ltr' id='par_1_65' title="bbox 438 3266 2082 3338">
     <span class='ocr_line' id='line_1_65' title="bbox 438 3266 2082 3338; baseline 0.001 -16"><span class='ocrx_word' id='word_1_439' title='bbox 438 3266 849 3337; x_wconf 84' lang='lat' dir='ltr'>perturbatur;</span> <span class='ocrx_word' id='word_1_440' title='bbox 884 3266 1029 3338; x_wconf 89' lang='lat' dir='ltr'>ipsis</span> <span class='ocrx_word' id='word_1_441' title='bbox 1059 3283 1194 3322; x_wconf 86' lang='lat' dir='ltr'>vero</span> <span class='ocrx_word' id='word_1_442' title='bbox 1246 3267 1458 3323; x_wconf 90' lang='lat' dir='ltr'>divinis</span> <span class='ocrx_word' id='word_1_443' title='bbox 1506 3284 1622 3323; x_wconf 90' lang='lat' dir='ltr'>non</span> <span class='ocrx_word' id='word_1_444' title='bbox 1656 3269 1825 3323; x_wconf 89' lang='lat' dir='ltr'>aliter</span> <span class='ocrx_word' id='word_1_445' title='bbox 1855 3269 2082 3324; x_wconf 89' lang='lat' dir='ltr'>incum-</span> 
     </span>
    </p>
   </div>
   <div class='ocr_carea' id='block_1_66' title="bbox 2207 3243 3848 3338">
    <p class='ocr_par' dir='ltr' id='par_1_66' title="bbox 2207 3262 3848 3335">
     <span class='ocr_line' id='line_1_66' title="bbox 2207 3262 3848 3335; baseline -0.003 -13"><span class='ocrx_word' id='word_1_446' title='bbox 2207 3267 2383 3330; x_wconf 67' lang='grc' dir='ltr'>αὐτοῖς</span> <span class='ocrx_word' id='word_1_447' title='bbox 2433 3265 2491 3321; x_wconf 83' lang='grc' dir='ltr'>δὶ</span> <span class='ocrx_word' id='word_1_448' title='bbox 2531 3272 2647 3329; x_wconf 90' lang='grc' dir='ltr'>τοῖς</span> <span class='ocrx_word' id='word_1_449' title='bbox 2690 3267 2855 3328; x_wconf 88' lang='grc' dir='ltr'>θείοις</span> <span class='ocrx_word' id='word_1_450' title='bbox 2913 3268 3013 3322; x_wconf 85' lang='grc' dir='ltr'>ούκ</span> <span class='ocrx_word' id='word_1_451' title='bbox 3050 3266 3236 3329; x_wconf 84' lang='grc' dir='ltr'>ἄλλως</span> <span class='ocrx_word' id='word_1_452' title='bbox 3289 3262 3580 3322; x_wconf 76' lang='grc' dir='ltr'>ἐπιϐάλλει</span> <span class='ocrx_word' id='word_1_453' title='bbox 3635 3267 3670 3335; x_wconf 74' lang='grc' dir='ltr'><strong>ἢ</strong></span> <span class='ocrx_word' id='word_1_454' title='bbox 3720 3263 3848 3319; x_wconf 70' lang='grc' dir='ltr'>κατὰ</span> 
     </span>
    </p>
   </div>
   <div class='ocr_carea' id='block_1_67' title="bbox 439 3357 2086 3433">
    <p class='ocr_par' dir='ltr' id='par_1_67' title="bbox 439 3357 2086 3433">
     <span class='ocr_line' id='line_1_67' title="bbox 439 3357 2086 3433; baseline 0.001 -21"><span class='ocrx_word' id='word_1_455' title='bbox 439 3357 545 3424; x_wconf 89' lang='lat' dir='ltr'>bit,</span> <span class='ocrx_word' id='word_1_456' title='bbox 579 3373 757 3429; x_wconf 91' lang='lat' dir='ltr'>quam</span> <span class='ocrx_word' id='word_1_457' title='bbox 804 3374 906 3429; x_wconf 91' lang='lat' dir='ltr'>per</span> <span class='ocrx_word' id='word_1_458' title='bbox 950 3359 1337 3415; x_wconf 84' lang='lat' dir='ltr'>cessationem</span> <span class='ocrx_word' id='word_1_459' title='bbox 1385 3360 1578 3417; x_wconf 90' lang='lat' dir='ltr'>omnis</span> <span class='ocrx_word' id='word_1_460' title='bbox 1633 3368 1848 3431; x_wconf 86' lang='lat' dir='ltr'>motus,</span> <span class='ocrx_word' id='word_1_461' title='bbox 1881 3361 1981 3433; x_wconf 90' lang='lat' dir='ltr'>qui</span> <span class='ocrx_word' id='word_1_462' title='bbox 2014 3361 2086 3415; x_wconf 91' lang='lat' dir='ltr'>ad</span> 
     </span>
    </p>
   </div>
   <div class='ocr_carea' id='block_1_68' title="bbox 436 3445 2087 3522">
    <p class='ocr_par' dir='ltr' id='par_1_68' title="bbox 436 3445 2087 3522">
     <span class='ocr_line' id='line_1_68' title="bbox 436 3445 2087 3522; baseline 0.002 -22"><span class='ocrx_word' id='word_1_463' title='bbox 436 3445 887 3519; x_wconf 86' lang='lat' dir='ltr'>intelligendum</span> <span class='ocrx_word' id='word_1_464' title='bbox 930 3464 1019 3503; x_wconf 90' lang='lat' dir='ltr'>res</span> <span class='ocrx_word' id='word_1_465' title='bbox 1070 3448 1242 3519; x_wconf 84' lang='lat' dir='ltr'>facit;</span> <span class='ocrx_word' id='word_1_466' title='bbox 1277 3448 1385 3504; x_wconf 86' lang='lat' dir='ltr'>hoc</span> <span class='ocrx_word' id='word_1_467' title='bbox 1437 3450 1593 3504; x_wconf 91' lang='lat' dir='ltr'>enim</span> <span class='ocrx_word' id='word_1_468' title='bbox 1647 3449 1902 3505; x_wconf 88' lang='lat' dir='ltr'>declarat</span> <span class='ocrx_word' id='word_1_469' title='bbox 1932 3450 2087 3522; x_wconf 91' lang='lat' dir='ltr'>quod</span> 
     </span>
    </p>
   </div>
   <div class='ocr_carea' id='block_1_69' title="bbox 440 3534 2087 3610">
    <p class='ocr_par' dir='ltr' id='par_1_69' title="bbox 440 3534 2087 3610">
     <span class='ocr_line' id='line_1_69' title="bbox 440 3534 2087 3610; baseline 0.004 -21"><span class='ocrx_word' id='word_1_470' title='bbox 440 3534 587 3589; x_wconf 85' lang='lat' dir='ltr'>dixit</span> <span class='ocrx_word' id='word_1_471' title='bbox 611 3552 781 3607; x_wconf 78' lang='lat' dir='ltr'>supra</span> <span class='ocrx_word' id='word_1_472' title='bbox 828 3536 1237 3607; x_wconf 81' lang='lat' dir='ltr'>intelligentem</span> <span class='ocrx_word' id='word_1_473' title='bbox 1286 3538 1611 3608; x_wconf 81' lang='lat' dir='ltr'>efﬁcaciam,</span> <span class='ocrx_word' id='word_1_474' title='bbox 1646 3538 1700 3593; x_wconf 92' lang='lat' dir='ltr'>id</span> <span class='ocrx_word' id='word_1_475' title='bbox 1734 3542 1824 3594; x_wconf 90' lang='lat' dir='ltr'>est</span> <span class='ocrx_word' id='word_1_476' title='bbox 1854 3539 2087 3610; x_wconf 87' lang='lat' dir='ltr'>quando</span> 
     </span>
    </p>
   </div>
   <div class='ocr_carea' id='block_1_70' title="bbox 443 3623 2087 3697">
    <p class='ocr_par' dir='ltr' id='par_1_70' title="bbox 443 3623 2087 3697">
     <span class='ocr_line' id='line_1_70' title="bbox 443 3623 2087 3697; baseline 0.002 -19"><span class='ocrx_word' id='word_1_477' title='bbox 443 3623 704 3695; x_wconf 89' lang='lat' dir='ltr'>undique</span> <span class='ocrx_word' id='word_1_478' title='bbox 717 3623 816 3679; x_wconf 90' lang='lat' dir='ltr'>Dei</span> <span class='ocrx_word' id='word_1_479' title='bbox 834 3624 1535 3697; x_wconf 87' lang='lat' dir='ltr'>incomprehensibilitate</span> <span class='ocrx_word' id='word_1_480' title='bbox 1550 3626 2087 3697; x_wconf 88' lang='lat' dir='ltr'>comprehenditur,</span> 
     </span>
    </p>
   </div>
   <div class='ocr_carea' id='block_1_71' title="bbox 439 3712 1451 3784">
    <p class='ocr_par' dir='ltr' id='par_1_71' title="bbox 439 3712 1451 3784">
     <span class='ocr_line' id='line_1_71' title="bbox 439 3712 1451 3784; baseline 0.002 -17"><span class='ocrx_word' id='word_1_481' title='bbox 439 3718 567 3767; x_wconf 89' lang='lat' dir='ltr'>tum</span> <span class='ocrx_word' id='word_1_482' title='bbox 596 3712 933 3783; x_wconf 78' lang='lat' dir='ltr'>assequitur</span> <span class='ocrx_word' id='word_1_483' title='bbox 962 3714 1113 3784; x_wconf 85' lang='lat' dir='ltr'>quod</span> <span class='ocrx_word' id='word_1_484' title='bbox 1138 3715 1451 3784; x_wconf 73' lang='lat' dir='ltr'>quaerebat.</span> 
     </span>
    </p>
   </div>
   <div class='ocr_carea' id='block_1_72' title="bbox 514 3800 2088 3872">
    <p class='ocr_par' dir='ltr' id='par_1_72' title="bbox 514 3800 2088 3872">
     <span class='ocr_line' id='line_1_72' title="bbox 514 3800 2088 3872; baseline 0.003 -17"><span class='ocrx_word' id='word_1_485' title='bbox 514 3800 654 3855; x_wconf 79' lang='lat' dir='ltr'>Solis</span> <span class='ocrx_word' id='word_1_486' title='bbox 680 3800 1214 3872; x_wconf 79' lang='lat' dir='ltr'>participationibus.</span> <span class='ocrx_word' id='word_1_487' title='bbox 1252 3802 1845 3859; x_wconf 68' lang='lat' dir='ltr'>Prmsubaudiendum</span> <span class='ocrx_word' id='word_1_488' title='bbox 1879 3807 1968 3858; x_wconf 88' lang='lat' dir='ltr'>est</span> <span class='ocrx_word' id='word_1_489' title='bbox 1982 3819 2088 3860; x_wconf 87' lang='grc' dir='ltr'>ηο-</span> 
     </span>
    </p>
   </div>
   <div class='ocr_carea' id='block_1_73' title="bbox 442 3888 2086 3964">
    <p class='ocr_par' dir='ltr' id='par_1_73' title="bbox 442 3888 2086 3964">
     <span class='ocr_line' id='line_1_73' title="bbox 442 3888 2086 3964; baseline 0.002 -20"><span class='ocrx_word' id='word_1_490' title='bbox 442 3889 618 3944; x_wconf 89' lang='lat' dir='ltr'>mina.</span> <span class='ocrx_word' id='word_1_491' title='bbox 673 3888 1155 3962; x_wconf 88' lang='lat' dir='ltr'>Participationes</span> <span class='ocrx_word' id='word_1_492' title='bbox 1200 3894 1393 3947; x_wconf 90' lang='lat' dir='ltr'>autem</span> <span class='ocrx_word' id='word_1_493' title='bbox 1458 3896 1626 3949; x_wconf 86' lang='lat' dir='ltr'>vocat</span> <span class='ocrx_word' id='word_1_494' title='bbox 1690 3893 2086 3964; x_wconf 71' lang='lat' dir='ltr'>praabitionem</span> 
     </span>
    </p>
   </div>
   <div class='ocr_carea' id='block_1_74' title="bbox 444 3980 1932 4054">
    <p class='ocr_par' dir='ltr' id='par_1_74' title="bbox 444 3980 1932 4054">
     <span class='ocr_line' id='line_1_74' title="bbox 444 3980 1932 4054; baseline 0.001 -19"><span class='ocrx_word' id='word_1_495' title='bbox 444 3994 645 4035; x_wconf 88' lang='lat' dir='ltr'>eorum</span> <span class='ocrx_word' id='word_1_496' title='bbox 679 3995 809 4050; x_wconf 76' lang='lat' dir='ltr'>quae</span> <span class='ocrx_word' id='word_1_497' title='bbox 839 3980 1265 4051; x_wconf 87' lang='lat' dir='ltr'>participamus</span> <span class='ocrx_word' id='word_1_498' title='bbox 1288 3982 1359 4036; x_wconf 88' lang='lat' dir='ltr'>ab</span> <span class='ocrx_word' id='word_1_499' title='bbox 1393 3982 1520 4054; x_wconf 87' lang='lat' dir='ltr'>ipso</span> <span class='ocrx_word' id='word_1_500' title='bbox 1554 3986 1664 4037; x_wconf 90' lang='lat' dir='ltr'>Deo</span> <span class='ocrx_word' id='word_1_501' title='bbox 1696 3982 1932 4037; x_wconf 84' lang='lat' dir='ltr'>factam.</span> 
     </span>
    </p>
   </div>
   <div class='ocr_carea' id='block_1_75' title="bbox 517 4068 2091 4143">
    <p class='ocr_par' dir='ltr' id='par_1_75' title="bbox 517 4068 2091 4143">
     <span class='ocr_line' id='line_1_75' title="bbox 517 4068 2091 4143; baseline 0.002 -20"><span class='ocrx_word' id='word_1_502' title='bbox 517 4069 813 4123; x_wconf 83' lang='lat' dir='ltr'>Arcanum.</span> <span class='ocrx_word' id='word_1_503' title='bbox 849 4068 994 4124; x_wconf 91' lang='lat' dir='ltr'>Illud</span> <span class='ocrx_word' id='word_1_504' title='bbox 1032 4086 1241 4125; x_wconf 91' lang='lat' dir='ltr'>nomen</span> <span class='ocrx_word' id='word_1_505' title='bbox 1292 4075 1438 4126; x_wconf 89' lang='lat' dir='ltr'>Deus</span> <span class='ocrx_word' id='word_1_506' title='bbox 1490 4087 1604 4126; x_wconf 90' lang='lat' dir='ltr'>non</span> <span class='ocrx_word' id='word_1_507' title='bbox 1637 4070 1967 4143; x_wconf 83' lang='lat' dir='ltr'>signiﬁcare</span> <span class='ocrx_word' id='word_1_508' title='bbox 1998 4087 2091 4126; x_wconf 88' lang='lat' dir='ltr'>es-</span> 
     </span>
    </p>
   </div>
   <div class='ocr_carea' id='block_1_76' title="bbox 448 4159 2094 4232">
    <p class='ocr_par' dir='ltr' id='par_1_76' title="bbox 448 4159 2094 4232">
     <span class='ocr_line' id='line_1_76' title="bbox 448 4159 2094 4232; baseline 0 -17"><span class='ocrx_word' id='word_1_509' title='bbox 448 4159 920 4231; x_wconf 87' lang='lat' dir='ltr'>sentiam,neque</span> <span class='ocrx_word' id='word_1_510' title='bbox 943 4159 1083 4231; x_wconf 91' lang='lat' dir='ltr'>quid</span> <span class='ocrx_word' id='word_1_511' title='bbox 1105 4160 1180 4214; x_wconf 89' lang='lat' dir='ltr'>sit</span> <span class='ocrx_word' id='word_1_512' title='bbox 1202 4160 1493 4229; x_wconf 86' lang='lat' dir='ltr'>Deus;sed</span> <span class='ocrx_word' id='word_1_513' title='bbox 1514 4160 1748 4232; x_wconf 90' lang='lat' dir='ltr'>aliquod</span> <span class='ocrx_word' id='word_1_514' title='bbox 1784 4161 1844 4214; x_wconf 91' lang='lat' dir='ltr'>in</span> <span class='ocrx_word' id='word_1_515' title='bbox 1867 4177 1974 4215; x_wconf 90' lang='lat' dir='ltr'>nos</span> <span class='ocrx_word' id='word_1_516' title='bbox 2000 4161 2094 4215; x_wconf 91' lang='lat' dir='ltr'>be-</span> 
     </span>
    </p>
   </div>
   <div class='ocr_carea' id='block_1_77' title="bbox 447 4248 2095 4320">
    <p class='ocr_par' dir='ltr' id='par_1_77' title="bbox 447 4248 2095 4320">
     <span class='ocr_line' id='line_1_77' title="bbox 447 4248 2095 4320; baseline 0 -16"><span class='ocrx_word' id='word_1_517' title='bbox 447 4248 721 4304; x_wconf 88' lang='lat' dir='ltr'>neﬁcium</span> <span class='ocrx_word' id='word_1_518' title='bbox 742 4252 945 4320; x_wconf 87' lang='lat' dir='ltr'>;atque</span> <span class='ocrx_word' id='word_1_519' title='bbox 961 4266 1065 4304; x_wconf 88' lang='lat' dir='ltr'>nos</span> <span class='ocrx_word' id='word_1_520' title='bbox 1087 4264 1155 4303; x_wconf 83' lang='lat' dir='ltr'>ex</span> <span class='ocrx_word' id='word_1_521' title='bbox 1179 4249 1711 4305; x_wconf 87' lang='lat' dir='ltr'>communicatione</span> <span class='ocrx_word' id='word_1_522' title='bbox 1739 4265 1935 4304; x_wconf 90' lang='lat' dir='ltr'>eorum</span> <span class='ocrx_word' id='word_1_523' title='bbox 1965 4265 2095 4320; x_wconf 64' lang='lat' dir='ltr'>qua:</span> 
     </span>
    </p>
   </div>
   <div class='ocr_carea' id='block_1_78' title="bbox 449 4337 2092 4411">
    <p class='ocr_par' dir='ltr' id='par_1_78' title="bbox 449 4337 2092 4411">
     <span class='ocr_line' id='line_1_78' title="bbox 449 4337 2092 4411; baseline -0.001 -18"><span class='ocrx_word' id='word_1_524' title='bbox 449 4337 620 4393; x_wconf 89' lang='lat' dir='ltr'>nobis</span> <span class='ocrx_word' id='word_1_525' title='bbox 650 4355 683 4392; x_wconf 89' lang='lat' dir='ltr'>a</span> <span class='ocrx_word' id='word_1_526' title='bbox 730 4338 840 4393; x_wconf 90' lang='lat' dir='ltr'>Deo</span> <span class='ocrx_word' id='word_1_527' title='bbox 885 4339 1201 4409; x_wconf 88' lang='lat' dir='ltr'>donantur,</span> <span class='ocrx_word' id='word_1_528' title='bbox 1252 4338 1674 4409; x_wconf 87' lang='lat' dir='ltr'>appellationes</span> <span class='ocrx_word' id='word_1_529' title='bbox 1729 4337 1822 4393; x_wconf 90' lang='lat' dir='ltr'>Dei</span> <span class='ocrx_word' id='word_1_530' title='bbox 1858 4338 2092 4411; x_wconf 84' lang='lat' dir='ltr'>ﬁngere.</span> 
     </span>
    </p>
   </div>
   <div class='ocr_carea' id='block_1_79' title="bbox 449 4426 2093 4498">
    <p class='ocr_par' dir='ltr' id='par_1_79' title="bbox 449 4426 2093 4498">
     <span class='ocr_line' id='line_1_79' title="bbox 449 4426 2093 4498; baseline 0.001 -17"><span class='ocrx_word' id='word_1_531' title='bbox 449 4427 599 4492; x_wconf 88' lang='lat' dir='ltr'>Quid</span> <span class='ocrx_word' id='word_1_532' title='bbox 632 4444 805 4498; x_wconf 86' lang='lat' dir='ltr'>porro</span> <span class='ocrx_word' id='word_1_533' title='bbox 838 4426 913 4482; x_wconf 91' lang='lat' dir='ltr'>sit</span> <span class='ocrx_word' id='word_1_534' title='bbox 936 4427 1111 4495; x_wconf 89' lang='lat' dir='ltr'>Deus,</span> <span class='ocrx_word' id='word_1_535' title='bbox 1134 4427 1386 4497; x_wconf 81' lang='lat' dir='ltr'>cogitare</span> <span class='ocrx_word' id='word_1_536' title='bbox 1413 4431 1584 4498; x_wconf 78' lang='lat' dir='ltr'>queat</span> <span class='ocrx_word' id='word_1_537' title='bbox 1615 4426 1816 4481; x_wconf 88' lang='lat' dir='ltr'>nullus</span> <span class='ocrx_word' id='word_1_538' title='bbox 1842 4445 1854 4495; x_wconf 92' lang='lat'><strong>;</strong></span> <span class='ocrx_word' id='word_1_539' title='bbox 1880 4427 2093 4482; x_wconf 90' lang='lat' dir='ltr'>etenim</span> 
     </span>
    </p>
   </div>
   <div class='ocr_carea' id='block_1_80' title="bbox 447 4514 2095 4587">
    <p class='ocr_par' dir='ltr' id='par_1_80' title="bbox 447 4514 2095 4587">
     <span class='ocr_line' id='line_1_80' title="bbox 447 4514 2095 4587; baseline -0.001 -16"><span class='ocrx_word' id='word_1_540' title='bbox 447 4515 645 4571; x_wconf 89' lang='lat' dir='ltr'>divina</span> <span class='ocrx_word' id='word_1_541' title='bbox 675 4514 985 4571; x_wconf 84' lang='lat' dir='ltr'>existentia</span> <span class='ocrx_word' id='word_1_542' title='bbox 1017 4515 1097 4570; x_wconf 84' lang='lat' dir='ltr'>ita</span> <span class='ocrx_word' id='word_1_543' title='bbox 1128 4515 1302 4586; x_wconf 86' lang='lat' dir='ltr'>digne</span> <span class='ocrx_word' id='word_1_544' title='bbox 1335 4514 1771 4587; x_wconf 88' lang='lat' dir='ltr'>aliquantulum</span> <span class='ocrx_word' id='word_1_545' title='bbox 1824 4514 2095 4571; x_wconf 89' lang='lat' dir='ltr'>laudabi-</span> 
     </span>
    </p>
   </div>
   <div class='ocr_carea' id='block_1_81' title="bbox 2199 3350 3839 3427">
    <p class='ocr_par' dir='ltr' id='par_1_81' title="bbox 2199 3350 3839 3427">
     <span class='ocr_line' id='line_1_81' title="bbox 2199 3350 3839 3427; baseline -0.002 -17"><span class='ocrx_word' id='word_1_546' title='bbox 2199 3355 2501 3411; x_wconf 84' lang='grc' dir='ltr'>ἀπόπαυσιν</span> <span class='ocrx_word' id='word_1_547' title='bbox 2556 3355 2737 3425; x_wconf 83' lang='grc' dir='ltr'>πάσης</span> <span class='ocrx_word' id='word_1_548' title='bbox 2784 3360 3050 3427; x_wconf 84' lang='grc' dir='ltr'>κινήσεως</span> <span class='ocrx_word' id='word_1_549' title='bbox 3123 3363 3381 3426; x_wconf 81' lang='grc' dir='ltr'>νοητικῆς</span> <span class='ocrx_word' id='word_1_550' title='bbox 3451 3359 3562 3410; x_wconf 89' lang='grc' dir='ltr'>τῶν</span> <span class='ocrx_word' id='word_1_551' title='bbox 3632 3350 3796 3409; x_wconf 73' lang='grc' dir='ltr'>ὄντων</span> <span class='ocrx_word' id='word_1_552' title='bbox 3829 3370 3839 3381; x_wconf 90' lang='lat'><strong>&#39;</strong></span> 
     </span>
    </p>
   </div>
   <div class='ocr_carea' id='block_1_82' title="bbox 2194 3442 3845 3520">
    <p class='ocr_par' dir='ltr' id='par_1_82' title="bbox 2194 3442 3845 3520">
     <span class='ocr_line' id='line_1_82' title="bbox 2194 3442 3845 3520; baseline -0.004 -19"><span class='ocrx_word' id='word_1_553' title='bbox 2194 3450 2356 3501; x_wconf 86' lang='grc' dir='ltr'>τοῦτο</span> <span class='ocrx_word' id='word_1_554' title='bbox 2415 3445 2517 3520; x_wconf 80' lang='grc' dir='ltr'>γὰρ</span> <span class='ocrx_word' id='word_1_555' title='bbox 2578 3443 2745 3515; x_wconf 90' lang='grc' dir='ltr'>δηλοῖ</span> <span class='ocrx_word' id='word_1_556' title='bbox 2797 3446 2860 3501; x_wconf 86' lang='grc' dir='ltr'>τὸ</span> <span class='ocrx_word' id='word_1_557' title='bbox 2922 3447 3053 3520; x_wconf 77' lang='grc' dir='ltr'>ὑπὲρ</span> <span class='ocrx_word' id='word_1_558' title='bbox 3101 3448 3287 3520; x_wconf 73' lang='grc' dir='ltr'>νοερὰν</span> <span class='ocrx_word' id='word_1_559' title='bbox 3339 3443 3608 3519; x_wconf 81' lang='grc' dir='ltr'>ἐνέργειαν</span> <span class='ocrx_word' id='word_1_560' title='bbox 3659 3442 3845 3510; x_wconf 79' lang='grc' dir='ltr'>εἰπεῖν,</span> 
     </span>
    </p>
   </div>
   <div class='ocr_carea' id='block_1_83' title="bbox 2197 3532 3843 3606">
    <p class='ocr_par' dir='ltr' id='par_1_83' title="bbox 2197 3532 3843 3606">
     <span class='ocr_line' id='line_1_83' title="bbox 2197 3532 3843 3606; baseline -0.004 -18"><span class='ocrx_word' id='word_1_561' title='bbox 2197 3533 2472 3589; x_wconf 79' lang='grc' dir='ltr'>τουτέστιν</span> <span class='ocrx_word' id='word_1_562' title='bbox 2526 3532 2650 3588; x_wconf 83' lang='grc' dir='ltr'>ὅταν</span> <span class='ocrx_word' id='word_1_563' title='bbox 2709 3538 2788 3606; x_wconf 80' lang='grc' dir='ltr'>τῷ</span> <span class='ocrx_word' id='word_1_564' title='bbox 2848 3532 3218 3606; x_wconf 82' lang='grc' dir='ltr'>ἀκαταλήπτῳ</span> <span class='ocrx_word' id='word_1_565' title='bbox 3272 3537 3368 3588; x_wconf 93' lang='grc' dir='ltr'>τοῦ</span> <span class='ocrx_word' id='word_1_566' title='bbox 3427 3536 3561 3588; x_wconf 89' lang='grc' dir='ltr'>Θεοῦ</span> <span class='ocrx_word' id='word_1_567' title='bbox 3593 3532 3843 3587; x_wconf 78' lang='grc' dir='ltr'>πάντοθεν</span> 
     </span>
    </p>
   </div>
   <div class='ocr_carea' id='block_1_84' title="bbox 2200 3617 3584 3698">
    <p class='ocr_par' dir='ltr' id='par_1_84' title="bbox 2200 3617 3584 3698">
     <span class='ocr_line' id='line_1_84' title="bbox 2200 3617 3584 3698; baseline -0.001 -21"><span class='ocrx_word' id='word_1_568' title='bbox 2200 3626 2523 3698; x_wconf 81' lang='grc' dir='ltr'>περισχεθῇ,</span> <span class='ocrx_word' id='word_1_569' title='bbox 2554 3624 2678 3677; x_wconf 87' lang='grc' dir='ltr'>τότε</span> <span class='ocrx_word' id='word_1_570' title='bbox 2705 3617 3110 3696; x_wconf 76' lang='grc' dir='ltr'>καταλαμϐάνει</span> <span class='ocrx_word' id='word_1_571' title='bbox 3136 3623 3198 3677; x_wconf 88' lang='grc' dir='ltr'>τὸ</span> <span class='ocrx_word' id='word_1_572' title='bbox 3227 3620 3584 3695; x_wconf 86' lang='grc' dir='ltr'>ζητούμενον.</span> 
     </span>
    </p>
   </div>
   <div class='ocr_carea' id='block_1_85' title="bbox 2274 3798 3845 3875">
    <p class='ocr_par' dir='ltr' id='par_1_85' title="bbox 2274 3798 3845 3875">
     <span class='ocr_line' id='line_1_85' title="bbox 2274 3798 3845 3875; baseline -0.004 -18"><span class='ocrx_word' id='word_1_573' title='bbox 2274 3803 2407 3863; x_wconf 83' lang='grc' dir='ltr'>Ταῖς</span> <span class='ocrx_word' id='word_1_574' title='bbox 2462 3805 2723 3875; x_wconf 86' lang='grc' dir='ltr'>μετοχαῖς</span> <span class='ocrx_word' id='word_1_575' title='bbox 2775 3799 2988 3873; x_wconf 88' lang='grc' dir='ltr'>μόναις.</span> <span class='ocrx_word' id='word_1_576' title='bbox 3023 3800 3537 3875; x_wconf 84' lang='grc' dir='ltr'>Προσυπακουστέον</span> <span class='ocrx_word' id='word_1_577' title='bbox 3590 3798 3845 3870; x_wconf 82' lang='grc' dir='ltr'>ὀνόματα.</span> 
     </span>
    </p>
   </div>
   <div class='ocr_carea' id='block_1_86' title="bbox 2150 3886 3845 3967">
    <p class='ocr_par' dir='ltr' id='par_1_86' title="bbox 2150 3886 3845 3967">
     <span class='ocr_line' id='line_1_86' title="bbox 2150 3886 3845 3967; baseline -0.005 -23"><span class='ocrx_word' id='word_1_578' title='bbox 2150 3906 2153 3909; x_wconf 86' lang='grc'><em>’</em></span> <span class='ocrx_word' id='word_1_579' title='bbox 2203 3888 2458 3964; x_wconf 82' lang='grc' dir='ltr'>Μετοχάς</span> <span class='ocrx_word' id='word_1_580' title='bbox 2491 3887 2547 3943; x_wconf 89' lang='grc' dir='ltr'>δέ</span> <span class='ocrx_word' id='word_1_581' title='bbox 2596 3911 2777 3967; x_wconf 75' lang='grc' dir='ltr'>φησιν,</span> <span class='ocrx_word' id='word_1_582' title='bbox 2813 3891 2888 3944; x_wconf 84' lang='grc' dir='ltr'>ὧν</span> <span class='ocrx_word' id='word_1_583' title='bbox 2941 3890 3243 3964; x_wconf 78' lang='grc' dir='ltr'>μετέχομεν</span> <span class='ocrx_word' id='word_1_584' title='bbox 3284 3890 3382 3957; x_wconf 78' lang='grc' dir='ltr'>τὴν</span> <span class='ocrx_word' id='word_1_585' title='bbox 3432 3888 3483 3959; x_wconf 83' lang='grc' dir='ltr'>ἐξ</span> <span class='ocrx_word' id='word_1_586' title='bbox 3540 3889 3709 3943; x_wconf 75' lang='grc' dir='ltr'>αὐτοῦ</span> <span class='ocrx_word' id='word_1_587' title='bbox 3756 3886 3845 3939; x_wconf 79' lang='grc' dir='ltr'>τοῦ</span> 
     </span>
    </p>
   </div>
   <div class='ocr_carea' id='block_1_87' title="bbox 2201 3980 2650 4053">
    <p class='ocr_par' dir='ltr' id='par_1_87' title="bbox 2201 3980 2650 4053">
     <span class='ocr_line' id='line_1_87' title="bbox 2201 3980 2650 4053; baseline 0 -20"><span class='ocrx_word' id='word_1_588' title='bbox 2201 3982 2335 4033; x_wconf 88' lang='grc' dir='ltr'>Θεοῦ</span> <span class='ocrx_word' id='word_1_589' title='bbox 2367 3980 2650 4053; x_wconf 85' lang='grc' dir='ltr'>παροχήν.</span> 
     </span>
    </p>
   </div>
   <div class='ocr_carea' id='block_1_88' title="bbox 2276 4060 3848 4144">
    <p class='ocr_par' dir='ltr' id='par_1_88' title="bbox 2276 4060 3848 4144">
     <span class='ocr_line' id='line_1_88' title="bbox 2276 4060 3848 4144; baseline -0.004 -23"><span class='ocrx_word' id='word_1_590' title='bbox 2276 4067 2639 4144; x_wconf 74' lang='grc' dir='ltr'>Κρυφιότητα.</span> <span class='ocrx_word' id='word_1_591' title='bbox 2671 4069 2795 4124; x_wconf 83' lang='grc' dir='ltr'>’Ὁτι</span> <span class='ocrx_word' id='word_1_592' title='bbox 2826 4068 2913 4121; x_wconf 80' lang='grc' dir='ltr'>καὶ</span> <span class='ocrx_word' id='word_1_593' title='bbox 2944 4067 3005 4121; x_wconf 85' lang='grc' dir='ltr'>τὸ</span> <span class='ocrx_word' id='word_1_594' title='bbox 3042 4069 3171 4131; x_wconf 88' lang='grc' dir='ltr'>Θεὸς</span> <span class='ocrx_word' id='word_1_595' title='bbox 3218 4062 3392 4140; x_wconf 70' lang='grc' dir='ltr'>ὄνομα</span> <span class='ocrx_word' id='word_1_596' title='bbox 3441 4064 3503 4122; x_wconf 86' lang='grc' dir='ltr'>ού</span> <span class='ocrx_word' id='word_1_597' title='bbox 3555 4064 3724 4135; x_wconf 85' lang='grc' dir='ltr'>δηλοῖ</span> <span class='ocrx_word' id='word_1_598' title='bbox 3767 4060 3848 4115; x_wconf 88' lang='grc' dir='ltr'>ού-</span> 
     </span>
    </p>
   </div>
   <div class='ocr_carea' id='block_1_89' title="bbox 2204 4149 3847 4233">
    <p class='ocr_par' dir='ltr' id='par_1_89' title="bbox 2204 4149 3847 4233">
     <span class='ocr_line' id='line_1_89' title="bbox 2204 4149 3847 4233; baseline -0.005 -23"><span class='ocrx_word' id='word_1_599' title='bbox 2204 4154 2344 4225; x_wconf 87' lang='grc' dir='ltr'>σίαν,</span> <span class='ocrx_word' id='word_1_600' title='bbox 2380 4154 2507 4210; x_wconf 73' lang='grc' dir='ltr'>οὐδὲ</span> <span class='ocrx_word' id='word_1_601' title='bbox 2562 4156 2613 4209; x_wconf 92' lang='grc' dir='ltr'>τί</span> <span class='ocrx_word' id='word_1_602' title='bbox 2671 4156 2810 4211; x_wconf 84' lang='grc' dir='ltr'>ἐστιν</span> <span class='ocrx_word' id='word_1_603' title='bbox 2845 4158 2872 4211; x_wconf 86' lang='grc' dir='ltr'>ὁ</span> <span class='ocrx_word' id='word_1_604' title='bbox 2908 4156 3060 4225; x_wconf 85' lang='grc' dir='ltr'>Θεὸς,</span> <span class='ocrx_word' id='word_1_605' title='bbox 3088 4154 3214 4211; x_wconf 76' lang='grc' dir='ltr'>ἀλλ’</span> <span class='ocrx_word' id='word_1_606' title='bbox 3248 4155 3546 4233; x_wconf 77' lang='grc' dir='ltr'>εὐεργεσίαν</span> <span class='ocrx_word' id='word_1_607' title='bbox 3604 4174 3725 4209; x_wconf 88' lang='grc' dir='ltr'>τινα</span> <span class='ocrx_word' id='word_1_608' title='bbox 3777 4149 3847 4209; x_wconf 82' lang='grc' dir='ltr'>εἰς</span> 
     </span>
    </p>
   </div>
   <div class='ocr_carea' id='block_1_90' title="bbox 2203 4240 3847 4321">
    <p class='ocr_par' dir='ltr' id='par_1_90' title="bbox 2203 4240 3847 4321">
     <span class='ocr_line' id='line_1_90' title="bbox 2203 4240 3847 4321; baseline -0.004 -22"><span class='ocrx_word' id='word_1_609' title='bbox 2203 4249 2390 4319; x_wconf 76' lang='grc' dir='ltr'>ἡμᾶς·</span> <span class='ocrx_word' id='word_1_610' title='bbox 2424 4246 2513 4300; x_wconf 83' lang='grc' dir='ltr'>καὶ</span> <span class='ocrx_word' id='word_1_611' title='bbox 2572 4244 2654 4299; x_wconf 78' lang='grc' dir='ltr'>ὅτι</span> <span class='ocrx_word' id='word_1_612' title='bbox 2708 4246 2768 4300; x_wconf 90' lang='grc' dir='ltr'>ἐκ</span> <span class='ocrx_word' id='word_1_613' title='bbox 2822 4250 2932 4300; x_wconf 87' lang='grc' dir='ltr'>τῶν</span> <span class='ocrx_word' id='word_1_614' title='bbox 2967 4250 3217 4321; x_wconf 78' lang='grc' dir='ltr'>μετοχῶν</span> <span class='ocrx_word' id='word_1_615' title='bbox 3261 4250 3368 4299; x_wconf 83' lang='grc' dir='ltr'>τῶν</span> <span class='ocrx_word' id='word_1_616' title='bbox 3423 4246 3526 4299; x_wconf 80' lang='grc' dir='ltr'>ὑπὸ</span> <span class='ocrx_word' id='word_1_617' title='bbox 3570 4240 3667 4299; x_wconf 85' lang='grc' dir='ltr'>τοῦ</span> <span class='ocrx_word' id='word_1_618' title='bbox 3724 4240 3847 4295; x_wconf 82' lang='grc' dir='ltr'>Θεοῦ</span> 
     </span>
    </p>
   </div>
   <div class='ocr_carea' id='block_1_91' title="bbox 2206 4326 3847 4409">
    <p class='ocr_par' dir='ltr' id='par_1_91' title="bbox 2206 4326 3847 4409">
     <span class='ocr_line' id='line_1_91' title="bbox 2206 4326 3847 4409; baseline -0.002 -20"><span class='ocrx_word' id='word_1_619' title='bbox 2206 4333 2567 4409; x_wconf 84' lang='grc' dir='ltr'>δωρουμένων</span> <span class='ocrx_word' id='word_1_620' title='bbox 2620 4336 2780 4406; x_wconf 77' lang='grc' dir='ltr'>ἡμῖν,</span> <span class='ocrx_word' id='word_1_621' title='bbox 2835 4334 2925 4388; x_wconf 81' lang='grc' dir='ltr'>καὶ</span> <span class='ocrx_word' id='word_1_622' title='bbox 2982 4334 3075 4397; x_wconf 74' lang='grc' dir='ltr'>τὰς</span> <span class='ocrx_word' id='word_1_623' title='bbox 3150 4333 3273 4409; x_wconf 86' lang='grc' dir='ltr'>περὶ</span> <span class='ocrx_word' id='word_1_624' title='bbox 3350 4337 3483 4387; x_wconf 90' lang='grc' dir='ltr'>Θεοῦ</span> <span class='ocrx_word' id='word_1_625' title='bbox 3561 4326 3847 4403; x_wconf 75' lang='grc' dir='ltr'>ὀνομασίας</span> 
     </span>
    </p>
   </div>
   <div class='ocr_carea' id='block_1_92' title="bbox 2204 4417 3845 4495">
    <p class='ocr_par' dir='ltr' id='par_1_92' title="bbox 2204 4417 3845 4495">
     <span class='ocr_line' id='line_1_92' title="bbox 2204 4417 3845 4495; baseline -0.007 -17"><span class='ocrx_word' id='word_1_626' title='bbox 2204 4422 2511 4495; x_wconf 82' lang='grc' dir='ltr'>ποιούμεθα</span> <span class='ocrx_word' id='word_1_627' title='bbox 2543 4442 2556 4455; x_wconf 82' lang='lat'><strong><em>°</em></strong></span> <span class='ocrx_word' id='word_1_628' title='bbox 2589 4422 2651 4477; x_wconf 88' lang='grc' dir='ltr'>τὸ</span> <span class='ocrx_word' id='word_1_629' title='bbox 2711 4421 2768 4477; x_wconf 73' lang='grc' dir='ltr'>δὲ</span> <span class='ocrx_word' id='word_1_630' title='bbox 2821 4423 2873 4477; x_wconf 90' lang='grc' dir='ltr'>τί</span> <span class='ocrx_word' id='word_1_631' title='bbox 2905 4421 3043 4477; x_wconf 88' lang='grc' dir='ltr'>ἐστιν</span> <span class='ocrx_word' id='word_1_632' title='bbox 3078 4423 3105 4476; x_wconf 90' lang='grc' dir='ltr'>ὁ</span> <span class='ocrx_word' id='word_1_633' title='bbox 3137 4423 3289 4491; x_wconf 88' lang='grc' dir='ltr'>Θεὸς,</span> <span class='ocrx_word' id='word_1_634' title='bbox 3330 4420 3487 4475; x_wconf 79' lang='grc' dir='ltr'>πᾶσίν</span> <span class='ocrx_word' id='word_1_635' title='bbox 3544 4420 3684 4475; x_wconf 85' lang='grc' dir='ltr'>ἐστιν</span> <span class='ocrx_word' id='word_1_636' title='bbox 3738 4417 3845 4469; x_wconf 82' lang='grc' dir='ltr'>ἀνε-</span> 
     </span>
    </p>
   </div>
   <div class='ocr_carea' id='block_1_93' title="bbox 2207 4508 3845 4589">
    <p class='ocr_par' dir='ltr' id='par_1_93' title="bbox 2207 4508 3845 4589">
     <span class='ocr_line' id='line_1_93' title="bbox 2207 4508 3845 4589; baseline -0.002 -22"><span class='ocrx_word' id='word_1_637' title='bbox 2207 4512 2468 4582; x_wconf 87' lang='grc' dir='ltr'>πινόητον</span> <span class='ocrx_word' id='word_1_638' title='bbox 2504 4531 2516 4544; x_wconf 77' lang='grc'><strong><em>⁸</em></strong></span> <span class='ocrx_word' id='word_1_639' title='bbox 2552 4511 2641 4566; x_wconf 85' lang='grc' dir='ltr'>καὶ</span> <span class='ocrx_word' id='word_1_640' title='bbox 2671 4514 2771 4589; x_wconf 74' lang='grc' dir='ltr'>γὰρ</span> <span class='ocrx_word' id='word_1_641' title='bbox 2803 4515 2837 4581; x_wconf 75' lang='grc' dir='ltr'><strong>ἡ</strong></span> <span class='ocrx_word' id='word_1_642' title='bbox 2873 4512 2985 4576; x_wconf 85' lang='grc' dir='ltr'>θεία</span> <span class='ocrx_word' id='word_1_643' title='bbox 3033 4511 3277 4587; x_wconf 76' lang='grc' dir='ltr'>ὕπαρξις,</span> <span class='ocrx_word' id='word_1_644' title='bbox 3311 4509 3484 4574; x_wconf 68' lang='grc' dir='ltr'>οὕτως</span> <span class='ocrx_word' id='word_1_645' title='bbox 3540 4508 3700 4579; x_wconf 81' lang='grc' dir='ltr'>ἀξίως</span> <span class='ocrx_word' id='word_1_646' title='bbox 3753 4522 3845 4558; x_wconf 84' lang='grc' dir='ltr'>πο·</span> 
     </span>
    </p>
   </div>
   <div class='ocr_carea' id='block_1_94' title="bbox 446 4596 2082 4689">
    <p class='ocr_par' dir='ltr' id='par_1_94' title="bbox 446 4604 2082 4677">
     <span class='ocr_line' id='line_1_94' title="bbox 446 4604 2082 4677; baseline -0.001 -18"><span class='ocrx_word' id='word_1_647' title='bbox 446 4608 561 4672; x_wconf 88' lang='lat' dir='ltr'>tur,</span> <span class='ocrx_word' id='word_1_648' title='bbox 597 4605 833 4677; x_wconf 82' lang='lat' dir='ltr'>quando</span> <span class='ocrx_word' id='word_1_649' title='bbox 867 4604 938 4659; x_wconf 85' lang='lat' dir='ltr'>ab</span> <span class='ocrx_word' id='word_1_650' title='bbox 971 4604 1232 4660; x_wconf 87' lang='lat' dir='ltr'>efﬁcacia</span> <span class='ocrx_word' id='word_1_651' title='bbox 1262 4605 1420 4660; x_wconf 92' lang='lat' dir='ltr'>omni</span> <span class='ocrx_word' id='word_1_652' title='bbox 1450 4604 1818 4660; x_wconf 87' lang='lat' dir='ltr'>validissima</span> <span class='ocrx_word' id='word_1_653' title='bbox 1848 4608 1906 4661; x_wconf 91' lang='lat' dir='ltr'>et</span> <span class='ocrx_word' id='word_1_654' title='bbox 1930 4604 2082 4660; x_wconf 83' lang='lat' dir='ltr'>intel-</span> 
     </span>
    </p>
   </div>
   <div class='ocr_carea' id='block_1_95' title="bbox 2207 4596 3844 4689">
    <p class='ocr_par' dir='ltr' id='par_1_95' title="bbox 2207 4596 3844 4676">
     <span class='ocr_line' id='line_1_95' title="bbox 2207 4596 3844 4676; baseline -0.002 -21"><span class='ocrx_word' id='word_1_655' title='bbox 2207 4605 2313 4663; x_wconf 93' lang='grc' dir='ltr'>σῶς</span> <span class='ocrx_word' id='word_1_656' title='bbox 2376 4601 2773 4672; x_wconf 79' lang='grc' dir='ltr'>ὑμνηθήσεται,</span> <span class='ocrx_word' id='word_1_657' title='bbox 2832 4599 2921 4655; x_wconf 81' lang='grc' dir='ltr'>ὅτε</span> <span class='ocrx_word' id='word_1_658' title='bbox 2996 4600 3171 4671; x_wconf 83' lang='grc' dir='ltr'>πάσης</span> <span class='ocrx_word' id='word_1_659' title='bbox 3251 4598 3536 4676; x_wconf 79' lang='grc' dir='ltr'>ἐνεργείας,</span> <span class='ocrx_word' id='word_1_660' title='bbox 3594 4597 3683 4652; x_wconf 84' lang='grc' dir='ltr'>καὶ</span> <span class='ocrx_word' id='word_1_661' title='bbox 3752 4596 3844 4659; x_wconf 83' lang='grc' dir='ltr'>τῆς</span> 
     </span>
    </p>
   </div>
   <div class='ocr_carea' id='block_1_96' title="bbox 444 4692 2096 4765">
    <p class='ocr_par' dir='ltr' id='par_1_96' title="bbox 444 4692 2096 4765">
     <span class='ocr_line' id='line_1_96' title="bbox 444 4692 2096 4765; baseline 0 -16"><span class='ocrx_word' id='word_1_662' title='bbox 444 4693 662 4765; x_wconf 87' lang='lat' dir='ltr'>ligente</span> <span class='ocrx_word' id='word_1_663' title='bbox 694 4709 936 4765; x_wconf 88' lang='lat' dir='ltr'>prorsus</span> <span class='ocrx_word' id='word_1_664' title='bbox 967 4710 998 4748; x_wconf 82' lang='lat' dir='ltr'>a</span> <span class='ocrx_word' id='word_1_665' title='bbox 1032 4693 1200 4749; x_wconf 89' lang='lat' dir='ltr'>nobis</span> <span class='ocrx_word' id='word_1_666' title='bbox 1239 4692 1528 4763; x_wconf 85' lang='lat' dir='ltr'>absoluta,</span> <span class='ocrx_word' id='word_1_667' title='bbox 1582 4693 1867 4765; x_wconf 88' lang='lat' dir='ltr'>suscipiet</span> <span class='ocrx_word' id='word_1_668' title='bbox 1898 4710 2006 4749; x_wconf 90' lang='lat' dir='ltr'>nos</span> <span class='ocrx_word' id='word_1_669' title='bbox 2037 4694 2096 4749; x_wconf 90' lang='lat' dir='ltr'>in</span> 
     </span>
    </p>
   </div>
   <div class='ocr_carea' id='block_1_97' title="bbox 447 4780 2100 4854">
    <p class='ocr_par' dir='ltr' id='par_1_97' title="bbox 447 4780 2100 4854">
     <span class='ocr_line' id='line_1_97' title="bbox 447 4780 2100 4854; baseline -0.001 -15"><span class='ocrx_word' id='word_1_670' title='bbox 447 4786 650 4839; x_wconf 89' lang='lat' dir='ltr'>sancto</span> <span class='ocrx_word' id='word_1_671' title='bbox 681 4780 938 4849; x_wconf 87' lang='lat' dir='ltr'>silentio,</span> <span class='ocrx_word' id='word_1_672' title='bbox 970 4786 1228 4837; x_wconf 74' lang='lat' dir='ltr'>mentem</span> <span class='ocrx_word' id='word_1_673' title='bbox 1262 4782 1335 4837; x_wconf 91' lang='lat' dir='ltr'>iis</span> <span class='ocrx_word' id='word_1_674' title='bbox 1367 4799 1493 4854; x_wconf 85' lang='lat' dir='ltr'>quae</span> <span class='ocrx_word' id='word_1_675' title='bbox 1526 4781 1686 4837; x_wconf 90' lang='lat' dir='ltr'>illinc</span> <span class='ocrx_word' id='word_1_676' title='bbox 1718 4782 2100 4854; x_wconf 86' lang='lat' dir='ltr'>egrediuntur</span> 
     </span>
    </p>
   </div>
   <div class='ocr_carea' id='block_1_98' title="bbox 447 4870 2097 4943">
    <p class='ocr_par' dir='ltr' id='par_1_98' title="bbox 447 4870 2097 4943">
     <span class='ocr_line' id='line_1_98' title="bbox 447 4870 2097 4943; baseline -0.001 -16"><span class='ocrx_word' id='word_1_677' title='bbox 447 4872 617 4927; x_wconf 89' lang='lat' dir='ltr'>donis</span> <span class='ocrx_word' id='word_1_678' title='bbox 644 4871 989 4942; x_wconf 85' lang='lat' dir='ltr'>adjicientes</span> <span class='ocrx_word' id='word_1_679' title='bbox 1013 4888 1026 4925; x_wconf 91' lang='lat'><strong>:</strong></span> <span class='ocrx_word' id='word_1_680' title='bbox 1049 4870 1346 4927; x_wconf 87' lang='lat' dir='ltr'>voluntate</span> <span class='ocrx_word' id='word_1_681' title='bbox 1368 4872 1660 4943; x_wconf 88' lang='lat' dir='ltr'>siquidem</span> <span class='ocrx_word' id='word_1_682' title='bbox 1686 4888 1778 4927; x_wconf 84' lang='lat' dir='ltr'>res</span> <span class='ocrx_word' id='word_1_683' title='bbox 1808 4871 2097 4943; x_wconf 90' lang='lat' dir='ltr'>producit,</span> 
     </span>
    </p>
   </div>
   <div class='ocr_carea' id='block_1_99' title="bbox 450 4961 2097 5032">
    <p class='ocr_par' dir='ltr' id='par_1_99' title="bbox 450 4961 2097 5032">
     <span class='ocr_line' id='line_1_99' title="bbox 450 4961 2097 5032; baseline -0.001 -17"><span class='ocrx_word' id='word_1_684' title='bbox 450 4961 619 5017; x_wconf 88' lang='lat' dir='ltr'>nobis</span> <span class='ocrx_word' id='word_1_685' title='bbox 650 4962 898 5017; x_wconf 84' lang='lat' dir='ltr'>ﬁrmiter</span> <span class='ocrx_word' id='word_1_686' title='bbox 917 4961 977 5016; x_wconf 94' lang='lat' dir='ltr'>in</span> <span class='ocrx_word' id='word_1_687' title='bbox 999 4961 1211 5016; x_wconf 84' lang='lat' dir='ltr'>mentis</span> <span class='ocrx_word' id='word_1_688' title='bbox 1236 4964 1444 5016; x_wconf 70' lang='lat' dir='ltr'>nostra:</span> <span class='ocrx_word' id='word_1_689' title='bbox 1466 4962 1808 5016; x_wconf 82' lang='lat' dir='ltr'>confusione</span> <span class='ocrx_word' id='word_1_690' title='bbox 1830 4965 2097 5032; x_wconf 87' lang='lat' dir='ltr'>perstan-</span> 
     </span>
    </p>
   </div>
   <div class='ocr_carea' id='block_1_100' title="bbox 448 5049 2100 5123">
    <p class='ocr_par' dir='ltr' id='par_1_100' title="bbox 448 5049 2100 5123">
     <span class='ocr_line' id='line_1_100' title="bbox 448 5049 2100 5123; baseline 0.001 -21"><span class='ocrx_word' id='word_1_691' title='bbox 448 5049 630 5118; x_wconf 86' lang='lat' dir='ltr'>tibus,</span> <span class='ocrx_word' id='word_1_692' title='bbox 683 5066 860 5121; x_wconf 86' lang='lat' dir='ltr'>quam</span> <span class='ocrx_word' id='word_1_693' title='bbox 922 5049 1095 5123; x_wconf 88' lang='lat' dir='ltr'>paulo</span> <span class='ocrx_word' id='word_1_694' title='bbox 1145 5053 1282 5106; x_wconf 88' lang='lat' dir='ltr'>ante</span> <span class='ocrx_word' id='word_1_695' title='bbox 1337 5050 1584 5119; x_wconf 87' lang='lat' dir='ltr'>vocavit,</span> <span class='ocrx_word' id='word_1_696' title='bbox 1626 5049 1996 5121; x_wconf 77' lang='lat' dir='ltr'>cognitionem</span> <span class='ocrx_word' id='word_1_697' title='bbox 2038 5050 2100 5105; x_wconf 85' lang='lat' dir='ltr'>in</span> 
     </span>
    </p>
   </div>
   <div class='ocr_carea' id='block_1_101' title="bbox 450 5135 799 5209">
    <p class='ocr_par' dir='ltr' id='par_1_101' title="bbox 450 5135 799 5209">
     <span class='ocr_line' id='line_1_101' title="bbox 450 5135 799 5209; baseline 0.011 -19"><span class='ocrx_word' id='word_1_698' title='bbox 450 5135 799 5209; x_wconf 84' lang='lat' dir='ltr'>ignorantia.</span> 
     </span>
    </p>
   </div>
   <div class='ocr_carea' id='block_1_102' title="bbox 524 5227 2102 5301">
    <p class='ocr_par' dir='ltr' id='par_1_102' title="bbox 524 5227 2102 5301">
     <span class='ocr_line' id='line_1_102' title="bbox 524 5227 2102 5301; baseline 0.001 -20"><span class='ocrx_word' id='word_1_699' title='bbox 524 5228 758 5283; x_wconf 74' lang='lat' dir='ltr'>Rursum</span> <span class='ocrx_word' id='word_1_700' title='bbox 799 5228 1022 5301; x_wconf 85' lang='lat' dir='ltr'>quidem</span> <span class='ocrx_word' id='word_1_701' title='bbox 1071 5244 1185 5286; x_wconf 74' lang='lat' dir='ltr'>esse</span> <span class='ocrx_word' id='word_1_702' title='bbox 1229 5227 1508 5301; x_wconf 81' lang='lat' dir='ltr'>originem</span> <span class='ocrx_word' id='word_1_703' title='bbox 1551 5244 1643 5285; x_wconf 80' lang='lat' dir='ltr'>seu</span> <span class='ocrx_word' id='word_1_704' title='bbox 1690 5230 1918 5300; x_wconf 78' lang='lat' dir='ltr'>fontem.</span> <span class='ocrx_word' id='word_1_705' title='bbox 1950 5230 2102 5283; x_wconf 89' lang='lat' dir='ltr'>Nota</span> 
     </span>
    </p>
   </div>
   <div class='ocr_carea' id='block_1_103' title="bbox 527 5408 1023 5481">
    <p class='ocr_par' dir='ltr' id='par_1_103' title="bbox 527 5408 1023 5481">
     <span class='ocr_line' id='line_1_103' title="bbox 527 5408 1023 5481; baseline 0.002 -18"><span class='ocrx_word' id='word_1_706' title='bbox 527 5409 607 5481; x_wconf 85' lang='lat' dir='ltr'>(y)</span> <span class='ocrx_word' id='word_1_707' title='bbox 640 5408 663 5464; x_wconf 94' lang='grc' dir='ltr'><strong>Ι</strong></span> <span class='ocrx_word' id='word_1_708' title='bbox 693 5411 861 5464; x_wconf 88' lang='lat' dir='ltr'>Joan.</span> <span class='ocrx_word' id='word_1_709' title='bbox 899 5410 1023 5479; x_wconf 79' lang='lat'>1,1.</span> 
     </span>
    </p>
   </div>
   <div class='ocr_carea' id='block_1_104' title="bbox 2210 4678 3844 4765">
    <p class='ocr_par' dir='ltr' id='par_1_104' title="bbox 2210 4678 3844 4765">
     <span class='ocr_line' id='line_1_104' title="bbox 2210 4678 3844 4765; baseline -0.007 -21"><span class='ocrx_word' id='word_1_710' title='bbox 2210 4688 2672 4765; x_wconf 83' lang='grc' dir='ltr'>δραστικωτάτης,</span> <span class='ocrx_word' id='word_1_711' title='bbox 2713 4695 2903 4765; x_wconf 76' lang='grc' dir='ltr'>νοερᾶς</span> <span class='ocrx_word' id='word_1_712' title='bbox 2956 4686 3032 4758; x_wconf 73' lang='grc' dir='ltr'>δὲ,</span> <span class='ocrx_word' id='word_1_713' title='bbox 3066 4691 3280 4749; x_wconf 80' lang='grc' dir='ltr'>πάντως</span> <span class='ocrx_word' id='word_1_714' title='bbox 3332 4689 3416 4765; x_wconf 75' lang='grc' dir='ltr'>ὑφ’</span> <span class='ocrx_word' id='word_1_715' title='bbox 3444 4689 3608 4760; x_wconf 76' lang='grc' dir='ltr'>ἡμῶν</span> <span class='ocrx_word' id='word_1_716' title='bbox 3652 4678 3844 4739; x_wconf 81' lang='grc' dir='ltr'>ἀπολυ-</span> 
     </span>
    </p>
   </div>
   <div class='ocr_carea' id='block_1_105' title="bbox 2210 4770 3846 4853">
    <p class='ocr_par' dir='ltr' id='par_1_105' title="bbox 2210 4770 3846 4853">
     <span class='ocr_line' id='line_1_105' title="bbox 2210 4770 3846 4853; baseline -0.004 -21"><span class='ocrx_word' id='word_1_717' title='bbox 2210 4785 2380 4848; x_wconf 87' lang='grc' dir='ltr'>θεῖσα,</span> <span class='ocrx_word' id='word_1_718' title='bbox 2414 4775 2615 4847; x_wconf 79' lang='grc' dir='ltr'>δέξεται</span> <span class='ocrx_word' id='word_1_719' title='bbox 2673 4780 2821 4851; x_wconf 79' lang='grc' dir='ltr'>ἡμᾶς</span> <span class='ocrx_word' id='word_1_720' title='bbox 2879 4774 2968 4832; x_wconf 81' lang='grc' dir='ltr'>διὰ</span> <span class='ocrx_word' id='word_1_721' title='bbox 3026 4784 3178 4853; x_wconf 79' lang='grc' dir='ltr'>σιγῆς</span> <span class='ocrx_word' id='word_1_722' title='bbox 3235 4775 3409 4852; x_wconf 82' lang='grc' dir='ltr'>ἁγίας,</span> <span class='ocrx_word' id='word_1_723' title='bbox 3461 4770 3846 4830; x_wconf 75' lang='grc' dir='ltr'>ἐπιϐάλλοντας</span> 
     </span>
    </p>
   </div>
   <div class='ocr_carea' id='block_1_106' title="bbox 2191 4850 3845 4945">
    <p class='ocr_par' dir='ltr' id='par_1_106' title="bbox 2191 4850 3845 4945">
     <span class='ocr_line' id='line_1_106' title="bbox 2191 4850 3845 4945; baseline -0.005 -22"><span class='ocrx_word' id='word_1_724' title='bbox 2191 4850 2325 4929; x_wconf 41' lang='grc' dir='ltr'>’ταῖς</span> <span class='ocrx_word' id='word_1_725' title='bbox 2359 4866 2556 4945; x_wconf 83' lang='grc' dir='ltr'>ἐκεῖθεν</span> <span class='ocrx_word' id='word_1_726' title='bbox 2591 4850 2948 4945; x_wconf 11' lang='grc' dir='ltr'>ἐκφογιτώσαις</span> <span class='ocrx_word' id='word_1_727' title='bbox 2991 4850 3217 4940; x_wconf 78' lang='grc' dir='ltr'>δωρεαῖς</span> <span class='ocrx_word' id='word_1_728' title='bbox 3246 4850 3575 4937; x_wconf 78' lang='grc' dir='ltr'>’θελήματι</span> <span class='ocrx_word' id='word_1_729' title='bbox 3632 4863 3729 4937; x_wconf 75' lang='grc' dir='ltr'>γὰρ</span> <span class='ocrx_word' id='word_1_730' title='bbox 3784 4854 3845 4909; x_wconf 69' lang='grc' dir='ltr'>τὰ</span> 
     </span>
    </p>
   </div>
   <div class='ocr_carea' id='block_1_107' title="bbox 2211 4944 3845 5032">
    <p class='ocr_par' dir='ltr' id='par_1_107' title="bbox 2211 4944 3845 5032">
     <span class='ocr_line' id='line_1_107' title="bbox 2211 4944 3845 5032; baseline -0.004 -20"><span class='ocrx_word' id='word_1_731' title='bbox 2211 4953 2338 5012; x_wconf 71' lang='grc' dir='ltr'>ὄντα</span> <span class='ocrx_word' id='word_1_732' title='bbox 2368 4944 2617 5032; x_wconf 76' lang='grc' dir='ltr'>παράγει,</span> <span class='ocrx_word' id='word_1_733' title='bbox 2651 4944 2886 5011; x_wconf 83' lang='grc' dir='ltr'>στάντων</span> <span class='ocrx_word' id='word_1_734' title='bbox 2921 4959 3083 5028; x_wconf 74' lang='grc' dir='ltr'>ἡμῶν</span> <span class='ocrx_word' id='word_1_735' title='bbox 3119 4951 3351 5031; x_wconf 78' lang='grc' dir='ltr'>βεϐαίως</span> <span class='ocrx_word' id='word_1_736' title='bbox 3380 4953 3430 5008; x_wconf 92' lang='grc' dir='ltr'>ἐν</span> <span class='ocrx_word' id='word_1_737' title='bbox 3462 4958 3531 5027; x_wconf 77' lang='grc' dir='ltr'>τῇ</span> <span class='ocrx_word' id='word_1_738' title='bbox 3574 4955 3670 5008; x_wconf 86' lang='grc' dir='ltr'>τοῦ</span> <span class='ocrx_word' id='word_1_739' title='bbox 3710 4951 3845 5018; x_wconf 81' lang='grc' dir='ltr'>ἡμε-</span> 
     </span>
    </p>
   </div>
   <div class='ocr_carea' id='block_1_108' title="bbox 2209 5040 3840 5122">
    <p class='ocr_par' dir='ltr' id='par_1_108' title="bbox 2209 5040 3840 5122">
     <span class='ocr_line' id='line_1_108' title="bbox 2209 5040 3840 5122; baseline -0.006 -21"><span class='ocrx_word' id='word_1_740' title='bbox 2209 5046 2369 5122; x_wconf 84' lang='grc' dir='ltr'>τέρου</span> <span class='ocrx_word' id='word_1_741' title='bbox 2400 5051 2492 5100; x_wconf 91' lang='grc' dir='ltr'>νοῦ</span> <span class='ocrx_word' id='word_1_742' title='bbox 2523 5044 2852 5122; x_wconf 84' lang='grc' dir='ltr'>ἀδιακρισίᾳ,</span> <span class='ocrx_word' id='word_1_743' title='bbox 2885 5047 2945 5115; x_wconf 85' lang='grc' dir='ltr'>ἣν</span> <span class='ocrx_word' id='word_1_744' title='bbox 2988 5042 3210 5101; x_wconf 80' lang='grc' dir='ltr'>ἐκάλεσε</span> <span class='ocrx_word' id='word_1_745' title='bbox 3256 5044 3361 5118; x_wconf 91' lang='grc' dir='ltr'>πρὸ</span> <span class='ocrx_word' id='word_1_746' title='bbox 3414 5046 3611 5120; x_wconf 90' lang='grc' dir='ltr'>μικροῦ</span> <span class='ocrx_word' id='word_1_747' title='bbox 3657 5040 3840 5115; x_wconf 80' lang='grc' dir='ltr'>γνῶσιν</span> 
     </span>
    </p>
   </div>
   <div class='ocr_carea' id='block_1_109' title="bbox 2210 5135 2552 5212">
    <p class='ocr_par' dir='ltr' id='par_1_109' title="bbox 2210 5135 2552 5212">
     <span class='ocr_line' id='line_1_109' title="bbox 2210 5135 2552 5212; baseline 0.003 -22"><span class='ocrx_word' id='word_1_748' title='bbox 2210 5136 2263 5191; x_wconf 88' lang='grc' dir='ltr'>ἐν</span> <span class='ocrx_word' id='word_1_749' title='bbox 2294 5135 2552 5212; x_wconf 75' lang='grc' dir='ltr'>ἀγνωσία.</span> 
     </span>
    </p>
   </div>
   <div class='ocr_carea' id='block_1_110' title="bbox 2284 5218 3844 5299">
    <p class='ocr_par' dir='ltr' id='par_1_110' title="bbox 2284 5218 3844 5299">
     <span class='ocr_line' id='line_1_110' title="bbox 2284 5218 3844 5299; baseline -0.007 -17"><span class='ocrx_word' id='word_1_750' title='bbox 2284 5224 2477 5295; x_wconf 67' lang='grc' dir='ltr'>Πάλιν,</span> <span class='ocrx_word' id='word_1_751' title='bbox 2525 5223 2607 5279; x_wconf 76' lang='grc' dir='ltr'>ὅτι</span> <span class='ocrx_word' id='word_1_752' title='bbox 2669 5222 2761 5298; x_wconf 73' lang='grc' dir='ltr'>μὲν</span> <span class='ocrx_word' id='word_1_753' title='bbox 2821 5222 2933 5279; x_wconf 70' lang='grc' dir='ltr'>ἐστι</span> <span class='ocrx_word' id='word_1_754' title='bbox 2990 5222 3221 5299; x_wconf 83' lang='grc' dir='ltr'>πηγαία.</span> <span class='ocrx_word' id='word_1_755' title='bbox 3279 5220 3594 5296; x_wconf 88' lang='grc' dir='ltr'>Σημείωσαι</span> <span class='ocrx_word' id='word_1_756' title='bbox 3640 5218 3706 5274; x_wconf 81' lang='grc' dir='ltr'>τὰ</span> <span class='ocrx_word' id='word_1_757' title='bbox 3766 5231 3844 5266; x_wconf 82' lang='grc' dir='ltr'>σε·</span> 
     </span>
    </p>
   </div>
   <div class='ocr_carea' id='block_1_111' title="bbox 1446 5530 2854 5591">
    <p class='ocr_par' dir='ltr' id='par_1_111' title="bbox 1446 5530 2854 5591">
     <span class='ocr_line' id='line_1_111' title="bbox 1446 5530 2854 5591; baseline -0.002 -3"><span class='ocrx_word' id='word_1_758' title='bbox 1446 5535 1688 5591; x_wconf 65' lang='grc' dir='ltr'>νΑΗΙίΕ</span> <span class='ocrx_word' id='word_1_759' title='bbox 1728 5532 2127 5589; x_wconf 85' lang='lat' dir='ltr'>LEGTIONES</span> <span class='ocrx_word' id='word_1_760' title='bbox 2166 5532 2257 5588; x_wconf 92' lang='lat' dir='ltr'><strong>ET</strong></span> <span class='ocrx_word' id='word_1_761' title='bbox 2295 5530 2854 5589; x_wconf 83' lang='lat' dir='ltr'>CORRECTIONES.</span> 
     </span>
    </p>
   </div>
   <div class='ocr_carea' id='block_1_112' title="bbox 528 5697 1617 5775">
    <p class='ocr_par' dir='ltr' id='par_1_112' title="bbox 528 5697 1617 5775">
     <span class='ocr_line' id='line_1_112' title="bbox 528 5697 1617 5775; baseline 0.004 -22"><span class='ocrx_word' id='word_1_762' title='bbox 528 5700 549 5736; x_wconf 82' lang='grc'><strong>⁹</strong></span> <span class='ocrx_word' id='word_1_763' title='bbox 576 5718 663 5775; x_wconf 90' lang='grc' dir='ltr'>γρ.</span> <span class='ocrx_word' id='word_1_764' title='bbox 693 5697 769 5763; x_wconf 73' lang='grc' dir='ltr'>εἰς</span> <span class='ocrx_word' id='word_1_765' title='bbox 801 5700 899 5771; x_wconf 77' lang='grc' dir='ltr'>τὴν</span> <span class='ocrx_word' id='word_1_766' title='bbox 934 5697 1177 5756; x_wconf 78' lang='grc' dir='ltr'>εὐδοκίαν</span> <span class='ocrx_word' id='word_1_767' title='bbox 1207 5699 1294 5755; x_wconf 79' lang='grc' dir='ltr'>καὶ</span> <span class='ocrx_word' id='word_1_768' title='bbox 1332 5698 1617 5774; x_wconf 85' lang='grc' dir='ltr'>βούλησιν.</span> 
     </span>
    </p>
   </div>
  </div>
