4080 6366
171 352 255 405 225

871 340 932 393 Β.
974 338 1244 392 MAXIMI
1284 334 1586 391 SCHOLIA
1624 335 1697 387 IN
1738 334 1870 386 LIB.
1913 336 2005 389 DE
2044 338 2319 392 DIVINIS
2357 339 2772 393 NOMINIBUS.

3427 334 3535 391 226

171 473 344 547 ϐάσμια
397 466 482 523 καὶ
534 460 729 540 φρικτὰ
778 459 865 515 ἐπὶ
920 466 1020 529 τῆς
1070 457 1345 547 ἀχράντου
1393 453 1776 547 Τριάδοςᾲόνόξ

1914 463 2226 518 Veneranda
2272 466 2329 518 et
2372 463 2667 519 horrenda
2716 461 3046 534 purissimae
3095 462 3400 520 Trinitatis
3431 480 3539 520 no-

176 544 307 637 nne,
338 557 413 613 ὅτι
463 551 666 627 πηγαία
699 550 889 619 θεότης
923 550 950 603 ὁ
997 551 1203 624 Ηατήρο
1241 549 1267 602 ὁ
1298 544 1357 637 δε
1384 547 1511 609 Υἱὸς
1567 545 1655 637 καὶ
1711 545 1773 599 τὸ

173 631 356 722 Πνεῦμα
382 646 440 700 τὸ
461 645 607 717 ἅγιον
666 640 891 715 βλαστοί
927 638 1028 694 εἰσι
1058 645 1158 707 τῆς
1189 631 1443 711 θεογόνου
1484 635 1774 706 Θεότητος,

172 740 375 797 τουτὲστι
405 737 496 788 τοῦ
545 729 773 803 Πατρὸς,
829 727 1104 802 Θεόφυτοι,
1165 727 1253 781 καὶ
1314 724 1472 795 ἄνθη,
1503 723 1590 779 καὶ
1623 728 1778 802 φῶτα

174 824 442 902 ὑπιρούσια.
485 816 713 879 Μᾶλλον
768 815 825 872 δὲ
878 816 1147 893 βλαστοὺς
1196 816 1358 893 φησὶν
1420 813 1665 889 εξ⁷ρῆσθαι
1703 812 1775 902 -ἐν

170 900 411 989 τῇῘ’ραφ·ῇ
466 909 572 964 ἀπὸ
624 913 725 975 τῆς
774 910 881 960 τῶν
933 904 1129 960 ἐλαιῶν
1185 901 1446 963 ὀπτασίας
1504 900 1778 989 Ζαχαρίου

172 1009 246 1060 τοῦ
271 988 533 1057 ἑνδεκάτου
582 1000 693 1050 τῶν
731 998 1050 1072 προφητῶν·
1090 991 1186 1047 δύο
1233 992 1337 1068 γὰρ
1386 988 1623 1052 κλάδους
1679 996 1780 1072 τῆς

174 1093 325 1154 ὶλαιας
354 1088 502 1168 φασὶν
537 1086 590 1141 οἱ
619 1070 1020 1158 Ἐδομήκοντα·
1054 1085 1106 1138 οἱ
1155 1080 1214 1137 δὲ
1261 1081 1426 1137 ἄλΑοι
1454 1070 1781 1156 ἓρμηνευταῖ

173 1181 371 1255 στάχυας
408 1177 494 1231 καὶ
545 1173 860 1251 βλαστούςο
924 1176 1079 1250 φῶτα
1128 1168 1205 1239 δὶ,
1261 1170 1311 1224 ἐν
1392 1172 1475 1232 οἷς
1546 1168 1781 1241 εἴρηται,

170 1253 343 1342 [latebat
372 1270 472 1321 τῶν
528 1264 725 1343 φώτων
786 1263 875 1317 καὶ
907 1265 1036 1324 Φῶς
1086 1260 1138 1315 ἐν
1173 1257 1375 1337 φωτός.
1431 1257 1664 1331 Πατριὸιν
1727 1253 1784 1310 δὲ

170 1360 285 1432 λίγει
334 1357 423 1426 τὴν
456 1353 621 1409 οἱονεὶ
672 1350 1003 1425 πατρότητα.
1042 1347 1322 1426 Ἐπιφέρει
1381 1351 1511 1421 γοῦν
1572 1345 1780 1413 υἱότης·

171 1447 377 1523 καὶγοῧν
434 1464 597 1521 φησιν
649 1443 676 1496 ὁ
717 1435 1073 1502 Ἀπόστολος·
1138 1439 1223 1508 Ἐξ
1273 1438 1334 1492 οὗ
1386 1440 1532 1490 πᾶσα
1586 1433 1788 1509 πατριὰ

175 1537 214 1591 ἐν
262 1521 454 1610 οὖρανῷ
509 1530 610 1586 κπὶ
664 1528 753 1585 ἐπὶ
812 1536 915 1605 γῆς
974 1528 1318 1600 ὀνομάζεται’
1379 1524 1439 1580 τὸ
1494 1524 1592 1599 γὰρ
1653 1521 1786 1578 εἶναί

172 1646 216 1680 τε
240 1622 449 1698 πατέρας
496 1620 593 1675 καὶ
639 1617 788 1681 υἱοὺς
845 1616 1199 1690 ὀνομάζεσθαι
1259 1612 1459 1679 ἄνωθεν
1521 1611 1787 1689 ἔρῥευσεν,

173 1714 217 1768 ἐκ
250 1717 333 1768 τοῦ
374 1710 584 1787 Πατρὸς
639 1711 732 1781 μὲν
767 1706 919 1785 φύσει
951 1709 1047 1761 τοῦ
1080 1706 1207 1759 ficii
1238 1701 1411 1765 ὄντος·
1472 1702 1680 1774 Πατρὸς
1732 1698 1790 1755 δὶ

174 1823 351 1857 παντων
408 1797 830 1874 δημιουργικῶς
890 1797 981 1851 καὶ
1036 1791 1439 1854 διδασκαλικῶς
1522 1790 1640 1846 ὅθεν
1698 1789 1787 1845 καὶ

175 1893 412 1963 ἀσώματοι
461 1889 558 1943 καὶ
589 1886 779 1957 νοητοί
810 1888 949 1941 θεῶν
974 1882 1202 1960 πατέρες
1230 1881 1319 1938 καί
1381 1882 1486 1936 υἱοί
1540 1877 1791 1934 διδασκα-

176 1979 314 2041 λικῶς
365 1978 451 2033 καὶ
515 1976 917 2051 ὑπερκειμένως
961 1972 1013 2029 ἰν
1074 1970 1333 2047 ἀγγέλοις
1390 1971 1480 2025 καὶ
1540 1966 1791 2037 δικαίοις,

178 2070 233 2129 ὡς
254 2068 330 2122 καὶ
361 2068 385 2121 ὁ
432 2062 777 2126 Ἀπὸστολος
810 2062 1000 2134 δηλοῖ,
1026 2062 1239 2117 πάντων
1272 2064 1381 2115 τῶν
1413 2060 1659 2134 πατέρων
1695 2055 1794 2133 ἄρ-

182 2176 338 2232 χοντος
381 2161 474 2210 τοῖ’)
535 2155 740 2228 κυρίως
810 2154 1041 2229 Πατρὸς,
1101 2153 1191 2206 ἅτε
1247 2152 1336 2204 καὶ
1386 2149 1484 2217 τὴν
1536 2147 1792 2216 τοιαύτην

184 2246 353 2318 μέθεξιν
386 2244 604 2314 δόντος,
654 2243 741 2297 καὶ
798 2242 1013 2296 πάντων
1072 2244 1177 2295 τῶν
1235 2240 1364 2293 υἱῶν
1405 2235 1673 2314 ἄρχοντος
1700 2240 1796 2291 τοῦ

178 2337 299 2403 Ποῦ,
355 2335 440 2389 ἅτε
494 2334 591 2389 καὶ
637 2332 800 2386 αὐτοῦ
836 2333 1099 2404 μεθεκτοῦ
1130 2327 1184 2383 ἐν
1216 2329 1393 2400 τούτῳ
1425 2326 1795 2402 γινομένου¹⁰,

176 2425 232 2485 ὡς
259 2421 401 2486 αίιτὸς
432 2442 621 2501 φησιν·
656 2420 1001 2499 Ἐφανέρωσά
1033 2440 1128 2473 σου
1158 2418 1218 2471 τὸ
1251 2412 1426 2489 ὄνομα
1453 2420 1568 2476 τοῖς
1598 2415 1801 2488 ἀνθρώ-

175 2533 291 2574 ποις·
321 2513 397 2567 ὅτι
429 2511 694 2568 καλεῖται
730 2511 915 2585 Πατὴρ
951 2509 979 2563 ὁ
1002 2507 1159 2562 αὐτὸν
1190 2503 1335 2581 ἔχων
1361 2506 1481 2560 rte».
1512 2505 1604 2559 τὸν
1632 2508 1799 2559 ταῦτα

173 2600 378 2659 εἰπόντα.

231 2872 348 2931 Τοῖς
395 2868 692 2928 αἱτιατοῖς.
746 2865 976 2920 Αἰτιατά
1024 2863 1132 2918 ἐστι
1163 2864 1335 2918 πάντα
1357 2861 1424 2917 τὰ
1453 2862 1803 2937 παραχθέντα

178 2957 234 3019 εἷς
258 2958 444 3029 κτίσιν,
486 2954 593 3012 εἷ’τε
622 2955 674 3011 ἒν
706 2954 939 3031 οὐρανῷ,
972 2951 1078 3008 ιῖίεε
1110 2952 1195 3007 ἐπὶ
1244 2959 1368 3028 γῆς’
1430 2948 1576 3006 αἷίτια
1625 2948 1683 3005 δὲ
1735 2952 1803 3005 τὰ

178 3047 430 3121 ὗπερόντα,
497 3044 775 3100 τουτέστιν
833 3044 887 3096 αἱ
934 3047 1080 3117 τρεῖς
1131 3039 1447 3103 ὑποστάσεις
1499 3043 1596 3109 τῆς
1654 3039 1804 3115 ἁγίας

178 3134 399 3210 Τριὰδος.
433 3133 732 3210 Πρόδηλον
766 3130 857 3186 οὖν
890 3130 972 3185 ὅτι
1032 3128 1259 3203 οὐδεμία
1289 3128 1546 3205 ἐμφερεια
1598 3127 1803 3183 τούτων

1888 549 2068 607 mina.
2107 552 2335 607 Patrem
2370 569 2499 609 esse
2529 553 2833 608 fontanam
2885 553 3295 624 divinitatem;
3328 552 3537 609 Filium

1885 654 2016 693 vero
2049 644 2104 695 et
2152 640 2437 713 Spiritum
2490 647 2763 696 sanctum
2811 641 3070 697 fecundae
3120 642 3362 699 Deitatis
3409 658 3541 699 esse

1886 730 2174 799 germina.
2208 730 2263 785 id
2297 735 2386 786 est
2418 730 2623 800 Patris,
2676 748 2711 786 a
2741 732 2849 786 Deo
2891 731 3177 802 producta,
3209 736 3259 787 et
3286 733 3445 802 ﬂores
3473 747 3538 786 ac

1888 818 2106 873 lumina
2138 836 2264 890 quae
2292 820 2529 875 essentia
2558 820 2852 892 superiora
2896 824 3044 876 sunt.
3079 821 3175 874 Ait
3204 825 3401 876 autem
3434 836 3535 893 po-

1886 906 2005 962 tius
2042 903 2332 980 βλαστοῦς,
2363 908 2867 980 germina,dictum
2889 925 3019 964 esse
3041 907 3101 963 in
3123 908 3445 979 Scriptura,
3467 926 3539 964 ex

1889 994 2110 1052 visione
2134 996 2418 1052 olivarum
2436 998 2729 1053 Zacharia:
2758 998 3177 1069 prophetarum
3203 996 3542 1067 undecimi;

1889 1087 2271 1159 Septuaginta
2303 1086 2458 1143 enim
2509 1088 2715 1142 dicunt
2764 1083 2859 1140 δύο
2905 1083 3168 1158 κλάδους,
3200 1088 3334 1143 duos
3364 1102 3548 1143 ramo:

1892 1174 2047 1230 oliva:
2079 1194 2097 1230 :
2131 1175 2230 1231 alii
2260 1193 2393 1232 vero
2426 1177 2779 1248 interpretes
2824 1174 3059 1250 στάχυας
3106 1174 3197 1229 καὶ
3253 1173 3545 1249 βλαστούς,

1890 1264 2074 1335 spicas
2103 1274 2156 1320 et
2191 1266 2450 1336 germina
2480 1284 2498 1319 :
2529 1265 2748 1320 lumina
2779 1282 2914 1322 vero
2946 1265 3005 1320 in
3053 1266 3270 1334 quibus
3318 1264 3545 1321 dictum

1894 1358 2003 1420 est,
2034 1353 2222 1409 Patris
2253 1355 2551 1419 luminum,
2598 1358 2656 1410 et
2684 1356 2869 1411 lumen
2920 1372 2994 1410 ea:
3044 1353 3276 1410 lumine.
3312 1353 3547 1428 Πατριάν

1894 1459 2029 1499 vero
2061 1443 2202 1499 dicit
2228 1443 2327 1510 τήν
2361 1443 2698 1515 πατρὸτητα,
2745 1444 2974 1500 scilicet
3000 1444 3417 1515 paternitatem.
3447 1443 3551 1498 Af-

1896 1531 2003 1586 fert
2036 1531 2214 1603 igitur
2235 1532 2559 1604 υἱὸτης,βιίἰ
2581 1535 2849 1589 rationem
2868 1550 2890 1595 ;
2921 1533 3189 1604 equidem
3212 1534 3295 1588 ait
3312 1535 3551 1605 Aposto-

1896 1620 1991 1677 lus
2025 1623 2143 1676 :Ex
2190 1639 2293 1693 quo
2326 1622 2504 1678 omnis
2544 1622 2854 1693 paternitas
2904 1621 2965 1677 in
3011 1622 3145 1677 cwlo
3192 1626 3245 1678 et
3292 1624 3352 1677 in
3401 1626 3552 1678 terra

1896 1711 2224 1765 nominatur
2254 1711 2327 1783 (κ)
2359 1729 2377 1766 :
2408 1712 2561 1766 ne
2596 1714 2789 1782 patres
2821 1712 2979 1766 enim
3009 1727 3163 1779 esse,
3192 1714 3248 1766 et
3278 1710 3430 1767 {ilics
3453 1727 3551 1767 no-

1900 1798 2135 1870 minari,
2168 1816 2422 1873 superne
2455 1799 2697 1856 deﬂuxit
2726 1826 2739 1869 ;
2776 1799 2912 1871 quia
2940 1817 3073 1856 vere
3124 1799 3306 1855 Filius
3346 1803 3436 1856 est
3483 1815 3553 1855 ex

1906 1887 2095 1957 Patre,
2139 1888 2243 1959 qui
2288 1891 2555 1944 omnium
2616 1895 2702 1944 est
2754 1888 2920 1943 Pater
2968 1888 3040 1943 ob
3097 1889 3453 1943 creationem
3496 1891 3555 1944 et

1904 1975 2229 2032 doctrinam
2254 1996 2267 2045 ;
2295 1978 2450 2032 unde
2470 1976 2797 2048 incorporei
2819 1982 2875 2032 et
2895 1976 3295 2049 intelligibiles
3309 1977 3554 2033 deorum

1906 2070 2099 2136 patres
2130 2069 2307 2137 atque
2336 2066 2442 2120 ﬁlii
2474 2070 2893 2137 praeceptorum
2930 2082 3091 2122 more
3120 2071 3176 2121 et
3206 2064 3558 2121 excellenter

1905 2153 1964 2208 in
1988 2153 2210 2225 angelis
2241 2159 2297 2209 et
2317 2154 2686 2226 justis,sicut
2715 2156 2891 2210 etiam
2924 2155 3243 2226 Apostolus
3274 2153 3557 2224 declarat,

1906 2241 2005 2299 illo
2029 2244 2296 2314 patribus
2319 2243 2597 2299 omnibus
2620 2244 2976 2315 principium
3002 2244 3177 2299 dante
3202 2244 3303 2315 qui
3326 2243 3560 2316 proprie

1906 2335 1996 2387 est
2026 2331 2375 2398 Pater,sicut
2405 2333 2455 2387 is
2487 2332 2585 2402 qui
2618 2332 2791 2387 talem
2826 2332 3421 2388 communicationem
3445 2332 3560 2387 lar-

1907 2419 2085 2491 gitur,
2145 2436 2209 2474 ao
2258 2419 2537 2474 omnibus
2588 2419 2726 2474 ﬁliis
2772 2420 2915 2475 Filio
2968 2419 3323 2492 principium
3357 2421 3559 2485 dante,

1908 2508 2063 2562 sicut
2086 2507 2207 2579 ipso
2231 2509 2481 2563 etiamin
2504 2507 2613 2562 hoc
2629 2507 3559 2580 participante,quemadmodum

1906 2595 2033 2668 ipse
2067 2596 2149 2651 ait
2181 2614 2193 2651 :
2229 2597 2575 2668 Manifestavi
2632 2612 2830 2653 nomen
2878 2600 3036 2652 tuum
3080 2597 3397 2653 hominibus
3431 2598 3507 2670 (a)
3539 2613 3560 2654 :

1908 2686 2064 2757 quod
2110 2690 2348 2741 vocetur
2405 2686 2570 2742 Pater
2618 2685 2669 2741 is
2718 2686 2818 2758 qui
2870 2686 3080 2742 Filium
3133 2686 3256 2742 haec
3287 2685 3554 2742 locutum

1909 2773 2106 2830 habet.

1980 2864 2287 2936 E/feetibus.
2322 2863 2567 2938 Effectus
2600 2867 2740 2921 sunt
2768 2865 2967 2921 omnia
2995 2864 3055 2919 in
3099 2865 3390 2920 creatione
3421 2878 3558 2936 pro-

1912 2953 2108 3019 ducta,
2142 2970 2245 3009 seu
2278 2953 2335 3008 in
2369 2952 2532 3024 ccelo,
2566 2970 2670 3009 seu
2702 2954 2761 3009 in
2796 2958 2969 3009 terra.
3003 2952 3203 3009 Causae
3254 2969 3389 3009 vero
3418 2956 3561 3008 sunt

1910 3040 2011 3097 illa
2042 3058 2168 3113 quae
2201 3042 2526 3099 eminenter
2556 3042 2880 3112 exsistunt;
2915 3042 2972 3097 id
3006 3049 3094 3098 est
3124 3046 3241 3098 tres
3292 3042 3558 3098 Persona

1912 3135 2127 3187 sanctis
2141 3131 2750 3203 Trinitatis.Perspicu
2761 3149 2854 3187 um
2875 3132 3054 3203 igitur
3067 3131 3289 3188 nullam
3307 3148 3436 3189 esse
3459 3130 3561 3186 ho-

178 3206 290 3299 πρὸς
332 3206 585 3295 ἄλληλα,
637 3221 820 3276 αἰτίων
874 3219 1007 3295 φησὶ
1058 3221 1143 3273 καὶ
1178 3220 1453 3275 αἶ’τιατῶν.
1487 3215 1685 3280 Καλῶς
1747 3214 1800 3273 δὲ

1915 3219 2211 3275 ruminter
2228 3237 2289 3275 se
2313 3220 3407 3293 similitudinem,causarum,inquit,et
3428 3220 3560 3276 ell'e-

179 3315 458 3384 προσέθηκε
487 3313 551 3366 τὸ
582 3309 957 3385 ἐνδεχομένας·
994 3307 1054 3363 οὐ
1086 3309 1190 3383 γὰρ
1222 3306 1447 3371 ἁπάσας.

260 3410 273 3421 .
316 3404 327 3420 ς
400 3403 430 3413 υ
502 3399 555 3433 _.,
775 3400 786 3419 ι
881 3401 904 3419 ..
1191 3419 1219 3433 ρ
1262 3401 1330 3433 -ρ
1456 3397 1469 3413 ς
1568 3397 1580 3416 ,
1740 3400 1765 3411 η.

234 3410 331 3458 hx:
364 3408 466 3476 ζῃν
502 3427 545 3456 ,τι
578 3422 660 3461 τις
694 3421 847 3478 φαιη.
906 3400 1004 3455 Οτι
1060 3418 1329 3473 περιδσω..
1385 3418 1472 3452 και
1524 3394 1806 3451 ουσιωδως

180 3492 469 3565 προσένεστι
520 3492 587 3544 τα
627 3495 734 3543 τῶν
785 3487 1038 3543 αἰτιατῶν
1093 3491 1211 3548 τοῖς
1271 3484 1485 3548 αἰτίοις.
1534 3489 1693 3541 ’Ὥστε
1746 3485 1807 3540 οὐ

178 3579 334 3643 καλῶς
368 3578 611 3655 λέγομεν
640 3581 733 3651 ζῇν
757 3576 847 3631 καὶ
880 3575 1201 3651 φωτίζεσθαι
1224 3576 1285 3629 τὸ
1319 3579 1484 3637 θεῖον·
1514 3578 1679 3629 τοῦτο
1708 3573 1809 3649 γὰρ

178 3674 254 3722 τοῦ
285 3674 375 3744 ζῇν
400 3672 553 3742 ἡμᾶς
577 3667 665 3721 καὶ
694 3665 1015 3744 φωτίζεσθαι
1041 3663 1233 3719 αἶ’τιον⁹
1256 3660 1536 3725 οὗσιωδῶς
1560 3662 1650 3717 οὖν
1674 3683 1809 3737 προ-

181 3759 356 3813 σὲνεστι
406 3762 489 3829 τῷ
549 3756 699 3827 θείῳ,
752 3755 885 3830 ἅπερ
932 3757 1065 3823 ἡμῖν
1108 3752 1243 3808 κατὰ
1274 3752 1453 3827 χάρινο
1488 3756 1648 3831 τοῦτο
1708 3753 1810 3827 γὰρ

182 3848 414 3917 σημαίνει
468 3844 532 3899 τὸ
590 3844 726 3898 κατᾶ
760 3842 989 3916 μέθεξιν·
1045 3840 1191 3916 λέγεί
1238 3843 1339 3916 γὰρ
1372 3842 1399 3895 ὁ
1454 3838 1811 3904 Ἀπὸστολος·

182 3935 352 4008 Χάριτι
420 3933 541 3989 ἐστέ
598 3931 947 4004 σεσωσμένοι,
1001 3930 1100 3985 καῖ’
1132 3933 1295 4002 ⁸ἡμεῖς
1355 3926 1449 4002 μὲν
1484 3929 1815 4001 σεσωσμένοι

182 4020 456 4097 λεγοίμεθα·
520 4022 681 4083 αὐτὸς
734 4018 791 4075 δὲ
840 4023 1000 4093 ἡμῶν
1038 4019 1233 4093 Σωτήρ
1278 4016 1409 4073 ἐστι.
1470 4018 1570 4074 Καὶ
1626 4016 1810 4072 πάλιν·

186 4112 303 4167 Ἀπὸ
376 4113 481 4188 γὰρ
553 4114 653 4165 τοῦ
714 4107 1092 4184 πληρώματος
1174 4106 1341 4161 αὐτοῦ
1400 4108 1564 4180 ἡμεῖς
1622 4106 1813 4169 πάντες

185 4197 334 4256 Elige
344 4223 462 4275 μιν.

244 4380 391 4447 §IX.
447 4375 630 4433 Ἀλλᾶ
680 4377 767 4431 καὶ
827 4375 889 4430 τὸ
942 4372 1116 4445 πάσης
1174 4372 1478 4449 θεολογίας.
1536 4376 1660 4431 ’Ὁτι
1695 4385 1817 4438 θεο-

186 4465 361 4540 λογίαν
408 4466 570 4522 καλεῖ
612 4466 679 4521 τὰ
710 4465 877 4538 [περὶ]
932 4470 1033 4533 τῆς
1075 4462 1554 4538 ἐνανθρωπήσεως·
1613 4463 1702 4518 καὶ
1735 4462 1817 4517 ὅτι

1915 3314 2138 3364 ctuum.
2175 3309 2347 3365 Recte
2378 3314 2569 3365 autem
2601 3310 2877 3381 apposuit
2906 3305 3424 3383 ἐνδεχομένας,ᾳαα8
3441 3324 3563 3382 p0:-

1917 3403 2085 3459 sunt;
2119 3413 2307 3469 neque
2337 3397 2493 3453 enim
2527 3414 2722 3453 omnes
2755 3414 2817 3453 se
2846 3398 3104 3453 referunt
3134 3397 3442 3469 imagines.

1987 3489 2051 3541 Et
2080 3487 2259 3542 vivere
2279 3490 2329 3541 si
2349 3488 2470 3557 quis
2491 3486 2890 3554 dixerit.Quod
2923 3488 3290 3543 abundanter
3308 3491 3361 3543 et
3380 3502 3567 3542 essen-

1919 3577 2128 3632 tialiter
2156 3592 2219 3631 ea
2248 3592 2373 3647 quae
2394 3584 2520 3631 sunt
2540 3576 2833 3648 eﬂ‘ectuum
2852 3581 2984 3632 ante
3012 3577 3342 3633 inexsistant
3362 3578 3567 3633 causis:

1919 3667 2048 3721 ideo
2080 3683 2195 3720 non
2226 3666 2372 3721 bene
2407 3666 2661 3722 dicimus
2694 3665 3058 3722 divinitatem
3092 3667 3280 3722 vivere
3310 3672 3366 3722 et
3397 3666 3570 3721 illus-

1922 3755 2060 3810 trari
2095 3771 2107 3811 :
2143 3755 2262 3810 haec
2294 3754 2448 3811 enim
2490 3754 2660 3810 nobis
2691 3772 2870 3810 causa
2919 3760 3006 3811 est
3056 3754 3282 3811 vivendi
3315 3760 3372 3810 et
3404 3754 3571 3811 illus-

1920 3844 2113 3900 trandi
2140 3864 2153 3913 ;
2186 3843 2580 3901 essentialiter
2611 3844 2792 3916 igitur
2822 3848 2956 3901 ante
3005 3844 3210 3900 insunt
3252 3844 3569 3915 divinitati,

1922 3952 2047 4003 quae
2073 3934 2238 3989 nobis
2264 3951 2363 4005 per
2380 3934 2627 4005 gratiam
2652 3951 2664 3989 :
2691 3933 2799 3990 hoc
2824 3934 2979 3989 enim
3014 3934 3307 4006 signiﬁcat
3324 3951 3423 4005 per
3441 3950 3571 4006 par-

1922 4024 2318 4095 ticipationem,
2381 4023 2520 4077 dicit
2552 4022 2707 4077 enim
2740 4022 3058 4094 Apostolus
3093 4040 3105 4077 :
3142 4023 3336 4079 Gratia
3365 4021 3582 4079 saluati

1922 4114 2051 4167 estis
2082 4112 2179 4182 (b),
2201 4116 2257 4167 et
2281 4129 2385 4167 nos
2410 4112 2647 4182 quidem
2669 4111 2878 4166 salvati
2903 4112 3191 4180 dicimur;
3225 4112 3349 4183 ipse
3371 4118 3578 4168 autem

1924 4200 2193 4254 Servator
2222 4205 2421 4255 noster
2450 4203 2558 4254 est.
2596 4200 2950 4270 Iterumque,
2974 4216 3104 4255 nam
3135 4215 3204 4254 ea:
3230 4200 3579 4271 plenitudine

1922 4289 2039 4360 ejus
2069 4306 2164 4345 nos
2197 4304 2383 4344 omnes
2412 4290 2723 4357 accepimus
2752 4288 2844 4359 (c).

1999 4377 2153 4448 §1X.
2190 4378 2334 4445 Quin
2363 4379 2534 4433 etiam
2581 4377 2637 4433 id
2667 4377 2807 4449 quod
2858 4380 2938 4433 est
2980 4378 3247 4433 universae
3275 4378 3576 4449 theologia.

1926 4466 2296 4537 Theologiam
2328 4471 2497 4523 vocat
2533 4483 2660 4539 quas
2703 4466 3254 4524 inhumanationem
3289 4470 3577 4539 tangunt;

182 4558 289 4609 καθ’
334 4559 483 4629 ἡμᾶς
518 4555 878 4619 θεοπλαστίαν
912 4554 1043 4627 φησί
1099 4554 1198 4622 τήν
1228 4557 1324 4606 τοῦ
1375 4550 1577 4627 Κυρίου
1637 4555 1800 4623 Ἰησοῑ

1929 4562 2066 4613 nota
2096 4558 2502 4629 insuper,eum
2532 4575 2741 4614 vocare
2771 4576 2840 4614 ex
2872 4564 3085 4614 natura
3116 4561 3317 4614 nostra
3345 4557 3584 4614 Deifica-

186 4646 464 4721 σάρκωσιν.
513 4648 689 4699 Ταῦτα
735 4642 870 4697 κατᾶ
900 4644 1270 4715 Νεστοριανῶν
1308 4640 1563 4714 μάλιστα,
1622 4642 1684 4695 τὸ
1732 4642 1833 4694 εἶιν-⁷

185 4730 377 4808 δρικῶς
407 4734 567 4789 αὐτὸν
613 4732 945 4801 οὐσιωθῆναι
995 4728 1193 4805 λέγειν·
1228 4728 1329 4805 ὅρα
1385 4726 1441 4783 δὲ
1501 4731 1582 4784 ὅτι
1633 4730 1825 4785 ἐκτῶν

186 4820 512 4898 παρθενικῶν
548 4822 794 4894 αἱμάτων
829 4820 961 4898 φησί
990 4818 1053 4872 τὸ
1084 4823 1244 4891 σῶμα
1270 4822 1365 4873 τοῦ
1389 4817 1593 4893 Κυρίου
1645 4820 1824 4889 Ἰησοῦ

192 4906 597 4981 ὂιαπλασθῆναι·
655 4909 972 4981 Σημείωσαι
1027 4905 1104 4977 δὲ,
1148 4912 1263 4971 πῶς
1320 4928 1472 4984 φησι,
1521 4902 1826 4983 πρεσϐυτᾶ-

188 5018 305 5061 too;
355 5000 611 5076 ἀγγέλους
663 4996 795 5053 εἶναί
824 5018 997 5069 τινας,
1045 4998 1132 5051 καὶ
1183 5000 1401 5070 πρῶτον
1459 4994 1646 5051 ωὐτῶν
1706 5018 1827 5051 τινα

193 5087 337 5145 εἶναι.
370 5091 517 5164 Λέγει
550 5088 608 5144 δὲ
638 5081 1031 5163 πρεσϐυτέρους
1062 5083 1326 5159 ἀγγέλους
1377 5086 1403 5138 ὁ
1446 5089 1587 5148 θεῖος
1644 5085 1824 5142 Ἰωάνα

192 5197 284 5246 vn;
310 5178 361 5232 ἐν
403 5181 470 5253 τῇ
503 5175 897 5250 Ἀποκαλύψει·
933 5175 1021 5230 καὶ
1071 5174 1205 5229 ἒπτᾶ
1236 5177 1371 5230 ιῖναι
1402 5173 1528 5236 τοὺς
1574 5176 1827 5249 πρώτους

260 5350 338 5423 (2.]
364 5352 571 5424 Ephes.
606 5369 692 5423 ιιι,
724 5352 809 5407 15.
914 5349 992 5422 (a)
1023 5350 1195 5406 Joan.
1226 5365 1366 5421 xvu,
1395 5350 1450 5403 6.

1527 5349 1602 5423 (b)
1634 5350 1844 5424 Ephes.
1876 5361 1940 5421 ιι,
1970 5354 2023 5409 8.

1930 4646 2149 4702 tionem
2190 4646 2418 4702 Domini
2465 4646 2607 4702 Jesu
2660 4648 3147 4703 incarnationem.
3182 4650 3310 4703 Haec
3330 4647 3585 4703 maxime

1936 4738 2138 4791 contra
2182 4735 2565 4791 Nestorianos
2588 4735 3003 4807 dicere,ipsum
3027 4740 3093 4792 ut
3115 4735 3413 4792 hominem
3440 4736 3588 4791 sub-

1936 4825 2213 4880 stantiam
2265 4826 2604 4897 accepisse:
2640 4825 2903 4896 observa,
2956 4842 3091 4881 eum
3133 4825 3324 4881 dicere
3371 4839 3583 4895 corpus

1940 4914 2165 4968 Domini
2212 4914 2375 4981 Jesu,
2431 4931 2500 4969 ex
2545 4914 2804 4986 virgineo
2852 4915 3221 4970 etformatum
3274 4912 3583 4985 sanguine.

1935 5002 2083 5057 Nota
2115 5004 2608 5074 porro,quomodo
2641 5003 2798 5059 dicat
2830 5021 2842 5058 :
2877 5004 3164 5074 quosdam
3194 5019 3320 5059 esse
3346 5000 3587 5074 angelos

1936 5091 2342 5162 dignissimos,
2373 5091 2752 5164 primumque
2780 5090 3015 5148 illorum
3068 5092 3386 5163 quemdam
3437 5105 3587 5148 esse.

1936 5184 2221 5238 Recenset
2251 5186 2447 5237 autem
2479 5182 2716 5239 divinus
2744 5182 3002 5238 Joannes
3030 5182 3087 5236 in
3119 5180 3467 5253 Apocalypsi
3498 5179 3593 5237 di-

2100 5354 2174 5426 (c)
2203 5354 2372 5411 Joan.
2406 5372 2446 5422 ι,
2479 5354 2567 5412 46.

1198 5518 1438 5577 νΑιιιιΕ
1479 5520 1868 5581 LECTIONES
1908 5525 1995 5580 ET
2032 5522 2588 5582 COBRECTIONES.

266 5648 315 5683 ¹⁶
339 5668 421 5724 γρ.
451 5647 605 5705 αὐτοὶ
638 5647 887 5723 μεθεκτοὶ
918 5645 977 5702 ἐκ
1002 5644 1201 5704 τούτου
1230 5646 1535 5723 γενόμενοι.
