  <div class='ocr_page' id='page_1' title='image "/cluster/home/n/w/nwhite01/storage/ocr_20150623/4/mdp.39015078384529/123.png"; bbox 0 0 4080 6366; ppageno 0'>
   <div class='ocr_carea' id='block_1_1' title="bbox 498 361 604 414">
    <p class='ocr_par' dir='ltr' id='par_1_1' title="bbox 498 361 604 414">
     <span class='ocr_line' id='line_1_1' title="bbox 498 361 604 414; baseline -0.009 0"><span class='ocrx_word' id='word_1_1' title='bbox 498 361 604 414; x_wconf 82' lang='grc'>227</span> 
     </span>
    </p>
   </div>
   <div class='ocr_carea' id='block_1_2' title="bbox 1320 354 3087 429">
    <p class='ocr_par' dir='ltr' id='par_1_2' title="bbox 1320 354 3087 429">
     <span class='ocr_line' id='line_1_2' title="bbox 1320 354 3087 429; baseline -0.001 -17"><span class='ocrx_word' id='word_1_2' title='bbox 1320 359 1685 412; x_wconf 84' lang='lat' dir='ltr'>APPENDIX</span> <span class='ocrx_word' id='word_1_3' title='bbox 1710 359 1819 429; x_wconf 76' lang='grc' dir='ltr'>ΔΔΙ)</span> <span class='ocrx_word' id='word_1_4' title='bbox 1854 357 2097 413; x_wconf 76' lang='lat' dir='ltr'>OPERA</span> <span class='ocrx_word' id='word_1_5' title='bbox 2132 358 2192 409; x_wconf 87' lang='lat' dir='ltr'>S.</span> <span class='ocrx_word' id='word_1_6' title='bbox 2233 354 2546 412; x_wconf 83' lang='lat' dir='ltr'>DIONYSII</span> <span class='ocrx_word' id='word_1_7' title='bbox 2588 360 3087 416; x_wconf 72' lang='lat' dir='ltr'>AREOPAGITE.</span> 
     </span>
    </p>
   </div>
   <div class='ocr_carea' id='block_1_3' title="bbox 3812 357 3919 414">
    <p class='ocr_par' dir='ltr' id='par_1_3' title="bbox 3812 357 3919 414">
     <span class='ocr_line' id='line_1_3' title="bbox 3812 357 3919 414; baseline 0 0"><span class='ocrx_word' id='word_1_8' title='bbox 3812 357 3919 414; x_wconf 88' lang='lat'>228</span> 
     </span>
    </p>
   </div>
   <div class='ocr_carea' id='block_1_4' title="bbox 494 474 2139 558">
    <p class='ocr_par' dir='ltr' id='par_1_4' title="bbox 494 478 2139 558">
     <span class='ocr_line' id='line_1_4' title="bbox 494 478 2139 558; baseline -0.005 -18"><span class='ocrx_word' id='word_1_9' title='bbox 494 483 811 558; x_wconf 84' lang='lat' dir='ltr'>gnissimos</span> <span class='ocrx_word' id='word_1_10' title='bbox 842 482 1101 555; x_wconf 84' lang='lat' dir='ltr'>angelos,</span> <span class='ocrx_word' id='word_1_11' title='bbox 1135 484 1191 538; x_wconf 91' lang='lat' dir='ltr'>et</span> <span class='ocrx_word' id='word_1_12' title='bbox 1222 484 1448 553; x_wconf 86' lang='lat' dir='ltr'>septem</span> <span class='ocrx_word' id='word_1_13' title='bbox 1480 497 1611 538; x_wconf 86' lang='lat' dir='ltr'>esse</span> <span class='ocrx_word' id='word_1_14' title='bbox 1643 479 1865 552; x_wconf 87' lang='lat' dir='ltr'>primos</span> <span class='ocrx_word' id='word_1_15' title='bbox 1893 478 2139 551; x_wconf 80' lang='lat' dir='ltr'>legimus</span> 
     </span>
    </p>
   </div>
   <div class='ocr_carea' id='block_1_5' title="bbox 2254 474 3920 558">
    <p class='ocr_par' dir='ltr' id='par_1_5' title="bbox 2258 474 3920 557">
     <span class='ocr_line' id='line_1_5' title="bbox 2258 474 3920 557; baseline 0.004 -26"><span class='ocrx_word' id='word_1_16' title='bbox 2258 476 2316 532; x_wconf 88' lang='grc' dir='ltr'>έν</span> <span class='ocrx_word' id='word_1_17' title='bbox 2346 482 2422 550; x_wconf 83' lang='grc' dir='ltr'>τῷ</span> <span class='ocrx_word' id='word_1_18' title='bbox 2452 474 2635 551; x_wconf 81' lang='grc' dir='ltr'>Τωϐίᾳ</span> <span class='ocrx_word' id='word_1_19' title='bbox 2668 479 3000 556; x_wconf 73' lang='grc' dir='ltr'>ἀνέγνωμεν,</span> <span class='ocrx_word' id='word_1_20' title='bbox 3045 478 3135 534; x_wconf 82' lang='grc' dir='ltr'>καὶ</span> <span class='ocrx_word' id='word_1_21' title='bbox 3195 478 3341 555; x_wconf 75' lang='grc' dir='ltr'>παρὰ</span> <span class='ocrx_word' id='word_1_22' title='bbox 3388 479 3677 553; x_wconf 84' lang='grc' dir='ltr'>Κλήμεντι</span> <span class='ocrx_word' id='word_1_23' title='bbox 3712 477 3920 557; x_wconf 76' lang='grc' dir='ltr'>βιϐλίῳ</span> 
     </span>
    </p>
   </div>
   <div class='ocr_carea' id='block_1_6' title="bbox 494 568 2145 644">
    <p class='ocr_par' dir='ltr' id='par_1_6' title="bbox 494 568 2145 644">
     <span class='ocr_line' id='line_1_6' title="bbox 494 568 2145 644; baseline -0.005 -15"><span class='ocrx_word' id='word_1_24' title='bbox 494 574 555 629; x_wconf 90' lang='lat' dir='ltr'>in</span> <span class='ocrx_word' id='word_1_25' title='bbox 585 574 785 640; x_wconf 90' lang='lat' dir='ltr'>Tobia,</span> <span class='ocrx_word' id='word_1_26' title='bbox 818 580 994 644; x_wconf 88' lang='lat' dir='ltr'>atque</span> <span class='ocrx_word' id='word_1_27' title='bbox 1024 571 1179 643; x_wconf 87' lang='lat' dir='ltr'>apud</span> <span class='ocrx_word' id='word_1_28' title='bbox 1211 570 1570 626; x_wconf 85' lang='lat' dir='ltr'>Clementem</span> <span class='ocrx_word' id='word_1_29' title='bbox 1618 569 1769 625; x_wconf 87' lang='lat' dir='ltr'>libro</span> <span class='ocrx_word' id='word_1_30' title='bbox 1796 568 2000 640; x_wconf 91' lang='lat' dir='ltr'>quinto</span> <span class='ocrx_word' id='word_1_31' title='bbox 2032 568 2145 638; x_wconf 86' lang='lat' dir='ltr'>Hy-</span> 
     </span>
    </p>
   </div>
   <div class='ocr_carea' id='block_1_7' title="bbox 488 659 2144 737">
    <p class='ocr_par' dir='ltr' id='par_1_7' title="bbox 488 659 2144 737">
     <span class='ocr_line' id='line_1_7' title="bbox 488 659 2144 737; baseline -0.005 -17"><span class='ocrx_word' id='word_1_32' title='bbox 488 661 1005 737; x_wconf 75' lang='lat' dir='ltr'>potyposeon.Solet</span> <span class='ocrx_word' id='word_1_33' title='bbox 1030 664 1226 716; x_wconf 79' lang='lat' dir='ltr'>autem</span> <span class='ocrx_word' id='word_1_34' title='bbox 1250 659 1635 732; x_wconf 82' lang='lat' dir='ltr'>dignissimos</span> <span class='ocrx_word' id='word_1_35' title='bbox 1658 659 1899 730; x_wconf 80' lang='lat' dir='ltr'>angelos</span> <span class='ocrx_word' id='word_1_36' title='bbox 1921 671 2144 728; x_wconf 86' lang='lat' dir='ltr'>vocare,</span> 
     </span>
    </p>
   </div>
   <div class='ocr_carea' id='block_1_8' title="bbox 495 745 2146 825">
    <p class='ocr_par' dir='ltr' id='par_1_8' title="bbox 495 745 2146 825">
     <span class='ocr_line' id='line_1_8' title="bbox 495 745 2146 825; baseline -0.006 -16"><span class='ocrx_word' id='word_1_37' title='bbox 495 768 807 825; x_wconf 87' lang='lat' dir='ltr'>supremos</span> <span class='ocrx_word' id='word_1_38' title='bbox 836 756 955 807; x_wconf 89' lang='lat' dir='ltr'>tres</span> <span class='ocrx_word' id='word_1_39' title='bbox 987 750 1242 820; x_wconf 84' lang='lat' dir='ltr'>ordines,</span> <span class='ocrx_word' id='word_1_40' title='bbox 1283 749 1550 813; x_wconf 84' lang='lat' dir='ltr'>thronos,</span> <span class='ocrx_word' id='word_1_41' title='bbox 1584 746 1905 818; x_wconf 85' lang='lat' dir='ltr'>serapbim,</span> <span class='ocrx_word' id='word_1_42' title='bbox 1939 745 2146 800; x_wconf 88' lang='lat' dir='ltr'>cheru-</span> 
     </span>
    </p>
   </div>
   <div class='ocr_carea' id='block_1_9' title="bbox 496 832 2149 910">
    <p class='ocr_par' dir='ltr' id='par_1_9' title="bbox 496 832 2149 910">
     <span class='ocr_line' id='line_1_9' title="bbox 496 832 2149 910; baseline -0.005 -13"><span class='ocrx_word' id='word_1_43' title='bbox 496 841 638 909; x_wconf 88' lang='lat' dir='ltr'>bim,</span> <span class='ocrx_word' id='word_1_44' title='bbox 672 842 825 897; x_wconf 81' lang='lat' dir='ltr'>sicut</span> <span class='ocrx_word' id='word_1_45' title='bbox 872 839 1131 895; x_wconf 73' lang='lat' dir='ltr'>declarat</span> <span class='ocrx_word' id='word_1_46' title='bbox 1175 838 1508 910; x_wconf 89' lang='lat' dir='ltr'>frequenter</span> <span class='ocrx_word' id='word_1_47' title='bbox 1539 836 1600 891; x_wconf 92' lang='lat' dir='ltr'>in</span> <span class='ocrx_word' id='word_1_48' title='bbox 1649 836 1800 891; x_wconf 88' lang='lat' dir='ltr'>libro</span> <span class='ocrx_word' id='word_1_49' title='bbox 1832 836 1907 891; x_wconf 83' lang='lat' dir='ltr'>De</span> <span class='ocrx_word' id='word_1_50' title='bbox 1935 832 2149 889; x_wconf 66' lang='lat' dir='ltr'>caelesti</span> 
     </span>
    </p>
   </div>
   <div class='ocr_carea' id='block_1_10' title="bbox 494 922 2144 995">
    <p class='ocr_par' dir='ltr' id='par_1_10' title="bbox 494 922 2144 995">
     <span class='ocr_line' id='line_1_10' title="bbox 494 922 2144 995; baseline -0.004 -12"><span class='ocrx_word' id='word_1_51' title='bbox 494 928 811 985; x_wconf 77' lang='lat' dir='ltr'>hierarchia</span> <span class='ocrx_word' id='word_1_52' title='bbox 843 944 863 984; x_wconf 90' lang='lat'><strong><em>:</em></strong></span> <span class='ocrx_word' id='word_1_53' title='bbox 893 927 1033 982; x_wconf 88' lang='lat' dir='ltr'>dicit</span> <span class='ocrx_word' id='word_1_54' title='bbox 1063 931 1259 982; x_wconf 91' lang='lat' dir='ltr'>autem</span> <span class='ocrx_word' id='word_1_55' title='bbox 1313 926 1422 980; x_wconf 85' lang='lat' dir='ltr'>hoc</span> <span class='ocrx_word' id='word_1_56' title='bbox 1468 924 1616 993; x_wconf 89' lang='lat' dir='ltr'>loco,</span> <span class='ocrx_word' id='word_1_57' title='bbox 1667 939 1856 995; x_wconf 91' lang='lat' dir='ltr'>neque</span> <span class='ocrx_word' id='word_1_58' title='bbox 1886 922 2144 995; x_wconf 89' lang='lat' dir='ltr'>primum</span> 
     </span>
    </p>
   </div>
   <div class='ocr_carea' id='block_1_11' title="bbox 494 1012 2142 1089">
    <p class='ocr_par' dir='ltr' id='par_1_11' title="bbox 494 1012 2142 1089">
     <span class='ocr_line' id='line_1_11' title="bbox 494 1012 2142 1089; baseline -0.004 -16"><span class='ocrx_word' id='word_1_59' title='bbox 494 1017 837 1089; x_wconf 82' lang='lat' dir='ltr'>angelorum</span> <span class='ocrx_word' id='word_1_60' title='bbox 878 1017 1028 1072; x_wconf 74' lang='lat'>111</span> <span class='ocrx_word' id='word_1_61' title='bbox 1065 1014 1302 1086; x_wconf 84' lang='lat' dir='ltr'>assequi</span> <span class='ocrx_word' id='word_1_62' title='bbox 1351 1029 1523 1086; x_wconf 81' lang='lat' dir='ltr'>posse</span> <span class='ocrx_word' id='word_1_63' title='bbox 1576 1012 1818 1068; x_wconf 90' lang='lat' dir='ltr'>modum</span> <span class='ocrx_word' id='word_1_64' title='bbox 1870 1012 2142 1067; x_wconf 85' lang='lat' dir='ltr'>inhuma-</span> 
     </span>
    </p>
   </div>
   <div class='ocr_carea' id='block_1_12' title="bbox 495 1106 772 1162">
    <p class='ocr_par' dir='ltr' id='par_1_12' title="bbox 495 1106 772 1162">
     <span class='ocr_line' id='line_1_12' title="bbox 495 1106 772 1162; baseline 0 -1"><span class='ocrx_word' id='word_1_65' title='bbox 495 1106 772 1162; x_wconf 81' lang='lat' dir='ltr'>nationis.</span> 
     </span>
    </p>
   </div>
   <div class='ocr_carea' id='block_1_13' title="bbox 563 1186 1912 1265">
    <p class='ocr_par' dir='ltr' id='par_1_13' title="bbox 563 1186 1912 1265">
     <span class='ocr_line' id='line_1_13' title="bbox 563 1186 1912 1265; baseline -0.006 -14"><span class='ocrx_word' id='word_1_66' title='bbox 563 1197 627 1251; x_wconf 82' lang='grc' dir='ltr'>Ει</span> <span class='ocrx_word' id='word_1_67' title='bbox 650 1195 718 1251; x_wconf 82' lang='lat' dir='ltr'>ab</span> <span class='ocrx_word' id='word_1_68' title='bbox 748 1194 977 1265; x_wconf 76' lang='lat' dir='ltr'>inclylo,</span> <span class='ocrx_word' id='word_1_69' title='bbox 1013 1192 1109 1248; x_wconf 92' lang='lat' dir='ltr'>Gr.</span> <span class='ocrx_word' id='word_1_70' title='bbox 1142 1191 1231 1244; x_wconf 81' lang='grc' dir='ltr'>καὶ</span> <span class='ocrx_word' id='word_1_71' title='bbox 1261 1192 1342 1261; x_wconf 78' lang='grc' dir='ltr'>τῷ</span> <span class='ocrx_word' id='word_1_72' title='bbox 1370 1186 1589 1259; x_wconf 83' lang='grc' dir='ltr'>κλεινῷ.</span> <span class='ocrx_word' id='word_1_73' title='bbox 1627 1188 1912 1245; x_wconf 84' lang='lat' dir='ltr'>Glorioso.</span> 
     </span>
    </p>
   </div>
   <div class='ocr_carea' id='block_1_14' title="bbox 563 1278 2145 1356">
    <p class='ocr_par' dir='ltr' id='par_1_14' title="bbox 563 1278 2145 1356">
     <span class='ocr_line' id='line_1_14' title="bbox 563 1278 2145 1356; baseline -0.004 -17"><span class='ocrx_word' id='word_1_74' title='bbox 563 1286 923 1356; x_wconf 76' lang='lat' dir='ltr'>Praeceptore.</span> <span class='ocrx_word' id='word_1_75' title='bbox 991 1283 1412 1353; x_wconf 84' lang='lat' dir='ltr'>Praeceptorem</span> <span class='ocrx_word' id='word_1_76' title='bbox 1483 1278 1809 1350; x_wconf 86' lang='lat' dir='ltr'>proprium,</span> <span class='ocrx_word' id='word_1_77' title='bbox 1872 1280 2145 1334; x_wconf 89' lang='lat' dir='ltr'>sanctum</span> 
     </span>
    </p>
   </div>
   <div class='ocr_carea' id='block_1_15' title="bbox 492 1366 2143 1440">
    <p class='ocr_par' dir='ltr' id='par_1_15' title="bbox 492 1366 2143 1440">
     <span class='ocr_line' id='line_1_15' title="bbox 492 1366 2143 1440; baseline -0.005 -10"><span class='ocrx_word' id='word_1_78' title='bbox 492 1373 867 1430; x_wconf 89' lang='lat' dir='ltr'>Hierotheum</span> <span class='ocrx_word' id='word_1_79' title='bbox 892 1369 1499 1440; x_wconf 84' lang='lat' dir='ltr'>insinuat,sicut,mox</span> <span class='ocrx_word' id='word_1_80' title='bbox 1524 1368 1780 1423; x_wconf 87' lang='lat' dir='ltr'>declarat</span> <span class='ocrx_word' id='word_1_81' title='bbox 1812 1384 1826 1422; x_wconf 88' lang='lat'>:</span> <span class='ocrx_word' id='word_1_82' title='bbox 1854 1366 2143 1437; x_wconf 85' lang='lat' dir='ltr'>siquidem</span> 
     </span>
    </p>
   </div>
   <div class='ocr_carea' id='block_1_16' title="bbox 492 1456 2145 1534">
    <p class='ocr_par' dir='ltr' id='par_1_16' title="bbox 492 1456 2145 1534">
     <span class='ocr_line' id='line_1_16' title="bbox 492 1456 2145 1534; baseline -0.005 -16"><span class='ocrx_word' id='word_1_83' title='bbox 492 1467 626 1534; x_wconf 90' lang='lat' dir='ltr'>post</span> <span class='ocrx_word' id='word_1_84' title='bbox 655 1465 928 1517; x_wconf 88' lang='lat' dir='ltr'>sanctum</span> <span class='ocrx_word' id='word_1_85' title='bbox 961 1457 1205 1514; x_wconf 89' lang='lat' dir='ltr'>Paulum</span> <span class='ocrx_word' id='word_1_86' title='bbox 1234 1458 1307 1512; x_wconf 89' lang='lat' dir='ltr'>ab</span> <span class='ocrx_word' id='word_1_87' title='bbox 1340 1457 1451 1512; x_wconf 91' lang='lat' dir='ltr'>hoc</span> <span class='ocrx_word' id='word_1_88' title='bbox 1474 1456 1717 1527; x_wconf 83' lang='lat' dir='ltr'>adjutus</span> <span class='ocrx_word' id='word_1_89' title='bbox 1738 1459 1827 1511; x_wconf 88' lang='lat' dir='ltr'>est</span> <span class='ocrx_word' id='word_1_90' title='bbox 1850 1476 1863 1525; x_wconf 90' lang='lat'><strong>;</strong></span> <span class='ocrx_word' id='word_1_91' title='bbox 1890 1456 2032 1511; x_wconf 87' lang='lat' dir='ltr'>dicit</span> <span class='ocrx_word' id='word_1_92' title='bbox 2048 1472 2145 1511; x_wconf 86' lang='lat' dir='ltr'>au-</span> 
     </span>
    </p>
   </div>
   <div class='ocr_carea' id='block_1_17' title="bbox 490 1544 2142 1623">
    <p class='ocr_par' dir='ltr' id='par_1_17' title="bbox 490 1544 2142 1623">
     <span class='ocr_line' id='line_1_17' title="bbox 490 1544 2142 1623; baseline -0.005 -15"><span class='ocrx_word' id='word_1_93' title='bbox 490 1556 608 1608; x_wconf 85' lang='lat' dir='ltr'>tem</span> <span class='ocrx_word' id='word_1_94' title='bbox 643 1551 798 1623; x_wconf 90' lang='lat' dir='ltr'>quod</span> <span class='ocrx_word' id='word_1_95' title='bbox 832 1547 1101 1605; x_wconf 82' lang='lat' dir='ltr'>fortassis</span> <span class='ocrx_word' id='word_1_96' title='bbox 1131 1550 1405 1618; x_wconf 87' lang='lat' dir='ltr'>expertus</span> <span class='ocrx_word' id='word_1_97' title='bbox 1438 1545 1535 1601; x_wconf 92' lang='lat' dir='ltr'>ille</span> <span class='ocrx_word' id='word_1_98' title='bbox 1567 1544 2142 1616; x_wconf 88' lang='lat' dir='ltr'>divina,itainspira-</span> 
     </span>
    </p>
   </div>
   <div class='ocr_carea' id='block_1_18' title="bbox 487 1634 2143 1710">
    <p class='ocr_par' dir='ltr' id='par_1_18' title="bbox 487 1634 2143 1710">
     <span class='ocr_line' id='line_1_18' title="bbox 487 1634 2143 1710; baseline -0.004 -14"><span class='ocrx_word' id='word_1_99' title='bbox 487 1645 586 1697; x_wconf 85' lang='lat' dir='ltr'>tus</span> <span class='ocrx_word' id='word_1_100' title='bbox 618 1641 732 1708; x_wconf 87' lang='lat' dir='ltr'>sit;</span> <span class='ocrx_word' id='word_1_101' title='bbox 764 1638 905 1710; x_wconf 92' lang='lat' dir='ltr'>quid</span> <span class='ocrx_word' id='word_1_102' title='bbox 929 1653 1100 1709; x_wconf 89' lang='lat' dir='ltr'>porro</span> <span class='ocrx_word' id='word_1_103' title='bbox 1124 1636 1202 1693; x_wconf 88' lang='lat' dir='ltr'>sit</span> <span class='ocrx_word' id='word_1_104' title='bbox 1230 1652 1339 1691; x_wconf 85' lang='lat' dir='ltr'>non</span> <span class='ocrx_word' id='word_1_105' title='bbox 1365 1639 1582 1690; x_wconf 80' lang='lat' dir='ltr'>tantum</span> <span class='ocrx_word' id='word_1_106' title='bbox 1611 1634 1947 1701; x_wconf 75' lang='lat' dir='ltr'>edoctus,sed</span> <span class='ocrx_word' id='word_1_107' title='bbox 1976 1636 2143 1689; x_wconf 85' lang='lat' dir='ltr'>etiam</span> 
     </span>
    </p>
   </div>
   <div class='ocr_carea' id='block_1_19' title="bbox 488 1722 2139 1801">
    <p class='ocr_par' dir='ltr' id='par_1_19' title="bbox 488 1722 2139 1801">
     <span class='ocr_line' id='line_1_19' title="bbox 488 1722 2139 1801; baseline -0.005 -16"><span class='ocrx_word' id='word_1_108' title='bbox 488 1728 990 1801; x_wconf 68' lang='lat' dir='ltr'>expertus,dicitur</span> <span class='ocrx_word' id='word_1_109' title='bbox 1013 1726 1251 1799; x_wconf 88' lang='lat' dir='ltr'>quidem</span> <span class='ocrx_word' id='word_1_110' title='bbox 1272 1725 1331 1779; x_wconf 90' lang='lat' dir='ltr'>in</span> <span class='ocrx_word' id='word_1_111' title='bbox 1363 1724 1625 1794; x_wconf 87' lang='lat' dir='ltr'>Epistola</span> <span class='ocrx_word' id='word_1_112' title='bbox 1647 1724 1719 1778; x_wconf 91' lang='lat' dir='ltr'>ad</span> <span class='ocrx_word' id='word_1_113' title='bbox 1751 1723 2022 1778; x_wconf 59' lang='lat' dir='ltr'>Hebraeos</span> <span class='ocrx_word' id='word_1_114' title='bbox 2041 1722 2139 1794; x_wconf 87' lang='lat' dir='ltr'>(d):</span> 
     </span>
    </p>
   </div>
   <div class='ocr_carea' id='block_1_20' title="bbox 2256 564 3921 647">
    <p class='ocr_par' dir='ltr' id='par_1_20' title="bbox 2256 564 3921 647">
     <span class='ocr_line' id='line_1_20' title="bbox 2256 564 3921 647; baseline 0.004 -27"><span class='ocrx_word' id='word_1_115' title='bbox 2256 568 2293 620; x_wconf 83' lang='grc' dir='ltr'>ε’</span> <span class='ocrx_word' id='word_1_116' title='bbox 2346 572 2453 621; x_wconf 82' lang='grc' dir='ltr'>τῶν</span> <span class='ocrx_word' id='word_1_117' title='bbox 2532 570 2961 625; x_wconf 84' lang='grc' dir='ltr'>Ὑποτυπώσεων</span> <span class='ocrx_word' id='word_1_118' title='bbox 2994 613 3007 627; x_wconf 92' lang='grc'>.</span> <span class='ocrx_word' id='word_1_119' title='bbox 3070 564 3479 643; x_wconf 79' lang='grc' dir='ltr'>Πρεσϐυτάτους</span> <span class='ocrx_word' id='word_1_120' title='bbox 3537 567 3595 624; x_wconf 73' lang='grc' dir='ltr'>δὲ</span> <span class='ocrx_word' id='word_1_121' title='bbox 3650 570 3921 647; x_wconf 74' lang='grc' dir='ltr'>ἀγγέλους</span> 
     </span>
    </p>
   </div>
   <div class='ocr_carea' id='block_1_21' title="bbox 2256 654 3918 735">
    <p class='ocr_par' dir='ltr' id='par_1_21' title="bbox 2256 654 3918 735">
     <span class='ocr_line' id='line_1_21' title="bbox 2256 654 3918 735; baseline 0.003 -25"><span class='ocrx_word' id='word_1_122' title='bbox 2256 654 2410 711; x_wconf 77' lang='grc' dir='ltr'>εἷ’ωθε</span> <span class='ocrx_word' id='word_1_123' title='bbox 2464 657 2676 726; x_wconf 84' lang='grc' dir='ltr'>καλεῖν,</span> <span class='ocrx_word' id='word_1_124' title='bbox 2734 660 2829 720; x_wconf 79' lang='grc' dir='ltr'>τὰς</span> <span class='ocrx_word' id='word_1_125' title='bbox 2886 657 3144 713; x_wconf 83' lang='grc' dir='ltr'>ἀνωτάτω</span> <span class='ocrx_word' id='word_1_126' title='bbox 3201 663 3347 731; x_wconf 82' lang='grc' dir='ltr'>τρεῖς</span> <span class='ocrx_word' id='word_1_127' title='bbox 3404 657 3600 729; x_wconf 78' lang='grc' dir='ltr'>τάξεις,</span> <span class='ocrx_word' id='word_1_128' title='bbox 3662 659 3918 735; x_wconf 82' lang='grc' dir='ltr'>θρόνους,</span> 
     </span>
    </p>
   </div>
   <div class='ocr_carea' id='block_1_22' title="bbox 2255 742 3917 824">
    <p class='ocr_par' dir='ltr' id='par_1_22' title="bbox 2255 742 3917 824">
     <span class='ocr_line' id='line_1_22' title="bbox 2255 742 3917 824; baseline 0.003 -26"><span class='ocrx_word' id='word_1_129' title='bbox 2255 745 2513 819; x_wconf 82' lang='grc' dir='ltr'>σεραφὶμ,</span> <span class='ocrx_word' id='word_1_130' title='bbox 2548 742 2845 822; x_wconf 75' lang='grc' dir='ltr'>χερουϐἰμ,</span> <span class='ocrx_word' id='word_1_131' title='bbox 2879 748 2953 809; x_wconf 86' lang='grc' dir='ltr'>ὡς</span> <span class='ocrx_word' id='word_1_132' title='bbox 2983 744 3152 817; x_wconf 82' lang='grc' dir='ltr'>δηλοῖ</span> <span class='ocrx_word' id='word_1_133' title='bbox 3180 745 3231 801; x_wconf 81' lang='grc' dir='ltr'>ἐν</span> <span class='ocrx_word' id='word_1_134' title='bbox 3255 750 3335 818; x_wconf 79' lang='grc' dir='ltr'>τῷ</span> <span class='ocrx_word' id='word_1_135' title='bbox 3364 746 3498 821; x_wconf 85' lang='grc' dir='ltr'>Περί</span> <span class='ocrx_word' id='word_1_136' title='bbox 3526 753 3627 818; x_wconf 83' lang='grc' dir='ltr'>τῆς</span> <span class='ocrx_word' id='word_1_137' title='bbox 3656 748 3917 824; x_wconf 78' lang='grc' dir='ltr'>οὐρανίας</span> 
     </span>
    </p>
   </div>
   <div class='ocr_carea' id='block_1_23' title="bbox 2253 832 3911 913">
    <p class='ocr_par' dir='ltr' id='par_1_23' title="bbox 2253 832 3911 913">
     <span class='ocr_line' id='line_1_23' title="bbox 2253 832 3911 913; baseline 0.004 -27"><span class='ocrx_word' id='word_1_138' title='bbox 2253 834 2541 909; x_wconf 75' lang='grc' dir='ltr'>ἱεραρχίας</span> <span class='ocrx_word' id='word_1_139' title='bbox 2573 833 2727 911; x_wconf 88' lang='grc' dir='ltr'>λόγῳ</span> <span class='ocrx_word' id='word_1_140' title='bbox 2757 833 3057 898; x_wconf 74' lang='grc' dir='ltr'>πολλάκις·</span> <span class='ocrx_word' id='word_1_141' title='bbox 3093 835 3227 913; x_wconf 76' lang='grc' dir='ltr'>φησὶ</span> <span class='ocrx_word' id='word_1_142' title='bbox 3259 832 3316 890; x_wconf 78' lang='grc' dir='ltr'>δὲ</span> <span class='ocrx_word' id='word_1_143' title='bbox 3346 834 3596 904; x_wconf 78' lang='grc' dir='ltr'>ἐνταῦθα,</span> <span class='ocrx_word' id='word_1_144' title='bbox 3660 839 3801 909; x_wconf 93' lang='grc' dir='ltr'>μήτε</span> <span class='ocrx_word' id='word_1_145' title='bbox 3828 842 3911 910; x_wconf 76' lang='grc' dir='ltr'>τῷ</span> 
     </span>
    </p>
   </div>
   <div class='ocr_carea' id='block_1_24' title="bbox 2252 922 3915 1003">
    <p class='ocr_par' dir='ltr' id='par_1_24' title="bbox 2252 922 3915 1003">
     <span class='ocr_line' id='line_1_24' title="bbox 2252 922 3915 1003; baseline 0.005 -28"><span class='ocrx_word' id='word_1_146' title='bbox 2252 922 2545 996; x_wconf 79' lang='grc' dir='ltr'>πρωτίστῳ</span> <span class='ocrx_word' id='word_1_147' title='bbox 2572 928 2679 979; x_wconf 79' lang='grc' dir='ltr'>τῶν</span> <span class='ocrx_word' id='word_1_148' title='bbox 2707 922 2950 999; x_wconf 85' lang='grc' dir='ltr'>ἀγγέλων</span> <span class='ocrx_word' id='word_1_149' title='bbox 2982 923 3196 1003; x_wconf 82' lang='grc' dir='ltr'>ἐφικτὸν</span> <span class='ocrx_word' id='word_1_150' title='bbox 3249 925 3383 981; x_wconf 75' lang='grc' dir='ltr'>εἶναι</span> <span class='ocrx_word' id='word_1_151' title='bbox 3413 925 3504 981; x_wconf 81' lang='grc' dir='ltr'>τὸν</span> <span class='ocrx_word' id='word_1_152' title='bbox 3552 926 3756 1001; x_wconf 87' lang='grc' dir='ltr'>τρόπον</span> <span class='ocrx_word' id='word_1_153' title='bbox 3812 932 3915 996; x_wconf 83' lang='grc' dir='ltr'>τῆς</span> 
     </span>
    </p>
   </div>
   <div class='ocr_carea' id='block_1_25' title="bbox 2253 1007 2730 1086">
    <p class='ocr_par' dir='ltr' id='par_1_25' title="bbox 2253 1007 2730 1086">
     <span class='ocr_line' id='line_1_25' title="bbox 2253 1007 2730 1086; baseline 0.01 -22"><span class='ocrx_word' id='word_1_154' title='bbox 2253 1007 2730 1086; x_wconf 75' lang='grc' dir='ltr'>ένανθρωπήσεως.</span> 
     </span>
    </p>
   </div>
   <div class='ocr_carea' id='block_1_26' title="bbox 2324 1187 3069 1264">
    <p class='ocr_par' dir='ltr' id='par_1_26' title="bbox 2324 1187 3069 1264">
     <span class='ocr_line' id='line_1_26' title="bbox 2324 1187 3069 1264; baseline 0.004 -19"><span class='ocrx_word' id='word_1_155' title='bbox 2324 1189 2429 1245; x_wconf 87' lang='grc' dir='ltr'>Καὶ</span> <span class='ocrx_word' id='word_1_156' title='bbox 2456 1194 2534 1262; x_wconf 79' lang='grc' dir='ltr'>τῷ</span> <span class='ocrx_word' id='word_1_157' title='bbox 2562 1189 2782 1263; x_wconf 80' lang='grc' dir='ltr'>κλεινῷ.</span> <span class='ocrx_word' id='word_1_158' title='bbox 2810 1187 3069 1264; x_wconf 80' lang='grc' dir='ltr'>Ἐνδόξῳ.</span> 
     </span>
    </p>
   </div>
   <div class='ocr_carea' id='block_1_27' title="bbox 2325 1278 3912 1357">
    <p class='ocr_par' dir='ltr' id='par_1_27' title="bbox 2325 1278 3912 1357">
     <span class='ocr_line' id='line_1_27' title="bbox 2325 1278 3912 1357; baseline 0.003 -22"><span class='ocrx_word' id='word_1_159' title='bbox 2325 1278 2690 1356; x_wconf 86' lang='grc' dir='ltr'>Καθηγεμόνι.</span> <span class='ocrx_word' id='word_1_160' title='bbox 2750 1281 3115 1355; x_wconf 85' lang='grc' dir='ltr'>Καθηγεμόνα</span> <span class='ocrx_word' id='word_1_161' title='bbox 3140 1279 3361 1349; x_wconf 84' lang='grc' dir='ltr'>οἰκεῖον,</span> <span class='ocrx_word' id='word_1_162' title='bbox 3418 1280 3512 1335; x_wconf 91' lang='grc' dir='ltr'>τὸν</span> <span class='ocrx_word' id='word_1_163' title='bbox 3560 1282 3770 1357; x_wconf 77' lang='grc' dir='ltr'>ἅγιον¹¹</span> <span class='ocrx_word' id='word_1_164' title='bbox 3817 1284 3912 1341; x_wconf 84' lang='grc' dir='ltr'>Ἱε-</span> 
     </span>
    </p>
   </div>
   <div class='ocr_carea' id='block_1_28' title="bbox 2256 1366 3911 1448">
    <p class='ocr_par' dir='ltr' id='par_1_28' title="bbox 2256 1366 3911 1448">
     <span class='ocr_line' id='line_1_28' title="bbox 2256 1366 3911 1448; baseline 0.004 -27"><span class='ocrx_word' id='word_1_165' title='bbox 2256 1368 2442 1444; x_wconf 86' lang='grc' dir='ltr'>ρόθεον</span> <span class='ocrx_word' id='word_1_166' title='bbox 2497 1367 2809 1438; x_wconf 75' lang='grc' dir='ltr'>αἰνίττεται,</span> <span class='ocrx_word' id='word_1_167' title='bbox 2870 1369 2945 1431; x_wconf 86' lang='grc' dir='ltr'>ὡς</span> <span class='ocrx_word' id='word_1_168' title='bbox 3003 1368 3162 1433; x_wconf 79' lang='grc' dir='ltr'>εὐθὺς</span> <span class='ocrx_word' id='word_1_169' title='bbox 3217 1366 3418 1439; x_wconf 81' lang='grc' dir='ltr'>δηλοῖ’</span> <span class='ocrx_word' id='word_1_170' title='bbox 3479 1370 3614 1443; x_wconf 83' lang='grc' dir='ltr'>μετᾶ</span> <span class='ocrx_word' id='word_1_171' title='bbox 3662 1372 3766 1448; x_wconf 71' lang='grc' dir='ltr'>γὰρ</span> <span class='ocrx_word' id='word_1_172' title='bbox 3812 1371 3911 1427; x_wconf 82' lang='grc' dir='ltr'>τὸν</span> 
     </span>
    </p>
   </div>
   <div class='ocr_carea' id='block_1_29' title="bbox 2253 1455 3909 1535">
    <p class='ocr_par' dir='ltr' id='par_1_29' title="bbox 2253 1455 3909 1535">
     <span class='ocr_line' id='line_1_29' title="bbox 2253 1455 3909 1535; baseline 0.004 -23"><span class='ocrx_word' id='word_1_173' title='bbox 2253 1456 2467 1513; x_wconf 81' lang='grc' dir='ltr'>Παῦλον</span> <span class='ocrx_word' id='word_1_174' title='bbox 2515 1456 2574 1512; x_wconf 70' lang='grc' dir='ltr'>ἐκ</span> <span class='ocrx_word' id='word_1_175' title='bbox 2601 1456 2797 1513; x_wconf 86' lang='grc' dir='ltr'>τούτου</span> <span class='ocrx_word' id='word_1_176' title='bbox 2830 1456 3116 1535; x_wconf 78' lang='grc' dir='ltr'>ὠφελήθη·</span> <span class='ocrx_word' id='word_1_177' title='bbox 3150 1456 3301 1534; x_wconf 88' lang='grc' dir='ltr'>λέγει</span> <span class='ocrx_word' id='word_1_178' title='bbox 3349 1455 3407 1513; x_wconf 72' lang='grc' dir='ltr'>δὶ</span> <span class='ocrx_word' id='word_1_179' title='bbox 3464 1456 3547 1514; x_wconf 69' lang='grc' dir='ltr'>ὅτι</span> <span class='ocrx_word' id='word_1_180' title='bbox 3607 1457 3739 1523; x_wconf 69' lang='grc' dir='ltr'>ἴσως</span> <span class='ocrx_word' id='word_1_181' title='bbox 3799 1482 3909 1518; x_wconf 83' lang='grc' dir='ltr'>πα-</span> 
     </span>
    </p>
   </div>
   <div class='ocr_carea' id='block_1_30' title="bbox 2253 1545 3909 1618">
    <p class='ocr_par' dir='ltr' id='par_1_30' title="bbox 2253 1545 3909 1618">
     <span class='ocr_line' id='line_1_30' title="bbox 2253 1545 3909 1618; baseline 0.003 -17"><span class='ocrx_word' id='word_1_182' title='bbox 2253 1547 2360 1611; x_wconf 87' lang='grc' dir='ltr'>θὼν</span> <span class='ocrx_word' id='word_1_183' title='bbox 2387 1548 2453 1602; x_wconf 69' lang='grc' dir='ltr'>τὰ</span> <span class='ocrx_word' id='word_1_184' title='bbox 2484 1551 2599 1611; x_wconf 91' lang='grc' dir='ltr'>θεῖα</span> <span class='ocrx_word' id='word_1_185' title='bbox 2628 1546 2851 1615; x_wconf 76' lang='grc' dir='ltr'>ἐκεῖνος,</span> <span class='ocrx_word' id='word_1_186' title='bbox 2895 1546 3068 1609; x_wconf 81' lang='grc' dir='ltr'>οὕτως</span> <span class='ocrx_word' id='word_1_187' title='bbox 3126 1545 3471 1618; x_wconf 72' lang='grc' dir='ltr'>ένεπνεύσθηο</span> <span class='ocrx_word' id='word_1_188' title='bbox 3539 1547 3593 1604; x_wconf 90' lang='grc' dir='ltr'>τί</span> <span class='ocrx_word' id='word_1_189' title='bbox 3653 1546 3711 1605; x_wconf 79' lang='grc' dir='ltr'>δέ</span> <span class='ocrx_word' id='word_1_190' title='bbox 3766 1550 3909 1606; x_wconf 65' lang='grc' dir='ltr'>ἔστιν</span> 
     </span>
    </p>
   </div>
   <div class='ocr_carea' id='block_1_31' title="bbox 2253 1634 3910 1711">
    <p class='ocr_par' dir='ltr' id='par_1_31' title="bbox 2253 1634 3910 1711">
     <span class='ocr_line' id='line_1_31' title="bbox 2253 1634 3910 1711; baseline 0.002 -21"><span class='ocrx_word' id='word_1_191' title='bbox 2253 1636 2317 1690; x_wconf 83' lang='grc' dir='ltr'>ού</span> <span class='ocrx_word' id='word_1_192' title='bbox 2354 1635 2518 1708; x_wconf 89' lang='grc' dir='ltr'>μόνον</span> <span class='ocrx_word' id='word_1_193' title='bbox 2564 1636 2773 1709; x_wconf 86' lang='grc' dir='ltr'>μαθὼν,</span> <span class='ocrx_word' id='word_1_194' title='bbox 2832 1634 2978 1691; x_wconf 86' lang='grc' dir='ltr'>ἀλλὰ</span> <span class='ocrx_word' id='word_1_195' title='bbox 3007 1635 3097 1690; x_wconf 83' lang='grc' dir='ltr'>καὶ</span> <span class='ocrx_word' id='word_1_196' title='bbox 3126 1636 3337 1707; x_wconf 85' lang='grc' dir='ltr'>παθὼν,</span> <span class='ocrx_word' id='word_1_197' title='bbox 3396 1634 3607 1711; x_wconf 69' lang='grc' dir='ltr'>ε’ίρηται</span> <span class='ocrx_word' id='word_1_198' title='bbox 3662 1638 3757 1711; x_wconf 80' lang='grc' dir='ltr'>μὶν</span> <span class='ocrx_word' id='word_1_199' title='bbox 3810 1637 3910 1695; x_wconf 81' lang='grc' dir='ltr'>οῦν</span> 
     </span>
    </p>
   </div>
   <div class='ocr_carea' id='block_1_32' title="bbox 2252 1720 3908 1803">
    <p class='ocr_par' dir='ltr' id='par_1_32' title="bbox 2252 1720 3908 1803">
     <span class='ocr_line' id='line_1_32' title="bbox 2252 1720 3908 1803; baseline 0.002 -23"><span class='ocrx_word' id='word_1_200' title='bbox 2252 1726 2340 1780; x_wconf 83' lang='grc' dir='ltr'>καὶ</span> <span class='ocrx_word' id='word_1_201' title='bbox 2367 1725 2417 1779; x_wconf 81' lang='grc' dir='ltr'>ἐν</span> <span class='ocrx_word' id='word_1_202' title='bbox 2440 1728 2508 1799; x_wconf 80' lang='grc' dir='ltr'>τῇ</span> <span class='ocrx_word' id='word_1_203' title='bbox 2538 1726 2672 1799; x_wconf 87' lang='grc' dir='ltr'>πρὸς</span> <span class='ocrx_word' id='word_1_204' title='bbox 2696 1720 3004 1799; x_wconf 60' lang='grc' dir='ltr'>Ἑϐραίους</span> <span class='ocrx_word' id='word_1_205' title='bbox 3038 1726 3245 1797; x_wconf 85' lang='grc' dir='ltr'>Ἔμαθε</span> <span class='ocrx_word' id='word_1_206' title='bbox 3263 1724 3363 1800; x_wconf 81' lang='grc' dir='ltr'>γὰρ</span> <span class='ocrx_word' id='word_1_207' title='bbox 3392 1726 3481 1803; x_wconf 78' lang='grc' dir='ltr'>ἀφ’</span> <span class='ocrx_word' id='word_1_208' title='bbox 3512 1726 3586 1780; x_wconf 86' lang='grc' dir='ltr'>ὧν</span> <span class='ocrx_word' id='word_1_209' title='bbox 3615 1721 3779 1782; x_wconf 79' lang='grc' dir='ltr'>ἔπαθε</span> <span class='ocrx_word' id='word_1_210' title='bbox 3806 1728 3908 1797; x_wconf 83' lang='grc' dir='ltr'>τὴν</span> 
     </span>
    </p>
   </div>
   <div class='ocr_carea' id='block_1_33' title="bbox 490 1808 2139 1916">
    <p class='ocr_par' dir='ltr' id='par_1_33' title="bbox 490 1808 2139 1886">
     <span class='ocr_line' id='line_1_33' title="bbox 490 1808 2139 1886; baseline -0.005 -14"><span class='ocrx_word' id='word_1_211' title='bbox 490 1817 707 1873; x_wconf 82' lang='lat' dir='ltr'>Didicit</span> <span class='ocrx_word' id='word_1_212' title='bbox 725 1832 795 1872; x_wconf 74' lang='lat' dir='ltr'>ea.</span> <span class='ocrx_word' id='word_1_213' title='bbox 816 1817 896 1871; x_wconf 77' lang='lat' dir='ltr'>eis</span> <span class='ocrx_word' id='word_1_214' title='bbox 916 1828 1040 1886; x_wconf 69' lang='lat' dir='ltr'>qua:</span> <span class='ocrx_word' id='word_1_215' title='bbox 1059 1829 1251 1885; x_wconf 78' lang='lat' dir='ltr'>passus</span> <span class='ocrx_word' id='word_1_216' title='bbox 1273 1820 1352 1867; x_wconf 80' lang='lat' dir='ltr'>est</span> <span class='ocrx_word' id='word_1_217' title='bbox 1378 1810 1839 1867; x_wconf 76' lang='lat' dir='ltr'>obedientiasz</span> <span class='ocrx_word' id='word_1_218' title='bbox 1862 1811 2019 1865; x_wconf 86' lang='lat' dir='ltr'>enim</span> <span class='ocrx_word' id='word_1_219' title='bbox 2043 1808 2139 1880; x_wconf 90' lang='lat' dir='ltr'>qui</span> 
     </span>
    </p>
   </div>
   <div class='ocr_carea' id='block_1_34' title="bbox 2254 1808 3912 1916">
    <p class='ocr_par' dir='ltr' id='par_1_34' title="bbox 2254 1809 3912 1890">
     <span class='ocr_line' id='line_1_34' title="bbox 2254 1809 3912 1890; baseline 0.002 -21"><span class='ocrx_word' id='word_1_220' title='bbox 2254 1814 2520 1884; x_wconf 85' lang='grc' dir='ltr'>ὐπακοήν.</span> <span class='ocrx_word' id='word_1_221' title='bbox 2580 1815 2638 1867; x_wconf 74' lang='grc' dir='ltr'><strong>Ὀ</strong></span> <span class='ocrx_word' id='word_1_222' title='bbox 2684 1814 2787 1889; x_wconf 78' lang='grc' dir='ltr'>γὰρ</span> <span class='ocrx_word' id='word_1_223' title='bbox 2820 1814 3004 1879; x_wconf 88' lang='grc' dir='ltr'>παθὼν</span> <span class='ocrx_word' id='word_1_224' title='bbox 3033 1814 3195 1890; x_wconf 84' lang='grc' dir='ltr'>πείρᾳ</span> <span class='ocrx_word' id='word_1_225' title='bbox 3223 1809 3492 1887; x_wconf 74' lang='grc' dir='ltr'>λαμϐάνει</span> <span class='ocrx_word' id='word_1_226' title='bbox 3537 1816 3600 1871; x_wconf 84' lang='grc' dir='ltr'>τὸ</span> <span class='ocrx_word' id='word_1_227' title='bbox 3657 1812 3912 1874; x_wconf 83' lang='grc' dir='ltr'>διδασκό-</span> 
     </span>
    </p>
   </div>
   <div class='ocr_carea' id='block_1_35' title="bbox 490 1898 2139 1978">
    <p class='ocr_par' dir='ltr' id='par_1_35' title="bbox 490 1898 2139 1978">
     <span class='ocr_line' id='line_1_35' title="bbox 490 1898 2139 1978; baseline -0.005 -17"><span class='ocrx_word' id='word_1_228' title='bbox 490 1906 734 1978; x_wconf 89' lang='lat' dir='ltr'>patitur,</span> <span class='ocrx_word' id='word_1_229' title='bbox 767 1903 1124 1976; x_wconf 84' lang='lat' dir='ltr'>experientia</span> <span class='ocrx_word' id='word_1_230' title='bbox 1154 1900 1309 1973; x_wconf 89' lang='lat' dir='ltr'>capit</span> <span class='ocrx_word' id='word_1_231' title='bbox 1339 1902 1495 1971; x_wconf 89' lang='lat' dir='ltr'>quod</span> <span class='ocrx_word' id='word_1_232' title='bbox 1536 1901 1803 1970; x_wconf 84' lang='lat' dir='ltr'>docetur,</span> <span class='ocrx_word' id='word_1_233' title='bbox 1828 1899 2011 1955; x_wconf 89' lang='lat' dir='ltr'>veluti</span> <span class='ocrx_word' id='word_1_234' title='bbox 2040 1898 2139 1969; x_wconf 86' lang='lat' dir='ltr'>qui</span> 
     </span>
    </p>
   </div>
   <div class='ocr_carea' id='block_1_36' title="bbox 2254 1898 3909 1978">
    <p class='ocr_par' dir='ltr' id='par_1_36' title="bbox 2255 1901 3909 1978">
     <span class='ocr_line' id='line_1_36' title="bbox 2255 1901 3909 1978; baseline 0.001 -19"><span class='ocrx_word' id='word_1_235' title='bbox 2255 1906 2503 1977; x_wconf 81' lang='grc' dir='ltr'>μενον¹²,</span> <span class='ocrx_word' id='word_1_236' title='bbox 2535 1907 2651 1959; x_wconf 80' lang='grc' dir='ltr'>οἷον</span> <span class='ocrx_word' id='word_1_237' title='bbox 2685 1905 2712 1958; x_wconf 99' lang='lat'>6</span> <span class='ocrx_word' id='word_1_238' title='bbox 2744 1903 3081 1977; x_wconf 80' lang='grc' dir='ltr'>τυπτόμενος</span> <span class='ocrx_word' id='word_1_239' title='bbox 3116 1901 3330 1977; x_wconf 76' lang='grc' dir='ltr'>μᾶλλον</span> <span class='ocrx_word' id='word_1_240' title='bbox 3360 1908 3457 1960; x_wconf 88' lang='grc' dir='ltr'>τοῦ</span> <span class='ocrx_word' id='word_1_241' title='bbox 3518 1905 3680 1978; x_wconf 89' lang='grc' dir='ltr'>μόνον</span> <span class='ocrx_word' id='word_1_242' title='bbox 3737 1905 3909 1961; x_wconf 78' lang='grc' dir='ltr'>ἀκού-</span> 
     </span>
    </p>
   </div>
   <div class='ocr_carea' id='block_1_37' title="bbox 488 1988 2145 2062">
    <p class='ocr_par' dir='ltr' id='par_1_37' title="bbox 488 1988 2145 2062">
     <span class='ocr_line' id='line_1_37' title="bbox 488 1988 2145 2062; baseline -0.004 -12"><span class='ocrx_word' id='word_1_243' title='bbox 488 1992 1072 2059; x_wconf 89' lang='lat' dir='ltr'>verberatur,melius</span> <span class='ocrx_word' id='word_1_244' title='bbox 1102 2007 1168 2047; x_wconf 91' lang='lat' dir='ltr'>eo</span> <span class='ocrx_word' id='word_1_245' title='bbox 1199 1990 1299 2062; x_wconf 88' lang='lat' dir='ltr'>qui</span> <span class='ocrx_word' id='word_1_246' title='bbox 1317 1994 1547 2045; x_wconf 87' lang='lat' dir='ltr'>tantum</span> <span class='ocrx_word' id='word_1_247' title='bbox 1579 1988 1808 2046; x_wconf 85' lang='lat' dir='ltr'>audivit</span> <span class='ocrx_word' id='word_1_248' title='bbox 1839 2004 1851 2043; x_wconf 91' lang='lat'>:</span> <span class='ocrx_word' id='word_1_249' title='bbox 1888 2004 2002 2044; x_wconf 89' lang='lat' dir='ltr'>non</span> <span class='ocrx_word' id='word_1_250' title='bbox 2028 2003 2145 2044; x_wconf 87' lang='lat' dir='ltr'>me-</span> 
     </span>
    </p>
   </div>
   <div class='ocr_carea' id='block_1_38' title="bbox 489 2076 2143 2154">
    <p class='ocr_par' dir='ltr' id='par_1_38' title="bbox 489 2076 2143 2154">
     <span class='ocr_line' id='line_1_38' title="bbox 489 2076 2143 2154; baseline -0.004 -14"><span class='ocrx_word' id='word_1_251' title='bbox 489 2084 607 2140; x_wconf 86' lang='lat' dir='ltr'>lius</span> <span class='ocrx_word' id='word_1_252' title='bbox 637 2082 833 2154; x_wconf 89' lang='lat' dir='ltr'>eo,qui</span> <span class='ocrx_word' id='word_1_253' title='bbox 866 2081 1183 2152; x_wconf 83' lang='lat' dir='ltr'>aliquando</span> <span class='ocrx_word' id='word_1_254' title='bbox 1210 2080 1552 2135; x_wconf 87' lang='lat' dir='ltr'>verberatus</span> <span class='ocrx_word' id='word_1_255' title='bbox 1583 2078 1713 2146; x_wconf 81' lang='lat' dir='ltr'>fuit,</span> <span class='ocrx_word' id='word_1_256' title='bbox 1748 2078 1882 2149; x_wconf 89' lang='lat' dir='ltr'>quis</span> <span class='ocrx_word' id='word_1_257' title='bbox 1900 2076 2038 2133; x_wconf 89' lang='lat' dir='ltr'>talis</span> <span class='ocrx_word' id='word_1_258' title='bbox 2062 2076 2143 2133; x_wconf 85' lang='lat' dir='ltr'>la-</span> 
     </span>
    </p>
   </div>
   <div class='ocr_carea' id='block_1_39' title="bbox 490 2167 2137 2243">
    <p class='ocr_par' dir='ltr' id='par_1_39' title="bbox 490 2167 2137 2243">
     <span class='ocr_line' id='line_1_39' title="bbox 490 2167 2137 2243; baseline -0.005 -14"><span class='ocrx_word' id='word_1_259' title='bbox 490 2174 596 2229; x_wconf 90' lang='lat' dir='ltr'>bor</span> <span class='ocrx_word' id='word_1_260' title='bbox 626 2173 723 2242; x_wconf 88' lang='lat' dir='ltr'>sit,</span> <span class='ocrx_word' id='word_1_261' title='bbox 754 2171 1074 2243; x_wconf 84' lang='lat' dir='ltr'>cognoscit,</span> <span class='ocrx_word' id='word_1_262' title='bbox 1107 2168 1413 2239; x_wconf 89' lang='lat' dir='ltr'>multoque</span> <span class='ocrx_word' id='word_1_263' title='bbox 1455 2167 1643 2239; x_wconf 85' lang='lat' dir='ltr'>magis</span> <span class='ocrx_word' id='word_1_264' title='bbox 1677 2171 2137 2239; x_wconf 74' lang='lat' dir='ltr'>repraesentaret,</span> 
     </span>
    </p>
   </div>
   <div class='ocr_carea' id='block_1_40' title="bbox 490 2256 2139 2335">
    <p class='ocr_par' dir='ltr' id='par_1_40' title="bbox 490 2256 2139 2335">
     <span class='ocr_line' id='line_1_40' title="bbox 490 2256 2139 2335; baseline -0.004 -17"><span class='ocrx_word' id='word_1_265' title='bbox 490 2262 682 2335; x_wconf 86' lang='lat' dir='ltr'>qualis</span> <span class='ocrx_word' id='word_1_266' title='bbox 714 2262 791 2317; x_wconf 88' lang='lat' dir='ltr'>sit</span> <span class='ocrx_word' id='word_1_267' title='bbox 818 2260 1019 2328; x_wconf 91' lang='lat' dir='ltr'>dolor;</span> <span class='ocrx_word' id='word_1_268' title='bbox 1055 2259 1136 2313; x_wconf 88' lang='lat' dir='ltr'>ita</span> <span class='ocrx_word' id='word_1_269' title='bbox 1193 2273 1427 2329; x_wconf 90' lang='lat' dir='ltr'>quoque</span> <span class='ocrx_word' id='word_1_270' title='bbox 1461 2258 1561 2329; x_wconf 92' lang='lat' dir='ltr'>qui</span> <span class='ocrx_word' id='word_1_271' title='bbox 1594 2273 1697 2328; x_wconf 89' lang='lat' dir='ltr'>per</span> <span class='ocrx_word' id='word_1_272' title='bbox 1726 2256 2139 2312; x_wconf 88' lang='lat' dir='ltr'>revelationem</span> 
     </span>
    </p>
   </div>
   <div class='ocr_carea' id='block_1_41' title="bbox 494 2345 2140 2419">
    <p class='ocr_par' dir='ltr' id='par_1_41' title="bbox 494 2345 2140 2419">
     <span class='ocr_line' id='line_1_41' title="bbox 494 2345 2140 2419; baseline -0.005 -10"><span class='ocrx_word' id='word_1_273' title='bbox 494 2355 759 2419; x_wconf 83' lang='lat' dir='ltr'>docetur,</span> <span class='ocrx_word' id='word_1_274' title='bbox 793 2351 992 2406; x_wconf 87' lang='lat' dir='ltr'>divina</span> <span class='ocrx_word' id='word_1_275' title='bbox 1022 2346 1827 2418; x_wconf 86' lang='lat' dir='ltr'>diviniusinterpretabitur;</span> <span class='ocrx_word' id='word_1_276' title='bbox 1862 2345 1983 2417; x_wconf 88' lang='lat' dir='ltr'>pati</span> <span class='ocrx_word' id='word_1_277' title='bbox 2006 2362 2140 2401; x_wconf 90' lang='lat' dir='ltr'>vero</span> 
     </span>
    </p>
   </div>
   <div class='ocr_carea' id='block_1_42' title="bbox 489 2434 2141 2509">
    <p class='ocr_par' dir='ltr' id='par_1_42' title="bbox 489 2434 2141 2509">
     <span class='ocr_line' id='line_1_42' title="bbox 489 2434 2141 2509; baseline -0.005 -12"><span class='ocrx_word' id='word_1_278' title='bbox 489 2440 827 2509; x_wconf 86' lang='lat' dir='ltr'>divina,tale</span> <span class='ocrx_word' id='word_1_279' title='bbox 856 2444 984 2507; x_wconf 88' lang='lat' dir='ltr'>est;</span> <span class='ocrx_word' id='word_1_280' title='bbox 1019 2438 1165 2493; x_wconf 85' lang='lat' dir='ltr'>dixit</span> <span class='ocrx_word' id='word_1_281' title='bbox 1190 2437 1507 2507; x_wconf 89' lang='lat' dir='ltr'>Apostolus</span> <span class='ocrx_word' id='word_1_282' title='bbox 1544 2454 1556 2491; x_wconf 93' lang='lat'>:</span> <span class='ocrx_word' id='word_1_283' title='bbox 1592 2434 2141 2506; x_wconf 83' lang='lat' dir='ltr'>Consepultisimus</span> 
     </span>
    </p>
   </div>
   <div class='ocr_carea' id='block_1_43' title="bbox 489 2522 2136 2601">
    <p class='ocr_par' dir='ltr' id='par_1_43' title="bbox 489 2522 2136 2601">
     <span class='ocr_line' id='line_1_43' title="bbox 489 2522 2136 2601; baseline -0.005 -14"><span class='ocrx_word' id='word_1_284' title='bbox 489 2530 811 2601; x_wconf 86' lang='lat' dir='ltr'>Cbristo,ut</span> <span class='ocrx_word' id='word_1_285' title='bbox 831 2545 963 2585; x_wconf 89' lang='lat' dir='ltr'>cum</span> <span class='ocrx_word' id='word_1_286' title='bbox 980 2526 1080 2583; x_wconf 90' lang='lat' dir='ltr'>illo</span> <span class='ocrx_word' id='word_1_287' title='bbox 1103 2542 1485 2598; x_wconf 85' lang='lat' dir='ltr'>resurgamus</span> <span class='ocrx_word' id='word_1_288' title='bbox 1504 2530 1561 2581; x_wconf 89' lang='lat' dir='ltr'>et</span> <span class='ocrx_word' id='word_1_289' title='bbox 1581 2539 2009 2596; x_wconf 86' lang='lat' dir='ltr'>conregnemus</span> <span class='ocrx_word' id='word_1_290' title='bbox 2031 2522 2136 2594; x_wconf 86' lang='lat' dir='ltr'>(e);</span> 
     </span>
    </p>
   </div>
   <div class='ocr_carea' id='block_1_44' title="bbox 490 2612 2142 2693">
    <p class='ocr_par' dir='ltr' id='par_1_44' title="bbox 490 2612 2142 2693">
     <span class='ocr_line' id='line_1_44' title="bbox 490 2612 2142 2693; baseline -0.006 -16"><span class='ocrx_word' id='word_1_291' title='bbox 490 2620 591 2693; x_wconf 92' lang='lat' dir='ltr'>qui</span> <span class='ocrx_word' id='word_1_292' title='bbox 625 2624 819 2676; x_wconf 90' lang='lat' dir='ltr'>autem</span> <span class='ocrx_word' id='word_1_293' title='bbox 853 2618 1111 2690; x_wconf 89' lang='lat' dir='ltr'>seipsum</span> <span class='ocrx_word' id='word_1_294' title='bbox 1147 2632 1504 2686; x_wconf 86' lang='lat' dir='ltr'>carnemque</span> <span class='ocrx_word' id='word_1_295' title='bbox 1544 2630 1713 2669; x_wconf 88' lang='lat' dir='ltr'>suam</span> <span class='ocrx_word' id='word_1_296' title='bbox 1748 2612 2056 2683; x_wconf 83' lang='lat' dir='ltr'>cruciﬁgit,</span> <span class='ocrx_word' id='word_1_297' title='bbox 2091 2613 2142 2667; x_wconf 88' lang='lat' dir='ltr'>is</span> 
     </span>
    </p>
   </div>
   <div class='ocr_carea' id='block_1_45' title="bbox 489 2700 2139 2782">
    <p class='ocr_par' dir='ltr' id='par_1_45' title="bbox 489 2700 2139 2782">
     <span class='ocr_line' id='line_1_45' title="bbox 489 2700 2139 2782; baseline -0.008 -16"><span class='ocrx_word' id='word_1_298' title='bbox 489 2710 771 2782; x_wconf 85' lang='lat' dir='ltr'>stigmata</span> <span class='ocrx_word' id='word_1_299' title='bbox 791 2706 1005 2764; x_wconf 87' lang='lat' dir='ltr'>Christi</span> <span class='ocrx_word' id='word_1_300' title='bbox 1028 2707 1086 2760; x_wconf 91' lang='lat' dir='ltr'>in</span> <span class='ocrx_word' id='word_1_301' title='bbox 1113 2704 1344 2777; x_wconf 84' lang='lat' dir='ltr'>proprio</span> <span class='ocrx_word' id='word_1_302' title='bbox 1363 2720 1604 2773; x_wconf 89' lang='lat' dir='ltr'>corpore</span> <span class='ocrx_word' id='word_1_303' title='bbox 1633 2702 1987 2756; x_wconf 86' lang='lat' dir='ltr'>circumfert.</span> <span class='ocrx_word' id='word_1_304' title='bbox 2022 2700 2139 2754; x_wconf 88' lang='lat' dir='ltr'>Me-</span> 
     </span>
    </p>
   </div>
   <div class='ocr_carea' id='block_1_46' title="bbox 489 2787 2141 2870">
    <p class='ocr_par' dir='ltr' id='par_1_46' title="bbox 489 2787 2141 2870">
     <span class='ocr_line' id='line_1_46' title="bbox 489 2787 2141 2870; baseline -0.007 -16"><span class='ocrx_word' id='word_1_305' title='bbox 489 2799 603 2854; x_wconf 88' lang='lat' dir='ltr'>rito</span> <span class='ocrx_word' id='word_1_306' title='bbox 621 2798 802 2870; x_wconf 82' lang='lat' dir='ltr'>igitur</span> <span class='ocrx_word' id='word_1_307' title='bbox 818 2795 992 2851; x_wconf 83' lang='lat' dir='ltr'>etiam</span> <span class='ocrx_word' id='word_1_308' title='bbox 1018 2801 1332 2865; x_wconf 82' lang='lat' dir='ltr'>conregnal</span> <span class='ocrx_word' id='word_1_309' title='bbox 1353 2791 1604 2858; x_wconf 85' lang='lat' dir='ltr'>Christo,</span> <span class='ocrx_word' id='word_1_310' title='bbox 1628 2791 1919 2860; x_wconf 88' lang='lat' dir='ltr'>audetque</span> <span class='ocrx_word' id='word_1_311' title='bbox 1944 2787 2141 2843; x_wconf 84' lang='lat' dir='ltr'>divina</span> 
     </span>
    </p>
   </div>
   <div class='ocr_carea' id='block_1_47' title="bbox 489 2877 2138 2957">
    <p class='ocr_par' dir='ltr' id='par_1_47' title="bbox 489 2877 2138 2957">
     <span class='ocr_line' id='line_1_47' title="bbox 489 2877 2138 2957; baseline -0.007 -13"><span class='ocrx_word' id='word_1_312' title='bbox 489 2888 619 2957; x_wconf 89' lang='lat' dir='ltr'>ejus</span> <span class='ocrx_word' id='word_1_313' title='bbox 650 2885 925 2955; x_wconf 85' lang='lat' dir='ltr'>mysteria</span> <span class='ocrx_word' id='word_1_314' title='bbox 954 2880 1354 2951; x_wconf 84' lang='lat' dir='ltr'>contemplari,</span> <span class='ocrx_word' id='word_1_315' title='bbox 1390 2880 1625 2951; x_wconf 91' lang='lat' dir='ltr'>quando</span> <span class='ocrx_word' id='word_1_316' title='bbox 1652 2883 1708 2933; x_wconf 90' lang='lat' dir='ltr'>et</span> <span class='ocrx_word' id='word_1_317' title='bbox 1730 2882 1973 2933; x_wconf 89' lang='lat' dir='ltr'>sanctus</span> <span class='ocrx_word' id='word_1_318' title='bbox 2004 2877 2138 2933; x_wconf 84' lang='lat' dir='ltr'>Hie-</span> 
     </span>
    </p>
   </div>
   <div class='ocr_carea' id='block_1_48' title="bbox 488 2966 2142 3037">
    <p class='ocr_par' dir='ltr' id='par_1_48' title="bbox 488 2966 2142 3037">
     <span class='ocr_line' id='line_1_48' title="bbox 488 2966 2142 3037; baseline -0.007 -6"><span class='ocrx_word' id='word_1_319' title='bbox 488 2976 730 3031; x_wconf 90' lang='lat' dir='ltr'>rotheus</span> <span class='ocrx_word' id='word_1_320' title='bbox 756 2973 972 3028; x_wconf 89' lang='lat' dir='ltr'>dicitur</span> <span class='ocrx_word' id='word_1_321' title='bbox 992 2988 1105 3025; x_wconf 89' lang='lat' dir='ltr'>non</span> <span class='ocrx_word' id='word_1_322' title='bbox 1124 2969 1315 3024; x_wconf 91' lang='lat' dir='ltr'>solum</span> <span class='ocrx_word' id='word_1_323' title='bbox 1333 2967 1633 3036; x_wconf 89' lang='lat' dir='ltr'>didicisse,</span> <span class='ocrx_word' id='word_1_324' title='bbox 1662 2967 1762 3021; x_wconf 89' lang='lat' dir='ltr'>sed</span> <span class='ocrx_word' id='word_1_325' title='bbox 1795 2966 1970 3020; x_wconf 88' lang='lat' dir='ltr'>etiam</span> <span class='ocrx_word' id='word_1_326' title='bbox 2005 2982 2142 3037; x_wconf 89' lang='lat' dir='ltr'>pas-</span> 
     </span>
    </p>
   </div>
   <div class='ocr_carea' id='block_1_49' title="bbox 490 3054 2141 3130">
    <p class='ocr_par' dir='ltr' id='par_1_49' title="bbox 490 3054 2141 3130">
     <span class='ocr_line' id='line_1_49' title="bbox 490 3054 2141 3130; baseline -0.006 -10"><span class='ocrx_word' id='word_1_327' title='bbox 490 3082 593 3120; x_wconf 84' lang='lat' dir='ltr'>sus</span> <span class='ocrx_word' id='word_1_328' title='bbox 624 3078 753 3119; x_wconf 88' lang='lat' dir='ltr'>esse</span> <span class='ocrx_word' id='word_1_329' title='bbox 784 3058 1271 3130; x_wconf 81' lang='lat' dir='ltr'>diviuazatqueis</span> <span class='ocrx_word' id='word_1_330' title='bbox 1287 3057 1387 3129; x_wconf 94' lang='lat' dir='ltr'>qui</span> <span class='ocrx_word' id='word_1_331' title='bbox 1406 3054 1927 3127; x_wconf 86' lang='lat' dir='ltr'>perrevelationem</span> <span class='ocrx_word' id='word_1_332' title='bbox 1946 3055 2141 3110; x_wconf 89' lang='lat' dir='ltr'>divina</span> 
     </span>
    </p>
   </div>
   <div class='ocr_carea' id='block_1_50' title="bbox 491 3144 2140 3222">
    <p class='ocr_par' dir='ltr' id='par_1_50' title="bbox 491 3144 2140 3222">
     <span class='ocr_line' id='line_1_50' title="bbox 491 3144 2140 3222; baseline -0.007 -13"><span class='ocrx_word' id='word_1_333' title='bbox 491 3154 921 3222; x_wconf 86' lang='lat' dir='ltr'>docetur,extra</span> <span class='ocrx_word' id='word_1_334' title='bbox 951 3148 1213 3219; x_wconf 87' lang='lat' dir='ltr'>seipsum</span> <span class='ocrx_word' id='word_1_335' title='bbox 1248 3144 1719 3211; x_wconf 86' lang='lat' dir='ltr'>constituitur,ao</span> <span class='ocrx_word' id='word_1_336' title='bbox 1751 3149 1903 3198; x_wconf 90' lang='lat' dir='ltr'>recte</span> <span class='ocrx_word' id='word_1_337' title='bbox 1925 3144 2140 3198; x_wconf 92' lang='lat' dir='ltr'>dicitur</span> 
     </span>
    </p>
   </div>
   <div class='ocr_carea' id='block_1_51' title="bbox 2251 1990 3908 2066">
    <p class='ocr_par' dir='ltr' id='par_1_51' title="bbox 2251 1990 3908 2066">
     <span class='ocr_line' id='line_1_51' title="bbox 2251 1990 3908 2066; baseline 0.001 -19"><span class='ocrx_word' id='word_1_338' title='bbox 2251 2013 2461 2054; x_wconf 83' lang='grc' dir='ltr'>σαντος·</span> <span class='ocrx_word' id='word_1_339' title='bbox 2495 1990 2556 2047; x_wconf 73' lang='grc' dir='ltr'>οἷ)</span> <span class='ocrx_word' id='word_1_340' title='bbox 2592 1994 2700 2066; x_wconf 79' lang='grc' dir='ltr'>μὴν</span> <span class='ocrx_word' id='word_1_341' title='bbox 2731 1992 2819 2047; x_wconf 84' lang='grc' dir='ltr'>καὶ</span> <span class='ocrx_word' id='word_1_342' title='bbox 2850 1994 3220 2063; x_wconf 79' lang='grc' dir='ltr'>τυπτηθέντος</span> <span class='ocrx_word' id='word_1_343' title='bbox 3234 1994 3281 2031; x_wconf 80' lang='grc'>¹⁸</span> <span class='ocrx_word' id='word_1_344' title='bbox 3309 1994 3465 2062; x_wconf 76' lang='grc' dir='ltr'>ποτὶ,</span> <span class='ocrx_word' id='word_1_345' title='bbox 3494 1993 3579 2056; x_wconf 88' lang='grc' dir='ltr'>τίς</span> <span class='ocrx_word' id='word_1_346' title='bbox 3636 1995 3663 2049; x_wconf 92' lang='grc' dir='ltr'>ὁ</span> <span class='ocrx_word' id='word_1_347' title='bbox 3722 1999 3908 2050; x_wconf 83' lang='grc' dir='ltr'>τοιοῦ-</span> 
     </span>
    </p>
   </div>
   <div class='ocr_carea' id='block_1_52' title="bbox 2248 2080 3907 2158">
    <p class='ocr_par' dir='ltr' id='par_1_52' title="bbox 2248 2080 3907 2158">
     <span class='ocr_line' id='line_1_52' title="bbox 2248 2080 3907 2158; baseline 0.003 -22"><span class='ocrx_word' id='word_1_348' title='bbox 2248 2103 2340 2144; x_wconf 91' lang='grc' dir='ltr'>τος</span> <span class='ocrx_word' id='word_1_349' title='bbox 2398 2082 2564 2145; x_wconf 89' lang='grc' dir='ltr'>πόνος</span> <span class='ocrx_word' id='word_1_350' title='bbox 2610 2083 2901 2157; x_wconf 78' lang='grc' dir='ltr'>γινώσκει,</span> <span class='ocrx_word' id='word_1_351' title='bbox 2947 2085 3037 2137; x_wconf 80' lang='grc' dir='ltr'>καὶ</span> <span class='ocrx_word' id='word_1_352' title='bbox 3098 2081 3313 2155; x_wconf 81' lang='grc' dir='ltr'>μᾶλλον</span> <span class='ocrx_word' id='word_1_353' title='bbox 3371 2080 3432 2137; x_wconf 78' lang='grc' dir='ltr'>ἃν</span> <span class='ocrx_word' id='word_1_354' title='bbox 3486 2086 3907 2158; x_wconf 71' lang='grc' dir='ltr'>παραστήσειεν,</span> 
     </span>
    </p>
   </div>
   <div class='ocr_carea' id='block_1_53' title="bbox 2250 2168 3911 2247">
    <p class='ocr_par' dir='ltr' id='par_1_53' title="bbox 2250 2168 3911 2247">
     <span class='ocr_line' id='line_1_53' title="bbox 2250 2168 3911 2247; baseline 0.001 -21"><span class='ocrx_word' id='word_1_355' title='bbox 2250 2171 2438 2226; x_wconf 86' lang='grc' dir='ltr'>ὁποῖόν</span> <span class='ocrx_word' id='word_1_356' title='bbox 2489 2171 2599 2226; x_wconf 77' lang='grc' dir='ltr'>ἐστι</span> <span class='ocrx_word' id='word_1_357' title='bbox 2649 2173 2711 2226; x_wconf 85' lang='grc' dir='ltr'>τὸ</span> <span class='ocrx_word' id='word_1_358' title='bbox 2760 2168 2947 2247; x_wconf 72' lang='grc' dir='ltr'>ἄλγος·</span> <span class='ocrx_word' id='word_1_359' title='bbox 3000 2170 3144 2226; x_wconf 78' lang='grc' dir='ltr'>οὕτω</span> <span class='ocrx_word' id='word_1_360' title='bbox 3191 2172 3281 2225; x_wconf 86' lang='grc' dir='ltr'>καὶ</span> <span class='ocrx_word' id='word_1_361' title='bbox 3313 2173 3341 2226; x_wconf 87' lang='lat'>6</span> <span class='ocrx_word' id='word_1_362' title='bbox 3375 2169 3446 2225; x_wconf 85' lang='grc' dir='ltr'>δι’</span> <span class='ocrx_word' id='word_1_363' title='bbox 3505 2172 3911 2247; x_wconf 80' lang='grc' dir='ltr'>ἀποκαλύψεως</span> 
     </span>
    </p>
   </div>
   <div class='ocr_carea' id='block_1_54' title="bbox 2254 2258 3911 2336">
    <p class='ocr_par' dir='ltr' id='par_1_54' title="bbox 2254 2258 3911 2336">
     <span class='ocr_line' id='line_1_54' title="bbox 2254 2258 3911 2336; baseline 0.001 -22"><span class='ocrx_word' id='word_1_364' title='bbox 2254 2261 2579 2335; x_wconf 86' lang='grc' dir='ltr'>μυούμενος,</span> <span class='ocrx_word' id='word_1_365' title='bbox 2638 2261 2904 2336; x_wconf 88' lang='grc' dir='ltr'>θειότερον</span> <span class='ocrx_word' id='word_1_366' title='bbox 2952 2258 3284 2333; x_wconf 75' lang='grc' dir='ltr'>’ἑρμηνεύσει</span> <span class='ocrx_word' id='word_1_367' title='bbox 3314 2261 3382 2315; x_wconf 79' lang='grc' dir='ltr'>τὰ</span> <span class='ocrx_word' id='word_1_368' title='bbox 3424 2262 3562 2319; x_wconf 89' lang='grc' dir='ltr'>θεῖα.</span> <span class='ocrx_word' id='word_1_369' title='bbox 3597 2261 3670 2316; x_wconf 89' lang='grc' dir='ltr'>Τὸ</span> <span class='ocrx_word' id='word_1_370' title='bbox 3717 2258 3774 2316; x_wconf 66' lang='grc' dir='ltr'>δὲ</span> <span class='ocrx_word' id='word_1_371' title='bbox 3803 2283 3911 2316; x_wconf 90' lang='grc' dir='ltr'>πα-</span> 
     </span>
    </p>
   </div>
   <div class='ocr_carea' id='block_1_55' title="bbox 2250 2346 3902 2424">
    <p class='ocr_par' dir='ltr' id='par_1_55' title="bbox 2250 2346 3902 2424">
     <span class='ocr_line' id='line_1_55' title="bbox 2250 2346 3902 2424; baseline 0 -20"><span class='ocrx_word' id='word_1_372' title='bbox 2250 2354 2359 2413; x_wconf 88' lang='grc' dir='ltr'>θεῖν</span> <span class='ocrx_word' id='word_1_373' title='bbox 2404 2351 2473 2404; x_wconf 73' lang='grc' dir='ltr'>τὰ</span> <span class='ocrx_word' id='word_1_374' title='bbox 2500 2351 2615 2404; x_wconf 87' lang='grc' dir='ltr'>θεῖα</span> <span class='ocrx_word' id='word_1_375' title='bbox 2651 2348 2899 2404; x_wconf 90' lang='grc' dir='ltr'>τοιοῦτόν</span> <span class='ocrx_word' id='word_1_376' title='bbox 2960 2347 3124 2403; x_wconf 76' lang='grc' dir='ltr'>ἐστιν’</span> <span class='ocrx_word' id='word_1_377' title='bbox 3188 2346 3503 2424; x_wconf 70' lang='grc' dir='ltr'>ε’ίρηταιτῷ</span> <span class='ocrx_word' id='word_1_378' title='bbox 3556 2348 3902 2423; x_wconf 71' lang='grc' dir='ltr'>Ἀποστόλῳο</span> 
     </span>
    </p>
   </div>
   <div class='ocr_carea' id='block_1_56' title="bbox 2251 2435 3904 2514">
    <p class='ocr_par' dir='ltr' id='par_1_56' title="bbox 2251 2435 3904 2514">
     <span class='ocr_line' id='line_1_56' title="bbox 2251 2435 3904 2514; baseline 0.001 -22"><span class='ocrx_word' id='word_1_379' title='bbox 2251 2444 2614 2514; x_wconf 78' lang='grc' dir='ltr'>Συνταφῶμεν</span> <span class='ocrx_word' id='word_1_380' title='bbox 2644 2443 2724 2510; x_wconf 76' lang='grc' dir='ltr'>τῷ</span> <span class='ocrx_word' id='word_1_381' title='bbox 2754 2443 2994 2514; x_wconf 83' lang='grc' dir='ltr'>Χριστῷ,</span> <span class='ocrx_word' id='word_1_382' title='bbox 3022 2435 3115 2493; x_wconf 70' lang='grc' dir='ltr'>’ίνα</span> <span class='ocrx_word' id='word_1_383' title='bbox 3143 2437 3234 2492; x_wconf 86' lang='grc' dir='ltr'>καὶ</span> <span class='ocrx_word' id='word_1_384' title='bbox 3285 2443 3699 2512; x_wconf 82' lang='grc' dir='ltr'>συναναστῶμεν</span> <span class='ocrx_word' id='word_1_385' title='bbox 3751 2439 3904 2511; x_wconf 82' lang='grc' dir='ltr'>αὐτῷ</span> 
     </span>
    </p>
   </div>
   <div class='ocr_carea' id='block_1_57' title="bbox 2247 2523 3903 2603">
    <p class='ocr_par' dir='ltr' id='par_1_57' title="bbox 2247 2523 3903 2603">
     <span class='ocr_line' id='line_1_57' title="bbox 2247 2523 3903 2603; baseline 0.001 -22"><span class='ocrx_word' id='word_1_386' title='bbox 2247 2528 2336 2582; x_wconf 79' lang='grc' dir='ltr'>καὶ</span> <span class='ocrx_word' id='word_1_387' title='bbox 2366 2523 2907 2601; x_wconf 72' lang='grc' dir='ltr'>συμϐασιλεύσωμεν*</span> <span class='ocrx_word' id='word_1_388' title='bbox 2964 2528 2992 2582; x_wconf 88' lang='grc' dir='ltr'>ὁ</span> <span class='ocrx_word' id='word_1_389' title='bbox 3025 2524 3082 2581; x_wconf 75' lang='grc' dir='ltr'>δὶ</span> <span class='ocrx_word' id='word_1_390' title='bbox 3140 2531 3384 2603; x_wconf 78' lang='grc' dir='ltr'>σταυρῶν</span> <span class='ocrx_word' id='word_1_391' title='bbox 3419 2528 3605 2582; x_wconf 69' lang='grc' dir='ltr'>ἑαυτὸν</span> <span class='ocrx_word' id='word_1_392' title='bbox 3655 2526 3746 2582; x_wconf 84' lang='grc' dir='ltr'>καὶ</span> <span class='ocrx_word' id='word_1_393' title='bbox 3802 2530 3903 2599; x_wconf 82' lang='grc' dir='ltr'>τὴν</span> 
     </span>
    </p>
   </div>
   <div class='ocr_carea' id='block_1_58' title="bbox 2248 2615 3904 2692">
    <p class='ocr_par' dir='ltr' id='par_1_58' title="bbox 2248 2615 3904 2692">
     <span class='ocr_line' id='line_1_58' title="bbox 2248 2615 3904 2692; baseline 0.001 -21"><span class='ocrx_word' id='word_1_394' title='bbox 2248 2618 2438 2671; x_wconf 78' lang='grc' dir='ltr'>ἑαυτοῦ</span> <span class='ocrx_word' id='word_1_395' title='bbox 2469 2616 2660 2692; x_wconf 85' lang='grc' dir='ltr'>σάρκα,</span> <span class='ocrx_word' id='word_1_396' title='bbox 2718 2616 2878 2678; x_wconf 83' lang='grc' dir='ltr'>αὐτὸς</span> <span class='ocrx_word' id='word_1_397' title='bbox 2909 2615 2976 2671; x_wconf 83' lang='grc' dir='ltr'>τὰ</span> <span class='ocrx_word' id='word_1_398' title='bbox 3025 2617 3295 2689; x_wconf 82' lang='grc' dir='ltr'>στίγματα</span> <span class='ocrx_word' id='word_1_399' title='bbox 3322 2620 3419 2671; x_wconf 83' lang='grc' dir='ltr'>τοῦ</span> <span class='ocrx_word' id='word_1_400' title='bbox 3451 2620 3685 2689; x_wconf 77' lang='grc' dir='ltr'>Χριστοῦ</span> <span class='ocrx_word' id='word_1_401' title='bbox 3740 2616 3793 2672; x_wconf 70' lang='grc' dir='ltr'>ἐν</span> <span class='ocrx_word' id='word_1_402' title='bbox 3824 2621 3904 2690; x_wconf 74' lang='grc' dir='ltr'>τῷ</span> 
     </span>
    </p>
   </div>
   <div class='ocr_carea' id='block_1_59' title="bbox 2250 2699 3897 2782">
    <p class='ocr_par' dir='ltr' id='par_1_59' title="bbox 2250 2699 3897 2782">
     <span class='ocr_line' id='line_1_59' title="bbox 2250 2699 3897 2782; baseline 0.001 -23"><span class='ocrx_word' id='word_1_403' title='bbox 2250 2706 2433 2776; x_wconf 83' lang='grc' dir='ltr'>οἰκείῳ</span> <span class='ocrx_word' id='word_1_404' title='bbox 2464 2704 2675 2778; x_wconf 85' lang='grc' dir='ltr'>σώματι</span> <span class='ocrx_word' id='word_1_405' title='bbox 2701 2702 3236 2782; x_wconf 70' lang='grc' dir='ltr'>περιφέρειἚῗκότως</span> <span class='ocrx_word' id='word_1_406' title='bbox 3263 2704 3353 2759; x_wconf 84' lang='grc' dir='ltr'>οῦν</span> <span class='ocrx_word' id='word_1_407' title='bbox 3385 2705 3472 2759; x_wconf 77' lang='grc' dir='ltr'>καὶ</span> <span class='ocrx_word' id='word_1_408' title='bbox 3508 2699 3897 2779; x_wconf 78' lang='grc' dir='ltr'>συμϐασιλεύει</span> 
     </span>
    </p>
   </div>
   <div class='ocr_carea' id='block_1_60' title="bbox 2246 2792 3902 2870">
    <p class='ocr_par' dir='ltr' id='par_1_60' title="bbox 2246 2792 3902 2870">
     <span class='ocr_line' id='line_1_60' title="bbox 2246 2792 3902 2870; baseline 0 -22"><span class='ocrx_word' id='word_1_409' title='bbox 2246 2799 2326 2866; x_wconf 80' lang='grc' dir='ltr'>τῷ</span> <span class='ocrx_word' id='word_1_410' title='bbox 2373 2796 2612 2868; x_wconf 80' lang='grc' dir='ltr'>Χριστῷ,</span> <span class='ocrx_word' id='word_1_411' title='bbox 2662 2793 2751 2847; x_wconf 87' lang='grc' dir='ltr'>καὶ</span> <span class='ocrx_word' id='word_1_412' title='bbox 2796 2795 2864 2848; x_wconf 77' lang='grc' dir='ltr'>τὰ</span> <span class='ocrx_word' id='word_1_413' title='bbox 2910 2795 3026 2847; x_wconf 86' lang='grc' dir='ltr'>θεῖα</span> <span class='ocrx_word' id='word_1_414' title='bbox 3065 2792 3230 2848; x_wconf 80' lang='grc' dir='ltr'>αὐτοῦ</span> <span class='ocrx_word' id='word_1_415' title='bbox 3280 2792 3554 2869; x_wconf 80' lang='grc' dir='ltr'>θαρῥεῖται</span> <span class='ocrx_word' id='word_1_416' title='bbox 3605 2796 3902 2870; x_wconf 83' lang='grc' dir='ltr'>μυστήρια,</span> 
     </span>
    </p>
   </div>
   <div class='ocr_carea' id='block_1_61' title="bbox 2248 2878 3987 2958">
    <p class='ocr_par' dir='ltr' id='par_1_61' title="bbox 2248 2878 3987 2958">
     <span class='ocr_line' id='line_1_61' title="bbox 2248 2878 3987 2958; baseline 0 -21"><span class='ocrx_word' id='word_1_417' title='bbox 2248 2881 2371 2937; x_wconf 73' lang='grc' dir='ltr'>ὅταν</span> <span class='ocrx_word' id='word_1_418' title='bbox 2400 2882 2489 2937; x_wconf 87' lang='grc' dir='ltr'>καὶ</span> <span class='ocrx_word' id='word_1_419' title='bbox 2524 2882 2552 2936; x_wconf 90' lang='lat'>6</span> <span class='ocrx_word' id='word_1_420' title='bbox 2583 2879 2734 2958; x_wconf 78' lang='grc' dir='ltr'>ἅγιος</span> <span class='ocrx_word' id='word_1_421' title='bbox 2764 2881 3024 2955; x_wconf 83' lang='grc' dir='ltr'>Ἱερόθεος</span> <span class='ocrx_word' id='word_1_422' title='bbox 3072 2878 3282 2958; x_wconf 89' lang='grc' dir='ltr'>λέγεται</span> <span class='ocrx_word' id='word_1_423' title='bbox 3330 2883 3406 2954; x_wconf 82' lang='grc' dir='ltr'>μὴ</span> <span class='ocrx_word' id='word_1_424' title='bbox 3463 2881 3631 2954; x_wconf 88' lang='grc' dir='ltr'>μόνον</span> <span class='ocrx_word' id='word_1_425' title='bbox 3688 2885 3903 2955; x_wconf 83' lang='grc' dir='ltr'>μαθεῖν,</span> <span class='ocrx_word' id='word_1_426' title='bbox 3978 2926 3987 2931; x_wconf 90' lang='grc'><strong>-</strong></span> 
     </span>
    </p>
   </div>
   <div class='ocr_carea' id='block_1_62' title="bbox 2247 2968 3911 3044">
    <p class='ocr_par' dir='ltr' id='par_1_62' title="bbox 2247 2968 3911 3044">
     <span class='ocr_line' id='line_1_62' title="bbox 2247 2968 3911 3044; baseline 0 -18"><span class='ocrx_word' id='word_1_427' title='bbox 2247 2970 2394 3027; x_wconf 77' lang='grc' dir='ltr'>ἀλλὰ</span> <span class='ocrx_word' id='word_1_428' title='bbox 2422 2969 2509 3025; x_wconf 73' lang='grc' dir='ltr'>καί</span> <span class='ocrx_word' id='word_1_429' title='bbox 2540 2975 2730 3033; x_wconf 77' lang='grc' dir='ltr'>παθεῖν</span> <span class='ocrx_word' id='word_1_430' title='bbox 2760 2971 2826 3025; x_wconf 82' lang='grc' dir='ltr'>τὰ</span> <span class='ocrx_word' id='word_1_431' title='bbox 2843 2975 2977 3035; x_wconf 85' lang='grc' dir='ltr'>θεῖα·</span> <span class='ocrx_word' id='word_1_432' title='bbox 3006 2970 3096 3025; x_wconf 81' lang='grc' dir='ltr'>καὶ</span> <span class='ocrx_word' id='word_1_433' title='bbox 3125 2972 3152 3025; x_wconf 88' lang='lat'>6</span> <span class='ocrx_word' id='word_1_434' title='bbox 3185 2968 3255 3025; x_wconf 87' lang='grc' dir='ltr'>δι’</span> <span class='ocrx_word' id='word_1_435' title='bbox 3275 2970 3673 3044; x_wconf 72' lang='grc' dir='ltr'>ἀποκαλύψεως</span> <span class='ocrx_word' id='word_1_436' title='bbox 3699 2970 3767 3026; x_wconf 78' lang='grc' dir='ltr'>τὰ</span> <span class='ocrx_word' id='word_1_437' title='bbox 3789 2977 3911 3036; x_wconf 88' lang='grc' dir='ltr'>θεῖα</span> 
     </span>
    </p>
   </div>
   <div class='ocr_carea' id='block_1_63' title="bbox 2251 3058 3906 3134">
    <p class='ocr_par' dir='ltr' id='par_1_63' title="bbox 2251 3058 3906 3134">
     <span class='ocr_line' id='line_1_63' title="bbox 2251 3058 3906 3134; baseline 0.001 -21"><span class='ocrx_word' id='word_1_438' title='bbox 2251 3059 2578 3133; x_wconf 72' lang='grc' dir='ltr'>μυούμενος,</span> <span class='ocrx_word' id='word_1_439' title='bbox 2602 3058 2867 3130; x_wconf 81' lang='grc' dir='ltr'>ἐξίσταται</span> <span class='ocrx_word' id='word_1_440' title='bbox 2899 3060 3111 3130; x_wconf 73' lang='grc' dir='ltr'>ἑαυτοῦ,</span> <span class='ocrx_word' id='word_1_441' title='bbox 3139 3060 3229 3113; x_wconf 88' lang='grc' dir='ltr'>καὶ</span> <span class='ocrx_word' id='word_1_442' title='bbox 3256 3058 3439 3120; x_wconf 81' lang='grc' dir='ltr'>καλῶς</span> <span class='ocrx_word' id='word_1_443' title='bbox 3472 3058 3688 3134; x_wconf 87' lang='grc' dir='ltr'>λέγεται</span> <span class='ocrx_word' id='word_1_444' title='bbox 3714 3066 3906 3124; x_wconf 84' lang='grc' dir='ltr'>παθεῖν</span> 
     </span>
    </p>
   </div>
   <div class='ocr_carea' id='block_1_64' title="bbox 2245 3146 3906 3226">
    <p class='ocr_par' dir='ltr' id='par_1_64' title="bbox 2245 3146 3906 3226">
     <span class='ocr_line' id='line_1_64' title="bbox 2245 3146 3906 3226; baseline -0.001 -22"><span class='ocrx_word' id='word_1_445' title='bbox 2245 3150 2307 3204; x_wconf 84' lang='grc' dir='ltr'>τὸ</span> <span class='ocrx_word' id='word_1_446' title='bbox 2337 3147 2613 3226; x_wconf 75' lang='grc' dir='ltr'>ἐπωφελὶς</span> <span class='ocrx_word' id='word_1_447' title='bbox 2658 3153 2819 3203; x_wconf 88' lang='grc' dir='ltr'>τοῦτο</span> <span class='ocrx_word' id='word_1_448' title='bbox 2864 3148 3054 3218; x_wconf 84' lang='grc' dir='ltr'>πάθος,</span> <span class='ocrx_word' id='word_1_449' title='bbox 3097 3146 3190 3202; x_wconf 59' lang='grc' dir='ltr'>τίνα</span> <span class='ocrx_word' id='word_1_450' title='bbox 3230 3152 3362 3203; x_wconf 85' lang='grc' dir='ltr'>Θεοῦ</span> <span class='ocrx_word' id='word_1_451' title='bbox 3392 3147 3616 3223; x_wconf 86' lang='grc' dir='ltr'>γένηται</span> <span class='ocrx_word' id='word_1_452' title='bbox 3657 3150 3906 3222; x_wconf 86' lang='grc' dir='ltr'>καταγώ-</span> 
     </span>
    </p>
   </div>
   <div class='ocr_carea' id='block_1_65' title="bbox 490 3216 2139 3315">
    <p class='ocr_par' dir='ltr' id='par_1_65' title="bbox 490 3216 2131 3314">
     <span class='ocr_line' id='line_1_65' title="bbox 490 3216 2131 3314; baseline -0.008 -17"><span class='ocrx_word' id='word_1_453' title='bbox 490 3242 609 3314; x_wconf 88' lang='lat' dir='ltr'>pati</span> <span class='ocrx_word' id='word_1_454' title='bbox 627 3216 826 3296; x_wconf 81' lang='lat' dir='ltr'>utilem</span> <span class='ocrx_word' id='word_1_455' title='bbox 854 3240 998 3293; x_wconf 89' lang='lat' dir='ltr'>hanc</span> <span class='ocrx_word' id='word_1_456' title='bbox 1021 3216 1493 3308; x_wconf 66' lang='lat' dir='ltr'>passionnemmt</span> <span class='ocrx_word' id='word_1_457' title='bbox 1510 3234 1613 3288; x_wconf 85' lang='lat' dir='ltr'>fiat</span> <span class='ocrx_word' id='word_1_458' title='bbox 1630 3233 1730 3288; x_wconf 89' lang='lat' dir='ltr'>Dei</span> <span class='ocrx_word' id='word_1_459' title='bbox 1746 3231 2131 3288; x_wconf 88' lang='lat' dir='ltr'>domicilium.</span> 
     </span>
    </p>
   </div>
   <div class='ocr_carea' id='block_1_66' title="bbox 2254 3216 3909 3315">
    <p class='ocr_par' dir='ltr' id='par_1_66' title="bbox 2254 3216 3909 3315">
     <span class='ocr_line' id='line_1_66' title="bbox 2254 3216 3909 3315; baseline 0 -23"><span class='ocrx_word' id='word_1_460' title='bbox 2254 3260 2384 3312; x_wconf 77' lang='grc' dir='ltr'>γιον.</span> <span class='ocrx_word' id='word_1_461' title='bbox 2420 3216 2667 3299; x_wconf 70' lang='grc' dir='ltr'>νᾸλλως.</span> <span class='ocrx_word' id='word_1_462' title='bbox 2702 3243 2896 3302; x_wconf 76' lang='grc' dir='ltr'>Μαθεῖν</span> <span class='ocrx_word' id='word_1_463' title='bbox 2926 3216 3085 3292; x_wconf 68' lang='grc' dir='ltr'>αὐτόν</span> <span class='ocrx_word' id='word_1_464' title='bbox 3113 3233 3212 3315; x_wconf 74' lang='grc' dir='ltr'>ἔφη</span> <span class='ocrx_word' id='word_1_465' title='bbox 3240 3238 3310 3292; x_wconf 69' lang='grc' dir='ltr'>τὰ</span> <span class='ocrx_word' id='word_1_466' title='bbox 3339 3216 3478 3302; x_wconf 83' lang='grc' dir='ltr'>θεῖα,</span> <span class='ocrx_word' id='word_1_467' title='bbox 3512 3216 3586 3299; x_wconf 69' lang='grc' dir='ltr'>ὥς</span> <span class='ocrx_word' id='word_1_468' title='bbox 3641 3238 3705 3293; x_wconf 79' lang='grc' dir='ltr'>οὐ</span> <span class='ocrx_word' id='word_1_469' title='bbox 3749 3216 3909 3292; x_wconf 57' lang='grc' dir='ltr'>διδα-</span> 
     </span>
    </p>
   </div>
   <div class='ocr_carea' id='block_1_67' title="bbox 485 3322 2139 3401">
    <p class='ocr_par' dir='ltr' id='par_1_67' title="bbox 485 3322 2136 3398">
     <span class='ocr_line' id='line_1_67' title="bbox 485 3322 2136 3398; baseline -0.006 -12"><span class='ocrx_word' id='word_1_470' title='bbox 485 3330 687 3386; x_wconf 85' lang='lat' dir='ltr'>Aliter.</span> <span class='ocrx_word' id='word_1_471' title='bbox 722 3328 875 3385; x_wconf 85' lang='lat' dir='ltr'>Dixit</span> <span class='ocrx_word' id='word_1_472' title='bbox 907 3328 1101 3398; x_wconf 88' lang='lat' dir='ltr'>ipsum</span> <span class='ocrx_word' id='word_1_473' title='bbox 1134 3340 1376 3397; x_wconf 90' lang='lat' dir='ltr'>passum</span> <span class='ocrx_word' id='word_1_474' title='bbox 1402 3322 1795 3393; x_wconf 87' lang='lat' dir='ltr'>divina,quasi</span> <span class='ocrx_word' id='word_1_475' title='bbox 1826 3322 1981 3377; x_wconf 90' lang='lat' dir='ltr'>dicat</span> <span class='ocrx_word' id='word_1_476' title='bbox 2002 3338 2136 3377; x_wconf 90' lang='lat' dir='ltr'>eum</span> 
     </span>
    </p>
   </div>
   <div class='ocr_carea' id='block_1_68' title="bbox 2254 3322 3908 3401">
    <p class='ocr_par' dir='ltr' id='par_1_68' title="bbox 2254 3323 3908 3401">
     <span class='ocr_line' id='line_1_68' title="bbox 2254 3323 3908 3401; baseline -0.001 -20"><span class='ocrx_word' id='word_1_477' title='bbox 2254 3332 2387 3388; x_wconf 75' lang='grc' dir='ltr'>κτῶς</span> <span class='ocrx_word' id='word_1_478' title='bbox 2430 3323 2520 3381; x_wconf 80' lang='grc' dir='ltr'>διὰ</span> <span class='ocrx_word' id='word_1_479' title='bbox 2574 3326 2744 3401; x_wconf 91' lang='grc' dir='ltr'>λόγου</span> <span class='ocrx_word' id='word_1_480' title='bbox 2798 3327 2897 3395; x_wconf 79' lang='grc' dir='ltr'>τήν</span> <span class='ocrx_word' id='word_1_481' title='bbox 2950 3327 3076 3401; x_wconf 88' lang='grc' dir='ltr'>περὶ</span> <span class='ocrx_word' id='word_1_482' title='bbox 3128 3326 3346 3381; x_wconf 87' lang='grc' dir='ltr'>τούτων</span> <span class='ocrx_word' id='word_1_483' title='bbox 3400 3324 3646 3396; x_wconf 82' lang='grc' dir='ltr'>δέξασθαι</span> <span class='ocrx_word' id='word_1_484' title='bbox 3705 3326 3908 3399; x_wconf 80' lang='grc' dir='ltr'>μύησιν</span> 
     </span>
    </p>
   </div>
   <div class='ocr_carea' id='block_1_69' title="bbox 488 3412 2139 3490">
    <p class='ocr_par' dir='ltr' id='par_1_69' title="bbox 488 3412 2139 3490">
     <span class='ocr_line' id='line_1_69' title="bbox 488 3412 2139 3490; baseline -0.005 -15"><span class='ocrx_word' id='word_1_485' title='bbox 488 3437 603 3476; x_wconf 90' lang='lat' dir='ltr'>non</span> <span class='ocrx_word' id='word_1_486' title='bbox 630 3418 945 3490; x_wconf 87' lang='lat' dir='ltr'>disciplina</span> <span class='ocrx_word' id='word_1_487' title='bbox 962 3433 1065 3488; x_wconf 90' lang='lat' dir='ltr'>per</span> <span class='ocrx_word' id='word_1_488' title='bbox 1086 3429 1416 3471; x_wconf 88' lang='lat' dir='ltr'>sermonem</span> <span class='ocrx_word' id='word_1_489' title='bbox 1438 3412 1649 3467; x_wconf 89' lang='lat' dir='ltr'>horum</span> <span class='ocrx_word' id='word_1_490' title='bbox 1681 3416 2017 3467; x_wconf 88' lang='lat' dir='ltr'>assecutum</span> <span class='ocrx_word' id='word_1_491' title='bbox 2043 3413 2139 3467; x_wconf 90' lang='lat' dir='ltr'>do-</span> 
     </span>
    </p>
   </div>
   <div class='ocr_carea' id='block_1_70' title="bbox 2254 3412 3899 3490">
    <p class='ocr_par' dir='ltr' id='par_1_70' title="bbox 2254 3413 3899 3490">
     <span class='ocr_line' id='line_1_70' title="bbox 2254 3413 3899 3490; baseline 0 -21"><span class='ocrx_word' id='word_1_492' title='bbox 2254 3414 2449 3490; x_wconf 83' lang='grc' dir='ltr'>λέγων,</span> <span class='ocrx_word' id='word_1_493' title='bbox 2470 3413 2617 3470; x_wconf 82' lang='grc' dir='ltr'>ἀλλὰ</span> <span class='ocrx_word' id='word_1_494' title='bbox 2639 3418 2707 3489; x_wconf 77' lang='grc' dir='ltr'>τῇ</span> <span class='ocrx_word' id='word_1_495' title='bbox 2738 3414 2852 3487; x_wconf 83' lang='grc' dir='ltr'>θείᾳ</span> <span class='ocrx_word' id='word_1_496' title='bbox 2881 3414 3149 3489; x_wconf 77' lang='grc' dir='ltr'>ἐκλάμψει</span> <span class='ocrx_word' id='word_1_497' title='bbox 3212 3413 3609 3483; x_wconf 82' lang='grc' dir='ltr'>ἐντυπωθῆναι,</span> <span class='ocrx_word' id='word_1_498' title='bbox 3656 3415 3748 3469; x_wconf 82' lang='grc' dir='ltr'>καὶ</span> <span class='ocrx_word' id='word_1_499' title='bbox 3780 3418 3899 3471; x_wconf 81' lang='grc' dir='ltr'>οἷον</span> 
     </span>
    </p>
   </div>
   <div class='ocr_carea' id='block_1_71' title="bbox 493 3501 2139 3581">
    <p class='ocr_par' dir='ltr' id='par_1_71' title="bbox 493 3501 2136 3575">
     <span class='ocr_line' id='line_1_71' title="bbox 493 3501 2136 3575; baseline -0.005 -9"><span class='ocrx_word' id='word_1_500' title='bbox 493 3510 741 3566; x_wconf 87' lang='lat' dir='ltr'>ctrinam</span> <span class='ocrx_word' id='word_1_501' title='bbox 766 3523 780 3575; x_wconf 89' lang='lat'>;</span> <span class='ocrx_word' id='word_1_502' title='bbox 816 3507 916 3563; x_wconf 92' lang='lat' dir='ltr'>sed</span> <span class='ocrx_word' id='word_1_503' title='bbox 940 3505 1137 3561; x_wconf 90' lang='lat' dir='ltr'>divina</span> <span class='ocrx_word' id='word_1_504' title='bbox 1178 3503 1574 3558; x_wconf 80' lang='lat' dir='ltr'>illustrations</span> <span class='ocrx_word' id='word_1_505' title='bbox 1595 3501 1948 3573; x_wconf 86' lang='lat' dir='ltr'>impressam</span> <span class='ocrx_word' id='word_1_506' title='bbox 1971 3506 2028 3556; x_wconf 90' lang='lat' dir='ltr'>et</span> <span class='ocrx_word' id='word_1_507' title='bbox 2047 3517 2136 3557; x_wconf 85' lang='lat' dir='ltr'>ve-</span> 
     </span>
    </p>
   </div>
   <div class='ocr_carea' id='block_1_72' title="bbox 2254 3501 3900 3581">
    <p class='ocr_par' dir='ltr' id='par_1_72' title="bbox 2254 3501 3900 3581">
     <span class='ocr_line' id='line_1_72' title="bbox 2254 3501 3900 3581; baseline -0.001 -21"><span class='ocrx_word' id='word_1_508' title='bbox 2254 3504 2649 3578; x_wconf 74' lang='grc' dir='ltr'>ίνσημανθῆναι</span> <span class='ocrx_word' id='word_1_509' title='bbox 2703 3507 2773 3577; x_wconf 80' lang='grc' dir='ltr'>τῇ</span> <span class='ocrx_word' id='word_1_510' title='bbox 2807 3501 3021 3575; x_wconf 82' lang='grc' dir='ltr'>διανοίᾳ</span> <span class='ocrx_word' id='word_1_511' title='bbox 3046 3504 3145 3572; x_wconf 77' lang='grc' dir='ltr'>τὴν</span> <span class='ocrx_word' id='word_1_512' title='bbox 3177 3508 3378 3579; x_wconf 82' lang='grc' dir='ltr'>γνῶσιν</span> <span class='ocrx_word' id='word_1_513' title='bbox 3409 3508 3518 3559; x_wconf 80' lang='grc' dir='ltr'>τῶν</span> <span class='ocrx_word' id='word_1_514' title='bbox 3550 3504 3682 3579; x_wconf 83' lang='grc' dir='ltr'>ὑπὶρ</span> <span class='ocrx_word' id='word_1_515' title='bbox 3717 3504 3900 3581; x_wconf 84' lang='grc' dir='ltr'>φύσιν,</span> 
     </span>
    </p>
   </div>
   <div class='ocr_carea' id='block_1_73' title="bbox 488 3590 2139 3669">
    <p class='ocr_par' dir='ltr' id='par_1_73' title="bbox 488 3590 2135 3668">
     <span class='ocr_line' id='line_1_73' title="bbox 488 3590 2135 3668; baseline -0.004 -14"><span class='ocrx_word' id='word_1_516' title='bbox 488 3598 594 3654; x_wconf 89' lang='lat' dir='ltr'>luti</span> <span class='ocrx_word' id='word_1_517' title='bbox 625 3596 969 3668; x_wconf 83' lang='lat' dir='ltr'>insignitam</span> <span class='ocrx_word' id='word_1_518' title='bbox 1002 3594 1061 3648; x_wconf 93' lang='lat' dir='ltr'>in</span> <span class='ocrx_word' id='word_1_519' title='bbox 1094 3597 1287 3649; x_wconf 88' lang='lat' dir='ltr'>mente</span> <span class='ocrx_word' id='word_1_520' title='bbox 1319 3590 1824 3663; x_wconf 86' lang='lat' dir='ltr'>supernaturalem</span> <span class='ocrx_word' id='word_1_521' title='bbox 1858 3590 2135 3647; x_wconf 86' lang='lat' dir='ltr'>habuisse</span> 
     </span>
    </p>
   </div>
   <div class='ocr_carea' id='block_1_74' title="bbox 2254 3590 3900 3669">
    <p class='ocr_par' dir='ltr' id='par_1_74' title="bbox 2254 3591 3900 3669">
     <span class='ocr_line' id='line_1_74' title="bbox 2254 3591 3900 3669; baseline -0.001 -21"><span class='ocrx_word' id='word_1_522' title='bbox 2254 3594 2332 3649; x_wconf 62' lang='grc' dir='ltr'>καὶ</span> <span class='ocrx_word' id='word_1_523' title='bbox 2361 3595 2460 3663; x_wconf 84' lang='grc' dir='ltr'>τήν</span> <span class='ocrx_word' id='word_1_524' title='bbox 2482 3596 2523 3629; x_wconf 72' lang='grc'>¹⁴</span> <span class='ocrx_word' id='word_1_525' title='bbox 2548 3592 2804 3662; x_wconf 81' lang='grc' dir='ltr'>τοιαύτην</span> <span class='ocrx_word' id='word_1_526' title='bbox 2826 3597 2933 3647; x_wconf 83' lang='grc' dir='ltr'>τῶν</span> <span class='ocrx_word' id='word_1_527' title='bbox 2968 3594 3255 3669; x_wconf 84' lang='grc' dir='ltr'>θειοτέρων</span> <span class='ocrx_word' id='word_1_528' title='bbox 3306 3593 3504 3665; x_wconf 87' lang='grc' dir='ltr'>μύησιν</span> <span class='ocrx_word' id='word_1_529' title='bbox 3558 3591 3900 3666; x_wconf 83' lang='grc' dir='ltr'>συμπάθειαν</span> 
     </span>
    </p>
   </div>
   <div class='ocr_carea' id='block_1_75' title="bbox 487 3678 2139 3759">
    <p class='ocr_par' dir='ltr' id='par_1_75' title="bbox 487 3680 2133 3759">
     <span class='ocr_line' id='line_1_75' title="bbox 487 3680 2133 3759; baseline -0.005 -16"><span class='ocrx_word' id='word_1_530' title='bbox 487 3686 905 3759; x_wconf 87' lang='lat' dir='ltr'>cognitionem,</span> <span class='ocrx_word' id='word_1_531' title='bbox 948 3682 1241 3753; x_wconf 85' lang='lat' dir='ltr'>talemque</span> <span class='ocrx_word' id='word_1_532' title='bbox 1290 3680 1647 3735; x_wconf 87' lang='lat' dir='ltr'>diviniorum</span> <span class='ocrx_word' id='word_1_533' title='bbox 1698 3680 2133 3736; x_wconf 88' lang='lat' dir='ltr'>institutionem</span> 
     </span>
    </p>
   </div>
   <div class='ocr_carea' id='block_1_76' title="bbox 2254 3678 3099 3759">
    <p class='ocr_par' dir='ltr' id='par_1_76' title="bbox 2254 3678 3099 3759">
     <span class='ocr_line' id='line_1_76' title="bbox 2254 3678 3099 3759; baseline 0.001 -21"><span class='ocrx_word' id='word_1_534' title='bbox 2254 3680 2515 3755; x_wconf 73' lang='grc' dir='ltr'>έκάλεσεν,</span> <span class='ocrx_word' id='word_1_535' title='bbox 2541 3678 2708 3759; x_wconf 69' lang='grc' dir='ltr'>ἤγουν</span> <span class='ocrx_word' id='word_1_536' title='bbox 2741 3679 3099 3739; x_wconf 85' lang='grc' dir='ltr'>συνδιάθεσιν.</span> 
     </span>
    </p>
   </div>
   <div class='ocr_carea' id='block_1_77' title="bbox 484 3770 1829 3848">
    <p class='ocr_par' dir='ltr' id='par_1_77' title="bbox 484 3770 1829 3848">
     <span class='ocr_line' id='line_1_77' title="bbox 484 3770 1829 3848; baseline -0.005 -15"><span class='ocrx_word' id='word_1_537' title='bbox 484 3777 913 3848; x_wconf 75' lang='lat' dir='ltr'>compassionem</span> <span class='ocrx_word' id='word_1_538' title='bbox 947 3772 1192 3836; x_wconf 88' lang='lat' dir='ltr'>vocavit,</span> <span class='ocrx_word' id='word_1_539' title='bbox 1227 3787 1327 3826; x_wconf 90' lang='lat' dir='ltr'>seu</span> <span class='ocrx_word' id='word_1_540' title='bbox 1359 3770 1829 3826; x_wconf 88' lang='lat' dir='ltr'>consensionem.</span> 
     </span>
    </p>
   </div>
   <div class='ocr_carea' id='block_1_78' title="bbox 555 3868 2129 3942">
    <p class='ocr_par' dir='ltr' id='par_1_78' title="bbox 555 3868 2129 3942">
     <span class='ocr_line' id='line_1_78' title="bbox 555 3868 2129 3942; baseline -0.003 -13"><span class='ocrx_word' id='word_1_541' title='bbox 555 3873 850 3942; x_wconf 83' lang='lat' dir='ltr'>§X.Causa</span> <span class='ocrx_word' id='word_1_542' title='bbox 866 3868 1350 3926; x_wconf 82' lang='lat' dir='ltr'>omnium.Divina</span> <span class='ocrx_word' id='word_1_543' title='bbox 1370 3869 1486 3923; x_wconf 68' lang='lat' dir='ltr'>haec</span> <span class='ocrx_word' id='word_1_544' title='bbox 1500 3869 1676 3923; x_wconf 90' lang='lat' dir='ltr'>verba</span> <span class='ocrx_word' id='word_1_545' title='bbox 1690 3873 2129 3939; x_wconf 67' lang='lat' dir='ltr'>repraesentant,</span> 
     </span>
    </p>
   </div>
   <div class='ocr_carea' id='block_1_79' title="bbox 483 3957 2132 4036">
    <p class='ocr_par' dir='ltr' id='par_1_79' title="bbox 483 3957 2132 4036">
     <span class='ocr_line' id='line_1_79' title="bbox 483 3957 2132 4036; baseline -0.004 -16"><span class='ocrx_word' id='word_1_546' title='bbox 483 3981 596 4036; x_wconf 93' lang='lat' dir='ltr'>quo</span> <span class='ocrx_word' id='word_1_547' title='bbox 642 3964 815 4018; x_wconf 90' lang='lat' dir='ltr'>modo</span> <span class='ocrx_word' id='word_1_548' title='bbox 848 3966 905 4016; x_wconf 92' lang='lat' dir='ltr'>et</span> <span class='ocrx_word' id='word_1_549' title='bbox 952 3959 1130 4015; x_wconf 80' lang='lat' dir='ltr'>Filius</span> <span class='ocrx_word' id='word_1_550' title='bbox 1179 3958 1238 4013; x_wconf 89' lang='lat' dir='ltr'>in</span> <span class='ocrx_word' id='word_1_551' title='bbox 1292 3957 1491 4013; x_wconf 90' lang='lat' dir='ltr'>omnia</span> <span class='ocrx_word' id='word_1_552' title='bbox 1536 3957 1834 4028; x_wconf 84' lang='lat' dir='ltr'>omnibus,</span> <span class='ocrx_word' id='word_1_553' title='bbox 1866 3964 1923 4012; x_wconf 90' lang='lat' dir='ltr'>et</span> <span class='ocrx_word' id='word_1_554' title='bbox 1956 3963 2132 4030; x_wconf 88' lang='lat' dir='ltr'>caput</span> 
     </span>
    </p>
   </div>
   <div class='ocr_carea' id='block_1_80' title="bbox 2314 3869 3897 3946">
    <p class='ocr_par' dir='ltr' id='par_1_80' title="bbox 2314 3869 3897 3946">
     <span class='ocr_line' id='line_1_80' title="bbox 2314 3869 3897 3946; baseline -0.003 -19"><span class='ocrx_word' id='word_1_555' title='bbox 2314 3879 2340 3945; x_wconf 85' lang='lat'>§</span> <span class='ocrx_word' id='word_1_556' title='bbox 2370 3880 2433 3931; x_wconf 78' lang='grc' dir='ltr'>Χ.</span> <span class='ocrx_word' id='word_1_557' title='bbox 2466 3874 2527 3927; x_wconf 84' lang='grc' dir='ltr'>Ἣ</span> <span class='ocrx_word' id='word_1_558' title='bbox 2587 3871 2800 3927; x_wconf 88' lang='grc' dir='ltr'>πάντων</span> <span class='ocrx_word' id='word_1_559' title='bbox 2834 3870 3000 3930; x_wconf 83' lang='grc' dir='ltr'>αἰτία.</span> <span class='ocrx_word' id='word_1_560' title='bbox 3026 3873 3101 3926; x_wconf 83' lang='grc' dir='ltr'>Τὰ</span> <span class='ocrx_word' id='word_1_561' title='bbox 3132 3876 3248 3935; x_wconf 86' lang='grc' dir='ltr'>θεῖα</span> <span class='ocrx_word' id='word_1_562' title='bbox 3274 3875 3442 3926; x_wconf 87' lang='grc' dir='ltr'>ταῦτα</span> <span class='ocrx_word' id='word_1_563' title='bbox 3469 3869 3764 3946; x_wconf 75' lang='grc' dir='ltr'>παρίστησι</span> <span class='ocrx_word' id='word_1_564' title='bbox 3796 3870 3897 3946; x_wconf 77' lang='grc' dir='ltr'>ῥή-</span> 
     </span>
    </p>
   </div>
   <div class='ocr_carea' id='block_1_81' title="bbox 2244 3958 3896 4037">
    <p class='ocr_par' dir='ltr' id='par_1_81' title="bbox 2244 3958 3896 4037">
     <span class='ocr_line' id='line_1_81' title="bbox 2244 3958 3896 4037; baseline -0.002 -21"><span class='ocrx_word' id='word_1_565' title='bbox 2244 3982 2403 4034; x_wconf 78' lang='grc' dir='ltr'>ματα,</span> <span class='ocrx_word' id='word_1_566' title='bbox 2430 3966 2550 4024; x_wconf 79' lang='grc' dir='ltr'>πῶς</span> <span class='ocrx_word' id='word_1_567' title='bbox 2578 3960 2666 4014; x_wconf 84' lang='grc' dir='ltr'>καὶ</span> <span class='ocrx_word' id='word_1_568' title='bbox 2699 3962 2726 4014; x_wconf 91' lang='grc' dir='ltr'>ὁ</span> <span class='ocrx_word' id='word_1_569' title='bbox 2758 3961 2883 4021; x_wconf 73' lang='grc' dir='ltr'>Υἱὸς</span> <span class='ocrx_word' id='word_1_570' title='bbox 2930 3961 2999 4014; x_wconf 78' lang='grc' dir='ltr'>τὰ</span> <span class='ocrx_word' id='word_1_571' title='bbox 3046 3961 3221 4016; x_wconf 86' lang='grc' dir='ltr'>πάντα</span> <span class='ocrx_word' id='word_1_572' title='bbox 3251 3960 3302 4015; x_wconf 84' lang='grc' dir='ltr'>ἐν</span> <span class='ocrx_word' id='word_1_573' title='bbox 3337 3964 3489 4029; x_wconf 79' lang='grc' dir='ltr'>πᾶσι,</span> <span class='ocrx_word' id='word_1_574' title='bbox 3540 3960 3630 4015; x_wconf 83' lang='grc' dir='ltr'>καὶ</span> <span class='ocrx_word' id='word_1_575' title='bbox 3678 3958 3896 4037; x_wconf 78' lang='grc' dir='ltr'>κεφαλή</span> 
     </span>
    </p>
   </div>
   <div class='ocr_carea' id='block_1_82' title="bbox 481 4046 2139 4127">
    <p class='ocr_par' dir='ltr' id='par_1_82' title="bbox 481 4046 2129 4119">
     <span class='ocr_line' id='line_1_82' title="bbox 481 4046 2129 4119; baseline -0.005 -10"><span class='ocrx_word' id='word_1_576' title='bbox 481 4053 745 4109; x_wconf 90' lang='lat' dir='ltr'>omnium</span> <span class='ocrx_word' id='word_1_577' title='bbox 779 4050 1104 4107; x_wconf 89' lang='lat' dir='ltr'>secundum</span> <span class='ocrx_word' id='word_1_578' title='bbox 1126 4047 1467 4119; x_wconf 90' lang='lat' dir='ltr'>Apostolum</span> <span class='ocrx_word' id='word_1_579' title='bbox 1500 4050 1659 4116; x_wconf 88' lang='lat' dir='ltr'>(/),ac</span> <span class='ocrx_word' id='word_1_580' title='bbox 1679 4046 1819 4101; x_wconf 90' lang='lat' dir='ltr'>dicit</span> <span class='ocrx_word' id='word_1_581' title='bbox 1848 4062 1975 4101; x_wconf 89' lang='lat' dir='ltr'>esse</span> <span class='ocrx_word' id='word_1_582' title='bbox 2005 4064 2129 4101; x_wconf 88' lang='lat' dir='ltr'>om-</span> 
     </span>
    </p>
   </div>
   <div class='ocr_carea' id='block_1_83' title="bbox 2254 4046 3898 4127">
    <p class='ocr_par' dir='ltr' id='par_1_83' title="bbox 2254 4046 3898 4127">
     <span class='ocr_line' id='line_1_83' title="bbox 2254 4046 3898 4127; baseline -0.001 -24"><span class='ocrx_word' id='word_1_583' title='bbox 2254 4049 2449 4104; x_wconf 71' lang='grc' dir='ltr'>τάντων</span> <span class='ocrx_word' id='word_1_584' title='bbox 2493 4050 2629 4103; x_wconf 87' lang='grc' dir='ltr'>κατὰ</span> <span class='ocrx_word' id='word_1_585' title='bbox 2656 4047 2747 4104; x_wconf 79' lang='grc' dir='ltr'>τὸν</span> <span class='ocrx_word' id='word_1_586' title='bbox 2798 4046 3154 4106; x_wconf 82' lang='grc' dir='ltr'>Ἀπόστολον·</span> <span class='ocrx_word' id='word_1_587' title='bbox 3209 4049 3298 4103; x_wconf 79' lang='grc' dir='ltr'>καὶ</span> <span class='ocrx_word' id='word_1_588' title='bbox 3343 4071 3528 4127; x_wconf 82' lang='grc' dir='ltr'>φησιν,</span> <span class='ocrx_word' id='word_1_589' title='bbox 3562 4049 3644 4105; x_wconf 78' lang='grc' dir='ltr'>ὅτι</span> <span class='ocrx_word' id='word_1_590' title='bbox 3678 4049 3898 4103; x_wconf 81' lang='grc' dir='ltr'>πάντων</span> 
     </span>
    </p>
   </div>
   <div class='ocr_carea' id='block_1_84' title="bbox 479 4136 2139 4213">
    <p class='ocr_par' dir='ltr' id='par_1_84' title="bbox 479 4139 2129 4212">
     <span class='ocr_line' id='line_1_84' title="bbox 479 4139 2129 4212; baseline -0.004 -15"><span class='ocrx_word' id='word_1_591' title='bbox 479 4143 644 4198; x_wconf 90' lang='lat' dir='ltr'>nium</span> <span class='ocrx_word' id='word_1_592' title='bbox 679 4139 1106 4212; x_wconf 90' lang='lat' dir='ltr'>plenitudinem</span> <span class='ocrx_word' id='word_1_593' title='bbox 1138 4142 1195 4193; x_wconf 89' lang='lat' dir='ltr'>et</span> <span class='ocrx_word' id='word_1_594' title='bbox 1224 4152 1592 4209; x_wconf 84' lang='lat' dir='ltr'>compagem,</span> <span class='ocrx_word' id='word_1_595' title='bbox 1624 4139 2024 4190; x_wconf 88' lang='lat' dir='ltr'>creaturarum</span> <span class='ocrx_word' id='word_1_596' title='bbox 2044 4152 2129 4190; x_wconf 91' lang='lat' dir='ltr'>se-</span> 
     </span>
    </p>
   </div>
   <div class='ocr_carea' id='block_1_85' title="bbox 2254 4136 3897 4213">
    <p class='ocr_par' dir='ltr' id='par_1_85' title="bbox 2254 4136 3897 4213">
     <span class='ocr_line' id='line_1_85' title="bbox 2254 4136 3897 4213; baseline 0 -22"><span class='ocrx_word' id='word_1_597' title='bbox 2254 4139 2346 4192; x_wconf 67' lang='grc' dir='ltr'>ἐστὶ</span> <span class='ocrx_word' id='word_1_598' title='bbox 2378 4138 2661 4212; x_wconf 85' lang='grc' dir='ltr'>πλήρωμα</span> <span class='ocrx_word' id='word_1_599' title='bbox 2707 4137 2796 4191; x_wconf 75' lang='grc' dir='ltr'>καὶ</span> <span class='ocrx_word' id='word_1_600' title='bbox 2856 4137 3143 4213; x_wconf 82' lang='grc' dir='ltr'>συνοχεὺς.</span> <span class='ocrx_word' id='word_1_601' title='bbox 3199 4139 3300 4206; x_wconf 80' lang='grc' dir='ltr'>τήν</span> <span class='ocrx_word' id='word_1_602' title='bbox 3361 4136 3749 4213; x_wconf 79' lang='grc' dir='ltr'>ἀλληλουχίαν</span> <span class='ocrx_word' id='word_1_603' title='bbox 3781 4141 3897 4192; x_wconf 81' lang='grc' dir='ltr'>τῶν</span> 
     </span>
    </p>
   </div>
   <div class='ocr_carea' id='block_1_86' title="bbox 481 4224 2139 4302">
    <p class='ocr_par' dir='ltr' id='par_1_86' title="bbox 481 4224 2127 4299">
     <span class='ocr_line' id='line_1_86' title="bbox 481 4224 2127 4299; baseline -0.005 -12"><span class='ocrx_word' id='word_1_604' title='bbox 481 4231 627 4286; x_wconf 89' lang='lat' dir='ltr'>riem</span> <span class='ocrx_word' id='word_1_605' title='bbox 659 4225 1248 4299; x_wconf 84' lang='lat' dir='ltr'>constringentem,id</span> <span class='ocrx_word' id='word_1_606' title='bbox 1282 4233 1364 4280; x_wconf 85' lang='lat' dir='ltr'>est</span> <span class='ocrx_word' id='word_1_607' title='bbox 1398 4228 1592 4295; x_wconf 87' lang='lat' dir='ltr'>partes</span> <span class='ocrx_word' id='word_1_608' title='bbox 1624 4239 1758 4278; x_wconf 89' lang='lat' dir='ltr'>eum</span> <span class='ocrx_word' id='word_1_609' title='bbox 1793 4227 2005 4290; x_wconf 89' lang='lat' dir='ltr'>toto,ut</span> <span class='ocrx_word' id='word_1_610' title='bbox 2027 4224 2127 4295; x_wconf 92' lang='lat' dir='ltr'>qui</span> 
     </span>
    </p>
   </div>
   <div class='ocr_carea' id='block_1_87' title="bbox 2254 4224 3901 4302">
    <p class='ocr_par' dir='ltr' id='par_1_87' title="bbox 2254 4225 3901 4302">
     <span class='ocr_line' id='line_1_87' title="bbox 2254 4225 3901 4302; baseline -0.001 -21"><span class='ocrx_word' id='word_1_611' title='bbox 2254 4225 2743 4301; x_wconf 73' lang='grc' dir='ltr'>ῖημιουργημάτων</span> <span class='ocrx_word' id='word_1_612' title='bbox 2804 4227 3131 4302; x_wconf 83' lang='grc' dir='ltr'>συσφίγγων,</span> <span class='ocrx_word' id='word_1_613' title='bbox 3207 4227 3448 4282; x_wconf 78' lang='grc' dir='ltr'>τουτέστι</span> <span class='ocrx_word' id='word_1_614' title='bbox 3507 4228 3573 4281; x_wconf 77' lang='grc' dir='ltr'>τὰ</span> <span class='ocrx_word' id='word_1_615' title='bbox 3626 4227 3763 4299; x_wconf 89' lang='grc' dir='ltr'>μέρη</span> <span class='ocrx_word' id='word_1_616' title='bbox 3817 4229 3901 4297; x_wconf 81' lang='grc' dir='ltr'>τῷ</span> 
     </span>
    </p>
   </div>
   <div class='ocr_carea' id='block_1_88' title="bbox 480 4312 2139 4390">
    <p class='ocr_par' dir='ltr' id='par_1_88' title="bbox 480 4312 2126 4388">
     <span class='ocr_line' id='line_1_88' title="bbox 480 4312 2126 4388; baseline -0.004 -12"><span class='ocrx_word' id='word_1_617' title='bbox 480 4326 566 4376; x_wconf 87' lang='lat' dir='ltr'>est</span> <span class='ocrx_word' id='word_1_618' title='bbox 584 4318 783 4375; x_wconf 88' lang='lat' dir='ltr'>omnia</span> <span class='ocrx_word' id='word_1_619' title='bbox 801 4336 814 4385; x_wconf 93' lang='lat'><strong>;</strong></span> <span class='ocrx_word' id='word_1_620' title='bbox 830 4333 966 4388; x_wconf 86' lang='lat' dir='ltr'>ergo</span> <span class='ocrx_word' id='word_1_621' title='bbox 988 4315 1148 4369; x_wconf 90' lang='lat' dir='ltr'>velut</span> <span class='ocrx_word' id='word_1_622' title='bbox 1170 4312 1427 4368; x_wconf 86' lang='lat' dir='ltr'>universi</span> <span class='ocrx_word' id='word_1_623' title='bbox 1450 4316 1971 4383; x_wconf 81' lang='lat' dir='ltr'>coagmentator,et</span> <span class='ocrx_word' id='word_1_624' title='bbox 1992 4330 2126 4383; x_wconf 88' lang='lat' dir='ltr'>pars</span> 
     </span>
    </p>
   </div>
   <div class='ocr_carea' id='block_1_89' title="bbox 2254 4312 3898 4390">
    <p class='ocr_par' dir='ltr' id='par_1_89' title="bbox 2254 4313 3898 4390">
     <span class='ocr_line' id='line_1_89' title="bbox 2254 4313 3898 4390; baseline -0.002 -20"><span class='ocrx_word' id='word_1_625' title='bbox 2254 4317 2413 4384; x_wconf 71' lang='grc' dir='ltr'>παντὶ,</span> <span class='ocrx_word' id='word_1_626' title='bbox 2447 4317 2520 4377; x_wconf 85' lang='grc' dir='ltr'>ὡς</span> <span class='ocrx_word' id='word_1_627' title='bbox 2545 4316 2606 4369; x_wconf 88' lang='grc' dir='ltr'>τὸ</span> <span class='ocrx_word' id='word_1_628' title='bbox 2633 4322 2734 4369; x_wconf 85' lang='grc' dir='ltr'>πᾶν</span> <span class='ocrx_word' id='word_1_629' title='bbox 2771 4314 2866 4369; x_wconf 79' lang='grc' dir='ltr'>ὥν·</span> <span class='ocrx_word' id='word_1_630' title='bbox 2898 4316 2973 4378; x_wconf 84' lang='grc' dir='ltr'>ὡς</span> <span class='ocrx_word' id='word_1_631' title='bbox 3019 4321 3115 4371; x_wconf 88' lang='grc' dir='ltr'>τοῦ</span> <span class='ocrx_word' id='word_1_632' title='bbox 3161 4317 3357 4378; x_wconf 88' lang='grc' dir='ltr'>παντὸς</span> <span class='ocrx_word' id='word_1_633' title='bbox 3390 4316 3482 4370; x_wconf 82' lang='grc' dir='ltr'>οὗν</span> <span class='ocrx_word' id='word_1_634' title='bbox 3534 4313 3898 4390; x_wconf 79' lang='grc' dir='ltr'>συναγωγεῦς,</span> 
     </span>
    </p>
   </div>
   <div class='ocr_carea' id='block_1_90' title="bbox 477 4400 2139 4480">
    <p class='ocr_par' dir='ltr' id='par_1_90' title="bbox 477 4400 2125 4477">
     <span class='ocr_line' id='line_1_90' title="bbox 477 4400 2125 4477; baseline -0.005 -12"><span class='ocrx_word' id='word_1_635' title='bbox 477 4409 710 4473; x_wconf 85' lang='lat' dir='ltr'>merito,</span> <span class='ocrx_word' id='word_1_636' title='bbox 743 4406 1021 4477; x_wconf 90' lang='lat' dir='ltr'>quoniam</span> <span class='ocrx_word' id='word_1_637' title='bbox 1055 4420 1191 4475; x_wconf 90' lang='lat' dir='ltr'>pars</span> <span class='ocrx_word' id='word_1_638' title='bbox 1222 4402 1413 4458; x_wconf 91' lang='lat' dir='ltr'>omnis</span> <span class='ocrx_word' id='word_1_639' title='bbox 1436 4406 1525 4456; x_wconf 90' lang='lat' dir='ltr'>est</span> <span class='ocrx_word' id='word_1_640' title='bbox 1556 4400 1738 4455; x_wconf 89' lang='lat' dir='ltr'>totius</span> <span class='ocrx_word' id='word_1_641' title='bbox 1772 4418 2000 4471; x_wconf 88' lang='lat' dir='ltr'>pars,ac</span> <span class='ocrx_word' id='word_1_642' title='bbox 2024 4418 2125 4458; x_wconf 87' lang='lat' dir='ltr'>ne-</span> 
     </span>
    </p>
   </div>
   <div class='ocr_carea' id='block_1_91' title="bbox 2254 4400 3895 4480">
    <p class='ocr_par' dir='ltr' id='par_1_91' title="bbox 2254 4401 3895 4480">
     <span class='ocr_line' id='line_1_91' title="bbox 2254 4401 3895 4480; baseline -0.002 -20"><span class='ocrx_word' id='word_1_643' title='bbox 2254 4406 2323 4460; x_wconf 86' lang='grc' dir='ltr'>ιαὶ</span> <span class='ocrx_word' id='word_1_644' title='bbox 2357 4407 2518 4477; x_wconf 84' lang='grc' dir='ltr'>μέρος</span> <span class='ocrx_word' id='word_1_645' title='bbox 2552 4404 2799 4473; x_wconf 73' lang='grc' dir='ltr'>εἰκότως,</span> <span class='ocrx_word' id='word_1_646' title='bbox 2832 4402 3018 4473; x_wconf 68' lang='grc' dir='ltr'>ἐπειδὴ</span> <span class='ocrx_word' id='word_1_647' title='bbox 3052 4404 3142 4459; x_wconf 83' lang='grc' dir='ltr'>καὶ</span> <span class='ocrx_word' id='word_1_648' title='bbox 3192 4410 3296 4459; x_wconf 84' lang='grc' dir='ltr'>πᾶν</span> <span class='ocrx_word' id='word_1_649' title='bbox 3334 4403 3499 4480; x_wconf 87' lang='grc' dir='ltr'>μέρος</span> <span class='ocrx_word' id='word_1_650' title='bbox 3530 4408 3625 4458; x_wconf 90' lang='grc' dir='ltr'>τοῦ</span> <span class='ocrx_word' id='word_1_651' title='bbox 3692 4401 3895 4464; x_wconf 86' lang='grc' dir='ltr'>παντός</span> 
     </span>
    </p>
   </div>
   <div class='ocr_carea' id='block_1_92' title="bbox 479 4488 2139 4569">
    <p class='ocr_par' dir='ltr' id='par_1_92' title="bbox 479 4488 2123 4568">
     <span class='ocr_line' id='line_1_92' title="bbox 479 4488 2123 4568; baseline -0.002 -18"><span class='ocrx_word' id='word_1_652' title='bbox 479 4513 595 4568; x_wconf 91' lang='lat' dir='ltr'>que</span> <span class='ocrx_word' id='word_1_653' title='bbox 626 4500 838 4564; x_wconf 87' lang='lat' dir='ltr'>totum,</span> <span class='ocrx_word' id='word_1_654' title='bbox 871 4509 1058 4563; x_wconf 90' lang='lat' dir='ltr'>neque</span> <span class='ocrx_word' id='word_1_655' title='bbox 1090 4507 1245 4562; x_wconf 88' lang='lat' dir='ltr'>pars,</span> <span class='ocrx_word' id='word_1_656' title='bbox 1279 4495 1343 4557; x_wconf 79' lang='lat' dir='ltr'>ut</span> <span class='ocrx_word' id='word_1_657' title='bbox 1380 4489 1481 4562; x_wconf 88' lang='lat' dir='ltr'>qui</span> <span class='ocrx_word' id='word_1_658' title='bbox 1532 4488 1679 4543; x_wconf 85' lang='lat' dir='ltr'>nihil</span> <span class='ocrx_word' id='word_1_659' title='bbox 1738 4489 1987 4555; x_wconf 86' lang='lat' dir='ltr'>horum;</span> <span class='ocrx_word' id='word_1_660' title='bbox 2021 4494 2123 4547; x_wconf 91' lang='lat' dir='ltr'>sed</span> 
     </span>
    </p>
   </div>
   <div class='ocr_carea' id='block_1_93' title="bbox 2254 4488 3895 4569">
    <p class='ocr_par' dir='ltr' id='par_1_93' title="bbox 2254 4489 3895 4569">
     <span class='ocr_line' id='line_1_93' title="bbox 2254 4489 3895 4569; baseline -0.003 -20"><span class='ocrx_word' id='word_1_661' title='bbox 2254 4516 2345 4549; x_wconf 88' lang='grc' dir='ltr'>στι</span> <span class='ocrx_word' id='word_1_662' title='bbox 2380 4493 2563 4569; x_wconf 80' lang='grc' dir='ltr'>μέρος⁹</span> <span class='ocrx_word' id='word_1_663' title='bbox 2615 4493 2704 4548; x_wconf 85' lang='grc' dir='ltr'>καὶ</span> <span class='ocrx_word' id='word_1_664' title='bbox 2740 4491 2862 4548; x_wconf 71' lang='grc' dir='ltr'>οὔτε</span> <span class='ocrx_word' id='word_1_665' title='bbox 2885 4499 3013 4567; x_wconf 81' lang='grc' dir='ltr'>πᾶν,</span> <span class='ocrx_word' id='word_1_666' title='bbox 3078 4492 3206 4549; x_wconf 73' lang='grc' dir='ltr'>οὔτε</span> <span class='ocrx_word' id='word_1_667' title='bbox 3266 4493 3451 4569; x_wconf 82' lang='grc' dir='ltr'>μέρος,</span> <span class='ocrx_word' id='word_1_668' title='bbox 3487 4493 3561 4555; x_wconf 85' lang='grc' dir='ltr'>ὡς</span> <span class='ocrx_word' id='word_1_669' title='bbox 3613 4489 3782 4565; x_wconf 73' lang='grc' dir='ltr'>μηδὲν</span> <span class='ocrx_word' id='word_1_670' title='bbox 3817 4491 3895 4544; x_wconf 85' lang='grc' dir='ltr'>ὣν</span> 
     </span>
    </p>
   </div>
   <div class='ocr_carea' id='block_1_94' title="bbox 479 4575 2139 4658">
    <p class='ocr_par' dir='ltr' id='par_1_94' title="bbox 479 4578 2119 4655">
     <span class='ocr_line' id='line_1_94' title="bbox 479 4578 2119 4655; baseline -0.002 -15"><span class='ocrx_word' id='word_1_671' title='bbox 479 4601 659 4655; x_wconf 87' lang='lat' dir='ltr'>supra</span> <span class='ocrx_word' id='word_1_672' title='bbox 689 4598 926 4638; x_wconf 89' lang='lat' dir='ltr'>omnem</span> <span class='ocrx_word' id='word_1_673' title='bbox 980 4578 1569 4650; x_wconf 88' lang='lat' dir='ltr'>essentiam;partes</span> <span class='ocrx_word' id='word_1_674' title='bbox 1621 4583 1816 4633; x_wconf 84' lang='lat' dir='ltr'>autem</span> <span class='ocrx_word' id='word_1_675' title='bbox 1867 4579 2119 4636; x_wconf 88' lang='lat' dir='ltr'>universi</span> 
     </span>
    </p>
   </div>
   <div class='ocr_carea' id='block_1_95' title="bbox 2254 4575 3901 4658">
    <p class='ocr_par' dir='ltr' id='par_1_95' title="bbox 2254 4575 3901 4658">
     <span class='ocr_line' id='line_1_95' title="bbox 2254 4575 3901 4658; baseline 0.001 -24"><span class='ocrx_word' id='word_1_676' title='bbox 2254 4584 2285 4654; x_wconf 74' lang='grc' dir='ltr'>ιξ</span> <span class='ocrx_word' id='word_1_677' title='bbox 2344 4583 2540 4656; x_wconf 72' lang='grc' dir='ltr'>αὐτῶν,</span> <span class='ocrx_word' id='word_1_678' title='bbox 2599 4582 2744 4639; x_wconf 75' lang='grc' dir='ltr'>ἀλλὰ</span> <span class='ocrx_word' id='word_1_679' title='bbox 2800 4582 2891 4637; x_wconf 84' lang='grc' dir='ltr'>καὶ</span> <span class='ocrx_word' id='word_1_680' title='bbox 2954 4583 3087 4658; x_wconf 71' lang='grc' dir='ltr'>ὑπὲρ</span> <span class='ocrx_word' id='word_1_681' title='bbox 3133 4588 3305 4641; x_wconf 82' lang='grc' dir='ltr'>πᾶσαν</span> <span class='ocrx_word' id='word_1_682' title='bbox 3362 4582 3568 4636; x_wconf 83' lang='grc' dir='ltr'>οὐσίαν·</span> <span class='ocrx_word' id='word_1_683' title='bbox 3634 4582 3771 4656; x_wconf 92' lang='grc' dir='ltr'>μέρη</span> <span class='ocrx_word' id='word_1_684' title='bbox 3836 4575 3901 4635; x_wconf 80' lang='grc' dir='ltr'>δὲ</span> 
     </span>
    </p>
   </div>
   <div class='ocr_carea' id='block_1_96' title="bbox 479 4667 2139 4745">
    <p class='ocr_par' dir='ltr' id='par_1_96' title="bbox 479 4667 2129 4742">
     <span class='ocr_line' id='line_1_96' title="bbox 479 4667 2129 4742; baseline -0.001 -13"><span class='ocrx_word' id='word_1_685' title='bbox 479 4673 685 4729; x_wconf 88' lang='lat' dir='ltr'>mundi</span> <span class='ocrx_word' id='word_1_686' title='bbox 714 4676 1003 4742; x_wconf 80' lang='lat' dir='ltr'>suntquae</span> <span class='ocrx_word' id='word_1_687' title='bbox 1034 4669 1360 4726; x_wconf 81' lang='lat' dir='ltr'>secundum</span> <span class='ocrx_word' id='word_1_688' title='bbox 1384 4668 1536 4723; x_wconf 87' lang='lat'><strong>118</strong></span> <span class='ocrx_word' id='word_1_689' title='bbox 1565 4667 1820 4739; x_wconf 88' lang='lat' dir='ltr'>speciem</span> <span class='ocrx_word' id='word_1_690' title='bbox 1852 4668 2129 4728; x_wconf 88' lang='lat' dir='ltr'>videntur</span> 
     </span>
    </p>
   </div>
   <div class='ocr_carea' id='block_1_97' title="bbox 2254 4667 3895 4745">
    <p class='ocr_par' dir='ltr' id='par_1_97' title="bbox 2254 4670 3895 4745">
     <span class='ocr_line' id='line_1_97' title="bbox 2254 4670 3895 4745; baseline 0.001 -17"><span class='ocrx_word' id='word_1_691' title='bbox 2254 4672 2370 4728; x_wconf 64' lang='grc' dir='ltr'>ίλου</span> <span class='ocrx_word' id='word_1_692' title='bbox 2398 4677 2494 4727; x_wconf 86' lang='grc' dir='ltr'>τοῦ</span> <span class='ocrx_word' id='word_1_693' title='bbox 2518 4673 2731 4745; x_wconf 87' lang='grc' dir='ltr'>κόσμου</span> <span class='ocrx_word' id='word_1_694' title='bbox 2779 4671 2882 4726; x_wconf 78' lang='grc' dir='ltr'>εἰσὶ</span> <span class='ocrx_word' id='word_1_695' title='bbox 2912 4673 2979 4725; x_wconf 79' lang='grc' dir='ltr'>τὰ</span> <span class='ocrx_word' id='word_1_696' title='bbox 3002 4672 3121 4726; x_wconf 84' lang='grc' dir='ltr'>κατ’</span> <span class='ocrx_word' id='word_1_697' title='bbox 3154 4670 3294 4733; x_wconf 78' lang='grc' dir='ltr'>εἶδος</span> <span class='ocrx_word' id='word_1_698' title='bbox 3327 4671 3604 4744; x_wconf 85' lang='grc' dir='ltr'>ὁρώμενα,</span> <span class='ocrx_word' id='word_1_699' title='bbox 3639 4670 3764 4744; x_wconf 73' lang='grc' dir='ltr'>ἀὴρ,</span> <span class='ocrx_word' id='word_1_700' title='bbox 3820 4675 3895 4743; x_wconf 85' lang='grc' dir='ltr'>γῆ</span> 
     </span>
    </p>
   </div>
   <div class='ocr_carea' id='block_1_98' title="bbox 479 4754 2139 4839">
    <p class='ocr_par' dir='ltr' id='par_1_98' title="bbox 479 4757 2128 4833">
     <span class='ocr_line' id='line_1_98' title="bbox 479 4757 2128 4833; baseline -0.002 -13"><span class='ocrx_word' id='word_1_701' title='bbox 479 4781 599 4833; x_wconf 90' lang='lat' dir='ltr'>aer,</span> <span class='ocrx_word' id='word_1_702' title='bbox 629 4760 1022 4832; x_wconf 66' lang='lat' dir='ltr'>terra,plantaa</span> <span class='ocrx_word' id='word_1_703' title='bbox 1054 4764 1112 4814; x_wconf 90' lang='lat' dir='ltr'>et</span> <span class='ocrx_word' id='word_1_704' title='bbox 1140 4758 1385 4829; x_wconf 89' lang='lat' dir='ltr'>reliqua,</span> <span class='ocrx_word' id='word_1_705' title='bbox 1433 4762 1642 4829; x_wconf 89' lang='lat' dir='ltr'>estque</span> <span class='ocrx_word' id='word_1_706' title='bbox 1671 4757 1847 4812; x_wconf 90' lang='lat' dir='ltr'>veluti</span> <span class='ocrx_word' id='word_1_707' title='bbox 1876 4760 2128 4829; x_wconf 83' lang='lat' dir='ltr'>perfecta</span> 
     </span>
    </p>
   </div>
   <div class='ocr_carea' id='block_1_99' title="bbox 2254 4754 3893 4839">
    <p class='ocr_par' dir='ltr' id='par_1_99' title="bbox 2254 4754 3893 4838">
     <span class='ocr_line' id='line_1_99' title="bbox 2254 4754 3893 4838; baseline -0.003 -22"><span class='ocrx_word' id='word_1_708' title='bbox 2254 4762 2392 4838; x_wconf 63' lang='grc' dir='ltr'>ρυτα,</span> <span class='ocrx_word' id='word_1_709' title='bbox 2426 4760 2610 4815; x_wconf 78' lang='grc' dir='ltr'>καὶτὰ</span> <span class='ocrx_word' id='word_1_710' title='bbox 2640 4759 2827 4815; x_wconf 86' lang='grc' dir='ltr'>λοιπά·</span> <span class='ocrx_word' id='word_1_711' title='bbox 2878 4759 2969 4814; x_wconf 76' lang='grc' dir='ltr'>καὶ</span> <span class='ocrx_word' id='word_1_712' title='bbox 3000 4754 3114 4814; x_wconf 75' lang='grc' dir='ltr'>ἔστι</span> <span class='ocrx_word' id='word_1_713' title='bbox 3149 4760 3245 4833; x_wconf 76' lang='grc' dir='ltr'>μὲν</span> <span class='ocrx_word' id='word_1_714' title='bbox 3286 4759 3374 4815; x_wconf 82' lang='grc' dir='ltr'>οἷά</span> <span class='ocrx_word' id='word_1_715' title='bbox 3420 4780 3502 4821; x_wconf 91' lang='grc' dir='ltr'>τις</span> <span class='ocrx_word' id='word_1_716' title='bbox 3552 4757 3735 4813; x_wconf 87' lang='grc' dir='ltr'>τελεία</span> <span class='ocrx_word' id='word_1_717' title='bbox 3796 4757 3893 4812; x_wconf 83' lang='grc' dir='ltr'>λε-</span> 
     </span>
    </p>
   </div>
   <div class='ocr_carea' id='block_1_100' title="bbox 479 4844 2139 4928">
    <p class='ocr_par' dir='ltr' id='par_1_100' title="bbox 479 4846 2121 4925">
     <span class='ocr_line' id='line_1_100' title="bbox 479 4846 2121 4925; baseline -0.003 -15"><span class='ocrx_word' id='word_1_718' title='bbox 479 4854 700 4925; x_wconf 87' lang='lat' dir='ltr'>aliqua,</span> <span class='ocrx_word' id='word_1_719' title='bbox 733 4868 859 4923; x_wconf 77' lang='lat' dir='ltr'>quas</span> <span class='ocrx_word' id='word_1_720' title='bbox 890 4850 1020 4920; x_wconf 86' lang='lat' dir='ltr'>ejus</span> <span class='ocrx_word' id='word_1_721' title='bbox 1054 4848 1272 4903; x_wconf 91' lang='lat' dir='ltr'>dicitur</span> <span class='ocrx_word' id='word_1_722' title='bbox 1303 4846 1585 4901; x_wconf 87' lang='lat' dir='ltr'>divinitas</span> <span class='ocrx_word' id='word_1_723' title='bbox 1617 4850 1880 4917; x_wconf 87' lang='lat' dir='ltr'>respectu</span> <span class='ocrx_word' id='word_1_724' title='bbox 1916 4851 2121 4919; x_wconf 89' lang='lat' dir='ltr'>nostri,</span> 
     </span>
    </p>
   </div>
   <div class='ocr_carea' id='block_1_101' title="bbox 2254 4844 3896 4928">
    <p class='ocr_par' dir='ltr' id='par_1_101' title="bbox 2254 4844 3896 4925">
     <span class='ocr_line' id='line_1_101' title="bbox 2254 4844 3896 4925; baseline -0.002 -20"><span class='ocrx_word' id='word_1_725' title='bbox 2254 4853 2436 4925; x_wconf 59' lang='grc' dir='ltr'>Γομένη</span> <span class='ocrx_word' id='word_1_726' title='bbox 2469 4854 2504 4920; x_wconf 78' lang='grc' dir='ltr'><strong>ἡ</strong></span> <span class='ocrx_word' id='word_1_727' title='bbox 2538 4850 2702 4905; x_wconf 84' lang='grc' dir='ltr'>αὐτοῦ</span> <span class='ocrx_word' id='word_1_728' title='bbox 2734 4848 2949 4919; x_wconf 87' lang='grc' dir='ltr'>θεότης,</span> <span class='ocrx_word' id='word_1_729' title='bbox 2982 4850 3056 4911; x_wconf 83' lang='grc' dir='ltr'>ὡς</span> <span class='ocrx_word' id='word_1_730' title='bbox 3100 4848 3237 4925; x_wconf 77' lang='grc' dir='ltr'>πρὸς</span> <span class='ocrx_word' id='word_1_731' title='bbox 3269 4851 3421 4918; x_wconf 77' lang='grc' dir='ltr'>ἡμᾶς</span> <span class='ocrx_word' id='word_1_732' title='bbox 3467 4846 3595 4909; x_wconf 77' lang='grc' dir='ltr'>τοὺς</span> <span class='ocrx_word' id='word_1_733' title='bbox 3654 4844 3896 4908; x_wconf 54' lang='grc' dir='ltr'>ἀτελεῖς</span> 
     </span>
    </p>
   </div>
   <div class='ocr_carea' id='block_1_102' title="bbox 478 4934 2121 5013">
    <p class='ocr_par' dir='ltr' id='par_1_102' title="bbox 478 4934 2121 5013">
     <span class='ocr_line' id='line_1_102' title="bbox 478 4934 2121 5013; baseline -0.001 -16"><span class='ocrx_word' id='word_1_734' title='bbox 478 4942 578 5013; x_wconf 91' lang='lat' dir='ltr'>qui</span> <span class='ocrx_word' id='word_1_735' title='bbox 610 4939 936 5012; x_wconf 81' lang='lat' dir='ltr'>imperfecti</span> <span class='ocrx_word' id='word_1_736' title='bbox 989 4953 1215 4993; x_wconf 89' lang='lat' dir='ltr'>sumus.</span> <span class='ocrx_word' id='word_1_737' title='bbox 1256 4934 1418 4990; x_wconf 87' lang='lat' dir='ltr'>Sicut</span> <span class='ocrx_word' id='word_1_738' title='bbox 1448 4935 1601 5007; x_wconf 90' lang='lat' dir='ltr'>apud</span> <span class='ocrx_word' id='word_1_739' title='bbox 1634 4934 1976 4991; x_wconf 70' lang='lat' dir='ltr'>Matthasum</span> <span class='ocrx_word' id='word_1_740' title='bbox 2008 4940 2121 5011; x_wconf 84' lang='lat' dir='ltr'>(g):</span> 
     </span>
    </p>
   </div>
   <div class='ocr_carea' id='block_1_103' title="bbox 474 5026 2121 5103">
    <p class='ocr_par' dir='ltr' id='par_1_103' title="bbox 474 5026 2121 5103">
     <span class='ocr_line' id='line_1_103' title="bbox 474 5026 2121 5103; baseline -0.001 -17"><span class='ocrx_word' id='word_1_741' title='bbox 474 5032 717 5103; x_wconf 70' lang='lat' dir='ltr'>Per/acti</span> <span class='ocrx_word' id='word_1_742' title='bbox 741 5033 929 5098; x_wconf 73' lang='lat' dir='ltr'>estote,</span> <span class='ocrx_word' id='word_1_743' title='bbox 963 5028 1092 5098; x_wconf 85' lang='lat' dir='ltr'>quia</span> <span class='ocrx_word' id='word_1_744' title='bbox 1122 5041 1217 5095; x_wconf 80' lang='lat' dir='ltr'>ego</span> <span class='ocrx_word' id='word_1_745' title='bbox 1250 5026 1521 5097; x_wconf 79' lang='lat' dir='ltr'>perfectus</span> <span class='ocrx_word' id='word_1_746' title='bbox 1550 5041 1691 5095; x_wconf 83' lang='lat' dir='ltr'>sum,</span> <span class='ocrx_word' id='word_1_747' title='bbox 1716 5032 1985 5097; x_wconf 79' lang='lat' dir='ltr'>reSpectu</span> <span class='ocrx_word' id='word_1_748' title='bbox 2020 5046 2121 5084; x_wconf 89' lang='lat' dir='ltr'>au-</span> 
     </span>
    </p>
   </div>
   <div class='ocr_carea' id='block_1_104' title="bbox 2235 4934 3899 5015">
    <p class='ocr_par' dir='ltr' id='par_1_104' title="bbox 2235 4934 3899 5015">
     <span class='ocr_line' id='line_1_104' title="bbox 2235 4934 3899 5015; baseline -0.003 -20"><span class='ocrx_word' id='word_1_749' title='bbox 2235 4941 2307 5003; x_wconf 85' lang='grc' dir='ltr'>ὡς</span> <span class='ocrx_word' id='word_1_750' title='bbox 2372 4940 2515 5011; x_wconf 80' lang='grc' dir='ltr'>παρᾶ</span> <span class='ocrx_word' id='word_1_751' title='bbox 2587 4939 2885 5011; x_wconf 79' lang='grc' dir='ltr'>Ματθαίῳ⁸</span> <span class='ocrx_word' id='word_1_752' title='bbox 2944 4937 3160 4993; x_wconf 83' lang='grc' dir='ltr'>Τέλειοι</span> <span class='ocrx_word' id='word_1_753' title='bbox 3214 4939 3448 5015; x_wconf 80' lang='grc' dir='ltr'>γίνεσθε,</span> <span class='ocrx_word' id='word_1_754' title='bbox 3507 4936 3589 4992; x_wconf 78' lang='grc' dir='ltr'>ὅτι</span> <span class='ocrx_word' id='word_1_755' title='bbox 3642 4934 3747 5013; x_wconf 84' lang='grc' dir='ltr'>ἐγὼ</span> <span class='ocrx_word' id='word_1_756' title='bbox 3805 4936 3899 4991; x_wconf 80' lang='grc' dir='ltr'>τέ-</span> 
     </span>
    </p>
   </div>
   <div class='ocr_carea' id='block_1_105' title="bbox 2232 5022 3898 5104">
    <p class='ocr_par' dir='ltr' id='par_1_105' title="bbox 2232 5022 3898 5104">
     <span class='ocr_line' id='line_1_105' title="bbox 2232 5022 3898 5104; baseline -0.003 -20"><span class='ocrx_word' id='word_1_757' title='bbox 2232 5028 2380 5093; x_wconf 90' lang='grc' dir='ltr'>λειός</span> <span class='ocrx_word' id='word_1_758' title='bbox 2436 5028 2569 5101; x_wconf 80' lang='grc' dir='ltr'>εἰμι’</span> <span class='ocrx_word' id='word_1_759' title='bbox 2595 5029 2730 5104; x_wconf 88' lang='grc' dir='ltr'>πρὸς</span> <span class='ocrx_word' id='word_1_760' title='bbox 2755 5024 2812 5082; x_wconf 79' lang='grc' dir='ltr'>δὲ</span> <span class='ocrx_word' id='word_1_761' title='bbox 2841 5025 3109 5103; x_wconf 85' lang='grc' dir='ltr'>ἀγγέλους</span> <span class='ocrx_word' id='word_1_762' title='bbox 3135 5025 3266 5089; x_wconf 77' lang='grc' dir='ltr'>τοὺς</span> <span class='ocrx_word' id='word_1_763' title='bbox 3298 5025 3542 5087; x_wconf 87' lang='grc' dir='ltr'>τελείους</span> <span class='ocrx_word' id='word_1_764' title='bbox 3590 5023 3653 5079; x_wconf 78' lang='grc' dir='ltr'>οὗ</span> <span class='ocrx_word' id='word_1_765' title='bbox 3677 5022 3898 5086; x_wconf 86' lang='grc' dir='ltr'>τέλειος</span> 
     </span>
    </p>
   </div>
   <div class='ocr_carea' id='block_1_106' title="bbox 547 5178 2139 5258">
    <p class='ocr_par' dir='ltr' id='par_1_106' title="bbox 547 5178 2139 5258">
     <span class='ocr_line' id='line_1_106' title="bbox 547 5178 2139 5258; baseline -0.003 -16"><span class='ocrx_word' id='word_1_766' title='bbox 547 5186 624 5258; x_wconf 86' lang='lat' dir='ltr'>(d)</span> <span class='ocrx_word' id='word_1_767' title='bbox 656 5184 791 5254; x_wconf 87' lang='lat' dir='ltr'>Cap,</span> <span class='ocrx_word' id='word_1_768' title='bbox 822 5202 877 5253; x_wconf 82' lang='grc' dir='ltr'>ν,</span> <span class='ocrx_word' id='word_1_769' title='bbox 908 5200 963 5239; x_wconf 91' lang='lat' dir='ltr'>v.</span> <span class='ocrx_word' id='word_1_770' title='bbox 996 5183 1049 5236; x_wconf 91' lang='lat'>8.</span> <span class='ocrx_word' id='word_1_771' title='bbox 1129 5182 1201 5254; x_wconf 76' lang='grc' dir='ltr'>(ε)</span> <span class='ocrx_word' id='word_1_772' title='bbox 1232 5181 1313 5236; x_wconf 82' lang='lat' dir='ltr'><strong>Ex</strong></span> <span class='ocrx_word' id='word_1_773' title='bbox 1340 5180 1517 5236; x_wconf 90' lang='lat' dir='ltr'>variis</span> <span class='ocrx_word' id='word_1_774' title='bbox 1547 5178 1942 5252; x_wconf 86' lang='lat' dir='ltr'>Epistolarum</span> <span class='ocrx_word' id='word_1_775' title='bbox 1973 5187 2029 5238; x_wconf 76' lang='grc' dir='ltr'>Β.</span> <span class='ocrx_word' id='word_1_776' title='bbox 2066 5186 2139 5243; x_wconf 82' lang='lat' dir='ltr'>Pa</span> 
     </span>
    </p>
   </div>
   <div class='ocr_carea' id='block_1_107' title="bbox 2254 5178 3656 5258">
    <p class='ocr_par' dir='ltr' id='par_1_107' title="bbox 2254 5182 3656 5257">
     <span class='ocr_line' id='line_1_107' title="bbox 2254 5182 3656 5257; baseline -0.004 -16"><span class='ocrx_word' id='word_1_777' title='bbox 2254 5187 2417 5243; x_wconf 91' lang='lat' dir='ltr'>locis.</span> <span class='ocrx_word' id='word_1_778' title='bbox 2496 5186 2563 5257; x_wconf 72' lang='grc' dir='ltr'>(Ι)</span> <span class='ocrx_word' id='word_1_779' title='bbox 2592 5182 2815 5240; x_wconf 90' lang='lat' dir='ltr'>Coloss.</span> <span class='ocrx_word' id='word_1_780' title='bbox 2852 5199 2913 5251; x_wconf 83' lang='grc' dir='ltr'>ιι,</span> <span class='ocrx_word' id='word_1_781' title='bbox 2950 5184 3037 5238; x_wconf 89' lang='grc'>10.</span> <span class='ocrx_word' id='word_1_782' title='bbox 3115 5183 3191 5254; x_wconf 88' lang='lat' dir='ltr'>(g)</span> <span class='ocrx_word' id='word_1_783' title='bbox 3222 5182 3360 5255; x_wconf 89' lang='lat' dir='ltr'>Cap.</span> <span class='ocrx_word' id='word_1_784' title='bbox 3393 5199 3446 5253; x_wconf 90' lang='lat' dir='ltr'>v,</span> <span class='ocrx_word' id='word_1_785' title='bbox 3477 5198 3533 5237; x_wconf 89' lang='lat' dir='ltr'>v.</span> <span class='ocrx_word' id='word_1_786' title='bbox 3567 5182 3656 5236; x_wconf 83' lang='grc'>48.</span> 
     </span>
    </p>
   </div>
   <div class='ocr_carea' id='block_1_108' title="bbox 1504 5331 2887 5395">
    <p class='ocr_par' dir='ltr' id='par_1_108' title="bbox 1504 5331 2887 5395">
     <span class='ocr_line' id='line_1_108' title="bbox 1504 5331 2887 5395; baseline 0.004 -10"><span class='ocrx_word' id='word_1_787' title='bbox 1504 5331 1742 5386; x_wconf 68' lang='grc' dir='ltr'>νΑΒΙίΕ</span> <span class='ocrx_word' id='word_1_788' title='bbox 1782 5333 2172 5395; x_wconf 86' lang='lat' dir='ltr'>LECTIONES</span> <span class='ocrx_word' id='word_1_789' title='bbox 2212 5339 2296 5393; x_wconf 92' lang='lat' dir='ltr'>ET</span> <span class='ocrx_word' id='word_1_790' title='bbox 2336 5334 2887 5394; x_wconf 83' lang='lat' dir='ltr'>CORRECTIONES.</span> 
     </span>
    </p>
   </div>
   <div class='ocr_carea' id='block_1_109' title="bbox 552 5451 3895 5537">
    <p class='ocr_par' dir='ltr' id='par_1_109' title="bbox 552 5451 3895 5537">
     <span class='ocr_line' id='line_1_109' title="bbox 552 5451 3895 5537; baseline -0.002 -20"><span class='ocrx_word' id='word_1_791' title='bbox 552 5467 594 5500; x_wconf 87' lang='grc'>¹¹</span> <span class='ocrx_word' id='word_1_792' title='bbox 626 5482 713 5537; x_wconf 89' lang='grc' dir='ltr'>γρ.</span> <span class='ocrx_word' id='word_1_793' title='bbox 746 5462 906 5537; x_wconf 80' lang='grc' dir='ltr'>θεῖον.</span> <span class='ocrx_word' id='word_1_794' title='bbox 931 5528 952 5537; x_wconf 38' lang='grc' dir='ltr'>ι</span> <span class='ocrx_word' id='word_1_795' title='bbox 985 5456 1110 5537; x_wconf 33' lang='lat' dir='ltr'>{id</span> <span class='ocrx_word' id='word_1_796' title='bbox 1141 5454 1197 5511; x_wconf 84' lang='grc' dir='ltr'>δέ</span> <span class='ocrx_word' id='word_1_797' title='bbox 1224 5455 1341 5537; x_wconf 70' lang='grc' dir='ltr'>ἐστι</span> <span class='ocrx_word' id='word_1_798' title='bbox 1367 5462 1555 5537; x_wconf 49' lang='grc' dir='ltr'>παθεῖν</span> <span class='ocrx_word' id='word_1_799' title='bbox 1588 5455 1653 5537; x_wconf 65' lang='grc' dir='ltr'>τᾷ</span> <span class='ocrx_word' id='word_1_800' title='bbox 1681 5456 1817 5537; x_wconf 73' lang='grc' dir='ltr'>θεῖα,</span> <span class='ocrx_word' id='word_1_801' title='bbox 1851 5457 2102 5537; x_wconf 78' lang='grc' dir='ltr'>εἰσόμεθα</span> <span class='ocrx_word' id='word_1_802' title='bbox 2136 5460 2194 5517; x_wconf 83' lang='grc' dir='ltr'>ἐκ</span> <span class='ocrx_word' id='word_1_803' title='bbox 2249 5466 2343 5517; x_wconf 87' lang='grc' dir='ltr'>τοῦ</span> <span class='ocrx_word' id='word_1_804' title='bbox 2393 5461 2704 5537; x_wconf 73' lang='grc' dir='ltr'>εἰρημένου·</span> <span class='ocrx_word' id='word_1_805' title='bbox 2766 5456 2933 5537; x_wconf 76' lang='grc' dir='ltr'>ἔμαθε</span> <span class='ocrx_word' id='word_1_806' title='bbox 2987 5460 3088 5535; x_wconf 72' lang='grc' dir='ltr'>γὰρ</span> <span class='ocrx_word' id='word_1_807' title='bbox 3143 5460 3229 5536; x_wconf 80' lang='grc' dir='ltr'>ἀφ’</span> <span class='ocrx_word' id='word_1_808' title='bbox 3293 5459 3368 5513; x_wconf 85' lang='grc' dir='ltr'>ὧν</span> <span class='ocrx_word' id='word_1_809' title='bbox 3426 5451 3641 5537; x_wconf 64' lang='grc' dir='ltr'>ἔπαθεν·</span> <span class='ocrx_word' id='word_1_810' title='bbox 3703 5456 3731 5510; x_wconf 91' lang='lat'>6</span> <span class='ocrx_word' id='word_1_811' title='bbox 3790 5454 3895 5531; x_wconf 78' lang='grc' dir='ltr'>γὰρ</span> 
     </span>
    </p>
   </div>
   <div class='ocr_carea' id='block_1_110' title="bbox 477 5523 2139 5617">
    <p class='ocr_par' dir='ltr' id='par_1_110' title="bbox 477 5523 2098 5617">
     <span class='ocr_line' id='line_1_110' title="bbox 477 5523 2098 5617; baseline -0.003 -31"><span class='ocrx_word' id='word_1_812' title='bbox 477 5523 679 5617; x_wconf 40' lang='lat' dir='ltr'>«aget:</span> <span class='ocrx_word' id='word_1_813' title='bbox 720 5528 1233 5617; x_wconf 35' lang='grc' dir='ltr'>πείρᾳ-,διδάσκεται</span> <span class='ocrx_word' id='word_1_814' title='bbox 1290 5530 1353 5584; x_wconf 88' lang='grc' dir='ltr'>τὸ</span> <span class='ocrx_word' id='word_1_815' title='bbox 1406 5523 1885 5612; x_wconf 64' lang='grc' dir='ltr'>προϐαλλόμενονἶ</span> <span class='ocrx_word' id='word_1_816' title='bbox 1943 5523 2098 5616; x_wconf 43' lang='lat' dir='ltr'>Quid.</span> 
     </span>
    </p>
   </div>
   <div class='ocr_carea' id='block_1_111' title="bbox 2254 5523 3895 5617">
    <p class='ocr_par' dir='ltr' id='par_1_111' title="bbox 2254 5523 3895 5617">
     <span class='ocr_line' id='line_1_111' title="bbox 2254 5523 3895 5617; baseline -0.003 -27"><span class='ocrx_word' id='word_1_817' title='bbox 2254 5554 2278 5590; x_wconf 83' lang='grc' dir='ltr'>ο</span> <span class='ocrx_word' id='word_1_818' title='bbox 2306 5538 2380 5591; x_wconf 74' lang='lat' dir='ltr'>sit</span> <span class='ocrx_word' id='word_1_819' title='bbox 2403 5523 2766 5617; x_wconf 37' lang='lat' dir='ltr'>poti-divina,</span> <span class='ocrx_word' id='word_1_820' title='bbox 2798 5523 3149 5617; x_wconf 56' lang='lat' dir='ltr'>hovimds&#39;ex</span> <span class='ocrx_word' id='word_1_821' title='bbox 3191 5523 3260 5588; x_wconf 61' lang='lat' dir='ltr'>&#39;eo</span> <span class='ocrx_word' id='word_1_822' title='bbox 3292 5531 3436 5612; x_wconf 70' lang='lat' dir='ltr'>quod</span> <span class='ocrx_word' id='word_1_823' title='bbox 3490 5530 3699 5617; x_wconf 43' lang='lat' dir='ltr'>dictum</span> <span class='ocrx_word' id='word_1_824' title='bbox 3758 5523 3842 5585; x_wconf 62' lang='lat' dir='ltr'>est</span> <span class='ocrx_word' id='word_1_825' title='bbox 3863 5523 3895 5585; x_wconf 72' lang='grc' dir='ltr'>ἐ</span> 
     </span>
    </p>
   </div>
   <div class='ocr_carea' id='block_1_112' title="bbox 477 5602 2139 5753">
    <p class='ocr_par' dir='ltr' id='par_1_112' title="bbox 477 5602 2139 5753">
     <span class='ocr_line' id='line_1_112' title="bbox 483 5602 2139 5676; baseline 0.002 -16"><span class='ocrx_word' id='word_1_826' title='bbox 483 5633 504 5660; x_wconf 74' lang='grc' dir='ltr'>ιι</span> <span class='ocrx_word' id='word_1_827' title='bbox 551 5607 755 5664; x_wconf 79' lang='lat' dir='ltr'>Didicit</span> <span class='ocrx_word' id='word_1_828' title='bbox 783 5602 946 5663; x_wconf 61' lang='lat' dir='ltr'>eisiis</span> <span class='ocrx_word' id='word_1_829' title='bbox 997 5618 1120 5676; x_wconf 74' lang='lat' dir='ltr'>quas</span> <span class='ocrx_word' id='word_1_830' title='bbox 1174 5618 1370 5676; x_wconf 68' lang='lat' dir='ltr'>passus</span> <span class='ocrx_word' id='word_1_831' title='bbox 1422 5602 1539 5659; x_wconf 76' lang='lat' dir='ltr'>est:</span> <span class='ocrx_word' id='word_1_832' title='bbox 1575 5624 1603 5652; x_wconf 88' lang='lat'>»</span> <span class='ocrx_word' id='word_1_833' title='bbox 1653 5602 1749 5674; x_wconf 77' lang='lat' dir='ltr'>qui</span> <span class='ocrx_word' id='word_1_834' title='bbox 1790 5603 1941 5658; x_wconf 78' lang='lat' dir='ltr'>enim</span> <span class='ocrx_word' id='word_1_835' title='bbox 1964 5602 2139 5676; x_wconf 71' lang='lat' dir='ltr'>potiti</span> 
     </span>
     <span class='ocr_line' id='line_1_113' title="bbox 477 5674 1174 5753; baseline -0.01 -16"><span class='ocrx_word' id='word_1_836' title='bbox 477 5678 683 5741; x_wconf 84' lang='grc' dir='ltr'>θέντος.</span> <span class='ocrx_word' id='word_1_837' title='bbox 763 5678 809 5715; x_wconf 79' lang='grc'>¹⁸</span> <span class='ocrx_word' id='word_1_838' title='bbox 836 5695 927 5753; x_wconf 91' lang='grc' dir='ltr'>γρ.</span> <span class='ocrx_word' id='word_1_839' title='bbox 952 5674 1174 5745; x_wconf 83' lang='grc' dir='ltr'>ταύτην.</span> 
     </span>
    </p>
   </div>
   <div class='ocr_carea' id='block_1_113' title="bbox 2254 5602 3898 5753">
    <p class='ocr_par' dir='ltr' id='par_1_113' title="bbox 2254 5602 3898 5679">
     <span class='ocr_line' id='line_1_114' title="bbox 2254 5602 3898 5679; baseline -0.005 -16"><span class='ocrx_word' id='word_1_840' title='bbox 2254 5602 2589 5679; x_wconf 59' lang='lat' dir='ltr'>experientia</span> <span class='ocrx_word' id='word_1_841' title='bbox 2617 5605 2866 5663; x_wconf 79' lang='lat' dir='ltr'>edocetur</span> <span class='ocrx_word' id='word_1_842' title='bbox 2894 5607 3039 5678; x_wconf 84' lang='lat' dir='ltr'>quod</span> <span class='ocrx_word' id='word_1_843' title='bbox 3063 5603 3415 5678; x_wconf 78' lang='lat' dir='ltr'>proponitur.</span> <span class='ocrx_word' id='word_1_844' title='bbox 3494 5602 3537 5637; x_wconf 83' lang='grc'>¹³</span> <span class='ocrx_word' id='word_1_845' title='bbox 3566 5620 3656 5675; x_wconf 87' lang='grc' dir='ltr'>γρ.</span> <span class='ocrx_word' id='word_1_846' title='bbox 3714 5619 3898 5671; x_wconf 85' lang='grc' dir='ltr'>τυπη-</span> 
     </span>
    </p>
   </div>
  </div>
