4080 6366
165 397 266 454 229

168 520 289 577 ἀλλ’
332 517 685 595 ὑπερτέλειός
744 517 852 572 ἐστι
891 535 903 547 ·

172 608 352 686 ἄρχων
413 608 601 678 πάσης
658 602 1028 676 τελειότητος,
1077 601 1264 674 ἐπειδὴ
1320 606 1409 659 καὶ
1465 600 1826 680 προτέλειος.

172 697 309 754 οὕτω
357 697 450 752 καὶ
508 694 652 759 εἶδος
707 695 920 770 λέγεται
971 693 1025 748 ἐν
1066 698 1185 756 τοῖς
1218 691 1505 765 ἀνειδέοις,
1535 691 1625 747 καὶ
1684 692 1830 745 ἀσω-

178 786 381 860 μάτοις,
430 786 507 847 ὡς
555 785 768 854 ἁπάσης
815 790 914 852 τῆς
976 779 1275 845 εἶδοποιίας
1340 780 1697 857 δημιουργὸς,
1742 777 1830 833 καὶ

177 876 315 951 ἀρχὴ
340 874 547 931 παντὸς
582 870 758 935 εἴδους
793 891 806 904 ’
840 872 976 947 πρὸς
1012 869 1068 926 δὲ
1094 877 1262 926 ταῦτα
1316 871 1383 926 τά
1438 868 1555 941 εἷ’δη
1590 865 1828 929 ἀνείδεος

174 966 256 1019 καὶ
292 964 427 1037 ὑπὲρ
461 961 630 1030 εἶδος,
661 957 850 1030 ἐπειδή
887 957 1109 1034 δεύτερα
1140 959 1303 1015 αὐτοῦ
1335 958 1423 1014 καὶ
1466 960 1534 1013 τὰ
1576 955 1693 1027 εἷ’δη
1740 956 1831 1010 καὶ

175 1054 225 1106 αἱ
253 1048 418 1109 ἰδέαι.

243 1318 629 1395 ’Δφορίζουσα.
681 1316 830 1373 Ἀντὶ
886 1318 983 1371 τοῦ
1033 1312 1398 1390 διακρίνουσα,
1439 1315 1525 1369 καὶ
1592 1314 1727 1386 πρὸς
1770 1312 1833 1368 τὸ

176 1408 482 1483 ἀσῦγχυτον
518 1403 883 1476 διασώζουσαι.

242 1498 345 1555 Καὶ
404 1497 603 1571 μέτρον
650 1494 785 1550 ἐστί.
830 1495 1042 1569 Μέτρον
1094 1491 1204 1548 ἐστὶ
1248 1497 1356 1547 τῶν
1406 1488 1595 1563 όντων,
1644 1489 1830 1560 ἐπειδὴ

180 1587 226 1642 ἒν
258 1584 407 1658 αὐτῷ
436 1585 504 1640 τὰ
534 1586 706 1639 πάντα
750 1582 1108 1659 πεπέρασκαὶ,
1140 1583 1231 1637 καὶ
1283 1582 1416 1636 αἰὼν
1467 1579 1706 1654 μάλιστα
1754 1578 1833 1635 δι-

179 1674 341 1737 καίως
405 1674 465 1729 ἂν
528 1671 746 1751 λέγοιτο
780 1691 791 1703 ·
850 1672 896 1727 εἷ
951 1672 1051 1748 γὰρ
1085 1672 1216 1727 αἰὼν
1273 1669 1513 1745 λέγεται,
1537 1670 1700 1725 οἱονεὶ
1754 1670 1832 1724 ἀεὶ

181 1762 275 1833 ὢν,
308 1763 474 1825 αὐτός
507 1762 650 1818 ἐστιν
682 1763 709 1816 ὁ
741 1762 822 1817 ἀεὶ
855 1756 930 1815 ὤν
964 1781 978 1794 ’
1023 1760 1234 1835 εἴρηται
1278 1762 1401 1836 γὰρ,
1437 1759 1511 1813 Σὺ
1563 1756 1620 1813 δὲ
1667 1760 1695 1812 ὁ
1745 1758 1837 1812 αὐ-

178 1854 263 1914 τὸς
317 1852 389 1920 εἶ,
422 1851 515 1907 καὶ
566 1851 633 1906 τὰ
684 1846 778 1921 ἔτη
821 1848 917 1904 σοῦ
952 1850 1055 1904 οὐκ
1084 1848 1392 1921 ἐπιλείψουσι
1428 1868 1439 1879 ·
1473 1847 1562 1902 καὶ
1619 1846 1784 1902 πάλιν
1820 1864 1833 1876 ·

181 1946 233 1999 '0
275 1942 529 2015 ἀριθμῶν
580 1938 769 2010 πλήθη
826 1938 1056 2014 ἄστρων,
1085 1940 1173 1992 καὶ
1224 1938 1315 1992 τὸν
1369 1937 1592 2012 οὐρανὸν
1630 1940 1841 2011 μετρῶν

186 2032 428 2103 σπιθαμῇ
459 2030 555 2085 καὶ
583 2030 682 2098 τήν
715 2035 813 2102 γῆν
867 2024 1047 2104 δρακί.
1076 2027 1321 2097 Ποιητής
1377 2024 1434 2081 δὲ
1482 2026 1717 2094 αἰώνων,
1751 2024 1843 2093 ἅτε

183 2124 281 2173 τῶν
330 2116 588 2193 ἀγγέλων
639 2117 876 2187 ποιητὴς
933 2114 1005 2169 ὣν
1066 2114 1341 2188 [ἀθάνατοι
1388 2114 1489 2189 γὰρ
1542 2115 1719 2181 οὗτοι,
1750 2112 1840 2167 καὶ

189 2210 244 2280 ἡ]
321 2207 608 2274 ἀθανασία,
684 2206 1002 2280 παράτασις,
1062 2202 1306 2272 ἀειζωία,
1365 2202 1522 2273 αἰὼν,
1583 2200 1707 2257 ἀλλ’
1774 2200 1840 2255 οὐ

193 2297 414 2370 χρόνος,
476 2293 837 2366 ἀτελεύτητος
872 2296 915 2331 ¹⁵
971 2294 1059 2347 καὶ
1106 2293 1187 2347 ἀεὶ
1243 2291 1523 2365 ἐσόμενος,
1575 2290 1789 2366 λέγεται
1824 2308 1837 2321 ’

196 2386 254 2439 οὐ
285 2386 424 2440 κατά
454 2389 619 2439 τοῦτο
652 2382 742 2438 οὗν
777 2382 996 2457 λέγεται
1028 2382 1184 2451 αίὼν,
1218 2382 1353 2437 κατά
1384 2382 1473 2435 τὸν
1510 2380 1708 2456 χρόνον
1748 2381 1837 2435 τὸν

191 2474 343 2536 τέλος
379 2471 603 2549 ἔχοντα,
634 2470 782 2528 ἀλλὰ
809 2472 940 2526 κατὸ
971 2471 1033 2525 τὸ
1054 2470 1135 2525 ἀεὶ
1168 2468 1263 2540 ὢν,
1296 2470 1372 2534 εἷς
1427 2468 1626 2532 αἰῶνας
1681 2467 1841 2530 τέλος

193 2562 284 2617 οὐκ
308 2560 561 2637 ἔχοντας.

258 2740 495 2813 Πλήρης
553 2736 607 2792 ἐν
665 2742 780 2799 τοῖς
841 2735 1088 2793 ἐνδεέσιν.
1118 2739 1289 2811 ’Ὁπερ
1351 2736 1492 2791 εἶπεν
1545 2734 1677 2805 ἅνω,
1718 2735 1837 2790 ἀτι-

191 2827 288 2895 λὴς
349 2825 408 2881 δὲ
458 2826 509 2881 ἐν
568 2832 685 2888 τοῖς
741 2824 993 2895 τελείοις,
1028 2823 1134 2880 ὧδὲ
1187 2847 1348 2902 φησιν
1388 2825 1747 2900 ὑπερπλήρης
1788 2824 1839 2879 ἐν

190 2923 301 2978 τοῖς
326 2915 568 2991 πλήρεσι
604 2936 615 2949 ·
646 2914 731 2970 κτὶ
759 2915 822 2970 τὸ
852 2914 1049 2984 ἀτελὴς
1081 2913 1173 2969 οὖν
1199 2914 1369 2977 οὕτως
1403 2913 1641 2992 ὀφείλεις
1671 2919 1837 2984 νοεῖν,

196 3004 513 3081 ὑπερτέλεια
542 3004 593 3059 ἐν
625 3011 743 3068 τοῖς
771 3003 1026 3066 τελείοις.

258 3094 357 3149 Καὶ
413 3091 518 3156 ἕως
576 3092 805 3169 φύσεως.
863 3094 1022 3167 Ὁρᾷς
1077 3097 1195 3157 πῶς
1268 3114 1452 3169 φησιν,
1502 3088 1689 3162 ἐπειδὴ
1747 3092 1836 3148 καὶ

196 3182 290 3246 ἓως
345 3182 558 3258 φύσεως
630 3180 869 3252 ἐλήλυθε
902 3199 914 3211 ο
966 3180 1174 3259 φύσεως
1242 3183 1334 3254 μὲν
1404 3188 1502 3250 τῆς
1570 3181 1837 3255 ἡμετέρας

196 3270 380 3341 νόησον
419 3294 432 3306 ·
462 3272 553 3326 καὶ
605 3270 687 3326 ὅτι
728 3271 790 3325 τὸ
831 3269 1038 3348 φύσεως
1100 3269 1159 3324 οὐ
1218 3269 1402 3334 καλῶς
1456 3269 1690 3347 λέγομεν
1750 3269 1836 3325 ἐπὶ

197 3366 321 3417 Θιοῦ
353 3380 365 3392 ’
410 3358 532 3415 ἰδοὺ
589 3361 691 3435 γὰρ
750 3364 867 3421 πῶς
921 3380 1102 3436 φησιν,
1158 3355 1260 3421 ἕως
1318 3360 1526 3437 φύσεως
1576 3358 1835 3429 κατῆλθε,

196 3452 485 3516 τουτέστιν,
541 3446 646 3510 ἓως
701 3448 904 3503 ἑκείνου
955 3442 1151 3524 ἔφθασε
1201 3451 1297 3502 τοῦ
1348 3449 1692 3525 ἀτιμοτέρου,
1747 3448 1837 3503 καὶ

198 3541 351 3615 οὗπερ
383 3539 547 3600 αὐτὸς
601 3538 707 3593 οὐκ
736 3537 1012 3609 ἐκέκτητο.
1051 3537 1369 3611 Σημείωσαι
1425 3539 1520 3601 τὰς
1580 3537 1837 3616 ἐμφάσεις

196 3633 293 3683 τῶν
326 3628 524 3699 λέξεων
540 3670 553 3686 .

258 3716 702 3778 ’Λναλλοιώτως.
758 3714 1076 3788 Σημείωσαι
1143 3714 1227 3770 ὅτι
1303 3714 1692 3779 ἀναλλοιώτως
1748 3715 1837 3771 καὶ

196 3808 514 3883 ἀσυγχύτους
544 3804 901 3876 ὶκοινώνησεν
931 3807 1069 3878 ἡμῖν
1097 3805 1187 3859 καὶ
1218 3806 1435 3868 ἀπαθῶς
1462 3824 1474 3836 ·
1509 3806 1595 3859 καὶ
1645 3804 1728 3859 ὅτι
1785 3805 1836 3860 ἐν

193 3903 302 3959 τοῖς
358 3900 606 3974 ιρυσικοῖς
664 3896 823 3967 ἡμῶν
876 3890 1083 3967 ἔμεινεν
1140 3894 1436 3972 ὑπερφυὴς,
1486 3895 1576 3949 καὶ
1633 3893 1683 3949 ἐν
1721 3900 1837 3957 τοῖς

193 3987 301 4041 κατ’
334 3985 520 4040 οὐσίαν
555 3982 899 4056 ὑπερούσιος,
929 3984 1018 4037 καὶ
1050 3984 1165 4058 εἶχε
1192 3983 1259 4037 τὰ
1288 3986 1447 4058 ἡμῶν
1490 3984 1620 4061 ὑπὲρ
1670 3986 1838 4057 ἡμᾶς,

194 4077 303 4129 οἷον
335 4074 398 4129 τὸ
429 4071 491 4127 ἐκ
538 4072 825 4144 παρθένου,
855 4072 918 4125 τὸ
964 4071 1369 4147 ἀναμάρτητον,
1404 4074 1465 4127 τὸ
1516 4072 1569 4128 ἐν
1628 4072 1840 4145 ἐξουσίᾳ

197 4168 326 4219 Θεοῦ
384 4160 576 4218 λαλεῖν
615 4163 657 4199 ¹⁶
704 4161 793 4215 καὶ
851 4162 1023 4215 πάντα
1074 4162 1351 4237 πράττειν,
1407 4161 1469 4216 τὸ
1528 4168 1840 4237 περιπατεῖν

196 4252 372 4308 ἐπάνω
423 4254 522 4306 τοῦ
573 4248 789 4321 ὕδατος,
821 4249 909 4305 καὶ
963 4248 1061 4303 ὅσα
1089 4255 1333 4307 τοιαῦτα.
1369 4250 1686 4324 Σημείωσαι
1746 4250 1837 4307 οὖν

192 4342 267 4397 ὅτι
300 4339 483 4401 οὐδεὶς
514 4338 656 4394 οὕτω
687 4336 940 4413 θεολογεῖ
995 4338 1118 4415 περὶ
1175 4346 1276 4408 τῆς
1334 4340 1650 4414 οἰκονομίας
1706 4342 1840 4396 κατὰ

192 4433 564 4504 Νεστοριανῶν
595 4428 685 4483 καὶ
719 4425 1033 4505 Ἀκεφάλων
1063 4428 1153 4481 καὶ
1184 4433 1622 4488 Φαντασιαστῶν.

931 397 988 449 S.
1030 394 1304 450 MAXIMI
1340 388 1646 449 SCHOLIA
1682 395 1755 446 IN
1794 389 1929 444 LIB.
1971 392 2067 444 DE
2104 392 2373 447 DIVINIS
2411 391 2831 448 NOMINIBUS.

966 516 1055 570 καὶ
1106 514 1445 590 τελετάρχης
1492 516 1520 569 ὁ
1570 513 1717 585 Υἱὸς,
1750 510 1824 574 ὡς

1958 530 2050 569 em
2100 513 2445 586 angelorum
2497 515 2907 586 perfectorum,
2968 534 3083 573 non
3133 518 3446 590 perfectus,
3480 521 3581 578 sed

3477 395 3586 453 230

1939 618 2119 674 supra
2166 604 2603 674 perfectionem,
2628 610 2685 659 et
2704 604 2887 661 Filius
2910 610 2997 662 est
3014 602 3319 681 τελετάρχη
3331 629 3377 679 ς,
3410 626 3585 667 θωνα-

1940 692 2270 747 moniarum
2296 694 2581 763 conditor,
2606 694 2781 749 veluti
2804 695 2998 751 omnis
3030 697 3399 768 perfectionis
3431 698 3590 771 prin-

1940 780 2188 851 cipium;
2214 782 2493 852 quoniam
2518 788 2574 839 et
2594 781 2937 857 προτελειος,
2970 786 3383 857 perfectionem
3416 792 3589 843 ante—

1938 871 2093 925 cedit
2112 889 2126 939 ;
2144 870 2226 926 ita
2256 871 2431 927 etiam
2468 873 2684 928 dicitur
2706 875 2930 945 species
2953 874 3011 930 in
3036 874 3107 929 iis
3131 892 3256 946 quae
3280 877 3469 948 specie
3492 892 3588 934 ca-

1940 965 2154 1027 rent,et
2175 960 2557 1033 incorporeis,
2579 962 2759 1017 veluti
2778 964 3067 1020 universas
3097 965 3313 1036 speciei
3337 967 3590 1023 ﬁctionis

1941 1054 2186 1117 creator,
2211 1055 2268 1105 et
2297 1050 2651 1121 principium
2683 1052 2878 1108 omnis
2900 1052 3150 1125 speciei;
3185 1060 3453 1127 respectu
3486 1072 3587 1111 au-

1940 1141 2062 1192 tem
2092 1138 2419 1210 specierum
2453 1139 2892 1213 harum,specie
2923 1146 3099 1210 caret,
3118 1159 3184 1199 ac
3231 1159 3415 1216 supra
3463 1161 3592 1218 spe-

1941 1226 2087 1281 ciem
2121 1232 2236 1283 est:
2264 1228 2544 1299 quoniam
2565 1231 2791 1300 species
2813 1236 2872 1286 et
2893 1231 3036 1287 ideae
3056 1236 3197 1287 sunt
3219 1232 3345 1304 ipso
3368 1232 3594 1290 viliora.

2011 1317 2305 1387 Deﬁniens.
2339 1317 2468 1387 Pro,
2501 1318 2866 1391 discernens,
2890 1324 3062 1391 atque
3094 1320 3221 1376 sine
3251 1322 3595 1379 confusione

1942 1421 2321 1463 conservans.

2011 1496 2075 1549 Et
2105 1511 2358 1550 mensura
2387 1504 2484 1551 est.
2517 1495 2789 1551 Mensura
2837 1500 2928 1553 est
2972 1512 3187 1569 rerum,
3218 1499 3498 1570 quoniam
3530 1498 3592 1555 in

1940 1583 2069 1655 ipso
2100 1584 2375 1640 universa
2399 1584 2813 1653 terminantur,
2854 1592 2913 1641 et
2940 1587 3229 1643 azternilas
3261 1588 3596 1656 justissima

1944 1671 2058 1726 dici
2078 1677 2289 1742 potest;
2310 1672 2359 1727 si
2381 1672 2537 1728 enim
2556 1671 2689 1725 αἰών
2715 1673 2927 1729 dicitur
2952 1674 3129 1730 veluti
3154 1675 3231 1729 ἀεὶ
3254 1670 3352 1747 ὥν,
3376 1692 3594 1748 semper

1944 1760 2232 1831 exsistens,
2257 1762 2383 1833 ipse
2404 1766 2493 1817 est
2513 1762 2613 1833 qui
2640 1778 2871 1833 semper
2891 1769 3006 1819 est:
3051 1764 3266 1819 dicitur
3295 1766 3487 1821 enim:
3522 1766 3596 1821 Tu

1870 1887 1917 1953 Β
1945 1855 2129 1905 autem
2144 1850 3067 1921 idemes,etannituinondeﬁcient
3098 1854 3177 1924 (li)
3197 1871 3219 1916 ;
3253 1869 3593 1925 rursusque:

1952 1939 2058 2007 Qui
2077 1944 2333 1996 numerat
2353 1940 2767 1995 multitudinem
2786 1942 3084 1995 stellarum
3106 1942 3249 2013 (i),et
3270 1944 3464 1998 caelum
3486 1958 3599 1999 me-

1950 2030 2092 2084 tiens
2120 2031 2310 2100 palmo
2339 2033 2389 2085 et
2416 2039 2635 2085 terram
2688 2030 2899 2101 pugillo
2946 2029 3041 2102 (lc).
3075 2030 3350 2087 Conditor
3398 2038 3597 2088 autem

1951 2117 2310 2185 zeternitatis,
2335 2134 2469 2172 cum
2494 2117 2571 2173 sit
2588 2118 2928 2189 angelorum
2957 2124 3185 2175 creator
3212 2120 3601 2191 [immortales

1952 2206 2110 2261 enim
2134 2211 2273 2261 sunt
2295 2206 2429 2277 ipsi,
2454 2206 2529 2277 ct]
2559 2206 2993 2275 immortalitas,
3024 2210 3308 2277 extensio,
3330 2209 3449 2265 vita
3469 2226 3602 2265 con-

1953 2295 2137 2365 tinua,
2161 2294 2477 2363 aeternitas,
2502 2311 2616 2351 non
2638 2312 2771 2351 vero
2795 2302 3052 2369 tempus,
3074 2297 3521 2353 interminatum
3546 2302 3604 2354 et

1949 2400 2180 2455 semper
2202 2385 2465 2438 futurum
2487 2383 2721 2439 dicitur:
2740 2401 2853 2439 non
2870 2385 3276 2455 igitursecund
3289 2404 3383 2442 um
3401 2387 3506 2443 hoc
3520 2387 3604 2443 di-

1950 2472 2765 2539 citurzeternitas,secundum
2780 2478 3014 2545 tempus
3037 2477 3191 2545 quod
3206 2477 3382 2531 ﬁnem
3403 2476 3600 2543 habet,

1951 2562 2053 2617 sed
2087 2566 2380 2633 quatenus
2400 2576 2615 2633 semper
2640 2565 2742 2633 est,
2768 2563 2828 2618 in
2860 2562 3097 2633 saecula,
3122 2579 3248 2635 quas
3281 2564 3453 2621 ﬁnem
3483 2582 3601 2622 non

1950 2650 2191 2706 habent.

2024 2741 2201 2797 Plena.
2230 2745 2307 2796 est
2338 2740 2398 2795 in
2426 2740 2499 2795 iis
2528 2755 2653 2811 quae
2682 2744 2864 2809 egent.
2900 2740 3064 2805 Quod
3098 2757 3274 2812 supra
3303 2742 3469 2811 dixit,
3492 2743 3603 2798 im-

1943 2832 2191 2901 perfecta
2223 2845 2343 2885 vero
2375 2831 2431 2883 in
2460 2829 2741 2901 perfectis,
2776 2829 2872 2885 hic
2911 2830 3055 2885 dicit
3083 2831 3258 2902 effusa
3283 2830 3347 2885 in
3374 2830 3449 2886 iis
3476 2846 3603 2903 quae

1944 2920 2109 2991 plena
2139 2924 2309 2975 sunt:
2341 2934 2477 2990 ergo
2508 2918 2685 2973 etiam
2719 2918 3042 2989 imperfecta
3064 2918 3487 2992 itaintelligere
3506 2922 3603 2978 de-

1948 3010 2073 3077 bes,
2103 3008 2430 3064 eminenter
2459 3008 2709 3079 perfecta
2738 3008 2797 3062 in
2832 3009 3127 3079 perfectis.

2019 3103 2092 3154 Et
2120 3115 2291 3170 usque
2316 3097 2387 3153 ad
2415 3096 2882 3153 naturam.Vides
2913 3099 3207 3169 quomodo
3237 3099 3399 3169 dicit,
3419 3117 3601 3172 quan-

1946 3186 2019 3242 do
2050 3186 2225 3241 etiam
2257 3185 2327 3240 ad
2358 3190 2624 3239 naturam
2678 3184 2839 3239 venit
2871 3200 2883 3241 :
2917 3190 3189 3241 naturam
3221 3187 3460 3258 quidem
3494 3206 3600 3246 no-

1948 3281 2129 3331 stram
2163 3273 2449 3345 intellige,
2483 3289 2673 3344 neque
2717 3289 2825 3328 nos
2875 3278 3027 3329 recte
3076 3278 3347 3331 naturam
3381 3279 3452 3333 de
3484 3283 3597 3336 Deo

1947 3365 2168 3420 dicere:
2194 3379 2326 3419 ecce
2346 3363 2501 3417 enim
2526 3362 2821 3434 quomodo
2846 3362 2947 3430 ait,
2972 3364 3052 3418 ad
3071 3372 3329 3420 naturam
3370 3365 3592 3423 descen-

1946 3454 2051 3524 dit,
2076 3453 2131 3507 id
2165 3456 2255 3508 est
2296 3468 2361 3507 eo
2413 3466 2603 3522 usque
2632 3449 2895 3519 vilitatis,
2930 3456 3106 3522 atque
3127 3453 3256 3522 ejus
3287 3456 3444 3524 quod
3470 3455 3598 3526 ipse

1946 3559 2063 3598 non
2088 3542 2359 3609 habebat,
2384 3539 2666 3611 pervenit.
2689 3538 2837 3594 Nota
2858 3540 2975 3594 vim
2996 3540 3370 3612 significandi
3393 3542 3599 3600 dictio-

1946 3648 2112 3688 num.

2020 3721 2151 3776 Sine
2179 3717 2500 3775 mutatione.
2528 3718 2677 3774 Nota
2698 3717 2827 3774 sine
2859 3716 3183 3775 mutatione
3215 3723 3271 3776 et
3300 3721 3425 3777 sine
3457 3738 3598 3779 con-

1948 3810 2194 3876 fusione,
2220 3813 2277 3864 et
2308 3807 2434 3863 sine
2466 3808 2760 3879 passione,
2785 3808 2966 3863 nostri
2996 3807 3217 3864 factum
3256 3826 3385 3867 esse
3411 3812 3599 3883 parti-

1948 3900 2159 3971 cipem,
2189 3903 2365 3969 atque
2396 3897 2456 3952 in
2483 3897 2701 3953 nostris
2732 3896 3103 3952 naturalibus
3159 3902 3371 3955 natura
3418 3917 3597 3973 supe-

1948 3989 2067 4043 rior
2100 3986 2371 4059 perstitit,
2395 3989 2570 4056 atque
2600 3985 2659 4040 in
2692 3984 3109 4042 essentialihus
3137 3989 3390 4044 essentia
3419 4004 3598 4061 supe-

1948 4076 2087 4146 rior,
2111 4082 2423 4146 nostraque
2446 4090 2624 4145 supra
2646 4090 2753 4129 nos
2784 4074 3008 4143 habuit,
3039 4073 3237 4147 veluti,
3270 4094 3339 4132 ex
3372 4077 3601 4150 virgine

1950 4165 2133 4235 nasci,
2175 4162 2747 4235 impeccahilitatem,
2780 4163 2837 4216 in
2865 4168 3149 4233 potestate
3176 4166 3271 4221 Dei
3296 4167 3477 4238 loqui,
3510 4171 3600 4223 at-

1949 4270 2060 4325 que
2110 4254 2296 4309 facere
2327 4253 2481 4307 119
2513 4251 2803 4318 universi,
2836 4251 3139 4308 ambulare
3188 4270 3367 4327 super
3414 4273 3600 4327 aquas

1948 4347 2006 4398 et
2033 4342 2151 4399 alia
2177 4341 2414 4397 similia.
2448 4341 2597 4395 Nota
2627 4339 2807 4411 igitur
2855 4340 3088 4396 nullum
3120 4342 3197 4397 ita
3227 4344 3297 4398 de
3328 4344 3600 4400 incarna-

1948 4432 2106 4487 tione
2135 4431 2328 4486 divine
2349 4430 2532 4501 loqui,
2557 4434 2761 4485 contra
2776 4429 3154 4486 Nestorianos
3185 4435 3244 4487 et
3272 4432 3599 4505 Acephalos

1948 4525 2005 4577 et
2035 4519 2493 4576 Phantasiastas.

258 4610 410 4684 §X[.
442 4609 517 4661 Τὰ
566 4607 725 4662 κοινά
778 4604 890 4663 καί.
944 4605 1109 4660 Κοινὰ
1163 4605 1252 4661 καὶ
1308 4607 1566 4681 ἡνωμένα
1620 4609 1686 4664 τὰ
1740 4615 1836 4678 τῆς

2018 4608 2149 4680 §XI
2173 4606 2494 4663 Communia
2516 4606 2943 4663 eLCommunia
2964 4612 3022 4665 et
3045 4609 3210 4664 unita
3230 4615 3448 4669 sanctae
3468 4612 3600 4668 Tri-

193 4696 341 4771 ἁγίας
392 4693 628 4770 Τρσάδος
689 4694 951 4768 ὀνόματα,
983 4695 1080 4750 ὅσα
1132 4694 1191 4750 ἐκ
1235 4700 1343 4751 τῶν
1395 4697 1560 4767 αὐτῆς
1618 4696 1835 4775 δωρεῶν

190 4791 294 4841 τῶν
353 4784 430 4848 εἰς
461 4786 528 4840 τὰ
560 4786 675 4857 μετ’
704 4784 871 4854 αὐτὴν
923 4785 1244 4859 ὀνομάζεται
1280 4805 1292 4818 ·
1327 4786 1387 4848 ἅς
1430 4807 1576 4849 τινας
1634 4785 1841 4860 δωρεὰς

197 4872 489 4950 διακρίσεις
524 4873 678 4952 φησὶ,
709 4874 797 4928 καὶ
830 4874 996 4928 οἱονεὶ
1027 4873 1411 4948 πληθυσμούς.

263 4961 569 5034 Πληθόεται
629 4959 684 5016 Si
742 4962 956 5025 ἑνικῶς.
1004 4967 1172 5017 Τοῦτο
1225 4963 1359 5019 κατά
1400 4970 1840 5034 Φαντασιαστῶν,

201 5050 766 5119 πολλαπλασιάζεσθαι
827 5050 1036 5125 λέγεται
1091 5054 1152 5107 τὸ
1208 5048 1353 5106 ivi“
1387 5051 1575 5123 ἐπειδὴ
1636 5056 1739 5129 γὰρ
1788 5053 1839 5128 ἐξ

203 5140 355 5195 αὐτοῦ
386 5142 613 5210 ἅπαντα,
642 5140 732 5195 καὶ
767 5138 835 5195 δι’
866 5141 1052 5212 αὐτοῦ,
1085 5142 1174 5196 καὶ
1234 5142 1309 5204 εἷς
1358 5144 1522 5198 αὐτὸν
1578 5138 1838 5215 ἔκτισται,

205 5230 283 5284 καὶ
314 5229 471 5293 αὐτός
505 5229 615 5285 ἐστι
672 5227 884 5308 κεφαλὴ
938 5230 1151 5286 πάντων
1209 5235 1318 5287 τῶν
1372 5227 1562 5304 ὄντων,
1592 5234 1678 5288 καὶ
1742 5231 1840 5288 αὖ·

269 5394 344 5463 (h)
376 5394 527 5451 Psal.
559 5410 631 5464 οι,
663 5393 752 5449 28.
830 5393 897 5463 (i)
928 5393 1081 5449 Psal.
1114 5409 1297 5461 chvr,
1328 5396 1382 5452 4.

1460 5396 1536 5470 (k)
1570 5400 1683 5455 Isa.
1716 5418 1809 5473 XL,
1844 5403 1930 5460 12.

1948 4698 2151 4754 uitatis
2180 4714 2310 4753 esse
2353 4696 2610 4764 nomina,
2645 4696 2862 4767 quibus
2910 4712 2980 4752 ex
3026 4698 3155 4768 ejus
3204 4699 3376 4757 donis
3423 4702 3600 4757 rebus

1950 4792 2081 4860 post
2110 4788 2300 4859 ipsam
2334 4785 2561 4843 collatis
2593 4785 2957 4857 appellatur;
3008 4802 3136 4858 quae
3185 4789 3341 4846 dona
3385 4790 3600 4846 distin-

1949 4879 2157 4935 ctiones
2186 4880 2374 4944 vocat,
2407 4883 2463 4932 et
2491 4874 2669 4931 veluti
2694 4875 3210 4947 multiplicationes.

2020 4967 2422 5039 Multiplicatur
2450 4970 2644 5022 autem
2676 4965 2855 5021 unice.
2882 4966 3000 5022 Hoc
3029 4972 3230 5023 contra
3260 4967 3602 5024 Phantasia-

1952 5062 2095 5127 stas,
2121 5055 2501 5128 multiplicari
2534 5055 2747 5111 dicitur
2777 5057 2933 5127 quod
2967 5073 3150 5112 unum
3183 5061 3309 5113 est:
3343 5058 3601 5128 quando-

1951 5148 2190 5221 quidem
2269 5146 2425 5202 enim
2500 5162 2568 5201 ex
2641 5146 2769 5217 ipso
2846 5145 3065 5209 omnia,
3117 5149 3174 5200 et
3242 5162 3345 5217 per
3400 5146 3599 5218 ipsum

1949 5244 2006 5295 et
2052 5238 2112 5294 in
2160 5237 2290 5309 ipso
2341 5239 2537 5292 creata
2582 5234 2721 5306 sint,
2755 5234 2998 5307 ipseque
3057 5233 3133 5290 sit
3182 5240 3361 5308 caput
3402 5252 3600 5293 rerum

1184 5573 1427 5634 VARIIE
1476 5577 1870 5640 LECTIONES
1907 5581 2001 5639 ET
2039 5576 2603 5638 CORRECTIONES.

270 5713 313 5750 1⁸
340 5730 428 5787 γρ.
462 5704 556 5765 ὁδὶ
583 5706 716 5765 αἰὼν
748 5707 951 5784 χρόνος
980 5706 1362 5781 ἀτελεύτητος.
1442 5715 1486 5750 ¹⁶
1513 5732 1601 5788 γρ.
1635 5714 1709 5777 ὡς
1742 5715 1875 5779 Θιός
1906 5712 2117 5772 λαλεῖν.
2197 5716 2240 5754 1⁷
2268 5730 2355 5787 γρ.
2385 5706 2461 5765 ὅν.
