4080 6366
467 386 568 441 231

1292 384 1657 438 APPENDIX
1695 387 1789 439 AD
1827 385 2065 439 OPERA
2105 385 2163 437 S.
2205 383 2521 440 DIONYSII
2562 384 3058 443 AREOPAGITE.

3778 388 3888 447 232

469 512 758 582 omnium,
813 509 1233 580 universasque
1297 506 1660 563 substantias
1731 504 2113 579 produxerit:

2229 505 2321 567 τὸς
2353 508 2448 569 τας
2489 504 2621 570 ὅλας
2672 507 2855 571 οὐσίας
2896 511 3233 587 παρήγαγεν,
3274 508 3499 575 είκότως
3556 510 3814 568 πολλαπ)
3830 533 3889 568 α-

469 602 678 658 merito
730 597 1107 670 multiplicari
1160 597 1373 652 dicitur
1401 612 1505 669 per
1534 613 1601 651 ea
1632 613 1761 668 quae
1793 612 1893 668 per
1923 594 2118 667 ipsum

470 694 764 752 exsistunt
809 708 821 746 :
890 690 1367 762 quandoquidem
1427 688 1655 745 cunctis
1709 687 1865 742 Patri
1920 685 2117 757 subje-

469 784 579 840 ctis
612 783 735 855 ipse
766 780 994 837 dicatur
1020 780 1079 833 in
1111 778 1184 834 iis
1217 795 1344 851 quae
1379 794 1479 849 per
1508 779 1703 849 ipsum
1752 777 1903 831 facta
1956 778 2118 845 sunt,

471 872 624 929 Patri
683 871 917 941 subjici,
950 870 1102 924 sicut
1132 868 1274 923 dicit
1302 867 1615 939 Apostolus
1651 882 1663 921 :
1718 868 1861 921 Tunc
1906 869 1959 920 et
2007 866 2121 935 ipse

470 961 646 1018 Filius
676 959 1007 1032 subjicietur
1037 958 1133 1029 (l);
1170 962 1345 1028 atque
1376 973 1508 1011 cum
1541 955 1677 1011 talis
1708 952 2123 1025 esset,mansit

469 1068 625 1107 unus
649 1051 707 1104 in
729 1047 1216 1119 multiplicatione
1247 1045 1650 1117 productionis
1684 1045 2119 1113 universorum,

460 1146 516 1196 et
537 1140 693 1195 idem
721 1138 779 1193 in
805 1136 1046 1194 minime
1076 1135 1383 1191 deﬁciente
1413 1150 1655 1190 suorum
1686 1134 1971 1190 donorum
1993 1148 2123 1204 pro-

464 1229 716 1294 fusione,
750 1244 884 1283 cum
922 1228 981 1282 in
1014 1224 1288 1280 universo
1330 1239 1468 1295 pars
1518 1226 1693 1292 esset,
1725 1226 1783 1278 et
1813 1221 1960 1277 nihil
1990 1221 2121 1277 uni-

460 1319 612 1374 versi
635 1321 824 1385 esset;
860 1318 1097 1387 superat
1120 1313 1274 1369 enim
1307 1312 1721 1381 essentiam,et
1742 1327 1932 1384 neque
1952 1310 2121 1365 illum

462 1407 693 1480 assequi
728 1405 1025 1473 valemus;
1079 1404 1239 1459 istud
1272 1405 1467 1458 autem
1503 1400 1745 1457 inferius
1774 1401 2122 1472 interpreta-

466 1505 578 1553 tur.

531 1590 593 1643 Et
619 1584 952 1656 singularia.
986 1582 1229 1639 Unicam
1262 1580 1403 1637 dicit
1438 1580 1847 1636 universorum
1897 1581 2120 1651 produ-

462 1675 741 1743 ctionem,
775 1673 1082 1729 declarans
1113 1670 1290 1726 simul
1323 1686 1388 1726 ac
1416 1669 1569 1726 Deus
1605 1668 1810 1736 voluit,
1840 1685 1955 1725 non
1987 1672 2122 1724 ante

460 1764 745 1837 paulatim
773 1768 830 1820 et
857 1762 1071 1835 partim
1106 1764 1301 1817 creata
1332 1760 1537 1827 fuisse,
1571 1776 1671 1815 seu
1708 1775 1799 1815 res
1831 1758 1891 1813 in
1924 1757 2118 1814 lucem

2228 594 2499 664 σιάζεσθαι
2553 595 2762 673 λέγεται
2821 596 2909 653 διὰ
2959 604 3068 654 τῶν
3145 601 3271 676 παρ’
3330 602 3496 656 αὐτοῦ
3552 603 3884 678 γενομένων,

2228 680 2353 738 ὅταν
2385 686 2474 738 καὶ
2506 686 2724 740 πάντων
2758 688 3209 761 ὑποταττομένων
3238 693 3317 761 τῷ
3358 690 3549 765 Πατρὶ,
3579 690 3739 753 αὐτὸς
3789 688 3885 746 λέ-

2226 793 2375 848 γεται
2409 772 2499 829 διὰ
2527 780 2633 829 τῶν
2667 777 2796 849 παρ’
2834 776 2999 833 αὐτοῦ
3037 778 3359 853 γινομένων,
3386 780 3466 851 τῴ
3518 782 3684 856 Πατρὶ
3752 782 3887 837 ὑπο-

2226 863 2531 932 τάττεσθαι,
2586 865 2661 927 ὡς
2718 864 2881 938 φησὶν
2941 867 2968 920 6
3000 866 3357 936 Ἀπόστολος,
3389 868 3519 923 Τότε
3576 868 3667 923 καὶ
3725 869 3887 933 αὐτὸς

2230 952 2257 1005 ὁ
2290 952 2413 1016 Υἱὸς
2447 954 2844 1029 ὑποταγήσεται
2880 974 2891 987 ’
2926 955 3017 1009 καὶ
3048 957 3076 1010 6
3105 961 3352 1019 τοιοῦτος
3376 956 3427 1012 ἐν
3458 962 3538 1030 τῷ
3568 958 3887 1032 πληθυσμῷ

2227 1048 2328 1110 τῆς
2359 1042 2574 1097 πάντων
2604 1048 2933 1120 παραγωγῆς
2967 1043 3172 1117 ἔμεινεν
3206 1048 3283 1109 εἷς
3312 1046 3404 1101 καὶ
3436 1048 3464 1102 6
3496 1046 3656 1111 αὐτὸς
3708 1045 3764 1102 ἐν
3816 1052 3887 1121 τῇ

2230 1130 2586 1204 ἀνελαττώτῳ
2643 1131 2801 1208 χύσει
2856 1153 2963 1187 των
3030 1132 3198 1189 αὐτοῦ
3273 1132 3637 1208 μεταδόσεων,
3698 1135 3750 1191 ἐν
3807 1140 3889 1209 τῷ

2228 1220 2387 1274 παντῖ
2440 1220 2600 1294 μέρος
2650 1220 2743 1291 ὢν,
2771 1221 2859 1277 καὶ
2898 1219 3066 1296 μηδὶν
3100 1221 3172 1278 ὣν
3200 1227 3296 1279 τοῦ
3328 1226 3528 1288 παντός
3560 1244 3573 1257 ⁸
3608 1224 3720 1281 ἔστι
3781 1226 3889 1300 γὰρ

2229 1310 2548 1384 ὑπερούσιος
2581 1329 2593 1341 ·
2625 1312 2716 1365 καὶ
2756 1313 2890 1384 ἡμῖν
2941 1311 3223 1389 ἀνέφικτος
3260 1333 3273 1349 ο
3320 1313 3607 1389 ἐρμηνεύει
3656 1312 3713 1369 δὶ
3756 1313 3891 1371 αὐτὸ

2232 1401 2435 1455 ὑποκατ
2445 1401 2536 1454 ιών
2550 1444 2562 1457 .

2300 1577 2397 1632 Καὶ
2456 1581 2522 1653 τῇ
2581 1580 2774 1652 ἑνιαίᾳ.
2815 1580 3049 1638 Ἑνιαίαν
3106 1580 3207 1660 ἔφη
3267 1586 3375 1638 τῶν
3430 1582 3578 1638 ὅλων
3629 1602 3889 1658 παραγω-

2226 1668 2349 1741 γῆν,
2384 1665 2569 1739 δηλῶν
2628 1670 2739 1743 ἅμα
2792 1674 2871 1743 τῷ
2927 1662 3239 1747 βούλεσθαι,
3272 1673 3364 1727 καὶ
3397 1671 3458 1727 ού
3489 1672 3625 1727 κατά
3687 1672 3884 1747 μικρόν

2226 1776 2277 1810 τι
2323 1755 2409 1810 καὶ
2448 1762 2684 1833 μερικῶς
2718 1762 3023 1829 κτισθῆναι,
3057 1757 3181 1828 ἤτοι
3212 1760 3349 1835 πρὸς
3406 1760 3469 1815 τὸ
3520 1761 3652 1816 εἶναι
3704 1758 3883 1815 ἐλθεῖν

459 1854 770 1926 prodiisse.
800 1852 921 1909 Non
955 1849 1327 1906 imminutam
1357 1865 1488 1904 vero
1520 1846 2113 1904 communicationem

2226 1846 2292 1899 τὰ
2333 1846 2614 1921 γεγονότα.
2651 1845 3049 1903 Ἀνελάττωτον
3100 1846 3156 1903 δὶ
3210 1846 3521 1922 μετάδοσιν,
3552 1848 3678 1919 ἤτοι
3724 1848 3808 1905 δτι
3843 1851 3887 1888 ¹⁸

461 1944 621 2011 dicit,
654 1959 772 2014 qua
803 1940 1026 1997 scilicet
1072 1939 1223 1995 Deus
1273 1942 1484 1993 cuncta
1529 1938 1927 2009 producendo,
1961 1935 2107 1992 nihil

461 2032 830 2105 propriorum
864 2030 1151 2085 bonorum
1184 2026 1416 2083 minuit.

529 2120 844 2191 Intelligen:
873 2118 1179 2175 communis
1219 2126 1413 2173 noster.
1447 2116 1795 2172 Communis
1828 2116 2110 2187 magister

458 2214 514 2266 et
543 2209 846 2265 institutor
877 2207 1156 2262 nimirum
1181 2204 1475 2275 apostolus
1498 2204 1743 2260 Paulus:
1771 2204 1928 2260 illius
1950 2202 2107 2259 enim

457 2314 565 2370 ope
622 2296 889 2365 credidit,
933 2295 1085 2351 sicut
1141 2294 1393 2367 legimus
1449 2294 1507 2348 in
1563 2293 1740 2349 Actis.
1774 2293 2108 2349 Notandum

458 2388 657 2458 etiam,
689 2391 962 2442 sanctum
1019 2384 1399 2439 Hierotheum
1432 2400 1465 2438 a
1495 2386 1696 2439 sancto
1741 2382 1920 2438 Paulo
1969 2382 2109 2439 edo-

458 2480 639 2533 ctum.

529 2567 669 2622 Nam
696 2566 802 2620 etsi
825 2563 940 2619 sint
971 2563 1068 2634 qui
1095 2562 1378 2619 dicantur.
1424 2562 1597 2632 Illud,
1630 2562 1732 2617 etsi
1759 2561 1842 2616 dii
1870 2560 2033 2616 mutii
2061 2564 2113 2615 et

458 2654 672 2712 domini
712 2654 842 2726 sint,
875 2658 1075 2709 tamen
1132 2669 1315 2708 unum
1347 2669 1471 2707 esse
1504 2668 1635 2706 vere
1665 2651 1849 2706 Deum
1900 2655 1955 2705 et
2006 2650 2112 2705 Pa-

457 2750 633 2813 trem,
659 2760 961 2815 unumque
983 2760 1112 2797 vere
1134 2741 1447 2797 Dominum
1470 2741 1699 2805 Jesum,
1724 2740 1831 2794 hoc
1855 2739 2114 2794 declarat

458 2850 696 2890 causam
712 2833 975 2889 omnium
990 2836 1045 2886 et
1062 2829 1396 2885 ereatricem
1413 2830 1443 2883 d
1457 2828 1928 2893 ivinitatem,secu
1941 2828 2113 2882 ndum

458 2923 772 2978 indivisam
792 2926 847 2977 et
867 2920 1274 2974 indistinctam
1306 2917 1900 2972 communicationem
1927 2915 2115 2971 nomi-

464 3010 554 3067 nis
587 3011 833 3083 proprizr
862 3006 1190 3063 divinitatis
1211 3012 1267 3061 et
1290 3006 1732 3075 dominationis,
1767 3023 1863 3061 eos
1896 3005 1997 3076 qui
2030 3005 2111 3060 dii

460 3105 519 3156 et
549 3099 771 3155 domini
805 3098 1098 3164 dicuntur,
1125 3095 1505 3166 produxisse:
1555 3094 1794 3149 minime
1825 3098 2020 3149 tamen
2052 3093 2112 3150 in

463 3193 658 3261 partes
690 3187 972 3242 deitatum
1024 3184 1235 3239 deitate
1285 3182 1552 3253 discissa,
1586 3182 1741 3238 sicut
1791 3200 1997 3238 aurum
2052 3182 2111 3239 in

460 3278 657 3351 plures
688 3292 986 3342 nummos;
1015 3288 1202 3345 neque
1236 3272 1436 3327 multis
1457 3271 1568 3327 diis
1587 3272 1715 3342 ejus
1747 3272 2111 3327 divinitatem

460 3366 911 3439 complentibus,
929 3362 1429 3436 quemadmodum
1457 3360 1652 3415 multae
1678 3362 1903 3432 species
1928 3377 2110 3415 unum

458 3456 780 3523 mundum;
804 3454 904 3509 sed
926 3450 1309 3523 multiplicari
1330 3450 1543 3506 dicitur
1565 3454 1736 3520 Deus,
1758 3467 2112 3522 unaquaque

455 3544 858 3617 productionis
892 3558 1089 3598 rerum
1120 3540 1440 3611 voluntate,
1476 3540 1631 3596 I20
1685 3540 1923 3612 provido
1973 3556 2110 3611 pro-

454 3651 683 3707 gressu,
705 3630 1137 3703 multiplicatus
1162 3629 1422 3700 quidem,
1442 3645 1685 3683 manens
1710 3633 1902 3684 tamen
1929 3644 2109 3684 unum

454 3721 1008 3787 individuum,sicut
1029 3718 1113 3775 sol
1139 3719 1277 3773 dum
1304 3717 1501 3788 plures
1524 3717 1741 3773 emittit
1774 3719 1990 3785 radios,
2023 3722 2109 3773 at-

458 3828 570 3883 que
592 3812 650 3865 in
678 3810 902 3865 unitate
924 3810 1256 3879 permanet;
1284 3806 1499 3861 dicitur
1521 3805 1674 3860 enim
1699 3806 1873 3861 etiam
1898 3808 1968 3861 de
1988 3805 2109 3862 sole

448 3899 714 3971 justitiae,
742 3897 998 3969 quotidie
1022 3896 1267 3964 divisus,
1291 3899 1346 3949 et
1368 3911 1481 3949 non
1511 3900 1931 3965 consumptus;
1956 3900 2109 3951 recte

456 3994 651 4045 autem
684 3987 900 4043 dicitur
930 3986 986 4040 in
1019 3984 1164 4056 ipsis
1196 4000 1432 4056 quoque
1455 3984 1667 4038 divinis
1692 3984 1957 4038 fortiores
1983 4000 2109 4040 esse

454 4076 938 4135 distinctionibus
952 4074 1266 4142 unitiones;
1291 4078 1348 4128 et
1362 4077 1417 4128 et
1430 4072 1587 4128 enim
1609 4088 1719 4127 non
1739 4077 1964 4143 Oportet
1979 4088 2109 4128 eum

453 4168 698 4239 quicum
716 4164 939 4236 judicio
955 4163 1245 4218 audiendo
1262 4162 1575 4217 discitesse
1594 4161 1649 4214 in
1670 4164 1781 4215 Deo
1800 4159 2105 4228 unitatem,

453 4257 594 4311 dum
618 4254 741 4309 haec
764 4254 949 4323 audit,
975 4250 1243 4306 arbitrari
1278 4266 1406 4305 esse
1438 4250 1496 4303 in
1524 4249 1653 4321 ipso
1678 4248 2106 4315 infirmitatem,

455 4362 645 4417 neque
675 4342 1001 4415 simplicem
1034 4344 1317 4412 tanquam
1349 4338 1668 4393 invalidum
1696 4354 1711 4406 ;
1758 4336 1903 4389 nihil
1948 4338 2107 4391 enim

457 4434 689 4507 proprie
719 4434 788 4487 de
822 4432 937 4487 Deo
987 4447 1018 4484 a
1067 4429 1237 4485 nobis
1287 4426 1723 4500 pronuntiatur,
1758 4425 1913 4495 quod
1946 4425 2107 4481 illius

457 4522 870 4595 proprietatem
896 4519 1166 4589 attingat,
1192 4532 1379 4587 neque
1404 4531 1505 4587 per
1527 4513 1934 4586 privationem,
1956 4514 2111 4570 sicut

2222 1934 2418 2003 κτίζων
2450 1936 2515 1990 τὰ
2544 1932 2672 1990 ὅντα
2704 1937 2730 1990 6
2764 1936 2913 2010 Θεὸς,
2946 1934 3099 1993 οὐδὲν
3130 1942 3237 1993 τῶν
3279 1936 3494 1994 οἰκείων
3551 1944 3701 2013 μειοῖ
3751 1939 3885 2015 ἀγα-

2218 2025 2323 2077 θῶν
2342 2066 2353 2081 .

2289 2114 2581 2183 Ἐννοήσας
2632 2115 2659 2169 ὁ
2710 2116 2890 2177 κοινὸς
2940 2117 3123 2188 ἡμῶν.
3176 2115 3368 2180 Κοινὸς
3405 2115 3738 2191 καθηγεμὼν
3783 2137 3853 2171 κα

2219 2205 2564 2279 χειραγωγὸς
2594 2207 2619 2259 6
2654 2203 2957 2268 ἀπόστολος
2988 2203 3206 2268 Παῦλος
3249 2203 3510 2277 δηλονότι
3546 2223 3560 2237 ·
3604 2204 3675 2261 δι’
3706 2206 3873 2262 αὐτοῦ

2218 2293 2321 2368 γὰρ
2379 2291 2702 2367 ἐπίστευσεν,
2761 2292 2835 2358 ὡς
2885 2289 3123 2369 ἔγνωμεν
3184 2294 3235 2349 ὲν
3290 2300 3407 2358 ταῖς
3466 2294 3713 2371 Πράξεσι.
3770 2296 3873 2353 Καὶ

2220 2380 2577 2453 σημειωτέον,
2612 2381 2693 2437 ὅτι
2724 2382 2813 2437 καὶ
2846 2384 2873 2437 6
2908 2384 3063 2458 ἅγιος
3092 2383 3351 2458 Ἱερόθεος
3397 2389 3478 2457 τῷ
3504 2384 3638 2459 ἁγίῳ
3661 2383 3870 2457 Παύλῳ

2220 2469 2585 2543 ἐμαθητεύθη.

2294 2559 2396 2615 Καὶ
2428 2561 2530 2635 γὰρ
2564 2558 2713 2633 εἷ’περ
2774 2560 2873 2615 εἶσὶ
2929 2560 3241 2636 λεγόμενοι.
3273 2562 3371 2631 Τὸ,
3406 2561 3497 2616 κᾶν
3560 2562 3671 2616 θεοὶ
3734 2558 3876 2615 πολ-

2221 2646 2310 2702 λοὶ
2342 2649 2428 2702 καὶ
2463 2648 2642 2723 κύριοι
2675 2651 2796 2719 ὦσι,
2831 2648 2975 2719 πλην
3006 2648 3097 2705 ἕνα
3125 2651 3254 2706 εἶναι
3298 2651 3390 2705 τὸν
3438 2649 3664 2721 ἀληθῶς
3720 2650 3878 2721 Θεὸν,

2220 2738 2305 2789 καὶ
2372 2736 2581 2811 Πατέρα
2632 2741 2696 2805 η,
2727 2740 2813 2792 καὶ
2858 2736 2951 2793 ἕνα
2996 2740 3087 2794 τὸν
3140 2736 3363 2809 ἀληθῶς
3412 2738 3608 2813 Κύριον
3640 2742 3879 2809 Ἰησοῦν,

2219 2829 2381 2879 τουτο
2416 2824 2583 2896 δηλοῖ
2608 2825 2689 2881 ὅτι
2722 2831 2755 2896 ἡ
2788 2830 2998 2882 πάντων
3033 2827 3200 2899 αἶ’τία,
3234 2827 3323 2883 καὶ
3353 2825 3693 2903 δημιουργὸς
3754 2826 3879 2892 θεό-

2221 2934 2320 2983 της
2378 2914 2512 2968 κατὰ
2562 2913 2849 2987 μετάδοσιν
2893 2916 3181 2991 ἀμέριστον
3243 2916 3330 2971 καὶ
3394 2914 3721 2971 άσκέδαστον
3781 2914 3879 2981 τῆς

2224 3002 2533 3075 ἐπωνυμίας
2563 3011 2664 3073 τῆς
2696 3004 2895 3067 οἰκείας
2932 3004 3187 3076 θεότητος
3236 3005 3325 3060 καὶ
3370 3004 3696 3080 κυριότητος
3751 3003 3880 3068 τοὺς

2225 3087 2555 3165 λεγομένους
2589 3091 2742 3156 θεοὺς
2771 3093 2863 3147 καὶ
2892 3094 3109 3167 κυρίους
3136 3096 3466 3170 προήγαγεν,
3501 3095 3565 3149 οὐ
3614 3114 3878 3169 κατακερ-

2230 3179 2577 3252 ματισθείσης
2604 3188 2705 3251 τῆς
2736 3182 2989 3253 θεότητος
3024 3182 3097 3244 εἷς
3132 3182 3268 3259 μέρη
3307 3185 3602 3253 θεοτήτων,
3637 3183 3712 3245 ὡς
3744 3202 3880 3258 χρυ-

2147 3251 2188 3317 C
2228 3268 2319 3331 σὸς
2353 3270 2428 3331 εἰς
2478 3271 2788 3343 νομίσματα
2844 3269 3029 3327 πολλά
3063 3291 3074 3304 ·
3111 3270 3234 3327 οὕτε
3283 3276 3391 3327 τῶν
3447 3269 3675 3326 πολλῶν
3737 3275 3874 3336 θεῶν

2224 3358 2696 3433 συμπληρούντων
2754 3362 2852 3430 τὴν
2916 3360 3077 3416 αὐτοῦ
3138 3362 3390 3431 θεότητα,
3440 3362 3498 3416 ’ὸν
3554 3360 3757 3435 τρόπον
3810 3360 3878 3417 τὰ

2220 3446 2404 3502 πολλὰ
2436 3446 2578 3519 εἴδη,
2607 3449 2696 3503 τὸν
2729 3446 2817 3503 ἕνα
2844 3449 3051 3523 κόσμον
3082 3470 3094 3483 ·
3130 3448 3278 3505 ἀλλὰ
3314 3450 3686 3521 πληθύνεσθαι
3718 3447 3877 3527 λὲγε-

2218 3557 2305 3591 ται
2340 3538 2367 3592 ὁ
2399 3539 2549 3608 Θεὸς,
2580 3542 2658 3609 τῶ
2689 3539 2810 3601 καθ’
2836 3536 3060 3593 ἕκαστον
3115 3539 3191 3601 εἰς
3245 3541 3575 3615 παραγωγὴν
3634 3544 3742 3593 τῶν
3787 3534 3878 3594 ὄν-

2217 3649 2324 3682 των
2361 3624 2700 3700 βουλήματι,
2732 3632 3125 3702 προνοητικαῖς
3156 3625 3437 3702 προόδοις,
3458 3626 3881 3683 πολλαπλασια-

2221 3716 2446 3789 ζόμενος
2483 3715 2599 3787 μὶν,
2636 3717 2805 3788 μὲνων
2841 3714 2897 3770 δὲ
2927 3716 3126 3791 ἆμιρὶς
3156 3714 3211 3771 ἓν
3239 3720 3284 3754 ²⁰
3314 3715 3499 3793 ὥσπερ
3533 3716 3696 3786 ἥλιος
3724 3717 3879 3772 ἀγτῖ-

2217 3826 2309 3866 νας
2359 3803 2572 3867 πολλὰς
2627 3804 2940 3878 ἐκπέμπων,
2968 3806 3057 3861 καὶ
3113 3807 3289 3879 μενων
3319 3805 3371 3861 ἐν
3402 3809 3470 3871 τῆ
3506 3805 3719 3874 ἱνότητι
3751 3825 3764 3839 ο
3800 3804 3877 3860 εἴ·

2218 3914 2377 3969 ρηται
2409 3894 2508 3969 γὰρ
2541 3896 2629 3948 καὶ
2678 3894 2801 3970 περὶ
2833 3899 2929 3949 τοῦ
2960 3893 3127 3964 ἡλίου
3158 3902 3260 3965 τῆς
3293 3892 3664 3965 δικαιοσύνης,
3699 3896 3727 3949 6
3757 3902 3879 3959 καθ’

2216 3982 2423 4058 ἡμέραν
2460 3982 2836 4057 μεριζόμενος,
2862 3983 2949 4037 καὶ
2998 3985 3074 4056 μὴ
3108 3981 3499 4057 δαπανώμενος
3538 4002 3548 4017 ·
3585 3983 3769 4045 καλῶς
3818 3981 3878 4039 δὶ

2214 4073 2301 4125 καὶ
2365 4070 2452 4125 ἐπὶ
2510 4076 2617 4125 τῶν
2678 4072 2833 4135 θείων
2888 4071 3120 4148 εἷ’ρηται,
3150 4073 3243 4129 τὰς
3272 4074 3490 4137 ἒνώσιις
3516 4078 3626 4128 τῶν
3658 4069 3875 4147 διακρί-

2217 4180 2351 4214 σεων
2382 4158 2825 4235 ἐπικρατεστὲρας
2854 4160 2985 4215 εἶναι
3024 4180 3036 4192 ·
3069 4162 3160 4215 καὶ
3190 4162 3289 4238 γὰρ
3322 4163 3387 4216 ού
3421 4160 3505 4216 δεῖ
3551 4162 3642 4217 τὸν
3693 4181 3879 4217 νουνε·

2217 4253 2337 4323 χῶς
2395 4248 2744 4322 ἀκροώμενον
2797 4249 2920 4322 περὶ
2978 4255 3135 4322 Θεοῦ,
3169 4249 3323 4305 ἱνάδα
3354 4251 3479 4325 περὶ
3511 4251 3677 4305 αὐτοῦ
3707 4251 3875 4304 ἀκού-

2218 4358 2365 4409 οντα,
2398 4338 2645 4391 ὑπονοεῖν
2679 4337 2976 4410 ἀσθένειαν,
3012 4337 3135 4395 οὔτε
3166 4338 3375 4395 ἁπλοῦν
3432 4340 3505 4401 ὡς
3560 4336 3820 4394 ἀδύνατον
3857 4357 3873 4371 ·

2218 4422 2372 4480 οὐδὲν
2421 4426 2524 4502 γὰρ
2584 4425 2671 4481 ἐπὶ
2726 4432 2861 4482 Θεοῦ
2894 4428 3108 4490 οἰκείως
3138 4430 3265 4503 παρ’
3295 4431 3457 4501 ἡμῶν
3503 4427 3720 4504 λέγεται
3772 4434 3876 4498 τῆς

2218 4512 2491 4586 ἰδιότητος
2525 4514 2733 4586 ἐκείνης
2782 4516 3197 4594 ἐφικνούμενον,
3231 4515 3353 4573 οὔτε
3404 4517 3541 4572 κατὰ
3598 4516 3878 4587 στέρησιν,

458 4609 809 4680 immortalis,
842 4612 898 4664 et
928 4606 1182 4674 similia;
1235 4621 1424 4676 neque
1472 4620 1574 4675 per
1620 4601 1969 4674 positionem
2003 4619 2103 4659 seu

2226 4604 2289 4666 in;
2322 4604 2598 4675 ἀθάνατος,
2632 4604 2721 4660 καὶ
2760 4607 2827 4661 τὰ
2857 4608 3025 4679 ὅμοια
3059 4626 3071 4638 '
3110 4604 3235 4662 οὕτε
3263 4607 3398 4661 κατὰ
3428 4602 3591 4674 θέσιν,
3627 4606 3701 4668 ὡς
3756 4607 3873 4676 ζωὴ

458 4698 933 4763 affirmationem,
967 4699 1031 4750 ut
1050 4695 1165 4749 vita
1189 4695 1435 4749 fortasse
1460 4698 1517 4747 et
1536 4709 1709 4747 unum
1730 4708 1750 4752 ,'
1775 4692 1875 4747 sed
1912 4709 2107 4763 unum,

2226 4693 2382 4768 τυχὸν
2413 4692 2500 4747 καὶ
2533 4692 2595 4747 τὸ
2626 4693 2699 4762 ἓν,
2733 4693 2878 4749 ἀλλὰ
2906 4697 2967 4750 τὸ
2995 4695 3075 4767 ἓν,
3104 4697 3178 4758 ὡς
3211 4701 3368 4751 πᾶσιν
3402 4690 3759 4768 ἀσύμϐλητον
3784 4694 3882 4771 ῥη-

459 4796 745 4861 tanquam
776 4786 929 4859 quod
964 4801 1098 4839 cum
1136 4782 1295 4838 nullo
1331 4781 1655 4853 comparari
1689 4781 1872 4852 possit
1921 4780 2111 4837 dicen-

461 4879 625 4950 dum,
649 4876 805 4948 quod
837 4875 1039 4931 eodem
1076 4872 1248 4927 modo
1272 4888 1333 4927 se
1358 4870 1531 4926 habet
1556 4870 1613 4924 in
1644 4870 1716 4925 iis
1737 4872 1909 4925 etiam
1945 4875 2111 4926 caete-

462 4984 662 5025 rorum
695 4962 1090 5021 subsistentiis
1118 4978 1243 5033 quae
1265 4978 1333 5015 ex
1353 4961 1481 5030 ejus
1510 4960 1734 5015 unitate
1756 4959 2000 5014 minime
2016 4976 2111 5016 ex-

462 5055 803 5125 eunt;idem
826 5050 1002 5109 etiam
1036 5054 1261 5106 manet:
1317 5048 1425 5104 etsi
1458 5048 1729 5103 voluntas
1759 5048 1816 5102 in
1855 5048 2112 5121 reliquo-

463 5162 594 5201 rum
628 5142 1012 5216 productione
1062 5139 1242 5196 dividi
1283 5138 1571 5193 videatur.
1605 5136 1775 5192 Omni
1808 5138 1991 5209 igitur
2022 5138 2114 5194 di-

461 5234 796 5304 stinctione,
828 5233 887 5288 id
939 5234 1029 5287 est
1071 5233 1136 5285 ut
1180 5233 1395 5284 cuncta
1444 5226 1731 5283 exsistant
1780 5243 2114 5299 progressu.

526 5427 593 5501 (ι)
622 5426 645 5483 Ι
677 5426 805 5483 Cor.
837 5441 927 5492 xv,
957 5424 1049 5479 28.

2217 4780 2358 4849 τὲον,
2384 4780 2515 4855 ὅπερ
2548 4780 2806 4843 ὡσαύτως
2836 4777 2949 4859 ἔχει
2977 4784 3067 4839 καὶ
3098 4783 3151 4839 ἐν
3184 4789 3305 4846 ταῖς
3336 4783 3751 4862 ἀνεκφοιτήτοις
3776 4785 3880 4850 τῆς

2220 4868 2423 4931 οἰκείας
2455 4867 2639 4933 ὲνάδος
2658 4875 2767 4925 τῶν
2800 4870 3011 4927 λοιπῶν
3045 4874 3397 4927 ὑποστάσεσι’
3434 4874 3579 4945 μένει
3601 4872 3704 4947 γὰρ
3730 4873 3758 4926 6
3780 4871 3878 4927 αὖ·

2218 4955 2443 5029 τὸς,κᾶν
2474 4959 2534 5013 τὸ
2563 4958 2825 5032 βούλημα
2843 4958 2983 5033 δοκῇ
3013 4958 3369 5037 διακρίνεσθαι
3403 4960 3480 5023 εἷς
3504 4962 3604 5030 τήν
3626 4966 3735 5015 τῶν
3760 4970 3881 5017 Λοι-

2220 5051 2336 5101 πῶν
2369 5050 2724 5123 παραγωγήν.
2760 5049 2939 5115 Πάσης
2970 5047 3061 5103 οὖν
3107 5048 3449 5126 διακρίσεως,
3484 5048 3760 5104 τουτέστιν
3796 5048 3877 5112 εἷς

2220 5136 2283 5190 τὸ
2315 5136 2447 5190 εἶναι
2478 5137 2545 5191 τά
2570 5137 2743 5191 πάντα
2772 5136 3036 5212 παρόδου.
3080 5139 3341 5215 Προάιτία
3374 5135 3431 5192 δὲ
3460 5138 3549 5192 καὶ
3585 5137 3879 5214 ἐπικρατε-

2224 5226 2386 5302 στὲρα
2416 5228 2450 5296 ἡ
2481 5231 2577 5281 τοῦ
2609 5231 2743 5283 Θεοῦ
2776 5226 3063 5305 ἀμέριστος
3094 5228 3234 5291 ἒνάς.
3270 5229 3393 5287 Ἐπὶ
3444 5225 3501 5282 δὲ
3546 5232 3657 5283 τῶν
3686 5228 3884 5301 αἰσθη-

1468 5532 1709 5589 VARUE
1751 5533 2135 5591 LECTIONES
2174 5536 2265 5591 ET
2302 5535 2860 5595 CORRECTIONES.

534 5708 576 5745 ¹⁸
605 5725 692 5782 γρ.
722 5702 821 5781 ἔφη
856 5701 960 5759 ὅτι.
1041 5703 1086 5739 ﬂ
1112 5719 1200 5777 γρ.
1234 5697 1415 5769 ἀληθῆ
1450 5696 1606 5769 Θεὸν,
1637 5698 1846 5771 Πατέρα
1874 5698 1963 5753 καὶ
1995 5698 2118 5755 Υίὸν
2150 5696 2240 5756 καὶ
2270 5699 2427 5775 ἅγιον
2463 5700 2707 5774 Πνεῦμα.
2784 5702 2831 5739 ³ο
2855 5720 2945 5777 γρ.
2980 5701 3157 5775 μινειν
3189 5695 3248 5754 Si
3276 5698 3585 5773 ἀμιρίστως
3621 5694 3697 5759 εν.
