4080 6366
216 367 315 421 233
986 372 1044 422 S.
1086 372 1352 424 ΜΔΧῙΜῙ
1388 371 1691 425 SCHOLIA
1730 374 1802 425 IN
1842 372 1855 424 l

2016 375 2107 426 DE
2147 375 2416 430 DIVINIS
2454 377 2867 432 NOMINIBUS.

3526 381 3630 439 234

210 496 309 544 τῶν
352 490 415 545 τὸ
460 491 729 546 ἐναντίον·
766 488 889 546 οὐδὲ
935 492 1034 566 γὰρ
1067 490 1241 548 αὐτῶν
1278 492 1419 546 ἐστιν
1471 492 1616 561 ὶνάς,
1653 491 1779 547 ἀλλ’
1810 494 1855 546 αἱ

1979 496 2172 552 Prima
2202 513 2334 553 vero
2365 515 2541 555 causa
2573 505 2661 555 est
2683 506 2738 556 et
2762 503 3174 572 potentissima
3196 505 3500 562 individua
3531 507 3632 563 Dei

211 577 499 654 διακρίσεις
544 585 655 634 τῶν
707 580 1017 655 στοιχείων,
1050 582 1417 655 προϋποῦσαι,
1450 578 1744 653 σύνδρομοι
1777 603 1865 655 γι-

210 668 425 741 νόμεναι
474 668 567 723 καὶ
618 667 926 741 ὲνοῦμεναι,
977 666 1225 743 δευτέρας
1281 671 1375 732 τὰς
1427 669 1486 724 ἐκ
1531 677 1630 740 τῆς
1678 669 1866 734 συνθέ-

211 780 337 820 σεως
371 758 596 821 ένώσεις
631 757 969 833 ἐργάζονταιο
993 758 1079 813 ἐπὶ
1110 756 1167 813 δὲ
1195 763 1301 813 τῶν
1338 758 1492 823 θείων
1528 760 1638 834 οὐχ
1669 758 1862 821 οὕτως·

210 846 289 902 ἐπὶ
345 847 522 901 αὐτῶν
572 847 674 924 γὰρ
728 852 1048 919 προϋποῦσα
1096 850 1131 917 ἡ
1179 845 1367 910 ἓνωσις
1419 849 1515 909 τὰς
1572 845 1866 922 διακρίσεις

213 934 386 1013 βουλή
399 957 531 1008 ματι
566 933 818 1011 δευτέρας
850 941 1020 993 ποιεῖ.

276 1204 377 1261 Καὶ
441 1203 576 1277 μετά
612 1206 715 1274 τήν
772 1208 869 1258 τοῦ
924 1203 1082 1266 ἑνός.
1144 1205 1399 1266 Ἑνώσεις
1457 1204 1553 1277 μὲν
1607 1203 1695 1259 ἐπὶ
1753 1209 1859 1259 τῶν

206 1294 361 1348 θείων
396 1296 439 1330 ²¹
476 1295 663 1370 φησὶν,
696 1292 821 1363 ἤτοι
868 1292 935 1347 τὰ
977 1294 1193 1355 ἑνιαίως
1224 1314 1282 1347 τε
1311 1293 1399 1348 καὶ
1436 1291 1738 1366 μοναδικῶς
1773 1294 1859 1349 ἐπὶ

201 1390 297 1452 τῆς
329 1383 593 1453 Θεότητος
620 1383 991 1458 θεωρούμενα,
1024 1380 1147 1437 ἄνευ
1180 1403 1243 1457 γε
1292 1378 1507 1452 δηλαδὴ
1541 1384 1612 1435 ὧν
1650 1394 1860 1458 προϋπ-

203 1472 481 1527 εστείλατο
525 1470 841 1543 ἰδιοττςτων,
873 1472 1121 1526 τουτέστι
1170 1471 1533 1544 πατρότητος,
1584 1472 1857 1543 υἱότητος,

200 1560 287 1614 καὶ
320 1568 421 1629 τῆς
455 1559 516 1614 ἐκ
542 1564 640 1615 τοῦ
692 1561 900 1635 Πατρὸς
951 1558 1266 1631 ΙΙνεύματος
1314 1559 1704 1634 έκπορεύσεωςο
1739 1558 1860 1614 δια-

199 1650 404 1723 κρίσεις
438 1647 519 1717 δὶ,
549 1650 612 1703 τὸ
662 1647 847 1703 πολλά
896 1650 1026 1703 εἶναι
1080 1649 1145 1703 τὰ
1188 1652 1296 1703 τῶν
1350 1649 1511 1711 θείων
1561 1651 1859 1724 μετέχοντα

201 1736 439 1813 δωρεῶνο
502 1737 951 1814 προκατάρχουσι
1009 1739 1192 1792 τοίνυν
1240 1738 1329 1791 καὶ
1392 1736 1739 1812 ἐπικρατοῦσι
1794 1738 1860 1793 τὰ

1975 585 2189 641 unitas.
2226 591 2286 641 In
2336 588 2655 643 sensilibus
2710 597 2907 646 autem
2962 594 3322 649 contrarium
3375 597 3626 665 accidit;

1975 674 2139 731 nulla
2160 677 2317 732 enim
2339 678 2399 732 in
2427 679 2571 749 ipsis
2595 680 2815 745 unitas,
2842 683 2941 737 sed
2976 684 3489 753 praesubsistentes
3512 688 3628 743 ele-

1974 771 2306 820 mentorum
2333 768 2763 836 distinctiones,
2787 770 2928 826 dum
2957 779 3315 829 concurrunt
3334 780 3390 831 et
3412 777 3627 831 uniun-

1972 854 2338 920 tur,alteram
2370 873 2436 910 ex
2470 859 2892 929 compositione
2939 861 3265 917 unitionem
3310 871 3628 935 operantur

1973 943 2034 997 in
2066 942 2277 999 divinis
2307 962 2439 1000 vero
2468 945 2637 1001 aliter
2664 965 2726 1003 se
2757 965 2849 1003 res
2882 948 3087 1017 habet;
3142 968 3278 1006 nam
3310 955 3625 1022 praesubsi-

1972 1036 2132 1086 stens
2180 1032 2237 1085 in
2289 1033 2439 1104 ipsis
2487 1036 2675 1090 unitio
2702 1037 3053 1108 posteriores
3085 1039 3494 1098 distinctiones
3522 1060 3623 1099 vo-

1970 1117 2197 1175 luntate
2226 1126 2519 1193 operatur.
2706 1118 2709 1119 ⁷

2044 1209 2224 1263 Etiam
2252 1215 2377 1279 post
2404 1214 2591 1267 unius.
2628 1213 2927 1270 Unitiones
2951 1216 3191 1287 quidem
3219 1218 3278 1273 in
3303 1218 3516 1275 divinis
3538 1220 3625 1275 di-

1971 1297 2070 1362 cit,
2090 1315 2191 1353 seu
2227 1316 2355 1371 quae
2387 1301 2555 1356 unice
2584 1306 2641 1356 et
2666 1301 2926 1359 solitarie
2958 1306 3016 1359 in
3050 1305 3355 1362 divinitate
3387 1310 3627 1380 conspi-

1971 1386 2227 1452 ciuntur,
2259 1404 2325 1443 ea
2357 1390 2579 1445 scilicet
2633 1392 2759 1446 sine
2803 1393 3018 1462 quibus
3071 1394 3235 1465 prius
3274 1397 3628 1453 contractior

1970 1474 2158 1530 fuerat
2201 1479 2674 1548 proprietatibus,
2710 1480 2767 1533 id
2802 1486 2889 1535 est
2919 1483 3290 1551 paternitate,
3325 1484 3627 1554 ﬁliatione,

1970 1567 2028 1617 et
2064 1564 2317 1635 Spiritus
2361 1565 2643 1637 sancti,éx
2670 1571 2765 1619 τοῦ
2798 1568 3119 1643 Πατρός,θ)ῑ
3166 1572 3353 1639 Patre,
3394 1591 3628 1645 proces-

1970 1652 2153 1719 sione;
2178 1654 2585 1711 distinctiones
2610 1662 2829 1725 autem,
2848 1659 2985 1727 quia
3015 1660 3199 1715 multa
3227 1666 3366 1717 sunt
3393 1679 3521 1733 qua;
3544 1662 3629 1717 di-

1969 1741 2104 1795 vina
2137 1743 2487 1813 participant
2519 1761 2792 1813 munera;
2832 1747 3128 1803 unitiones
3152 1766 3288 1820 ergo
3314 1751 3625 1821 praedomi-

197 1837 297 1885 τῶν
332 1832 602 1886 ένώσεων’
638 1831 698 1885 οὐ
731 1833 833 1907 γὰρ
865 1829 924 1885 ἐκ
972 1836 1077 1885 τῶν
1124 1829 1352 1886 πολλῶν
1383 1832 1631 1906 συνήχθη
1664 1832 1730 1885 τὰ
1758 1838 1855 1901 τῆς

1977 1831 2187 1882 nentur
2216 1834 2271 1883 et
2302 1830 2582 1897 vincunt;
2618 1848 2721 1886 nec
2750 1832 2904 1887 enim
2940 1851 3054 1888 una
3083 1835 3271 1891 dcitas
3293 1842 3349 1892 et
3364 1842 3622 1909 potestas

201 1926 322 1992 μιᾶς
379 1920 640 1991 θεότητος
686 1920 776 1974 καὶ
826 1920 1175 1994 κυριότητος,
1227 1918 1373 1974 ἀλλά
1423 1919 1480 1974 ἐκ
1526 1924 1624 1974 τοῦ
1656 1918 1857 1991 ταύτης

201 2006 518 2081 μοναδικοῦ,
551 2009 581 2063 ’ὁ
612 2008 664 2063 ἐν
698 2007 924 2070 ἐκείνοις
955 2007 1284 2082 πληθυσμὸς
1316 2012 1619 2083 θεωρεῖται.

695 2128 807 2182 ΕΙΣ
850 2128 943 2182 ΤΟ
984 2128 1244 2181 ΚΕΦΑΛ.
1288 2130 1358 2181 Γ’.

265 2226 366 2297 ἕΙ.
415 2225 526 2292 Τῆν
574 2223 972 2299 ἀγαθαρχικήν.
1025 2225 1138 2291 Τὴν
1199 2222 1449 2296 ἀρχηγὸν
1496 2224 1673 2293 πάσης
1726 2222 1859 2296 ἀγα-

205 2314 457 2382 θότητος.

262 2401 340 2457 Οὐ
402 2400 580 2455 πάντα
632 2400 708 2456 δέ.
772 2405 896 2463 Πῶς
961 2400 1022 2455 οὐ
1079 2399 1249 2455 πάντα
1304 2402 1527 2474 πάρεστι
1584 2405 1663 2471 τῷ
1718 2404 1855 2472 Θεῷ,

199 2491 327 2563 φησί
394 2490 490 2562 μὶν
546 2489 638 2543 καὶ
696 2488 879 2559 αὐτὸς,
906 2491 1122 2560 νοήσεις
1184 2487 1241 2543 δὲ
1290 2489 1418 2543 αὐτὸ
1467 2488 1557 2542 καὶ
1606 2487 1665 2542 έκ
1714 2489 1856 2552 θείου

198 2579 481 2654 χρησμοῦ’
530 2577 818 2652 Ἐγγίσατε
882 2579 1011 2654 πρὸς
1074 2579 1162 2650 με,
1216 2578 1306 2632 καὶ
1356 2576 1460 2653 ἐγὼ
1509 2576 1681 2651 ἐγγιῶ
1721 2579 1855 2653 πρὸς

201 2668 357 2740 ὑμᾶς,
395 2667 540 2742 λέγει
574 2668 791 2743 Κύριος.

264 2757 443 2827 Ἣμᾶς
504 2754 596 2810 οὖν
650 2755 868 2818 αὐτούς.
934 2758 1253 2829 Σημείωσαι
1314 2755 1461 2824 ὅτιὴ
1513 2756 1654 2829 εὐχή
1708 2757 1856 2827 ἡμᾶς

199 2842 377 2918 ἀνᾶγει
428 2846 568 2919 πρὸς
614 2846 706 2902 τὸν
758 2846 911 2914 Θεὸν,
943 2844 1042 2899 οὐκ
1094 2845 1252 2900 αὐτὸν
1302 2844 1438 2918 πρὸς
1492 2846 1640 2916 ἡμᾶς
1691 2845 1855 2898 κατά-

197 2954 299 3006 γει·
377 2933 688 3005 σημείωσαι
764 2931 821 2988 δὲ
895 2934 986 2989 καὶ
1057 2934 1126 2988 τὰ
1196 2931 1610 3008 παραδείγματα
1680 2932 1856 3007 ὡραῖα

201 3043 344 3078 οντα.

268 3110 616 3188 Πολυφώτου
691 3117 871 3185 σειρᾶς
916 3154 929 3168 .
992 3108 1186 3172 Καλῶς
1261 3109 1543 3164 ἀπείκασεν
1630 3110 1855 3184 οὐρανίᾳ

1968 1932 2037 1970 ex
2068 1916 2269 1972 multis
2300 1918 2553 1974 conﬂata
2578 1925 2697 1987 est;
2725 1921 2824 1974 sed
2868 1936 2937 1975 ex
2976 1922 3155 1993 hujus
3186 1924 3617 1998 singularitate,

1969 2018 2095 2072 quae
2129 2003 2185 2057 in
2217 2003 2334 2059 illis
2366 2004 2653 2076 reperitur
2682 2005 3000 2063 multitudo
3032 2010 3453 2067 consideratur.

2588 2121 2659 2177 IN
2702 2122 2857 2178 CAP.
2902 2124 2997 2178 IlI.

2044 2219 2071 2284 §
2102 2216 2142 2271 Ι.
2166 2218 2293 2285 Qum
2317 2218 2445 2272 boni
2464 2219 2812 2291 principium
2836 2231 2932 2277 est.
2954 2222 3104 2278 Fons
3129 2222 3410 2281 nimirum
3440 2228 3620 2284 totius

1968 2304 2250 2361 bonitatis
2281 2310 2452 2377 atque
2483 2308 2858 2380 principium.

2038 2397 2157 2447 Non
2190 2402 2375 2449 tamen
2407 2398 2615 2450 omnia.
2650 2398 2773 2461 Qua
2804 2398 3026 2453 ratione
3079 2417 3192 2455 non
3244 2403 3442 2458 omnia
3476 2421 3620 2471 prae-

1890 2500 1893 2501 '
1969 2481 2160 2535 sentia
2190 2483 2310 2536 sint
2343 2482 2478 2550 Deo,
2515 2488 2570 2538 et
2600 2484 2726 2555 ipse
2757 2485 2919 2553 dicit,
2959 2493 3015 2541 et
3046 2488 3191 2544 illud
3224 2490 3420 2561 ipsum
3455 2494 3622 2550 facile

1969 2584 2151 2639 queas
2173 2585 2241 2623 ex
2271 2570 2505 2625 oraculo
2556 2573 2751 2627 divino
2798 2576 3116 2646 percipere.
3141 2578 3387 2635 Accedite
3414 2580 3485 2636 ad
3515 2598 3622 2652 me,

1966 2666 2020 2712 et
2051 2673 2144 2728 ego
2173 2658 2428 2713 accedam
2453 2659 2523 2714 ad
2552 2676 2665 2727 vos,
2701 2661 2845 2717 dicit
2872 2662 3177 2721 Dominus.

2038 2747 2184 2802 I21
2222 2749 2325 2802 Nos
2355 2747 2535 2821 igitur
2580 2750 2749 2819 ipsos.
2801 2751 3212 2810 Animadverte
3244 2758 3397 2826 quod
3432 2760 3619 2815 oratio

1967 2850 2072 2889 nos
2103 2836 2175 2890 ad
2205 2842 2380 2891 Deum
2439 2838 2651 2907 evehit,
2696 2855 2813 2893 non
2868 2840 3067 2911 ipsum
3126 2848 3323 2899 autem
3376 2846 3447 2900 ad
3510 2864 3619 2904 nos

1964 2924 2238 2980 deducit:
2274 2926 2450 2980 simul
2484 2930 2540 2981 et
2570 2926 2969 2999 pulcherrima
2998 2934 3263 3002 exempla
3294 2932 3388 2988 hic
3421 2940 3578 2992 nota.

2033 3102 2461 3159 Lucidz'ssimam
2515 3113 2787 3161 catenam.
2832 3108 3073 3179 Egregie
3129 3108 3454 3168 orationem
3510 3131 3613 3170 no-

199 3206 349 3272 σειρᾷ
400 3202 503 3269 τὴν
553 3200 673 3254 καθ’
714 3202 863 3272 ἡμᾶς
911 3201 1249 3274 προσευχήν.
1299 3201 1501 3274 Ὥσπερ
1563 3198 1667 3273 γὰρ
1698 3200 1725 3252 6
1775 3198 1850 3300 sic

1977 3198 2145 3247 stram
2171 3208 2303 3246 cum
2330 3192 2548 3248 caelesti
2572 3198 2778 3248 catena
2807 3211 2911 3249 seu
2936 3196 2991 3250 fu
3004 3212 3073 3251 ne
3094 3201 3473 3268 comparavit.
3499 3202 3617 3258 Hoc

196 3289 326 3362 ὕψος
359 3289 594 3364 οὐρανοῦ
638 3288 838 3343 ἀνιέναι
884 3288 1058 3343 Θέλων
1091 3285 1461 3362 ἐπιδράττεται
1494 3293 1612 3350 ταῖς
1658 3288 1845 3361 χερσὶν

194 3378 439 3455 ἰσχυρῶς
469 3385 569 3447 τῆς
603 3376 831 3452 σχοίνου
858 3377 1084 3448 ταύτης.

266 3557 611 3629 Πεισμάτων.
648 3553 947 3629 Σχοινίων.

262 3648 370 3715 Τὴν
406 3645 714 3719 ἀπανταχῆ.
763 3648 887 3705 Πῶς
935 3646 1220 3716 πανταχοῦ
1268 3643 1517 3712 πάρεστι,
1562 3643 1650 3695 καὶ
1690 3639 1854 3695 0:36a-

199 3740 303 3807 μοῦ
345 3737 374 3788 6
428 3735 582 3801 Θεὸς,
627 3731 839 3807 εἷ’ρηται
888 3734 1023 3805 ἡμῖν
1077 3732 1333 3803 ἀνωτέρω
1384 3730 1434 3783 έν
1486 3734 1552 3802 τῇ
1604 3730 1854 3803 ἐξηγήσει

193 3826 322 3893 ἦςὴ
359 3824 534 3897 ἀρχὴ,
569 3821 720 3876 Θέσιν
772 3821 930 3889 φασὶν
978 3821 1030 3873 o't
1083 3817 1401 3894 φιλόσοφοι.
1447 3821 1649 3892 ’Ὠσπερ
1701 3818 1792 3871 οὖν
1826 3819 1853 3871 6

196 3913 333 3966 κατὰ.
370 3911 563 3985 μικρὸν
598 3910 782 3964 ἑαυτὸν
811 3916 914 3978 τῆς
941 3916 1043 3983 γῆς
1091 3907 1361 3985 κουφίζων
1409 3912 1529 3968 ταῖς
1581 3907 1735 3982 χερσὶ
1769 3904 1855 3960 δο-

198 4007 280 4055 κεῖ
323 4002 419 4074 μὲν
468 3999 752 4062 καθέλκειν
802 4000 898 4067 τὴν
950 3996 1151 4072 σειρὰν,
1200 3997 1360 4058 αὐτὸς
1412 3994 1469 4050 δὲ
1521 3995 1851 4073 [κουφίζεται

198 4091 308 4163 καὶ]
364 4089 505 4164 πρὸς
560 4089 691 4161 ὕψος
748 4084 954 4161 αἴρεται
1006 4090 1073 4159 τῇ
1130 4084 1265 4139 κατὰ
1327 4086 1524 4160 μικρὸν
1572 4080 1850 4155 ἀναϐάσει,

202 4178 341 4233 οὕτω
372 4177 465 4232 καὶ
500 4178 528 4231 6
561 4174 789 4238 ἐκτενῶς
818 4175 1264 4250 προσευχόμενος
1317 4171 1406 4227 διὰ
1433 4177 1541 4228 τῶν
1584 4173 1852 4247 πράξεων,

201 4268 260 4328 ἃς
291 4270 319 4322 6
348 4266 518 4341 λόγος
552 4271 743 4341 χεῖρας
790 4263 969 4336 καλεῖ,
999 4268 1068 4337 τῇ
1116 4264 1251 4317 κατά
1287 4263 1478 4337 μικρὸν
1513 4260 1736 4337 ἐργασία
1764 4261 1853 4316 καὶ

197 4359 484 4431 προσευγῇ
514 4354 606 4410 τὸν
639 4358 761 4408 νοῦν
816 4354 981 4408 αὑτοῦ
1012 4353 1145 4423 πρὸς
1186 4352 1313 4406 Θεὸν
1348 4353 1564 4424 ἀνυψοῖ·
1600 4350 1686 4405 ἐὰν
1720 4354 1766 4386 ²²
1799 4348 1856 4405 δὲ

192 4448 507 4521 τὰς-χεῖρας
565 4441 929 4515 ἀπολύσωμεν
981 4448 1081 4511 τῆς
1132 4446 1339 4513 σειρᾶς,
1370 4440 1459 4494 καὶ
1513 4442 1588 4512 μή
1632 4439 1856 4517 φροντί-

195 4556 371 4608 σωμεν
418 4540 521 4603 τῆς
574 4532 663 4587 ἐπὶ
710 4533 778 4586 τὰ
826 4530 937 4585 ἄνω
989 4534 1180 4607 φορᾶς,
1233 4528 1505 4600 πίπτομεν
1561 4528 1609 4600 ἐξ
1666 4528 1852 4601 ὕψους.

1964 3282 2133 3335 modo
2154 3281 2310 3335 enim
2335 3282 2431 3353 qui
2458 3282 2528 3336 ad
2553 3298 2855 3337 summum
2879 3285 3099 3339 ccelesti
3120 3286 3422 3357 fastigium
3452 3291 3616 3346 adire

1958 3368 2102 3435 vult,
2136 3370 2547 3424 ﬁrmissimum
2598 3370 2755 3425 hunc
2806 3372 3004 3426 funem
3056 3374 3334 3430 manibus
3366 3380 3525 3432 tenet
3556 3384 3615 3434 et

1962 3458 2387 3528 complectitur.

2039 3546 2323 3617 Rudentes,
2357 3547 2453 3601 Gr.
2487 3548 2822 3617 πεισμάτων.
2851 3552 3042 3604 Funes
3074 3549 3369 3623 intelligit.

2036 3637 2262 3706 Ubique.
2288 3637 2550 3700 Quonam
2582 3637 2755 3691 modo
2789 3638 3011 3709 ubique
3038 3640 3295 3705 adest,et
3319 3658 3620 3714 nusquam

1961 3729 2049 3778 est
2080 3741 2333 3795 praesens
2379 3730 2553 3789 Deus,
2586 3726 2860 3796 superius
2892 3744 2925 3781 a
2958 3727 3127 3782 nobis
3187 3729 3410 3785 dictum
3442 3736 3532 3787 est
3561 3732 3621 3787 in

1962 3814 2320 3885 expositione
2334 3814 2751 3882 cujusinitium
2771 3820 2878 3883 est,
2894 3818 3231 3873 Pacilianam
3246 3836 3346 3874 seu
3366 3821 3624 3877 afﬁrma-

1963 3904 2182 3957 tionsm
2215 3904 2496 3973 appellant
2518 3904 2854 3975 philosophi.
2890 3907 3401 3970 Quemadmodum
3442 3911 3622 3981 igitur

1962 3991 2058 4061 qui
2092 3991 2331 4062 paulum
2363 4007 2491 4046 sese
2513 4008 2547 4045 a
2576 3997 2731 4047 terra
2765 3994 3040 4048 manibus
3073 3996 3364 4061 sublevat,
3389 3997 3621 4054 videtur

1964 4079 2201 4150 quidem
2226 4080 2423 4133 funem
2446 4078 2867 4147 attrahere,sed
2891 4080 3014 4150 ipse
3037 4082 3233 4149 potius
3256 4083 3621 4150 [sublevatur

1962 4169 2042 4238 et]
2060 4167 2376 4222 ascensuin
2395 4166 2572 4221 altum
2592 4167 2812 4221 sensim
2829 4167 3143 4223 attollitur:
3180 4171 3263 4223 sic
3282 4172 3379 4241 qui
3394 4171 3618 4227 intente

1961 4256 2447 4326 vehementerque
2467 4258 2593 4308 orat
2614 4270 2717 4325 per
2737 4254 3006 4309 laudatas
3029 4256 3307 4321 actiones,
3332 4275 3480 4329 quas
3496 4260 3617 4314 haec

1963 4344 2282 4413 disputatio
2324 4359 2536 4397 manus
2584 4346 2766 4409 vocat,
2807 4344 3089 4413 paulatim
3124 4345 3252 4416 ipsa
3281 4348 3620 4417 operatione

1962 4437 2016 4487 et
2044 4434 2306 4486 oratione
2343 4435 2595 4486 mentem
2629 4432 2697 4486 ad
2737 4433 2913 4486 Deum
2947 4449 3116 4487 suam
3152 4432 3412 4489 elevatin
3438 4436 3622 4490 subli-

1965 4537 2073 4575 me.
2100 4520 2196 4574 Sin
2229 4537 2359 4575 vero
2392 4535 2602 4574 manus
2626 4520 2813 4575 alune
2836 4520 3216 4589 remittimus,
3244 4539 3434 4595 neque
3460 4523 3619 4580 illius

191 4624 262 4677 Τὸ
308 4624 439 4678 αὐτὸ
488 4622 577 4676 καὶ
626 4622 750 4689 περὶ
800 4628 903 4689 τῆς
946 4620 1102 4690 νηὸς,
1147 4617 1239 4671 ’ίνα
1270 4620 1562 4689 νοήσωμεν
1596 4622 1721 4670 ναῦν
1750 4619 1848 4686 τήν

1977 4626 2090 4681 qua:
2134 4626 2367 4664 sursum
2402 4610 2465 4662 ﬁt
2497 4608 2775 4663 motionis
2807 4625 3008 4664 curam
3042 4610 3352 4681 habemus,
3385 4629 3453 4667 ex
3503 4613 3619 4670 alto

191 4716 328 4783 ἡμῖν
387 4709 631 4766 διάνοιαν
683 4708 1041 4785 ριπιζομένην
1092 4712 1208 4768 τοῖς
1263 4711 1359 4760 τοῦ
1430 4705 1556 4781 βίου
1611 4705 1851 4779 ἀνέμοις·

194 4802 467 4865 θάλασσαν
519 4797 577 4854 δὶ
622 4800 711 4853 τὸν
770 4798 884 4873 βίον
939 4798 1031 4851 τὸν
1080 4795 1320 4871 γέμοντα
1368 4792 1598 4849 πολλῶν
1641 4795 1854 4869 χειμώ-

194 4908 329 4944 νων⁶
388 4888 587 4964 πέτραν
649 4885 706 4941 δὲ
752 4888 842 4942 τὸν
900 4886 1156 4961 Χριστὸν,
1217 4884 1275 4938 ’ὸν
1334 4888 1660 4959 κρατοῦντες
1720 4883 1852 4937 ἀσά-

196 4976 377 5032 λευτοι
438 4974 768 5050 διαμένομεν
817 4975 954 5050 πρὸς
1008 4973 1190 5045 αὐτὸν,
1246 4971 1337 5026 τὸν
1404 4971 1525 5045 βίον
1566 4973 1728 5042 ἡμῶν
1758 4968 1849 5025 ἕλ-

196 5086 403 5129 κοντες.

265 5339 377 5395 Τοῦ
406 5336 651 5394 κλεινοῦ.
683 5330 959 5407 Ἐνδὸξου.

1965 4698 2290 4770 praecipites
2322 4700 2569 4753 ruimus.
2594 4697 2798 4753 Simile
2828 4697 2970 4752 illud
3006 4704 3094 4754 est
3123 4700 3194 4754 de
3226 4718 3392 4768 nave,
3427 4706 3492 4755 ut
3522 4702 3615 4756 in-

1963 4786 2299 4857 telligamus
2330 4802 2533 4841 navem
2562 4802 2685 4841 esse
2717 4792 2981 4840 nostram
3026 4794 3279 4842 mentem
3313 4793 3371 4843 et
3397 4789 3616 4858 cogita-

1963 4876 2181 4931 tionem
2214 4874 2413 4930 ﬂabris
2447 4875 2628 4945 hujus
2662 4876 2788 4928 vita:
2809 4874 3131 4945 jactatam;
3180 4892 3339 4930 mare
3390 4882 3612 4943 autem,

1961 4966 2139 5021 vitam
2184 4963 2388 5019 multis
2441 4963 2886 5035 tempestatibus
2917 4964 3355 5031 abundantem;
3407 4982 3613 5036 rupem

1960 5072 2089 5110 esse
2146 5053 2464 5121 Christum,
2515 5070 2689 5123 quem
2740 5057 3028 5121 tenentes,
3062 5052 3287 5107 immoti
3348 5058 3406 5108 et
3462 5058 3618 5110 tran-

1961 5143 2127 5215 quilli
2160 5143 2231 5198 ad
2266 5142 2463 5214 ipsum
2512 5140 2992 5211 adhmrescimus,
3044 5141 3223 5195 vitam
3271 5142 3330 5197 in
3383 5148 3617 5215 portum

1960 5235 2291 5303 trahentes.

2028 5322 2255 5395 lnclyti.
2292 5323 2470 5377 Fama
2501 5319 2783 5376 nimirum
2815 5318 3121 5391 gloriaque
3151 5318 3426 5383 illustris.

1201 5531 1443 5589 VARle
1484 5528 1871 5589 LECTIONES
1914 5528 1996 5585 ET
2038 5520 2611 5583 CORRECTIONES.

264 5693 314 5731 ³⁸
346 5698 444 5762 τῆς
473 5686 756 5762 θεὸτητος.
831 5691 878 5725 ²²
908 5685 1218 5764 ἀναλέγεται
1248 5686 1384 5763 πρὸς
1415 5683 1567 5741 Θεόν’
1605 5683 1721 5740 ἐάν.

524 5822 785 5882 Panem.
832 5818 944 5879 Gn.
990 5816 1093 5880 ιν.
