4080 6366
477 445 585 500 235

1292 427 1657 483 APPENDIX
1694 425 1791 476 AD
1830 418 2071 475 OPERA
2112 418 2168 469 S.
2213 411 2527 467 DIONYSII
2568 410 3070 465 AREOPAGITE.

550 572 835 626 Incassum
893 560 1061 633 loqui.
1096 557 1192 613 Gr.
1231 550 1687 627 ματαιολογῆσαι.
1740 544 1998 601 Inaniter
2039 540 2121 595 lo-

2311 532 2762 608 Είκαιολογῆσαι.
2797 530 3263 607 Ματαιολογῆσαι.

484 658 586 732 qui
617 661 674 713 et
702 651 932 725 nugari.

556 746 758 803 Imbuti
787 717 997 807 Eamus,
1034 730 1497 808 Στοιχειωθέντας
1525 727 1667 782 dicit
1715 740 1817 796 pro
1861 737 1926 776 eo
1976 717 2132 790 quod

486 839 595 907 est,
620 836 873 889 fructum
909 826 1341 895 utilitatemque
1366 819 1650 890 cepimus.
1669 815 1771 869 Est
1786 826 1925 907 vero
1949 808 2136 863 scien-

2312 712 2773 788 Στοιχειωθέντας
2809 754 2821 767 .
2882 707 3338 784 Στοιχειωθέντας
3395 705 3538 782 λέγει
3597 708 3704 764 ἀντὶ
3771 718 3855 767 τοῦ

2241 800 2639 879 ὠφεληθέντας.
2700 800 2896 856 Ἰστέον
2956 796 3033 867 δί,
3091 798 3173 851 ὅτι
3238 796 3371 869 μετᾶ
3421 794 3627 852 ΙΙαῦλον
3670 796 3855 870 ἐμαθη-

913 882 1156 973 Paulum
1182 929 1215 968 a
1239 882 1452 967 sancto.
1470 897 2133 961 Hierotbeoinstitutum

2278 890 2401 994 εόθη
2459 894 2538 961 τῷ
2598 889 2732 965 ἁγίῳ
2790 886 3036 994 Ἱεροθέῳ
3069 906 3081 919 ·
3145 886 3551 960 ὑφαρπάζοντας
3607 882 3661 940 δὲ
3725 886 3857 963 λέγει

489 1030 624 1071 eum
657 986 860 1067 i‘uisse.
895 1001 1330 1082 Ὑφαρπάυοντας
1363 996 1519 1065 dicit,
1563 1009 1664 1064 pro
1692 990 1843 1046 clam
1875 992 1933 1043 et
1979 986 2135 1040 frau-

489 1105 560 1159 de
591 1100 703 1157 sibi
733 1097 1098 1154 vindicantes
1132 1096 1188 1146 et
1221 1086 1557 1162 plagiarios.

562 1190 835 1246 Graviter.
860 1176 1235 1257 Πρεσϐυτικῶς
1268 1179 1414 1232 forte
1447 1170 1700 1243 sumpsit
1734 1185 1837 1241 pro
1873 1163 2053 1237 perite
2085 1164 2141 1216 et

486 1253 1293 1350 ἱηῑθῙΙὶεοῑιίθιι,συνοπτικούς
1345 1270 1537 1319 autem
1589 1260 1749 1332 ὅρους
1798 1254 1997 1312 brevia
2041 1253 2138 1307 de-

490 1372 650 1427 creta
679 1342 867 1430 vocat,
901 1379 1022 1433 qua:
1055 1354 1531 1429 compendiosam
1575 1351 1796 1405 habent
1842 1342 2139 1433 tractatio‘

491 1473 655 1512 nem:
690 1454 800 1509 hoc
844 1432 1298 1520 etisigniﬁcavit
1344 1459 1477 1497 cum
1510 1439 1655 1494 dixit
1683 1434 1904 1500 ἐνιαίας,
1940 1432 2143 1502 singu-

488 1545 666 1613 laria;
700 1538 983 1608 συνελίξεις
1011 1540 1179 1592 vocat
1230 1531 1622 1604 expositiones
1654 1544 1780 1599 quas
1812 1522 2059 1579 breviter
2089 1522 2147 1574 et

493 1632 698 1706 paucis
730 1632 900 1685 ﬁunt.

566 1722 649 1778 Ad
670 1724 894 1791 captum
923 1720 1194 1771 nostrum.
1228 1711 1347 1766 Hoc
1377 1711 1465 1763 est
1495 1708 1781 1778 quantum
1825 1702 1884 1756 in
1935 1714 2028 1754 me
2064 1698 2148 1752 si-

494 1817 622 1867 tum
654 1790 761 1879 est,
795 1811 853 1862 et
884 1808 1058 1877 prout
1088 1815 1376 1872 exponere
1405 1797 1744 1853 cohortatus
1774 1808 1856 1861 es,
1889 1794 1946 1845 et
1977 1790 2147 1879 quot-

498 1901 640 1970 quot
668 1874 1053 1967 prsecep—tores
1088 1888 1271 1945 nostri
1304 1886 1388 1941 sic
1417 1879 1782 1954 interpretati
1816 1880 1985 1938 sunt:
2017 1874 2145 1945 ipsa

494 1983 841 2057 compositio
874 1982 942 2035 ad
973 1978 1362 2051 byperbatum
1396 1975 1642 2043 spectat.

568 2050 722 2130 ιὲη
769 2070 997 2125 Alteras
1047 2050 1371 2136 Scripturas.
1420 2060 1567 2117 Nota
1615 2057 1799 2113 sancti
1850 2050 2145 2110 Hierothei

494 2158 961 2219 Commentarios
989 2157 1145 2211 velut
1176 2152 1495 2209 secundam
1531 2148 1845 2221 quamdam
1894 2141 2149 2213 Scriptu-

499 2266 625 2304 ram
657 2262 885 2302 sacram
918 2260 1046 2299 esse
1079 2242 1391 2313 putandos.

572 2334 949 2392 lntuitionem.
982 2331 1225 2386 Minime
1263 2331 1498 2391 tectam,
1523 2324 1740 2380 claram
1776 2320 1969 2394 potius
1996 2324 2053 2375 et
2081 2317 2151 2372 il-

496 2426 745 2482 lustrem
777 2420 1171 2495 cognitionem
1204 2415 1499 2487 intelligit.

569 2513 770 2569 Senili.
814 2511 965 2576 Quia
997 2507 1202 2565 senilis
1232 2504 1491 2576 dignitas
1522 2500 1832 2572 perfectior
1860 2503 1915 2552 et
1945 2497 2015 2552 ad
2049 2497 2149 2550 do-

500 2604 751 2659 cendum
784 2596 1298 2661 accommodatior,
1332 2592 1597 2648 omnium
1639 2589 2005 2645 sacerdotum
2040 2589 2149 2640 est.

499 2691 648 2755 Quid
677 2706 811 2745 vero
845 2688 921 2743 sit
949 2678 1305 2759 πρεσϐυτική,
1338 2679 1553 2744 senilis,
1585 2695 1653 2734 ex
1674 2694 1740 2733 eo
1763 2676 1923 2732 Isaiae
1958 2674 2052 2743 (m)
2076 2674 2154 2728 ef-

499 2781 618 2836 fato
648 2777 971 2848 intelliges:
1022 2775 1149 2829 Non
1200 2772 1415 2836 senior,
1450 2784 1564 2823 non
1604 2765 1873 2837 angelus,
1907 2764 2007 2819 sed
2039 2763 2156 2834 ipse

501 2868 767 2925 Dominus
794 2866 973 2921 veniet
1022 2872 1075 2919 et
1121 2860 1359 2916 salvabil
1400 2874 1501 2914 nos
1520 2874 1541 2919 ;
1594 2860 1650 2911 et
1696 2869 1765 2909 ex
1811 2850 2153 2924 Apocalypsi

498 2955 915 3013 beatiJoannis
932 2951 1152 3024 (n),qui
1179 2950 1334 3005 circa
1357 2943 1769 3017 inexplicabile
1791 2941 2006 2998 solium
2028 2941 2153 3010 Dei,

498 3045 705 3118 viginti
738 3046 989 3114 quatuor
1020 3040 1283 3096 seniores
1316 3053 1376 3093 se
1404 3035 1623 3091 vidisse
1652 3034 1753 3088 ait.

569 3221 918 3294 Principium
948 3219 1096 3275 vitae.
1129 3220 1351 3288 Corpus
1383 3215 1510 3270 vita:
1553 3214 1771 3269 fontem
1805 3214 1860 3266 et
1891 3209 2155 3265 numinis

2243 979 2359 1034 ἀντὶ
2406 984 2502 1034 τοῦ
2552 978 2797 1056 κρυφίως
2845 974 3321 1050 ἷ“διοποιουμένους
3367 975 3455 1029 καὶ
3506 976 3858 1052 σφετεριζομέ-

2243 1090 2371 1129 νους
2397 1072 2467 1126 ’3.
3509 1065 3513 1069 ’

2317 1152 2717 1231 Πρεσϐυτικῶς.
2788 1155 2865 1213 Τὸ
2923 1149 3296 1229 πρεσϐυτικῶς
3359 1153 3452 1227 μὶν
3513 1151 3639 1215 ἴσως
3695 1149 3865 1210 ἔλαϐεν

2247 1247 2360 1302 ἀντὶ
2418 1250 2512 1300 τοῦ
2556 1245 2829 1321 ἐμπείρως
2873 1245 2960 1299 καὶ
3014 1244 3475 1317 έπιστημονικῶς·
3532 1243 3863 1305 συνοπτικοὺς

2250 1335 2307 1390 δὲ
2336 1335 2495 1411 ὅρους
2547 1334 2679 1413 φησί
2721 1334 2852 1396 τοὺς
2905 1333 3169 1406 σύντομον
3221 1327 3449 1408 ἔχοντας
3492 1333 3590 1401 τὴν
3636 1334 3862 1406 θεωρίαν·

2248 1431 2407 1481 τοῦτο
2458 1425 2561 1499 γὰρ
2611 1422 2858 1494 ἐδήλωσε
2900 1424 2989 1478 καὶ
3035 1422 3238 1485 ὲνιαίας
3282 1422 3471 1477 εἰπών·
3525 1419 3795 1493 συνελὶξεις
3819 1419 3868 1477 δέ

2253 1537 2383 1594 φησι
2412 1515 2507 1576 τὰς
2541 1511 2609 1568 δι’
2640 1512 2845 1587 ὀλίγων
2879 1511 3182 1590 ἰκφρᾶσεις.

2322 1699 2406 1755 Ὠς
2460 1694 2579 1746 οἷον
2636 1693 2772 1763 ἡμῖν
2810 1733 2822 1746 .
2877 1691 3165 1747 Τουτέστιν
3225 1690 3298 1751 ὡς
3355 1686 3578 1744 δυνατὸν
3628 1688 3743 1762 ἐμοὶ
3794 1690 3872 1744 καὶ

2254 1783 2414 1844 αὐτὸς
2459 1781 2793 1856 προέτρεψας
2852 1779 3199 1853 ἑρμηνεῦσαι,
3254 1778 3344 1833 καὶ
3403 1779 3521 1833 ὅσοι
3582 1779 3691 1833 καθ’
3742 1780 3873 1850 ἡμᾶς

2257 1867 2575 1926 διδάσκαλοι
2625 1868 2803 1931 οὕτως
2853 1869 3223 1943 ἠρμήνευσαν·
3277 1865 3410 1939 αὕτη
3445 1868 3479 1937 ἠ
3534 1866 3764 1930 σύνθεσις
3792 1871 3876 1921 τοῦ

2257 1955 2585 2036 ὑπερϐατοῦ.

2330 2049 2558 2123 Δεύτερα
2632 2045 2817 2123 λόγια.
2902 2046 3221 2119 Σημείωσαι
3297 2047 3381 2100 ὅτι
3449 2047 3517 2100 τὰ
3582 2048 3676 2099 τοῦ
3742 2042 3878 2119 ἁγίου

2255 2136 2520 2212 Ἰεροθέου
2580 2136 2991 2212 Συγγράμματα
3046 2136 3120 2197 ὡς
3179 2132 3425 2207 δευτέραν
3485 2133 3634 2208 ἁγίαν
3683 2134 3878 2209 Γραφὴν

2261 2227 2565 2300 νομιστέον.

2330 2314 2695 2385 Αὐτοπτικήν.
2727 2314 2833 2381 Τὴν
2890 2311 3323 2368 ἆνεπικάλυπτον
3369 2312 3461 2366 καὶ
3517 2308 3885 2390 ἐμφανεστέραν

2257 2403 2580 2473 κατανόησιν
2610 2401 2777 2478 λέγει.

2334 2487 2725 2568 Πρεσϐυτικῆς.
2786 2494 2903 2546 Ὅτι
2974 2492 3007 2561 ἠ
3064 2486 3397 2567 πρεσϐυτική
3456 2488 3577 2563 ἀξία
3642 2488 3886 2544 τελειοτέ-

2262 2602 2326 2655 ρα
2377 2581 2466 2636 καὶ
2517 2578 3037 2654 διδασκαλικωτέρα,
3082 2582 3296 2634 πάντων
3343 2581 3535 2654 ἱερέων
3589 2578 3714 2633 ἐστί.
3744 2576 3803 2633 Τί
3841 2574 3890 2631 δέ

2262 2671 2373 2725 ἐστι
2430 2664 2785 2742 πρεσϐυτική,
2838 2670 3051 2738 νοήσεις
3110 2666 3159 2739 ἒξ
3212 2667 3438 2724 Ἡσαΐου
3499 2667 3773 2743 λέγοντος.
3826 2665 3889 2721 Οὐ

2260 2754 2515 2833 πρέσϐυς,
2568 2758 2668 2813 οὐκ
2714 2755 2976 2833 ἅγγελος,
3033 2756 3159 2812 ἀλλ’
3220 2756 3379 2821 αὐτὸς
3440 2758 3468 2812 ὁ
3526 2756 3723 2833 Κύριος
3789 2754 3891 2825 ἥξει

2261 2849 2351 2904 καὶ
2414 2849 2575 2902 σώσει
2631 2849 2777 2920 ἡμᾶς
2810 2865 2822 2878 ο
2879 2846 2969 2901 καὶ
3028 2845 3087 2901 ἐκ
3137 2846 3237 2915 τῆς
3295 2850 3390 2902 τοῦ
3454 2846 3611 2921 ἁγίου
3669 2847 3890 2900 Ἰωάννου

2264 2936 2708 3010 Ἀποκαλύψεως,
2758 2936 2815 2997 ὃς
2868 2934 3039 2990 εἷ’κοσι
3083 2933 3346 3010 τέσσαρας
3402 2929 3795 3010 πρεσϐυτέρους
3824 2932 3888 2987 ιῖ-

2262 3047 2356 3081 πεν
2390 3026 2683 3100 ἑωρακέναι
2714 3023 2764 3079 ἐν
2798 3025 3051 3098 οὐρανοῖς
3099 3023 3223 3100 περὶ
3257 3025 3347 3079 τὸν
3379 3028 3481 3079 τοῦ
3534 3026 3665 3079 Θεοῦ
3694 3018 3896 3076 ἀνεκλά-

2265 3113 2434 3186 λητον
2472 3115 2685 3189 θρόνον.

2337 3207 2452 3260 Τοῦ
2481 3206 2817 3277 ζωαρχικοῦ.
2852 3201 3168 3276 Ζωαρχικὸν
3200 3201 3290 3255 καὶ
3340 3199 3609 3276 θεοδόχον
3640 3204 3793 3273 σῶμα
3817 3198 3897 3252 τά·

502 3277 969 3378 ῐαῦθωθόυιυω,
996 3277 1382 3363 sanctissima
1408 3303 1663 3374 Deiparae
1688 3300 1833 3356 forte
1865 3298 2152 3367 intelligit,

2278 3313 2343 3367 χα
2372 3293 2433 3346 τὸ
2483 3298 2580 3360 τῆς
2608 3289 2777 3378 ηᾲγίας
2827 3289 3093 3345 Θεοτόκου
3142 3288 3313 3363 λέγει,
3361 3291 3491 3345 τότε
3539 3288 3896 3363 κοιμηθείσης.

506 3420 635 3475 quae
656 3405 783 3457 tum
807 3400 1051 3455 obierat.
1076 3396 1225 3451 Nota
1238 3392 1559 3456 veroillud,
1582 3393 1757 3462 frater
1813 3387 2035 3443 Domini
2063 3389 2155 3442 Ja-

508 3492 670 3546 cobus
694 3506 712 3543 :
744 3486 1027 3541 nimirum
1075 3483 1255 3539 simul
1306 3497 1440 3536 cum
1491 3481 1654 3535 Petro
1686 3481 1743 3532 et
1772 3476 1987 3531 Jacobo
2020 3492 2159 3546 apo-

513 3577 682 3635 stolis
713 3576 807 3630 hic
838 3574 922 3629 vir
952 3573 1186 3627 divinus
1219 3570 1439 3624 aderat.

587 3666 990 3733 Theologorum.
1029 3663 1102 3716 De
1132 3659 1351 3715 sanctis
1381 3656 1663 3728 apostolis
1692 3654 1972 3726 loquitur.

588 3754 805 3809 Divinas
834 3748 1250 3806 imbecillitatis.
1286 3747 1544 3802 Divinam
1574 3743 2036 3800 imbecillitatem
2068 3743 2161 3798 hic

518 3844 661 3899 dicit
688 3840 1077 3897 voluntariam
1110 3836 1667 3893 condescensionem
1690 3833 1818 3888 Filii
1844 3833 1943 3887 Dei
1978 3849 2164 3903 usque

517 3936 588 3989 ad
614 3948 824 4003 corpus
849 3931 1070 3999 absque
1094 3933 1350 4000 peccato.
1374 3928 1660 3997 Ignorans
1691 3923 1848 3978 enim
1876 3923 2033 3976 omni
2070 3938 2161 3976 ra-

518 4024 676 4078 tione
734 4024 1059 4091 peccatum,
1100 4018 1378 4089 dignatus
1425 4019 1511 4069 est
1560 4030 1661 4084 pro
1712 4012 1901 4080 nobis,
1937 4010 2167 4082 propria

517 4127 633 4166 non
664 4110 965 4173 deserens,
992 4107 1118 4162 sine
1151 4108 1384 4178 peccato
1417 4104 1536 4158 ﬁeri
1574 4108 1899 4174 peccatum.
1925 4104 1988 4155 ut
2034 4115 2163 4166 nos,

516 4204 751 4271 peccato
784 4198 1173 4269 mancipatos,
1207 4211 1309 4266 per
1336 4193 1709 4263 adoptionem
1742 4208 1869 4261 qua
1903 4206 2004 4260 per
2032 4203 2165 4243 eum

515 4289 664 4343 facta
694 4292 782 4342 est
812 4290 1081 4341 nostrum
1116 4282 1470 4351 omnium,in
1494 4281 1796 4350 antiquam
1831 4278 2163 4333 libertatem

516 4377 869 4433 restitueret.
905 4374 1049 4429 Nam
1099 4388 1233 4425 cum
1286 4371 1433 4425 foret
1482 4368 1779 4422 divinitate
1827 4365 2163 4437 opulentus,

514 4464 908 4536 locupletante
939 4476 1144 4516 omnes
1202 4459 1399 4529 inopia
1458 4458 1522 4512 fit
1576 4472 1819 4528 pauper,
1862 4454 2166 4511 excellenti

514 4553 765 4620 quodam
801 4551 972 4605 modo
1006 4552 1266 4603 nostram
1299 4562 1536 4602 carnem
1570 4560 1901 4610 assumens,
1937 4549 2000 4599 ut
2036 4545 2164 4615 eius

2271 3382 2586 3453 Σημείωσαι
2619 3377 2677 3433 δὲ
2704 3378 2791 3433 καὶ
2822 3380 2905 3446 τὸ,
2936 3380 2963 3433 ὁ
3013 3376 3341 3455 ἀδελφόθεος
3396 3374 3679 3440 Ἰάκωϐος·
3718 3377 3801 3432 καὶ
3829 3375 3902 3430 ὅτι

2269 3476 2556 3545 συμπαρῆν
2588 3469 2774 3544 Πέτρῳ
2802 3468 2890 3522 καὶ
2923 3462 3167 3540 Ἰακώϐῳ
3197 3473 3317 3530 τοῖς
3345 3467 3684 3529 ἀποστόλοις
3721 3468 3748 3521 ὁ
3778 3469 3903 3529 θεῖος

2271 3560 2424 3620 οὗτος
2458 3558 2614 3633 ἀνήρ.

2342 3652 2464 3706 Τῶν
2499 3645 2797 3721 θεολόγων.
2834 3646 2964 3720 Περὶ
3012 3650 3122 3701 τῶν
3155 3644 3322 3721 ἁγίων
3357 3645 3687 3702 ἀποστόλων
3716 3642 3870 3718 λέγει.

2339 3740 2445 3806 Τῆς
2512 3740 2808 3811 θεαρχικῆς
2880 3735 3153 3797 ἀσθενείας
3185 3779 3198 3792 .
3259 3736 3574 3811 Θεαρχικήν
3654 3736 3903 3799 ἀσθένειαν

2270 3827 2490 3882 ἐνταῦθά
2536 3846 2689 3903 φησι,
2719 3826 2818 3894 τὴν
2862 3824 3107 3879 ἑκούσιον
3161 3828 3260 3879 τοῦ
3318 3825 3453 3880 Υἱοῦ
3514 3826 3649 3900 ἄχρι
3706 3821 3905 3896 σαρκὸς,

2271 3914 2535 3989 ἁμαρτίας
2580 3912 2732 3989 δίχα,
2794 3909 3208 3988 συγκατάϐασιν·
3264 3914 3538 3990 ἁμαρτίαν
3598 3914 3699 3989 γὰρ
3748 3912 3907 3978 πάντη

2272 4006 2563 4080 ἀγνοήσας,
2622 4004 2951 4077 κατηξίωσεν
3014 4005 3143 4079 ὑπὲρ
3201 4006 3389 4078 ἡμῶν,
3456 4008 3533 4079 μὴ
3585 4004 3771 4065 ἐκστὰς
3815 4005 3909 4057 τῶν

2274 4094 2515 4164 οἰκείων,
2574 4094 2971 4170 ἀναμαρτήτως
3030 4094 3265 4170 ἁμαρτία
3310 4096 3588 4169 γενέσθαι,
3642 4092 3715 4148 ⁹ίν’
3778 4093 3911 4164 ἡμᾶς

2273 4183 2399 4245 τοὺς
2460 4182 2832 4245 δουλωθέντας
2877 4188 2946 4256 τῇ
3007 4182 3246 4259 ἁμαρτίᾳ
3304 4180 3397 4238 διὰ
3456 4191 3562 4254 τῆς
3624 4181 3695 4238 δι’
3745 4182 3915 4236 ἑαυτοῦ

2274 4274 2433 4345 ἡμῶν
2482 4272 2748 4335 υἱοθεσίας
2800 4272 2876 4335 εἷς
2919 4274 3018 4342 τὴν
3079 4272 3307 4348 ἀρχαίαν
3360 4273 3680 4349 ἐπαναγάγῃ
3727 4270 3918 4332 ἐλευθε“

2277 4361 2413 4435 ρίαν*
2448 4359 2712 4424 πλούσιος
2739 4354 2857 4436 γὰρ
2890 4359 2961 4415 ὢν
3010 4360 3248 4433 θεότητι,
3283 4362 3569 4438 πτωχεόει
3618 4364 3715 4431 τήν
3762 4357 3921 4415 πλου-

2274 4451 2493 4504 τοποιὸν
2554 4450 2857 4523 πτωχείαν,
2919 4444 3204 4504 ἀναλαϐὼν
3266 4450 3561 4528 ὑπερφυῶς
3618 4451 3719 4518 τὴν
3774 4449 3920 4519 ἡμῶν

2276 4537 2466 4613 σάρκα,
2493 4537 2583 4593 ἵνα
2629 4540 2795 4611 ἡμεῖς
2845 4539 2945 4607 τὴν
2997 4537 3203 4594 ἐκείνου
3243 4537 3656 4613 πλουτήσωμεν
3688 4535 3922 4605 ϐιότητα,

513 4640 814 4695 divinitate
844 4655 951 4693 nos
979 4637 1255 4703 ditamur,
1290 4641 1346 4691 et
1376 4636 1434 4689 in
1468 4636 1655 4690 forma
1703 4633 1804 4688 Dei
1853 4638 1910 4688 et
1958 4649 2154 4688 secun-

2278 4628 2361 4684 καὶ
2394 4629 2445 4683 ἐν
2500 4634 2683 4718 μορφῇ
2733 4633 2865 4685 Θεοῦ
2917 4630 3006 4684 καὶ
3053 4630 3182 4692 Θεὸς
3231 4632 3349 4685 κατ’
3401 4631 3596 4687 οὐσίαν
3649 4630 3921 4703 ὑπάρχων,

513 4731 655 4785 dum
706 4726 1023 4783 essentiam
1073 4725 1227 4781 Deus
1276 4725 1588 4792 exsistens,
1634 4727 1871 4795 propter
1919 4723 2166 4777 etfusam

513 4818 883 4885 charitatem,
912 4813 1177 4870 servilem
1208 4814 1452 4868 formam
1504 4812 1716 4878 induit,
1755 4812 1983 4866 Verbum
2033 4827 2165 4865 cum

513 4914 669 4965 esset
691 4904 1221 4977 simplicissimum,
1248 4902 1693 4958 subsistentiam
1720 4901 1961 4968 habens,
1986 4905 2043 4955 et
2064 4901 2170 4955 im-

514 4995 877 5053 mutabiliter
902 5009 1028 5050 caro
1054 4993 1237 5064 factus
1257 4996 1333 5047 est
1356 4992 1442 5061 (0).
1474 4992 1630 5046 Adde
1662 4990 1753 5045 bis
1783 5006 2015 5045 omnem
2039 4990 2168 5059 ejus

513 5085 802 5141 incarnati
831 5084 962 5138 vitae
996 5098 1235 5136 cursum
1271 5080 1719 5150 summainopia
1735 5084 2169 5149 notatum,prze-

512 5176 883 5245 sepe,fugam
917 5172 976 5227 in
1009 5175 1343 5242 .Egyptum,
1372 5184 1505 5222 cum
1538 5167 1947 5222 meretricibus
1973 5172 2029 5221 et
2058 5184 2168 5237 pu-

512 5261 760 5318 blicanis
819 5265 1151 5332 promptam
1189 5256 1670 5324 familiaritatem,
1700 5254 1990 5310 delectum
2022 5272 2166 5327 pau-

585 5446 686 5520 (m)
714 5446 853 5519 Cap.
880 5462 1051 5517 xxxv,
1082 5463 1135 5501 v.
1167 5445 1221 5499 4.
1299 5445 1381 5516 (τι)
1408 5446 1541 5515 Cap.
1580 5458 1657 5512 1v,
1688 5458 1741 5497 v.
1776 5441 1827 5496 4.

2276 4720 2373 4787 τήν
2406 4723 2502 4773 τοῦ
2533 4716 2735 4773 δούλου
2786 4715 2855 4772 δι’
2905 4718 3259 4794 ὑπερέκχυσιν
3313 4719 3659 4793 ἀγαθότητος
3697 4720 3743 4755 ³⁸
3772 4712 3924 4773 ὑπέδυ

2280 4809 2516 4885 μορφὴν,
2554 4809 2729 4882 Λόγος
2760 4806 2968 4870 ἁπλοῦς
3003 4805 3096 4878 ὣν,
3149 4808 3536 4879 ἐνυπόστατος,
3569 4808 3661 4864 καὶ
3706 4803 3925 4884 γεγονὼς

2275 4896 2551 4970 ἀτρέπτως
2610 4896 2760 4970 σάρξ·
2838 4892 2913 4951 ἔτι
2991 4898 3126 4972 πρὸς
3183 4898 3398 4961 τούτοις
3456 4898 3551 4953 καὶ
3604 4902 3776 4953 πᾶσαν
3830 4893 3921 4960 τὴν

2276 4982 2529 5059 ἔνσαρκον
2562 4986 2728 5040 αὐτοῦ
2759 4986 3022 5061 πενιχρὰν
3074 4983 3379 5055 πολιτείαν,
3414 4988 3521 5056 τήν
3570 4987 3799 5064 φάτνην,
3839 4980 3928 5047 τὴν

2277 5074 2351 5135 εἷς
2408 5073 2674 5151 Αἴγυπτον
2719 5076 2914 5151 φυγὴν,
2960 5076 3059 5143 τὴν
3096 5076 3230 5148 μετᾶ
3279 5080 3501 5151 πορνῶν
3558 5075 3650 5131 καὶ
3682 5071 3923 5129 τελωνῶν

2276 5161 2569 5238 ἀδιάφορον
2617 5160 3014 5239 συνδιαγωγήν,
3048 5165 3148 5233 τὴν
3199 5161 3444 5239 ἐκλογήν
3496 5169 3609 5219 τῶν
3648 5157 3927 5238 πτωχοτά-

2274 5273 2383 5308 των
2418 5251 2639 5322 ἀλιέων,
2696 5253 2758 5307 τὸ
2817 5253 3000 5307 ἄοικον
3048 5253 3236 5326 αὐτοῦ,
3291 5252 3352 5308 τὸ
3411 5251 3804 5330 αὐτοσχέδιον,
3844 5246 3926 5303 καὶ

1908 5441 1981 5513 (ο)
2012 5440 2181 5498 Joan.
2214 5458 2258 5511 ι,
2293 5441 2377 5498 14.

1531 5610 1771 5666 νΑΒΙλΕ
1810 5609 2199 5668 LECTIONES
2239 5608 2327 5666 ET
2365 5607 2913 5667 CORRECTIONES.

589 5737 634 5775 ει
666 5732 1155 5811 μετιγγρᾶφοντας.
1233 5728 1281 5765 ²⁴
1310 5724 1379 5781 δι’
1412 5724 1545 5803 ὑπὶρ
1577 5724 1734 5803 φύσιν
1766 5723 2101 5801 ἆγαθότητα.
