4080 6366
202 475 304 530 237

972 479 1031 530 S.
1072 478 1339 530 MAXIM]
1382 475 1688 531 SCHOLIA
1729 478 1802 529 IN
1841 478 1975 530 LIB.
2016 480 2111 531 DE
2151 481 2418 537 DIVINIS
2457 482 2871 539 NOMINIBUS.

3523 491 3628 545 238

204 594 697 672 ἆπροπαράσκευον
775 597 948 663 πάντη
1029 603 1126 665 τῆς
1192 594 1329 666 ὅλης
1383 597 1548 651 αὐτοῦ
1608 594 1848 668 ἱνσοὶρκοι

1981 601 2374 670 perrimorum
2427 604 2809 675 piscatorum,
2845 609 2999 678 quod
3060 608 3188 665 sine
3248 614 3399 667 tecto
3428 612 3624 681 fuerit,

206 694 371 757 ζωῆς,
425 688 521 741 τὸν
557 689 751 759 ἄτιμον
786 685 873 741 ἐπὶ
925 692 1157 763 σταυροῦ
1210 692 1434 751 θάνατον
1485 686 1869 761 (Ἐπικατάρα-

200 797 288 839 τος
336 777 442 851 γὰρ
507 782 615 839 πᾶς
667 777 695 831 ὁ
754 775 1101 853 κρεμάμενος
1154 776 1243 831 ἐπὶ
1304 776 1518 847 ξύλου),
1572 776 1673 845 τήν
1736 776 1869 848 μετὰ

202 871 303 920 τῶν
353 866 679 942 κακούργων
738 864 956 941 λῃστῶν
1014 865 1426 940 συναρίθμησιν,
1486 865 1578 927 τὰς
1611 862 1866 937 διαπερο-

201 957 382 1025 νήσεις
434 959 551 1011 τῶν
600 954 780 1024 ἥλων,
836 957 935 1025 τὴν
984 953 1072 1009 διὰ
1126 962 1225 1023 τῆς
1287 954 1504 1030 λόγχης
1565 954 1709 1024 νύξιν
1763 960 1867 1022 τῆς

202 1042 461 1119 πλευρᾶς,
512 1045 578 1099 τα
628 1043 980 1120 ῥαπίσματα,
1038 1045 1104 1098 τὰ
1163 1044 1544 1117 ἐμπτύσματα,
1596 1043 1658 1097 τὸ
1716 1039 1858 1115 ὅξος,

197 1135 292 1202 τὴν
326 1132 531 1209 χολὴν,
566 1134 657 1188 τὸν
694 1133 971 1188 ἀκάνθινον
1035 1134 1311 1211 στέφανον,
1343 1134 1468 1197 τοὺς
1500 1131 1861 1207 διαπαιγμοὺς

194 1222 279 1277 καὶ
313 1220 742 1298 διαγελασμοὺς,
802 1223 896 1285 τὰς
929 1224 1337 1296 γονυπετήσεις,
1391 1224 1489 1291 τήν
1545 1220 1857 1276 εὐτελεστά-

193 1333 290 1379 την
339 1309 565 1381 κηδείαν
617 1333 675 1366 τε
728 1312 817 1366 καὶ
857 1314 1056 1389 ταφήν.
1108 1312 1282 1368 Τοῦτο
1328 1311 1390 1366 τὸ
1424 1311 1614 1365 ὡσανεὶ
1672 1311 1854 1384 μωρὸν

193 1401 283 1456 καὶ
314 1402 530 1462 ἀσθενὶς
561 1405 657 1455 τοῦ
689 1404 842 1468 Θεοῦ,
874 1406 954 1472 τῷ
988 1400 1139 1477 λόγῳ
1178 1408 1278 1470 τῆς
1321 1400 1642 1472 οἰκονομίας
1674 1398 1854 1476 σοφώ-

194 1510 348 1565 τερον
399 1491 489 1544 καὶ
545 1488 899 1565 ἰσχυρότερον
976 1489 1315 1565 ἆσυγκρίτως
1371 1494 1478 1543 τῶν
1529 1488 1853 1562 ἀνθρώπων,

194 1582 263 1653 τῇ
300 1576 671 1654 ὑπερδυνάμῳ
702 1578 790 1633 καὶ
826 1578 1113 1657 ὑπερσόφῳ
1144 1578 1408 1649 ἐκνικήςει
1465 1582 1561 1631 τοῦ
1608 1577 1852 1651 κρείττο-

193 1689 283 1730 νος
316 1667 659 1742 διαπρυσίως
693 1664 1017 1742 ἀπεδείχθη,
1048 1667 1335 1745 ἀφθὲγκτῳ
1394 1670 1517 1740 σιγῇ
1551 1664 1619 1719 δι’
1676 1662 1849 1741 ἔργων

193 1751 540 1829 ἓκϐοώμενον
597 1755 743 1831 πάσῃ
795 1759 863 1828 τῇ
916 1756 1084 1810 κτίσει
1143 1754 1580 1825 ἆκαταλήπτως’
1644 1754 1687 1809 εί
1747 1755 1849 1830 γὰρ

187 1844 276 1899 καί
338 1844 655 1919 ἐσταυρώθη
718 1843 769 1915 ἐξ
828 1843 1125 1914 ἀσθενείας,
1187 1843 1332 1899 ἀλλὰ
1382 1848 1445 1917 ζῇ
1481 1843 1539 1898 ἐκ
1569 1841 1848 1916 δυνάμεως

188 1937 323 1989 κατᾶ
354 1932 572 1992 Παῦλον
604 1935 694 1988 τὸν
746 1934 1051 1990 θεσπέσιον.
1111 1933 1207 1995 Εἷς
1263 1934 1325 1987 τὸ
1384 1934 1517 1987 αὐτὸ
1547 1931 1731 1995 καλῶς
1787 1932 1849 1987 τὸ

189 2032 289 2092 τῆς
348 2024 621 2086 ἀσθενείας
674 2025 770 2091 τῆς
827 2029 1126 2097 θεαρχικῆς
1186 2021 1388 2098 εἷ’ρηκε·
1452 2020 1541 2076 διὰ
1605 2021 1705 2097 γὰρ
1754 2023 1852 2090 τήν

191 2115 327 2187 πρὸς
370 2115 519 2185 ἡμᾶς
550 2111 791 2166 ἑκούσιον
842 2106 1265 2186 συγκατάὸασιν,
1321 2112 1495 2165 πάντα
1554 2110 1852 2184 ὑπομείνας

192 2204 325 2277 ἄχρι
360 2202 610 2271 θανάτου,
647 2202 874 2265 θανάτου
907 2198 963 2255 δὶ
1022 2204 1252 2276 σταυροῦ
1299 2200 1387 2254 καὶ
1436 2200 1531 2262 τὰς
1581 2200 1853 2261 ἀσθενείας

192 2295 355 2363 ἡμῶν
386 2291 543 2352 αὐτὸς
578 2288 739 2366 αῖρει,
772 2291 861 2344 καὶ
910 2291 1034 2366 περὶ
1091 2293 1250 2362 ἡμῶν
1301 2287 1575 2361 ὁδυνᾶται,
1626 2290 1713 2343 καὶ
1772 2293 1851 2360 τῷ

192 2380 437 2455 μώλωπι
469 2380 634 2435 αὐτοῦ
687 2383 850 2452 ἡμεῖς
881 2381 1074 2441 πάντες
1120 2378 1371 2451 ίάθημεν,
1422 2380 1512 2433 καὶ
1568 2380 1630 2433 τὸ
1681 2378 1851 2440 πάθος

189 2471 363 2525 αὐτοῦ
388 2468 531 2525 ’ίδιον
563 2468 775 2546 λέγεται
808 2470 945 2524 κατὰ
988 2470 1087 2537 τήν
1114 2473 1212 2521 τοῦ
1248 2470 1453 2540 Πέτρου
1506 2470 1693 2545 φωνὴν
1754 2468 1851 2535 τὴν

189 2558 484 2635 )ἑγουσαν.
546 2561 782 2631 Χριστοῦ
840 2559 929 2613 οὗν
979 2559 1246 2621 παθόντος
1303 2557 1435 2633 ὑπὲρ
1477 2560 1636 2629 ἡμῶν
1672 2556 1847 2631 σαρκί·

188 2649 307 2717 καὶ,
339 2648 403 2703 Εί
429 2646 695 2722 ἔγνωσαν,
726 2646 823 2702 οὐκ
852 2646 913 2701 ’ἀν
943 2645 1033 2701 τὸν
1070 2646 1266 2722 Κύριον
1300 2652 1399 2715 τῆς
1450 2643 1611 2715 δόξης
1660 2646 1850 2700 ἐσταύ-

186 2758 394 2811 ρωσαν·
429 2739 547 2792 ὅθεν
576 2737 666 2791 καὶ
694 2736 1043 2811 κυριοκτόνοι
1076 2735 1128 2789 οἱ
1160 2732 1419 2792 Ἰουδαῖοι
1454 2734 1723 2810 λέγονται.

263 2915 598 2989 Ύμνολόγος
654 2915 995 2990 κρινόμενος.
1049 2916 1171 2970 ’Ότι
1235 2913 1323 2968 καὶ
1374 2912 1628 2987 ψαλμοὺς
1662 2910 1848 2987 ἔλεγον

184 3007 317 3061 τότε
346 3003 613 3077 ἐμμελεῖς
641 3004 693 3058 οἳ
722 3003 844 3080 περὶ
875 3004 966 3058 τὸν
999 3002 1153 3077 ’ἅγιον
1185 3002 1443 3077 Ἱερόθεον
1476 3002 1565 3057 καὶ
1598 3000 1759 3074 ᾠδὰς,
1776 3003 1850 3063 ὡς

186 3093 361 3163 δηλοῖ
394 3096 483 3149 καὶ
514 3094 576 3149 τὸ
611 3093 936 3168 ὑμνολογεῖν
970 3094 1059 3148 καὶ
1085 3093 1147 3148 τί)
1181 3090 1470 3166 ὑμνῳδεῖν·
1517 3093 1606 3146 καὶ
1657 3092 1738 3147 ὅτι
1790 3092 1854 3147 τὰ

188 3186 295 3257 μὲν
331 3181 521 3257 ὑψηλὰ
550 3182 640 3237 καὶ
689 3182 922 3255 μυστικὰ
969 3179 1177 3258 ἄρῥητα
1221 3188 1338 3246 τοῖς
1366 3181 1601 3243 πολλοῖς
1646 3180 1727 3236 δεῖ
1753 3203 1852 3258 φυ-

184 3271 429 3328 λάττειν·
465 3270 682 3344 ὁμιλεῖν
717 3268 774 3324 δῖε
804 3271 893 3326 καὶ
928 3267 1199 3325 διδάσκειν
1232 3268 1315 3325 δεῖ
1340 3270 1465 3332 τοὺς
1496 3268 1743 3333 πολλοὺς
1787 3269 1854 3325 τὰ

183 3360 396 3418 δυνατά
424 3361 514 3415 καὶ
549 3357 926 3418 εὐαπόδεικτα.

264 3544 388 3597 Τῶν
422 3538 599 3603 θείων.
635 3541 858 3617 Γραφῶν
888 3535 1147 3607 δηλονότι
1174 3538 1263 3592 καὶ
1295 3538 1687 3618 θεωρημάτων.

266 3719 367 3775 Διὰ
396 3719 660 3793 περισσὴν
691 3712 993 3774 εὐλάϐειαν.
1052 3720 1174 3775 Ὅτι
1207 3712 1431 3781 εὐλαϐὲς
1458 3718 1521 3772 τὸ
1556 3718 1633 3789 μὴ
1669 3722 1846 3787 ζητεῖν

182 3813 259 3867 τὰ
289 3808 559 3883 θειότερα.

263 3899 615 3975 Είλήφαμεν.
651 3894 1080 3970 Σημείωσαιὸτι
1139 3896 1201 3951 οὐ
1264 3893 1345 3950 δεῖ
1397 3902 1496 3966 τῆς
1554 3893 1847 3971 ἐνδεχομέ-

185 4012 284 4061 νης
345 3992 458 4042 τῶν
515 3985 671 4041 θείων
726 3987 977 4061 γνώσεως
1005 3983 1252 4059 ἀμελεῖν,
1295 3982 1439 4040 ἀλλὰ
1496 3984 1584 4039 καὶ
1643 3985 1848 4060 ἕτεροις

191 4074 589 4150 μεταδιδόναι·
660 4074 748 4128 καὶ
819 4072 899 4129 ὅτι
978 4075 1114 4128 κατά
1185 4074 1339 4151 φύσιν
1395 4075 1447 4128 οἱ
1499 4073 1618 4137 νόες
1670 4073 1845 4151 ἔφεσιν

189 4166 387 4241 ἔχουσι
448 4164 587 4239 πρὸς
639 4164 737 4232 τήν
798 4160 1148 4239 ὶγχωροῦσαν
1206 4167 1314 4218 τῶν
1377 4164 1659 4240 ὑπερφυῶν
1722 4174 1851 4227 θεω-

189 4257 337 4331 ρίαν.

253 4348 334 4398 Τὰ
373 4344 469 4415 μὲν
506 4341 637 4415 ὑπὲρ
668 4343 833 4413 ἡμᾶς.
865 4343 987 4397 ’Ότι
1021 4340 1081 4394 οὐ
1114 4338 1196 4394 δεῖ
1222 4342 1289 4393 τὰ
1320 4340 1451 4415 ὑπὲρ
1482 4343 1628 4413 ἡμᾶς
1682 4338 1850 4395 πολυ-

183 4436 551 4509 πραγμονεῖν,
586 4427 711 4484 οὐδὲ
737 4429 958 4501 ἀμελεῖν
989 4436 1091 4498 τῆς
1113 4429 1255 4492 θείας
1284 4429 1557 4505 γνώσεως,
1588 4428 1731 4484 ἄλλα
1760 4430 1850 4483 καὶ

183 4524 395 4595 ἕτεροις
471 4515 817 4592 μεταδιδόναι
873 4523 981 4574 τῶν
1042 4515 1439 4592 ἐνδεχομένων⁹
1485 4516 1848 4593 ε’ίρηταιγὰρ,

180 4609 537 4684 Ὑψηλότερά
603 4629 697 4661 σου
746 4609 849 4680 [μὴ
904 4609 1074 4678 ζήτει,
1134 4606 1223 4661 καὶ
1282 4607 1548 4683 βαθύτερα
1606 4610 1722 4679 σου]
1772 4608 1846 4679 μὴ

180 4701 393 4776 ἐρεῦνω
430 4696 465 4752 ἃ
494 4696 802 4773 προσετάγη
838 4717 946 4769 σοι,
975 4701 1143 4751 ταῦτα
1175 4694 1415 4752 διανοοῦ.

254 4873 737 4951 Ἐγκελευομὲνη.
800 4873 943 4929 Κατὰ
997 4874 1086 4928 τὸν
1149 4872 1481 4929 Ἀπόστολον
1540 4873 1842 4947 [εἷ’πόντα].

183 4970 363 5020 Ταῦτα
389 4962 637 5031 παράθου
668 4966 883 5023 πιστοῖς
915 4961 1245 5036 ἀνθρώποις.

253 5052 491 5114 Τούτοις
528 5051 619 5105 οὗν
672 5050 762 5105 καὶ
810 5053 994 5123 ἡμεῖς.
1057 5050 1395 5124 Σημείωσαι,
1447 5052 1610 5105 πόθεν
1669 5050 1754 5105 ἐπὶ
1784 5052 1846 5105 τὸ

186 5142 524 5219 συγγράφειν
558 5139 744 5207 ἦλθεν.

252 5232 533 5306 Ἰεροθὲῳ.
581 5232 702 5283 Ὅτι
752 5229 803 5283 ἐν
835 5234 950 5291 τοῖς
1011 5228 1445 5304 λεχθησομένοις
1483 5228 1551 5283 τὰ
1583 5228 1847 5304 Ἰεροθὲου

186 5318 506 5394 ὶρμητεῦει.

692 5426 808 5481 ΕΙΣ
859 5426 953 5482 ΤΟ
994 5425 1246 5482 ΚΕΦΑΛ.
1290 5432 1347 5481 Δ.

255 5538 287 5605 §
320 5538 364 5589 Ι.
398 5535 523 5589 Εἶεν
559 5528 617 5585 δὲ
648 5532 759 5589 οὗν.
792 5533 930 5606 Ἀγε
961 5528 1027 5601 δή
1062 5532 1174 5586 οὖν’

258 5622 640 5699 ’Δφορίζουσι.
689 5619 760 5674 Τὸ
827 5621 919 5694 μὲν
971 5619 1285 5698 ἀφορίζουσι
1344 5620 1459 5677 ἀντὶ
1514 5624 1612 5675 τοῦ
1664 5622 1846 5678 ἀνατι-

1979 692 2132 760 quod
2168 692 2295 761 ejus
2327 692 2384 747 in
2419 710 2590 749 carne
2621 694 2737 749 vita
2768 698 3100 753 communis
3124 704 3182 753 et
3235 699 3462 770 plebeia
3500 701 3627 756 nul-

1976 776 2168 848 lisque
2200 780 2479 838 subsidiis
2509 782 2820 849 instructa,
2878 786 3033 856 quod
3086 786 3291 843 infami
3343 796 3529 845 morte
3560 791 3619 846 in

1975 882 2143 923 cruce
2175 870 2509 926 occubuerit
2533 872 2876 942 (Maledictus
2906 876 3057 929 enim
3088 876 3266 931 omnis
3296 880 3391 948 qui
3419 880 3622 950 pendet

1974 956 2035 1009 in
2052 956 2467 1031 ligno(q),quod
2493 960 2924 1032 cumimprobis
2946 963 3278 1020 latronibus
3300 967 3375 1021 sit
3393 985 3617 1023 connu-

1974 1052 2230 1101 meratus
2265 1067 2277 1115 ;
2313 1050 2459 1103 adde
2492 1049 2708 1105 fixuras
2740 1050 3292 1119 clavorum,lancea:
3322 1055 3537 1112 vulnus
3559 1058 3617 1113 in

1970 1132 2171 1199 latere,
2196 1136 2492 1207 colaphos,
2526 1143 2719 1209 sputa,
2752 1147 3007 1207 acetum,
3046 1144 3142 1211 fel,
3191 1160 3466 1201 coronam
3500 1148 3619 1218 spi-

1970 1240 2159 1294 neam,
2183 1224 2970 1298 ludiﬁcationes,irrisiones,
2994 1233 3452 1303 genuﬂexiones,
3477 1236 3622 1290 sim-

1969 1313 2359 1383 plicissimum
2403 1317 2579 1372 funus
2612 1324 2669 1373 et
2701 1320 2989 1375 modicam
3024 1323 3176 1378 I23
3223 1323 3620 1395 sepulturam.

1967 1402 2097 1458 Haec
2127 1409 2320 1460 autem
2339 1405 2514 1460 veluti
2531 1406 2785 1463 stultitia
2808 1408 3301 1483 imbecillitasque
3320 1413 3618 1482 Numinis,

1966 1494 2190 1547 ratione
2246 1494 2667 1551 incarnationis
2724 1498 3046 1568 sapientior
3086 1505 3141 1555 et
3200 1500 3371 1573 longe
3414 1502 3621 1559 fortior

1963 1581 2092 1636 sine
2122 1585 2558 1653 comparatione
2583 1583 2945 1653 hominibus,
2991 1589 3404 1658 potentissima
3434 1597 3493 1647 et
3526 1608 3616 1647 ex-

1963 1670 2193 1725 cellenti
2226 1672 2515 1743 sapientia
2560 1680 2853 1744 reportata
2899 1677 2970 1731 de
3001 1678 3169 1733 hoste
3199 1680 3444 1736 victoria
3494 1681 3616 1737 cla-

1964 1772 2023 1810 re
2054 1762 2290 1812 ostensa
2322 1759 2450 1827 fuit,
2488 1759 2672 1815 multo
2732 1761 2966 1817 silentio
3027 1778 3130 1834 per
3187 1780 3365 1835 opera
3396 1766 3457 1820 in
3491 1770 3613 1822 tota

1964 1845 2340 1901 universitate
2373 1848 2770 1903 indesinenter
2799 1850 3127 1919 celebrata;
3160 1854 3268 1907 etsi
3300 1854 3455 1909 enim
3487 1871 3613 1911 cru-

1885 1970 1931 2034 B
1960 1936 2159 2005 ciﬁmus
2186 1938 2302 2003 fuit
2365 1952 2435 1991 ex
2482 1937 2889 2004 imbecillitate,
2932 1941 3033 1995 sed
3067 1941 3209 1995 vivit
3247 1958 3316 1997 ex
3373 1944 3611 2014 virtute,

1963 2026 2290 2080 secundum
2326 2026 2591 2081 divinum
2631 2027 2900 2083 Paulum.
2937 2029 3000 2083 In
3033 2029 3239 2085 eadem
3271 2032 3447 2088 verba
3477 2050 3618 2105 pra:-

1963 2113 2115 2169 clare
2161 2116 2313 2185 quod
2376 2121 2467 2170 est
2516 2116 2725 2173 divina:
2781 2118 3188 2174 imbecillitatis
3240 2120 3423 2185 dixit;
3476 2138 3614 2177 nam

1964 2208 2204 2274 propter
2236 2210 2621 2275 spontaneam
2656 2207 2728 2260 ad
2764 2223 2870 2260 nos
2903 2208 3615 2280 condescensionem,om-

1964 2292 2061 2346 nia
2094 2294 2390 2362 perferens
2416 2309 2585 2363 usque
2616 2293 2689 2349 ad
2736 2298 2989 2363 mortem,
3024 2302 3259 2353 mortem
3288 2302 3469 2354 autem
3499 2316 3620 2354 cru-

1960 2379 2203 2450 ris(q),et
2219 2381 2587 2436 inﬁrmitates
2611 2384 2986 2455 nostrasipse
3010 2384 3244 2451 tollit,et
3262 2393 3616 2458 propternos

1962 2470 2160 2524 dolore
2182 2470 2497 2535 cruciatur,
2534 2474 2590 2525 et
2618 2472 2907 2527 vibicibus
2955 2472 3115 2527 illius
3157 2476 3347 2530 sanati
3381 2492 3613 2543 sumus,

1961 2564 2018 2613 et
2047 2558 2241 2629 passio
2274 2557 2432 2613 illius
2466 2559 2701 2629 propria
2751 2561 2971 2615 dicitur
3015 2578 3156 2617 voce
3204 2563 3358 2618 Petri
3382 2564 3465 2619 sic
3497 2581 3620 2620 me-

1963 2647 2277 2702 morantis:
2301 2646 2515 2702 Christo
2535 2647 2709 2716 igitur
2722 2664 2894 2720 passo
2918 2651 2974 2704 in
2992 2650 3252 2722 carnem;
3276 2658 3334 2707 et
3358 2669 3370 2707 :
3387 2653 3447 2708 Si
3462 2654 3613 2709 enim

1959 2738 2357 2807 cognovissent,
2388 2752 2673 2807 nunquam
2714 2738 3009 2793 Dominum
3062 2740 3260 2809 gloriae
3302 2742 3616 2811 cruciﬁxi:-

1961 2834 2080 2882 sent
2102 2826 2170 2897 (δ)
2195 2844 2209 2892 ;
2234 2826 2390 2880 unde
2419 2828 2475 2880 et
2496 2826 2727 2880 Domini
2762 2827 3062 2897 parricidae
3095 2829 3375 2884 dicuntur
3401 2830 3611 2887 Judaei.

2032 2915 2262 2971 Divinas
2294 2915 2568 2971 laudator.
2605 2914 2749 2981 Quia
2784 2916 3043 2986 psalmos
3088 2921 3216 2973 tum
3277 2919 3615 2975 modulatos

1962 3005 2221 3075 odasque
2278 3005 2568 3059 canebant
2618 3005 2719 3073 qui
2752 3010 2956 3060 sancto
3005 3005 3315 3062 Hierotheo
3349 3008 3614 3075 aderant,

1964 3095 2119 3165 quod
2151 3094 2487 3164 significant
2509 3094 2685 3148 etiam
2734 3110 2902 3149 voces
2954 3088 3279 3168 ὕμνολογεῖν
3323 3102 3381 3152 et
3433 3095 3618 3169 ὕμνῳ-

1964 3176 2092 3237 δεῖν.
2127 3182 2196 3235 Et
2229 3181 2368 3252 quia
2398 3198 2527 3251 quae
2561 3181 2841 3237 sublimia
2898 3186 3039 3237 sunt
3069 3188 3126 3239 et
3161 3185 3427 3257 mystica,
3457 3190 3615 3241 tecta

1963 3270 2022 3325 in
2058 3269 2230 3341 vulgo
2263 3275 2319 3325 et
2359 3269 2712 3341 inexplicata
2757 3287 2986 3326 servare
3018 3278 3245 3343 oportet
3278 3294 3292 3340 ;
3326 3273 3614 3344 explicare

1884 3336 1926 3403 δ
1964 3336 2356 3414 autemvdecet
2386 3375 2452 3413 ea
2484 3336 3315 3429 multitudinemqueoocere,
3377 3336 3509 3431 qum
3554 3364 3613 3417 et

1960 3448 2082 3503 ﬁeri
2117 3452 2175 3501 et
2207 3445 2371 3501 facile
2406 3446 2795 3501 demonstrari
2822 3452 3092 3518 possunt.

2028 3542 2236 3593 Rerum
2267 3535 2607 3591 divinarum.
2644 3536 3010 3607 Scriptorum
3040 3536 3313 3593 videlicet
3351 3542 3408 3593 et
3439 3554 3604 3594 com-

1959 3626 2412 3682 mentationum.

2028 3717 2157 3772 Prae
2187 3713 2529 3770 abundantia
2549 3713 2861 3782 religionis.
2894 3718 3128 3785 Spectat
3157 3716 3312 3771 enim
3358 3717 3430 3773 ad
3460 3717 3601 3773 reli-

1957 3805 2183 3878 giosam
2212 3804 2558 3859 modestiam
2587 3804 2877 3859 diviniora
2911 3821 3024 3859 non
3050 3805 3396 3877 disquirere.

2028 3894 2520 3952 Intellexissemus.
2555 3894 2966 3949 Animadverte
3024 3895 3179 3965 quod
3230 3911 3345 3950 non
3378 3899 3608 3968 oportet

1959 3988 2294 4053 susceptam
2311 3981 2849 4037 rerumdivinarum
2872 3983 3267 4053 cognitionem
3292 3984 3605 4056 negligere,

1959 4074 2061 4129 sed
2094 4072 2224 4128 aliis
2255 4088 2383 4127 eam
2439 4072 2711 4136 tradere;
2748 4074 2806 4125 et
2847 4072 3005 4140 quod
3064 4076 3294 4128 mentes
3352 4073 3609 4129 naturali

1960 4161 2281 4233 cupiditate
2311 4159 2623 4230 rapiuntur
2652 4159 2723 4213 ad
2765 4174 3107 4215 concessam
3165 4161 3605 4217 admirabilium

1960 4266 2159 4306 rerum
2191 4246 2765 4317 contemplationem.

2032 4340 2166 4407 Quae
2194 4354 2367 4407 supra
2396 4335 2644 4391 nos.N0n
2670 4339 2898 4406 oportet
2930 4352 3060 4406 quae
3111 4352 3290 4407 supra
3328 4354 3435 4392 nos
3468 4342 3609 4393 sunt

1961 4427 2253 4483 curiosius
2282 4424 2597 4497 inquirere,
2635 4439 2822 4495 neque
2854 4441 2957 4495 pro
2981 4424 3164 4480 nihilo
3212 4425 3427 4481 habere
3458 4426 3606 4481 divi-

1963 4534 2098 4573 nam
2122 4514 2538 4588 cognitionem,
2567 4513 2667 4567 sed
2726 4513 3166 4568 communicare
3219 4530 3353 4569 cum
3386 4515 3607 4571 caeteris

1963 4624 2088 4678 quae
2120 4601 2717 4675 excepimus.Dictum
2735 4601 2994 4673 estjenim
3022 4618 3034 4656 :
3059 4602 3279 4659 Altiora
3300 4604 3450 4675 te[ne
3469 4621 3611 4676 quae-

1879 4701 1924 4763 D
1953 4694 2136 4760 sieris,
2169 4701 2218 4747 et
2274 4690 2656 4760 profundiora
2687 4692 2760 4760 te]
2791 4706 2900 4745 non
2931 4692 3295 4764 scrutaberis,
3345 4693 3437 4749 sed
3482 4709 3609 4765 qua

1955 4784 2215 4840 mandata
2244 4790 2371 4837 sunt
2403 4780 2527 4849 tibi,
2562 4782 2677 4836 haec
2708 4779 2895 4850 cogita
2926 4781 3011 4851 (t).

2024 4873 2199 4929 lubet.
2234 4869 2571 4925 Secundum
2604 4868 2951 4940 Apostolum
2980 4869 3354 4941 [dicentem]:
3389 4871 3607 4940 Πανδή-

1954 4961 2169 5017 delibus
2202 4958 2518 5014 hominibus
2549 4958 2865 5013 commenda
2899 4958 3000 5027 (ιι).

2026 5050 2121 5105 His
2150 5049 2334 5119 itaque
2362 5047 2531 5102 etiam
2561 5062 2677 5102 nos.
2711 5047 2862 5102 Nota
2900 5048 3055 5102 unde
3097 5048 3164 5101 ad
3205 5052 3610 5104 commentan-

1957 5141 2097 5195 dum
2123 5136 2499 5210 processerit.

2027 5226 2329 5283 Hierotheo.
2365 5225 2429 5281 In
2456 5225 2527 5280 iis
2560 5241 2686 5295 quae
2720 5228 2853 5297 post
2904 5225 3191 5295 dicentur,
3221 5241 3349 5297 quae
3408 5225 3610 5283 Hiero-

1956 5317 2077 5374 tbei
2109 5320 2269 5387 sunt,
2295 5314 2566 5387 explicat.

2490 5420 2644 5476 124
2675 5418 2746 5474 IN
2783 5418 2937 5473 CAP.
2973 5417 3070 5473 IV.

2029 5529 2144 5584 Εἶεν
2178 5524 2245 5595 δὴ
2279 5523 2388 5583 οὗν,
2418 5528 2532 5595 Age
2566 5541 2727 5595 ergo.

2026 5618 2369 5686 Atlribuunt,
2401 5615 2498 5671 Gr.
2534 5611 2872 5690 ἀφορίζουσι.
2925 5614 3109 5672 Dictio
3161 5612 3475 5691 ἀφορίζουσι
3509 5635 3604 5674 ac-

260 5803 349 5876 (p)
371 5801 501 5860 Gal.
532 5816 618 5871 ιιι,
655 5802 740 5859 13.
773 5801 851 5876 (q)
880 5800 1136 5875 Philipp.
1177 5818 1242 5873 ιι,
1274 5801 1329 5857 8.
1354 5802 1427 5875 (ν)
1460 5801 1482 5857 Ι
1512 5804 1690 5871 Petr.,
1719 5816 1796 5873 1v,
1830 5818 1848 5857 ι

1994 5802 2019 5854 Ι
2069 5802 2195 5853 Cor.
2231 5812 2292 5866 ιι,
2342 5795 2394 5851 8.
2429 5794 2491 5865 (ι)
2515 5792 2690 5849 Eccli.
2726 5810 2814 5865 ιιι,
2840 5793 2932 5851 22.
2967 5795 3044 5867 (ιι)
3077 5793 3127 5849 ΙΙ
3157 5793 3306 5849 Tim.
3345 5811 3410 5866 ιι,
3442 5797 3498 5852 2.
