4080 6366
484 458 591 511 239

1304 453 1671 505 APPENDIX
1713 450 1806 500 AD
1844 447 2085 500 OPERA
2120 446 2178 497 S.
2221 443 2533 498 DIONYSII
2577 446 3070 502 AREOPOGITE.

3794 444 3902 499 240

481 583 753 653 cipienda
783 584 871 634 est
893 582 957 633 ut
981 578 1058 632 sit
1084 577 1240 633 idem
1274 576 1427 647 quod
1466 574 1799 629 attribuunt
1823 589 1838 639 ;
1862 569 2003 624 illud
2032 585 2123 622 au.

2254 566 2430 628 θὲασιν
2462 564 2786 637 ἐκληπτέον·
2820 569 2882 623 τὸ
2914 566 2971 623 δὲ
3002 568 3108 623 ἀπὸ
3162 570 3376 623 πάντων
3440 566 3743 639 δηλοῦσθαι
3798 569 3895 636 τὴν

482 677 626 740 tem,
658 671 729 725 ab
763 669 1040 725 omnibus
1072 665 1435 721 manifestari
1469 664 1816 728 bonitatem,
1843 659 2136 731 signiﬁcat

482 760 680 817 omnia
710 776 779 814 ex
809 758 958 830 ipsa,
993 760 1057 812 ut
1077 760 1296 824 essent,
1330 754 1613 825 producta
1646 751 1846 806 fuisse.

556 850 833 921 Tanquam
860 846 1244 902 substantiale.
1308 843 1677 898 Divinitatem
1727 855 1856 895 esse
1914 838 2131 891 bonum

484 938 817 1009 essentiale,
851 951 1059 1007 resque
1091 951 1289 991 omnes
1323 949 1455 987 cum
1491 932 1643 986 bono
1676 926 2134 990 communicare,

484 1027 638 1083 sicut
667 1030 863 1082 creata
894 1042 1026 1081 cum
1064 1024 1203 1080 sole.

558 1115 1026 1184 Quemadmodum
1056 1116 1137 1169 sol
1194 1113 1293 1167 ille
1348 1118 1554 1166 noster.
1588 1109 1770 1163 Nemo
1803 1104 2137 1177 suspicetur

486 1222 767 1277 magnum
792 1204 1133 1275 Dionysium
1161 1220 1229 1257 ex
1254 1201 1395 1256 solis
1419 1197 1680 1270 exemplo
1708 1195 2043 1252 omnimode
2065 1194 2136 1248 de

485 1293 702 1349 divinis
731 1294 906 1348 rebus
939 1294 1209 1363 judicare
1241 1309 1253 1358 ;
1299 1306 1499 1344 verum
1550 1288 1632 1342 ita
1690 1286 1901 1358 cogitet
1935 1301 1948 1339 :
1982 1284 2136 1339 sicut

485 1382 592 1451 sol,
627 1399 759 1437 cum
794 1381 940 1437 nihil
969 1382 1047 1435 sit
1081 1385 1287 1452 praeter
1320 1378 1540 1445 lumen,
1571 1394 1685 1431 non
1717 1374 1891 1429 habet
1933 1372 2131 1426 lumen

486 1475 551 1525 ut
576 1472 845 1526 accidens
874 1475 930 1525 et
978 1470 1203 1541 aliquid
1252 1468 1544 1523 diversum
1576 1465 1883 1527 exsistens,
1917 1466 2017 1516 aut
2043 1462 2132 1515 in-

485 1564 611 1616 star
642 1560 883 1615 animati
906 1559 1205 1614 voluntate
1243 1555 1642 1613 benefaciendi
1677 1554 1747 1608 ab
1780 1552 2006 1607 interno
2030 1566 2131 1604 seu

486 1666 518 1704 a
540 1649 736 1721 seipso
767 1648 967 1703 lumen
1000 1647 1213 1719 accipit
1242 1652 1413 1715 atque
1461 1645 1519 1699 in
1551 1643 1750 1699 omnia
1780 1640 2083 1697 distribuit
2115 1656 2128 1694 :

487 1737 849 1793 contrarium
876 1738 1055 1803 enim,
1079 1753 1213 1791 cum
1248 1750 1437 1807 neque
1488 1732 1782 1787 animatus
1814 1732 1911 1801 sit,
1944 1745 2131 1801 neque

479 1826 779 1881 voluntate
810 1824 1387 1891 benefaciat,rati0ne
1419 1822 1711 1893 siquidem
1747 1825 2134 1890 caret,neque

2245 655 2390 717 θείαν
2421 656 2749 730 ἀγαθὸτητα,
2784 659 2845 712 τὸ
2876 659 3050 713 πάντα
3080 657 3130 728 ἐξ
3164 658 3332 723 αὐτῆς
3352 660 3396 694 ³⁸
3439 660 3725 733 παρῆχθαι
3758 658 3897 732 πρὸς

2244 741 2467 818 ὕπαρξιν
2499 742 2684 813 δηλοῖ.

2314 831 2400 892 Ὠς
2434 830 2712 897 οὐσιῶδες.
2746 836 2867 891 ’Ότι
2901 833 3159 896 οὐσιῶδες
3210 835 3405 910 ἀγαθὸν
3440 836 3571 891 αὐτὸ
3621 834 3684 890 τὸ
3733 836 3896 890 θεῖον·

2244 918 2331 973 καὶ
2364 919 2444 974 δτι
2475 926 2572 975 τοῦ
2604 922 2809 997 ἀγαθοῦ
2856 925 3029 979 πάντα
3069 926 3136 979 τά
3191 926 3318 979 δντα
3379 926 3618 999 μετέχει,
3673 925 3751 986 ὡς
3803 928 3899 978 τοῦ

2243 1007 2410 1077 ἡλίου
2440 1011 2506 1063 τὰ
2529 1011 2752 1081 ποιητά.

2314 1100 2518 1174 ’Ὠσπερ
2578 1101 2605 1153 6
2677 1102 2793 1155 καθ’
2859 1105 3009 1175 ἡμᾶς
3059 1100 3246 1171 ἥλιος.
3308 1101 3516 1174 Μηδεὲς
3575 1097 3901 1157 ὑπολαϐέτω

2244 1187 2377 1260 πρὸς
2421 1188 2483 1241 τὸ
2512 1193 2609 1241 τοῦ
2666 1190 2831 1258 ἡλίου
2875 1189 3218 1266 παράδειγμα
3270 1191 3601 1267 ὁλοκλήρως
3649 1192 3718 1246 τά
3774 1190 3899 1265 περὶ

2245 1280 2377 1329 Θεοῦ
2433 1276 2629 1347 κρίνειν
2676 1280 2767 1332 τὸν
2832 1281 2995 1355 μεγαν
3048 1280 3350 1335 Διονύσιοψ
3414 1280 3541 1334 ἀλλ’
3582 1280 3727 1334 οὕτω
3755 1279 3899 1334 νοεί-

2246 1376 2377 1429 σθω,
2412 1366 2591 1438 ὥσπερ
2628 1368 2655 1420 6
2685 1366 2874 1435 ἥλιος,
2910 1369 3011 1423 οὐκ
3044 1368 3183 1425 ἄλλο
3210 1391 3261 1424 τι
3295 1367 3367 1423 ὢν
3396 1370 3543 1445 παρά
3570 1369 3634 1424 τὸ
3665 1373 3803 1445 φῶς,
3833 1368 3899 1422 οὗ

2245 1449 2520 1526 συμϐατὸν
2568 1453 2681 1530 ἔχει
2728 1458 2790 1511 τὸ
2842 1462 2956 1531 φῶς
2986 1458 3075 1512 καὶ
3108 1458 3184 1520 ὡς
3215 1456 3357 1514 ἄλλο
3390 1480 3442 1513 τι
3473 1457 3548 1512 ὣν
3580 1460 3614 1529 ἢ
3646 1461 3901 1533 ψυχικῶς

2243 1542 2553 1618 προαιρέσει
2577 1549 2673 1599 τοῦ
2704 1546 3004 1621 εὐεργετεῖν
3066 1542 3264 1603 ἔσωθεν
3324 1542 3594 1622 λαμϐάνει
3642 1549 3705 1603 τὸ
3764 1551 3901 1624 φῶς,

2242 1632 2330 1685 καὶ
2386 1629 2698 1687 διαδίδωσιν
2748 1635 2822 1696 εἰς
2870 1639 3062 1690 πάντα’
3096 1637 3410 1692 τούναντίον
3444 1638 3568 1712 γάρ*
3631 1634 3755 1691 οὕτε
3804 1639 3903 1708 eo-

2244 1722 2403 1794 χικὸς
2445 1721 2537 1791 ὢν,
2599 1720 2721 1777 οὔτε
2777 1725 3091 1800 προαίρεσιν
3140 1721 3286 1801 ἔχων
3336 1726 3642 1800 εὐεργετεῖ,
3692 1722 3900 1799 ἄλογος

2240 1811 2362 1884 γάρ·
2398 1812 2483 1865 καὶ
2520 1809 2645 1866 οὐδὲ
2676 1814 2930 1889 ἑτέρωθεν
2961 1815 3023 1868 τὸ
3055 1820 3169 1880 φῶς
3234 1810 3549 1887 λαμϐάνων·
3609 1814 3738 1868 αὐτὸ
3794 1814 3899 1889 γὰρ

481 1917 552 1970 ab
586 1914 697 1970 alio
732 1915 928 1970 lumen
956 1914 1206 1985 accipit;
1243 1918 1333 1968 est
1364 1911 1520 1966 enim
1545 1910 1653 1965 hoc
1681 1910 1873 1981 ipsum
1910 1908 2123 1976 lumen,

2239 1901 2400 1951 τοῦτο
2431 1903 2546 1975 φῶς
2576 1898 2685 1953 ἐστι
2732 1901 2820 1954 καὶ
2853 1902 3098 1975 φωτίζει·
3158 1902 3301 1957 οὕτω
3362 1904 3473 1978 χρὴ
3507 1907 3667 1956 τοῦτο
3727 1901 3895 1975 μόνον

2317 1987 2329 2005 \
2368 1985 2381 2001 π
2437 1988 2449 2003 ι
2487 1994 2518 2005 Λ
2586 1994 2612 2003 αι-
2738 1994 2759 2005 υ
2883 1990 2909 2005 ΙΙ
3014 1992 3025 2005 ο
3096 1998 3122 2005 Α
3164 1993 3177 2005 \
3306 1992 3319 2005 ι
3380 1992 3393 2005 σι
3476 1992 3527 2005 Δὶ
3640 1990 3652 2005 ν
3810 1985 3840 2005 ο

479 2009 536 2059 et
562 2003 896 2070 illuminat;
934 2004 1014 2057 ita
1038 2006 1269 2074 oportet
1312 2001 1421 2055 hoc
1472 2000 1645 2054 etiam
1688 1997 1875 2053 solum
1909 1998 1978 2052 de
2017 1997 2131 2053 Deo

483 2093 764 2162 cogitare,
800 2092 1080 2146 nimirum
1144 2092 1327 2145 Deum
1382 2106 1496 2143 non
1530 2088 1744 2142 habere
1784 2087 2002 2141 bonum
2035 2103 2135 2157 per

486 2180 757 2236 accidens
788 2192 849 2234 ut
867 2180 1205 2251 qualitatem
1241 2178 1684 2249 aliquam,sicut
1714 2192 1819 2230 nos
1849 2175 2130 2242 virtutes;

484 2271 584 2325 sed
619 2270 772 2340 quod
807 2285 938 2323 cum
976 2269 1098 2338 ipse
1152 2273 1302 2323 Deus
1335 2267 1413 2321 sit
1444 2265 1699 2320 essentia
1739 2264 1896 2329 boni,
1930 2279 2131 2333 quem-

485 2359 803 2413 admodum
837 2358 1034 2413 lumen
1066 2363 1154 2411 est
1185 2355 1443 2412 essentia
1473 2354 1635 2421 solis,
1666 2358 1837 2424 atque
1856 2357 1920 2407 ut
1948 2352 1997 2407 is
2031 2351 2132 2423 qui

482 2448 681 2519 ipsum
705 2448 920 2501 bonum
948 2452 1036 2501 est
1070 2452 1239 2514 Deus,
1277 2445 1558 2499 bonitatis
1590 2443 1957 2513 splendorem
1978 2442 2131 2497 circa

482 2552 687 2591 omnes
719 2535 1426 2603 extendit,benefaciendo
1450 2533 1523 2587 iis
1547 2533 1644 2602 qui
1678 2531 2125 2585 illuminantur:

478 2625 679 2695 itaque
719 2625 861 2679 dicit
894 2624 1035 2680 solis
1068 2622 1427 2695 exemplum,
1461 2622 1559 2692 qui
1593 2621 1904 2676 obscuram
1952 2624 2008 2674 et
2038 2620 2129 2674 vix

475 2718 855 2786 apparentem
917 2714 1087 2785 primi
1143 2712 1515 2783 exemplaris,
1568 2711 1720 2781 quod
1757 2709 1915 2763 nullo
1953 2709 2125 2763 modo

473 2803 1291 2871 c0mmunicatur,imaginem
1326 2802 1501 2854 habet
1532 2819 1545 2867 ;
1583 2799 1632 2853 si
1656 2799 1810 2852 enim
1835 2798 2123 2869 imagines

470 2892 773 2946 veritatem
828 2891 1131 2959 haberent,
1165 2906 1277 2944 non
1312 2888 1568 2960 amplius
1599 2891 1796 2943 essent
1827 2888 2119 2959 exempla-

471 2979 579 3043 ria,
611 2980 711 3034 sed
750 2979 1085 3050 archetypa.

542 3067 895 3123 Intellectile:
951 3077 1005 3122 et
1044 3066 1442 3138 intellz'gentes.
1508 3065 1739 3138 Pr0prie
1823 3064 2117 3137 loquendo

472 3155 631 3210 aliud
663 3160 751 3211 est
779 3156 971 3224 νοητόν
1008 3165 1060 3211 et
1091 3156 1248 3211 aliud
1294 3153 1502 3229 νοερόν.
1536 3156 1679 3209 Nam
1714 3156 1867 3226 quod
1902 3156 2115 3211 intelli-

472 3245 631 3315 gitur
661 3249 750 3300 est
780 3245 937 3299 velut
994 3245 1339 3300 alimentum
1401 3245 1528 3315 ejus
1589 3245 1743 3315 quod
1796 3244 2110 3317 intelligit:

474 3334 954 3405 quandoquidem
991 3335 1144 3403 quod
1181 3334 1531 3403 intelligitur
1562 3350 1663 3387 seu
1696 3330 1913 3401 νοητόν,
1948 3334 2118 3389 nobi-

471 3422 586 3477 lius
609 3422 708 3493 sit,
740 3428 795 3478 et
818 3432 987 3477 antea
1018 3422 1379 3495 intelligatur
1408 3422 1504 3477 illo
1536 3423 1689 3493 quod
1722 3421 1997 3494 intelligit
2019 3440 2120 3477 seu

470 3513 620 3583 quod
646 3517 735 3566 est
774 3506 976 3585 νοερὸν.
1042 3513 1385 3583 Superiores
1436 3512 1618 3584 igitur
1660 3514 1718 3565 et
1775 3510 1947 3565 vicini
2006 3511 2121 3566 Deo

469 3601 705 3655 ordines
738 3601 969 3672 proprie
993 3602 1221 3655 dicendi
1245 3606 1385 3656 sunt
1406 3600 1576 3669 νοητά
1602 3618 1614 3668 ;
1637 3600 1943 3656 inferiores
1964 3616 2120 3667 vero,

466 3686 626 3762 νοερά
659 3693 721 3743 ut
752 3690 850 3760 qui
878 3689 1208 3759 intelligant
1240 3690 1603 3760 superiores:
1633 3706 1746 3743 non
1772 3688 1898 3744 ideo
1922 3695 2121 3744 tamen

467 3778 623 3847 quod
656 3776 826 3845 νοητά
858 3779 1129 3832 dicantur
1163 3795 1229 3833 ea
1264 3796 1389 3849 quae
1414 3777 1845 3849 intelliguntur,
1878 3795 2119 3833 censen-

468 3866 610 3921 dum
641 3871 729 3922 est
761 3868 918 3937 ipsos
934 3884 1047 3920 non
1074 3866 1399 3938 intelligere
1426 3885 1438 3933 ;
1462 3866 1561 3920 illa
1579 3867 1733 3920 enim
1770 3866 2121 3937 intelligunt,

470 3956 751 4027 quoniam
795 3960 1024 4011 mentes
1056 3961 1196 4010 sunt
1218 3961 1273 4011 et
1304 3955 1647 4011 substantia:
1676 3956 1802 4009 vita:
1827 3961 1883 4010 et
1906 3957 2123 4012 mentis

472 4062 762 4116 snpremze
794 4050 999 4100 creata:
1036 4063 1047 4111 ;
1078 4045 1345 4116 quinimo
1377 4044 1493 4099 illic
1544 4045 1718 4099 etiam
1750 4050 1889 4099 sunt
1919 4063 2120 4115 opera-

472 4133 661 4188 tiones
692 4134 957 4189 el‘licaces
989 4135 1380 4189 subsistentes
1414 4139 1470 4188 et
1498 4135 1795 4189 essenlize:
1829 4136 2019 4189 omnis
2042 4135 2119 4189 si-

473 4224 711 4294 quidem
748 4228 940 4279 motus
973 4228 1027 4277 et
1059 4225 1225 4294 quies
1260 4224 1377 4278 illic
1435 4229 1573 4278 sunt
1621 4223 2034 4291 subsistentes,
2066 4230 2121 4280 et

469 4312 717 4367 virtutes
750 4313 907 4379 viva},
938 4314 1086 4369 1‘25
1122 4318 1295 4384 atque
1328 4312 1500 4367 ﬂuxis
1534 4312 1945 4383 corporeisque
1991 4330 2117 4367 mu-

468 4402 793 4457 tationibus
825 4402 1198 4471 superiores:
1234 4400 1363 4455 ideo
1412 4401 1824 4472 intelliguntur
1856 4401 2117 4471 quidem,

466 4495 532 4543 ut
577 4490 829 4544 materiae
881 4495 1146 4560 expertes
1193 4489 1579 4560 ;intelligunt
1635 4494 1828 4543 autem
1881 4506 1993 4560 res,
2055 4496 2119 4546 ut

464 4582 691 4633 mentes
722 4578 1076 4647 incorporea:
1110 4579 1448 4649 mundoque
1466 4577 1775 4632 altioresin
1792 4578 2117 4635 rationibus

2243 1987 2331 2040 καὶ
2365 1985 2451 2040 ἐπὶ
2482 1994 2615 2042 Θεοῦ
2646 1994 2811 2059 νοεῖν,
2878 1990 2961 2044 ὅτι
3006 1992 3033 2045 6
3089 1993 3218 2054 Θεὸς
3266 1992 3329 2047 τὸ
3370 1992 3565 2068 ἀγαθὸν
3598 1990 3660 2045 οὐ
3694 1985 3897 2063 συμϐε-

2245 2070 2498 2144 ϐηκότως
2548 2075 2683 2151 ἔχει,
2734 2082 2973 2155 καθάπερ
3002 2082 3124 2135 τινὰ
3155 2082 3445 2152 ποιότητα,
3477 2081 3551 2142 ὡς
3582 2082 3750 2150 ἡμεῖς
3801 2080 3898 2141 τὰς

2243 2164 2456 2239 ἀρετάς’
2489 2163 2616 2219 ἀλλ’
2650 2166 2802 2221 οὐσία
2832 2173 2928 2223 τοῦ
2960 2168 3162 2244 ἀγαθοῦ
3196 2170 3357 2232 αὐτὸς
3393 2171 3420 2223 6
3450 2171 3577 2231 Θεὸς
3609 2169 3896 2244 ὑπάρχων,

2244 2253 2423 2325 ὥσπερ
2455 2257 2543 2309 καὶ
2576 2257 2638 2310 τὸ
2670 2262 2802 2333 φῶς,
2838 2257 2991 2312 οὐσία
3021 2259 3208 2332 ἡλίου,
3240 2262 3329 2314 καὶ
3362 2260 3437 2323 ὡς
3465 2259 3594 2314 αὐτὸ
3610 2260 3673 2313 τὸ
3695 2258 3895 2332 ἀγαθὸν

2243 2338 2315 2395 ὣν
2350 2345 2376 2397 6
2408 2344 2534 2405 Θεὸς
2562 2343 2781 2401 ἐκτείνει
2823 2348 2944 2422 περῖ
3003 2349 3204 2410 πάντας
3251 2351 3348 2418 τήν
3397 2356 3497 2418 τῆς
3556 2348 3895 2422 ἀγαθότητος

2242 2428 2443 2505 α’ίγλην
2493 2430 2581 2486 διὰ
2604 2438 2699 2487 τοῦ
2731 2434 3077 2510 εὐεργετῆσαι
3136 2438 3264 2499 τοὺς
3299 2435 3731 2515 φωτιζομὲνους·
3773 2437 3895 2490 ὅθεν

2240 2522 2370 2596 φησί
2402 2522 2462 2575 τὸ
2486 2527 2580 2575 τοῦ
2602 2522 2765 2591 ἡλίου
2797 2523 3243 2601 παράδειγμα,ὡς
3274 2529 3551 2597 σκοτεινὴν
3584 2525 3671 2581 καὶ
3703 2523 3901 2601 σχεδὸν

2240 2609 2413 2685 ἀφανῆ
2450 2610 2628 2665 εἶ’κόνα
2683 2618 2780 2667 τοῦ
2834 2614 3115 2677 παντελῶς
3166 2615 3536 2685 ἀκοίνωνήτου
3581 2614 3897 2690 ἀρχετύπου

2237 2695 2375 2771 ἔγειο
2411 2699 2559 2776 εἷγὰρ
2592 2702 2644 2754 αἱ
2678 2701 2880 2764 εἷκὸνες
2912 2702 3172 2773 ἀλήθειαν
3216 2706 3385 2780 εἶχον,
3418 2702 3595 2760 οὐκέτι
3614 2707 3747 2773 ἦσαν
3780 2726 3893 2758 πα-

2236 2786 2589 2864 ραδείγματα,
2618 2789 2743 2846 ἀλλ’
2799 2792 3103 2867 ἀρχέτυπα.

2303 3060 2370 3112 Αἱ
2427 3058 2613 3129 νοηταὶ
2689 3060 2777 3114 καὶ
2846 3060 3047 3136 νοεραί.
3116 3062 3264 3118 Κατᾶ
3336 3062 3634 3137 κυριότητα
3698 3059 3889 3137 ’ἑτερόν

2228 3146 2339 3201 ἐστι
2368 3149 2586 3219 νοητὸν,
2635 3149 2725 3203 καὶ
2758 3149 2939 3223 ἓτερον
2970 3150 3174 3225 νοερόν.
3226 3153 3304 3208 Τὸ
3335 3153 3437 3227 γὰρ
3469 3153 3664 3223 νοητὸν
3692 3152 3873 3228 τροφή

2230 3237 2317 3291 οἷά
2341 3259 2423 3300 τις
2451 3243 2546 3291 τοῦ
2574 3242 2768 3313 νοεροῦ
2802 3238 2964 3307 ἐστιν,
3024 3238 3173 3316 ε’ίπερ
3229 3243 3292 3295 τὸ
3350 3240 3666 3314 νοούμενον,
3694 3242 3723 3295 '6
3776 3241 3888 3295 ἐστ.

2230 3328 2449 3396 νοητὸν,
2488 3328 2669 3398 μεῖζόν
2724 3327 2953 3382 ἐστικαὶ
3002 3329 3500 3404 προεπινοούμενον
3557 3334 3655 3384 τοῦ
3697 3333 3896 3385 νοοῦν-

2232 3438 2325 3478 τος
2359 3464 2373 3487 ,
2425 3417 2452 3470 ὃ
2508 3417 2617 3470 ἐστι
2676 3418 2894 3493 νοερόν.
2954 3421 3035 3475 Τά
3087 3421 3183 3491 μὲν
3241 3419 3332 3474 οὖν
3385 3421 3746 3496 ὑπερκείμενα
3797 3420 3892 3475 καὶ

2232 3512 2481 3580 προσεχῆ
2539 3510 2618 3578 τῷ
2662 3512 2777 3579 Θεῷ
2806 3505 3059 3583 τάγματα
3088 3511 3256 3579 νοητὰ
3286 3509 3489 3585 κυρίως
3520 3509 3760 3564 λεκτὲοψ
3826 3510 3895 3564 τὰ

2234 3591 2290 3646 δὲ
2334 3589 2713 3665 ὑποϐεϐηκότα
2742 3598 2920 3671 νοερὰ,
2980 3598 3072 3652 ἅτε
3124 3603 3345 3653 νοοῦντα
3373 3600 3439 3654 τά
3502 3599 3887 3674 ὑπερκείμενα’

2232 3684 2343 3758 οὐχ
2373 3683 2453 3737 ὅτι
2497 3680 2553 3738 δὲ
2582 3688 2750 3753 νοητά
2782 3684 2889 3739 ἐστι
2948 3686 3013 3741 τὰ
3053 3687 3340 3760 νοούμενα,
3400 3689 3688 3762 νομιστέον
3749 3688 3889 3744 αὐτὰ

2235 3774 2308 3845 μὴ
2343 3778 2506 3827 νοεῖν⁶
2563 3780 2679 3828 νοεῖ
2724 3775 2823 3850 γὰρ
2873 3775 2961 3829 καὶ
3023 3775 3179 3848 αὐτὰ,
3239 3775 3427 3847 ἐπειδὴ
3475 3778 3596 3841 νόες
3627 3778 3733 3832 sici
3795 3778 3891 3833 καὶ

2232 3861 2406 3916 οὐσίαι
2442 3867 2585 3931 ζωῆς
2612 3863 2700 3917 καὶ
2731 3868 2825 3918 νοῦ
2860 3863 3137 3919 ἀνωτάτου
3163 3862 3678 3942 δηιιιουργηθεῖσαι·
3741 3865 3892 3921 ἀλλὰ

2230 3950 2318 4003 καὶ
2355 3950 2610 4025 ἐνέργειαι
2663 3951 2773 4006 ἐκεῖ
2820 3951 3171 4009 ἐνυπόστατοί
3222 3955 3322 4010 εἰσι
3374 3955 3464 4009 καὶ
3515 3955 3712 4010 οὐσίαι·
3742 3962 3891 4009 πᾶσα

2230 4038 2333 4114 γάρ
2408 4041 2622 4108 κίνησις
2692 4041 2781 4094 καὶ
2849 4042 3057 4115 ἠρεμία
3134 4042 3244 4098 ἐκεῖ
3297 4043 3480 4117 μεντοι
3532 4044 3890 4099 ἐνυπὸστατοί

2231 4129 2353 4198 εἶσι,
2386 4131 2471 4183 καὶ
2522 4128 2770 4203 δυνάμεις
2821 4136 3010 4203 ζῶσαι,
3060 4134 3148 4188 καὶ
3195 4139 3303 4189 τῶν
3357 4134 3592 4210 ῥευστῶν
3625 4136 3714 4189 καὶ
3776 4156 3888 4189 σω-

2234 4221 2473 4289 ματικῶν
2520 4216 2872 4273 ἀλλοιώσεων
2932 4221 3260 4297 ὑπέρτεραι·
3319 4219 3404 4276 διὸ
3453 4227 3702 4277 νοοῦνται
3764 4223 3888 4295 μὲν,

2230 4306 2304 4369 ὠς
2333 4304 2511 4361 ὄίϋλοι’
2545 4312 2727 4361 νοοῦσι
2763 4307 2819 4363 δὲ
2848 4312 2914 4364 τὰ
2964 4308 3111 4379 ὅντα,
3167 4312 3243 4373 ὡς
3273 4311 3392 4373 νόες
3451 4312 3733 4384 ἀσώματοι
3793 4314 3887 4365 καὶ

2231 4396 2589 4471 ὑπερκόσμιοι
2620 4394 2819 4461 ἄνωθεν
2854 4398 3267 4473 ἐλλαμπόμενοι
3312 4400 3441 4464 τοὺς
3488 4401 3747 4476 περὶτῶν
3801 4397 3889 4455 ὄν·

2224 4507 2331 4539 των
2366 4485 2582 4560 λόγους,
2636 4488 2726 4541 καὶ
2760 4483 3163 4558 διαϐιϐάζοντες
3224 4490 3418 4554 αὐτοὺς
3466 4494 3742 4563 μυστικῶς
3805 4489 3886 4552 εἷς

2223 4574 2349 4637 τοὺς
2410 4571 2818 4645 ὑποϐεϐηκότας
2865 4577 3128 4653 ἀγγέλους
3186 4584 3398 4651 νοητῶς
3455 4579 3545 4635 καὶ
3603 4577 3889 4634 ἀποκαλυ-

463 4682 659 4721 rerum
694 4683 946 4737 superne
980 4665 1285 4735 illustrati,
1318 4668 1593 4738 ipsasque
1639 4668 1880 4739 mystice
1912 4669 1981 4722 ad
2025 4668 2111 4723 in-

2239 4669 2447 4726 ττικῶς.
2482 4664 2617 4739 Δύνῃ
2648 4663 2704 4719 δὲ
2756 4668 2841 4721 καὶ
2899 4664 3087 4732 ἄλλως
3129 4676 3319 4737 νοῆσαι
3378 4670 3441 4725 τὸ
3475 4666 3732 4742 δυνάμεις
3793 4670 3889 4724 καὶ

464 4756 705 4811 feriores
738 4755 979 4827 angelos
1011 4774 1142 4811 cum
1179 4756 1477 4811 intellectu
1530 4760 1586 4811 et
1616 4756 1967 4811 revelatione
1996 4762 2111 4812 tra-

458 4846 745 4917 jicientes.
781 4849 953 4901 Potes
1003 4856 1199 4901 autem
1236 4846 1347 4899 alio
1383 4846 1555 4899 etiam
1592 4846 1759 4899 modo
1792 4846 2035 4902 virtutes
2062 4853 2117 4902 et

467 4935 725 4989 actiones
740 4935 1009 4989 efficaces
1030 4934 1384 5005 intelligere:
1403 4934 1645 4989 virtutes
1668 4935 2113 5007 quidem,quod,

467 5039 596 5079 cum
633 5025 883 5079 necdum
918 5028 1195 5079 creatura:
1247 5029 1613 5094 apparerent,
1648 5025 1846 5079 omnia
1905 5024 2115 5081 virtute

467 5112 523 5165 in
561 5114 670 5168 Deo
703 5119 874 5168 antea
935 5112 1331 5175 substiterint,
1391 5113 1462 5166 ab
1518 5130 1583 5167 eo
1645 5118 1709 5167 ut
1766 5118 1959 5168 essent
1989 5132 2116 5185 pro-

466 5202 767 5257 ducenda:
804 5220 975 5274 porro
1009 5202 1268 5257 actiones
1324 5201 1611 5266 efﬁcaces,
1662 5204 1815 5273 quod
1848 5207 2115 5257 creatura

464 5289 641 5346 etiam
676 5292 745 5345 ad
780 5292 1180 5361 operationem
1218 5290 1501 5360 perducta
1533 5291 1729 5344 fuerit.
1782 5292 1986 5346 Averto
2016 5309 2114 5345 au-

460 5382 577 5435 tem
613 5380 905 5449 quomodo
936 5378 1082 5433 illud
1133 5381 1308 5448 ﬂuxae
1354 5377 1690 5433 mutationes
1722 5379 2113 5448 exposuerim,

462 5467 741 5539 quoniam
775 5472 832 5522 et
864 5466 1057 5539 angeli
1083 5468 1395 5523 mutabiles
1428 5470 1587 5535 sunt,
1624 5466 1906 5522 nimirum
1932 5467 1989 5521 in
2015 5484 2109 5523 c0-

2227 4754 2505 4829 ὲνέργειαι·
2540 4752 2793 4826 δυνάμεις
2826 4757 2919 4829 μὶν
2950 4758 3074 4833 γὰρ,
3134 4758 3216 4811 ὅτι
3276 4757 3387 4826 καὶ,
3442 4760 3612 4831 μήπω
3661 4763 3769 4813 τῶν
3830 4758 3886 4814 ἐν

2220 4847 2289 4915 τῇ
2320 4842 2489 4897 κτίσει
2543 4841 2831 4915 φανέντων,
2885 4844 3109 4918 δυνάμει
3159 4847 3331 4902 πάντα
3365 4846 3416 4902 ἐν
3449 4852 3528 4919 τῷ
3557 4852 3672 4919 Θεῷ
3709 4860 3889 4922 προϋ-

2225 4935 2499 5006 φεστήκει,
2537 4931 2811 5004 μέλλοντα
2836 4934 3169 5010 παράγεσθαι
3201 4934 3270 4991 δι’
3300 4936 3465 4991 αὐτοῦ
3498 4937 3573 4999 εἷς
3626 4937 3688 4992 τὸ
3722 4940 3883 4992 εἶναι’

2223 5020 2478 5096 ἐνέργειαι
2528 5018 2605 5089 δὲ,
2657 5022 2739 5076 ὅτι
2790 5022 2877 5077 καὶ
2926 5024 3060 5098 πρὸς
3093 5021 3246 5101 ἔργον
3290 5028 3324 5095 ἡ
3354 5023 3687 5102 δημιουργία
3744 5047 3887 5100 παρ-

2223 5112 2415 5184 ήχθη.
2464 5110 2782 5182 Σημείωσαι
2836 5109 2892 5166 δὶ
2940 5113 3029 5166 καὶ
3088 5115 3150 5169 16
3206 5122 3306 5183 τῆς
3362 5114 3590 5190 ῥευστῆς
3642 5113 3889 5170 ἀλλοιώ-

2224 5221 2356 5260 σεως
2390 5199 2464 5260 ὡς
2490 5201 2833 5272 ἡρμήνευσα,
2866 5198 3053 5271 ἐπειδή
3101 5204 3323 5277 τρεπτοὶ
3382 5203 3471 5258 καὶ
3527 5206 3581 5259 οἱ
3628 5201 3887 5281 ἄγγελοι,

2220 5288 2356 5342 κατὰ
2383 5289 2608 5361 γνώμην
2661 5286 2942 5362 δηλονότι,
2973 5292 3061 5346 καὶ
3093 5293 3195 5347 οὐκ
3228 5292 3438 5361 οὐσίαν,
3499 5294 3573 5355 ὡς
3620 5299 3891 5369 μαρτυρεῖ

2223 5380 2250 5433 6
2281 5373 2565 5449 διάϐολος,
2596 5378 2686 5432 καὶ
2710 5379 2772 5433 τὸ
2803 5378 2983 5455 τάγμα
3014 5381 3205 5452 αὐτοῦ,
3237 5382 3415 5439 πεσὼν
3451 5381 3510 5438 ἐκ
3564 5386 3663 5437 τοῦ
3722 5383 3889 5461 οὖρα.

2220 5470 2332 5540 νοῦ,
2367 5467 2443 5529 ὡς
2463 5465 2552 5521 καί
2584 5465 2635 5521 ἐν
2667 5471 2748 5540 τῷ
2780 5464 2903 5525 Ἰὼϐ
2935 5464 3161 5545 ἔχομεν.

1463 5644 1705 5702 νΑΒΙΕ
1737 5644 2125 5704 LECTIONES
2156 5646 2248 5704 ET
2278 5645 2845 5708 CORRECTIONES.

532 5763 578 5802 ³³
605 5764 774 5819 πάντα
804 5762 876 5820 δι’
905 5762 1094 5837 αὐτῆς.
