4080 6366
230 422 327 476 241

984 425 1043 476 S.
1085 423 1358 477 MAXIM!
1397 422 1702 477 SCHOLIA
1742 423 1813 475 IN
1854 423 1984 475 LIB.
2026 425 2123 475 DE
2163 424 2433 477 DIVINIS
2474 422 2880 481 NOMINIBUS.

3541 430 3648 485 242

228 546 514 620 gnitione,
547 563 669 602 non
699 562 836 603 vero
867 545 926 602 in
957 544 1235 613 essentia,
1269 544 1423 601 sicut
1452 545 1763 602 conﬁrmat
1795 542 2086 613 diabolus,
2110 547 2358 618 ejusque
2389 548 2697 617 exercitus,
2732 565 2761 604 e
2784 549 2924 606 coelo
2963 548 3262 622 delapsus,
3295 552 3450 609 sicut
3475 554 3648 611 habe-

232 653 359 693 mus
392 640 455 692 in
485 636 623 694 Job.

296 726 513 801 Φθορᾶς
555 725 649 780 καὶ
709 725 957 781 θανάτου.
1016 729 1193 780 Ταῦτα
1250 724 1355 801 γὰρ
1414 723 1680 797 σωμάτων
1742 718 1854 777 ἴδια

2062 728 2101 781 Α
2151 729 2495 800 corruptione
2542 734 2593 785 et
2649 734 2844 786 morte.
2908 731 3037 787 Hzec
3084 732 3242 787 enim
3295 735 3640 806 corporibus

295 903 532 965 Οἰκείως
620 901 1021 977 ἰλλάμπονται.
1107 904 1231 961 Ὅτι
1316 903 1382 958 τὰ
1462 902 1727 975 ἀσώματα
1792 901 1881 956 καὶ

229 993 448 1066 οὐράνια
467 998 722 1048 νοοῦνται
752 994 842 1049 καὶ
873 998 1081 1049 νοοῦσι.

290 1083 393 1138 Καὶ
428 1083 643 1160 φρουρὰ
674 1082 765 1138 καὶ
797 1082 965 1140 ἑστία.
1023 1085 1179 1152 Μονή
1231 1083 1317 1137 καῖ
1371 1081 1516 1135 ἑστία
1575 1080 1632 1136 ἐκ
1663 1082 1880 1156 παραλ-

226 1170 404 1242 λήλου
429 1172 626 1227 ταύτὸν
678 1172 1029 1245 σημαίνουσι.
1091 1170 1278 1226 Φίλων
1323 1172 1350 1225 ὁ
1404 1168 1666 1232 Ἰουδαῖος
1719 1169 1771 1224 ἐν
1804 1174 1881 1242 τῷ

220 1262 346 1334 Περὶ
406 1264 509 1330 τῆς
582 1259 850 1336 φλογίνης
923 1260 1193 1338 ῥομφαίας
1279 1261 1527 1315 καὶτῶν
1605 1254 1880 1334 χερουϐὶμ

220 1350 371 1424 λόγῳ
406 1349 572 1427 φησὶν
599 1348 778 1412 οὕτως
804 1370 815 1381 ·
841 1352 906 1406 Ἡ
931 1348 988 1405 δὶ
1013 1352 1176 1423 μονὴ,
1200 1354 1308 1404 τῶν
1329 1353 1425 1404 τοῦ
1450 1348 1660 1422 κόσμου
1696 1352 1873 1421 μερῶν

216 1441 423 1496 ἑστῶσα
444 1439 683 1513 παγίως,
734 1438 881 1494 ἑστία
928 1441 1065 1513 πρὸς
1125 1443 1230 1493 τῶν
1278 1438 1529 1494 παλαιῶν
1564 1432 1876 1501 εὐθυϐόλως

216 1528 558 1599 ὠνόμασται.
599 1532 769 1582 Τοῦτο
806 1525 863 1583 δὲ
903 1528 992 1583 καὶ
1047 1529 1158 1583 ἄνω
1207 1527 1361 1605 φησὶ,
1420 1526 1544 1602 περὶ
1596 1528 1658 1581 τὸ
1712 1525 1871 1588 τέλος

210 1621 305 1672 to?)
324 1618 554 1689 πρώτου
584 1616 908 1694 κεφαλαίου,
942 1615 994 1670 ἰν
1027 1620 1096 1690 τῇ
1125 1612 1256 1690 ἕκτῃ
1282 1618 1637 1692 παραγραφῇ.

283 1708 312 1781 Ξ
340 1706 658 1762 ΙΙ.Ἐκιῖθεν
689 1705 895 1766 αὐταῖς.
950 1704 1267 1777 Σημείωσαι
1314 1705 1380 1757 τὰ
1421 1704 1546 1778 περὶ
1576 1707 1684 1757 τῶν
1714 1704 1866 1777 ἀγγὲ-

212 1793 346 1861 λων,
379 1794 472 1847 καὶ
507 1795 589 1848 ὅτι
620 1793 687 1847 τὰ
716 1791 874 1860 ἄυλα,
906 1793 995 1847 καὶ
1024 1793 1073 1848 ἐν
1107 1790 1382 1863 ἀλλήλοις
1417 1797 1591 1868 χωρεῖ
1621 1791 1865 1867 ἂσυγχύ-

210 1905 319 1945 τως
348 1882 442 1937 καί
475 1883 788 1959 ἀποχωρεῖ,
820 1884 912 1937 καὶ
961 1882 1127 1939 οἱονεὶ
1173 1882 1378 1958 βαθμὸς
1408 1882 1497 1935 καὶ
1526 1882 1699 1951 τάξεις
1731 1880 1861 1935 εἰσὶν

215 1978 430 2046 πρῶσαι
480 1971 615 2045 [καὶ]
672 1969 912 2046 δεύτεραι
948 1991 961 2004 ’
1017 1972 1105 2027 καὶ
1154 1970 1235 2026 ὅτι
1294 1971 1345 2025 οἱ
1394 1972 1528 2025 θεῖοι
1584 1969 1702 2032 νόες
1754 1969 1866 2025 ἐκεῖ

208 2061 331 2135 περὶ
356 2059 583 2122 ἑαυτοὺς
612 2059 935 2132 δλίσσονται,
980 2060 1088 2135 οὐχ
1133 2057 1303 2133 ἓλιξίν
1352 2080 1472 2114 τινα
1521 2059 1860 2132 σωματικὴν,

206 2151 334 2206 ἀλλ’
368 2149 736 2223 ὑπερκόσμιον
783 2149 872 2204 καὶ
920 2150 1131 2225 γοερὰν,
1181 2150 1268 2203 καὶ
1314 2147 1429 2204 οἵαν
1480 2147 1682 2223 πέφυκε
1727 2153 1854 2209 νοῦς

204 2240 533 2311 ιλίττεσθαι,
585 2238 635 2311 ἒξ
687 2239 877 2293 ἑαυτοῦ
924 2240 1135 2315 προϊὼν
1170 2238 1244 2300 εἷς
1292 2236 1622 2308 ἐπινοήσεις,
1660 2237 1749 2291 καὶ
1782 2236 1856 2300 εἷς

198 2330 388 2384 δαυτὸν
437 2329 782 2403 ἀναστρέφων
815 2330 881 2399 ³⁸,
936 2328 997 2382 οὐ
1052 2329 1158 2400 μὴν
1210 2321 1310 2399 ἔξω
1355 2328 1545 2381 ἑαυτοῦ
1590 2330 1789 2401 χωρῶν
1812 2328 1855 2361 ²⁷

193 2415 503 2479 σκεδαστῶς
559 2416 649 2471 καὶ
701 2422 969 2491 μεριστῶς
1005 2436 1017 2448 ·
1067 2420 1228 2471 τοῦτο
1276 2415 1606 2471 αῗνίττοντειι
1653 2415 1741 2469 καὶ
1804 2416 1856 2469 οἱ

192 2506 343 2580 παρᾶ
384 2507 482 2559 τοῦ
522 2506 808 2569 θεσπεσίου
859 2503 1120 2574 Ἰεζεκιήλ
1174 2506 1368 2580 τροχοὶ
1416 2503 1803 2576 πολυόμματοι
1840 2522 1853 2535 ο

190 2594 283 2650 καί
314 2594 402 2649 ὅτι
450 2595 572 2670 περὶ
622 2595 713 2649 τὸν
766 2600 907 2658 θεῖον
960 2590 1134 2668 ἔρωτα
1182 2592 1235 2649 ἂν
1278 2592 1570 2663 ταύτότητί
1619 2592 1719 2647 εἰσι
1767 2592 1857 2646 καὶ

194 2683 461 2757 ἀκρότητι
496 2702 509 2715 ·
541 2683 850 2754 ταύτότητα
894 2681 951 2738 δὶ
997 2684 1220 2754 νοητὲον
1272 2684 1370 2751 τὴν
1405 2681 1773 2737 ἀναπόστατον
1811 2683 1854 2717 ³⁸

193 2771 335 2845 πρὸς
367 2771 497 2826 Θεὸν
524 2773 813 2847 προσοχην
845 2790 857 2804 '
918 2772 1194 2846 ἀκρότητα
1243 2769 1321 2839 δὶ,
1366 2772 1464 2839 τὴν
1486 2778 1585 2840 τῆς
1617 2772 1858 2841 νοήσεως

195 2860 379 2914 αὐτῶν
406 2860 495 2914 καὶ
519 2859 703 2922 οὐσίας
747 2857 857 2930 ἤδη
910 2882 1029 2922 πως
1084 2859 1161 2922 εἷς
1207 2862 1397 2914 Θιωσιν
1441 2856 1678 2933 πρόοδον
1726 2858 1855 2929 νόη-

201 2967 310 3002 σον·
348 2948 444 3002 καὶ
474 2949 569 3011 τὰς
601 2948 822 3013 ἓνώσεις
853 2946 931 3018 δὲ,
978 2948 1077 3013 τὰς
1120 2949 1256 3022 πρὸς
1310 2946 1561 3018 ἀλλήλας
1592 2952 1698 3001 τῶν
1728 2968 1857 3016 νοη-

199 3040 335 3105 τῶν,
372 3038 462 3090 τὸν
504 3038 638 3112 πρὸς
671 3035 957 3107 ἀλλήλους
1008 3040 1283 3112 θεοπρεπῆ
1326 3038 1517 3102 νόησον
1547 3035 1741 3109 ἔρωτα,
1776 3037 1859 3107 ὅς,

199 3127 347 3187 Θεῖος
384 3123 455 3179 ὢν
486 3127 577 3180 καὶ
618 3127 885 3197 ἓνοποιὸς,
937 3132 1191 3181 συνάπτει
1237 3124 1451 3195 αὐτοὺς,
1497 3125 1558 3180 οὐ
1609 3122 1859 3196 σωρηδὸν

199 3214 571 3291 συγκομίζων,
615 3213 740 3269 ἀλλ’
789 3217 1078 3290 ἀγαπηνῶς
1130 3212 1465 3287 συνδεσμῶν.
1514 3219 1631 3269 Τῶν
1685 3211 1741 3268 δὲ
1772 3210 1859 3267 3v-

198 3326 305 3359 των
340 3304 579 3359 καὶτῶν
641 3309 876 3374 νοητῶν,
924 3306 998 3367 ὡς
1056 3306 1146 3359 καὶ
1202 3309 1310 3358 τῶν
1366 3308 1602 3373 νοητῶν,
1654 3304 1727 3367 ὡς
1770 3303 1859 3357 καὶ

194 3397 303 3448 τῶν
349 3392 624 3463 αἰσθητῶν
680 3393 993 3467 ὁμωνύμως
1045 3392 1386 3468 λεγομένων,
1444 3394 1513 3447 τὰ
1572 3394 1665 3466 μὲν
1718 3390 1856 3447 ἔστιν

1993 833 2247 888 propria.

2063 907 2316 977 Propriis
2374 908 2693 964 rationibus
2752 909 3135 966 illustrantur.
3190 913 3534 984 Incorporea
3584 919 3641 970 et

1991 994 2253 1052 coelestia
2283 997 2531 1069 intelligi
2560 1004 2737 1069 atque
2768 999 3118 1070 intelligere.

2060 1087 2124 1139 Et
2157 1087 2400 1141 custodia
2431 1092 2484 1142 et
2512 1087 2748 1142 mansio.
2792 1088 2945 1156 Μονή
2980 1092 3036 1142 et
3065 1087 3213 1141 ἑστία
3246 1089 3357 1144 sibi
3389 1090 3635 1148 invicem

1989 1174 2199 1230 collata
2228 1176 2380 1231 idem
2415 1176 2771 1248 signiﬁcant.
2810 1176 2971 1232 Philo
3003 1178 3259 1248 Judaaus,
3293 1178 3353 1233 in
3384 1178 3532 1235 libro
3563 1183 3636 1238 De

1984 1264 2243 1332 ﬂammea
2272 1265 2549 1335 romphaea
2578 1271 2631 1319 et
2661 1265 3001 1333 cherubinis,
3026 1269 3102 1322 ita
3131 1266 3393 1339 loquitur
3425 1285 3437 1323 :
3481 1269 3543 1325 ’Π
3576 1266 3634 1323 δὶ

1989 1353 2125 1422 μονή
2183 1371 2285 1409 seu
2336 1355 2560 1409 mansio
2619 1355 2876 1426 partium
2936 1356 3142 1411 mundi
3174 1362 3335 1412 stans
3360 1358 3629 1430 ﬁrmiter,

1984 1440 2158 1494 ἑστίαν
2188 1443 2260 1497 ab
2294 1444 2555 1513 antiquis
2582 1448 2738 1498 recta
2765 1445 3102 1512 conjectura
3160 1446 3460 1501 nominata
3516 1452 3626 1503 est.

1981 1530 2100 1585 Hoc
2131 1536 2323 1586 autem
2355 1532 2528 1587 etiam
2563 1532 2833 1603 superius
2867 1534 3030 1601 dicit,
3063 1533 3216 1589 circa
3246 1535 3421 1590 ﬁnem
3451 1536 3625 1607 primi

1980 1620 2187 1690 capitis
2219 1621 2277 1674 in
2312 1621 2676 1692 paragrapho
2701 1627 2883 1676 sexto.

2052 1708 2078 1781 §
2115 1711 2179 1763 Il.
2215 1710 2342 1763 Inde
2372 1709 2508 1763 illis.
2546 1712 2795 1764 Advorte
2827 1728 2952 1782 quae
2996 1712 3064 1766 de
3096 1712 3320 1783 angelis
3352 1713 3530 1779 dicat,
3565 1720 3624 1770 et

1976 1797 2349 1869 incorporeos
2381 1815 2509 1854 esse
2540 1805 2712 1869 atque
2744 1817 2806 1855 se
2835 1799 3081 1855 invicem
3125 1802 3249 1856 sine
3280 1802 3619 1858 confusione

1975 1892 2277 1956 penetrare
2300 1892 2357 1941 et
2382 1886 2805 1957 relinquere,ac
2823 1889 2999 1943 veluti
3021 1891 3238 1960 gradus
3265 1891 3619 1961 ordinesque

1972 1976 2089 2029 sint
2123 1976 2295 2046 primi
2326 1982 2381 2031 et
2407 1976 2648 2031 secundi
2680 1995 2692 2043 ;
2727 1994 2951 2031 necnon
2983 1979 3213 2034 divinas
3247 1984 3472 2035 mentes
3497 1980 3615 2037 illic

1969 2064 2189 2118 circum
2225 2065 2449 2136 seipsas
2482 2066 2776 2133 volvi,non
2808 2066 3105 2122 volutione
3131 2069 3383 2137 quadam
3405 2086 3610 2140 corpo-

1965 2169 2083 2221 rea,
2108 2152 2208 2208 sed
2242 2170 2372 2224 quas
2404 2154 2689 2208 mundum
2721 2154 2900 2209 vincit
2929 2159 2985 2210 et
3032 2154 3367 2227 intelligens
3416 2162 3526 2224 est,
3560 2162 3618 2213 et

1962 2241 2065 2297 tali
2100 2258 2227 2312 quae
2259 2250 2512 2297 mentem
2546 2243 2773 2298 volvere
2807 2249 3021 2315 potest,
3047 2262 3115 2299 ex
3150 2246 3341 2316 seipsa
3371 2247 3442 2301 ad
3474 2263 3613 2301 con-

1966 2330 2350 2387 siderationes
2404 2332 2806 2403 progrediens,
2869 2339 3040 2402 atque
3091 2334 3146 2388 in
3208 2336 3464 2405 seipsam
3529 2352 3621 2391 re-

1966 2420 2154 2488 diens,
2190 2436 2305 2473 non
2337 2436 2471 2475 vero
2527 2426 2689 2475 extra
2745 2421 3001 2491 seipsam
3061 2439 3193 2477 cum
3254 2425 3621 2494 separatione

1966 2510 2023 2562 et
2080 2507 2365 2561 divisione
2434 2508 2679 2576 abiens;
2739 2508 2849 2563 hoc
2908 2510 3079 2565 etiam
3132 2511 3437 2567 insinuant
3486 2518 3621 2567 rotae

1966 2612 2093 2667 quae
2131 2595 2333 2651 multis
2378 2597 2531 2667 apud
2566 2596 2998 2669 diviniloquum
3066 2599 3425 2654 Ezechielem
3485 2617 3624 2655 con—

1968 2687 2125 2740 stant
2154 2684 2339 2739 oculis
2375 2710 2388 2752 ;
2420 2702 2484 2739 ac
2541 2702 2672 2740 esse
2733 2687 2889 2741 circa
2939 2687 3199 2741 divinum
3252 2705 3510 2743 amorem
3560 2689 3620 2744 in

1964 2772 2266 2829 identitate
2322 2779 2379 2828 et
2438 2774 2805 2829 extremitate
2859 2792 2872 2829 :
2936 2793 3037 2846 per
3094 2776 3438 2832 identilalem
3486 2795 3618 2833 vero

1968 2861 2436 2932 intelligendum,
2471 2862 2716 2917 minime
2749 2863 3130 2919 desistentem
3161 2881 3294 2919 cum
3338 2865 3453 2921 Deo
3487 2883 3618 2921 con-

1962 2951 2331 3020 junctionem
2358 2969 2370 3006 :
2399 2968 2498 3023 per
2527 2951 2938 3007 extremitatem
2967 2970 3102 3008 vero
3133 2953 3391 3025 intellige
3413 2956 3617 3025 cogni-

1966 3040 2143 3095 tionis
2174 3040 2437 3112 ipsarum
2469 3046 2525 3096 et
2555 3042 2823 3096 essentia;
2848 3058 3221 3113 progressum
3245 3060 3358 3113 quo
3388 3044 3509 3099 fere
3535 3044 3618 3098 dii

1968 3134 2313 3183 evaserunt:
2374 3146 2475 3200 per
2527 3140 2747 3185 mutuas
2779 3136 2973 3185 autem
3008 3131 3463 3203 intelligibilium
3490 3134 3614 3187 uni-

1967 3218 2166 3287 tiones,
2193 3218 2453 3290 intellige
2486 3224 2595 3274 Deo
2630 3220 2875 3290 dignum
2902 3237 3016 3291 quo
3049 3238 3110 3275 se
3141 3221 3388 3277 invicem
3424 3240 3618 3293 prose-

1971 3313 2237 3378 quuntur
2266 3325 2547 3378 amorem,
2583 3309 2705 3379 qui,
2740 3310 2973 3365 divinus
3004 3327 3138 3364 cum
3187 3311 3281 3376 sit,
3318 3329 3621 3383 unumque

1969 3396 2162 3460 faciat,
2195 3398 2352 3467 ipsos
2383 3398 2711 3468 conjungit,
2738 3416 2851 3452 non
2877 3401 3187 3452 acervatim
3222 3406 3618 3470 comportans,

196 3483 461 3555 ἡνωμένα
487 3483 579 3537 καὶ
622 3480 1137 3558 ἀλληλουχούμενα
1169 3502 1181 3515 ·
1234 3483 1302 3536 τὰ
1342 3480 1398 3536 δὲ
1429 3479 1738 3556 διῃρημένα
1766 3481 1856 3535 καὶ

1979 3486 2125 3541 I28
2149 3486 2249 3539 sed
2269 3485 2602 3541 amabiliter
2626 3487 3059 3557 constringens.
3095 3486 3302 3541 Ὄντων
3334 3483 3409 3554 δέ,
3445 3489 3619 3544 rebus

195 3570 243 3626 ἐν
290 3574 613 3648 παραθέσει,
661 3573 773 3626 οἷον
830 3570 1079 3648 σωρηδόν
1115 3591 1127 3603 ³
1178 3570 1269 3625 καὶ
1320 3576 1528 3641 νοητῶν
1582 3572 1676 3644 μὲν
1718 3574 1855 3639 ἡνω-

198 3661 357 3733 μὲνα,
400 3660 512 3715 οἷον
569 3666 732 3730 ζῶοι,
765 3662 856 3715 καὶ
908 3665 1046 3735 φῶς,
1105 3660 1196 3715 καὶ
1253 3661 1445 3729 νοητὸς
1489 3660 1714 3732 κόσμος.
1765 3658 1853 3713 καὶ

204 3749 303 3804 ὅσα
360 3754 587 3805 τοιαῦτα
621 3770 632 3781 ·
689 3747 998 3824 διῃρημένα
1053 3747 1111 3804 δὶ
1147 3748 1235 3804 καὶ
1288 3748 1339 3803 ἐν
1383 3749 1695 3823 παραθέσει,
1742 3748 1852 3801 οἶον

198 3838 449 3912 στρατιὰ,
478 3839 652 3909 τάξις,
682 3839 905 3912 πατριὰ,
954 3840 1126 3915 χορός
1160 3861 1171 3872 ·
1218 3838 1306 3893 ἐπὶ
1340 3836 1396 3892 δῖ
1425 3838 1694 3907 αἰσθητῶν
1721 3834 1856 3891 ἕνω-

201 3948 304 3994 σις,
341 3931 503 3998 ζῶον,
559 3925 804 4000 δένδρον,
848 3927 1056 4001 κόσμος
1090 3947 1101 3958 ’
1158 3926 1419 4002 διαίρεσις
1463 3924 1539 3995 δὲ,
1583 3926 1718 3981 κατᾶ
1749 3948 1853 3979 σω-

198 4014 367 4089 ρείαν,
400 4015 636 4089 ποίμνη,
672 4013 874 4089 δῆμος,
906 4017 1105 4091 σωρὸς,
1141 4016 1332 4092 χορός.

1967 3579 2163 3629 autem
2196 3580 2253 3628 et
2281 3578 2493 3643 νοητῶν
2527 3574 3023 3647 intelligibilibus,
3048 3592 3112 3630 ac
3143 3576 3321 3631 etiam
3344 3574 3619 3646 αἰσθητῶν

1966 3662 2286 3718 sensilibus
2333 3665 2443 3718 sub
2501 3665 2705 3719 eodem
2756 3664 2992 3720 nomine
3016 3666 3478 3735 comprehensis,
3503 3667 3619 3722 alia

1966 3755 2105 3806 sunt
2138 3751 2302 3806 unita
2333 3757 2387 3807 et
2417 3772 2449 3808 a
2481 3770 2543 3809 se
2577 3759 2784 3808 mutuo
2816 3754 3349 3825 dependentia,alia
3368 3772 3501 3811 vero
3524 3757 3616 3810 di-

1963 3839 2091 3896 visa
2123 3846 2178 3895 et
2209 3843 2477 3913 apposita
2492 3842 2669 3897 veluti
2690 3844 3001 3898 acervatim
3028 3860 3040 3899 :
3067 3861 3133 3899 ac
3154 3843 3613 3916 intelligibilium

1966 3933 2178 3998 νοητῶν
2209 3931 2446 3999 quidem
2486 3932 2671 3999 unita,
2708 3938 2771 3987 ut
2803 3932 3038 4001 animal,
3072 3937 3130 3988 et
3186 3932 3407 4002 lumen,
3438 3939 3616 4006 atque

1967 4018 2357 4092 intelligibilis
2389 4022 2671 4089 mundus,
2701 4027 2758 4077 et
2815 4038 2941 4091 qua:
2974 4022 3190 4078 similia
3223 4043 3237 4090 ;
3271 4023 3457 4078 divisa
3480 4041 3612 4080 vero

197 4110 253 4160 et
283 4106 578 4177 apposita,
609 4106 769 4161 velut
799 4108 1109 4176 exercitus,
1143 4108 1308 4178 ordo,
1344 4106 1582 4177 familia,
1616 4105 1865 4162 chorus:
1900 4106 1960 4162 in
1994 4108 2311 4165 sensilibus
2343 4114 2538 4165 autem
2575 4109 2780 4175 unitio,
2831 4110 3072 4177 animal,
3106 4112 3298 4177 arbor,
3332 4113 3613 4179 mundus,

198 4194 411 4250 divisio
448 4212 604 4262 vero,
631 4212 734 4267 per
765 4197 1285 4260 coacervationem,
1317 4212 1477 4267 grex,
1513 4195 1787 4267 populus,
1816 4212 2077 4268 acervus,
2100 4198 2334 4254 chorus.

266 4283 467 4354 Ἐντῷ
508 4282 641 4359 Περὶ
702 4284 809 4337 νῶν
858 4282 1185 4358 ἀγγελικῶν,
1240 4281 1380 4339 Ἰδοὺ
1441 4280 1583 4338 ἄλλο
1636 4284 1857 4355 πόνημα

200 4371 482 4426 Διονυσίου
545 4376 807 4441 ζητεῖται,
858 4371 990 4448 Περὶ
1047 4377 1155 4426 τῶν
1209 4368 1517 4447 ἀγγελικῶν
1566 4369 1853 4441 ἰδιοτήτων

272 4459 285 4478 \
366 4461 377 4479 Ι

200 4474 288 4514 και
316 4460 544 4531 ταξεων.

273 4550 338 4605 Αἱ
446 4547 900 4626 ἀγγελοπρεπεῖς.
1012 4548 1468 4625 Ἀγγελοπρεπεῖς

1576 4548 1857 4626 καθάρσεις

2037 4288 2097 4342 In
2131 4288 2275 4341 libro
2306 4289 2386 4343 De
2414 4287 2729 4359 Angelicis.
2764 4286 2903 4342 Ecce
2961 4287 3119 4342 aliud
3153 4304 3300 4358 opus
3336 4288 3620 4361 Dionysii,

1965 4378 2040 4432 De
2071 4376 2342 4447 angelicis
2376 4376 2802 4449 proprietatibus
2849 4384 2899 4431 et
2947 4376 3255 4446 ordinibus,
3318 4378 3616 4434 desidera-

1969 4470 2085 4521 tur.

2038 4553 2333 4624 Angelius},
2420 4554 2519 4609 Gr.
2604 4552 3054 4629 ἀγγελοπρεπεῖς.
3137 4552 3613 4631 Ἀγγελοπρεπεῖς,

200 4638 379 4714 φησὶν,
429 4639 547 4693 οἷον
595 4639 695 4707 την
748 4637 972 4696 Ἡσαΐου
1025 4639 1115 4693 καὶ
1164 4640 1262 4706 τὴν
1294 4637 1558 4708 Ἰεζεκιὴλ
1592 4660 1857 4715 φαγοντος

1979 4643 2179 4712 iugetis
2209 4643 2607 4710 convenientes,
2642 4643 3002 4715 expiationes
3034 4644 3195 4710 dicit,
3242 4646 3397 4700 sicut
3451 4646 3612 4702 illam

200 4725 253 4780 ἒν
278 4726 519 4783 ἐκστάσει
553 4729 649 4797 τὴν
672 4726 938 4803 κεφαλίδα
962 4731 1058 4782 τοῦ
1084 4722 1322 4803 βιϐλίου.
1349 4727 1764 4804 Τελεσιουργίαν
1800 4727 1855 4782 δὲ

201 4815 443 4890 ἀγγέλων
476 4814 645 4890 λέγει,
680 4817 754 4879 ὡς
808 4816 897 4871 ἐπὶ
940 4820 1036 4871 τοῦ
1090 4817 1321 4887 Δανιὴλ,
1364 4816 1453 4871 καὶ
1492 4821 1589 4872 τοῦ
1622 4816 1851 4893 ἀγγέλου

198 4909 293 4958 τοῦ
343 4905 780 4981 ἒρμηνεύσαντος
822 4907 974 4975 αὐτὸ,
1022 4907 1109 4961 καὶ
1163 4906 1287 4980 περὶ
1334 4911 1430 4961 τοῦ
1468 4908 1727 4980 ποιμένος
1758 4907 1848 4961 τὸν

198 4990 394 5066 Ἑρμᾶν
427 4994 845 5063 τελειώσαντος,
894 4997 969 5058 ὼς
1016 4994 1127 5050 ἐκεῖ
1174 4994 1485 5070 ἀνέγνωμεν
1519 4995 1569 5050 ἑν
1610 5001 1688 5067 τῷ
1722 5002 1850 5050 Ποι-

204 5082 318 5152 μένι
351 5102 363 5115 ·
416 5083 567 5139 ἀλλὰ
612 5085 702 5138 καὶ
753 5083 907 5139 αὐτοὶ
958 5086 1009 5139 οἱ
1060 5083 1283 5160 ἄγγελοι
1335 5090 1451 5148 πῶς
1500 5084 1848 5159 καθαίρονται

192 5171 283 5224 καὶ
334 5172 845 5249 τελεσιουργοῦνταί
904 5194 1065 5251 φησιν
1139 5172 1193 5228 ἐν
1263 5178 1343 5245 τῷ
1405 5173 1535 5248 Ηερὶ
1600 5173 1851 5247 οὐρανίας

194 5257 471 5335 ἱεραρχίας
509 5260 687 5337 λόγῳ.

274 5350 365 5403 Καὶ
419 5351 554 5405 εἷται
617 5349 899 5426 ἀγγέλους.
984 5351 1080 5406 Διά
1151 5349 1203 5405 τί
1261 5349 1486 5428 ἄγγελοι
1548 5351 1795 5429 λέγονται
1833 5374 1845 5387 ’

195 5436 289 5489 καὶ
318 5435 394 5493 δτι
424 5440 515 5494 καὶ
546 5438 704 5495 αὐτοὶ
736 5443 911 5517 φῶτα.

1967 4732 2126 4789 Isaiae
2159 4739 2215 4787 et
2245 4732 2562 4787 Ezechielis
2594 4732 2929 4788 devorantis
2981 4733 3039 4787 in
3101 4749 3342 4790 excessu
3396 4736 3611 4791 mentis

1966 4826 2140 4892 caput
2172 4821 2326 4876 libri.
2362 4825 2540 4876 Porro
2571 4821 2942 4892 perfectionis
2971 4821 3342 4877 efﬁcientiam
3374 4823 3609 4895 angelo-

1962 4928 2093 4966 rum
2124 4917 2309 4977 vocat,
2346 4911 2497 4965 sicut
2530 4910 2588 4964 in
2624 4910 2941 4981 Daniele,et
2971 4911 3176 4982 angelo
3201 4912 3397 4983 ipsum
3423 4912 3605 4966 inter‘

1961 5004 2249 5072 pretante,
2284 5004 2459 5070 atque
2513 5000 2572 5053 in
2634 5004 2865 5071 pastore
2923 4999 3198 5054 Hermam
3250 4999 3608 5072 perficiente,

1961 5090 2116 5144 sicut
2148 5089 2227 5144 ibi
2262 5088 2515 5160 legimus
2565 5088 2623 5142 in
2657 5087 2806 5143 libro
2837 5089 2937 5159 qui
2966 5093 3212 5142 vocatur
3244 5090 3437 5145 Pastor
3459 5108 3477 5143 :
3508 5106 3609 5145 ve-

1961 5194 2092 5233 rum
2124 5183 2179 5232 et
2207 5178 2500 5249 quomodo
2528 5176 2637 5246 ipsi
2671 5176 2861 5247 angeli
2885 5178 3188 5247 expientur
3222 5182 3278 5233 et
3307 5178 3610 5249 perﬁcian-

1959 5272 2077 5337 tur,
2112 5265 2254 5322 dicit
2286 5266 2345 5321 in
2372 5266 2520 5321 libro
2555 5266 2624 5321 De
2657 5265 2865 5320 ccelesti
2894 5264 3234 5321 hierarchia.

2029 5356 2261 5428 Sintque
2282 5356 2486 5427 angeli.
2521 5356 2635 5411 Cur
2664 5353 2854 5425 angeli
2902 5353 3192 5424 dicantur,
3235 5373 3451 5429 eosque
3483 5374 3612 5416 esse

1960 5445 2205 5502 lumina.

1203 5613 1445 5670 VARle
1476 5615 1869 5674 LECTIONES
1911 5618 2003 5674 ET
2032 5614 2589 5675 CORRECTIONES.

283 5735 324 5770 ’⁸
350 5733 776 5816 ἑπαναστρέφων.
853 5739 899 5776 ³⁷
928 5736 1263 5815 ὐποχωρῶν.
1339 5740 1383 5777 ³⁸
1410 5741 1511 5810 τήν
1544 5742 1644 5797 οὐκ
1675 5740 1994 5800 ἀπόστατον.
