4080 6366
425 384 536 439 243

1254 384 1624 437 APPENDIX
1662 384 1759 435 AD
1796 381 2037 436 OPERA
2072 382 2132 434 S.
2173 379 2489 435 DIONYSII
2524 382 3023 440 AREOPAGITJE.

3742 381 3853 437 244

497 510 736 567 Animaz.
768 511 917 563 Nota
947 506 1278 563 animarum
1311 506 1540 577 aliquas
1584 522 1711 561 esse
1746 509 1878 577 post
1907 520 2088 576 ange-

2272 504 2345 557 Αἱ
2401 504 2593 578 ψυχαί.
2650 507 2986 577 Συμιίωοαι,
3038 502 3121 559 ὅτι
3172 506 3226 559 αἱ
3275 503 3446 582 ψυχαί
3496 503 3663 561 ἄλλαι
3720 506 3857 578 μετᾶ

426 599 515 655 los
546 598 691 671 ipsis
721 598 1029 653 inferiores
1056 614 1068 650 :
1098 602 1273 667 atque
1319 594 1684 651 immortales
1716 612 1865 662 esse,
1900 599 1965 648 ut
1993 610 2082 647 es-

429 687 710 745 sentiales
738 690 867 743 vitae
899 690 1143 743 creatas:
1182 685 1527 757 animasque
1558 685 1629 739 ab
1666 683 1892 756 angelis
1924 682 2088 737 insti-

429 778 541 845 tui,
573 794 695 848 quae
730 778 801 831 ad
834 777 1016 831 vitam
1048 775 1372 847 angelicam
1406 778 1553 845 aptae
1583 778 1722 828 sunt
1756 789 1767 826 :
1804 775 1886 827 sic
1910 772 2085 827 etiam

432 868 493 922 in
528 872 755 922 Pastore
784 865 1059 937 legimus.

505 1046 795 1102 Summum
830 1045 1045 1100 bonum.
1094 1044 1499 1098 Animadverte
1525 1043 1825 1113 justorum
1859 1041 2089 1096 animas

435 1137 506 1192 ad
535 1135 801 1191 omnium
820 1136 1105 1189 bonorum
1128 1136 1423 1186 auctorem
1439 1131 1756 1185 bonitatem
1782 1146 1885 1183 seu
1903 1136 2089 1185 Deum

436 1225 670 1295 elevari,
705 1227 881 1294 atque
914 1222 1379 1277 illustrationum
1421 1220 1547 1289 ejus
1583 1221 1898 1291 participes
1928 1219 2090 1274 effec-

433 1320 530 1372 tas
568 1331 704 1370 cum
734 1313 1004 1367 libertate
1035 1328 1138 1383 pro
1178 1310 1311 1365 aliis
1343 1326 1528 1365 orare.

510 1498 573 1549 In
608 1496 851 1548 tractatu
883 1490 963 1545 De
989 1488 1207 1544 anima.
1256 1488 1632 1544 Desideratur
1678 1486 1825 1543 liber
1862 1488 1935 1543 De
1964 1486 2094 1542 ani-

444 1599 557 1638 ma.

512 1671 817 1727 Animabus
853 1667 1069 1723 ratione
1123 1666 1455 1722 carentibus.
1510 1667 1775 1722 Rationis
1832 1669 2096 1736 expertes

444 1762 676 1817 animas
706 1758 795 1813 vel
855 1756 1136 1813 animalia
1184 1755 1547 1810 irrationalia
1589 1756 1820 1810 sensites
1869 1754 2098 1809 animas

444 1851 616 1919 dicit;
638 1849 886 1903 observa
905 1846 1082 1899 etiam
1108 1844 1262 1899 aliud
1287 1860 1416 1899 esse
1436 1843 1881 1909 animam,aliud
1898 1844 2096 1899 vitam.
2130 1880 2177 1943 Β

517 1940 645 2006 Quae
676 1935 965 2007 amphibia
1020 1937 1167 1989 sunt.
1229 1938 1305 1987 Ea
1366 1932 1643 1988 animalia
1682 1949 1810 2002 quaa
1854 1935 2103 2003 serpunt

444 2027 585 2082 dicit
616 2024 939 2097 amphibia,
974 2028 1039 2078 ut
1070 2027 1212 2077 sunt
1257 2039 1409 2076 ranis
1443 2027 1499 2076 et
1554 2022 1748 2076 cancri
1780 2040 1792 2089 ;
1827 2022 2103 2077 subfossa

444 2133 575 2171 vero
608 2119 747 2170 sunt
776 2113 945 2184 talpae
989 2116 1047 2167 et
1105 2128 1234 2182 quae
1269 2110 1509 2167 similia.
1568 2110 1715 2166 Nota
1761 2127 1894 2166 vero
1948 2111 2098 2165 127

447 2204 778 2260 animarum
801 2201 1026 2271 aliquas
1040 2217 1169 2255 esse
1185 2204 1316 2271 post
1330 2194 1569 2270 angelos
1592 2200 1736 2272 ipsis
1758 2200 2061 2255 inferiores
2087 2214 2101 2254 :

449 2297 626 2363 atque
658 2290 1016 2346 immortales
1049 2306 1178 2344 esse
1210 2294 1272 2343 ut
1302 2289 1653 2345 essentiales
1682 2289 1810 2344 vitae
1860 2293 2062 2345 creatae
2088 2302 2102 2341 :

447 2386 504 2435 et
529 2381 758 2436 animas
792 2379 863 2434 ab
897 2377 1123 2450 angelis
1150 2378 1404 2445 institui,
1431 2394 1557 2449 quae
1587 2379 1657 2432 ad
1690 2377 1865 2432 vitam
1892 2376 2109 2448 angeli-

449 2458 578 2525 cam
608 2468 828 2523 idoneaa
862 2472 1020 2534 sunt,
1056 2466 1209 2523 sicut
1229 2467 1406 2522 etiam
1443 2466 1719 2538 superius
1756 2465 1976 2521 dictum
1996 2469 2106 2521 est.

522 2645 597 2699 Ab
630 2644 747 2715 ipso
778 2644 1033 2700 habitum
1062 2644 1521 2701 substantialem.
1544 2647 1729 2700 Antea
1760 2644 1935 2699 etiam
1969 2645 2112 2700 dixi-

451 2750 612 2801 mus,
645 2734 914 2789 habitum
948 2751 1077 2790 esse
1107 2734 1453 2805 qualitatem
1489 2733 1870 2788 inhaerentem
1901 2752 1913 2801 ;
1940 2740 2108 2805 quot-

452 2827 595 2894 quot
626 2823 805 2895 igitur
834 2824 951 2877 vita
984 2828 1042 2877 et
1070 2824 1268 2877 anima
1300 2828 1517 2885 carent,
1540 2824 1623 2877 sic
1654 2841 1687 2877 a
1718 2823 1820 2878 Dei
1852 2823 2110 2879 bonitate

451 2913 736 2985 producta
766 2918 925 2980 sunt,
989 2911 1371 2982 qualitatibus
1421 2912 1840 2967 inhazrentibus
1885 2913 2108 2980 affecta,

449 3001 629 3057 veluti
662 3000 892 3071 lapides
924 3000 1158 3067 diversi,
1210 3002 1332 3071 [sed
1368 3005 1425 3054 et
1466 3002 1658 3055 herba;
1689 3006 1745 3056 et.
1777 3003 2025 3073 radices]
2056 3006 2113 3057 et

450 3094 627 3153 terra,
683 3094 859 3160 atque
919 3088 1227 3144 mineralia
1281 3089 1563 3159 qualitate
1595 3090 1726 3144 utili
1755 3090 2017 3162 praedita,
2046 3108 2112 3147 ac

452 3179 652 3235 omnia
666 3195 790 3249 quae
807 3178 1468 3248 medicinae,nostrzeque
1492 3177 1727 3233 utilitati
1746 3179 2105 3235 deserviunt.

2194 590 2320 653 τοὺς
2372 593 2632 667 ἀγγέλους
2691 594 2823 649 εἷ’σὶν
2886 589 3284 664 ὑποϐεϐηκυῖαι
3342 594 3555 649 αὐτῶν·
3616 594 3707 649 καὶ
3767 594 3853 652 ὅτι

2197 680 2453 736 ἀθάνατοί
2515 682 2668 751 εἷ’σιν,
2729 686 2818 738 ἅτε
2865 690 3161 748 κτισθεῖσαι
3210 680 3492 748 οὐσιώδεις
3545 684 3723 753 ζωαί·
3760 685 3849 738 καὶ

2196 770 2278 825 ὅτι
2336 768 2423 825 διὰ
2471 776 2575 826 τῶν
2639 772 2882 848 ἀγγέλων
2931 775 2985 827 αἱ
3035 772 3210 847 ψυχαὶ
3256 777 3747 849 χειραγωγοῦνται,
3798 774 3852 827 αἱ

2199 860 2342 927 ζωὴν
2378 859 2673 935 ἀγγελικὴν
2723 859 3140 932 ἐπιτηδεύουσαι
3175 880 3186 893 ·
3223 862 3365 917 οὕτω
3406 862 3494 917 καὶ
3528 861 3577 917 ἐν
3608 868 3689 935 τῷ
3722 869 3851 917 Ποι-

2202 947 2314 1019 μὲνι
2348 948 2406 1001 ἀν
2416 948 2676 1024 ἇγνωμεν.

2267 1036 2659 1112 Ἀγαθαρχίαν.
2718 1036 3036 1112 Σημείωσαι
3096 1040 3179 1095 ὅτι
3230 1039 3318 1095 ἐπὶ
3370 1042 3470 1110 τήν
3501 1040 3714 1095 πάντων
3745 1045 3857 1097 τῶν

2199 1122 2412 1199 ἀγαθῶν
2454 1125 2795 1202 ἀγαοαρχίαν
2845 1128 3139 1203 ἀνάγονται
3196 1131 3251 1184 αἱ
3310 1134 3415 1184 τῶν
3478 1128 3704 1185 δικαίων
3754 1134 3861 1203 ψυ-

2200 1215 2322 1289 χαὶ,
2367 1213 2534 1290 ἤγουν
2580 1215 2669 1271 ἐπὶ
2720 1218 2809 1271 τὸν
2857 1219 2985 1272 Θεόν
3023 1239 3034 1250 ·
3080 1219 3168 1273 καὶ
3214 1218 3264 1274 ἓν
3311 1220 3570 1293 μετουσίᾳ
3616 1224 3725 1273 τῶν
3771 1218 3865 1274 ἐλ-

2203 1301 2463 1378 λάμψεων
2545 1306 2712 1360 αὐτοῦ
2796 1302 3104 1381 γινόμεναι,

2201 1388 2475 1451 σϐεὐουσι.

2276 1483 2361 1537 Ἐν
2388 1487 2504 1544 τοῖς
2538 1484 2668 1559 Περὶ
2700 1484 2909 1558 ψυχῆς.
2946 1490 3197 1556 Ζητιῖται
3225 1486 3287 1540 τὸ
3320 1486 3447 1560 Περὶ
3479 1489 3687 1561 ψυχῆς.

3193 1308 3301 1384 παῤ
3310 1308 3681 1384 ῥησιασμὲνως
3729 1327 3863 1382 πρε-

2276 1659 2527 1735 Ἀλόγων
2578 1664 2797 1736 ψυχῶν.
2874 1657 3119 1738 Ἀλὸγων
3193 1666 3387 1738 ψυχῶν
3462 1663 3552 1718 καὶ
3612 1660 3863 1733 αἰσθητι-

2206 1750 2315 1803 κῶν
2351 1752 2396 1785 ²⁹
2427 1771 2557 1824 φησι
2593 1769 2604 1780 ·
2640 1750 2729 1804 καὶ
2761 1750 3068 1825 σημείωσαι
3099 1751 3183 1806 δτι
3214 1750 3357 1807 ἄλλο
3390 1754 3567 1827 ψυχὴ,
3598 1752 3685 1805 καὶ
3722 1748 3865 1808 ἄλλο

2211 1841 2321 1909 ζωή
2334 1882 2346 1895 -

2282 1923 2588 2005 Ἀμφιϐίως
2654 1929 2919 2005 λαχόντα.
2979 1931 3053 1985 Τὰ
3129 1932 3328 2007 ἑρπετά
3388 1930 3533 2007 λέγει
3593 1926 3871 2009 ἀμφιϐίους

2214 2018 2456 2092 λαχόντα
2488 2038 2500 2049 ·
2536 2018 2609 2080 ὡς
2647 2016 2939 2095 βάτραχοι,
3003 2017 3302 2082 ὀκτάποδες
3332 2022 3375 2057 ³ο
3410 2039 3421 2051 ·
3478 2020 3872 2097 ἐγκεχωσμὲνα

2213 2104 2291 2177 δὲ,
2324 2108 2397 2169 ὡς
2448 2105 2757 2169 ἀσπάλακες
2808 2109 2897 2162 καὶ
2951 2108 3048 2162 ὅσα
3096 2114 3323 2163 τοιαῦτα
3359 2129 3371 2141 ’
3432 2111 3741 2183 σημείωσαι
3794 2108 3873 2179 δὲ,

2215 2198 2296 2251 δτι
2328 2198 2382 2250 αἱ
2412 2198 2582 2271 ψυχαὶ
2634 2195 2798 2252 ’ἀλλαι
2846 2197 2948 2251 εἶσὶ
3001 2198 3135 2270 μετὰ
3180 2198 3307 2261 τοὺς
3366 2196 3631 2274 ἀγγέλους
3673 2195 3873 2254 61:05:-

2216 2279 2436 2354 ϐηκυῖαι
2468 2285 2641 2338 αὐτῶν
2680 2304 2691 2315 ·
2742 2285 2831 2339 καὶ
2884 2284 2966 2339 ὅτι
3015 2285 3273 2341 ἀθάνατοί
3320 2285 3477 2355 εἰσιν,
3521 2287 3612 2341 ἅτε
3644 2290 3879 2343 κτισθεῖ-

2217 2394 2301 2428 σαι
2352 2371 2631 2435 οὐσιώδεις
2678 2372 2859 2443 ζωαί·
2905 2374 2993 2428 καὶ
3054 2374 3135 2429 δτι
3198 2372 3287 2429 διὰ
3343 2379 3448 2430 τῶν
3510 2375 3758 2450 ἀγγέλων
3818 2377 3875 2430 αἱ

2216 2464 2389 2537 ψυχαὶ
2452 2468 2937 2538 χειραγωγοῦνται,
3010 2466 3064 2517 αἱ
3121 2468 3265 2533 ζωήν
3324 2463 3621 2541 ἀγγελικὴν
3681 2465 3871 2536 ἐπιτη-

2219 2550 2487 2620 δεύουσαι,
2520 2553 2656 2615 καθά
2676 2552 2766 2605 καὶ
2796 2552 3051 2626 ἀνωνὲρω
3082 2549 3359 2609 λῖλεκται.

2291 2641 2368 2694 Δι’
2397 2640 2527 2695 αὐτὸ
2556 2647 2658 2709 τῆς
2715 2637 3018 2703 οὐσιώδους
3055 2638 3238 2711 ἕξεως.
3289 2642 3385 2696 Καὶ
3429 2639 3540 2712 ἤδη
3573 2644 3615 2679 ³¹
3652 2639 3761 2698 ἅνω
3795 2642 3873 2697 εἷ’-

2218 2750 2413 2802 πομεν,
2446 2727 2527 2783 ὅτι
2559 2725 2664 2798 ἕξις
2693 2728 2804 2783 ἐστὶ
2849 2729 3079 2799 ποιότης
3124 2726 3365 2803 ἔμμονος
3401 2749 3413 2763 ⁶
3468 2730 3567 2785 ὅσα
3600 2729 3691 2786 οῦν
3728 2732 3871 2786 ἐστιν

2220 2820 2367 2886 ἅζωα
2396 2817 2484 2871 καὶ
2508 2819 2713 2892 ἄψυχα,
2768 2814 2859 2872 διὰ
2902 2820 3003 2886 τὴν
3052 2818 3363 2893 ἁγαθότητα
3405 2824 3502 2874 τοῦ
3551 2824 3686 2875 Θεοῦ
3728 2820 3874 2876 οὕτω

2220 2909 2505 2981 παρήχθη,
2551 2906 2905 2980 πεποιωμὲνα
2953 2909 3197 2975 ἑκτικῶς,
3250 2908 3363 2963 οἷον
3412 2907 3557 2963 λίθοι
3592 2907 3872 2988 διάφοροι,

2225 2995 2392 3070 [ἀλλά
2422 2995 2509 3049 καὶ
2546 2994 2766 3071 βοτάναι
2797 3000 2887 3051 καὶ
2934 2996 3123 3071 ρίζαι,]
3175 2996 3263 3051 καὶ
3312 3004 3405 3072 γῆ,
3455 2999 3541 3052 καὶ
3576 2998 3641 3052 τὰ
3675 2999 3879 3071 μεταλ-

2222 3082 2351 3138 λικά
2384 3082 2505 3157 περί
2553 3103 2606 3136 τι
2656 3085 2937 3158 χρήσιμον
2987 3084 3311 3154 ποιωθὲντα,
3355 3084 3446 3139 καὶ
3491 3084 3589 3139 ὅσα
3614 3088 3739 3161 περὶ
3769 3088 3872 3156 τὴν

2222 3171 2469 3244 ἰατρικὴν
2503 3170 2591 3225 καὶ
2623 3174 2720 3241 τὴν
2754 3174 2915 3243 ἡμῶν
2950 3179 3148 3246 χρῆσιν
3184 3191 3197 3205 ·
3230 3177 3395 3228 ταῦτα
3427 3171 3518 3228 οὖν
3554 3174 3655 3229 οὐκ
3675 3170 3873 3245 ἔξωθεν

454 3268 587 3324 Hinc
610 3238 793 3339 igitur
824 3283 937 3321 non
992 3238 1209 3321 habent
1256 3238 1619 3321 extrinsecus
1678 3266 1966 3336 habitum,
2001 3269 2102 3324 sed

2226 3262 2315 3329 τήν
2350 3257 2452 3333 ἕξιν
2487 3265 2742 3331 κτῶνται,
2780 3259 2907 3315 ἀλλ’
2938 3260 2989 3315 ἐν
3033 3265 3101 3325 τῆ
3147 3260 3305 3333 οὐσίᾳ
3331 3262 3422 3316 καὶ
3454 3264 3553 3331 τὴν
3584 3267 3682 3328 τῆς
3704 3261 3873 3336 ’ἕξεως

456 3356 740 3412 divinitus
763 3355 822 3410 in
846 3356 1103 3411 essentia
1117 3354 1353 3410 habitus
1376 3354 1714 3426 qualitatem
1736 3362 2105 3427 acceperunt.

527 3446 555 3518 Ξ
582 3446 679 3500 ΙΙΙ.
714 3444 865 3513 Quod
896 3445 949 3499 si
976 3449 1160 3500 autem
1191 3461 1357 3515 supra
1413 3460 1502 3499 res
1532 3460 1738 3500 omnes.
1795 3444 1933 3500 Vide
1964 3462 2106 3516 quo-

461 3535 633 3589 modo
666 3534 1021 3605 privationes
1050 3533 1108 3587 in
1146 3538 1253 3587 Deo
1311 3533 1431 3588 sint
1478 3533 1827 3589 excellentiae
1874 3535 2109 3605 positio-

461 3640 604 3678 num
638 3638 742 3677 seu
783 3621 1245 3677 afﬁrmationum
1302 3622 1643 3687 effectrices,
1703 3623 1856 3678 sicut
1911 3640 2107 3695 expers

459 3710 682 3781 speciei,
714 3726 907 3780 expers
937 3710 1207 3776 essentim,
1234 3726 1424 3780 expers
1454 3710 1605 3776 vitae,
1638 3726 1836 3781 expers
1866 3713 2106 3769 mentis:

460 3800 582 3854 haec
614 3800 849 3870 quidem
880 3798 1154 3853 videntur
1179 3799 1509 3870 signiﬁcare
1555 3799 1775 3870 aliquid
1807 3803 1961 3872 quod
1990 3819 2105 3857 non

458 3888 724 3954 exsistit;
754 3892 949 3942 tamen
979 3888 1035 3941 in
1069 3888 1184 3942 Deo
1242 3887 1339 3957 qui
1387 3889 1954 3958 superessentialiter
1982 3906 2105 3945 om-

461 3978 625 4032 nium
650 3992 843 4031 rerum
878 3976 1185 4047 negatione
1218 3975 1385 4045 (nihil
1440 3975 1599 4030 enim
1631 3982 1719 4031 est
1749 3994 1948 4032 eorum
1977 3995 2104 4049 quas

460 4069 620 4133 sunt)
651 4064 1232 4131 exsistit,eminenter
1256 4064 1683 4136 intelliguntur.
1717 4064 1862 4119 Illud
1889 4082 2023 4122 vero
2046 4067 2105 4122 in

460 4154 845 4225 sequentibus
876 4155 1190 4225 perfectius
1222 4154 1472 4224 exponit.

531 4245 607 4297 Et
636 4242 783 4299 illud
816 4244 1017 4314 ipsum,
1049 4244 1190 4314 quod
1244 4259 1354 4298 non
1408 4248 1506 4299 est.
1540 4244 1839 4307 Quomodo
1869 4242 1926 4299 id
1950 4246 2105 4316 quod

459 4349 575 4388 non
607 4334 945 4402 est,bonum
977 4333 1253 4404 appetat?
1275 4332 1321 4387 si
1357 4333 1515 4386 enim
1552 4350 1664 4388 non
1697 4332 1944 4404 exsistit,
1968 4351 2109 4405 quo-

461 4423 629 4477 modo
655 4422 922 4493 appetit?
953 4422 1216 4477 Dicimus
1248 4438 1352 4492 per
1382 4421 1448 4477 id
1479 4421 1618 4493 quod
1648 4438 1755 4476 non
1784 4413 1867 4478 est
1900 4422 2109 4479 intelli-

458 4526 590 4580 gere
622 4510 866 4577 malum,
923 4510 1071 4564 sicut
1133 4510 1380 4565 inferius
1438 4512 1713 4579 ostendit,
1766 4512 1905 4583 quia
1962 4512 2106 4568 illud

457 4598 634 4655 etiam
667 4600 820 4669 quod
858 4597 1077 4653 malum
1105 4598 1343 4666 dicitur,
1378 4606 1614 4671 propter
1642 4602 1859 4656 bonum
1882 4602 1966 4657 ﬁt.

524 4688 678 4756 §IV.
712 4689 787 4741 Et
843 4686 1169 4743 caelestium.
1229 4689 1477 4744 Causam
1541 4690 1863 4745 caelestium
1898 4691 2111 4762 princi-

456 4777 685 4849 piorum
720 4780 775 4831 et
796 4780 1189 4831 extremorum
1244 4776 1384 4831 dicit
1440 4794 1567 4833 esse
1600 4779 1922 4834 bonitatem
1964 4779 2105 4847 Dei;

456 4882 592 4921 nam
620 4866 767 4920 Deus
800 4864 921 4919 haec
946 4865 1143 4920 omnia
1172 4865 1452 4921 bonitatis
1478 4867 1842 4923 abundantia
1873 4867 2104 4922 creavit.

456 4954 751 5026 Principia
789 4970 925 5009 vero
956 4954 1213 5011 ccelestia
1274 4959 1332 5010 et
1361 4960 1621 5011 extrema
1657 4955 2106 5027 intelligendum

2215 3350 2485 3418 ποιότητα
2516 3351 2696 3412 θεόθεν
2721 3344 2925 3425 ἔλαχον
2956 3352 3022 3405 ³².

2288 3444 2436 3508 §lII.
2488 3438 2552 3494 Ei
2613 3436 2669 3492 δὲ
2717 3438 2805 3492 καὶ
2860 3439 2990 3512 ὑπὲρ
3039 3437 3229 3497 πάντα.
3279 3440 3421 3515 Ὅρα
3464 3443 3582 3501 πῶς
3632 3442 3688 3494 αἱ
3744 3462 3862 3495 στε-

2215 3529 2402 3601 ρήσεις
2450 3525 2538 3581 ἐπὶ
2584 3530 2717 3581 Θεοῦ
2764 3523 3063 3603 ὑπερϐολαί
3116 3527 3215 3582 εἶσι
3276 3526 3467 3582 θέσεων
3518 3526 3866 3605 δραστήριοι,

2214 3617 2304 3670 καὶ
2363 3617 2436 3677 ὡς
2494 3613 2753 3688 ἁνείδεος,
2832 3618 3104 3682 ἀνούσιος,
3184 3614 3381 3687 ἄζωος,
3441 3618 3599 3679 ἄνους
3641 3638 3652 3649 ·
3699 3623 3870 3673 ταῦτα

2216 3708 2318 3783 γὰρ
2348 3704 2551 3762 ἔννοιαν
2587 3704 2785 3783 ἔχοντα
2814 3712 2909 3763 τοῦ
2944 3710 3017 3781 μὴ
3052 3703 3231 3779 ὄντος,
3265 3710 3418 3782 ὅμως
3451 3706 3502 3762 ἐν
3536 3713 3613 3781 τῷ
3645 3710 3763 3781 Θεῷ
3788 3714 3869 3781 τῷ

2218 3796 2552 3871 ὑπερουσίως
2583 3793 2695 3850 ὄντι
2742 3798 2875 3851 κατὰ
2916 3798 3015 3865 τήν
3068 3798 3343 3872 ἀφαίρεσιν
3400 3798 3646 3851 ἁπάντων
3691 3795 3870 3871 (οὐδὲν

2216 3886 2317 3959 γάρ
2378 3885 2488 3940 ἐστι
2538 3890 2643 3939 τῶν
2695 3882 2886 3958 ὄντων)
2957 3885 3302 3961 ὑπιρογικῶς
3364 3890 3611 3941 νοοῦνται
3644 3906 3655 3918 ·
3713 3884 3763 3940 ὲν
3816 3884 3875 3940 δὶ

2214 3980 2331 4037 τοῖς
2366 3974 2487 4047 ἑξῆς
2516 3974 2853 4048 τελειότερον
2884 3972 3012 4028 αὐτὸ
3046 3974 3348 4049 σαφηνίζει.

2291 4241 2392 4297 Καὶ
2442 4241 2569 4295 αὐτὸ
2617 4242 2679 4295 τὸ
2742 4241 2816 4312 μὴ
2876 4235 2958 4296 ὄν.
3010 4244 3133 4301 Πῶς
3184 4241 3245 4294 τὸ
3301 4241 3377 4311 μὴ
3420 4236 3476 4294 ὅν
3523 4239 3731 4318 ἐφίεται
3775 4244 3876 4294 τοῦ

2216 4330 2423 4405 ἀγαθοῦ
2454 4350 2467 4399 ;
2500 4329 2544 4385 εἷ
2576 4329 2675 4405 γὰρ
2699 4330 2800 4403 1μὴ
2852 4324 2992 4383 ἔστιν
3044 4327 3194 4400 αὐτὸ,
3246 4329 3363 4390 πῶς
3396 4328 3599 4406 ἰφίιται
3637 4356 3651 4397 ;
3712 4330 3875 4405 Λέγο-

2220 4440 2339 4493 μεν,
2372 4419 2453 4474 δτι
2485 4420 2546 4474 τὸ
2596 4420 2669 4491 μὴ
2719 4413 2775 4472 ὅν
2823 4418 3039 4487 ἐνόησεν
3088 4419 3225 4472 εἴναι
3275 4418 3336 4472 τὸ
3389 4418 3573 4487 κακὸν,
3617 4417 3693 4480 ὡς
3724 4419 3875 4472 κάτω

2217 4506 2555 4563 ἀποδεικνύει
2587 4526 2598 4538 ³
2657 4507 2737 4561 ὅτι
2787 4506 2875 4561 καὶ
2916 4505 3044 4561 αὐτὸ
3100 4507 3163 4561 τὸ
3216 4502 3515 4582 λεγόμενον
3571 4507 3735 4561 κακὸν
3781 4510 3876 4561 τοῦ

2143 4609 2188 4673 D
2219 4599 2422 4671 ἀγαθοῦ
2451 4594 2602 4650 ἕνεκα
2630 4596 2849 4669 γίνεται.

2290 4687 2437 4754 διν.
2484 4685 2579 4738 Καὶ
2624 4688 2729 4737 τῶν
2778 4683 3060 4758 οὐρανίων.
3112 4684 3180 4739 Τὸ
3234 4683 3407 4739 αἶ’τιον
3446 4689 3555 4739 τῶν
3608 4682 3874 4757 οὐρανίων

2223 4776 2410 4850 ἀρχῶν
2465 4774 2553 4828 καὶ
2616 4775 3079 4847 ὑποπερατώσεών
3133 4795 3295 4851 φησιν
3344 4776 3480 4828 εἶναι
3532 4775 3632 4842 τὴν
3673 4774 3875 4849 ἁγαθό-

2219 4884 2357 4933 τητα
2386 4866 2484 4917 τοῦ
2532 4867 2666 4917 Θεοῦ
2702 4883 2714 4896 ·
2762 4862 2851 4917 καὶ
2886 4866 3053 4917 ταῦτα
3093 4863 3193 4939 γὰρ
3227 4860 3296 4917 δι’
3339 4862 3675 4938 ἁγαθότητος
3707 4862 3875 4937 ὑπὲρ·

2219 4948 2394 5020 ϐολήν
2454 4954 2767 5027 παρήγαγεν
2820 4952 2847 5006 ὁ
2910 4952 3081 5013 Θεός’
3133 4950 3309 5026 ἀρχὰς
3368 4948 3425 5005 δὲ
3473 4951 3727 5027 οὐρανίας
3784 4951 3875 5005 καὶ

1450 5118 1690 5174 VARle
1732 5118 2128 5174 LECTIONES
2170 5119 2259 5174 ET
2299 5116 2856 5174 CORRECTIONES.

524 5258 569 5293 ²⁹
594 5254 807 5336 ἀλόγων
859 5263 1053 5336 ψυχῷν
1087 5256 1124 5328 ἥ
1179 5260 1329 5336 ζῴων
1378 5258 1842 5336 ἀλόγωνῌψυχῶν
1892 5260 2102 5336 αξσβῃτι

2234 5304 2245 5315 ,
2287 5327 2307 5336 Δ
2351 5262 2414 5336 ³ου
2442 5256 2762 5336 ὀκτάποδες,
2795 5262 3013 5336 __cancri
3060 5259 3643 5336 ﬂuvz7atiles.h"u'E1§i
3678 5261 3784 5334 γῆν
3814 5257 3873 5336 δδ

452 5326 773 5403 ἄδι-τεταμένα
802 5326 1131 5409 τοῦς’”ὅ.φεις
1186 5326 1462 5409 λέγειλκαὶ
1495 5326 1806 5409 ’σκώληκάς
1859 5332 1947 5386 καὶ
2003 5326 2123 5399 ὅσα,
2174 5327 2537 5409 ἄποδαὸντα,
2583 5330 2973 5409 εἰλυσπῶνται.
3037 5326 3454 5409 Σημείωσαιιβὶ
3485 5330 3568 5409 ότι
3602 5326 3869 5409 διαφορρν

451 5398 688 5477 ποιεῖτάι
722 5406 908 5476 ψυχῆς
938 5398 1038 5455 καῖ
1061 5408 1229 5471 ζωῆς,
1256 5398 1362 5477 ν’καὶ
1414 5404 1495 5477 ὅτι
1553 5405 1651 5471 τήν
1692 5398 1901 5476 ’ἄλογον
1944 5398 2129 5477 ψυχὴν
2178 5402 2268 5477 καὶ
2317 5403 2635 5477 αἰσθητικὴν
2692 5402 2968 5477 ὀνομάζει,
3013 5398 3329 5473 Σημείωσαι
3368 5398 3444 5475 δὲ,
3494 5401 3577 5456 ὅτι
3604 5398 3868 5458 καῖ’ἅλλο

455 5467 745 5547 σύνταγμα.
769 5467 895 5550 11ιὶῥὶ
928 5467 1114 5548 ψυχῆς
1162 5467 1312 5550 iiii“?
1367 5476 1547 5544 τ’)’ίτῳ
1737 5467 2102 5546 Διόνυσίέρ

2226 5494 2371 5544 ηται.
2422 5467 2519 5527 Κὰὶ
2566 5467 2673 5543 ἤδη
2730 5467 3029 5550 aufem
3080 5467 3255 5530 'Humi
3307 5467 3442 5550 vero
3470 5479 3754 5550 reptantes
3778 5493 3871 5532 vo-

449 5551 536 5601 cat
567 5547 862 5619 serpentes,
895 5553 945 5601 et
986 5547 1195 5603 vermes
1222 5547 1285 5604 'et
1332 5549 1467 5613 alia,
1504 5564 1628 5618 quae
1682 5549 1915 5618 pedibus
1959 5550 2218 5604 destituta
2272 5551 2714 5616 contorquenlur.
2761 5548 3005 5619 Observa
3056 5563 3203 5617 vero,
3254 5547 3393 5618 quod
3447 5547 3745 5602 discrimen
3776 5552 3862 5619 fa-

449 5619 561 5673 ciat
591 5617 839 5674 animam
870 5619 1019 5674 inter
1047 5625 1097 5675 et
1128 5623 1298 5676 vitam
1320 5637 1340 5681 ,ο
1371 5625 1420 5674 et
1453 5617 1590 5691 quod
1614 5617 1866 5675 animum
1883 5621 2116 5675 rationis
2139 5624 2413 5691 expertem
2438 5619 2601 5691 etiam
2624 5617 2877 5691 sensilem
2906 5620 3182 5675 nominat.
3213 5617 3350 5675 Νὸια
3372 5623 3555 5674 autem
3582 5628 3638 5675 et
3659 5617 3863 5675 librum

453 5691 610 5746 aliud
642 5694 713 5748 De
743 5692 932 5747 anima
963 5695 1032 5747 ab
1066 5693 1165 5747 hoc
1194 5694 1247 5748 S.
1284 5683 1544 5764 Dionysio
1574 5693 1935 5763 compositum
1959 5692 2102 5766 fuiss

2232 5692 2251 5725 ³
2282 5688 2461 5753 θεόθεν
2491 5688 2689 5758 ταύτην
2726 5683 2983 5745 λαϐόντα.
