4080 6366
201 372 305 427 245

969 378 1026 429 S.
1068 378 1337 433 ΜΑΧῘΜΙ
1374 378 1678 433 SCHOLIA
1717 381 1793 433 IN
1830 381 1963 433 LIB.
2005 382 2100 433 DE
2139 380 2411 433 DIVINIS
2447 379 2859 434 NOMINIBUS.

3512 381 3623 436 246

202 492 645 568 ὑποπερατώσεις
691 494 739 530 ⁸³
783 492 1005 565 νοητέον
1055 496 1154 565 τὴν
1202 495 1276 558 ὡς
1325 496 1385 551 ἐκ
1446 496 1679 571 σημείου
1730 497 1854 567 ἤτοι

1985 516 2253 571 '.anquam
2287 517 2355 555 ex
2399 503 2615 570 puncto
2647 516 2749 556 seu
2800 503 2998 556 centro
3028 498 3347 556 voluntatis
3378 500 3501 570 Dei,
3533 519 3620 558 ro-

199 583 421 658 κέντρου
452 586 551 637 τοῦ
599 580 914 656 Θελήματος
960 588 1057 638 τοῦ
1105 590 1262 655 Θεοῦ,
1316 586 1591 649 κυκλικῶς
1632 588 1860 643 ὑποστᾶ-

204 694 291 727 σαν
325 675 373 709 ³⁸
396 676 507 726 τῶν
560 671 803 748 οὐρανῶν
852 671 1168 751 σφαιροειδῆ
1226 673 1582 750 δημιουργίαν
1645 678 1708 731 τὸ
1758 679 1857 752 γὰρ

201 760 459 816 κυκλικὸν
494 769 694 837 σχῆμα
740 762 1046 837 ἀρχόμενον
1080 762 1130 835 ἐξ
1162 764 1375 833 ἑαυτοῦ,
1408 765 1483 829 εἷς
1513 766 1670 821 ἑαυτὸ
1701 786 1861 838 περα-

202 854 405 907 τοῦται·
452 851 555 918 τὴν
606 848 663 906 δὲ
708 850 957 926 οὐρανίαν
1009 851 1195 908 οὐσίαν
1229 854 1426 924 ἀναυξῆ
1467 855 1556 909 καὶ
1589 854 1856 928 ἀμείωτόν

206 962 385 1018 φησιν,
420 939 499 1002 ὡς
525 938 753 1005 τελείως
782 937 1012 1015 ἔχουσαν
1044 943 1131 996 καὶ
1168 942 1444 1019 αὐτάρκως
1466 946 1512 980 ³⁵
1540 945 1675 1019 πρὸς
1706 946 1735 999 ’ὸ
1765 945 1854 1019 γέ-

202 1046 342 1103 γονε·
387 1027 477 1083 διὸ
508 1028 598 1083 καὶ
628 1028 1001 1085 ἀναλλοίωτον
1034 1031 1203 1100 αὐτὴν
1235 1030 1399 1108 λέγει,
1431 1033 1479 1106 ἐξ
1512 1032 1573 1087 οὗ
1616 1034 1854 1109 γέγονεν,

204 1118 261 1173 οὐ
314 1123 784 1192 παρατραπεῖσαν·
838 1117 1047 1175 τέλειον
1101 1119 1158 1176 δέ
1204 1121 1367 1190 ἐστιν,
1420 1120 1447 1175 ὃ
1501 1125 1639 1195 μήτε
1690 1120 1853 1195 αὔξει,

208 1209 342 1277 μήτε
378 1212 652 1280 μειοῦται.
700 1209 1167 1281 Ὑποπερατώσεις
1207 1208 1263 1265 δὲ
1316 1210 1449 1265 αὐτὰ
1478 1212 1735 1282 κέκληκε,
1768 1212 1873 1272 καὶ,

205 1296 299 1351 οὐκ
346 1297 818 1372 ἀποπερατώσεις,
859 1294 947 1353 διὰ
983 1298 1045 1354 τὸ
1089 1299 1378 1377 σφαιρικὴν
1438 1302 1531 1373 μὲν
1578 1302 1711 1356 εἶναι
1756 1302 1853 1370 τήν

202 1385 438 1457 κίνησιν·
475 1385 539 1441 οὐ
588 1386 793 1463 κυρίως
842 1384 900 1442 δὲ
946 1390 1114 1464 πέρας
1158 1384 1324 1463 ἔχειν,
1368 1387 1496 1445 ἀλλ’
1543 1389 1711 1445 οἷονεὶ
1759 1392 1857 1446 πέ-

205 1497 293 1551 ρας
321 1477 425 1545 τῆν
460 1473 549 1530 ἐπὶ
601 1476 664 1531 τὸ
712 1476 842 1532 αὐτὸ
893 1476 1074 1553 ὥσπερ
1122 1477 1228 1532 ἀπό
1256 1499 1403 1541 τινος
1454 1479 1633 1555 ἀρχῆς
1664 1478 1751 1534 ἐπί
1780 1502 1853 1547 τι,

205 1565 314 1620 οἷον
368 1566 542 1639 πέρας
592 1564 845 1639 φέρεσθαι
883 1566 1052 1645 τυχὸν
1104 1565 1398 1637 ἀνατολήν.
1451 1568 1767 1641 Σημείωσαι
1801 1567 1858 1624 δὲ

205 1654 283 1710 ὅτι
308 1654 399 1709 καὶ
430 1656 700 1709 κινεῖσθαι
732 1654 957 1733 ἀψόφως
1000 1657 1131 1733 φησὶ
1180 1655 1270 1711 καὶ
1302 1656 1713 1729 ἀνεπαισθήτως
1763 1659 1855 1713 τὸν

208 1742 451 1817 οὐρανόν·
511 1743 577 1797 τὸ
626 1741 672 1797 δ’
730 1742 885 1798 ἐνίων
944 1744 1183 1819 ἀστέρων
1242 1740 1608 1817 μεταϐατικῆς
1655 1745 1799 1802 πολυ
1832 1780 1854 1789 -

206 1831 451 1902 κινησίας
510 1832 636 1907 περὶ
688 1836 796 1887 τῶν
830 1829 1148 1937 ὶπλανήτων
1208 1833 1361 1937 (gnat.
1422 1836 1740 1907 Σημείωσαι
1800 1833 1935 1937 δέΒ

206 1920 508 1988 καὶτοῦτο,
561 1922 645 1975 δτι
696 1918 889 1983 αὐτοὺς
941 1920 1141 1995 μόνους
1192 1918 1401 1996 ἐδέξατο
1432 1925 1711 1980 κινεῖσθαι.
1748 1931 1857 1995 Ση-

210 2008 436 2083 μείωσαι
472 2006 530 2065 Si
559 2010 651 2064 καὶ
682 2010 845 2074 πόθεν
873 2011 929 2065 αἱ
955 2029 1093 2085 χρον
1106 2010 1213 2065 ικαὶ
1246 2011 1592 2086 ἂριθμήσεις.

270 2187 395 2266 [Καὶ
446 2193 550 2257 τῆς
594 2191 704 2244 τῶν
754 2185 849 2243 δύο
906 2190 1235 2266 φωστήρων,
1291 2188 1383 2253 οὓς
1432 2191 1501 2245 τὰ
1547 2193 1716 2265 Λόγια
1763 2213 1858 2247 κα-

209 2277 289 2334 λεῖ
348 2275 649 2353 μεγάλους.
706 2277 810 2332 Δύο
882 2284 1171 2355 φωστῆρας
1243 2280 1333 2334 τὸν
1392 2278 1552 2349 ἥλιον
1613 2282 1703 2336 καὶ
1758 2282 1858 2349 τὴν

209 2366 444 2438 σελήνην
489 2368 645 2445 φησί·
706 2366 978 2443 μεγάλους
1031 2364 1088 2422 δὲ
1141 2368 1284 2423 εἶπεν
1331 2370 1595 2442 ἑπόμενος
1647 2375 1727 2442 τῷ
1756 2378 1859 2425 Δα-

211 2454 311 2511 υἰδ’
348 2455 527 2531 Λόγια
560 2453 617 2510 δὲ
663 2454 791 2519 τοὺς
820 2454 1026 2511 ἐκείνου
1060 2455 1332 2530 Ψαλμοὺς
1364 2459 1640 2531 ὀνομάζει.
1672 2462 1861 2535 ΙΙεριο-

212 2544 361 2616 δικήν
415 2543 475 2600 δὲ
531 2546 961 2601 ἀποκατάστασιν
1020 2548 1119 2615 τὴν
1168 2547 1272 2601 ἀπὸ
1317 2551 1414 2601 τοῦ
1462 2548 1626 2602 αἱ)τοῦ
1676 2547 1754 2611 εἷς
1798 2549 1862 2603 τὸ

215 2636 338 2691 αὑτὸ
373 2633 545 2712 φορὰν
577 2632 746 2708 λέγει,
774 2636 835 2703 ἣν
869 2635 896 2688 ὁ
926 2632 1088 2704 ἥλιος
1122 2636 1214 2707 μὲν
1248 2637 1363 2691 κατ’
1394 2635 1633 2691 ἐνιαυτὸν
1682 2644 1863 2692 ποιεῖ-

212 2744 294 2778 ται
336 2725 430 2779 τὸν
487 2720 750 2791 ζωδιακὸν
794 2720 998 2777 κύκλον
1044 2725 1293 2799 περιϊών’
1342 2726 1375 2795 ἠ
1427 2722 1483 2779 δὲ
1531 2725 1733 2797 σελήνη
1795 2724 1864 2780 δι’

213 2815 432 2889 ἡμερῶν
482 2833 646 2867 τινων
676 2811 770 2866 τὸν
802 2812 908 2866 ἀπὸ
940 2810 1167 2867 συνόδου
1221 2813 1388 2888 μέχρι
1419 2814 1519 2881 τῆς
1564 2815 1863 2877 παντελοῦς

213 2902 411 2972 ταύτης
446 2901 747 2974 μειώσεως.
793 2901 1110 2975 Σημείωσαι
1160 2899 1237 2973 δὲ,
1271 2904 1344 2965 ὡς
1390 2905 1481 2958 καὶ
1526 2905 1580 2957 αἱ
1611 2905 1865 2979 χρονικαὶ

216 2990 540 3065 ἀριθμήσεις
572 2988 633 3044 ἐκ
659 2990 867 3045 τούτων
900 2990 1023 3059 εἰσὶ,
1055 2991 1146 3045 καὶ
1176 2988 1253 3046 ἔτι
1284 2991 1342 3046 ἐκ
1368 2996 1475 3048 τῶν
1513 2997 1748 3067 μηνῶν.]

285 3080 658 3157 Ἀφορίζουσι.
690 3078 904 3141 Τελέως
938 3079 1235 3154 ὁρίζουσιν.

286 3170 566 3225 Ἐπέκεινα
624 3168 908 3238 Θεότητος.
960 3171 1138 3225 Τοῦτο
1186 3171 1275 3224 καὶ
1326 3170 1378 3226 ἐν
1428 3176 1543 3233 τοῖς
1595 3174 1706 3227 ἄνω
1735 3194 1870 3249 παρ-

1969 590 2218 646 tundam
2252 589 2531 645 caelorum
2574 588 3013 645 fabricationem
3049 589 3106 645 in
3142 590 3392 646 circuitu
3424 591 3622 647 subsi-

1971 683 2255 745 stentem;
2298 678 2601 733 circularis
2648 680 2804 733 enim
2868 679 3054 750 ﬁgura
3110 696 3179 735 ex
3231 680 3426 751 seipsa
3472 680 3618 735 inci-

1970 768 2133 839 piens
2164 768 2221 822 in
2256 768 2449 839 seipsa
2500 766 2877 835 terminatur;
2913 768 3205 824 cmlestem
3236 786 3370 824 vero
3420 786 3617 825 essen-

1968 858 2110 913 tiam
2147 873 2331 928 neque
2367 858 2660 929 {crescere,
2694 873 2883 927 neque
2922 856 3108 912 minui
3143 858 3245 925 ait,
3275 862 3338 913 ut
3368 859 3619 928 perfecte

1967 952 2024 1002 et
2083 946 2446 1001 sufﬁcienter
2499 946 2675 1001 ﬁnem
2725 962 2899 1001 suum
2950 950 3277 1002 assecutam
3315 965 3327 1003 :
3371 948 3617 1019 ideoque

1966 1034 2399 1091 immutabilem
2454 1034 2638 1105 ipsam
2692 1033 2853 1101 dixit,
2884 1052 2953 1088 ex
2994 1051 3108 1107 quo
3159 1034 3312 1091 facta
3358 1039 3467 1105 est,
3500 1053 3616 1091 non

1968 1140 2301 1197 perversam
2340 1141 2351 1177 :
2383 1125 2689 1195 perfeclum
2718 1127 2911 1179 autem
2945 1129 3053 1193 est,
3079 1124 3229 1196 quod
3275 1140 3465 1194 neque
3496 1140 3617 1179 cre-

1966 1214 2098 1284 scit,
2124 1228 2311 1284 neque
2335 1212 2640 1268 minuitur.
2667 1213 2797 1267 Haec
2829 1230 2999 1283 porro
3033 1212 3469 1286 ὑποπερατώσεις
3503 1230 3616 1269 non

1967 1307 2160 1359 autem
2212 1299 2652 1375 ἀποπερατώσεις
2678 1301 2924 1372 vocavit,
2955 1301 3095 1373 quia
3126 1306 3319 1358 motus
3368 1306 3459 1358 est
3505 1302 3618 1357 cir-

1966 1392 2212 1457 cularis;
2246 1391 2564 1463 improprie
2585 1407 2717 1446 vero
2742 1390 3059 1445 terminum
3092 1390 3292 1460 habet,
3317 1393 3417 1447 sed
3439 1391 3619 1447 veluti

1964 1481 2311 1550 terminum,
2344 1485 2537 1535 motus
2571 1479 2672 1550 qui
2704 1480 2775 1535 ad
2810 1480 2965 1533 idem
3002 1482 3331 1552 (punctum)
3362 1480 3515 1537 sicut
3544 1480 3617 1536 ab

1967 1571 2165 1641 aliquo
2199 1569 2486 1641 principio
2534 1570 2605 1623 ad
2653 1567 2875 1639 aliquid
2909 1568 3086 1624 veluti
3120 1570 3438 1625 terminum
3470 1587 3523 1624 v.
3558 1586 3616 1642 g.

1966 1660 2250 1716 orientem
2284 1659 2487 1714 fertur.
2516 1659 2682 1725 Nota,
2718 1673 2851 1711 eum
2884 1657 3077 1712 dicere
3109 1658 3286 1713 caelos
3315 1659 3444 1713 sine
3473 1674 3617 1715 sono

1966 1755 2024 1805 et
2054 1750 2277 1819 absque
2312 1764 2489 1803 sensu
2525 1746 2741 1801 moveri
2776 1764 2789 1802 :
2824 1747 2975 1802 I28
3011 1745 3156 1801 illud
3189 1751 3386 1802 autem
3422 1765 3434 1802 :
3471 1749 3616 1816 Qua-

1965 1840 2206 1894 rundam
2225 1838 2516 1893 stellarum
2544 1836 2839 1905 multiplex
2858 1840 3034 1890 motus
3054 1852 3157 1906 quo
3181 1840 3619 1907 transferuntur,

1968 1929 2041 1983 de
2091 1927 2339 1999 planetis
2389 1925 2550 1980 dicit.
2586 1930 2727 1979 Nota
2774 1924 3019 1994 insuper
3068 1924 3247 1991 istud,
3281 1941 3415 1980 eum
3465 1923 3620 1980 solos

1967 2017 2235 2090 planetas
2276 2014 2493 2070 moveri
2547 2013 2876 2069 admittere.
2904 2014 3155 2068 Adverte
3185 2028 3417 2085 quoque
3466 2015 3622 2069 unde

1967 2105 2253 2175 temporis
2285 2102 2746 2159 numerationes.

2044 2197 2308 2266 [Duorum
2344 2191 2736 2258 luminarium,
2768 2208 2887 2262 qua
2921 2190 3151 2263 Eloquia
3180 2198 3373 2246 vocant
3400 2206 3623 2261 magna.

1970 2288 2094 2338 Duo
2126 2280 2444 2337 luminaria
2480 2280 2685 2347 solem,
2719 2283 2776 2333 et
2808 2278 3006 2333 lunam
3040 2279 3183 2332 dicit
3215 2295 3226 2332 :
3264 2284 3467 2350 Magna
3492 2295 3625 2333 vero

1968 2376 2136 2428 vocat
2193 2370 2469 2427 Davidem
2526 2372 2787 2423 secutus.
2835 2368 3070 2439 Eloquia
3121 2366 3380 2422 Psalmos
3438 2367 3627 2437 ipsius

1972 2459 2247 2532 appellat.
2281 2458 2635 2513 Periodicam
2665 2457 3065 2513 restitutionem
3106 2458 3162 2510 in
3203 2458 3528 2527 pristinum,
3554 2456 3626 2509 ab

1971 2552 2175 2608 eodem
2206 2549 2264 2603 in
2298 2548 2451 2603 idem
2490 2546 2951 2617 progressionem
2978 2544 3139 2607 dicit,
3165 2560 3342 2617 quam
3369 2544 3455 2600 sol
3487 2560 3627 2615 quo-

1971 2639 2170 2695 tannis
2216 2636 2459 2706 perﬁcit,
2492 2634 2715 2691 zodiaci
2746 2634 3032 2689 circulum
3066 2649 3448 2705 percurrens;
3487 2632 3628 2687 luna

1972 2745 2107 2784 vero
2142 2730 2297 2782 intra
2341 2725 2563 2796 aliquot
2610 2725 2737 2779 dies
2768 2741 2801 2777 a
2832 2722 3245 2794 conjunctione
3287 2738 3392 2776 sua
3441 2737 3629 2792 usque

1975 2818 2046 2873 ad
2078 2815 2318 2873 totalem
2366 2814 2555 2885 ipsius
2598 2812 3098 2867 imminutionem.
3134 2812 3283 2865 Nota
3311 2826 3445 2864 vero
3479 2816 3627 2864 tem-

1978 2905 2135 2977 poris
2168 2902 2606 2958 numerationes
2636 2918 2702 2955 ex
2742 2901 2856 2966 his,
2887 2916 2952 2955 ac
2994 2903 3275 2970 praeterea
3307 2916 3376 2953 ex
3409 2897 3632 2953 mensi-

1978 2995 2089 3049 bus
2120 2991 2323 3061 sumi.j

2049 3082 2429 3151 Dislinguunt,
2462 3079 2559 3134 Gr.
2595 3075 2929 3153 ἀφορίζουσι.
2964 3077 3222 3132 Perfecte
3254 3074 3566 3130 deﬁniunt.

2056 3170 2382 3226 Divinitalis
2428 3170 2615 3222 omnia
2665 3169 3000 3237 superantis.
3056 3166 3173 3222 Hoc
3228 3165 3403 3220 etiam
3455 3180 3636 3234 supra

221 3258 423 3334 έγραψα
454 3260 520 3327 ³⁸,
581 3256 665 3312 ὅτι
721 3235 809 3312 καὶ
864 3257 915 3313 ἐν
971 3264 1089 3320 τοῖς
1138 3264 1297 3313 πᾶσιν
1343 3260 1371 3314 ὁ
1411 3260 1560 3329 Θεὸς,
1592 3262 1681 3317 καὶ
1713 3235 1865 3317 οὐδέν

1985 3258 2295 3329 adscripsi,
2331 3257 2610 3311 nimirum
2666 3259 2843 3308 Deum
2880 3254 2937 3308 in
2972 3255 3251 3309 omnibus
3304 3267 3453 3319 esse,
3489 3249 3636 3305 nihil

222 3352 322 3402 τῶν
357 3346 629 3405 ἁπάντων.
680 3349 941 3403 Ἐνταῦθα
991 3345 1049 3403 δὲ
1088 3349 1150 3403 τὸ
1199 3348 1368 3404 πλέον
1413 3351 1599 3427 φησὶν,
1644 3350 1725 3405 ὅτι
1782 3353 1872 3406 καὶ

227 3434 299 3491 ἔτι
335 3438 469 3510 ὑπὲρ
514 3434 687 3498 πάσας
742 3438 839 3500 τὰς
882 3436 1065 3501 οὖσίας
1106 3435 1269 3507 ἐστὶν,
1322 3439 1452 3513 ὅπερ
1502 3437 1646 3514 λέγει
1695 3462 1875 3496 κατω-

227 3525 385 3602 τέρω,
445 3524 530 3579 ὅτι
591 3525 682 3580 καὶ
750 3529 859 3581 τῶν
939 3527 1015 3598 μὴ
1075 3521 1244 3581 ὅντων
1315 3525 1427 3582 ἐστὶ
1495 3525 1873 3605 πληρωτικός.

227 3617 363 3690 Ὅρα
394 3612 453 3671 δὶ
494 3618 611 3677 πῶς
656 3612 801 3689 λέγει
847 3617 987 3687 μήτε
1032 3620 1139 3671 τῶν
1188 3613 1300 3671 ἅνω
1347 3622 1662 3694 φθανουσῶν
1712 3619 1878 3687 αὐτῆς

227 3706 322 3773 τὴν
385 3705 690 3778 ὑπεροχὴν,
767 3706 907 3777 μήτε
978 3708 1087 3759 τῶν
1154 3704 1323 3774 κάτω,
1395 3706 1595 3776 ταύτην
1665 3702 1875 3761 διαϐαι-

229 3796 449 3849 νουσῶν·
504 3793 803 3861 τουτέστιν,
856 3791 982 3848 οὔτε
1030 3794 1227 3869 ἀρχὴν,
1279 3790 1402 3848 οὔτε
1448 3796 1613 3870 πέρας
1662 3789 1778 3870 ἔχει
1815 3797 1876 3850 τὸ

233 3888 391 3953 θεῖον,
449 3886 560 3937 τῶν
619 3881 886 3954 οὐρανίων
946 3882 1034 3937 καὶ
1083 3881 1386 3958 ὑπερτέρων
1439 3880 1716 3957 δυνάμεων
1748 3884 1876 3940 ταύ-

231 3994 323 4042 την
377 3972 456 4044 μὴ
503 3966 951 4039 καταλαϐουσῶν,
981 3972 1091 4046 οὑχ
1136 3972 1219 4025 ὅτι
1275 3971 1387 4026 έστὶ
1440 3973 1557 4044 μὲν,
1611 3974 1672 4028 οὑ
1723 3994 1878 4029 κατε-

235 4059 417 4134 λήφθη
454 4056 533 4115 δέ·
565 4062 642 4133 μὴ
675 4059 819 4115 οὕτω
849 4063 1088 4131 νοήσεις
1117 4059 1242 4115 ἀλλ’
1293 4059 1374 4115 ὅτι
1415 4062 1545 4117 αὑτὸ
1594 4060 1715 4117 οὔτε
1745 4062 1876 4117 ἐστί·

232 4147 387 4205 τοῦτο
445 4148 546 4224 γάρ
604 4147 744 4203 ἐστιν
796 4150 830 4218 ἠ
882 4148 933 4203 ἐν
990 4149 1231 4223 ἀγνωσία
1285 4153 1516 4224 γνῶσις.
1571 4149 1878 4227 Ὑπέρτεροι

231 4238 323 4312 γὰρ
355 4237 663 4312 γενόμενοι,
696 4236 785 4291 καὶ
819 4235 909 4292 διὰ
956 4234 1237 4315 φιλοθεῒας
1286 4238 1566 4302 ένωθέντες
1612 4246 1731 4303 ταῖς
1771 4241 1881 4295 ἅνω

236 4324 513 4399 δυνάμεσι,
571 4326 907 4402 γινώσκομεν
971 4325 1054 4381 ὅτι
1116 4327 1251 4400 μετὰ
1314 4327 1524 4384 πάντων
1578 4330 1677 4399 τὴν
1738 4329 1879 4384 θείαν

234 4417 529 4489 ἀγνοοῦμεν
564 4413 745 4492 φύσιν.

306 4505 411 4563 Καὶ
465 4504 713 4583 φωτίζει.
745 4506 1013 4562 Τουτέστῖ
1058 4505 1125 4560 τὰ
1164 4510 1451 4581 χωροῦντα
1496 4508 1595 4575 τὴν
1645 4505 1885 4578 ὁλότητα

1982 3364 2112 3403 esse
2142 3346 2429 3402 omnium.
2461 3345 2565 3398 Hic
2593 3346 2789 3398 autem
2814 3342 3069 3414 amplius
3090 3342 3250 3406 dicit,
3277 3356 3487 3410 nempe
3510 3336 3637 3392 uni-

1981 3453 2180 3491 versas
2212 3435 2388 3490 etiam
2416 3433 2699 3488 essentias
2739 3446 3038 3502 superare,
3070 3430 3227 3500 quod
3265 3428 3512 3482 inferius
3544 3427 3634 3479 di-

1985 3525 2064 3582 cit
2096 3544 2107 3581 :
2139 3540 2298 3595 posse
2326 3522 2495 3578 etiam
2525 3538 2593 3575 ea
2624 3536 2745 3592 quae
2775 3536 2885 3575 non
2918 3524 3047 3574 sunt
3078 3518 3325 3589 implere.
3361 3517 3500 3573 Vide
3531 3532 3633 3570 au-

1984 3619 2102 3670 tem
2136 3613 2426 3684 quomodo
2476 3610 2630 3665 dicat
2661 3623 2675 3662 :
2708 3610 2790 3665 ita
2823 3617 2879 3663 ut
2907 3624 3005 3663 nec
3033 3608 3345 3678 superiores
3398 3604 3468 3659 ad
3516 3605 3635 3674 ejus

1982 3705 2361 3776 prxstantiam
2405 3700 2749 3773 perveniant,
2790 3714 2887 3753 nec
2935 3697 3229 3767 inferiores
3281 3696 3435 3751 hanc
3478 3701 3634 3749 tran-

1985 3797 2170 3855 seant;
2203 3793 2260 3847 id
2294 3795 2401 3858 est,
2428 3789 2791 3845 divinitatem
2824 3802 3013 3857 neque
3038 3785 3413 3856 principium,
3449 3796 3638 3853 neque

1986 3884 2162 3939 finem
2195 3880 2409 3936 habere
2441 3894 2574 3933 cum
2612 3876 2876 3931 coelestes
2923 3880 2980 3931 et
3028 3874 3362 3946 superiores
3391 3872 3637 3926 virtutes

1988 3973 2141 4027 hanc
2162 3970 2404 4025 minime
2422 3966 2944 4038 comprehendant,
2959 3980 3074 4019 non
3099 3963 3252 4034 quod
3278 3961 3357 4017 sit
3375 3959 3635 4032 quidem,

1989 4062 2089 4116 sed
2122 4062 2373 4130 nequeat
2407 4053 2853 4127 comprehendi;
2889 4069 3004 4107 non
3046 4053 3128 4105 ita
3179 4048 3500 4119 intelliges;
3535 4046 3636 4102 sed

1992 4150 2146 4221 quod
2188 4147 2315 4219 ipsa
2365 4161 2480 4199 non
2524 4146 2631 4207 sit;
2684 4142 2793 4196 hoc
2842 4140 2997 4195 enim
3046 4143 3137 4194 est
3184 4138 3244 4192 in
3291 4135 3640 4207 ignoratione

1990 4236 2255 4310 cognitio.
2290 4231 2631 4304 Superiores
2662 4229 2819 4284 enim
2859 4228 3071 4290 effecti,
3103 4232 3278 4297 atque
3307 4226 3408 4280 Dei
3442 4239 3640 4279 amore

1993 4325 2220 4397 superis
2251 4321 2567 4377 virtutibus
2597 4317 2768 4386 uniti,
2794 4315 3204 4387 cognoscimus
3227 4330 3333 4369 nos
3356 4329 3488 4369 cum
3520 4327 3640 4366 om-

1993 4416 2168 4472 nibus
2199 4412 2457 4467 divinam
2489 4409 2761 4479 ignorare
2791 4408 3084 4460 naturam.

2064 4507 2131 4559 Et
2163 4502 2426 4556 illustrat.
2463 4497 2524 4551 Id
2574 4500 2663 4551 est
2712 4511 2781 4550 ea
2830 4509 2961 4565 quae
3009 4491 3404 4563 integritatem
3455 4488 3641 4561 ipsius

238 4595 399 4650 αὑτοῦ
459 4580 597 4670 πρὸς
649 4595 711 4649 τὸ
774 4596 969 4670 μέτρον
1016 4594 1044 4649 ὃ
1093 4580 1361 4671 χωροῦσι·
1424 4595 1508 4650 διὸ
1551 4595 1638 4651 καὶ
1696 4595 1867 4672 μέτρο·

1996 4592 2257 4665 capiunt,
2280 4587 2603 4644 secundum
2631 4598 2964 4639 mensuram
2999 4598 3232 4649 eorum;
3257 4580 3502 4651 ideoque
3524 4594 3643 4635 om-

239 4684 370 4739 εἶναι
404 4682 618 4759 λέγεται
649 4687 756 4738 τῶν
808 4678 999 4738 ὄντων·
1035 4683 1071 4753 ἢ
1103 4683 1186 4739 δτι
1233 4685 1330 4753 τήν
1372 4686 1551 4759 ἀρχὴν
1584 4685 1671 4740 καὶ
1701 4686 1762 4740 τὸ
1792 4685 1884 4741 πέ-

240 4792 331 4846 ρας
362 4773 613 4827 άπάντων
648 4770 953 4843 ἐπίσταται,
988 4773 1063 4835 ὡς
1102 4771 1267 4845 μόνος
1314 4770 1668 4849 δημιουργὸςο
1702 4775 1886 4829 ἑαυτὸν

238 4862 332 4937 γὰρ
362 4862 714 4938 παρακατιὼν
752 4862 807 4936 έρ
817 4860 1061 4935 μηνεύει.

312 4951 410 5006 Καὶ
482 4949 654 5021 τάξις,
711 4949 875 5021 Τάξις
938 4948 1029 5004 διὰ
1086 4954 1247 5006 τοῦτο
1296 4949 1512 5025 λέγεται
1573 4952 1599 5006 ὁ
1656 4954 1808 5023 Θεὸς,
1856 4955 1891 5024 ἢ

246 5036 428 5108 ἔπειδὴ
483 5039 600 5112 μετ’
651 5039 891 5110 εὑταξίας
922 5042 964 5076 ³⁷
1013 5040 1080 5093 τὰ
1127 5038 1296 5095 πάντα
1343 5037 1774 5117 ἐδημιούργησεν
1802 5062 1814 5074 ο
1858 5042 1892 5111 ἢ

250 5126 328 5183 ὅτι
385 5129 565 5183 πίστει
624 5129 772 5204 παρὰ
825 5131 932 5183 τῶν
984 5127 1062 5191 εἰς
1119 5128 1280 5183 αὑτὸν
1331 5130 1641 5207 φοιτώντων
1694 5135 1896 5205 χωρεῖ-

249 5237 331 5271 ται
356 5219 423 5286 ³³,
460 5217 600 5290 μήτε
627 5219 707 5288 τῷ
752 5215 1068 5289 πληθυσμῷ
1107 5217 1232 5279 τοὺς
1278 5216 1687 5293 ἀσθενεστέρους
1735 5239 1898 5273 κατα-

254 5300 545 5377 ϐαπτίζων,
608 5307 749 5380 μήτε
794 5308 864 5380 τῇ
909 5301 1301 5383 συγκαταϐάσει
1354 5307 1437 5362 ἐπ’
1484 5303 1711 5364 ἔλαττον
1756 5306 1903 5385 παρὰ

1996 4682 2159 4738 nium
2194 4695 2318 4752 quae
2349 4676 2641 4732 exsistunt
2671 4689 2947 4729 mensura
2969 4688 3098 4727 esse
3128 4670 3372 4736 dicitur;
3407 4672 3464 4724 et
3493 4667 3649 4739 prin-

1998 4772 2213 4843 cipium
2244 4769 2540 4836 ﬁnemque
2583 4763 2848 4818 omnium
2901 4761 3071 4825 scire,
3104 4764 3169 4814 ut
3198 4758 3359 4815 solus
3390 4759 3647 4824 creator;

2002 4860 2261 4931 seipsum
2292 4854 2448 4911 enim
2482 4852 2727 4907 inferius
2760 4850 3014 4921 exponit.

2074 4930 2137 5003 Et
2167 4946 2315 5003 ordo.
2370 4944 2525 4998 Deus
2575 4943 2880 5012 propterea
2926 4937 3055 4994 ordo
3105 4935 3340 4999 dicitur,
3375 4936 3475 4987 aut
3513 4930 3654 5002 quia

2004 5036 2203 5096 omnia
2244 5049 2375 5089 cum
2412 5032 2562 5086 bono
2603 5029 2807 5084 ordine
2853 5025 3089 5096 creavit,
3124 5027 3225 5078 aut
3254 5038 3319 5076 eo
3350 5019 3505 5091 quod
3540 5020 3654 5074 ﬁde

2008 5129 2079 5185 ab
2099 5126 2174 5182 iis
2194 5124 2294 5197 qui
2319 5125 2390 5180 ad
2422 5122 2618 5194 ipsum
2649 5116 3253 5188 accedunt,capiatur,
3279 5128 3468 5184 neque
3491 5110 3653 5166 inﬁr-

2010 5218 2223 5275 miores
2268 5217 2634 5285 demergens,
2666 5226 2853 5281 neque
2896 5205 3389 5263 condescensione
3418 5203 3491 5259 ad
3521 5202 3658 5257 ino-

2012 5309 2170 5381 piam
2202 5323 2236 5362 a
2265 5303 2487 5361 sanctis
2532 5298 3029 5373 comprehensus;
3063 5295 3164 5352 sed
3213 5310 3316 5366 pro
3346 5293 3500 5350 vasis
3539 5288 3662 5346 mei

1252 5481 1493 5539 VARIJE
1534 5481 1936 5539 LECTIONES
1975 5481 2068 5537 ET
2103 5474 2662 5535 COBRECTIONES.

333 5621 862 5698 “_&1‘!Oﬂ¢pa‘tg’)d’ﬂ_tc.
937 5623 985 5659 ⁸⁴
1017 5618 1389 5698 ὑποστάντων.
1463 5624 1508 5658 ³⁸
1538 5623 1572 5692 ἢ
1606 5621 1905 5698 αὐτάρκως.

270 5693 408 5765 παρὰ
434 5697 545 5750 τῶν
577 5693 705 5772 παρ’
734 5696 898 5752 αὑτοῦ
928 5694 1312 5773 φωτιζομένων
1342 5699 1629 5769 χωρεῖται.

1978 5622 2023 5657 ³⁸
2053 5619 2104 5674 ἐν
2154 5623 2268 5680 τοῖς
2316 5614 2565 5688 ἀνωτέρω
2612 5612 2950 5698 προέγραψα.
3026 5614 3069 5647 ³⁷
3114 5606 3375 5681 ἐξουσίας.
3450 5606 3496 5641 ³⁸
3522 5600 3669 5675 τάξει
