4080 6366
438 401 545 457 247

1256 388 1616 445 ΔΡΡΕΝΒΙΧ
1655 387 1752 438 ΔΙ)
1786 383 2025 437 OPERA
2062 385 2121 437 S.
2162 382 2475 437 DIONYSII
2513 377 3014 433 AREOPAGITE.

3714 380 3811 435 2’18

439 524 773 596 capacitate,
806 519 977 573 sicin
1012 532 1102 570 me
1151 511 1466 566 bonitatem
1516 505 1888 560 scaturiendo
1936 520 2070 576 pro-

2187 505 2288 555 τῶν
2322 501 2634 575 ἁγιωτέρων
2688 494 3071 572 χωρούμενος,
3120 492 3266 549 ἀλλὰ
3302 496 3435 571 πρὸς
3485 497 3545 551 τὸ
3576 496 3700 571 ἐμὸν
3727 499 3816 575 ἆγ-

558 614 617 665 it.

558 614 617 665 it.

437 614 677 756 auium:
709 698 1067 751 mulmimam
1116 687 1522 743 resonantium.
1572 682 2078 748 Quemadmodum

438 788 523 843 sel
558 789 655 858 qui
684 802 856 840 sensu
890 780 1205 852 percipitur
1232 774 1428 830 omnia
1449 771 1702 827 visibilia
1730 771 2077 836 illustrat,ac

436 894 523 933 ελ,
560 892 689 947 quae
722 872 905 943 ipsius
937 868 1131 920 lumen
1168 882 1277 917 non
1314 862 1930 933 participant,propter
1950 877 2077 930 pro-

435 968 621 1038 priam
639 960 1031 1015 inﬁrmitatem
1049 970 1161 1007 non
1180 952 1565 1023 participant:
1592 950 1671 1004 ita
1685 950 1860 1004 etiam
1885 950 1941 1003 in
1960 949 2074 1003 Deo

432 1066 634 1107 manes
660 1049 729 1101 ab
754 1046 877 1115 ipso
902 1042 1350 1096 sanetiticantur
1372 1042 1407 1093 Ι
1425 1040 1521 1094 29
1548 1038 1648 1110 qui
1670 1038 2077 1093 volunt.Recte

428 1134 869 1196 autenidivinus
887 1131 1194 1199 Dionysius
1227 1129 1275 1183 ei
1298 1130 1452 1199 quod
1482 1128 1926 1183 dissentaneum
1950 1130 2075 1182 erat

430 1230 486 1281 in
522 1225 593 1279 iis
624 1239 747 1293 qum
781 1222 850 1275 de
876 1220 996 1274 sole
1041 1218 1416 1285 dicebantur,
1466 1216 1667 1271 statim
1719 1217 2072 1271 medicinam

422 1312 551 1369 fecit
584 1331 597 1367 :
632 1310 912 1382 quoniam
948 1309 1104 1361 enim
1137 1307 1362 1361 dixerat
1412 1305 1595 1361 solem
1630 1305 1836 1360 animae
1869 1322 2074 1377 exper-

420 1408 535 1457 tem
567 1398 946 1469 conspicuam
982 1411 1111 1451 esse
1158 1395 1443 1451 bonitatis
1475 1395 1578 1450 Dei
1610 1395 1941 1465 imaginem,
1974 1412 2070 1449 vo-

422 1490 606 1545 cando
654 1490 982 1542 creaturam
1035 1484 1314 1539 creatoris
1347 1483 1689 1555 imaginem,
1725 1483 1911 1555 primo
1943 1484 2071 1555 qui-

424 1579 556 1633 dem
590 1592 720 1631 mox
752 1573 1039 1644 adjunxit,
1070 1591 1173 1643 pro
1205 1574 1445 1627 minima
1474 1573 1863 1640 similitudine,
1897 1574 1953 1627 in
1988 1589 2072 1627 se-

427 1665 626 1736 quenti
658 1669 851 1719 autem
884 1662 1089 1733 capite,
1125 1662 1267 1717 illud
1323 1662 1518 1732 ipsum
1553 1663 1866 1732 perfectius
1898 1677 2070 1733 expo-

427 1753 532 1808 nit.
568 1752 713 1820 Quid
748 1767 917 1823 porro
950 1750 1030 1805 sit
1057 1746 1367 1803 πολλοστὸν
1399 1748 1678 1823 ἀπῆχημα
1719 1751 1950 1805 minima
1982 1767 2071 1806 re-

420 1844 683 1898 sonantia
712 1857 805 1895 seu
830 1840 1161 1902 similitudo,
1196 1841 1505 1894 dicendum
1540 1846 1630 1893 est
1664 1856 1676 1893 :
1712 1840 1865 1894 sicut
1894 1840 2073 1909 igitur
2104 1871 2149 1935 B

423 1932 472 1987 si
504 1929 637 2000 quis
662 1928 773 1983 alte
803 1928 1128 1982 vociferans
1168 1932 1225 1983 et
1271 1928 1533 1983 clamans
1582 1927 1807 1998 aliquid
1842 1928 2069 1995 dixerit,

421 2022 739 2092 praesentes
773 2017 1037 2087 quidem,
1068 2017 1398 2072 valentibus
1430 2016 1655 2088 praediti
1686 2017 1948 2083 auribus,
1981 2034 2073 2071 vo-

418 2123 541 2162 cem
577 2121 1029 2175 sermonemque
1064 2106 1349 2172 audiunt;
1386 2106 1485 2177 qui
1526 2110 1724 2159 autem
1751 2122 1954 2177 parum
1981 2105 2075 2159 di-

418 2199 821 2264 stant,quanto
844 2195 1302 2265 absunt,[tanto]
1324 2194 1572 2249 debilius
1586 2210 1778 2249 vocem
1803 2195 2071 2261 audiunt;

419 2283 515 2353 qui
546 2299 715 2354 porro
747 2282 996 2353 longiori
1032 2284 1240 2338 remoti
1273 2290 1413 2339 sunt
1439 2284 1652 2354 spatio,
1690 2284 1998 2338 minimam
2021 2286 2077 2338 et

420 2370 901 2426 obscurissimam
956 2371 1081 2426 soni
1153 2376 1376 2442 partem
1449 2372 1712 2444 capiunt,
1766 2377 1831 2426 ut
1876 2388 2074 2425 vocem

422 2459 658 2530 quidem
689 2458 946 2529 aliquam
980 2460 1293 2514 obscuram
1326 2460 1591 2530 audiant,
1626 2462 1723 2515 sed
1761 2462 1914 2531 quod
1950 2477 2077 2531 pro-

425 2546 767 2601 nuntiatum
803 2550 890 2601 est
922 2546 1165 2602 minime
1198 2547 1534 2617 intelligant
1567 2566 1579 2602 :
1614 2550 1769 2603 unde
1809 2548 2077 2620 colligere

426 2635 560 2690 licet
588 2639 817 2689 tantum
850 2651 978 2691 esse
1012 2636 1203 2692 solare
1238 2636 1458 2703 lumen,
1505 2637 1553 2691 si
1587 2654 1719 2691 cum
1754 2654 1885 2691 vero
1917 2654 2075 2692 com-

422 2728 681 2795 paretur,
714 2728 779 2779 ut
810 2725 1185 2795 intercapedo
1217 2725 1443 2797 concipi
1476 2730 1742 2796 nequeat.

491 2812 598 2868 Sed
626 2814 796 2868 etiam
827 2814 897 2867 ad
926 2816 1358 2883 generationem.
1412 2815 1494 2869 Ne
1546 2815 1848 2870 arbitreris
1894 2814 2074 2869 solem

420 2917 546 2956 esse
578 2906 877 2957 auctorem
909 2903 1325 2973 generationis,
1361 2908 1462 2957 aut
1492 2902 1752 2969 vita,aut
1781 2902 2075 2959 educatio-

418 2989 532 3058 nis,
563 2994 665 3044 aut
717 2990 1090 3057 accretionis,
1141 2996 1241 3044 aut
1268 2991 1642 3061 perfectionis
1673 2992 1753 3045 rei
1785 2992 2072 3062 alicujus;

420 3078 574 3135 sicut
603 3093 793 3148 neque
842 3078 1080 3149 aliquod
1129 3078 1284 3133 aliud
1343 3081 1721 3145 elementum,
1773 3082 1879 3136 etsi
1911 3081 2079 3137 valde

421 3165 818 3221 necessarium
847 3172 1020 3237 esset,
1072 3168 1249 3222 veluti
1300 3185 1832 3239 aqua;possumus
1886 3168 2073 3241 siqui-

2187 596 2335 664 γεῖον
2364 590 2535 651 οὕτως
2568 588 2617 643 ἐν
2651 586 2774 661 ἐμοὶ
2807 585 3064 660 πηγάζων
3098 586 3194 653 τήν
3230 585 3555 660 ἀγαθότητα.

2255 859 2403 917 Κατᾶ
2471 859 2779 916 πολλοστὸν
2864 863 3161 935 ἀπήχημα.
3221 861 3425 934 ’Ὠσπερ
3492 859 3518 913 6
3576 858 3818 929 αἲσθητὸς

2184 945 2345 1017 ἥλιος
2378 951 2549 1005 πάντα
2578 952 2643 1005 τὰ
2675 953 2841 1027 ὁρατὰ
2892 951 3138 1026 φωτίζει,
3169 950 3259 1003 καὶ
3307 949 3374 1003 τὰ
3408 949 3483 1021 μή
3537 949 3819 1023 μετέχοντα

2183 1043 2283 1093 τοῦ
2316 1043 2495 1113 φωτὸς
2544 1039 2707 1094 αὐτοῦ
2761 1038 2832 1095 δι’
2883 1039 3083 1094 οἷ’κείαν
3143 1036 3423 1114 ἀδράνειαν
3478 1037 3538 1091 οὐ
3594 1036 3816 1111 μετέχει’

2184 1126 2332 1184 Οὕτω
2363 1129 2451 1182 καὶ
2488 1128 2574 1183 ἐπὶ
2605 1134 2701 1184 τοῦ
2733 1134 2889 1199 Θεοῦ,
2922 1128 3116 1192 πάντες
3157 1128 3283 1201 παρ’
3314 1126 3475 1181 αὐτοῦ
3524 1128 3818 1199 ἁγιάζονται

2184 1213 2299 1269 ὅσοι
2338 1215 2650 1290 βούλονται.
2684 1215 2877 1278 Καλῶς
2924 1214 2980 1270 δὲ
3028 1216 3091 1269 τὸ
3137 1215 3471 1292 ἀπεμφαῖνον
3503 1217 3610 1267 τῶν
3638 1212 3719 1266 ἐπὶ
3747 1217 3818 1284 τῷ

2183 1304 2329 1377 ἡλίῳ
2358 1304 2675 1379 λεγομένων
2709 1307 2866 1369 εὐθὺς
2909 1304 3261 1380 ἐθεράπευσεν
3296 1304 3323 1357 6
3355 1308 3500 1366 θεῖος
3537 1300 3816 1364 Διονύσιος’

2183 1391 2372 1461 ἐπειδὴ
2407 1394 2510 1469 γὰρ
2556 1392 2770 1471 ἐμφανῆ
2822 1394 3006 1449 εἰκόνα
3053 1400 3152 1462 τῆς
3200 1390 3535 1467 ἀγαθότητος
3576 1394 3670 1444 τοῦ
3698 1395 3820 1445 Θεοῦ

2179 1483 2269 1536 τὸν
2304 1479 2468 1550 ἥλιον
2506 1483 2619 1537 εἶπε
2660 1484 2751 1537 τὸν
2788 1480 3028 1557 ἔψυχον,
3069 1483 3131 1536 τὸ
3183 1478 3579 1555 δημιούργημα
3606 1483 3697 1533 τοῦ
3727 1476 3819 1549 δη-

2186 1576 2455 1646 μιουργοῦ
2504 1570 2738 1633 καλέσας
2788 1571 2999 1643 εἰκόνα,
3060 1575 3276 1645 πρῶτον
3340 1570 3434 1642 μὶν
3493 1570 3821 1643 παραχρῆμα

2181 1659 2421 1735 ἐπήγαγε
2468 1662 2605 1715 κατά
2648 1659 2960 1715 πολλοστὸν
3006 1659 3309 1735 ἀπήχημα,
3356 1657 3406 1712 ἐν
3460 1655 3519 1711 δὲ
3573 1661 3651 1724 τῷ
3708 1658 3820 1727 ἑξῆς

2179 1746 2481 1825 κεφαλαίῳ,
2542 1748 2873 1823 τελεώτερον
2936 1748 3109 1823 [αὐτὸ]
3169 1747 3473 1823 σαφηνίζει.
3506 1744 3575 1803 Τί
3623 1742 3679 1799 δέ
3719 1744 3817 1799 ἐστι

2179 1836 2490 1892 πολλοστὸν
2556 1840 2833 1913 ἀπήχημα
2871 1885 2885 1909 ,
2941 1837 3182 1892 λεκτέον
3245 1834 3426 1907 ὥσπερ
3485 1834 3588 1910 γὰρ
3648 1831 3702 1888 εἷ’
3743 1855 3819 1895 τις

2186 1926 2326 2000 μέγα
2360 1928 2563 2000 βοήσας
2591 1928 2679 1981 καὶ
2733 1925 3027 2002 ἀνακράξας
3074 1924 3219 1980 εἷ’ποι
3245 1945 3319 1994 τι,
3350 1924 3440 1978 καὶ
3474 1926 3527 1977 οἱ
3570 1924 3662 2002 μὲν
3691 1943 3818 1998 παρ-

2184 2019 2432 2081 εστῶτες,
2496 2015 2627 2088 [ἐὰν]
2714 2015 3016 2091 ἐρρωμένοι
3088 2015 3183 2077 τὰς
3262 2014 3426 2075 ἀκοὰς
3505 2011 3670 2086 [ὦσι],
3737 2010 3819 2066 καὶ

2181 2110 2282 2172 τῆς
2320 2105 2453 2177 βοῆς
2483 2104 2572 2158 καί
2619 2109 2716 2159 τοῦ
2771 2104 3062 2179 Αεχθέντος
3112 2103 3422 2158 ἀκούουσιν⁸
3457 2103 3511 2156 οἱ
3562 2100 3619 2155 δὲ
3654 2100 3820 2176 βραχὺ

2185 2193 2511 2266 ἀφεστῶτες,
2563 2191 2691 2246 ὅσον
2742 2194 3049 2268 ἀπέχουσι,
3100 2194 3397 2265 [τοςοῦτον]
3456 2188 3821 2264 ἀδρανέστερον

2182 2279 2278 2335 τοῦ
2311 2280 2613 2359 φθέγματος
2646 2281 2973 2355 ἀκροῶνται·
3008 2284 3059 2335 οἱ
3097 2279 3155 2336 δὶ
3200 2278 3286 2335 ἐπὶ
3345 2284 3529 2353 μεῖζον
3568 2277 3827 2349 διάστημα

2185 2369 2587 2444 κεχωρισμένοι
2642 2369 2955 2426 πολλοστὸν
3015 2391 3066 2423 τι
3114 2370 3278 2444 μέρος
3334 2368 3421 2423 καὶ
3464 2366 3826 2440 ἆμυδρότατον

2183 2462 2279 2511 τοῦ
2336 2458 2709 2533 ἀπηχήματος
2765 2454 3165 2531 λαμϐάνουσιν,
3227 2458 3302 2521 ὧς
3344 2464 3534 2534 φωνῆς
3588 2458 3682 2529 μὲν
3711 2455 3830 2523 ἀσή-

2189 2568 2294 2619 μου
2348 2547 2494 2608 τινὸς
2554 2549 2802 2619 ἀκοῦσαι,
2861 2550 2936 2620 μὴ
2994 2555 3188 2616 νοῆσαι
3237 2546 3298 2601 τὸ
3330 2544 3387 2601 δὶ
3417 2548 3461 2582 ³⁸
3513 2542 3827 2620 ὲκφωνηθὲνο

2184 2634 2440 2689 τοσοῦτον
2474 2630 2614 2690 ἔστιν
2651 2632 2945 2691 ὑπολαϐεῖν
2968 2637 3030 2690 τὸ
3060 2634 3295 2705 ἡλιακὸν
3321 2639 3434 2712 φῶς
3461 2639 3545 2706 τῷ
3576 2632 3831 2705 ἀληθινῷ,

2186 2725 2259 2785 ὡς
2290 2725 2375 2778 καὶ
2411 2720 2766 2797 ἀσύμϐλητον
2802 2725 2933 2779 εἶναι
2965 2724 3027 2779 τὸ
3059 2724 3240 2796 μέσον.

2259 2810 2437 2870 Ἀλλᾶ
2491 2812 2579 2866 καὶ
2636 2814 2772 2886 πρὸς
2845 2814 2942 2881 τὴν
3002 2813 3207 2887 γένεσιν
3244 2856 3257 2868 .
3313 2813 3406 2881 Μὴ
3466 2808 3695 2884 νομίσῃς
3743 2808 3826 2864 τὸν

2186 2898 2347 2969 ἥλιον
2380 2900 2727 2973 γενέσεως,
2774 2906 2941 2972 ζωῆς,
2988 2899 3023 2969 ἢ
3074 2900 3372 2970 αὐξήσεως,
3410 2900 3445 2967 ἢ
3495 2897 3828 2966 τελειότητος

2187 2988 2358 3043 αἶ’τιον
2411 2990 2547 3043 εἶναι
2600 2995 2708 3044 τῶν
2771 2987 2942 3045 ὄντων
2995 2989 3165 3051 τινός·
3201 2989 3378 3064 ὥσπερ
3438 2985 3572 3042 οὐδὶ
3621 2984 3755 3042 ἄλλο
3782 3006 3829 3039 τι

2188 3084 2462 3153 στοιχεῖον
2519 3070 2582 3146 ⁴σ,
2630 3078 2675 3132 εἰ
2725 3080 2814 3133 καὶ
2874 3076 3079 3155 σφόδρα
3126 3077 3288 3153 τύχοι
3344 3081 3451 3131 τῶν
3517 3075 3827 3149 ἀναγκαίων,

2189 3168 2300 3221 οἷον
2353 3167 2416 3221 τὸ
2473 3165 2643 3241 ὕδωρ
2706 3164 2928 3221 δυνατὸν
2981 3168 3082 3241 γὰρ
3140 3168 3288 3238 ἡμᾶς
3345 3162 3683 3241 διαγενέσθαι
3746 3162 3826 3217 καὶ

421 3256 553 3310 dem
586 3253 909 3309 consistere
938 3261 994 3311 et
1034 3263 1255 3326 absque
1307 3237 1428 3311 sole
1476 3237 1536 3312 et
1580 3274 1752 3328 aqua,
1803 3260 2070 3329 quamvis

2187 3254 2353 3324 ἡλίου
2404 3237 2603 3331 χωρὶς,
2652 3256 2742 3310 καὶ
2792 3237 3009 3323 ὕδατος,
3055 3237 3107 3309 εἰ
3165 3237 3252 3309 καὶ
3307 3255 3381 3327 μὴ
3414 3237 3666 3323 τελείως,
3714 3250 3832 3306 ἀλλ’

424 3343 624 3397 minus
676 3343 948 3413 perfecte,
999 3349 1255 3399 attamen
1306 3344 1480 3417 longo
1533 3352 1796 3417 tempore
1834 3363 1845 3401 :
1881 3364 2076 3402 verum

424 3431 579 3486 Deus
611 3430 806 3486 sciens
831 3433 1047 3503 [omne]
1084 3433 1269 3505 frigus
1286 3450 1415 3489 esse
1447 3436 1687 3491 omnino
1720 3436 2074 3502 sterile,mo-

427 3520 695 3575 deratum
725 3525 924 3575 autem
964 3521 1216 3577 calorem
1265 3524 1334 3577 ad
1387 3525 1819 3594 generationem
1868 3525 2076 3593 facere,

428 3612 602 3677 atque
634 3608 846 3678 stirpes
870 3614 925 3664 et
956 3611 1182 3664 semina
1201 3611 1464 3682 indigere
1491 3613 1883 3681 caloris,sicut
1904 3615 2077 3670 etiam

425 3710 669 3765 corpora
699 3696 898 3750 omnia
937 3713 1062 3767 quae
1112 3698 1228 3751 vita
1263 3699 1537 3754 fruuntur
1589 3717 1689 3755 seu
1737 3702 1939 3755 sensili
1972 3721 2073 3758 seu

422 3782 746 3853 vegetativa
771 3801 782 3851 ;
820 3784 1007 3838 multa
1026 3802 1160 3840 vero
1193 3789 1552 3857 purgare,ita
1577 3794 1640 3843 ut
1670 3790 1729 3843 in
1760 3791 2073 3846 candorem

420 3871 701 3939 ferantur,
734 3871 887 3925 sicut
928 3877 1118 3927 vestes
1168 3879 1224 3928 et
1253 3875 1403 3939 alia;
1442 3890 1717 3930 renovare
1758 3882 1951 3932 autem
1984 3895 2073 3934 se-

418 3959 582 4014 mina
614 3976 746 4030 quze.
774 3960 1146 4027 refrixerunt,
1176 3964 1307 4028 ejus
1338 3963 1418 4016 rei
1472 3964 1661 4033 gratia
1691 3964 1872 4020 solem
1910 3983 1970 4021 se
1993 3968 2075 4023 ita

420 4047 638 4103 habere
672 4048 829 4115 fecit,
860 4055 922 4103 ut
970 4051 1125 4104 dicta
1156 4052 1355 4105 omnia
1396 4052 1677 4107 creatoris
1722 4070 1899 4123 opera
1931 4073 2071 4126 pras-

416 4141 555 4201 stet,
591 4153 726 4191 cum
759 4155 876 4193 non
909 4156 975 4193 ex
1006 4156 1114 4194 sua
1145 4140 1443 4195 voluntate
1466 4146 1567 4196 aut
1587 4142 1800 4197 virtute
1825 4150 2075 4213 potesta-

414 4228 537 4280 tem
590 4226 896 4296 acceperit.
950 4228 1095 4281 Dicit
1157 4228 1266 4283 hoc
1318 4230 1567 4299 perfecte
1636 4230 1695 4285 S.
1740 4231 2070 4305 Dionysius,

419 4321 705 4385 tanquam
748 4315 1009 4386 seipsum
1044 4316 1301 4387 amplius
1355 4323 1687 4388 exponeret,
1738 4320 1980 4375 inferius
2012 4324 2069 4377 in

412 4402 526 4458 ﬁne
570 4403 785 4474 capitis
831 4404 1043 4473 quinti,
1096 4410 1273 4475 atque
1325 4406 1381 4459 in
1435 4406 1550 4461 ﬁne
1595 4408 1765 4478 sexti,
1812 4409 2070 4484 intellige

412 4489 633 4562 [igitur]
670 4506 897 4547 secure.
932 4509 1121 4564 neque
1153 4495 1521 4564 pervertaris.

474 4668 567 4721 Est
598 4683 876 4724 mensura.
915 4670 1025 4725 Sed
1080 4670 1298 4727 dicitur
1346 4689 1623 4731 mensura
1670 4680 1729 4731 et
1779 4693 2063 4733 numerus

402 4758 852 4827 tempestatum,
888 4764 1197 4829 propterea
1227 4763 1381 4831 quod
1434 4763 1586 4819 diem
1622 4764 1903 4837 incipiat;
1939 4767 2063 4823 dies

404 4849 602 4900 autem
656 4846 919 4902 revoluta
969 4848 1147 4903 efficit
1198 4867 1456 4919 annum;
1511 4854 1641 4908 ideo
1688 4861 1929 4910 vocatus
1973 4861 2062 4911 est

404 4949 705 5004 mensura,
775 4937 955 4991 veluti
1025 4942 1285 4993 nostram
1349 4942 1596 4997 metiens
1644 4944 1862 5013 vitam;
1917 4946 2057 5001 dicit

404 5022 561 5077 enim
597 5041 609 5077 :
651 5027 935 5095 Temporis
964 5029 1142 5081 nostri
1170 5031 1434 5084 universi.

478 5112 581 5165 Hoc
610 5113 757 5167 enim
787 5119 865 5168 est
897 5115 1041 5170 illud
1074 5116 1278 5171 lumen.
1315 5116 1463 5171 Nota
1494 5118 1695 5187 solem,
1724 5123 1897 5177 etiam
1919 5141 2051 5179 eum

399 5199 590 5269 ﬁgura
622 5209 865 5268 careret,
905 5208 1021 5259 tres
1055 5205 1209 5259 I30
1242 5206 1367 5261 dies
1398 5208 1497 5277 qui
1532 5211 1661 5278 ejus
1696 5213 2050 5268 creationem

397 5296 828 5357 praecesserunt
859 5292 1214 5357 illustrasse,
1259 5300 1435 5365 atque
1484 5296 1673 5351 lucem
1707 5317 1829 5365 quae
1862 5302 2051 5368 prima

396 5376 686 5446 producta
718 5378 845 5447 fuit,
878 5379 969 5433 die
1001 5385 1212 5449 quarta
1243 5382 1300 5436 in
1336 5384 1519 5439 solem
1569 5389 2045 5445 transformatam

2190 3342 2280 3397 οὖν
2314 3344 2490 3398 ἰκανὸν
2525 3344 2758 3419 χρόνονο
2787 3342 2913 3400 ἀλλ’
2944 3342 3103 3406 εἰδὼς
3136 3345 3164 3398 6
3195 3344 3345 3411 Θεὸς,
3379 3341 3461 3398 ὅτι
3515 3344 3578 3397 τὸ
3615 3343 3704 3415 μὲν
3734 3344 3829 3414 ψυ-

2188 3433 2322 3507 χρὸν
2360 3431 2542 3505 [ἅπαν]
2591 3434 2804 3506 ἄγονον*
2854 3433 3159 3495 παντελῶς*
3212 3433 3276 3487 τὸ
3308 3430 3365 3486 δὲ
3414 3432 3833 3507 μεμετρημένως

2188 3523 2386 3596 θερμὸν
2439 3528 2829 3597 γενεσιουργεῖ,
2878 3523 2968 3576 καὶ
3025 3521 3109 3577 ὅτι
3154 3521 3221 3576 τὰ
3269 3521 3407 3599 φυτά
3452 3522 3547 3575 καὶ
3577 3520 3643 3575 τὰ
3682 3520 3829 3593 σπέρ-

2191 3630 2330 3681 ματα
2362 3612 2699 3685 θερμότητος
2736 3608 2926 3678 δεῖται,
2956 3610 3030 3672 ὡς
3062 3610 3151 3664 καὶ
3198 3609 3265 3663 τὰ
3310 3610 3543 3681 σώματα
3581 3608 3745 3663 πάντα
3770 3606 3831 3660 τὰ

2190 3700 2333 3766 ζωὴν
2388 3693 2588 3773 ἔχοντα
2637 3696 2740 3753 εἷίτε
2797 3698 3117 3768 αἰσθητικὴν
3175 3696 3283 3753 siit:
3341 3700 3593 3774 φυτικήν”
3650 3694 3829 3759 καθαί-

2186 3807 2367 3860 ρονται
2401 3785 2457 3841 δὲ
2483 3788 2687 3859 πολλὰ,
2719 3787 2793 3849 ὠς
2823 3788 2912 3841 καὶ
2963 3786 3037 3851 εἷς
3085 3786 3387 3857 λευκότητα
3435 3787 3712 3864 φέρεσθαι,
3759 3782 3827 3846 ὠς

2185 3875 2407 3945 ἐσθῆτες
2454 3876 2541 3931 καὶ
2591 3875 2753 3931 ἄλλα·
2786 3879 3000 3932 ἀνανεοῖ
3053 3876 3109 3932 δὶ
3157 3878 3245 3932 καὶ
3288 3879 3355 3932 τὰ
3408 3878 3648 3952 ψυγέντα
3678 3876 3827 3944 σπέρ-

2188 3985 2349 4037 ματα·
2398 3965 2593 4020 τούτου
2642 3968 2804 4040 χάριν
2854 3967 2945 4019 τὸν
2995 3964 3159 4034 ἥλιον
3211 3964 3382 4026 οὕτως
3434 3964 3586 4041 ἒχειν
3627 3964 3828 4042 φύσεως

2183 4054 2578 4125 ἐποίησεν,⁴’ίνα
2625 4056 2692 4110 τὰ
2740 4057 3002 4131 εἶ’ρημένα
3055 4056 3228 4111 πάντα
3284 4060 3419 4130 ποιῇ
3469 4057 3532 4112 ἐκ
3587 4060 3681 4111 τοῦ
3738 4052 3828 4122 δη-

2186 4149 2476 4218 μιουργοῦ,
2532 4146 2594 4199 τὸ
2655 4144 2911 4209 δύνασθαι
2972 4141 3157 4201 λαϐὼν
3219 4146 3319 4199 οὑκ
3363 4145 3421 4200 ἐκ
3473 4144 3827 4221 προαιρέσεως

2183 4230 2321 4296 ἰδίας
2372 4234 2405 4302 ἢ
2461 4231 2760 4306 δυνάμεως.
2817 4240 2988 4289 Τοῦτο
3045 4233 3272 4296 τελείως
3332 4236 3489 4311 φησὶν
3554 4236 3581 4288 6
3615 4236 3759 4308 ἅγιος
3788 4235 3825 4267 ⁴¹

2181 4323 2482 4394 Διονύσιος,
2545 4324 2727 4377 ἑαυτὸν
2806 4324 2986 4399 ὥσπερ
3059 4323 3489 4399 ἐπεξηγούμενος
3546 4322 3827 4396 κατωτέρω

2181 4408 2230 4464 ἐν
2290 4416 2368 4482 τῷ
2426 4410 2572 4467 τέλει
2624 4417 2720 4467 τοῦ
2778 4412 3031 4485 πέμπτου
3088 4410 3435 4488 κεφαλαίου,
3497 4414 3588 4467 καὶ
3648 4411 3696 4465 ἓν
3750 4413 3826 4480 τῷ

2176 4498 2319 4554 τέλει
2369 4505 2466 4554 τοῦ
2518 4499 2695 4558 ἕκτου.
2745 4500 2868 4555 Νόει
2923 4502 3064 4574 [οὖν]
3112 4499 3389 4578 ἀσφαλῶς,
3441 4502 3534 4556 καὶ
3590 4502 3665 4573 μὴ
3714 4496 3821 4553 δια-

2098 4602 2145 4668 D
2178 4588 2427 4667 στρέφου.

2245 4678 2451 4753 Μέτρον
2508 4679 2637 4735 έστί.
2701 4678 2911 4755 Μέτρον
2971 4677 3061 4734 διὰ
3106 4684 3267 4734 τοῦτο
3324 4679 3536 4755 λέγεται
3589 4680 3617 4733 ὁ
3665 4675 3821 4747 ἥλιος

2172 4766 2260 4820 καὶ
2310 4768 2539 4842 ἀριθμὸς
2586 4770 2765 4845 ὡρῶν,
2813 4766 3002 4837 ἐπειδὴ
3047 4772 3146 4837 τῆς
3195 4769 3405 4843 ἡμέρας
3454 4765 3636 4843 ἄρχει·
3688 4769 3721 4836 ἠ
3768 4762 3821 4819 δὲ

2170 4855 2353 4929 ἡμέρα
2400 4856 2847 4930 ἀνακυκλουμένη
2897 4857 2987 4911 τὸν
3054 4858 3254 4932 χρόνον
3298 4861 3465 4912 ποιεῖ·
3524 4854 3616 4911 διὰ
3665 4860 3818 4909 τοῦτο

2173 4946 2366 5017 μέτρον
2399 4945 2631 5016 ἐκλήθη,
2667 4950 2756 5001 οἷα
2792 4948 2891 5016 τήν
2922 4948 3193 5021 ἡμετέραν
3231 4950 3441 5023 μετρῶν
3474 4948 3645 5016 ζωήν·
3679 4943 3819 5019 λέγει

2166 5034 2266 5109 γὰρ
2299 5035 2499 5096 παντὸς
2530 5040 2626 5090 τοῦ
2659 5037 2778 5090 καθ’
2799 5038 2947 5109 ἡμᾶς
2980 5036 3207 5112 χρόνου,

2234 5123 2377 5178 Αὐτὸ
2434 5123 2533 5199 γὰρ
2595 5124 2708 5179 ἐστι
2761 5125 2823 5179 τὸ
2873 5128 3010 5201 φῶς.
3062 5124 3377 5196 Σημείωσαι
3436 5123 3520 5178 ὅτι
3582 5124 3610 5177 6
3669 5121 3825 5191 ἥλιος

2162 5213 2252 5266 καὶ
2296 5214 2389 5274 τὰς
2438 5220 2585 5287 τρεῖς
2634 5213 2842 5288 ἡμέρας
2891 5214 2985 5274 τὰς
3035 5215 3140 5288 πρὸ
3191 5221 3291 5283 τῆς
3333 5213 3499 5269 αὐτοῦ
3551 5216 3823 5281 ποιήσεως

2160 5300 2415 5376 ἐφώτιζεν
2452 5304 2866 5376 ἀσχημάτιστος
2900 5301 2997 5358 ὥν·
3033 5302 3121 5357 καὶ
3175 5302 3257 5356 ὅτι
3308 5303 3373 5357 τὸ
3415 5304 3820 5377 πρωτόκτιστον

2160 5395 2273 5454 φῶς
2328 5396 2395 5465 τῇ
2448 5394 2678 5468 τετάρτῃ
2730 5391 2914 5469 ἡμέρᾳ
2970 5392 3449 5467 μετεσχηματίσθη
3513 5390 3590 5453 εἰς
3632 5388 3813 5459 ἥλιον·

1433 5565 1674 5623 VARI/i3
1706 5568 2095 5628 LECTIONES
2118 5572 2207 5628 ET
2238 5573 2799 5632 CORRECTIONES.

476 5682 521 5716 39
549 5686 739 5749 νοῆσαι
773 5679 829 5736 δὲ
857 5682 939 5739 τὸ.
1017 5686 1061 5720 ⁴⁰
1089 5688 1193 5739 τῶν
1226 5688 1536 5763 στοιχείων.
1618 5694 1657 5729 ‘1
1686 5694 1847 5757 Θιιος.
