4080 6366
185 384 286 439 249

951 386 1011 438 8.
1052 383 1325 437 MAXIMI
1364 383 1670 438 SCHOLIA
1708 381 1781 433 IN
1818 379 1951 432 LIB.
1992 380 2088 433 DE
2125 383 2396 436 DIVINIS
2432 384 2843 438 NOMINIBUS.

3496 384 3603 439 250

181 508 263 566 καὶ
296 508 383 564 ὅτι
412 510 645 583 ἡμερῶν
674 505 871 579 τριάδα
919 508 1106 583 φησὶν,
1166 507 1240 568 ὡς
1284 507 1375 561 καὶ
1416 508 1443 560 6
1479 505 1643 581 μέγας
1674 502 1834 560 Βασί-

1958 504 2161 575 fuisse;
2196 522 2447 579 eumque
2477 508 2805 564 ternionem
2829 509 3055 565 dierum
3089 509 3303 578 dicere,
3326 513 3391 565 ut
3420 511 3595 567 etiam

182 599 323 661 λειος
382 599 437 653 έν
478 601 549 671 τῇ
606 598 928 671 Ἐξαημέρῳ
983 599 1165 671 σαφῶς
1209 614 1393 673 φησιν’
1428 593 1600 650 έκεῖνο
1646 590 1702 647 δὶ
1762 592 1838 664 μὴ

182 686 574 763 παραδράμῃς,
625 684 707 740 ὅτι
738 687 805 740 τὰ
842 685 1220 760 προειρημένα
1259 684 1321 738 οὐ
1350 685 1473 758 περὶ
1505 685 1601 737 τοῦ
1652 680 1838 751 ἡλίου,

184 774 329 832 ἀλλὰ
354 776 479 851 περὶ
511 780 611 830 τοῦ
643 773 1104 851 σχηματισθέντος
1135 773 1211 836 εἷς
1242 772 1403 843 ἥλιον
1434 770 1842 848 πρωτοκτίστου

188 868 363 943 φωτὸς
398 862 610 940 έῤῥήθη
622 908 634 920 .

250 961 337 1017 Ὧς
361 953 656 1029 έναρχικτς.
685 954 978 1010 Τουτέστιν
1012 952 1160 1027 ἆρχή
1191 953 1278 1006 καὶ
1314 950 1461 1006 αἰτία
1488 958 1588 1020 τῆς
1613 950 1751 1022 πρὸς
1778 950 1841 1002 τὸ

185 1040 349 1105 ὄντως
382 1043 632 1105 ένώσεως
662 1042 697 1111 ἢ
731 1044 1074 1116 ὁμοιώσεως.

249 1224 354 1281 Καὶ
387 1222 450 1278 οῦ
481 1222 691 1296 έφίεται
741 1224 934 1280 πάντα.
994 1224 1134 1298 ’Ὀρα
1193 1226 1312 1283 πῶς
1367 1219 1565 1297 διαιρεῖ
1593 1220 1659 1274 τὰ
1713 1218 1841 1273 ὅντα

174 1315 367 1385 πάντα,
400 1312 489 1367 καὶ
521 1312 648 1388 περῖ
679 1312 771 1366 τὸν
797 1314 1008 1366 πάντων
1045 1307 1171 1365 ὅντα
1226 1307 1474 1386 βασιλέα,
1537 1309 1597 1363 οὗ
1653 1307 1742 1362 καὶ
1773 1308 1840 1360 τὰ

174 1400 303 1457 ὅντα
361 1401 564 1478 ἐφίεται
614 1402 779 1456 πάτα.
842 1401 1016 1469 Φησὶν
1077 1398 1168 1455 οὖν
1222 1404 1438 1475 πρῶτον
1487 1398 1667 1473 νοερὰ,
1728 1398 1841 1451 εἶτα

174 1491 607 1566 λογικά.Νοερᾶ
639 1490 730 1544 οὗν
790 1490 891 1543 εἰσι
940 1490 1007 1544 τὰ
1070 1492 1145 1562 μή
1202 1488 1509 1564 μεμιγμένα
1568 1488 1835 1558 σώμασιν,

176 1585 296 1636 οἷον
366 1582 417 1634 αἱ
473 1580 837 1654 ὑπερκόσμιοι
869 1577 1125 1652 δυνάμεις
1183 1585 1370 1633 πᾶσαι·
1422 1576 1622 1651 λογικᾶ
1670 1572 1727 1629 δὲ
1788 1575 1839 1629 αἱ

178 1669 516 1744 ἀνθρώπιναι
572 1668 772 1744 ψυχαὶ,
824 1668 877 1722 αἱ
926 1670 1024 1737 τήν
1056 1668 1241 1742 σχέσιν
1305 1665 1529 1741 ἔχουσαι
1587 1664 1724 1737 πρὸς
1778 1664 1839 1718 τὸ

178 1765 364 1831 σῶμα,
408 1758 589 1821 καθώς
632 1756 771 1812 ἐστιν
807 1759 834 1812 6
883 1757 1140 1827 αἰσθητὸς
1194 1754 1494 1830 ἄνθρωπος·
1547 1753 1591 1808 εί
1651 1753 1750 1828 γὰρ
1811 1754 1837 1806 ὁ

177 1845 286 1902 ἔσω
334 1845 621 1923 ἅνθρωπος
678 1846 845 1919 μόνον
898 1846 1126 1922 ἐνεργεῖ,
1172 1846 1307 1939 κατὰ
1336 1846 1425 1899 τὸν
1477 1840 1837 1939 Ἀπόστολοιν,
1872 1875 1917 1939 Β

176 1935 448 1991 τουτέστιν
494 1937 530 2004 ἠ
564 1935 742 2010 ψυχὴ,
772 1936 847 2008 μή
878 1935 979 2003 τήν
1009 1940 1180 1989 πᾶσαν
1232 1933 1435 2008 ἔχουσα
1482 1934 1666 2008 σχέσιν
1700 1932 1837 2008 πρὸς

177 2030 357 2099 σῶμα,
390 2024 512 2079 τότε
540 2025 722 2097 νοερὸς
753 2026 780 2079 6
828 2023 1134 2099 ἅνθρωπος,
1193 2022 1255 2077 οὐ
1307 2025 1417 2096 μὴν
1463 2023 1700 2096 λογικῶς
1741 2042 1836 2075 κα-

176 2114 332 2169 λοῖτο
363 2113 447 2184 ἃν,
470 2114 608 2168 κατὰ
636 2114 697 2167 τὸ
727 2117 830 2167 πᾶν
861 2118 999 2182 ζῶον
1020 2115 1082 2168 τὸ
1117 2112 1175 2167 έκ
1197 2113 1450 2185 σώματος
1480 2112 1569 2166 καὶ
1604 2110 1839 2185 λογικῆς

176 2208 362 2279 ψυχῆς
422 2204 711 2263 συνεστώς.
763 2206 1086 2263 Γνωστικῶς
1126 2200 1183 2256 δέ
1234 2224 1365 2276 φησι
1423 2203 1489 2255 τὰ
1540 2201 1700 2275 νοερὰ
1746 2200 1835 2254 καὶ

175 2293 377 2368 λογικὰ
406 2292 645 2367 ἐφίεσθαι
704 2297 801 2345 τοῦ
856 2296 1010 2359 Θεοῦ,
1054 2292 1128 2353 ὡς
1162 2291 1314 2369 φύσει
1373 2290 1689 2366 προσούσης
1738 2289 1835 2342 αὖ·

170 2389 291 2444 τοῖς
321 2389 421 2451 τῆς
452 2380 678 2457 ὀρέξεως
706 2380 936 2452 ταύτης,
966 2384 1066 2435 τοῦ
1096 2386 1296 2457 γνῶναι
1329 2380 1421 2434 τὸν
1450 2384 1556 2433 τῶν
1614 2380 1832 2433 πάντων

175 2470 428 2546 βασιλέα,
460 2470 551 2525 καὶ
587 2469 835 2547 μετέχειν
895 2477 996 2539 τῆς
1047 2469 1388 2545 ἆγαθότητος
1419 2468 1605 2536 αὐτοῦ,
1639 2465 1727 2521 διὰ
1776 2468 1835 2520 τὸ

171 2564 305 2614 εἶναι
337 2562 436 2629 τὴν
490 2563 677 2636 ψυχὴν
712 2560 1019 2635 γνωστικὴν
1042 2558 1132 2613 καὶ
1186 2556 1437 2634 λογικὴν,
1466 2556 1649 2619 καλῶς
1679 2556 1835 2631 λέγε-

168 2670 257 2703 ται
309 2650 399 2704 καὶ
428 2652 463 2717 ἡ
524 2643 701 2726 ἔφεσις
748 2652 844 2702 τοῦ
875 2648 1096 2723 ἀγαθοῦ.
1147 2647 1225 2702 Τὰ
1256 2645 1314 2701 δὲ
1344 2645 1519 2721 ἄλογα
1552 2649 1663 2714 ζῶα
1717 2645 1834 2698 κατ’

170 2739 338 2807 αὐτὴν
372 2740 471 2807 τήν
504 2738 827 2809 αἰσθητικὴν
892 2734 1121 2809 δύναμιν
1167 2742 1311 2806 ζωῆς
1342 2734 1565 2812 ἐφίεταιο
1601 2732 1685 2788 διὸ
1744 2732 1831 2787 καὶ

170 2832 261 2882 τοῦ
293 2828 523 2903 ἀγαθοῦ’
580 2829 649 2882 τά
705 2824 762 2881 δὲ
810 2825 1128 2895 ἀναίσθητα,
1180 2828 1294 2879 οἷον
1339 2826 1405 2879 τὰ
1436 2825 1576 2899 φυτᾶ
1623 2823 1710 2877 καὶ
1767 2822 1835 2876 τὰ

173 2918 363 2992 ἄψυχα
410 2915 499 2971 καί
533 2918 701 2986 ἄζωα,
734 2915 938 2992 ἐφίεται
992 2914 1088 2989 μὶν
1122 2919 1361 2992 φυσικῶς
1381 2918 1425 2950 ⁴²
1473 2918 1571 2968 τοῦ
1604 2908 1827 2989 ἀγαθοῦ,

172 3007 228 3062 οὐ
262 3009 380 3079 μὴν
408 3004 501 3059 ’ίνα
531 3007 620 3060 καὶ
669 3010 782 3080 γνῷ
825 3004 980 3076 αὐτὸ,
1034 3002 1161 3059 ἀλλ’
1188 3002 1280 3058 ’ίνα
1314 3003 1493 3079 μείνῃ,
1528 3002 1659 3078 ὅπερ
1720 3000 1829 3055 έστὶ

173 3096 337 3168 μόνον
370 3099 439 3169 τῇ
465 3098 665 3171 φυσικῇ
696 3094 870 3168 ἐφέσει
903 3093 1238 3167 συνεχόμενα
1277 3095 1423 3169 παρὰ
1478 3094 1572 3147 τοῦ
1632 3092 1829 3167 ἀγαθοῦ

168 3184 241 3247 εἷς
268 3186 334 3240 τὸ
370 3188 508 3239 εἶναι
541 3184 696 3239 αὐτά.

239 3456 419 3509 Πάντα
471 3452 655 3527 ἀολλῇ
700 3457 869 3508 ποιεῖ.
924 3450 1160 3521 ’Δολλῆ,
1195 3450 1653 3524 συνηθροισμένα.
1709 3453 1834 3508 Ὀτι

175 3544 200 3597 6
228 3543 397 3612 ἥλιος
431 3542 647 3618 λέγεται
680 3543 827 3617 παρὰ
850 3542 912 3595 τὸ
941 3540 1123 3605 ἀολλῆ
1155 3546 1330 3594 ποιεῖν
1376 3541 1468 3594 καὶ
1504 3540 1745 3614 συνάγειν
1769 3542 1836 3593 τὰ

180 3629 641 3705 διεσκεδασμέναι,
698 3631 787 3685 καὶ
844 3630 925 3684 ὅτι
984 3629 1195 3703 ἀναιρεῖ
1251 3630 1312 3682 τὸ
1363 3632 1499 3683 εἶναι
1559 3629 1683 3683 Θεὸν
1742 3630 1833 3683 τὸν

177 3720 363 3793 ἥλιον,
392 3720 437 3776 εί
486 3720 578 3775 καὶ
610 3717 797 3774 πολλὰ
828 3716 1053 3791 εἴπομεν
1073 3720 1116 3753 ⁴³
1144 3724 1243 3786 τῆς
1300 3716 1540 3791 εὐχερῶς
1601 3714 1840 3793 δίαστρε-

180 3810 422 3887 φομένης
456 3807 718 3864 δοκοῦντα
748 3806 959 3862 ἐναντία
992 3809 1150 3862 εἶναι.

250 3900 399 3956 Κατὰ
454 3900 547 3953 τὸν
608 3905 709 3967 τῆς
776 3896 1172 3967 παλαιότητος.
1240 3895 1387 3949 Κατὰ
1431 3895 1521 3949 τὸν
1581 3899 1677 3961 τῆς
1732 3916 1833 3950 πα-

182 3987 477 4059 λαιότητος
513 3986 705 4062 λόγον,
739 3985 774 4055 ἢ
808 3988 891 4040 ὅτι
924 3984 1200 4053 Ἕλληνες
1235 3986 1505 4060 ὑπῆρχον,
1535 3987 1678 4047 θεῖος
1710 3995 1835 4039 Διο-

181 4078 359 4139 νύσιος
407 4077 499 4132 καὶ
535 4078 562 4131 6
611 4082 753 4139 θεῖος
794 4074 1057 4147 Τιμόθεος
1080 4078 1144 4147 “,
1201 4074 1274 4136 ὡς
1333 4074 1384 4128 έν
1430 4080 1549 4137 ταῖς
1610 4076 1837 4150 Πράξεσι

180 4172 283 4221 τῶν
316 4166 487 4242 ἁγίων
531 4165 852 4220 ἀποστόλων
907 4162 1192 4233 δηλοῦται·
1226 4164 1259 4232 ἢ
1317 4165 1407 4218 τὸν
1461 4165 1643 4238 μωρὸν
1700 4166 1835 4237 [τὸν]

182 4260 284 4308 τῶν
313 4254 603 4324 Ἑλλήνων
638 4252 799 4328 λόγον
848 4252 1001 4331 φησί’
1035 4252 1266 4307 παλαιὸν
1317 4252 1418 4328 γάρ
1467 4253 1557 4306 καὶ
1608 4255 1837 4329 ἀρχαῖον

184 4346 225 4379 ⁸⁸
248 4344 335 4398 τὸν
368 4343 537 4413 ἥλιον
571 4340 780 4418 ἔλεγον,
806 4343 881 4405 ὡς
915 4341 964 4397 έν
996 4344 1066 4414 τῇ
1094 4338 1361 4414 κωμῳδίᾳ
1390 4339 1621 4414 εἷ’ρηται.

250 4433 676 4508 Ἀνακαθαίρειν.
768 4430 995 4506 Εἴρηται
1078 4432 1199 4505 γάρ’
1283 4429 1617 4507 Προσέλθετε
1702 4433 1839 4508 πρὸς

188 4522 360 4591 αὐτὸν,
394 4524 482 4577 καὶ
518 4521 847 4596 φωτίσθητε·
881 4522 968 4575 καὶ
1002 4521 1067 4575 τά
1116 4519 1384 4596 πρόσωπα
1436 4522 1587 4594 ὑμῶν
1641 4520 1705 4575 οὐ
1759 4523 1834 4595 μὴ

184 4615 580 4687 καταισχυνθῇ.

256 4703 375 4758 ’Ὁτι
414 4702 699 4775 ἠγάπησαν
732 4698 897 4755 πολῦ.
931 4704 1023 4771 Τῷ
1060 4700 1163 4773 γὰρ
1216 4697 1494 4774 ἀγαπῶντι
1554 4697 1699 4753 πολὺ
1751 4702 1839 4754 καὶ

192 4789 373 4862 [πολὺ]
406 4788 713 4860 δοθήσεται·
745 4789 826 4845 τῶ
858 4785 915 4842 δὲ
972 4784 1193 4843 ἔλαττον
1217 4789 1281 4855 ⁸³,
1341 4789 1478 4863 πρὸς
1533 4787 1594 4842 τὸ
1645 4788 1837 4865 μέτρον

186 4885 283 4947 τῆς
314 4878 694 4953 ἀγάπης²8περ
726 4876 876 4951 λέγει
909 4876 1131 4945 ἄνω,ὅτι
1158 4874 1306 4946 τάξις
1325 4876 1415 4931 καὶ
1451 4875 1643 4951 μέτρον
1675 4880 1836 4950 ἡμῶν

194 4966 331 5022 ἐστιν
359 4970 385 5022 6
418 4967 569 5029 Θεός.

258 5059 402 5125 §VI.
464 5056 567 5113 Καὶ
624 5055 1014 5130 ὑπερκόσμιον.
1063 5054 1140 5109 Τὸ
1188 5052 1558 5127 ὀπερκόσμιον
1593 5054 1839 5130 εἰρῆσθαι

188 5148 335 5212 νοῦν,
390 5144 462 5207 ὥς
491 5166 655 5199 τινων
721 5144 813 5217 μὲν
850 5144 981 5216 ὑπὲρ
1010 5142 1137 5204 τοὺς
1183 5143 1387 5204 πάντας
1412 5143 1653 5215 κόσμους
1677 5139 1842 5200 ὄντων

188 5238 326 5288 νοῶν
381 5234 545 5310 ἁγίων
600 5233 883 5303 ἀνωτάτω,
934 5231 1133 5303 τάξεων
1178 5230 1511 5306 ἀγγελικῶν,
1568 5238 1724 5288 τινῶν
1786 5232 1842 5290 δὲ

268 5398 339 5465 (υ)
367 5397 515 5455 Psal.
547 5413 752 5467 χχχιιι,
779 5399 835 5452 6.

1951 611 2201 667 magnus
2233 597 2485 654 Basilius
2516 598 2573 652 in
2607 598 2960 654 Hexaemero
3005 604 3202 671 aperte
3244 599 3415 657 dicit:
3449 599 3595 656 illud

1951 689 2145 741 autem
2198 704 2311 742 non
2371 688 2800 759 praetermittas,
2834 689 3115 745 nimirum
3163 706 3232 746 ea
3278 706 3407 761 qua;
3460 692 3596 746 ante

1951 775 2108 831 dicta
2139 781 2299 846 sunt,
2334 794 2447 832 non
2482 779 2553 831 de
2583 778 2723 845 sole,
2757 778 2857 834 sed
2890 778 2961 835 de
2992 779 3183 850 prima
3214 785 3409 836 creata
3438 779 3594 850 luce,

1951 881 2078 936 qua:
2108 865 2169 919 in
2200 864 2382 921 solem
2415 866 2838 939 transﬁgurata
2868 873 2975 936 est,
3010 868 3140 923 dici.

2023 955 2299 1026 Tanquam
2326 957 2665 1028 principium
2695 958 2947 1024 unitatis,
2979 957 3075 1013 Gr.
3109 956 3185 1017 ὠς
3216 954 3501 1031 έναρχική,
3536 958 3593 1013 id

1950 1047 2039 1099 est
2069 1044 2421 1115 principium
2454 1050 2511 1099 et
2540 1062 2718 1101 causa
2741 1046 3024 1102 unitionis
3049 1045 3135 1101 vel
3167 1046 3597 1117 similitudinis,

1952 1149 2079 1203 quae
2110 1148 2307 1188 revera
2337 1134 2473 1189 talis
2504 1139 2608 1189 est.

2024 1222 2286 1294 Quodque
2353 1229 2616 1296 appetunt
2675 1227 2890 1282 omnia.
2948 1224 3094 1281 Vide
3152 1226 3446 1298 quomodo
3515 1242 3607 1281 res

1952 1328 2155 1367 omnes
2187 1312 2429 1383 dividat,
2465 1318 2522 1369 et
2552 1315 2623 1369 de
2665 1332 2798 1387 rege
2830 1315 3119 1386 omnium,
3152 1332 3327 1387 quem
3361 1332 3453 1371 res
3485 1332 3610 1371 om-

1950 1417 2053 1456 nes
2082 1405 2378 1473 expetunt.
2414 1402 2564 1457 Dicit
2596 1402 2775 1475 igitur
2826 1405 3015 1476 primo
3044 1404 3206 1479 γοερά
3243 1422 3311 1460 ea
3339 1422 3466 1477 quae
3517 1404 3607 1459 in-

1949 1488 2253 1560 telligunt,
2313 1491 2523 1546 deinde
2574 1492 2772 1565 λογικά
2830 1492 2933 1547 illa
2981 1510 3109 1565 quae
3160 1493 3604 1550 ratiocinatione

1949 1583 2216 1634 utuntur.
2262 1579 2442 1652 Νοερά
2471 1579 2652 1652 igitur
2682 1585 2840 1650 sunt,
2866 1598 2991 1653 quae
3027 1598 3141 1637 non
3175 1587 3314 1638 sunt
3344 1582 3605 1653 corpori-

1950 1668 2062 1723 bus
2110 1668 2412 1740 permista,
2458 1668 2634 1725 veluti
2693 1671 2914 1726 mundo
2972 1672 3306 1742 superiores
3354 1672 3604 1727 virtutes

1951 1774 2188 1825 omnes;
2242 1753 2437 1832 λογικά
2487 1775 2621 1814 vero
2671 1765 2813 1814 sunt
2857 1760 3166 1815 hominum
3218 1761 3443 1825 animai,
3477 1777 3603 1831 quea

1952 1847 2161 1902 atl‘ectu
2188 1847 2247 1902 in
2282 1864 2494 1919 corpus
2526 1849 2813 1917 feruntur,
2844 1849 2999 1905 sicut
3027 1849 3299 1906 sensibus
3331 1849 3606 1907 addictus

1951 1936 2153 1991 homo:
2188 1937 2237 1992 si
2270 1937 2427 1992 enim
2472 1937 2718 1994 interior
2764 1938 2961 2009 homo,
2996 1940 3323 1994 secundum
3354 1940 3607 2012 Aposto-

1948 2025 2095 2096 lum,
2128 2030 2359 2081 tantum
2411 2031 2708 2098 operatur,
2740 2027 2797 2083 id
2830 2031 2919 2084 est
2950 2028 3146 2084 anima
3202 2045 3315 2084 non
3365 2044 3602 2083 omnem

1948 2131 2086 2187 erga
2118 2133 2331 2188 corpus
2386 2117 2654 2171 aﬂ'ectum
2688 2117 2935 2184 habens,
2967 2123 3094 2173 tum
3128 2116 3314 2190 νοερός
3373 2134 3475 2173 seu
3508 2117 3603 2173 in-

1950 2204 2183 2260 tellectu
2222 2204 2347 2260 solo
2377 2210 2607 2261 constat
2637 2206 2839 2275 homo;
2867 2212 3266 2263 verumtamen
3298 2211 3605 2262 vocaretur

1948 2291 2209 2365 λογικῶς,
2242 2294 2396 2349 sicut
2437 2311 2611 2350 omne
2658 2295 2879 2351 animal
2927 2298 3082 2367 quod
3142 2313 3211 2352 ex
3258 2313 3499 2368 corpore
3546 2300 3605 2351 et

1947 2384 2147 2438 anima
2179 2382 2447 2439 rationali
2489 2389 2741 2440 constat.
2772 2386 2867 2440 Ait
2910 2390 3105 2441 autem
3137 2386 3296 2457 νοερά
3320 2390 3378 2440 et
3406 2381 3602 2459 λογικά

1947 2477 2214 2544 appetere
2243 2473 2577 2543 cognitione
2612 2478 2819 2542 Deum,
2842 2478 3124 2545 tanquam
3148 2491 3179 2529 a
3201 2478 3412 2529 natura
3442 2474 3602 2529 hunc

1946 2561 2271 2632 appetitum
2313 2560 2589 2629 habeant,
2624 2578 2818 2634 regem
2870 2563 3136 2617 omnium
3188 2562 3602 2634 cognoscendi,

1945 2656 2123 2722 atque
2176 2650 2494 2705 bonitatem
2556 2652 2685 2721 ejus
2740 2652 3153 2723 participandi,
3204 2668 3270 2707 eo
3320 2653 3477 2724 quod
3530 2652 3606 2707 sit

1945 2740 2137 2795 anima
2169 2740 2501 2811 cognitione
2532 2744 2591 2795 et
2634 2741 2860 2795 ratione
2906 2741 3169 2812 praedita,
3204 2745 3357 2795 recte
3388 2740 3606 2796 dicitur

1942 2836 1999 2886 et
2030 2830 2164 2885 boni
2197 2830 2511 2902 appetitus.
2548 2830 2722 2886 Porro
2757 2830 3037 2886 animalia
3070 2830 3293 2886 ratione
3323 2831 3604 2887 destituta

1943 2920 2146 2976 sensili
2179 2920 2291 2974 ista
2327 2919 2534 2975 virtute
2564 2920 2742 2975 vitam
2784 2924 3100 2993 appetunt;
3134 2920 3381 2991 ideoque
3420 2920 3597 2976 etiam

1940 3010 2194 3078 bonum;
2229 3025 2356 3079 qua:
2385 3013 2582 3063 autem
2608 3025 2785 3065 sensu
2820 3013 3040 3079 carent,
3069 3013 3133 3063 ut
3164 3009 3401 3081 stirpes,
3427 3013 3607 3081 atque

1940 3097 2041 3152 illa
2073 3114 2199 3169 quae
2233 3098 2432 3153 anima
2464 3102 2521 3153 et
2560 3098 2681 3153 vita
2726 3098 3054 3169 privantur,
3092 3097 3442 3153 naturaliter
3473 3098 3605 3169 qui-

1944 3187 2077 3241 dem
2111 3188 2333 3242 bonum
2381 3190 2688 3258 appetunt,
2723 3203 2839 3241 non
2873 3186 3112 3259 quidem
3165 3190 3230 3241 ut
3278 3186 3475 3258 ipsum
3509 3203 3609 3242 co-

1861 3239 1903 3306 α
1943 3239 2486 3347 ganga'ag‘adzt
2508 3239 2860 3346 magna;
2882 3239 3611 3347 a'aaa.‘.a...‘.‘ai;.i;.-

1945 3364 2051 3419 rali
2075 3363 2331 3436 appetitu
2358 3381 2390 3418 a
2412 3365 2564 3419 bono
2589 3364 2648 3419 in
2674 3364 3015 3420 exsistenlia
3036 3381 3143 3419 sua
3163 3368 3605 3422 conservantur.

2019 3452 2217 3506 Omnia
2256 3450 2435 3519 ἀολλῆ
2467 3454 2628 3523 Iasii.
2662 3448 2870 3519 Ἀολλῆ
2905 3469 3007 3507 seu
3037 3455 3383 3522 congregata.
3410 3451 3605 3507 Solem

1946 3541 2087 3597 dicit
2116 3538 2277 3608 ἥλιον
2312 3542 2505 3595 vocari
2550 3541 2685 3610 quia
2718 3541 2984 3613 dispersa
3013 3536 3193 3608 ἀολλῆ
3228 3543 3395 3607 ποιεῖ,
3428 3540 3485 3594 id
3518 3544 3610 3596 est

1946 3632 2263 3702 congregat
2294 3633 2351 3685 et
2399 3628 2650 3701 colligit;
2688 3634 2977 3702 negatque
3010 3629 3191 3685 solem
3242 3646 3370 3685 esse
3398 3628 3605 3697 Deum,

1947 3720 2053 3774 etsi
2091 3718 2280 3774 multa
2310 3718 2634 3773 dixerimus
2666 3735 2793 3790 quae
2845 3717 2931 3773 illi
2985 3718 3278 3775 contraria
3307 3718 3614 3775 videantur

1948 3826 2073 3881 quis
2108 3807 2274 3863 facile
2302 3808 2749 3879 detorquentur.

2015 3904 2191 3955 Juxta
2220 3897 2593 3969 antiquitatis.
2626 3898 2804 3953 Juxta
2838 3897 3215 3969 antiquitatis
3250 3912 3605 3966 sermonem,

1949 3993 2051 4044 aut
2083 3988 2237 4059 quod
2271 3986 2520 4059 gentiles
2546 3988 2786 4042 fuerunt
2818 3986 3055 4042 divinus
3088 3986 3398 4059 Dionysius
3428 3991 3485 4042 et
3516 3986 3607 4041 di-

1946 4079 2117 4131 vinus
2146 4075 2507 4145 Timotheus,
2534 4075 2686 4130 sicut
2713 4074 2770 4128 in
2805 4075 2967 4130 Actis
3000 4080 3337 4129 sanctorum
3372 4079 3607 4147 aposto-

1946 4165 2135 4221 lorum
2170 4164 2526 4230 declaratur;
2555 4168 2657 4218 aut
2678 4162 2928 4218 stultum
2952 4163 3232 4233 gentilem
3268 4180 3601 4219 sermonem

1947 4255 2109 4309 dicit.
2146 4251 2383 4306 Παλαιόν
2414 4251 2569 4306 enim
2595 4255 2650 4306 et
2674 4250 2903 4323 ἀρχαῖον
2939 4252 3185 4307 stultum
3220 4252 3607 4307 nominabant

1947 4345 2094 4399 13]
2133 4342 2338 4407 solem,
2372 4342 2525 4395 sicut
2556 4341 2614 4394 in
2647 4340 2935 4395 commdia
2965 4341 3202 4396 dicitur.

2019 4437 2355 4500 Repurgare.
2412 4429 2639 4485 Dicitur
2686 4429 2843 4484 enim
2889 4447 2901 4484 :
2949 4429 3192 4485 Accedite
3240 4429 3309 4484 ad
3362 4445 3509 4497 eum,
3556 4430 3607 4486 et

1946 4521 2403 4581 illuminamini;
2470 4526 2523 4574 et
2580 4520 2749 4590 facies
2816 4523 3010 4575 vestrae
3076 4535 3187 4574 non
3250 4521 3606 4590 con/unden-

1869 4603 1915 4666 D
1950 4615 2043 4665 iur
2068 4614 2161 4678 (v).

2018 4699 2169 4770 Quia
2198 4705 2523 4753 amaverunt
2567 4698 2829 4753 multum.
2863 4697 3116 4753 Multum
3149 4698 3303 4753 enim
3353 4697 3601 4769 amanti,

1948 4789 2202 4844 multum
2235 4786 2410 4841 etiam
2452 4785 2686 4840 dabitur
2718 4805 2731 4853 ;
2769 4786 2901 4841 huic
2934 4791 3130 4841 autem
3184 4787 3401 4853 minus,
3428 4788 3605 4855 juxta

1949 4893 2287 4933 mensuram
2340 4874 2666 4941 charitatis,
2719 4876 2874 4946 quod
2930 4876 3205 4946 superius
3251 4875 3333 4930 ait
3373 4891 3386 4931 :
3430 4876 3601 4931 Deum

1948 4983 2063 5023 esse
2092 4966 2357 5021 ordinem
2387 4972 2437 5019 et
2466 4980 2787 5019 mensuram
2813 4973 3081 5019 nostram.

2019 5058 2045 5125 §
2092 5055 2181 5110 VI.
2235 5057 2296 5109 Et
2342 5052 2871 5125 supermundanam,
2907 5054 3019 5107 'Gr.
3072 5050 3161 5104 καὶ
3215 5049 3603 5123 ὑπερκόσμιον.

1950 5147 2203 5201 Mentem
2229 5143 2340 5200 dici
2378 5141 2739 5217 ὑπερκόσμιον
2776 5143 2995 5197 mundo
3030 5141 3602 5212 superiorem,veluti

1950 5241 2148 5294 essent
2176 5251 2467 5307 supremae
2499 5236 2765 5307 quaadam
2801 5237 3014 5289 sancta:
3052 5236 3277 5289 mentes
3309 5233 3601 5306 angelico-

1180 5516 1425 5573 VARME
1465 5517 1864 5577 LECTIONES
1904 5523 1995 5578 ET
2032 5518 2601 5578 CORRECTIONES.

271 5642 317 5720 "_
334 5644 600 5720 ψυχικῶς.
678 5644 726 5720 ‘3_
756 5643 891 5720 εἷπε.
963 5639 1338 5720 β-ᾄεμφότεροι
1363 5642 1402 5720 ,ὃ
1432 5662 1501 5720 τε
1519 5642 1664 5706 θεῖος
1695 5651 1868 5720 diem,
1900 5645 2221 5720 καὶ--ὁ-ᾅγιρς
2252 5644 2537 5715 Τιμόθεος.
2614 5644 2657 5679 ⁴⁸
2684 5643 2777 5698 τὸν
2811 5642 2993 5719 μωρὸν
3027 5639 3239 5719 ἔλεγον,
3292 5641 3327 5712 ἢ
3378 5639 3459 5697 ὅτι
3506 5639 3599 5696 καὶ

206 5710 356 5768 αὐτὸν
382 5710 469 5770 τῖν
502 5714 666 5784 ἠλιον
701 5714 931 5790 ἀρχαῖον
962 5710 1216 5785 ἐκάλουν,
1251 5710 1326 5777 ὦς
1357 5714 1409 5769 έν
1436 5717 1505 5788 τῇ
1536 5714 1827 5790 κωμῳδίᾳ.
1856 5710 1865 5717 ’
1906 5721 1949 5755 ⁴⁶
1980 5717 2025 5790 ᾦ
2057 5710 2383 5772 δὲ’ἔλτττον.
