4080 6366
440 350 545 406 251

1261 355 1627 408 APPENDIX
1666 355 1762 407 AD
1799 351 2039 405 OPERA
2076 351 2134 403 S.
2174 349 2489 404 DIONYSII
2530 352 3033 408 AREOPAGITE.

3742 361 3839 416 252

450 494 582 534 rum
622 478 895 534 ordinum
949 495 1133 551 supra
1191 480 1445 535 mundos
1504 478 1811 534 universos
1847 494 1860 532 :
1894 474 2097 544 aliqua:

2245 472 2546 547 πικοσμίων
2583 518 2596 545 ,
2656 474 2901 532 τουτέστι
2959 480 3068 532 τῶν
3120 475 3209 533 ἰπὶ
3263 480 3333 551 τῇ
3393 474 3699 557 λειτουργίᾳ
3742 490 3841 542 τῶν

452 572 647 624 autem
681 568 835 624 circa
873 570 1161 625 mundum
1192 573 1409 636 essent,
1444 569 1501 624 id
1532 573 1621 625 est
1650 568 1803 623 circa
1832 564 2097 620 ministe-

451 658 605 713 rium
636 659 992 712 mundorum
1021 663 1469 729 occuparentur,
1496 657 1827 713 constituta:
1859 654 1915 709 in
1951 653 2100 724 ipso-

453 763 585 802 rum
645 746 1231 815 administrationem,
1283 765 1316 802 a
1368 747 1843 819 quibusdamque
1893 740 2098 797 mundi

2209 561 2453 635 κόσμων,
2516 564 2591 628 εἰς
2626 563 2895 637 διοίκησιν
2929 568 3105 623 αὐτῶν
3138 566 3503 642 τεταγμένων,
3561 575 3664 626 τῶν
3711 578 3845 650 παρά

2207 672 2315 707 τισι
2373 653 2462 708 καὶ
2514 660 2889 731 κοσμαγωγῶν
2945 655 3278 731 λεγομὲνων.
3335 661 3501 711 Τινῶν
3557 656 3612 714 δὲ
3666 660 3839 737 ἐγκοσ-

2214 741 2351 814 μίων
2386 748 2525 799 νοῶν
2558 740 2744 817 ὄντων,
2779 747 3080 821 ἀνθρώπων
3120 767 3179 801 τε
3206 748 3294 801 καὶ
3349 745 3619 821 ἀγγέλων,
3676 750 3846 828 [evap-

452 840 709 892 rectores
742 835 1096 891 dicerentur.
1121 836 1341 908 Aliquaa
1367 853 1499 891 vero
1532 839 1758 891 mentes
1790 834 1847 887 in
1880 831 2100 886 mundo

2245 836 2327 905 βῶν
2360 853 2417 886 τε
2464 835 2550 888 καὶ
2607 834 2958 910 ποΛιούχων·
3013 836 3101 889 καὶ
3152 835 3239 890 ἐπὶ
3288 840 3394 891 τῶν
3421 834 3717 907 ἐκκλησιῶν
3762 842 3844 897 καὶ

452 929 832 980 versarentur
852 924 1160 980 hominum
1186 930 1361 991 atque
1382 924 1744 995 angelorum,
1766 921 2102 977 nationibus

2246 924 2318 974 ῶν
2371 921 2541 996 ἁγίων
2572 966 2585 991 ,
2647 924 2721 986 ὡς
2777 924 2828 978 ἐν
2892 928 2961 989 τῆ
3018 922 3386 998 Ἀποκαλύψει
3429 925 3585 1000 φησὶν
3631 928 3659 981 6
3713 930 3845 993 θεῖος

456 1014 885 1086 praefectorum,
911 1018 967 1068 et
1007 1014 1318 1085 praesidum
1353 1014 1680 1078 civitatum,
1711 1016 1886 1082 atque
1919 1010 1976 1064 in
2009 1026 2101 1065 ec-

456 1101 652 1157 clesiis
685 1107 741 1156 et
779 1104 1017 1169 sanctis,
1051 1103 1204 1158 sicut
1252 1103 1310 1157 in
1361 1101 1708 1175 Apocalypsi
1760 1101 1840 1155 ait
1873 1098 2105 1155 divinus

454 1192 731 1261 Joannes,
762 1209 828 1247 ac
858 1191 915 1246 in
950 1193 1171 1247 caeteris
1218 1193 1423 1247 mundi
1465 1189 2017 1256 constitutionibus;
2052 1191 2107 1241 et

458 1280 819 1352 psalmorum
852 1285 1055 1336 cantor
1088 1281 1227 1336 dicit
1252 1298 1265 1336 :
1288 1282 1489 1337 Castra
1521 1280 1835 1335 metabitur
1866 1278 2108 1349 angelus

457 1369 722 1438 Domini;
750 1370 969 1425 mundo
992 1370 1260 1441 superior
1281 1375 1371 1426 est
1395 1368 1741 1441 spiritualis,
1763 1368 1918 1425 circa
1940 1384 2107 1423 mun-

459 1458 603 1514 dum
634 1458 931 1524 animalis,
964 1457 1024 1512 in
1062 1460 1282 1514 mundo
1332 1458 1604 1514 carnalis.
1644 1456 1818 1513 Aliter
1846 1474 1857 1512 :
1891 1456 2105 1511 Mundo

462 1551 552 1605 est
581 1547 869 1619 superior,
896 1547 997 1619 qui
1022 1548 1376 1620 theologiam
1399 1548 1627 1620 dirigit;
1647 1547 1801 1604 circa
1824 1546 2109 1601 mundum

463 1640 551 1693 est
582 1634 684 1705 qui
716 1634 1043 1691 naturalem
1065 1637 1649 1709 contemplationem;
1685 1637 1743 1691 in
1767 1636 1988 1691 mundo
2019 1640 2112 1691 est

465 1723 565 1796 qui
593 1724 866 1779 virtutem
896 1725 952 1779 in
985 1727 1211 1780 actione
1238 1726 1673 1781 consistentem.

2214 1008 2503 1080 Ἰωάννης,
2556 1013 2641 1067 καὶ
2698 1011 2784 1067 ἐπὶ
2835 1014 2940 1066 τῶν
2987 1011 3181 1085 ἐτέρων
3223 1018 3500 1086 κοσμικῶν
3552 1012 3844 1089 διατάξεων*

2213 1098 2303 1153 καὶ
2336 1100 2363 1152 6
2396 1098 2700 1173 ψαλμῳδὸς
2722 1099 2779 1155 ’δέ
2810 1122 2963 1178 φησι·
2999 1097 3350 1178 Παρεμϐαλεῖ
3378 1100 3609 1179 ἅγγελος
3642 1106 3846 1181 Κυρίου·

2221 1188 2591 1263 ὑπερκόσμιός
2651 1188 2793 1244 ἐστιν
2856 1191 2883 1245 ὁ
2956 1191 3342 1263 πνευματικός·
3426 1191 3771 1264 περικόσμιος
3826 1194 3851 1247 6

2218 1275 2500 1350 ψυχικός’
2581 1276 2870 1353 ὲγκόσμιος
2948 1279 2976 1333 ὁ
3046 1279 3373 1354 σαρκικόςδτ.
3432 1278 3649 1345 ’Ἄλλως
3705 1282 3855 1357 ὑπερ-

2218 1365 2450 1439 κόσμιὸς
2479 1365 2619 1422 ἐστιν
2654 1367 2681 1421 ὁ
2710 1367 2799 1422 καὶ
2832 1369 2927 1436 τὴν
2963 1368 3245 1444 θεολογίαν
3300 1368 3663 1444 κατορθώσας·
3714 1391 3855 1446 περι-

2217 1455 2447 1528 κόσμιος
2494 1458 2522 1511 6
2582 1458 2681 1526 τὴν
2737 1459 2967 1535 φυσικὴν
3030 1457 3281 1532 θεωρίαν·
3342 1457 3636 1535 ἐγκόσμινς
3685 1460 3711 1513 6
3764 1460 3854 1528 τὴν

2217 1547 2521 1619 πρακτικὴν
2552 1546 2771 1619 ἀρετήν.

540 1812 739 1868 Omnia
767 1829 1127 1885 congregans.
1160 1818 1380 1871 Cuncta
1423 1814 1601 1869 simul
1654 1814 1894 1880 faciens,
1927 1818 1985 1869 et
2022 1813 2113 1869 fo-

2294 1812 2473 1869 Πάντα
2520 1814 2840 1887 συνάγουσα.
2890 1814 3065 1887 Ὁμοῦ
3116 1815 3291 1869 πάντα
3337 1817 3593 1882 ποιοῦσα,
3625 1813 3710 1868 καὶ
3737 1810 3858 1876 θάλ-

466 1917 609 1958 vens
640 1918 707 1957 ac
738 1919 978 1975 augens,
1011 1908 1182 1973 atque
1209 1908 1598 1960 commutans.

542 1991 788 2046 Dirimit.
851 1995 1191 2064 Ignorantia
1253 1994 1407 2050 enim
1473 2012 1507 2049 a
1573 1993 1688 2049 Deo
1749 1992 1975 2063 dividit,
2044 1992 2117 2048 si-

471 2084 573 2139 cut
612 2080 811 2135 lumen
861 2082 1051 2153 magis
1099 2082 1323 2155 colligit
1370 2087 1427 2139 et
1473 2082 1775 2153 convertit,
1826 2087 1894 2138 ut
1941 2098 2122 2154 supra

473 2168 640 2225 dixit.

545 2258 995 2330 Opinationibus.
1056 2260 1541 2330 Simulacrornm,
1600 2266 1657 2317 et
1725 2260 2122 2318 multitudinis

477 2350 744 2417 deorum,
777 2366 925 2421 quos
957 2350 1195 2405 habent.

557 2440 698 2504 Visa,
728 2439 825 2494 Gr.
858 2438 1149 2513 φαντασίας
1184 2438 1483 2501 Φαντασίας
1531 2439 1986 2512 imaginationes
2032 2440 2124 2495 di-

478 2525 577 2594 cit,
610 2527 905 2583 fabulosas
936 2527 1089 2583 circa
1119 2528 1382 2599 sensilia,
1416 2537 1518 2586 aut
1547 2534 1830 2602 tanquam
1863 2529 2123 2598 sensilia,

476 2614 882 2687 cogitationes.

548 2704 724 2772 §VII.
758 2706 822 2760 Et
865 2709 926 2760 ut
972 2706 1289 2776 pulchrum.
1325 2706 1574 2762 Pulcher
1622 2707 1858 2778 quidem
1908 2706 2130 2761 dicitur

478 2793 634 2850 Deus
664 2793 722 2847 in
755 2794 991 2850 Cantico
1024 2794 1382 2851 canticorum
1418 2812 1429 2850 :
1463 2796 1549 2851 sic
1579 2796 1759 2867 igitur
1788 2795 1964 2850 etiam
1998 2795 2127 2867 pul-

478 2881 751 2938 chritudo
781 2884 1015 2939 dicitur.
1050 2884 1229 2938 David
1268 2900 1280 2938 :
1312 2887 1600 2955 Speciosus
1641 2888 1819 2951 forma
1849 2900 1965 2953 prz
1994 2883 2129 2952 ﬁliis

479 2971 765 3026 hominum
793 2972 895 3043 (:c).
930 2972 1249 3027 Pulchrum
1293 2978 1487 3028 autem
1529 2973 1746 3028 dicitur
1775 2973 1950 3029 etiam
1981 2972 2128 3027 illud

483 3059 636 3131 quod
672 3059 1170 3131 pulchritudinem
1205 3062 1533 3134 participat.
1564 3063 1809 3118 Advorte
1839 3061 2129 3133 quomodo

482 3148 539 3204 in
587 3148 762 3204 rebus
813 3150 1111 3205 dividatur
1158 3151 1471 3222 pulchrum
1522 3156 1579 3208 et
1633 3152 2033 3225 pulchritudo,
2066 3150 2125 3205 in

481 3237 900 3309 participantes
931 3245 988 3293 et
1032 3255 1131 3295 eas
1161 3256 1289 3310 quae
1340 3241 1491 3296 fiunt
1523 3240 1863 3313 participes;
1900 3240 1954 3294 in
2012 3241 2125 3295 Deo

482 3330 677 3381 autem
721 3344 837 3382 non
883 3328 964 3383 ita
992 3345 1003 3383 :
1041 3327 1411 3399 pulchritudo
1443 3329 1599 3385 enim
1632 3329 1866 3399 dicitur,
1892 3332 2127 3400 propter

482 3415 759 3472 omnibus
802 3417 1297 3474 communicatam
1331 3419 1402 3473 ab
1434 3419 1562 3491 ipso
1606 3419 2124 3490 pulchritudinem,

481 3509 540 3561 et
570 3506 721 3577 quod
755 3511 965 3561 cuncta
995 3508 1064 3562 ad
1099 3524 1160 3563 se
1192 3513 1379 3575 vocet;
1413 3508 1725 3580 pulchrum
1758 3513 1952 3565 autem
1986 3507 2127 3562 dici-

482 3599 601 3661 tur,
635 3598 699 3649 ut
737 3612 970 3667 semper
1014 3596 1302 3653 exsistens
1338 3602 1394 3653 et
1427 3614 1729 3670 nunquam
1784 3599 2131 3654 decrescens

485 3687 587 3740 aut
615 3700 973 3739 accrescens.

558 3773 711 3828 182
744 3772 1056 3827 Secundum
1084 3789 1141 3828 se
1166 3776 1459 3844 uniforme.
1495 3774 1649 3831 Deus
1674 3780 1763 3831 est
1795 3775 2133 3831 uniusmodi

487 3860 820 3933 pulchrum,
854 3862 1133 3933 quoniam
1177 3878 1366 3934 neque
1410 3864 1691 3919 dividitur
1721 3864 1779 3919 in
1813 3864 2048 3920 habitus
2079 3868 2135 3919 et

486 3949 856 4005 diversitates
915 3951 1371 4022 pulchritudinis
1428 3952 1767 4021 etl‘ectrices,
1824 3969 2012 4023 neque
2064 3954 2136 4009 ad

489 4039 636 4094 alios
658 4038 895 4110 quidem
920 4040 1228 4110 pulchrum
1254 4041 1533 4112 possidet,
1557 4042 1626 4096 ad
1653 4041 1796 4097 alios
1822 4058 1936 4097 non
1963 4042 2135 4109 item;

494 4128 595 4183 sed
631 4127 1080 4185 immutabiliter
1114 4130 1309 4201 ipsum
1346 4130 1653 4202 pulchrum
1693 4131 1819 4186 sine
1853 4131 2141 4203 principio

496 4220 555 4272 et
587 4216 991 4288 dissolutione,
1019 4219 1145 4275 sine
1171 4219 1292 4275 ulla
1318 4220 1620 4275 atl‘ectione
1650 4236 1716 4275 ac
1746 4220 1945 4275 eodem
1970 4221 2141 4276 modo

500 4320 732 4376 semper
760 4309 869 4372 est,
895 4309 953 4358 et
989 4311 1292 4377 propterea
1323 4308 1537 4363 dicitur
1566 4312 1699 4364 ante
1748 4308 1961 4365 habere
1990 4309 2049 4364 in
2081 4325 2144 4365 se

498 4393 1022 4464 pulchritudinem,
1051 4394 1229 4449 veluti
1270 4397 1442 4451 etiam
1478 4401 1612 4452 ante
1660 4402 1958 4454 creaturas
1988 4399 2145 4454 exsi-

499 4486 663 4537 stens
694 4483 825 4537 fons
856 4486 913 4536 et
963 4482 1317 4555 principium
1368 4489 1426 4539 et
1477 4502 1655 4540 causa
1703 4486 1933 4557 pulchri
1968 4504 1980 4541 :
2016 4487 2145 4542 ideo

2225 1923 2421 1972 πουσα,
2450 1901 2539 1957 καὶ
2572 1900 2825 1973 αὔξουσα,
2855 1902 2946 1958 καὶ
2983 1906 3370 1976 μεταποιοῦσα.

2299 1994 2631 2065 Διαιρετική.
2692 1997 2902 2069 Διαιρεῖ
2956 1994 3057 2068 γὰρ
3116 1992 3223 2047 ἀπό
3276 1995 3373 2047 τοῦ
3431 1995 3565 2047 Θεοῦ
3605 1993 3639 2060 ἡ
3671 1988 3865 2067 ἄγνοια,

2230 2079 2302 2142 ὠς
2339 2079 2550 2153 μᾶλλον
2577 2080 2639 2136 16
2674 2085 2786 2158 φῶς
2826 2082 3058 2157 συνάγει,
3108 2081 3199 2136 καὶ
3230 2079 3410 2151 ἀολλῆ
3444 2085 3612 2148 ποιεῖ,
3650 2079 3723 2142 ὠς
3772 2078 3863 2156 ἔφη

2230 2166 2359 2226 ἅνω.

2302 2258 2680 2332 Δοξασμάτωνο
2734 2261 2855 2316 Τῶν
2908 2256 3175 2330 εῗδώλων,
3226 2257 3316 2314 καὶ
3370 2265 3473 2329 τῆς
3502 2258 3678 2314 αὐτῶν
3711 2258 3869 2314 πολυ-

2233 2346 2402 2411 θείας.

2305 2437 2941 2499 Φαντασίας,Φαντασίας
2976 2438 3107 2515 φησῖ
3136 2438 3229 2499 τὰς
3250 2434 3871 2511 πλασματώδειςὲννοίας

2214 2436 2358 2621 ιπερὶ
2385 2525 2632 2597 αἰσθητὰ,
2664 2526 2698 2595 ἢ
2733 2526 2807 2588 ὠς
2838 2525 3088 2596 αἰσθητά.

2278 2526 2358 2601 ερὶ
2385 2525 2632 2597 αἰσθητὰ,
2664 2526 2698 2595 ἢ
2733 2526 2807 2588 ὠς
2838 2525 3088 2596 αἰσθητά.

2307 2710 2480 2775 §VII.
2516 2704 2615 2759 Καὶ
2675 2703 2751 2766 ὠς
2806 2703 3000 2761 καλόν.
3063 2704 3242 2769 Καλὸς
3292 2704 3387 2777 μὲν
3434 2701 3649 2778 εἴρηται
3703 2701 3874 2763 ὁθεὸς

2236 2794 2324 2849 καὶ
2381 2794 2431 2848 ἐν
2488 2798 2567 2865 τῷ
2622 2796 2861 2867 ”ᾼσματι
2931 2798 3040 2848 τῶν
3098 2792 3378 2867 ᾀσμάτων,
3424 2797 3607 2869 ῶσπερ
3664 2790 3751 2847 06v
3796 2788 3877 2857 καὶ

2237 2880 2448 2945 κάλλος
2501 2882 2734 2958 λέγεται’
2784 2883 2873 2937 καὶ
2915 2884 2942 2937 6
2994 2880 3177 2937 Δαυίδ·
3229 2884 3446 2957 Ὡραῖος
3502 2880 3693 2937 κάλλει
3748 2877 3880 2954 παρᾶ

2236 2970 2364 3032 τοὺς
2421 2970 2570 3033 υἱοὺς
2628 2975 2737 3026 τῶν
2786 2971 3109 3047 ἀνθρώπωνο
3170 2969 3394 3046 Λέγεται
3454 2970 3513 3026 δὲ
3577 2967 3738 3025 καλὸν
3792 2967 3874 3022 καὶ

2237 3061 2299 3116 τὸ
2355 3058 2619 3121 κάλλους
2650 3062 2900 3136 μετέχον.
2943 3061 3043 3117 Καὶ
3079 3060 3404 3133 σημείωσαι,
3460 3064 3580 3122 πῶς
3606 3056 3881 3131 διαιρεῖται

2238 3149 2299 3204 τό
2330 3146 2499 3204 καλὸν
2548 3147 2634 3203 καί
2659 3149 2723 3203 τὸ
2752 3146 2958 3211 κάλλος
2991 3148 3077 3205 ἐπὶ
3108 3153 3215 3204 τῶν
3257 3144 3459 3217 ὄντων,
3492 3148 3569 3211 εἷς
3604 3144 3884 3222 μετέχοντα

2238 3238 2325 3293 γαὶ
2386 3237 2463 3301 εἷς
2509 3237 2865 3313 μετεχόμενα,
2926 3238 3012 3293 ἐπὶ
3072 3235 3130 3293 δὶ
3184 3242 3279 3293 τοῦ
3336 3242 3497 3309 Θεοῦ,
3532 3237 3635 3312 οὐχ
3666 3235 3873 3290 οὕτω⁴³’

2233 3325 2441 3388 κᾶλλος
2476 3327 2569 3398 μὶν
2600 3327 2699 3401 γὰρ
2734 3325 2945 3403 λέγεται
2979 3324 3067 3381 διὰ
3098 3328 3195 3395 τὴν
3219 3327 3269 3397 ἐξ
3300 3326 3474 3397 αὐροῦ
3507 3321 3880 3396 διαδεδομένην

2234 3422 2365 3471 πᾶσι
2394 3414 2699 3484 καλλονήν,
2732 3416 2820 3470 καὶ
2853 3416 2937 3470 ὅτι
2966 3414 3140 3470 πᾶντα
3170 3416 3306 3491 πρὸς
3338 3416 3536 3471 ἑαυτοῦ
3579 3413 3750 3469 καλεῖ·
3789 3432 3879 3467 κα-

2236 3504 2333 3561 λὸν
2367 3502 2446 3573 δὲ,
2502 3505 2576 3567 ὠς
2619 3504 2700 3559 ἀεὶ
2740 3504 2796 3558 ’ὸν
2830 3504 2919 3559 καὶ
2954 3502 3227 3577 μηδέποτε
3261 3505 3589 3578 μειούμενον
3621 3501 3656 3571 ἢ
3707 3499 3876 3570 αὗξον.

2314 3773 2448 3836 Μεθ’
2498 3772 2688 3827 ἑαυτοῦ
2750 3767 3046 3844 μονοειδές.
3106 3767 3403 3831 Μονοειδὶς
3456 3767 3626 3825 καλόν
3682 3767 3815 3823 ἔστιν
3860 3764 3886 3819 6

2244 3863 2396 3933 Θεὸς,
2457 3861 2572 3916 ἐπεὶ
2634 3862 2772 3933 μήτε
2812 3856 3161 3914 σκεδάννυται
3220 3859 3295 3923 εἷς
3341 3858 3483 3930 ’ἐξεις
3525 3858 3615 3913 καὶ
3648 3851 3885 3933 διαφορὰ,

2244 3949 2642 4018 καλλοποιοὺς,
2678 3951 2817 4022 μήτε
2863 3949 2998 4023 πρὸς
3049 3948 3218 4011 ὶνίους
3255 3948 3350 4021 μὶν
3394 3949 3462 4004 16
3493 3947 3663 4004 καλὸν
3710 3946 3889 4011 κεκτη-

2244 4062 2352 4108 ται,
2386 4039 2521 4115 πρὸς
2552 4038 2727 4100 ἐνίους
2755 4035 2812 4092 δὶ
2842 4034 2924 4092 οὗ·
2959 4036 3083 4092 ἀλλ’
3125 4035 3403 4111 ἀτρέπτως
3437 4036 3570 4092 αὐτὸ
3616 4036 3679 4091 τὸ
3728 4030 3887 4088 καλὸν

2250 4130 2504 4203 ἀνᾶρχως
2528 4129 2613 4182 καὶ
2648 4125 2961 4198 ἀπολύτως,
3006 4125 3444 4197 ἀνεπιτηδεύτως
3495 4126 3585 4181 καὶ
3648 4120 3891 4180 ὥσαύτως

2252 4218 2332 4272 ἀεί
2384 4218 2515 4271 ἑστι·
2564 4215 2653 4270 καὶ
2704 4213 2793 4269 διὰ
2831 4217 2993 4269 τοῦτο
3036 4213 3293 4289 προέχειν
3347 4213 3398 4268 ἐν
3458 4215 3636 4284 ἑαυτῷ
3692 4208 3894 4283 λέγεται

2250 4308 2347 4373 τὴν
2393 4302 2709 4371 καλλονήν,
2781 4301 2855 4365 ὠς
2909 4301 2999 4356 καὶ
3056 4301 3163 4376 πρὸ
3219 4305 3324 4355 τῶν
3387 4296 3891 4375 δημιουργημᾶτων

2252 4396 2429 4469 πηγὴ,
2481 4394 2570 4447 καὶ
2627 4393 2798 4467 ἀρχὴ,
2830 4391 2919 4445 καὶ
2976 4388 3146 4446 α’ίτιον
3207 4388 3279 4445 ὢν
3310 4394 3406 4444 τοῦ
3438 4388 3633 4447 καλοῦ·
3668 4386 3786 4451 ὅθεν
3815 4380 3897 4439 καὶ

2260 4486 2606 4558 ὑπεροχικῶς
2652 4480 2767 4556 ἔχει
2823 4481 2886 4535 τὸ
2940 4478 3105 4534 καλόν
3140 4499 3151 4512 ·
3211 4477 3306 4533 κ’ἁν
3359 4479 3465 4555 γὰρ
3515 4475 3705 4534 πολλὰ
3744 4472 3900 4558 καλὰ,

501 4587 735 4642 quoque
767 4571 976 4626 eximie
1008 4572 1183 4627 habet
1222 4575 1547 4645 pulchrum;
1592 4576 1697 4630 etsi
1750 4577 1906 4631 enim
1959 4575 2126 4631 multa

2252 4572 2379 4628 ἀλλ’
2412 4571 2461 4645 ἐξ
2494 4570 2660 4625 αὐτοῦ
2692 4571 2798 4624 εἷ’σι
2843 4566 3009 4635 καλὰ,
3085 4567 3173 4622 καὶ
3233 4566 3361 4622 οὐδὲ
3402 4568 3526 4623 κατ’
3554 4566 3716 4622 αὐτὸν
3747 4557 3898 4619 καλᾶ·

500 4665 641 4717 sunt
671 4659 934 4732 pulchra,
964 4666 1023 4716 at
1052 4678 1119 4717 ex
1148 4662 1276 4734 ipso
1307 4669 1446 4719 sunt
1476 4663 1741 4736 pulchra,
1775 4682 1963 4737 neque
1994 4665 2148 4721 sicut

500 4751 627 4823 ipse
655 4750 927 4821 pulchra:
962 4751 1103 4821 quia
1150 4751 1275 4823 ipse
1323 4752 1638 4824 pulchrum
1669 4759 1759 4810 est
1788 4754 1915 4811 sine
1945 4771 2146 4822 causa,

500 4841 616 4897 ista
645 4856 779 4895 vero
812 4840 1057 4912 pulchra
1089 4847 1225 4897 sunt
1255 4858 1358 4913 per
1388 4858 1625 4898 causam
1659 4846 1715 4898 et
1744 4842 2149 4915 participatio-

502 4947 667 4999 nem;
702 4947 836 4985 nam
869 4930 1026 4985 Deus
1057 4947 1173 4987 uno
1206 4931 1377 4987 modo
1410 4932 1722 5003 pulchrum
1750 4935 1839 4987 est
1867 4932 2149 5002 quoniam

502 5036 570 5076 ex
599 5020 729 5093 ipso
759 5036 887 5092 qua;
920 5025 1052 5091 post
1096 5020 1289 5092 ipsum
1322 5020 1591 5093 pulchra,
1614 5038 1681 5076 ac
1712 5019 2024 5092 pulchrum
2054 5037 2152 5077 ve-

502 5108 611 5164 luti
642 5110 703 5164 in
736 5108 1021 5183 qualitate
1056 5110 1295 5166 habent.

570 5200 657 5254 Ea:
686 5200 783 5255 hoc
823 5201 942 5272 ipso
987 5200 1241 5271 pulchro.
1274 5199 1425 5257 Illud
1458 5218 1471 5258 :
1504 5203 1637 5258 Ecce
1683 5203 1874 5260 omnia
1917 5202 2155 5276 pulchra

578 5382 655 5454 (xi
687 5380 843 5439 Psal.
874 5399 1025 5454 κων,
1057 5383 1111 5437 3.

2254 4662 2415 4717 πόθεν
2474 4660 2503 4715 6'
2558 4680 2621 4735 γε
2678 4656 2933 4720 ἀναιτίως
2980 4654 3172 4729 καλὸν,
3229 4656 3363 4712 αὐτὰ
3411 4654 3472 4713 δὶ
3518 4656 3773 4714 αἰτιατῶς
3819 4648 3900 4705 καὶ

2256 4750 2393 4808 κατὰ
2424 4752 2690 4823 μειιςοχήν⁹
2725 4744 2974 4810 ἐνοειδῶς
3019 4744 3123 4821 γᾶρ
3156 4745 3264 4801 ἐστι
3295 4746 3463 4801 καλὸν
3499 4748 3529 4800 6
3588 4745 3739 4815 Θεὸς,
3795 4737 3902 4795 ἐπεὶ

2260 4842 2313 4912 ἑξ
2373 4840 2538 4895 αὐτοῦ
2588 4838 2655 4893 τὰ
2705 4837 2819 4911 μετ’
2866 4835 3023 4892 αὐτὸν
3075 4835 3241 4905 καλὰ,
3284 4835 3375 4890 καὶ
3421 4835 3497 4898 ὠς
3548 4834 3601 4890 ἂν
3658 4830 3901 4897 ποιότητι

2261 4928 2567 5004 κεκτημένα
2595 4928 2656 4983 16
2685 4924 2876 4982 καλόν.

2343 5198 2438 5255 Ἐκ
2502 5198 2598 5251 τοῦ
2671 5193 2843 5249 καλοῦ
2908 5191 3124 5250 τούτου.
3194 5192 3287 5264 T6,
3352 5187 3493 5249 Ἰδοὺ
3558 5192 3732 5247 πάντα
3776 5185 3910 5243 καλὰ

1505 5524 1751 5581 VARI/ﬁ
1796 5523 2190 5581 LECTIONES
2230 5522 2319 5579 ET
2357 5516 2918 5577 CORRECTIONES.

580 5681 622 5714 ‘7
653 5678 900 5755 φυσικός.
977 5680 1019 5715 ⁸⁸
1052 5676 1136 5733 ἐπὶ
1172 5676 1229 5733 δὶ
1258 5680 1390 5735 Θεοῦ
1418 5676 1671 5756 διαίρεσιν
1703 5678 1803 5734 06x
1827 5672 2135 5751 ἰπιδὲχεται
2165 5671 2393 5735 κᾶλλος.
