4080 6366
183 361 281 416 253

941 363 1000 416 S.
1042 363 1313 417 MAXIMI
1351 360 1656 416 SCHOLIA
1692 360 1765 412 IN
1806 358 1938 412 LIB.
1978 361 2075 414 DE
2113 360 2388 415 DIVINIS
2424 360 2840 416 NOMINIBUS.

3494 364 3602 421 254

185 482 325 551 λίαν,
357 482 453 536 καὶ
508 483 572 537 τὸ
628 482 764 536 κατὰ
819 481 911 535 τὸν
973 480 1267 558 Ζαχαρίαν,
1309 485 1411 536 πᾶν
1471 478 1523 535 εἷ’
1570 502 1622 535 τι
1675 476 1841 534 καλὸν

1977 481 2137 552 :alde,
2154 486 2210 539 et
2231 482 2375 539 illud
2401 483 2714 552 Zacharias,
2739 483 2998 554 omne,si
3024 484 3261 558 aliquod
3289 486 3603 559 pulchrum

186 572 343 628 αὐτοῦ
378 571 589 634 ἐκεῖθεν
624 568 685 624 ἐκ
710 575 807 624 τοῦ
840 570 1084 624 ἀναιτίου
1114 571 1285 626 καλοῦ
1316 571 1504 647 γέγονε
1536 589 1548 602 ·
1605 566 1695 623 διὰ
1746 568 1844 644 γὰρ

186 662 242 716 τὸ
300 657 475 714 καλὸν
541 660 594 713 αἱ
649 663 752 712 τῶν
806 660 1092 734 στοιχείων
1124 659 1409 735 γεγόνασιν
1442 656 1844 733 ἀλληλουχίαι,

191 750 247 812 ’ὰς
305 747 629 825 ἆφαρμογάς
690 767 869 824 φησι·
932 750 1018 803 καὶ
1081 748 1135 802 αἱ
1186 753 1294 803 τῶν
1369 745 1538 802 ὅντων
1600 743 1845 801 εὔτακτοι

192 835 454 898 συνδέσεις
498 834 804 913 διαρκοῦσι,
838 833 1129 912 λεγόμεναι
1190 836 1370 913 φιλίαι
1427 837 1516 891 καί
1571 834 1852 891 κοινωνίαι

198 929 411 983 πάντων
445 924 711 1002 έναρέτων
748 923 1011 1000 λογικῶν,
1043 927 1097 981 αἱ
1132 927 1266 1001 πρὸς
1300 928 1429 982 Θεόν
1466 947 1570 980 που
1629 923 1849 993 διανοή-

192 1038 314 1086 σεις,
347 1017 424 1080 ὡς
454 1017 491 1079 ἡ
529 1019 639 1069 τῶν
672 1014 1039 1087 πρωτοτόκων
1072 1006 1371 1085 Ἐκκλησία
1420 1015 1470 1070 έν
1522 1015 1730 1090 οὐρανῷ
1759 1014 1846 1068 καὶ

192 1104 269 1160 ἐπὶ
292 1112 399 1180 γῆς
436 1124 449 1137 ·
487 1103 579 1158 ἐπὶ
616 1100 673 1157 δὲ
704 1108 811 1157 τῶν
848 1102 1063 1180 ἀλόγων
1093 1106 1147 1159 αἱ
1178 1104 1430 1179 ἀγελαῖαι
1464 1101 1847 1178 συνδιαγωγαίο

193 1195 273 1251 ἰπὶ
342 1194 401 1249 δὲ
459 1199 566 1248 τῶν
630 1193 857 1269 ἀψύχων
922 1196 977 1248 αἱ
1034 1196 1172 1269 πρὸς
1230 1191 1455 1264 ἄλληλα
1504 1193 1853 1249 ἑκτικαὶιο·⁸ο

193 1286 552 1358 συμπάθειαι.
586 1284 770 1340 Πάντα
801 1280 890 1337 οῦν
923 1285 966 1321 ⁸¹
999 1283 1205 1353 ἥνωται
1236 1287 1315 1355 τῷ
1343 1288 1499 1357 καλῷ
1542 1288 1610 1357 τῇ
1648 1281 1849 1356 μεθέξει

192 1374 324 1449 πρὸς
356 1373 447 1427 τὸν
483 1374 535 1409 ⁵³
568 1372 740 1427 αἴτιον
772 1370 1208 1447 ἐπεστραμμένα.

261 1551 366 1609 Καὶ
424 1549 594 1627 πέρας
641 1551 880 1607 πάντων.
920 1551 1089 1626 [Ιέρας
1141 1552 1356 1606 πάντων
1389 1551 1605 1625 λέγεται
1640 1551 1667 1605 6
1703 1551 1852 1619 Θεὸς,

198 1642 283 1696 καὶ
342 1641 420 1703 ὡς
480 1640 725 1713 συνέχων
785 1638 977 1713 πάντα,
1010 1640 1100 1694 καὶ
1155 1641 1228 1703 ὡς
1283 1642 1497 1695 πάντων
1559 1638 1635 1703 εἷς
1685 1638 1853 1717 ἀσφά-

198 1729 341 1784 λειαν
399 1725 925 1803 περιδεδραγμένος,
956 1728 1045 1783 καὶ
1108 1728 1183 1792 ὡς
1233 1728 1401 1784 αὐτοῦ
1444 1751 1505 1803 γε
1532 1726 1689 1783 ἓνεκα
1717 1730 1854 1783 πάν-

1958 572 2168 644 ipsius,
2194 572 2355 629 illinc
2377 591 2445 628 ex
2467 573 2710 646 pulchro
2744 574 2896 645 quod
2931 591 3109 631 causa
3137 580 3314 645 caret;
3350 578 3603 649 prodiit;

1959 667 2197 735 propter
2217 662 2531 734 pulchrum
2564 663 2742 733 enim,
2766 662 3189 721 elementorum
3216 666 3605 724 connexiones

1959 767 2106 823 quas
2155 749 2470 827 έφαρμογάς
2520 753 2921 825 coaptationes
2964 758 3148 822 vocat,
3184 755 3350 824 ﬁunt,
3378 774 3603 813 rerum-

1959 857 2072 912 que
2095 841 2241 896 bene
2267 842 2547 897 ordinataa
2572 840 2969 913 colligationes
3002 845 3345 913 perdurant,
3369 862 3494 916 quas
3517 846 3605 901 di-

1959 934 2174 985 cuntur
2204 930 2472 986 amicitiae
2502 934 2559 985 et
2587 932 3030 987 communiones
3053 932 3460 989 universorum
3489 934 3603 990 vir-

1960 1021 2082 1074 tute
2114 1020 2488 1090 pmditorum
2520 1020 2919 1089 rationalium,
2953 1022 3135 1076 animi
3170 1023 3237 1077 ad
3273 1022 3455 1079 Deum
3483 1040 3606 1079 ere-

1959 1107 2202 1174 ctiones,
2232 1108 2384 1163 sicut
2416 1109 2673 1164 Ecclesia
2703 1110 3231 1182 primogenitorum
3267 1111 3325 1167 in
3381 1111 3522 1167 cmlo
3554 1117 3610 1168 et

1960 1195 2018 1249 in
2050 1200 2243 1265 terra;
2276 1199 2335 1252 in
2384 1198 2577 1253 brutis
2628 1202 2823 1254 autem
2855 1198 3120 1271 gregales
3168 1201 3515 1270 societates;
3549 1200 3608 1255 in

1960 1284 2240 1341 inanimis
2278 1304 2433 1355 vero,
2466 1290 2672 1342 mutua
2701 1286 3021 1344 habitualis
3053 1290 3322 1360 quaedam
3373 1293 3609 1346 natura-

1964 1391 2094 1429 rum
2127 1375 2382 1433 afﬁnitas
2410 1394 2421 1431 :
2457 1376 2656 1431 omnia
2677 1376 2855 1448 igitur
2876 1394 3009 1433 cum
3029 1377 3275 1449 pulchro
3299 1379 3608 1447 uniuntur,

1962 1480 2066 1536 per
2094 1464 2600 1536 participationem
2637 1466 2706 1520 ad
2741 1470 3040 1522 auctorem
3073 1484 3371 1523 conversa.

2035 1555 2095 1607 Et
2125 1554 2254 1623 ﬁnis
2280 1555 2546 1611 omnium.
2584 1554 2738 1611 Deus
2762 1554 2978 1611 dicitur
3007 1556 3144 1613 ﬁnis
3168 1557 3607 1627 universorum,

1965 1647 2022 1698 et
2042 1647 2327 1714 tanquam
2373 1645 2572 1699 omnia
2603 1644 2931 1709 continens,
2961 1649 3138 1716 atque
3186 1645 3363 1701 veluti
3397 1650 3609 1703 cuncta

1968 1731 2026 1786 in
2051 1731 2366 1787 securitate
2383 1732 2801 1804 complectens,
2823 1749 2889 1788 ac
2912 1734 3079 1805 quasi
3112 1735 3241 1804 ejus
3272 1751 3451 1791 causa
3473 1751 3608 1807 pro-

197 1841 297 1874 των
352 1818 428 1879 εἷς
472 1819 534 1873 τὸ
565 1818 697 1872 εἶναι
754 1818 1168 1893 παραχθέντων,
1202 1818 1293 1872 καὶ
1349 1817 1533 1891 ἑτέρου
1579 1819 1723 1879 τινὸς
1782 1816 1857 1879 εἷς

229 1910 242 1920 .
398 1904 952 1920 “4......

1977 1821 2145 1875 ducta
2174 1820 2292 1875 sint
2330 1822 2624 1889 universa,
2660 1837 2848 1893 neque
2896 1822 3009 1877 alio
3050 1822 3246 1894 aliquo
3299 1824 3370 1878 ad
3419 1824 3608 1895 perfe-

195 1910 251 1963 τὸ
274 1905 589 1970 τετελέσθαι
620 1909 665 1942 ⁸³
698 1907 761 1961 οὖ
795 1904 1066 1979 δεομένων
1103 1927 1116 1941 ο
1152 1906 1269 1961 ὅθεν
1307 1907 1380 1969 ὡς
1416 1908 1563 1984 ἀρχὴ
1613 1906 1849 1975 πάντων,

199 1998 283 2053 ἅτε
304 1995 508 2063 αἴτιος,
541 1994 948 2071 Λέγεται,οὕτω
1002 1995 1092 2050 καὶ
1156 1997 1338 2069 μέσον,
1371 1997 1444 2059 ὡς
1502 1997 1602 2064 τήν
1658 1996 1734 2058 είς
1791 1996 1854 2051 τὸ

198 2088 514 2141 συνεστάναι
548 2084 842 2161 παράτασιν
876 2081 1080 2158 διδοὺς,
1108 2084 1199 2140 καὶ
1257 2083 1508 2155 τελευτὴ,
1538 2086 1614 2147 ὡς
1671 2085 1722 2139 έν
1775 2088 1855 2156 τῷ

199 2175 474 2247 θελήματι
537 2173 701 2228 αὐτοῦ
749 2175 1166 2249 περατουμένων
1208 2178 1314 2229 τῶν
1348 2170 1538 2247 ὄντων,
1568 2175 1648 2251 ἐφ’
1678 2176 1736 2229 ὃν
1764 2175 1850 2228 καὶ

205 2265 593 2337 ἱπέστραπται,
625 2264 761 2327 καθὸ
818 2262 907 2317 καὶ
966 2260 1183 2317 τελικὸν
1247 2262 1405 2317 αὐτόν
1438 2284 1621 2340 φησιν,
1656 2264 1729 2325 ὡς
1760 2260 1854 2339 ἅρ-

200 2355 306 2428 χὴν
339 2349 472 2407 ὄντα
500 2351 592 2407 καί
622 2350 801 2419 τέλος,
834 2350 970 2405 κατᾶ
998 2350 1091 2407 τὺν
1149 2356 1290 2415 θεῖον
1324 2353 1579 2423 Ἰωάννην
1614 2351 1664 2406 ἐν
1699 2353 1858 2408 Ἀπο-

201 2441 455 2515 καλύψει,
488 2441 575 2494 καὶ
639 2437 1162 2516 παραδειγματικὸν,
1192 2440 1267 2502 ὡς
1326 2439 1534 2495 πάντων
1582 2444 1688 2495 τῶν
1739 2439 1855 2494 ἰσο-

209 2529 379 2601 μένων
430 2528 560 2591 τοὺς
610 2527 986 2604 προορισμοὺς
1043 2528 1093 2583 έν
1136 2529 1308 2600 ἑαυτῷ
1339 2527 1737 2606 πριιειληφότα,
1768 2530 1856 2583 καὶ

204 2618 326 2693 πρὶν
378 2618 413 2687 ἢ
465 2624 815 2693 προαγαγεῖν,
850 2617 923 2679 ὥς
982 2639 1143 2695 φησιν
1178 2619 1205 2672 6
1238 2615 1599 2686 Ἀπόστολος,
1635 2616 1726 2681 οὓς
1772 2616 1859 2671 καὶ

206 2708 506 2781 προώρισε,
540 2708 632 2761 καὶ
663 2706 728 2761 τὰ
759 2708 881 2779 ἑξῆς
915 2725 927 2736 ’
961 2711 1129 2761 ταῦτα
1159 2706 1261 2782 γὰρ
1295 2708 1322 2761 6
1369 2709 1521 2783 ἅγιος
1582 2707 1860 2769 Διονύσιος

206 2792 620 2871 παραδείγματα
649 2792 860 2864 ἐνόησε,
892 2795 955 2850 τὸ
1005 2794 1342 2869 προωρίσθαι
1394 2795 1444 2849 έν
1498 2797 1671 2867 ἑαυτῷ
1726 2816 1863 2868 προ-

209 2888 526 2958 γνωπικῶς
565 2884 632 2937 τὰ
688 2882 939 2956 ἐσόμενα,
974 2883 1063 2938 καὶ
1121 2883 1245 2960 πρὶν
1306 2886 1588 2959 παραχθῇ,
1621 2884 1864 2940 τουτέστι

209 2974 329 3049 πρὶν
360 2973 638 3050 ἀφορισθῇ
670 2971 760 3026 καὶ
811 2969 1067 3048 διακριθῇ
1101 2969 1189 3026 διὰ
1242 2979 1342 3042 τῆς
1388 2972 1756 3049 περιεχούσης
1801 2974 1868 3029 τὰ

212 3063 379 3116 πάντα
411 3059 617 3123 ὲνιαίας
650 3061 1012 3137 προγνώσεως
1048 3065 1143 3116 τοῦ
1194 3065 1345 3117 Θεοῦ.
1381 3066 1563 3116 Ταῦτα
1620 3062 1866 3137 εὑρήσεις

213 3151 373 3205 καὶέν
404 3154 487 3222 τῷ
518 3150 639 3220 ἑξῆς
684 3151 921 3223 πέμπτῳ
971 3148 1276 3224 κεφαλαίῳ.
1313 3150 1627 3223 Σημείωσαι
1681 3149 1738 3205 δὲ
1782 3150 1863 3205 ὅτι

214 3238 404 3294 ταύτὸν
434 3236 571 3293 εἶναί
602 3258 734 3315 φησι
762 3242 841 3311 τῷ
872 3239 1055 3314 ἀγαθῷ
1084 3239 1146 3293 τὸ
1176 3238 1365 3297 καλόν.

286 3510 406 3562 ’Ότι
464 3506 555 3560 καὶ
613 3507 675 3561 τὸ
736 3506 812 3579 μή
868 3502 949 3562 ὄν.
983 3510 1107 3569 Πῶς
1166 3505 1385 3562 δύναται
1423 3508 1485 3563 τὸ
1520 3510 1595 3581 μὴ
1628 3509 1684 3563 ’ὀν
1724 3509 1875 3583 μετέ-

225 3616 338 3672 χειν
365 3599 464 3650 τοῦ
497 3596 734 3671 ἀγαθοῦ;
767 3593 813 3649 εί
843 3596 944 3671 γὰρ
980 3596 1055 3668 μή
1088 3594 1304 3651 ὕπεστιν
1348 3596 1497 3667 αὐτὸ,
1523 3596 1645 3652 οὔτε
1692 3596 1872 3672 ἔφεσιν

228 3681 361 3760 ἔχει,
394 3680 520 3739 οὔτε
575 3684 816 3758 μετοχὴν
867 3683 1001 3760 πρός
1029 3706 1081 3739 τι
1129 3688 1237 3739 τῶν
1281 3682 1472 3742 ὄντων.
1508 3688 1733 3741 Λεκτέον
1781 3686 1870 3742 οῦν

227 3773 304 3827 δτι
335 3775 398 3828 τὸ
456 3775 533 3847 μή
584 3773 641 3827 ’ὸν
697 3770 971 3849 διαφόρως
1000 3775 1045 3810 ⁸⁵
1072 3778 1182 3829 νοεῖ
1213 3776 1240 3829 6
1273 3780 1417 3837 θεῖος
1474 3776 1631 3837 οὗτος
1686 3777 1820 3850 ἀνήρ
1856 3795 1869 3809 ⁸

225 3864 352 3916 ποτὶ
386 3862 485 3935 μέν
516 3863 617 3937 γὰρ
648 3862 781 3915 αὐτὸ
812 3862 872 3916 τὸ
903 3867 1043 3926 θεῖον
1075 3862 1217 3918 οὕτω
1266 3862 1443 3933 καλεῖ,
1478 3863 1551 3925 ὠς
1598 3862 1765 3936 μηδὲν
1812 3865 1869 3919 ’ὀν

222 3957 324 4006 τῶν
360 3950 533 4007 ὄντων
570 3971 582 3983 ’
620 3952 764 4006 ὦοτὶ
795 3950 851 4006 δὲ
879 3953 977 4019 τὴν
1010 3950 1147 4023 ὕλην
1183 3972 1196 3984 ⁸
1230 3948 1307 4008 ἔτι
1340 3950 1397 4008 δὲ
1429 3953 1517 4009 ὅτε
1546 3954 1632 4008 καὶ
1662 3956 1724 4009 τὸ
1772 3976 1873 4009 κα-

222 4042 312 4095 κὸν
366 4040 515 4096 οὕτω
562 4044 724 4096 καλεῖ
770 4042 906 4096 κατᾶ
950 4039 1241 4119 διαφόρους
1290 4042 1519 4105 ἐννοίας.
1555 4045 1738 4099 ¹Ἐστιν
1783 4043 1874 4098 οῦν

224 4130 389 4184 εἰπεῖν
426 4132 510 4184 ὅτι
542 4132 576 4198 ἡ
611 4127 716 4200 ὕλη
754 4131 971 4204 μετέχει
1002 4134 1097 4184 τοῦ
1122 4130 1342 4204 ἀγαθοῦ,
1374 4132 1507 4195 καθὸ
1559 4128 1871 4205 μετεϐλήθη

224 4219 298 4282 εἷς
333 4217 506 4290 εἶδος,
531 4218 621 4273 καὶ
657 4217 959 4293 ἀπηλλάγη
993 4226 1093 4287 τῆς
1131 4220 1323 4293 πρώην
1357 4222 1628 4299 ἀμορφίας
1663 4242 1675 4255 ’
1708 4221 1741 4291 ἢ
1792 4223 1875 4276 ὅτι

221 4309 278 4361 τὸ
312 4308 482 4363 κακὸν
522 4308 741 4382 μετέχει
772 4311 867 4360 τοῦ
922 4309 1149 4381 ἀγαθοῦ,
1181 4310 1311 4363 καθὸ
1360 4311 1669 4385 προαιρέσει
1729 4310 1874 4384 καλῇ

221 4396 306 4450 καὶ
338 4396 473 4452 αὐτὸ
501 4397 563 4450 τὸ
597 4394 790 4451 δοκοῦν
826 4394 969 4450 θέλει
1018 4396 1180 4451 κακὸν
1233 4400 1368 4451 εἴναι
1423 4401 1485 4468 ⁵⁵,
1509 4398 1599 4453 καὶ
1654 4401 1735 4455 ὅτι
1796 4400 1877 4455 ἀεὶ

224 4482 482 4559 βούλεται
515 4488 651 4540 εἶναι
699 4485 761 4539 τὸ
791 4487 953 4540 κακόν
993 4504 1007 4521 ⁶
1036 4490 1141 4539 πᾶν
1175 4482 1232 4540 δὲ
1260 4491 1357 4540 τοῦ
1389 4491 1525 4542 εἴναι
1574 4487 1875 4566 ἐφιέμενον,

1964 1909 2215 1964 ctionem
2250 1909 2639 1982 indiguerint;
2676 1911 2829 1966 unde
2859 1915 2924 1965 ut
2955 1911 3309 1983 principium
3342 1912 3609 1968 omnium

1965 2003 2117 2058 sicut
2147 2008 2350 2058 auctor
2378 2002 2612 2073 dicitur,
2639 2004 2720 2058 ita
2752 2003 2930 2059 etiam
2967 2004 3227 2059 medium
3262 2003 3476 2060 dicitur
3495 2005 3609 2061 vel-

1967 2092 2052 2147 uti
2084 2093 2560 2165 perdurationem
2595 2093 2654 2148 in
2687 2093 3061 2149 consistendo
3093 2095 3441 2159 concedens,
3465 2097 3522 2150 et
3548 2094 3610 2148 ﬁ-

1967 2182 2079 2250 nis,
2113 2186 2395 2253 tanquam
2429 2183 2627 2238 omnia
2658 2184 2715 2238 in
2742 2182 2931 2254 ipsius
2958 2182 3259 2239 voluntate
3291 2182 3616 2239 terminen-

1965 2274 2084 2339 tur,
2116 2271 2176 2325 in
2226 2287 2399 2342 quem
2430 2271 2606 2327 etiam
2656 2276 3074 2327 convertuntur
3116 2272 3617 2344 quemadmodum

1965 2351 2164 2424 ipsum
2198 2354 2375 2407 etiam
2405 2349 2620 2405 τελικόν
2655 2352 2890 2408 ﬁnalem
2923 2357 3109 2420 vocat,
3148 2357 3211 2408 ut
3259 2353 3615 2425 principium

1968 2446 2025 2495 et
2056 2441 2255 2508 ﬁnem,
2290 2442 2620 2497 secundum
2652 2441 2914 2496 divinum
2937 2442 3226 2497 Joannem
3254 2442 3313 2495 in
3337 2440 3617 2513 Apocaly-

1973 2530 2061 2603 psi
2102 2530 2204 2601 (y),
2239 2534 2295 2585 et
2324 2529 2737 2601 exemplarem,
2764 2530 2923 2585 velut
2966 2530 3232 2586 omnium
3284 2530 3622 2586 futurorum

1972 2619 2464 2691 praedeﬁnitiones
2487 2620 2544 2673 in
2562 2618 2756 2690 seipso
2768 2618 3227 2690 praecipientem,
3243 2619 3418 2674 etiam
3436 2618 3626 2691 prius-

1974 2723 2150 2778 quam
2176 2709 2545 2779 produceret,
2580 2708 2732 2762 sicut
2761 2707 2843 2763 ait
2873 2708 3204 2779 Apostolus,
3236 2724 3374 2778 quo:
3394 2716 3445 2763 el
3480 2724 3621 2779 prae-

1976 2796 2275 2852 destinavit
2320 2798 2415 2866 (χ),
2447 2800 2503 2851 et
2534 2813 2659 2868 quaa
2700 2796 3007 2866 deinceps:
3034 2796 3154 2850 haec
3185 2796 3340 2851 enim
3376 2802 3617 2851 sanctus

1976 2885 2287 2957 Dionysius
2335 2886 2601 2957 exempla
2640 2885 2937 2957 cogitavit,
2984 2884 3405 2956 pradeﬁniisse
3447 2885 3504 2939 in
3559 2900 3622 2940 se

1976 2974 2104 3046 ipso
2124 2975 2788 3046 praecognitionefutura
2809 2975 2985 3030 etiam
3006 2979 3321 3046 antequam
3343 2974 3629 3045 producta

1978 3065 2300 3132 fuerunt,id
2318 3069 2405 3120 est
2422 3065 2763 3136 priusquam
2784 3068 2825 3119 l
2838 3066 2937 3121 88
2952 3064 3337 3119 deﬁnirentur
3352 3068 3408 3120 et
3424 3063 3629 3120 distin-

1979 3158 2300 3226 guerentur
2342 3168 2443 3225 per
2474 3152 2708 3209 unicam
2768 3154 2967 3209 omnia
3009 3152 3494 3225 complectentem
3526 3152 3630 3209 Dei

1896 3219 1940 3288 (ἶ
1980 3243 2419 3315 praenotionem.
2453 3246 2584 3297 Haec
2614 3243 2790 3297 etiam
2826 3243 3078 3315 reperies
3120 3243 3178 3297 in
3233 3242 3500 3314 sequenti
3532 3258 3631 3298 ca-

1979 3332 2099 3404 pite
2120 3333 2347 3404 quinto.
2373 3332 2520 3387 Nota
2549 3335 2767 3401 autem,
2793 3348 2927 3387 eum
2952 3332 3141 3387 dicere
3162 3332 3478 3403 pulchrum
3501 3347 3629 3388 esse

1980 3422 2136 3476 idem
2169 3438 2299 3475 cum
2334 3421 2505 3477 bono.

2055 3510 2209 3578 Quod
2237 3512 2433 3577 etiam,
2466 3509 2523 3564 id
2565 3509 2707 3581 quod
2736 3524 2846 3564 non
2878 3513 2977 3565 est.
3009 3509 3311 3574 Quomodo
3343 3512 3537 3581 potest
3567 3508 3626 3564 id

1982 3601 2137 3672 quod
2196 3616 2308 3656 non
2363 3602 2451 3654 est
2494 3599 2713 3653 bonum
2769 3598 3123 3671 participare
3150 3596 3178 3653 ?
3209 3598 3260 3654 si
3305 3597 3461 3652 enim
3505 3615 3624 3653 non

1981 3689 2277 3759 subsistit,
2295 3704 2480 3759 neque
2504 3688 2826 3760 appetitum
2842 3688 3038 3754 habet,
3063 3703 3251 3759 neque
3272 3703 3402 3742 cum
3429 3686 3628 3759 aliquo

1981 3778 2454 3834 communionem
2484 3794 2496 3845 ;
2518 3776 2830 3832 dicendum
2854 3776 3051 3848 itaque
3075 3777 3338 3832 divinum
3364 3776 3521 3831 hunc
3545 3775 3627 3831 vi-

1980 3884 2112 3923 rum
2166 3868 2321 3923 varie
2365 3865 2696 3939 intelligere
2736 3867 2793 3922 id
2823 3866 2965 3939 quod
2990 3882 3101 3923 non
3150 3871 3268 3935 est;
3305 3866 3625 3939 aliquando

1980 3957 2134 4013 enim
2169 3956 2535 4012 divinitatem
2569 3956 2758 4028 ipsam
2793 3956 2871 4011 ita
2906 3959 3173 4025 vocat,ut
3205 3972 3335 4027 quae
3364 3954 3529 4011 nulla
3550 3953 3629 4011 sit

1983 4062 2179 4102 rerum
2223 4045 2626 4116 ;quandoque
2674 4062 2807 4100 vero
2854 4044 3157 4100 materiam
3204 4046 3401 4112 ;solet
3446 4044 3624 4100 etiam

1982 4135 2203 4191 malum
2238 4134 2322 4190 sic
2351 4150 2553 4189 vocare
2583 4134 2905 4189 secundum
2936 4132 3195 4189 diversas
3229 4134 3515 4189 notiones.
3543 4132 3634 4187 Li-

1984 4229 2072 4280 cet
2119 4224 2301 4295 igitur
2347 4223 2538 4277 dicere
2588 4222 2892 4277 materiam
2940 4222 3072 4275 boni
3110 4222 3449 4293 participem
3501 4237 3632 4277 esse

1986 4316 2279 4385 quatenus
2323 4315 2589 4366 mutatur
2636 4309 2695 4365 in
2752 4310 3021 4377 formam,
3055 4315 3111 4365 et
3141 4327 3173 4363 a
3206 4310 3385 4379 priori
3430 4310 3632 4364 formas

1986 4401 2311 4474 privatione
2344 4398 2667 4465 liberatur;
2702 4403 2801 4453 aut
2834 4399 3053 4453 malum
3097 4415 3228 4454 cum
3272 4399 3424 4454 bono
3471 4414 3634 4453 com—

1990 4490 2310 4554 municare,
2343 4494 2518 4560 prout
2548 4486 2845 4543 voluntate
2870 4488 3019 4542 bona
3043 4486 3185 4542 illud
3215 4488 3368 4559 quod
3400 4487 3635 4543 videtur

215 4579 309 4628 τοῦ
335 4576 543 4652 ἀγαθοῦ
595 4574 825 4653 ἰφίεται.
850 4575 997 4629 Ἀνω
1050 4572 1106 4629 δέ
1154 4595 1259 4649 προ
1291 4577 1334 4612 ⁵⁸
1366 4573 1460 4630 δύο
1511 4576 1759 4654 φύλλων,
1786 4580 1862 4633 τὸπ

1990 4578 2113 4635 vult
2141 4595 2270 4634 esse
2297 4576 2545 4646 malum,
2569 4582 2623 4632 et
2646 4576 2785 4649 quia
2807 4577 3027 4632 malum
3061 4576 3183 4631 vult
3214 4593 3447 4649 semper
3469 4593 3630 4647 esse;

218 4662 343 4718 Θεόν
378 4685 515 4741 φησι
545 4663 635 4718 καὶ
669 4663 799 4737 ὑπὲρ
830 4662 897 4717 τὰ
924 4659 1054 4717 ὄντα
1100 4666 1235 4718 εἷναι
1273 4683 1283 4695 ·
1336 4663 1532 4721 οὐκοῦν
1583 4664 1768 4730 καλῶς
1818 4666 1877 4721 ἂν

219 4749 361 4807 εἷ’ποι
391 4774 475 4815 τις
506 4753 597 4807 τὸν
632 4754 759 4807 Θεὸν
798 4751 931 4827 ὑπὲρ
960 4752 1025 4807 τὰ
1058 4754 1185 4806 ὄντα
1241 4754 1402 4821 εἶναι,
1434 4753 1523 4808 καὶ
1572 4756 1633 4809 τὸ
1685 4756 1761 4829 μὴ
1820 4756 1878 4811 ’ὸν

226 4840 476 4916 μετέχειν
510 4844 610 4897 τοῦ
645 4837 868 4917 ἀγαθοῦ,
902 4841 976 4902 ὡς
1010 4840 1100 4895 καὶ
1136 4841 1268 4913 ὑπὲρ
1300 4843 1368 4896 τὰ
1413 4838 1540 4898 ὅντα
1586 4838 1762 4914 ὄντος,
1793 4844 1882 4900 καὶ

228 4927 393 4999 μηδὶν
454 4925 608 4992 ὄντος
664 4935 773 4985 τῶν
831 4924 1023 4986 ὄντων.
1061 4929 1385 5002 Σημείωσαι
1416 4933 1728 5006 ἀναγκαῖον,
1763 4938 1881 4997 πῶς

226 5038 379 5092 φησι,
409 5020 473 5073 τὸ
511 5020 587 5091 μὴ
620 5017 677 5072 ὃν
713 5017 1015 5094 εὑρίσκεται
1048 5016 1214 5072 καλὸν
1248 5017 1340 5072 καὶ
1372 5018 1592 5094 ἀγαθὸν,
1624 5018 1714 5075 ὅτε
1758 5026 1882 5095 περὶ

234 5111 359 5161 Θεοῦ
390 5106 609 5182 λέγεται
644 5126 659 5141 ·
693 5108 720 5162 6
752 5108 855 5184 γὰρ
888 5106 1015 5169 Θεὸς
1044 5108 1133 5162 καὶ
1167 5106 1225 5161 ὃν
1261 5106 1499 5182 λέγεται,
1532 5109 1621 5163 καὶ
1672 5111 1746 5181 μή
1798 5108 1879 5190 ὃν,

295 5314 372 5387 (31)
398 5317 539 5388 Cap.
573 5330 617 5386 1,
646 5332 701 5372 v.
732 5314 786 5371 8.
863 5314 937 5387 (ι)
967 5314 1136 5372 Rom.
1170 5330 1295 5385 vni,
1324 5314 1415 5371 30.

1992 4683 2164 4723 omne
2208 4672 2398 4722 autem
2450 4668 2604 4738 quod
2653 4683 2782 4721 esse
2836 4667 3079 4738 appetit,
3121 4667 3342 4722 bonum
3394 4666 3632 4739 appetit,

1992 4774 2169 4828 supra
2202 4772 2333 4811 vero
2367 4766 2498 4810 ante
2539 4755 2676 4811 folia
2706 4757 2842 4817 duo.
2876 4756 2955 4811 ait
3004 4760 3181 4811 Deum
3233 4756 3409 4811 etiam
3455 4771 3635 4827 supra

1993 4863 2084 4902 res
2124 4862 2251 4901 esse
2278 4862 2289 4899 :
2326 4850 2482 4901 recte
2512 4845 2692 4917 igitur
2712 4844 2867 4900 dicat
2891 4844 3128 4916 aliquis,
3161 4850 3344 4901 Deum
3377 4860 3505 4900 esse
3535 4861 3635 4899 su-

1994 4952 2100 5007 pra
2133 4951 2245 5003 res,
2279 4942 2333 4989 et
2393 4935 2449 4989 id
2484 4935 2638 5005 quod
2686 4951 2798 4988 non
2850 4939 2958 5001 est,
2995 4933 3128 4989 boni
3163 4934 3454 5005 particeps
3484 4948 3635 5001 esse,

1994 5040 2124 5079 cum
2149 5024 2228 5078 sit
2248 5040 2428 5094 supra
2449 5039 2515 5078 ea
2546 5039 2674 5095 quae
2695 5026 2853 5091 sunt,
2881 5022 3145 5093 nihilque
3175 5021 3252 5077 sit
3275 5038 3476 5077 eorum
3505 5037 3633 5092 qua:

1992 5116 2152 5167 sunt.
2209 5110 2356 5167 Nota
2414 5111 2764 5182 necessario,
2799 5112 3091 5183 quomodo
3150 5111 3327 5177 dicat,
3359 5111 3418 5167 id
3477 5110 3633 5184 quod

1235 5493 1470 5551 VARle
1503 5494 1901 5553 LECTIONES
1931 5496 2019 5553 ET
2047 5496 2608 5554 CORRECTIONES.

298 5614 698 5698 “:“FﬂM-tmt.
744 5620 816 5698 _“
848 5614 1152 5698 miiycﬁv.
1231 5616 1380 5698 210..
1456 5621 1503 5655 ⁸³
1532 5617 1826 5698 τελεῖσθαι.
1902 5622 1947 5658 ⁵⁸
1976 5618 2309 5698 ἀδιαφόρως.
2385 5623 2429 5656 ⁸⁸
2458 5620 2592 5674 καθὸ
2621 5621 2931 5695 προαιρέσει
2958 5625 3055 5676 τοῦ
3084 5618 3256 5677 καλοῦ
3286 5620 3374 5678 καί
3405 5624 3535 5679 αὐτὸ
3570 5624 3633 5679 τὸ

233 5690 387 5743 κακὸν
422 5687 687 5762 δοκοῦμεν
719 5688 872 5746 εἶναι.
950 5692 992 5727 ⁸⁸
1020 5688 1207 5764 ὀλίγον
1240 5687 1296 5745 δὲ
1326 5688 1435 5746 ἅνω
1465 5692 1590 5765 πρό.
