  <div class='ocr_page' id='page_1' title='image "/cluster/home/n/w/nwhite01/storage/ocr_20150623/4/mdp.39015078384529/137.png"; bbox 0 0 4080 6366; ppageno 0'>
   <div class='ocr_carea' id='block_1_1' title="bbox 451 359 560 414">
    <p class='ocr_par' dir='ltr' id='par_1_1' title="bbox 451 359 560 414">
     <span class='ocr_line' id='line_1_1' title="bbox 451 359 560 414; baseline 0 0"><span class='ocrx_word' id='word_1_1' title='bbox 451 359 560 414; x_wconf 87' lang='lat'>255</span> 
     </span>
    </p>
   </div>
   <div class='ocr_carea' id='block_1_2' title="bbox 1292 361 3837 424">
    <p class='ocr_par' dir='ltr' id='par_1_2' title="bbox 1292 361 3837 424">
     <span class='ocr_line' id='line_1_2' title="bbox 1292 361 3837 424; baseline 0.005 -12"><span class='ocrx_word' id='word_1_2' title='bbox 1292 361 1659 414; x_wconf 77' lang='lat' dir='ltr'>APPENDIX</span> <span class='ocrx_word' id='word_1_3' title='bbox 1701 362 1796 414; x_wconf 82' lang='lat' dir='ltr'>AD</span> <span class='ocrx_word' id='word_1_4' title='bbox 1834 361 2074 415; x_wconf 85' lang='lat' dir='ltr'><strong>OPERA</strong></span> <span class='ocrx_word' id='word_1_5' title='bbox 2114 362 2172 414; x_wconf 87' lang='lat' dir='ltr'>S.</span> <span class='ocrx_word' id='word_1_6' title='bbox 2214 362 2526 417; x_wconf 88' lang='lat' dir='ltr'>DIONYSII</span> <span class='ocrx_word' id='word_1_7' title='bbox 2565 362 3066 417; x_wconf 74' lang='lat' dir='ltr'>AREOPAGITE.</span> <span class='ocrx_word' id='word_1_8' title='bbox 3743 369 3837 424; x_wconf 84' lang='lat'>256</span> 
     </span>
    </p>
   </div>
   <div class='ocr_carea' id='block_1_3' title="bbox 456 480 2109 561">
    <p class='ocr_par' dir='ltr' id='par_1_3' title="bbox 456 483 2101 556">
     <span class='ocr_line' id='line_1_3' title="bbox 456 483 2101 556; baseline -0.002 -15"><span class='ocrx_word' id='word_1_9' title='bbox 456 501 573 541; x_wconf 89' lang='lat' dir='ltr'>non</span> <span class='ocrx_word' id='word_1_10' title='bbox 605 488 713 553; x_wconf 89' lang='lat' dir='ltr'>est,</span> <span class='ocrx_word' id='word_1_11' title='bbox 741 483 1034 540; x_wconf 74' lang='lat' dir='ltr'>invenitur</span> <span class='ocrx_word' id='word_1_12' title='bbox 1064 483 1373 556; x_wconf 91' lang='lat' dir='ltr'>pulchrum</span> <span class='ocrx_word' id='word_1_13' title='bbox 1406 486 1462 539; x_wconf 91' lang='lat' dir='ltr'>et</span> <span class='ocrx_word' id='word_1_14' title='bbox 1491 483 1735 550; x_wconf 89' lang='lat' dir='ltr'>bonum,</span> <span class='ocrx_word' id='word_1_15' title='bbox 1763 484 1997 556; x_wconf 83' lang='lat' dir='ltr'>quando</span> <span class='ocrx_word' id='word_1_16' title='bbox 2029 484 2101 539; x_wconf 91' lang='lat' dir='ltr'>de</span> 
     </span>
    </p>
   </div>
   <div class='ocr_carea' id='block_1_4' title="bbox 2224 480 3837 561">
    <p class='ocr_par' dir='ltr' id='par_1_4' title="bbox 2224 480 3837 561">
     <span class='ocr_line' id='line_1_4' title="bbox 2224 480 3837 561; baseline 0.006 -24"><span class='ocrx_word' id='word_1_17' title='bbox 2224 482 2286 545; x_wconf 69' lang='lat' dir='ltr'>bc</span> <span class='ocrx_word' id='word_1_18' title='bbox 2316 480 2468 539; x_wconf 75' lang='grc' dir='ltr'>οὐδὲν</span> <span class='ocrx_word' id='word_1_19' title='bbox 2503 483 2575 539; x_wconf 86' lang='grc' dir='ltr'>ὣν</span> <span class='ocrx_word' id='word_1_20' title='bbox 2624 488 2733 541; x_wconf 89' lang='grc' dir='ltr'>τῶν</span> <span class='ocrx_word' id='word_1_21' title='bbox 2785 480 2976 553; x_wconf 77' lang='grc' dir='ltr'>ὄντων,</span> <span class='ocrx_word' id='word_1_22' title='bbox 3010 482 3136 540; x_wconf 84' lang='grc' dir='ltr'>ἀλλ’</span> <span class='ocrx_word' id='word_1_23' title='bbox 3170 482 3539 560; x_wconf 74' lang='grc' dir='ltr'>ὑπερηρμένος</span> <span class='ocrx_word' id='word_1_24' title='bbox 3570 486 3837 561; x_wconf 84' lang='grc' dir='ltr'>ἀγνώστως</span> 
     </span>
    </p>
   </div>
   <div class='ocr_carea' id='block_1_5' title="bbox 457 573 2108 644">
    <p class='ocr_par' dir='ltr' id='par_1_5' title="bbox 457 573 2108 644">
     <span class='ocr_line' id='line_1_5' title="bbox 457 573 2108 644; baseline -0.002 -13"><span class='ocrx_word' id='word_1_25' title='bbox 457 575 574 631; x_wconf 90' lang='lat' dir='ltr'>Deo</span> <span class='ocrx_word' id='word_1_26' title='bbox 632 575 882 631; x_wconf 86' lang='lat' dir='ltr'>dicitur:</span> <span class='ocrx_word' id='word_1_27' title='bbox 917 574 1071 630; x_wconf 84' lang='lat' dir='ltr'>Deus</span> <span class='ocrx_word' id='word_1_28' title='bbox 1131 574 1284 630; x_wconf 89' lang='lat' dir='ltr'>enim</span> <span class='ocrx_word' id='word_1_29' title='bbox 1331 573 1546 629; x_wconf 90' lang='lat' dir='ltr'>dicitur</span> <span class='ocrx_word' id='word_1_30' title='bbox 1593 578 1648 628; x_wconf 87' lang='lat' dir='ltr'>et</span> <span class='ocrx_word' id='word_1_31' title='bbox 1698 575 1855 644; x_wconf 93' lang='lat' dir='ltr'>quod</span> <span class='ocrx_word' id='word_1_32' title='bbox 1907 578 2019 639; x_wconf 91' lang='lat' dir='ltr'>est,</span> <span class='ocrx_word' id='word_1_33' title='bbox 2051 576 2108 627; x_wconf 88' lang='lat' dir='ltr'>et</span> 
     </span>
    </p>
   </div>
   <div class='ocr_carea' id='block_1_6' title="bbox 457 662 2106 736">
    <p class='ocr_par' dir='ltr' id='par_1_6' title="bbox 457 662 2106 736">
     <span class='ocr_line' id='line_1_6' title="bbox 457 662 2106 736; baseline -0.002 -16"><span class='ocrx_word' id='word_1_34' title='bbox 457 666 613 736; x_wconf 86' lang='lat' dir='ltr'>quod</span> <span class='ocrx_word' id='word_1_35' title='bbox 658 681 772 719; x_wconf 90' lang='lat' dir='ltr'>non</span> <span class='ocrx_word' id='word_1_36' title='bbox 807 668 919 731; x_wconf 88' lang='lat' dir='ltr'>est,</span> <span class='ocrx_word' id='word_1_37' title='bbox 951 680 1083 719; x_wconf 94' lang='lat' dir='ltr'>cum</span> <span class='ocrx_word' id='word_1_38' title='bbox 1118 662 1263 718; x_wconf 84' lang='lat' dir='ltr'>nihil</span> <span class='ocrx_word' id='word_1_39' title='bbox 1297 664 1374 719; x_wconf 83' lang='lat' dir='ltr'>sit</span> <span class='ocrx_word' id='word_1_40' title='bbox 1406 679 1607 719; x_wconf 90' lang='lat' dir='ltr'>eorum</span> <span class='ocrx_word' id='word_1_41' title='bbox 1642 680 1769 734; x_wconf 78' lang='lat' dir='ltr'>quae</span> <span class='ocrx_word' id='word_1_42' title='bbox 1816 666 1974 732; x_wconf 88' lang='lat' dir='ltr'>sunt,</span> <span class='ocrx_word' id='word_1_43' title='bbox 2005 663 2106 717; x_wconf 91' lang='lat' dir='ltr'>sed</span> 
     </span>
    </p>
   </div>
   <div class='ocr_carea' id='block_1_7' title="bbox 2216 572 3835 649">
    <p class='ocr_par' dir='ltr' id='par_1_7' title="bbox 2216 572 3835 649">
     <span class='ocr_line' id='line_1_7' title="bbox 2216 572 3835 649; baseline 0.004 -21"><span class='ocrx_word' id='word_1_44' title='bbox 2216 576 2324 628; x_wconf 87' lang='grc' dir='ltr'>τῶν</span> <span class='ocrx_word' id='word_1_45' title='bbox 2380 574 2627 629; x_wconf 82' lang='grc' dir='ltr'>ἁπάντων</span> <span class='ocrx_word' id='word_1_46' title='bbox 2664 594 2676 605; x_wconf 88' lang='grc'><strong>·</strong></span> <span class='ocrx_word' id='word_1_47' title='bbox 2714 573 2774 629; x_wconf 82' lang='grc' dir='ltr'>οὐ</span> <span class='ocrx_word' id='word_1_48' title='bbox 2830 576 2928 649; x_wconf 85' lang='grc' dir='ltr'>γάρ</span> <span class='ocrx_word' id='word_1_49' title='bbox 2990 572 3101 629; x_wconf 80' lang='grc' dir='ltr'>ἐστί</span> <span class='ocrx_word' id='word_1_50' title='bbox 3156 596 3207 629; x_wconf 88' lang='grc' dir='ltr'>τι</span> <span class='ocrx_word' id='word_1_51' title='bbox 3244 574 3307 629; x_wconf 92' lang='grc' dir='ltr'>τὸ</span> <span class='ocrx_word' id='word_1_52' title='bbox 3337 577 3596 648; x_wconf 88' lang='grc' dir='ltr'>γινῶσκον</span> <span class='ocrx_word' id='word_1_53' title='bbox 3628 580 3754 633; x_wconf 84' lang='grc' dir='ltr'>κατά</span> <span class='ocrx_word' id='word_1_54' title='bbox 3789 582 3835 634; x_wconf 88' lang='grc' dir='ltr'>τί</span> 
     </span>
    </p>
   </div>
   <div class='ocr_carea' id='block_1_8' title="bbox 2221 660 2791 727">
    <p class='ocr_par' dir='ltr' id='par_1_8' title="bbox 2221 660 2791 727">
     <span class='ocr_line' id='line_1_8' title="bbox 2221 660 2791 727; baseline 0.005 -11"><span class='ocrx_word' id='word_1_55' title='bbox 2221 660 2374 717; x_wconf 69' lang='grc' dir='ltr'>οὐδὲν</span> <span class='ocrx_word' id='word_1_56' title='bbox 2409 661 2548 719; x_wconf 81' lang='grc' dir='ltr'>ἐστιν</span> <span class='ocrx_word' id='word_1_57' title='bbox 2583 664 2610 717; x_wconf 85' lang='grc' dir='ltr'>ὁ</span> <span class='ocrx_word' id='word_1_58' title='bbox 2642 664 2791 727; x_wconf 88' lang='grc' dir='ltr'>Θεός.</span> 
     </span>
    </p>
   </div>
   <div class='ocr_carea' id='block_1_9' title="bbox 454 751 3837 827">
    <p class='ocr_par' dir='ltr' id='par_1_9' title="bbox 454 751 3837 827">
     <span class='ocr_line' id='line_1_9' title="bbox 454 751 3837 827; baseline 0.001 -17"><span class='ocrx_word' id='word_1_59' title='bbox 454 770 635 825; x_wconf 79' lang='lat' dir='ltr'>supra</span> <span class='ocrx_word' id='word_1_60' title='bbox 668 753 865 809; x_wconf 84' lang='lat' dir='ltr'>omnia</span> <span class='ocrx_word' id='word_1_61' title='bbox 904 754 1076 808; x_wconf 92' lang='lat' dir='ltr'>modo</span> <span class='ocrx_word' id='word_1_62' title='bbox 1118 752 1317 825; x_wconf 88' lang='lat' dir='ltr'>ignoto</span> <span class='ocrx_word' id='word_1_63' title='bbox 1343 752 1670 819; x_wconf 84' lang='lat' dir='ltr'>attollitur;</span> <span class='ocrx_word' id='word_1_64' title='bbox 1706 769 1820 807; x_wconf 92' lang='lat' dir='ltr'>non</span> <span class='ocrx_word' id='word_1_65' title='bbox 1855 756 1945 807; x_wconf 88' lang='lat' dir='ltr'>est</span> <span class='ocrx_word' id='word_1_66' title='bbox 1991 751 2147 807; x_wconf 88' lang='lat' dir='ltr'>enim</span> <span class='ocrx_word' id='word_1_67' title='bbox 2196 752 2417 825; x_wconf 88' lang='lat' dir='ltr'>aliquid</span> <span class='ocrx_word' id='word_1_68' title='bbox 2468 756 2627 826; x_wconf 93' lang='lat' dir='ltr'>quod</span> <span class='ocrx_word' id='word_1_69' title='bbox 2666 758 2981 827; x_wconf 83' lang='lat' dir='ltr'>cognoscat</span> <span class='ocrx_word' id='word_1_70' title='bbox 3032 754 3358 810; x_wconf 87' lang='lat' dir='ltr'>secundum</span> <span class='ocrx_word' id='word_1_71' title='bbox 3392 754 3543 826; x_wconf 92' lang='lat' dir='ltr'>quod</span> <span class='ocrx_word' id='word_1_72' title='bbox 3582 754 3727 812; x_wconf 84' lang='lat' dir='ltr'>Deus</span> <span class='ocrx_word' id='word_1_73' title='bbox 3769 758 3837 813; x_wconf 85' lang='lat' dir='ltr'>sit</span> 
     </span>
    </p>
   </div>
   <div class='ocr_carea' id='block_1_10' title="bbox 452 842 620 898">
    <p class='ocr_par' dir='ltr' id='par_1_10' title="bbox 452 842 620 898">
     <span class='ocr_line' id='line_1_10' title="bbox 452 842 620 898; baseline -0.006 0"><span class='ocrx_word' id='word_1_74' title='bbox 452 842 620 898; x_wconf 87' lang='lat' dir='ltr'>nihil.</span> 
     </span>
    </p>
   </div>
   <div class='ocr_carea' id='block_1_11' title="bbox 526 928 2100 992">
    <p class='ocr_par' dir='ltr' id='par_1_11' title="bbox 526 928 2100 992">
     <span class='ocr_line' id='line_1_11' title="bbox 526 928 2100 992; baseline -0.001 -6"><span class='ocrx_word' id='word_1_75' title='bbox 526 931 930 987; x_wconf 79' lang='lat' dir='ltr'>Substantiales</span> <span class='ocrx_word' id='word_1_76' title='bbox 951 933 1219 987; x_wconf 74' lang='lat' dir='ltr'>essentize.</span> <span class='ocrx_word' id='word_1_77' title='bbox 1255 928 1501 986; x_wconf 86' lang='lat' dir='ltr'>Pulchre</span> <span class='ocrx_word' id='word_1_78' title='bbox 1524 931 1913 985; x_wconf 77' lang='lat' dir='ltr'>substantiales</span> <span class='ocrx_word' id='word_1_79' title='bbox 1936 948 1955 992; x_wconf 86' lang='lat'>;</span> <span class='ocrx_word' id='word_1_80' title='bbox 2002 947 2100 985; x_wconf 81' lang='lat' dir='ltr'>ex-</span> 
     </span>
    </p>
   </div>
   <div class='ocr_carea' id='block_1_12' title="bbox 456 1018 2105 1090">
    <p class='ocr_par' dir='ltr' id='par_1_12' title="bbox 456 1018 2105 1090">
     <span class='ocr_line' id='line_1_12' title="bbox 456 1018 2105 1090; baseline -0.001 -14"><span class='ocrx_word' id='word_1_81' title='bbox 456 1020 739 1077; x_wconf 71' lang='lat' dir='ltr'>sistentiee</span> <span class='ocrx_word' id='word_1_82' title='bbox 775 1021 929 1076; x_wconf 90' lang='lat' dir='ltr'>enim</span> <span class='ocrx_word' id='word_1_83' title='bbox 958 1021 1282 1075; x_wconf 90' lang='lat' dir='ltr'>secundum</span> <span class='ocrx_word' id='word_1_84' title='bbox 1309 1019 1649 1090; x_wconf 89' lang='lat' dir='ltr'>Scripturas</span> <span class='ocrx_word' id='word_1_85' title='bbox 1676 1018 2105 1074; x_wconf 89' lang='lat' dir='ltr'>suntcssentiis</span> 
     </span>
    </p>
   </div>
   <div class='ocr_carea' id='block_1_13' title="bbox 456 1108 2103 1182">
    <p class='ocr_par' dir='ltr' id='par_1_13' title="bbox 456 1108 2103 1182">
     <span class='ocr_line' id='line_1_13' title="bbox 456 1108 2103 1182; baseline -0.004 -15"><span class='ocrx_word' id='word_1_86' title='bbox 456 1110 827 1182; x_wconf 89' lang='lat' dir='ltr'>superiores:</span> <span class='ocrx_word' id='word_1_87' title='bbox 854 1126 1009 1163; x_wconf 91' lang='lat' dir='ltr'>nunc</span> <span class='ocrx_word' id='word_1_88' title='bbox 1041 1114 1235 1164; x_wconf 86' lang='lat' dir='ltr'>autem</span> <span class='ocrx_word' id='word_1_89' title='bbox 1271 1108 1548 1179; x_wconf 88' lang='lat' dir='ltr'>quoniam</span> <span class='ocrx_word' id='word_1_90' title='bbox 1572 1109 1641 1162; x_wconf 89' lang='lat' dir='ltr'>de</span> <span class='ocrx_word' id='word_1_91' title='bbox 1673 1108 1884 1163; x_wconf 84' lang='lat' dir='ltr'>creatis</span> <span class='ocrx_word' id='word_1_92' title='bbox 1915 1108 2103 1179; x_wconf 88' lang='lat' dir='ltr'>loqui-</span> 
     </span>
    </p>
   </div>
   <div class='ocr_carea' id='block_1_14' title="bbox 458 1193 2101 1269">
    <p class='ocr_par' dir='ltr' id='par_1_14' title="bbox 458 1193 2101 1269">
     <span class='ocr_line' id='line_1_14' title="bbox 458 1193 2101 1269; baseline -0.002 -15"><span class='ocrx_word' id='word_1_93' title='bbox 458 1203 577 1266; x_wconf 89' lang='lat' dir='ltr'>tur,</span> <span class='ocrx_word' id='word_1_94' title='bbox 638 1198 845 1253; x_wconf 89' lang='lat' dir='ltr'>merito</span> <span class='ocrx_word' id='word_1_95' title='bbox 896 1196 1135 1252; x_wconf 86' lang='lat' dir='ltr'>dictioni</span> <span class='ocrx_word' id='word_1_96' title='bbox 1180 1194 1431 1269; x_wconf 75' lang='grc' dir='ltr'>ὑπάρξεις</span> <span class='ocrx_word' id='word_1_97' title='bbox 1474 1197 1749 1268; x_wconf 85' lang='lat' dir='ltr'>apposuit</span> <span class='ocrx_word' id='word_1_98' title='bbox 1796 1193 2101 1256; x_wconf 80' lang='grc' dir='ltr'>οὐσιώδεις.</span> 
     </span>
    </p>
   </div>
   <div class='ocr_carea' id='block_1_15' title="bbox 456 1285 2103 1356">
    <p class='ocr_par' dir='ltr' id='par_1_15' title="bbox 456 1285 2103 1356">
     <span class='ocr_line' id='line_1_15' title="bbox 456 1285 2103 1356; baseline -0.002 -13"><span class='ocrx_word' id='word_1_99' title='bbox 456 1287 763 1343; x_wconf 90' lang='lat' dir='ltr'>Unitiones</span> <span class='ocrx_word' id='word_1_100' title='bbox 792 1303 927 1342; x_wconf 92' lang='lat' dir='ltr'>vero</span> <span class='ocrx_word' id='word_1_101' title='bbox 960 1287 1259 1353; x_wconf 91' lang='lat' dir='ltr'>dicuntur,</span> <span class='ocrx_word' id='word_1_102' title='bbox 1297 1302 1410 1340; x_wconf 89' lang='lat' dir='ltr'>non</span> <span class='ocrx_word' id='word_1_103' title='bbox 1446 1286 1599 1356; x_wconf 92' lang='lat' dir='ltr'>quod</span> <span class='ocrx_word' id='word_1_104' title='bbox 1649 1285 1825 1340; x_wconf 83' lang='lat' dir='ltr'><strong>simul</strong></span> <span class='ocrx_word' id='word_1_105' title='bbox 1879 1303 2103 1341; x_wconf 85' lang='lat' dir='ltr'>acerva-</span> 
     </span>
    </p>
   </div>
   <div class='ocr_carea' id='block_1_16' title="bbox 452 1375 2106 1448">
    <p class='ocr_par' dir='ltr' id='par_1_16' title="bbox 452 1375 2106 1448">
     <span class='ocr_line' id='line_1_16' title="bbox 452 1375 2106 1448; baseline -0.001 -16"><span class='ocrx_word' id='word_1_106' title='bbox 452 1378 559 1432; x_wconf 86' lang='lat' dir='ltr'>tim</span> <span class='ocrx_word' id='word_1_107' title='bbox 592 1376 814 1448; x_wconf 87' lang='lat' dir='ltr'>aliquid</span> <span class='ocrx_word' id='word_1_108' title='bbox 847 1393 1027 1431; x_wconf 90' lang='lat' dir='ltr'>unum</span> <span class='ocrx_word' id='word_1_109' title='bbox 1061 1376 1340 1443; x_wconf 81' lang='lat' dir='ltr'>efﬁciant,</span> <span class='ocrx_word' id='word_1_110' title='bbox 1366 1375 1466 1430; x_wconf 89' lang='lat' dir='ltr'>sed</span> <span class='ocrx_word' id='word_1_111' title='bbox 1493 1375 1627 1446; x_wconf 86' lang='lat' dir='ltr'>quia</span> <span class='ocrx_word' id='word_1_112' title='bbox 1648 1375 1800 1430; x_wconf 88' lang='lat' dir='ltr'><strong>Deus</strong></span> <span class='ocrx_word' id='word_1_113' title='bbox 1832 1380 1958 1430; x_wconf 90' lang='lat' dir='ltr'>erat</span> <span class='ocrx_word' id='word_1_114' title='bbox 1978 1376 2106 1431; x_wconf 86' lang='lat' dir='ltr'>fons</span> 
     </span>
    </p>
   </div>
   <div class='ocr_carea' id='block_1_17' title="bbox 451 1464 2108 1539">
    <p class='ocr_par' dir='ltr' id='par_1_17' title="bbox 451 1464 2108 1539">
     <span class='ocr_line' id='line_1_17' title="bbox 451 1464 2108 1539; baseline -0.001 -18"><span class='ocrx_word' id='word_1_115' title='bbox 451 1466 718 1539; x_wconf 90' lang='lat' dir='ltr'>ipsorum</span> <span class='ocrx_word' id='word_1_116' title='bbox 751 1470 807 1521; x_wconf 89' lang='lat' dir='ltr'>et</span> <span class='ocrx_word' id='word_1_117' title='bbox 839 1464 1217 1536; x_wconf 89' lang='lat' dir='ltr'>principium,</span> <span class='ocrx_word' id='word_1_118' title='bbox 1244 1468 1417 1535; x_wconf 86' lang='lat' dir='ltr'>atque</span> <span class='ocrx_word' id='word_1_119' title='bbox 1440 1481 1507 1518; x_wconf 88' lang='lat' dir='ltr'>ex</span> <span class='ocrx_word' id='word_1_120' title='bbox 1534 1465 1659 1536; x_wconf 90' lang='lat' dir='ltr'>ipso</span> <span class='ocrx_word' id='word_1_121' title='bbox 1686 1465 1967 1535; x_wconf 86' lang='lat' dir='ltr'>producta</span> <span class='ocrx_word' id='word_1_122' title='bbox 1988 1464 2108 1520; x_wconf 81' lang='lat' dir='ltr'>fue-</span> 
     </span>
    </p>
   </div>
   <div class='ocr_carea' id='block_1_18' title="bbox 456 1553 2105 1625">
    <p class='ocr_par' dir='ltr' id='par_1_18' title="bbox 456 1553 2105 1625">
     <span class='ocr_line' id='line_1_18' title="bbox 456 1553 2105 1625; baseline -0.001 -15"><span class='ocrx_word' id='word_1_123' title='bbox 456 1560 595 1611; x_wconf 87' lang='lat' dir='ltr'>runt</span> <span class='ocrx_word' id='word_1_124' title='bbox 624 1555 781 1610; x_wconf 85' lang='lat' dir='ltr'>entia</span> <span class='ocrx_word' id='word_1_125' title='bbox 811 1555 1005 1610; x_wconf 85' lang='lat' dir='ltr'>omnia</span> <span class='ocrx_word' id='word_1_126' title='bbox 1038 1571 1163 1625; x_wconf 67' lang='lat' dir='ltr'>quee</span> <span class='ocrx_word' id='word_1_127' title='bbox 1196 1553 1516 1624; x_wconf 87' lang='lat' dir='ltr'>illustrant,</span> <span class='ocrx_word' id='word_1_128' title='bbox 1546 1559 1602 1610; x_wconf 89' lang='lat' dir='ltr'>et</span> <span class='ocrx_word' id='word_1_129' title='bbox 1632 1554 2016 1609; x_wconf 84' lang='lat' dir='ltr'>subsistentia</span> <span class='ocrx_word' id='word_1_130' title='bbox 2046 1553 2105 1609; x_wconf 89' lang='lat' dir='ltr'>in</span> 
     </span>
    </p>
   </div>
   <div class='ocr_carea' id='block_1_19' title="bbox 454 1643 2103 1716">
    <p class='ocr_par' dir='ltr' id='par_1_19' title="bbox 454 1643 2103 1716">
     <span class='ocr_line' id='line_1_19' title="bbox 454 1643 2103 1716; baseline 0 -17"><span class='ocrx_word' id='word_1_131' title='bbox 454 1661 723 1716; x_wconf 87' lang='lat' dir='ltr'>persona,</span> <span class='ocrx_word' id='word_1_132' title='bbox 757 1644 837 1698; x_wconf 87' lang='lat' dir='ltr'>ita</span> <span class='ocrx_word' id='word_1_133' title='bbox 868 1648 933 1698; x_wconf 91' lang='lat' dir='ltr'>ut</span> <span class='ocrx_word' id='word_1_134' title='bbox 957 1644 1014 1697; x_wconf 89' lang='lat' dir='ltr'>in</span> <span class='ocrx_word' id='word_1_135' title='bbox 1049 1643 1536 1699; x_wconf 88' lang='lat' dir='ltr'>distinctionibus</span> <span class='ocrx_word' id='word_1_136' title='bbox 1586 1643 2103 1699; x_wconf 82' lang='lat' dir='ltr'>subsistentiarum</span> 
     </span>
    </p>
   </div>
   <div class='ocr_carea' id='block_1_20' title="bbox 2284 928 3834 1005">
    <p class='ocr_par' dir='ltr' id='par_1_20' title="bbox 2284 928 3834 1005">
     <span class='ocr_line' id='line_1_20' title="bbox 2284 928 3834 1005; baseline 0.001 -20"><span class='ocrx_word' id='word_1_137' title='bbox 2284 932 2355 985; x_wconf 75' lang='grc' dir='ltr'>Αἱ</span> <span class='ocrx_word' id='word_1_138' title='bbox 2438 928 2722 993; x_wconf 82' lang='grc' dir='ltr'>οὐσιώδεις</span> <span class='ocrx_word' id='word_1_139' title='bbox 2801 930 3071 1005; x_wconf 73' lang='grc' dir='ltr'>ὑπάρξεις.</span> <span class='ocrx_word' id='word_1_140' title='bbox 3130 929 3326 992; x_wconf 85' lang='grc' dir='ltr'>Καλῶς</span> <span class='ocrx_word' id='word_1_141' title='bbox 3394 930 3456 985; x_wconf 86' lang='grc' dir='ltr'>τὸ</span> <span class='ocrx_word' id='word_1_142' title='bbox 3531 929 3834 993; x_wconf 78' lang='grc' dir='ltr'>οὐσιώδεις·</span> 
     </span>
    </p>
   </div>
   <div class='ocr_carea' id='block_1_21' title="bbox 2217 1017 3834 1096">
    <p class='ocr_par' dir='ltr' id='par_1_21' title="bbox 2217 1017 3834 1096">
     <span class='ocr_line' id='line_1_21' title="bbox 2217 1017 3834 1096; baseline 0.002 -25"><span class='ocrx_word' id='word_1_143' title='bbox 2217 1018 2464 1092; x_wconf 76' lang='grc' dir='ltr'>ὑπάρξεις</span> <span class='ocrx_word' id='word_1_144' title='bbox 2495 1021 2611 1083; x_wconf 88' lang='grc' dir='ltr'>καθ’</span> <span class='ocrx_word' id='word_1_145' title='bbox 2649 1021 2837 1081; x_wconf 69' lang='grc' dir='ltr'>ἑαυτὰς</span> <span class='ocrx_word' id='word_1_146' title='bbox 2870 1019 3129 1096; x_wconf 83' lang='grc' dir='ltr'>ἀνώτεραι</span> <span class='ocrx_word' id='word_1_147' title='bbox 3160 1024 3268 1074; x_wconf 90' lang='grc' dir='ltr'>τῶν</span> <span class='ocrx_word' id='word_1_148' title='bbox 3320 1017 3514 1073; x_wconf 79' lang='grc' dir='ltr'>οὐσιῶν</span> <span class='ocrx_word' id='word_1_149' title='bbox 3567 1019 3663 1073; x_wconf 77' lang='grc' dir='ltr'>εἷ’σι</span> <span class='ocrx_word' id='word_1_150' title='bbox 3696 1040 3708 1051; x_wconf 70' lang='grc' dir='ltr'><strong>ο</strong></span> <span class='ocrx_word' id='word_1_151' title='bbox 3754 1026 3834 1075; x_wconf 91' lang='grc' dir='ltr'>νῦν</span> 
     </span>
    </p>
   </div>
   <div class='ocr_carea' id='block_1_22' title="bbox 2215 1104 3838 1187">
    <p class='ocr_par' dir='ltr' id='par_1_22' title="bbox 2215 1104 3838 1187">
     <span class='ocr_line' id='line_1_22' title="bbox 2215 1104 3838 1187; baseline 0.001 -26"><span class='ocrx_word' id='word_1_152' title='bbox 2215 1104 2272 1161; x_wconf 77' lang='grc' dir='ltr'>δὲ</span> <span class='ocrx_word' id='word_1_153' title='bbox 2302 1105 2489 1177; x_wconf 84' lang='grc' dir='ltr'>ἐπειδὴ</span> <span class='ocrx_word' id='word_1_154' title='bbox 2525 1111 2645 1184; x_wconf 78' lang='grc' dir='ltr'>περὶ</span> <span class='ocrx_word' id='word_1_155' title='bbox 2678 1114 2786 1164; x_wconf 84' lang='grc' dir='ltr'>τῶν</span> <span class='ocrx_word' id='word_1_156' title='bbox 2816 1114 3046 1164; x_wconf 89' lang='grc' dir='ltr'>κτιστῶν</span> <span class='ocrx_word' id='word_1_157' title='bbox 3076 1131 3261 1187; x_wconf 76' lang='grc' dir='ltr'>φησιν,</span> <span class='ocrx_word' id='word_1_158' title='bbox 3296 1108 3519 1171; x_wconf 79' lang='grc' dir='ltr'>εἰκότως</span> <span class='ocrx_word' id='word_1_159' title='bbox 3562 1113 3639 1179; x_wconf 77' lang='grc' dir='ltr'>τῷ</span> <span class='ocrx_word' id='word_1_160' title='bbox 3686 1109 3838 1184; x_wconf 84' lang='grc' dir='ltr'>ὑπάρ-</span> 
     </span>
    </p>
   </div>
   <div class='ocr_carea' id='block_1_23' title="bbox 2215 1194 3837 1273">
    <p class='ocr_par' dir='ltr' id='par_1_23' title="bbox 2215 1194 3837 1273">
     <span class='ocr_line' id='line_1_23' title="bbox 2215 1194 3837 1273; baseline 0.001 -23"><span class='ocrx_word' id='word_1_161' title='bbox 2215 1200 2319 1270; x_wconf 83' lang='grc' dir='ltr'>ξεις</span> <span class='ocrx_word' id='word_1_162' title='bbox 2374 1196 2678 1269; x_wconf 74' lang='grc' dir='ltr'>προσέθηκε</span> <span class='ocrx_word' id='word_1_163' title='bbox 2733 1198 2795 1252; x_wconf 86' lang='grc' dir='ltr'>τὸ</span> <span class='ocrx_word' id='word_1_164' title='bbox 2853 1196 3159 1260; x_wconf 82' lang='grc' dir='ltr'>οὐσιώδεις.</span> <span class='ocrx_word' id='word_1_165' title='bbox 3191 1199 3449 1261; x_wconf 84' lang='grc' dir='ltr'>Ἑνώσεις</span> <span class='ocrx_word' id='word_1_166' title='bbox 3507 1194 3562 1251; x_wconf 73' lang='grc' dir='ltr'>δὲ</span> <span class='ocrx_word' id='word_1_167' title='bbox 3591 1196 3837 1273; x_wconf 72' lang='grc' dir='ltr'>λέγονται,</span> 
     </span>
    </p>
   </div>
   <div class='ocr_carea' id='block_1_24' title="bbox 2217 1282 3841 1362">
    <p class='ocr_par' dir='ltr' id='par_1_24' title="bbox 2217 1282 3841 1362">
     <span class='ocr_line' id='line_1_24' title="bbox 2217 1282 3841 1362; baseline 0.001 -23"><span class='ocrx_word' id='word_1_168' title='bbox 2217 1285 2323 1361; x_wconf 81' lang='grc' dir='ltr'>οὐχ</span> <span class='ocrx_word' id='word_1_169' title='bbox 2353 1284 2433 1340; x_wconf 83' lang='grc' dir='ltr'>ὅτι</span> <span class='ocrx_word' id='word_1_170' title='bbox 2469 1288 2769 1342; x_wconf 74' lang='grc' dir='ltr'>συνέκειντο</span> <span class='ocrx_word' id='word_1_171' title='bbox 2811 1285 3063 1362; x_wconf 85' lang='grc' dir='ltr'>σωρηδὸν</span> <span class='ocrx_word' id='word_1_172' title='bbox 3110 1285 3164 1342; x_wconf 71' lang='grc' dir='ltr'>ἓν</span> <span class='ocrx_word' id='word_1_173' title='bbox 3216 1308 3267 1341; x_wconf 90' lang='grc' dir='ltr'>τι</span> <span class='ocrx_word' id='word_1_174' title='bbox 3312 1282 3697 1355; x_wconf 81' lang='grc' dir='ltr'>ἀποτελοῦντα,</span> <span class='ocrx_word' id='word_1_175' title='bbox 3730 1285 3841 1342; x_wconf 83' lang='grc' dir='ltr'>ἀλλ’</span> 
     </span>
    </p>
   </div>
   <div class='ocr_carea' id='block_1_25' title="bbox 2218 1374 3839 1452">
    <p class='ocr_par' dir='ltr' id='par_1_25' title="bbox 2218 1374 3839 1452">
     <span class='ocr_line' id='line_1_25' title="bbox 2218 1374 3839 1452; baseline 0 -23"><span class='ocrx_word' id='word_1_176' title='bbox 2218 1376 2298 1429; x_wconf 83' lang='grc' dir='ltr'>δτι</span> <span class='ocrx_word' id='word_1_177' title='bbox 2330 1377 2484 1449; x_wconf 83' lang='grc' dir='ltr'>πηγὴ</span> <span class='ocrx_word' id='word_1_178' title='bbox 2520 1376 2693 1431; x_wconf 81' lang='grc' dir='ltr'>αὐτῶν</span> <span class='ocrx_word' id='word_1_179' title='bbox 2726 1377 2814 1430; x_wconf 80' lang='grc' dir='ltr'>καὶ</span> <span class='ocrx_word' id='word_1_180' title='bbox 2845 1377 2993 1452; x_wconf 80' lang='grc' dir='ltr'>ἀρχὴ</span> <span class='ocrx_word' id='word_1_181' title='bbox 3024 1378 3089 1445; x_wconf 78' lang='grc' dir='ltr'>ἦν</span> <span class='ocrx_word' id='word_1_182' title='bbox 3125 1376 3152 1429; x_wconf 84' lang='grc' dir='ltr'>ὁ</span> <span class='ocrx_word' id='word_1_183' title='bbox 3183 1376 3330 1447; x_wconf 85' lang='grc' dir='ltr'>Θεὸς,</span> <span class='ocrx_word' id='word_1_184' title='bbox 3348 1375 3435 1429; x_wconf 83' lang='grc' dir='ltr'>καὶ</span> <span class='ocrx_word' id='word_1_185' title='bbox 3468 1375 3517 1447; x_wconf 81' lang='grc' dir='ltr'><strong>ἐξ</strong></span> <span class='ocrx_word' id='word_1_186' title='bbox 3550 1374 3705 1429; x_wconf 82' lang='grc' dir='ltr'>αὐτοῦ</span> <span class='ocrx_word' id='word_1_187' title='bbox 3725 1396 3839 1449; x_wconf 89' lang='grc' dir='ltr'>παρ-</span> 
     </span>
    </p>
   </div>
   <div class='ocr_carea' id='block_1_26' title="bbox 2216 1458 3839 1539">
    <p class='ocr_par' dir='ltr' id='par_1_26' title="bbox 2216 1458 3839 1539">
     <span class='ocr_line' id='line_1_26' title="bbox 2216 1458 3839 1539; baseline 0 -22"><span class='ocrx_word' id='word_1_188' title='bbox 2216 1466 2462 1539; x_wconf 81' lang='grc' dir='ltr'>ήχθησαν</span> <span class='ocrx_word' id='word_1_189' title='bbox 2499 1464 2857 1539; x_wconf 80' lang='grc' dir='ltr'>ἐλλάμψαντα</span> <span class='ocrx_word' id='word_1_190' title='bbox 2887 1465 2976 1519; x_wconf 77' lang='grc' dir='ltr'>καὶ</span> <span class='ocrx_word' id='word_1_191' title='bbox 3029 1463 3333 1520; x_wconf 84' lang='grc' dir='ltr'>ὑποστάντα</span> <span class='ocrx_word' id='word_1_192' title='bbox 3381 1464 3499 1528; x_wconf 83' lang='grc' dir='ltr'>καθ’</span> <span class='ocrx_word' id='word_1_193' title='bbox 3532 1458 3776 1518; x_wconf 87' lang='grc' dir='ltr'>ὑπόϐασιν</span> <span class='ocrx_word' id='word_1_194' title='bbox 3802 1467 3839 1500; x_wconf 79' lang='grc'>⁸⁷</span> 
     </span>
    </p>
   </div>
   <div class='ocr_carea' id='block_1_27' title="bbox 2217 1551 3838 1629">
    <p class='ocr_par' dir='ltr' id='par_1_27' title="bbox 2217 1551 3838 1629">
     <span class='ocr_line' id='line_1_27' title="bbox 2217 1551 3838 1629; baseline -0.001 -21"><span class='ocrx_word' id='word_1_195' title='bbox 2217 1556 2422 1608; x_wconf 82' lang='grc' dir='ltr'>ἅπαντα</span> <span class='ocrx_word' id='word_1_196' title='bbox 2479 1554 2545 1607; x_wconf 79' lang='grc' dir='ltr'>τὰ</span> <span class='ocrx_word' id='word_1_197' title='bbox 2601 1551 2748 1626; x_wconf 75' lang='grc' dir='ltr'>ὄντα,</span> <span class='ocrx_word' id='word_1_198' title='bbox 2782 1556 2856 1618; x_wconf 82' lang='grc' dir='ltr'>ὡς</span> <span class='ocrx_word' id='word_1_199' title='bbox 2914 1557 3002 1609; x_wconf 77' lang='grc' dir='ltr'>καὶ</span> <span class='ocrx_word' id='word_1_200' title='bbox 3062 1553 3139 1617; x_wconf 74' lang='grc' dir='ltr'>εἷς</span> <span class='ocrx_word' id='word_1_201' title='bbox 3196 1551 3489 1629; x_wconf 76' lang='grc' dir='ltr'>διακρίσεις</span> <span class='ocrx_word' id='word_1_202' title='bbox 3524 1551 3838 1607; x_wconf 80' lang='grc' dir='ltr'>ὑποστάσεων</span> 
     </span>
    </p>
   </div>
   <div class='ocr_carea' id='block_1_28' title="bbox 2216 1640 3837 1720">
    <p class='ocr_par' dir='ltr' id='par_1_28' title="bbox 2216 1640 3837 1720">
     <span class='ocr_line' id='line_1_28' title="bbox 2216 1640 3837 1720; baseline -0.001 -23"><span class='ocrx_word' id='word_1_203' title='bbox 2216 1649 2463 1720; x_wconf 79' lang='grc' dir='ltr'>φανῆναι.</span> <span class='ocrx_word' id='word_1_204' title='bbox 2494 1642 2828 1713; x_wconf 80' lang='grc' dir='ltr'>Ταὺτότητες</span> <span class='ocrx_word' id='word_1_205' title='bbox 2859 1642 2915 1697; x_wconf 79' lang='grc' dir='ltr'><strong>δέ</strong></span> <span class='ocrx_word' id='word_1_206' title='bbox 2947 1642 3080 1697; x_wconf 69' lang='grc' dir='ltr'>εἶσιν</span> <span class='ocrx_word' id='word_1_207' title='bbox 3110 1644 3165 1696; x_wconf 74' lang='grc' dir='ltr'>αἱ</span> <span class='ocrx_word' id='word_1_208' title='bbox 3189 1640 3463 1718; x_wconf 82' lang='grc' dir='ltr'>ἀναγωγοὶ</span> <span class='ocrx_word' id='word_1_209' title='bbox 3494 1643 3581 1696; x_wconf 82' lang='grc' dir='ltr'>καὶ</span> <span class='ocrx_word' id='word_1_210' title='bbox 3612 1643 3837 1696; x_wconf 87' lang='grc' dir='ltr'>ἑνωτικαὶ</span> 
     </span>
    </p>
   </div>
   <div class='ocr_carea' id='block_1_29' title="bbox 455 1723 2109 1805">
    <p class='ocr_par' dir='ltr' id='par_1_29' title="bbox 455 1731 2105 1803">
     <span class='ocr_line' id='line_1_29' title="bbox 455 1731 2105 1803; baseline -0.001 -16"><span class='ocrx_word' id='word_1_211' title='bbox 455 1736 794 1803; x_wconf 85' lang='lat' dir='ltr'>appareant.</span> <span class='ocrx_word' id='word_1_212' title='bbox 832 1732 1175 1787; x_wconf 89' lang='lat' dir='ltr'>Identitates</span> <span class='ocrx_word' id='word_1_213' title='bbox 1208 1737 1404 1786; x_wconf 86' lang='lat' dir='ltr'>autem</span> <span class='ocrx_word' id='word_1_214' title='bbox 1435 1736 1573 1787; x_wconf 90' lang='lat' dir='ltr'>sunt</span> <span class='ocrx_word' id='word_1_215' title='bbox 1602 1731 1849 1787; x_wconf 85' lang='lat' dir='ltr'>virtutes</span> <span class='ocrx_word' id='word_1_216' title='bbox 1884 1732 2105 1787; x_wconf 90' lang='lat' dir='ltr'>intelli-</span> 
     </span>
    </p>
   </div>
   <div class='ocr_carea' id='block_1_30' title="bbox 2224 1723 3837 1805">
    <p class='ocr_par' dir='ltr' id='par_1_30' title="bbox 2224 1728 3837 1805">
     <span class='ocr_line' id='line_1_30' title="bbox 2224 1728 3837 1805; baseline -0.001 -19"><span class='ocrx_word' id='word_1_217' title='bbox 2224 1732 2349 1805; x_wconf 82' lang='grc' dir='ltr'>πρὸς</span> <span class='ocrx_word' id='word_1_218' title='bbox 2381 1732 2506 1786; x_wconf 85' lang='grc' dir='ltr'>Θεὸν</span> <span class='ocrx_word' id='word_1_219' title='bbox 2541 1728 2799 1804; x_wconf 85' lang='grc' dir='ltr'>δυνάμεις</span> <span class='ocrx_word' id='word_1_220' title='bbox 2827 1737 2934 1786; x_wconf 88' lang='grc' dir='ltr'>τῶν</span> <span class='ocrx_word' id='word_1_221' title='bbox 2968 1735 3205 1804; x_wconf 78' lang='grc' dir='ltr'>νοητῶν,</span> <span class='ocrx_word' id='word_1_222' title='bbox 3236 1731 3309 1793; x_wconf 84' lang='grc' dir='ltr'>ὡς</span> <span class='ocrx_word' id='word_1_223' title='bbox 3354 1732 3445 1785; x_wconf 87' lang='grc' dir='ltr'>καὶ</span> <span class='ocrx_word' id='word_1_224' title='bbox 3501 1730 3837 1802; x_wconf 84' lang='grc' dir='ltr'>ὁμοιότητες’</span> 
     </span>
    </p>
   </div>
   <div class='ocr_carea' id='block_1_31' title="bbox 455 1820 2105 1893">
    <p class='ocr_par' dir='ltr' id='par_1_31' title="bbox 455 1820 2105 1893">
     <span class='ocr_line' id='line_1_31' title="bbox 455 1820 2105 1893; baseline 0.001 -19"><span class='ocrx_word' id='word_1_225' title='bbox 455 1820 750 1893; x_wconf 86' lang='lat' dir='ltr'>gibilium,</span> <span class='ocrx_word' id='word_1_226' title='bbox 776 1838 899 1891; x_wconf 75' lang='lat' dir='ltr'>quzs</span> <span class='ocrx_word' id='word_1_227' title='bbox 930 1838 1169 1876; x_wconf 90' lang='lat' dir='ltr'>sursum</span> <span class='ocrx_word' id='word_1_228' title='bbox 1202 1822 1414 1875; x_wconf 91' lang='lat' dir='ltr'>ducere</span> <span class='ocrx_word' id='word_1_229' title='bbox 1438 1825 1611 1891; x_wconf 84' lang='lat' dir='ltr'>atque</span> <span class='ocrx_word' id='word_1_230' title='bbox 1635 1837 1768 1875; x_wconf 91' lang='lat' dir='ltr'>cum</span> <span class='ocrx_word' id='word_1_231' title='bbox 1802 1821 1917 1876; x_wconf 92' lang='lat' dir='ltr'>Deo</span> <span class='ocrx_word' id='word_1_232' title='bbox 1940 1822 2105 1876; x_wconf 88' lang='lat' dir='ltr'>unire</span> 
     </span>
    </p>
   </div>
   <div class='ocr_carea' id='block_1_32' title="bbox 451 1908 2104 1981">
    <p class='ocr_par' dir='ltr' id='par_1_32' title="bbox 451 1908 2104 1981">
     <span class='ocr_line' id='line_1_32' title="bbox 451 1908 2104 1981; baseline 0 -17"><span class='ocrx_word' id='word_1_233' title='bbox 451 1909 670 1976; x_wconf 84' lang='lat' dir='ltr'>valent,</span> <span class='ocrx_word' id='word_1_234' title='bbox 710 1914 772 1964; x_wconf 90' lang='lat' dir='ltr'>ut</span> <span class='ocrx_word' id='word_1_235' title='bbox 818 1908 992 1965; x_wconf 88' lang='lat' dir='ltr'>etiam</span> <span class='ocrx_word' id='word_1_236' title='bbox 1047 1908 1505 1976; x_wconf 88' lang='lat' dir='ltr'>similitudines;</span> <span class='ocrx_word' id='word_1_237' title='bbox 1547 1910 1823 1981; x_wconf 89' lang='lat' dir='ltr'>quoniam</span> <span class='ocrx_word' id='word_1_238' title='bbox 1858 1927 1926 1964; x_wconf 84' lang='lat' dir='ltr'>ex</span> <span class='ocrx_word' id='word_1_239' title='bbox 1976 1910 2104 1981; x_wconf 88' lang='lat' dir='ltr'>ipso</span> 
     </span>
    </p>
   </div>
   <div class='ocr_carea' id='block_1_33' title="bbox 456 1998 2104 2070">
    <p class='ocr_par' dir='ltr' id='par_1_33' title="bbox 456 1998 2104 2070">
     <span class='ocr_line' id='line_1_33' title="bbox 456 1998 2104 2070; baseline 0.001 -18"><span class='ocrx_word' id='word_1_240' title='bbox 456 2015 689 2070; x_wconf 91' lang='lat' dir='ltr'>quoque</span> <span class='ocrx_word' id='word_1_241' title='bbox 718 2005 859 2053; x_wconf 86' lang='lat' dir='ltr'>sunt</span> <span class='ocrx_word' id='word_1_242' title='bbox 891 2003 948 2053; x_wconf 92' lang='lat' dir='ltr'>et</span> <span class='ocrx_word' id='word_1_243' title='bbox 988 1998 1100 2070; x_wconf 89' lang='lat' dir='ltr'>ipsi</span> <span class='ocrx_word' id='word_1_244' title='bbox 1134 1998 1451 2053; x_wconf 67' lang='lat' dir='ltr'>adhaerent.</span> <span class='ocrx_word' id='word_1_245' title='bbox 1485 1998 1859 2054; x_wconf 86' lang='lat' dir='ltr'>Diversitates</span> <span class='ocrx_word' id='word_1_246' title='bbox 1911 2008 2104 2054; x_wconf 79' lang='lat' dir='ltr'>autem</span> 
     </span>
    </p>
   </div>
   <div class='ocr_carea' id='block_1_34' title="bbox 455 2086 2103 2159">
    <p class='ocr_par' dir='ltr' id='par_1_34' title="bbox 455 2086 2103 2159">
     <span class='ocr_line' id='line_1_34' title="bbox 455 2086 2103 2159; baseline 0.001 -17"><span class='ocrx_word' id='word_1_247' title='bbox 455 2092 746 2159; x_wconf 84' lang='lat' dir='ltr'>quatenus</span> <span class='ocrx_word' id='word_1_248' title='bbox 777 2087 1088 2142; x_wconf 89' lang='lat' dir='ltr'>diversitas</span> <span class='ocrx_word' id='word_1_249' title='bbox 1119 2087 1397 2142; x_wconf 90' lang='lat' dir='ltr'>deorsum</span> <span class='ocrx_word' id='word_1_250' title='bbox 1422 2086 1605 2154; x_wconf 90' lang='lat' dir='ltr'>ducit,</span> <span class='ocrx_word' id='word_1_251' title='bbox 1636 2090 1692 2142; x_wconf 86' lang='lat' dir='ltr'>et</span> <span class='ocrx_word' id='word_1_252' title='bbox 1724 2087 1974 2143; x_wconf 88' lang='lat' dir='ltr'>divisiva</span> <span class='ocrx_word' id='word_1_253' title='bbox 1993 2092 2103 2156; x_wconf 90' lang='lat' dir='ltr'>est,</span> 
     </span>
    </p>
   </div>
   <div class='ocr_carea' id='block_1_35' title="bbox 456 2176 2104 2247">
    <p class='ocr_par' dir='ltr' id='par_1_35' title="bbox 456 2176 2104 2247">
     <span class='ocr_line' id='line_1_35' title="bbox 456 2176 2104 2247; baseline -0.001 -16"><span class='ocrx_word' id='word_1_254' title='bbox 456 2177 518 2231; x_wconf 89' lang='lat' dir='ltr'>in</span> <span class='ocrx_word' id='word_1_255' title='bbox 568 2176 851 2247; x_wconf 87' lang='lat' dir='ltr'>subjectis</span> <span class='ocrx_word' id='word_1_256' title='bbox 883 2180 939 2231; x_wconf 91' lang='lat' dir='ltr'>et</span> <span class='ocrx_word' id='word_1_257' title='bbox 985 2176 1261 2231; x_wconf 83' lang='lat' dir='ltr'>extremis</span> <span class='ocrx_word' id='word_1_258' title='bbox 1308 2176 1519 2231; x_wconf 66' lang='lat' dir='ltr'>divinas</span> <span class='ocrx_word' id='word_1_259' title='bbox 1551 2176 1875 2231; x_wconf 87' lang='lat' dir='ltr'>voluntatis</span> <span class='ocrx_word' id='word_1_260' title='bbox 1925 2177 1996 2231; x_wconf 89' lang='lat' dir='ltr'>ad</span> <span class='ocrx_word' id='word_1_261' title='bbox 2029 2176 2104 2230; x_wconf 92' lang='lat' dir='ltr'>vi-</span> 
     </span>
    </p>
   </div>
   <div class='ocr_carea' id='block_1_36' title="bbox 461 2264 2107 2337">
    <p class='ocr_par' dir='ltr' id='par_1_36' title="bbox 461 2264 2107 2337">
     <span class='ocr_line' id='line_1_36' title="bbox 461 2264 2107 2337; baseline -0.001 -16"><span class='ocrx_word' id='word_1_262' title='bbox 461 2264 658 2321; x_wconf 88' lang='lat' dir='ltr'>sibilia</span> <span class='ocrx_word' id='word_1_263' title='bbox 688 2264 1197 2335; x_wconf 86' lang='lat' dir='ltr'>progressionibus</span> <span class='ocrx_word' id='word_1_264' title='bbox 1240 2264 1685 2337; x_wconf 86' lang='lat' dir='ltr'>multiplicatur.</span> <span class='ocrx_word' id='word_1_265' title='bbox 1720 2265 2107 2321; x_wconf 89' lang='lat' dir='ltr'>Dissimilitu-</span> 
     </span>
    </p>
   </div>
   <div class='ocr_carea' id='block_1_37' title="bbox 461 2354 2107 2425">
    <p class='ocr_par' dir='ltr' id='par_1_37' title="bbox 461 2354 2107 2425">
     <span class='ocr_line' id='line_1_37' title="bbox 461 2354 2107 2425; baseline 0 -16"><span class='ocrx_word' id='word_1_266' title='bbox 461 2354 628 2409; x_wconf 91' lang='lat' dir='ltr'>dines</span> <span class='ocrx_word' id='word_1_267' title='bbox 650 2370 780 2409; x_wconf 90' lang='lat' dir='ltr'>vero</span> <span class='ocrx_word' id='word_1_268' title='bbox 806 2371 1032 2421; x_wconf 90' lang='lat' dir='ltr'>rursus,</span> <span class='ocrx_word' id='word_1_269' title='bbox 1058 2355 1339 2425; x_wconf 88' lang='lat' dir='ltr'>quoniam</span> <span class='ocrx_word' id='word_1_270' title='bbox 1362 2355 1517 2425; x_wconf 92' lang='lat' dir='ltr'>quod</span> <span class='ocrx_word' id='word_1_271' title='bbox 1547 2360 1777 2410; x_wconf 86' lang='lat' dir='ltr'>creatur</span> <span class='ocrx_word' id='word_1_272' title='bbox 1797 2355 1956 2410; x_wconf 90' lang='lat' dir='ltr'>aliud</span> <span class='ocrx_word' id='word_1_273' title='bbox 1983 2371 2107 2409; x_wconf 90' lang='lat' dir='ltr'>om-</span> 
     </span>
    </p>
   </div>
   <div class='ocr_carea' id='block_1_38' title="bbox 460 2442 2105 2514">
    <p class='ocr_par' dir='ltr' id='par_1_38' title="bbox 460 2442 2105 2514">
     <span class='ocr_line' id='line_1_38' title="bbox 460 2442 2105 2514; baseline 0 -16"><span class='ocrx_word' id='word_1_274' title='bbox 460 2443 599 2498; x_wconf 91' lang='lat' dir='ltr'>nino</span> <span class='ocrx_word' id='word_1_275' title='bbox 650 2442 824 2497; x_wconf 83' lang='lat' dir='ltr'>t‘uerit</span> <span class='ocrx_word' id='word_1_276' title='bbox 853 2460 885 2496; x_wconf 88' lang='lat' dir='ltr'>a</span> <span class='ocrx_word' id='word_1_277' title='bbox 939 2448 1198 2497; x_wconf 82' lang='lat' dir='ltr'>creatore</span> <span class='ocrx_word' id='word_1_278' title='bbox 1230 2443 1287 2496; x_wconf 92' lang='lat' dir='ltr'>in</span> <span class='ocrx_word' id='word_1_279' title='bbox 1337 2443 1636 2509; x_wconf 89' lang='lat' dir='ltr'>omnibus,</span> <span class='ocrx_word' id='word_1_280' title='bbox 1671 2460 1859 2514; x_wconf 90' lang='lat' dir='ltr'>neque</span> <span class='ocrx_word' id='word_1_281' title='bbox 1907 2443 2105 2499; x_wconf 90' lang='lat' dir='ltr'>simile.</span> 
     </span>
    </p>
   </div>
   <div class='ocr_carea' id='block_1_39' title="bbox 459 2532 2107 2587">
    <p class='ocr_par' dir='ltr' id='par_1_39' title="bbox 459 2532 2107 2587">
     <span class='ocr_line' id='line_1_39' title="bbox 459 2532 2107 2587; baseline 0.001 -2"><span class='ocrx_word' id='word_1_282' title='bbox 459 2535 637 2587; x_wconf 92' lang='lat' dir='ltr'>Porro</span> <span class='ocrx_word' id='word_1_283' title='bbox 669 2533 1111 2587; x_wconf 88' lang='lat' dir='ltr'>communiones</span> <span class='ocrx_word' id='word_1_284' title='bbox 1143 2532 1296 2586; x_wconf 78' lang='lat' dir='ltr'>I34</span> <span class='ocrx_word' id='word_1_285' title='bbox 1328 2535 1469 2586; x_wconf 87' lang='lat' dir='ltr'>sunt</span> <span class='ocrx_word' id='word_1_286' title='bbox 1516 2532 1943 2587; x_wconf 87' lang='lat' dir='ltr'>contrariorum</span> <span class='ocrx_word' id='word_1_287' title='bbox 1992 2532 2107 2587; x_wconf 92' lang='lat' dir='ltr'>ele-</span> 
     </span>
    </p>
   </div>
   <div class='ocr_carea' id='block_1_40' title="bbox 460 2621 2107 2692">
    <p class='ocr_par' dir='ltr' id='par_1_40' title="bbox 460 2621 2107 2692">
     <span class='ocr_line' id='line_1_40' title="bbox 460 2621 2107 2692; baseline 0 -16"><span class='ocrx_word' id='word_1_288' title='bbox 460 2627 792 2676; x_wconf 90' lang='lat' dir='ltr'>mentorum</span> <span class='ocrx_word' id='word_1_289' title='bbox 814 2621 1263 2691; x_wconf 79' lang='lat' dir='ltr'>temperationes</span> <span class='ocrx_word' id='word_1_290' title='bbox 1289 2637 1301 2674; x_wconf 92' lang='lat'><strong>:</strong></span> <span class='ocrx_word' id='word_1_291' title='bbox 1331 2638 1463 2675; x_wconf 89' lang='lat' dir='ltr'>nam</span> <span class='ocrx_word' id='word_1_292' title='bbox 1484 2637 1551 2675; x_wconf 85' lang='lat' dir='ltr'>ex</span> <span class='ocrx_word' id='word_1_293' title='bbox 1574 2626 1830 2692; x_wconf 89' lang='lat' dir='ltr'>quatuor</span> <span class='ocrx_word' id='word_1_294' title='bbox 1850 2622 2107 2677; x_wconf 90' lang='lat' dir='ltr'>elemen-</span> 
     </span>
    </p>
   </div>
   <div class='ocr_carea' id='block_1_41' title="bbox 459 2710 2108 2781">
    <p class='ocr_par' dir='ltr' id='par_1_41' title="bbox 459 2710 2108 2781">
     <span class='ocr_line' id='line_1_41' title="bbox 459 2710 2108 2781; baseline 0.001 -17"><span class='ocrx_word' id='word_1_295' title='bbox 459 2710 535 2765; x_wconf 86' lang='lat' dir='ltr'>tis</span> <span class='ocrx_word' id='word_1_296' title='bbox 578 2726 822 2781; x_wconf 89' lang='lat' dir='ltr'>corpora</span> <span class='ocrx_word' id='word_1_297' title='bbox 852 2714 991 2764; x_wconf 90' lang='lat' dir='ltr'>sunt</span> <span class='ocrx_word' id='word_1_298' title='bbox 1035 2710 1253 2765; x_wconf 88' lang='lat' dir='ltr'>omnia.</span> <span class='ocrx_word' id='word_1_299' title='bbox 1290 2710 1661 2765; x_wconf 70' lang='lat' dir='ltr'>Cohaerentiae</span> <span class='ocrx_word' id='word_1_300' title='bbox 1713 2715 1906 2765; x_wconf 88' lang='lat' dir='ltr'>autem</span> <span class='ocrx_word' id='word_1_301' title='bbox 1966 2715 2108 2765; x_wconf 89' lang='lat' dir='ltr'>sunt</span> 
     </span>
    </p>
   </div>
   <div class='ocr_carea' id='block_1_42' title="bbox 460 2798 2108 2855">
    <p class='ocr_par' dir='ltr' id='par_1_42' title="bbox 460 2798 2108 2855">
     <span class='ocr_line' id='line_1_42' title="bbox 460 2798 2108 2855; baseline -0.001 0"><span class='ocrx_word' id='word_1_302' title='bbox 460 2799 819 2855; x_wconf 90' lang='lat' dir='ltr'>mundorum</span> <span class='ocrx_word' id='word_1_303' title='bbox 853 2799 911 2852; x_wconf 90' lang='lat' dir='ltr'>in</span> <span class='ocrx_word' id='word_1_304' title='bbox 936 2799 1138 2853; x_wconf 91' lang='lat' dir='ltr'>eodem</span> <span class='ocrx_word' id='word_1_305' title='bbox 1173 2798 1376 2854; x_wconf 90' lang='lat' dir='ltr'>ordine</span> <span class='ocrx_word' id='word_1_306' title='bbox 1410 2798 1825 2853; x_wconf 89' lang='lat' dir='ltr'>collocatorum</span> <span class='ocrx_word' id='word_1_307' title='bbox 1858 2798 2108 2854; x_wconf 88' lang='lat' dir='ltr'>visibilis</span> 
     </span>
    </p>
   </div>
   <div class='ocr_carea' id='block_1_43' title="bbox 460 2888 2112 2959">
    <p class='ocr_par' dir='ltr' id='par_1_43' title="bbox 460 2888 2112 2959">
     <span class='ocr_line' id='line_1_43' title="bbox 460 2888 2112 2959; baseline 0.001 -16"><span class='ocrx_word' id='word_1_308' title='bbox 460 2894 517 2944; x_wconf 91' lang='lat' dir='ltr'>et</span> <span class='ocrx_word' id='word_1_309' title='bbox 548 2888 938 2959; x_wconf 86' lang='lat' dir='ltr'>intelligibilis</span> <span class='ocrx_word' id='word_1_310' title='bbox 971 2888 1028 2941; x_wconf 91' lang='lat' dir='ltr'>in</span> <span class='ocrx_word' id='word_1_311' title='bbox 1084 2889 1370 2943; x_wconf 88' lang='lat' dir='ltr'>descensu</span> <span class='ocrx_word' id='word_1_312' title='bbox 1404 2888 1841 2958; x_wconf 87' lang='lat' dir='ltr'>dispositiones,</span> <span class='ocrx_word' id='word_1_313' title='bbox 1876 2905 1943 2943; x_wconf 85' lang='lat' dir='ltr'>ex</span> <span class='ocrx_word' id='word_1_314' title='bbox 1994 2906 2112 2944; x_wconf 88' lang='lat' dir='ltr'>una</span> 
     </span>
    </p>
   </div>
   <div class='ocr_carea' id='block_1_44' title="bbox 463 2976 2113 3050">
    <p class='ocr_par' dir='ltr' id='par_1_44' title="bbox 463 2976 2113 3050">
     <span class='ocr_line' id='line_1_44' title="bbox 463 2976 2113 3050; baseline 0.001 -19"><span class='ocrx_word' id='word_1_315' title='bbox 463 2977 713 3033; x_wconf 83' lang='lat' dir='ltr'>materiae</span> <span class='ocrx_word' id='word_1_316' title='bbox 755 2976 1087 3032; x_wconf 89' lang='lat' dir='ltr'>substantia</span> <span class='ocrx_word' id='word_1_317' title='bbox 1115 2977 1172 3030; x_wconf 93' lang='lat' dir='ltr'>in</span> <span class='ocrx_word' id='word_1_318' title='bbox 1216 2976 1405 3032; x_wconf 83' lang='lat' dir='ltr'>firmis</span> <span class='ocrx_word' id='word_1_319' title='bbox 1447 2977 1788 3046; x_wconf 90' lang='lat' dir='ltr'>corporibus</span> <span class='ocrx_word' id='word_1_320' title='bbox 1836 2978 2113 3050; x_wconf 90' lang='lat' dir='ltr'>multipli-</span> 
     </span>
    </p>
   </div>
   <div class='ocr_carea' id='block_1_45' title="bbox 2216 1814 3840 1896">
    <p class='ocr_par' dir='ltr' id='par_1_45' title="bbox 2216 1814 3840 1896">
     <span class='ocr_line' id='line_1_45' title="bbox 2216 1814 3840 1896; baseline -0.002 -21"><span class='ocrx_word' id='word_1_321' title='bbox 2216 1818 2401 1891; x_wconf 78' lang='grc' dir='ltr'>ἐπειδη</span> <span class='ocrx_word' id='word_1_322' title='bbox 2436 1822 2524 1875; x_wconf 83' lang='grc' dir='ltr'>καὶ</span> <span class='ocrx_word' id='word_1_323' title='bbox 2561 1820 2610 1891; x_wconf 73' lang='grc' dir='ltr'><strong>ἐξ</strong></span> <span class='ocrx_word' id='word_1_324' title='bbox 2642 1820 2806 1875; x_wconf 83' lang='grc' dir='ltr'>αὑτοῦ</span> <span class='ocrx_word' id='word_1_325' title='bbox 2839 1820 2941 1875; x_wconf 74' lang='grc' dir='ltr'>εἶσι</span> <span class='ocrx_word' id='word_1_326' title='bbox 2973 1820 3062 1874; x_wconf 87' lang='grc' dir='ltr'>καὶ</span> <span class='ocrx_word' id='word_1_327' title='bbox 3106 1825 3400 1896; x_wconf 82' lang='grc' dir='ltr'>προσεχεῖς</span> <span class='ocrx_word' id='word_1_328' title='bbox 3451 1819 3613 1891; x_wconf 81' lang='grc' dir='ltr'>αὐτῷ.</span> <span class='ocrx_word' id='word_1_329' title='bbox 3645 1814 3840 1893; x_wconf 80' lang='grc' dir='ltr'>Ἐτερό-</span> 
     </span>
    </p>
   </div>
   <div class='ocr_carea' id='block_1_46' title="bbox 2212 1909 3841 1987">
    <p class='ocr_par' dir='ltr' id='par_1_46' title="bbox 2212 1909 3841 1987">
     <span class='ocr_line' id='line_1_46' title="bbox 2212 1909 3841 1987; baseline -0.002 -21"><span class='ocrx_word' id='word_1_330' title='bbox 2212 1933 2373 1980; x_wconf 83' lang='grc' dir='ltr'>τητες</span> <span class='ocrx_word' id='word_1_331' title='bbox 2423 1909 2481 1966; x_wconf 78' lang='grc' dir='ltr'>δὲ</span> <span class='ocrx_word' id='word_1_332' title='bbox 2526 1912 2662 1972; x_wconf 85' lang='grc' dir='ltr'>καθὸ</span> <span class='ocrx_word' id='word_1_333' title='bbox 2713 1911 3025 1987; x_wconf 88' lang='grc' dir='ltr'>καταγωγὸς</span> <span class='ocrx_word' id='word_1_334' title='bbox 3078 1910 3210 1964; x_wconf 80' lang='grc' dir='ltr'>οὖσα</span> <span class='ocrx_word' id='word_1_335' title='bbox 3255 1913 3289 1979; x_wconf 75' lang='grc' dir='ltr'>ἡ</span> <span class='ocrx_word' id='word_1_336' title='bbox 3322 1909 3590 1983; x_wconf 88' lang='grc' dir='ltr'>ἑτερότης,</span> <span class='ocrx_word' id='word_1_337' title='bbox 3622 1910 3705 1963; x_wconf 85' lang='grc' dir='ltr'>καὶ</span> <span class='ocrx_word' id='word_1_338' title='bbox 3759 1929 3841 1981; x_wconf 84' lang='grc' dir='ltr'>με·</span> 
     </span>
    </p>
   </div>
   <div class='ocr_carea' id='block_1_47' title="bbox 2216 1995 3844 2077">
    <p class='ocr_par' dir='ltr' id='par_1_47' title="bbox 2216 1995 3844 2077">
     <span class='ocr_line' id='line_1_47' title="bbox 2216 1995 3844 2077; baseline -0.002 -22"><span class='ocrx_word' id='word_1_339' title='bbox 2216 2003 2397 2077; x_wconf 81' lang='grc' dir='ltr'>ριστή,</span> <span class='ocrx_word' id='word_1_340' title='bbox 2432 2001 2483 2055; x_wconf 84' lang='grc' dir='ltr'>ἐν</span> <span class='ocrx_word' id='word_1_341' title='bbox 2534 2006 2652 2062; x_wconf 86' lang='grc' dir='ltr'>ταῖς</span> <span class='ocrx_word' id='word_1_342' title='bbox 2707 1995 3132 2071; x_wconf 86' lang='grc' dir='ltr'>ὑποϐεϐηκυίαις</span> <span class='ocrx_word' id='word_1_343' title='bbox 3177 1999 3267 2053; x_wconf 87' lang='grc' dir='ltr'>καὶ</span> <span class='ocrx_word' id='word_1_344' title='bbox 3314 1999 3570 2074; x_wconf 79' lang='grc' dir='ltr'>ἐσχάταις</span> <span class='ocrx_word' id='word_1_345' title='bbox 3608 1996 3844 2071; x_wconf 83' lang='grc' dir='ltr'>προόδοις</span> 
     </span>
    </p>
   </div>
   <div class='ocr_carea' id='block_1_48' title="bbox 2213 2086 3850 2166">
    <p class='ocr_par' dir='ltr' id='par_1_48' title="bbox 2213 2086 3850 2166">
     <span class='ocr_line' id='line_1_48' title="bbox 2213 2086 3850 2166; baseline -0.004 -21"><span class='ocrx_word' id='word_1_346' title='bbox 2213 2095 2308 2145; x_wconf 83' lang='grc' dir='ltr'>τοῦ</span> <span class='ocrx_word' id='word_1_347' title='bbox 2343 2090 2488 2153; x_wconf 85' lang='grc' dir='ltr'>θείου</span> <span class='ocrx_word' id='word_1_348' title='bbox 2522 2090 2834 2163; x_wconf 75' lang='grc' dir='ltr'>θελήματος</span> <span class='ocrx_word' id='word_1_349' title='bbox 2869 2088 2945 2151; x_wconf 70' lang='grc' dir='ltr'>εἲς</span> <span class='ocrx_word' id='word_1_350' title='bbox 2987 2090 3154 2166; x_wconf 87' lang='grc' dir='ltr'>ὁρατὰ</span> <span class='ocrx_word' id='word_1_351' title='bbox 3204 2086 3542 2159; x_wconf 76' lang='grc' dir='ltr'>ἐπληθύνθη.</span> <span class='ocrx_word' id='word_1_352' title='bbox 3576 2087 3850 2160; x_wconf 84' lang='grc' dir='ltr'>Ἀνομοιό-</span> 
     </span>
    </p>
   </div>
   <div class='ocr_carea' id='block_1_49' title="bbox 2213 2174 3847 2253">
    <p class='ocr_par' dir='ltr' id='par_1_49' title="bbox 2213 2174 3847 2253">
     <span class='ocr_line' id='line_1_49' title="bbox 2213 2174 3847 2253; baseline -0.004 -19"><span class='ocrx_word' id='word_1_353' title='bbox 2213 2200 2374 2249; x_wconf 85' lang='grc' dir='ltr'>τητες</span> <span class='ocrx_word' id='word_1_354' title='bbox 2404 2177 2461 2233; x_wconf 74' lang='grc' dir='ltr'>δὲ</span> <span class='ocrx_word' id='word_1_355' title='bbox 2491 2176 2680 2250; x_wconf 89' lang='grc' dir='ltr'>πάλιν,</span> <span class='ocrx_word' id='word_1_356' title='bbox 2715 2176 2902 2247; x_wconf 69' lang='grc' dir='ltr'>ἐπειδὴ</span> <span class='ocrx_word' id='word_1_357' title='bbox 2933 2180 2996 2233; x_wconf 81' lang='grc' dir='ltr'>τό</span> <span class='ocrx_word' id='word_1_358' title='bbox 3029 2178 3318 2253; x_wconf 87' lang='grc' dir='ltr'>γινόμενον</span> <span class='ocrx_word' id='word_1_359' title='bbox 3350 2174 3534 2253; x_wconf 75' lang='grc' dir='ltr'>ἕτερον</span> <span class='ocrx_word' id='word_1_360' title='bbox 3566 2174 3623 2229; x_wconf 76' lang='grc' dir='ltr'>ἂν</span> <span class='ocrx_word' id='word_1_361' title='bbox 3656 2175 3732 2244; x_wconf 75' lang='grc' dir='ltr'>εἰη</span> <span class='ocrx_word' id='word_1_362' title='bbox 3759 2178 3847 2229; x_wconf 92' lang='grc' dir='ltr'>τοῦ</span> 
     </span>
    </p>
   </div>
   <div class='ocr_carea' id='block_1_50' title="bbox 2217 2264 3848 2344">
    <p class='ocr_par' dir='ltr' id='par_1_50' title="bbox 2217 2264 3848 2344">
     <span class='ocr_line' id='line_1_50' title="bbox 2217 2264 3848 2344; baseline -0.003 -22"><span class='ocrx_word' id='word_1_363' title='bbox 2217 2266 2724 2344; x_wconf 77' lang='grc' dir='ltr'>δημιουργήσαντος</span> <span class='ocrx_word' id='word_1_364' title='bbox 2764 2267 2900 2321; x_wconf 77' lang='grc' dir='ltr'>κατὰ</span> <span class='ocrx_word' id='word_1_365' title='bbox 2948 2266 3141 2335; x_wconf 89' lang='grc' dir='ltr'>πάντα,</span> <span class='ocrx_word' id='word_1_366' title='bbox 3174 2266 3265 2320; x_wconf 83' lang='grc' dir='ltr'>καὶ</span> <span class='ocrx_word' id='word_1_367' title='bbox 3318 2266 3417 2320; x_wconf 77' lang='grc' dir='ltr'>οὑκ</span> <span class='ocrx_word' id='word_1_368' title='bbox 3461 2264 3703 2340; x_wconf 75' lang='grc' dir='ltr'>ἐμφερές.</span> <span class='ocrx_word' id='word_1_369' title='bbox 3730 2265 3848 2319; x_wconf 86' lang='grc' dir='ltr'>Κοι-</span> 
     </span>
    </p>
   </div>
   <div class='ocr_carea' id='block_1_51' title="bbox 2215 2351 3844 2430">
    <p class='ocr_par' dir='ltr' id='par_1_51' title="bbox 2215 2351 3844 2430">
     <span class='ocr_line' id='line_1_51' title="bbox 2215 2351 3844 2430; baseline -0.004 -19"><span class='ocrx_word' id='word_1_370' title='bbox 2215 2357 2404 2411; x_wconf 85' lang='grc' dir='ltr'>νωνίαι</span> <span class='ocrx_word' id='word_1_371' title='bbox 2438 2355 2495 2411; x_wconf 63' lang='grc' dir='ltr'>δὲ</span> <span class='ocrx_word' id='word_1_372' title='bbox 2518 2362 2624 2411; x_wconf 88' lang='grc' dir='ltr'>τῶν</span> <span class='ocrx_word' id='word_1_373' title='bbox 2660 2354 2911 2411; x_wconf 74' lang='grc' dir='ltr'>ἐναντίων</span> <span class='ocrx_word' id='word_1_374' title='bbox 2940 2356 2994 2410; x_wconf 76' lang='grc' dir='ltr'>αἱ</span> <span class='ocrx_word' id='word_1_375' title='bbox 3018 2359 3127 2410; x_wconf 88' lang='grc' dir='ltr'>τῶν</span> <span class='ocrx_word' id='word_1_376' title='bbox 3164 2355 3457 2430; x_wconf 81' lang='grc' dir='ltr'>στοιχείων</span> <span class='ocrx_word' id='word_1_377' title='bbox 3495 2353 3596 2409; x_wconf 76' lang='grc' dir='ltr'>εἶσὶ</span> <span class='ocrx_word' id='word_1_378' title='bbox 3629 2351 3844 2428; x_wconf 80' lang='grc' dir='ltr'>κράσεις’</span> 
     </span>
    </p>
   </div>
   <div class='ocr_carea' id='block_1_52' title="bbox 2219 2441 3846 2521">
    <p class='ocr_par' dir='ltr' id='par_1_52' title="bbox 2219 2441 3846 2521">
     <span class='ocr_line' id='line_1_52' title="bbox 2219 2441 3846 2521; baseline -0.006 -20"><span class='ocrx_word' id='word_1_379' title='bbox 2219 2446 2279 2501; x_wconf 82' lang='grc' dir='ltr'>ἐκ</span> <span class='ocrx_word' id='word_1_380' title='bbox 2305 2447 2406 2521; x_wconf 82' lang='grc' dir='ltr'>γὰρ</span> <span class='ocrx_word' id='word_1_381' title='bbox 2437 2451 2544 2501; x_wconf 89' lang='grc' dir='ltr'>τῶν</span> <span class='ocrx_word' id='word_1_382' title='bbox 2577 2446 2851 2520; x_wconf 86' lang='grc' dir='ltr'>τεσσάρων</span> <span class='ocrx_word' id='word_1_383' title='bbox 2887 2445 3175 2519; x_wconf 78' lang='grc' dir='ltr'>στοιχείων</span> <span class='ocrx_word' id='word_1_384' title='bbox 3210 2444 3311 2498; x_wconf 82' lang='grc' dir='ltr'>εἰσὶ</span> <span class='ocrx_word' id='word_1_385' title='bbox 3354 2443 3421 2497; x_wconf 75' lang='grc' dir='ltr'>τὰ</span> <span class='ocrx_word' id='word_1_386' title='bbox 3470 2443 3691 2514; x_wconf 84' lang='grc' dir='ltr'>σώματα</span> <span class='ocrx_word' id='word_1_387' title='bbox 3730 2441 3846 2494; x_wconf 81' lang='grc' dir='ltr'>πάν-</span> 
     </span>
    </p>
   </div>
   <div class='ocr_carea' id='block_1_53' title="bbox 2216 2531 3844 2609">
    <p class='ocr_par' dir='ltr' id='par_1_53' title="bbox 2216 2531 3844 2609">
     <span class='ocr_line' id='line_1_53' title="bbox 2216 2531 3844 2609; baseline -0.004 -21"><span class='ocrx_word' id='word_1_388' title='bbox 2216 2555 2302 2590; x_wconf 92' lang='grc' dir='ltr'>τα.</span> <span class='ocrx_word' id='word_1_389' title='bbox 2354 2531 2761 2609; x_wconf 88' lang='grc' dir='ltr'>Ἀλληλουχίαι</span> <span class='ocrx_word' id='word_1_390' title='bbox 2812 2532 2869 2589; x_wconf 76' lang='grc' dir='ltr'>δὲ</span> <span class='ocrx_word' id='word_1_391' title='bbox 2911 2538 3020 2588; x_wconf 89' lang='grc' dir='ltr'>τῶν</span> <span class='ocrx_word' id='word_1_392' title='bbox 3069 2534 3422 2607; x_wconf 82' lang='grc' dir='ltr'>ὁμοστοίχων</span> <span class='ocrx_word' id='word_1_393' title='bbox 3474 2532 3602 2585; x_wconf 84' lang='grc' dir='ltr'>εἶσίν</span> <span class='ocrx_word' id='word_1_394' title='bbox 3648 2531 3699 2584; x_wconf 79' lang='grc' dir='ltr'>αἱ</span> <span class='ocrx_word' id='word_1_395' title='bbox 3750 2533 3844 2584; x_wconf 84' lang='grc' dir='ltr'>τῶν</span> 
     </span>
    </p>
   </div>
   <div class='ocr_carea' id='block_1_54' title="bbox 2217 2613 3846 2697">
    <p class='ocr_par' dir='ltr' id='par_1_54' title="bbox 2217 2613 3846 2697">
     <span class='ocr_line' id='line_1_54' title="bbox 2217 2613 3846 2697; baseline -0.005 -19"><span class='ocrx_word' id='word_1_396' title='bbox 2217 2623 2463 2696; x_wconf 87' lang='grc' dir='ltr'>κόσμων,</span> <span class='ocrx_word' id='word_1_397' title='bbox 2496 2628 2592 2677; x_wconf 90' lang='grc' dir='ltr'>τοῦ</span> <span class='ocrx_word' id='word_1_398' title='bbox 2622 2645 2681 2678; x_wconf 90' lang='grc' dir='ltr'>τε</span> <span class='ocrx_word' id='word_1_399' title='bbox 2710 2624 2906 2697; x_wconf 80' lang='grc' dir='ltr'>ὁρατοῦ</span> <span class='ocrx_word' id='word_1_400' title='bbox 2938 2624 3024 2677; x_wconf 89' lang='grc' dir='ltr'>καὶ</span> <span class='ocrx_word' id='word_1_401' title='bbox 3057 2627 3152 2676; x_wconf 87' lang='grc' dir='ltr'>τοῦ</span> <span class='ocrx_word' id='word_1_402' title='bbox 3203 2621 3577 2693; x_wconf 74' lang='grc' dir='ltr'>νοητοῦ,’καθ’</span> <span class='ocrx_word' id='word_1_403' title='bbox 3608 2613 3846 2675; x_wconf 84' lang='grc' dir='ltr'>ὑπόϐασιν</span> 
     </span>
    </p>
   </div>
   <div class='ocr_carea' id='block_1_55' title="bbox 2219 2709 3849 2783">
    <p class='ocr_par' dir='ltr' id='par_1_55' title="bbox 2219 2709 3849 2783">
     <span class='ocr_line' id='line_1_55' title="bbox 2219 2709 3849 2783; baseline -0.004 -17"><span class='ocrx_word' id='word_1_404' title='bbox 2219 2713 2551 2781; x_wconf 81' lang='grc' dir='ltr'>κατατάξεις,</span> <span class='ocrx_word' id='word_1_405' title='bbox 2606 2711 2665 2766; x_wconf 78' lang='grc' dir='ltr'>ἐκ</span> <span class='ocrx_word' id='word_1_406' title='bbox 2726 2718 2850 2783; x_wconf 80' lang='grc' dir='ltr'>μιᾶς</span> <span class='ocrx_word' id='word_1_407' title='bbox 2911 2711 3097 2773; x_wconf 79' lang='grc' dir='ltr'>οὐσίας</span> <span class='ocrx_word' id='word_1_408' title='bbox 3152 2719 3250 2780; x_wconf 79' lang='grc' dir='ltr'>τῆς</span> <span class='ocrx_word' id='word_1_409' title='bbox 3303 2710 3447 2781; x_wconf 77' lang='grc' dir='ltr'>ὕλης</span> <span class='ocrx_word' id='word_1_410' title='bbox 3502 2709 3576 2771; x_wconf 77' lang='grc' dir='ltr'>εἰς</span> <span class='ocrx_word' id='word_1_411' title='bbox 3644 2709 3849 2779; x_wconf 85' lang='grc' dir='ltr'>σώματα</span> 
     </span>
    </p>
   </div>
   <div class='ocr_carea' id='block_1_56' title="bbox 2218 2794 3848 2874">
    <p class='ocr_par' dir='ltr' id='par_1_56' title="bbox 2218 2794 3848 2874">
     <span class='ocr_line' id='line_1_56' title="bbox 2218 2794 3848 2874; baseline -0.002 -20"><span class='ocrx_word' id='word_1_412' title='bbox 2218 2800 2609 2870; x_wconf 86' lang='grc' dir='ltr'>πληθυνθεῖσαι</span> <span class='ocrx_word' id='word_1_413' title='bbox 2662 2802 3078 2874; x_wconf 80' lang='grc' dir='ltr'>στερεωμάτων,</span> <span class='ocrx_word' id='word_1_414' title='bbox 3128 2801 3217 2855; x_wconf 82' lang='grc' dir='ltr'>καὶ</span> <span class='ocrx_word' id='word_1_415' title='bbox 3271 2799 3441 2854; x_wconf 74' lang='grc' dir='ltr'>οἱονεὶ</span> <span class='ocrx_word' id='word_1_416' title='bbox 3492 2798 3659 2874; x_wconf 77' lang='grc' dir='ltr'>σειρὰ,</span> <span class='ocrx_word' id='word_1_417' title='bbox 3689 2794 3848 2864; x_wconf 82' lang='grc' dir='ltr'>ἀλλή-</span> 
     </span>
    </p>
   </div>
   <div class='ocr_carea' id='block_1_57' title="bbox 2221 2888 3850 2964">
    <p class='ocr_par' dir='ltr' id='par_1_57' title="bbox 2221 2888 3850 2964">
     <span class='ocr_line' id='line_1_57' title="bbox 2221 2888 3850 2964; baseline -0.003 -21"><span class='ocrx_word' id='word_1_418' title='bbox 2221 2888 2332 2943; x_wconf 91' lang='grc' dir='ltr'>λων</span> <span class='ocrx_word' id='word_1_419' title='bbox 2368 2890 2629 2964; x_wconf 79' lang='grc' dir='ltr'>ἑχόμεναι</span> <span class='ocrx_word' id='word_1_420' title='bbox 2666 2909 2677 2922; x_wconf 93' lang='grc'><strong>·</strong></span> <span class='ocrx_word' id='word_1_421' title='bbox 2714 2889 2771 2944; x_wconf 81' lang='grc' dir='ltr'>ἐκ</span> <span class='ocrx_word' id='word_1_422' title='bbox 2798 2888 3004 2944; x_wconf 81' lang='grc' dir='ltr'>τούτων</span> <span class='ocrx_word' id='word_1_423' title='bbox 3038 2892 3254 2960; x_wconf 79' lang='grc' dir='ltr'>νοήσεις</span> <span class='ocrx_word' id='word_1_424' title='bbox 3285 2889 3471 2943; x_wconf 77' lang='grc' dir='ltr'>καὶτὰ</span> <span class='ocrx_word' id='word_1_425' title='bbox 3500 2888 3639 2958; x_wconf 79' lang='grc' dir='ltr'>ἑξῆς.</span> <span class='ocrx_word' id='word_1_426' title='bbox 3672 2888 3850 2955; x_wconf 82' lang='grc' dir='ltr'>Ἀσυμ-</span> 
     </span>
    </p>
   </div>
   <div class='ocr_carea' id='block_1_58' title="bbox 2225 2970 3851 3052">
    <p class='ocr_par' dir='ltr' id='par_1_58' title="bbox 2225 2970 3851 3052">
     <span class='ocr_line' id='line_1_58' title="bbox 2225 2970 3851 3052; baseline -0.005 -20"><span class='ocrx_word' id='word_1_427' title='bbox 2225 2978 2394 3052; x_wconf 80' lang='grc' dir='ltr'>μιξίαι</span> <span class='ocrx_word' id='word_1_428' title='bbox 2431 2975 2485 3032; x_wconf 71' lang='grc' dir='ltr'>δὲ</span> <span class='ocrx_word' id='word_1_429' title='bbox 2507 2983 2613 3032; x_wconf 88' lang='grc' dir='ltr'>τῶν</span> <span class='ocrx_word' id='word_1_430' title='bbox 2639 2979 2937 3050; x_wconf 68' lang='grc' dir='ltr'>ἡνωμὲνων</span> <span class='ocrx_word' id='word_1_431' title='bbox 2969 2977 3125 3045; x_wconf 72' lang='grc' dir='ltr'>εἶσῖν,</span> <span class='ocrx_word' id='word_1_432' title='bbox 3158 2978 3232 3040; x_wconf 83' lang='grc' dir='ltr'>ὡς</span> <span class='ocrx_word' id='word_1_433' title='bbox 3262 2975 3351 3031; x_wconf 75' lang='grc' dir='ltr'>ἐπὶ</span> <span class='ocrx_word' id='word_1_434' title='bbox 3376 2983 3478 3045; x_wconf 78' lang='grc' dir='ltr'>τῆς</span> <span class='ocrx_word' id='word_1_435' title='bbox 3521 2978 3616 3029; x_wconf 88' lang='grc' dir='ltr'>τοῦ</span> <span class='ocrx_word' id='word_1_436' title='bbox 3659 2970 3851 3045; x_wconf 86' lang='grc' dir='ltr'>ἀνθρώ-</span> 
     </span>
    </p>
   </div>
   <div class='ocr_carea' id='block_1_59' title="bbox 460 3059 2109 3161">
    <p class='ocr_par' dir='ltr' id='par_1_59' title="bbox 460 3065 2109 3137">
     <span class='ocr_line' id='line_1_59' title="bbox 460 3065 2109 3137; baseline 0.001 -16"><span class='ocrx_word' id='word_1_437' title='bbox 460 3069 621 3136; x_wconf 68' lang='lat' dir='ltr'>catae,</span> <span class='ocrx_word' id='word_1_438' title='bbox 644 3072 822 3137; x_wconf 88' lang='lat' dir='ltr'>atque</span> <span class='ocrx_word' id='word_1_439' title='bbox 854 3065 1031 3119; x_wconf 88' lang='lat' dir='ltr'>veluti</span> <span class='ocrx_word' id='word_1_440' title='bbox 1057 3070 1260 3121; x_wconf 88' lang='lat' dir='ltr'>catena</span> <span class='ocrx_word' id='word_1_441' title='bbox 1292 3083 1351 3120; x_wconf 81' lang='lat' dir='ltr'>se</span> <span class='ocrx_word' id='word_1_442' title='bbox 1376 3070 1581 3121; x_wconf 90' lang='lat' dir='ltr'>mutuo</span> <span class='ocrx_word' id='word_1_443' title='bbox 1602 3070 1868 3122; x_wconf 82' lang='lat' dir='ltr'>tenentes</span> <span class='ocrx_word' id='word_1_444' title='bbox 1892 3087 1905 3134; x_wconf 90' lang='lat'>;</span> <span class='ocrx_word' id='word_1_445' title='bbox 1932 3084 1996 3122; x_wconf 84' lang='lat' dir='ltr'>ex</span> <span class='ocrx_word' id='word_1_446' title='bbox 2018 3067 2109 3123; x_wconf 89' lang='lat' dir='ltr'>his</span> 
     </span>
    </p>
   </div>
   <div class='ocr_carea' id='block_1_60' title="bbox 2224 3059 3854 3161">
    <p class='ocr_par' dir='ltr' id='par_1_60' title="bbox 2224 3059 3854 3141">
     <span class='ocr_line' id='line_1_60' title="bbox 2224 3059 3854 3141; baseline -0.005 -20"><span class='ocrx_word' id='word_1_447' title='bbox 2224 3089 2325 3122; x_wconf 88' lang='grc' dir='ltr'>που</span> <span class='ocrx_word' id='word_1_448' title='bbox 2356 3069 2397 3104; x_wconf 76' lang='grc'><strong><em>⁵⁸</em></strong></span> <span class='ocrx_word' id='word_1_449' title='bbox 2418 3070 2605 3141; x_wconf 69' lang='grc' dir='ltr'>γένους</span> <span class='ocrx_word' id='word_1_450' title='bbox 2638 3068 2977 3137; x_wconf 82' lang='grc' dir='ltr'>κοινότητος,</span> <span class='ocrx_word' id='word_1_451' title='bbox 3007 3067 3097 3121; x_wconf 82' lang='grc' dir='ltr'>καὶ</span> <span class='ocrx_word' id='word_1_452' title='bbox 3134 3073 3233 3136; x_wconf 79' lang='grc' dir='ltr'>τῆς</span> <span class='ocrx_word' id='word_1_453' title='bbox 3261 3067 3377 3120; x_wconf 85' lang='grc' dir='ltr'>καθ’</span> <span class='ocrx_word' id='word_1_454' title='bbox 3408 3062 3630 3120; x_wconf 68' lang='grc' dir='ltr'>ἕκαστον</span> <span class='ocrx_word' id='word_1_455' title='bbox 3667 3059 3854 3133; x_wconf 79' lang='grc' dir='ltr'>ἄνθρω-</span> 
     </span>
    </p>
   </div>
   <div class='ocr_carea' id='block_1_61' title="bbox 461 3154 2110 3227">
    <p class='ocr_par' dir='ltr' id='par_1_61' title="bbox 461 3154 2110 3227">
     <span class='ocr_line' id='line_1_61' title="bbox 461 3154 2110 3227; baseline 0 -16"><span class='ocrx_word' id='word_1_456' title='bbox 461 3154 869 3227; x_wconf 88' lang='lat' dir='ltr'>cogitationes,</span> <span class='ocrx_word' id='word_1_457' title='bbox 901 3160 957 3210; x_wconf 88' lang='lat' dir='ltr'>et</span> <span class='ocrx_word' id='word_1_458' title='bbox 986 3171 1111 3226; x_wconf 72' lang='lat' dir='ltr'>que:</span> <span class='ocrx_word' id='word_1_459' title='bbox 1142 3159 1491 3223; x_wconf 83' lang='lat' dir='ltr'>sequuntur.</span> <span class='ocrx_word' id='word_1_460' title='bbox 1523 3159 1647 3210; x_wconf 89' lang='lat' dir='ltr'>Non</span> <span class='ocrx_word' id='word_1_461' title='bbox 1673 3156 2110 3211; x_wconf 90' lang='lat' dir='ltr'>commistiones</span> 
     </span>
    </p>
   </div>
   <div class='ocr_carea' id='block_1_62' title="bbox 459 3243 2113 3317">
    <p class='ocr_par' dir='ltr' id='par_1_62' title="bbox 459 3243 2113 3317">
     <span class='ocr_line' id='line_1_62' title="bbox 459 3243 2113 3317; baseline 0.001 -17"><span class='ocrx_word' id='word_1_462' title='bbox 459 3248 655 3300; x_wconf 88' lang='lat' dir='ltr'>autem</span> <span class='ocrx_word' id='word_1_463' title='bbox 707 3244 1031 3310; x_wconf 89' lang='lat' dir='ltr'>unitorum,</span> <span class='ocrx_word' id='word_1_464' title='bbox 1066 3248 1205 3299; x_wconf 90' lang='lat' dir='ltr'>sunt</span> <span class='ocrx_word' id='word_1_465' title='bbox 1268 3243 1421 3299; x_wconf 90' lang='lat' dir='ltr'>sicut</span> <span class='ocrx_word' id='word_1_466' title='bbox 1473 3244 1531 3299; x_wconf 89' lang='lat' dir='ltr'>in</span> <span class='ocrx_word' id='word_1_467' title='bbox 1588 3245 1833 3301; x_wconf 90' lang='lat' dir='ltr'>humani</span> <span class='ocrx_word' id='word_1_468' title='bbox 1880 3246 2113 3317; x_wconf 86' lang='lat' dir='ltr'>generis</span> 
     </span>
    </p>
   </div>
   <div class='ocr_carea' id='block_1_63' title="bbox 458 3334 2113 3407">
    <p class='ocr_par' dir='ltr' id='par_1_63' title="bbox 458 3334 2113 3407">
     <span class='ocr_line' id='line_1_63' title="bbox 458 3334 2113 3407; baseline 0.001 -18"><span class='ocrx_word' id='word_1_469' title='bbox 458 3334 904 3403; x_wconf 89' lang='lat' dir='ltr'>communitate,</span> <span class='ocrx_word' id='word_1_470' title='bbox 952 3338 1008 3389; x_wconf 89' lang='lat' dir='ltr'>et</span> <span class='ocrx_word' id='word_1_471' title='bbox 1058 3335 1348 3405; x_wconf 82' lang='lat' dir='ltr'>cujusque</span> <span class='ocrx_word' id='word_1_472' title='bbox 1400 3334 1662 3390; x_wconf 91' lang='lat' dir='ltr'>hominis</span> <span class='ocrx_word' id='word_1_473' title='bbox 1722 3335 2113 3407; x_wconf 86' lang='lat' dir='ltr'>proprietate;</span> 
     </span>
    </p>
   </div>
   <div class='ocr_carea' id='block_1_64' title="bbox 2222 3150 3854 3231">
    <p class='ocr_par' dir='ltr' id='par_1_64' title="bbox 2222 3150 3854 3231">
     <span class='ocr_line' id='line_1_64' title="bbox 2222 3150 3854 3231; baseline -0.004 -20"><span class='ocrx_word' id='word_1_474' title='bbox 2222 3178 2323 3211; x_wconf 86' lang='grc' dir='ltr'>πον</span> <span class='ocrx_word' id='word_1_475' title='bbox 2360 3154 2634 3226; x_wconf 79' lang='grc' dir='ltr'>ἰδιότητος</span> <span class='ocrx_word' id='word_1_476' title='bbox 2663 3176 2676 3189; x_wconf 86' lang='grc'><strong>·</strong></span> <span class='ocrx_word' id='word_1_477' title='bbox 2706 3161 2786 3228; x_wconf 80' lang='grc' dir='ltr'>τῷ</span> <span class='ocrx_word' id='word_1_478' title='bbox 2820 3156 2916 3229; x_wconf 80' lang='grc' dir='ltr'>μὶν</span> <span class='ocrx_word' id='word_1_479' title='bbox 2956 3156 3060 3231; x_wconf 80' lang='grc' dir='ltr'>γὰρ</span> <span class='ocrx_word' id='word_1_480' title='bbox 3116 3160 3284 3227; x_wconf 81' lang='grc' dir='ltr'>κοινῷ</span> <span class='ocrx_word' id='word_1_481' title='bbox 3334 3161 3439 3222; x_wconf 82' lang='grc' dir='ltr'>τῆς</span> <span class='ocrx_word' id='word_1_482' title='bbox 3495 3153 3675 3214; x_wconf 78' lang='grc' dir='ltr'>οὐσίας</span> <span class='ocrx_word' id='word_1_483' title='bbox 3720 3150 3854 3223; x_wconf 82' lang='grc' dir='ltr'>λόγῳ</span> 
     </span>
    </p>
   </div>
   <div class='ocr_carea' id='block_1_65' title="bbox 2222 3239 3852 3320">
    <p class='ocr_par' dir='ltr' id='par_1_65' title="bbox 2222 3239 3852 3320">
     <span class='ocr_line' id='line_1_65' title="bbox 2222 3239 3852 3320; baseline -0.004 -20"><span class='ocrx_word' id='word_1_484' title='bbox 2222 3247 2416 3308; x_wconf 86' lang='grc' dir='ltr'>πάντες</span> <span class='ocrx_word' id='word_1_485' title='bbox 2448 3247 2727 3318; x_wconf 83' lang='grc' dir='ltr'>ἡνώμεθα,</span> <span class='ocrx_word' id='word_1_486' title='bbox 2749 3250 2816 3320; x_wconf 75' lang='grc' dir='ltr'>τῇ</span> <span class='ocrx_word' id='word_1_487' title='bbox 2852 3243 2909 3300; x_wconf 75' lang='grc' dir='ltr'>δὲ</span> <span class='ocrx_word' id='word_1_488' title='bbox 2933 3246 3047 3301; x_wconf 87' lang='grc' dir='ltr'>καθ’</span> <span class='ocrx_word' id='word_1_489' title='bbox 3077 3241 3300 3300; x_wconf 64' lang='grc' dir='ltr'>ἕκαστον</span> <span class='ocrx_word' id='word_1_490' title='bbox 3334 3241 3668 3315; x_wconf 81' lang='grc' dir='ltr'>ἷ’διότητι,τὸ</span> <span class='ocrx_word' id='word_1_491' title='bbox 3696 3239 3852 3311; x_wconf 79' lang='grc' dir='ltr'>ἀσύμ-</span> 
     </span>
    </p>
   </div>
   <div class='ocr_carea' id='block_1_66' title="bbox 2230 3330 2670 3409">
    <p class='ocr_par' dir='ltr' id='par_1_66' title="bbox 2230 3330 2670 3409">
     <span class='ocr_line' id='line_1_66' title="bbox 2230 3330 2670 3409; baseline 0.005 -21"><span class='ocrx_word' id='word_1_492' title='bbox 2230 3356 2418 3408; x_wconf 89' lang='grc' dir='ltr'>μικτον</span> <span class='ocrx_word' id='word_1_493' title='bbox 2448 3330 2670 3409; x_wconf 80' lang='grc' dir='ltr'>ἔχομεν.</span> 
     </span>
    </p>
   </div>
   <div class='ocr_carea' id='block_1_67' title="bbox 456 3421 3855 3497">
    <p class='ocr_par' dir='ltr' id='par_1_67' title="bbox 456 3421 3855 3497">
     <span class='ocr_line' id='line_1_67' title="bbox 456 3421 3855 3497; baseline -0.001 -19"><span class='ocrx_word' id='word_1_494' title='bbox 456 3423 757 3478; x_wconf 89' lang='lat' dir='ltr'>communi</span> <span class='ocrx_word' id='word_1_495' title='bbox 806 3422 962 3478; x_wconf 88' lang='lat' dir='ltr'>enim</span> <span class='ocrx_word' id='word_1_496' title='bbox 1011 3422 1279 3479; x_wconf 79' lang='lat' dir='ltr'>essentiae</span> <span class='ocrx_word' id='word_1_497' title='bbox 1330 3423 1555 3479; x_wconf 88' lang='lat' dir='ltr'>ratione</span> <span class='ocrx_word' id='word_1_498' title='bbox 1588 3440 1791 3479; x_wconf 88' lang='lat' dir='ltr'>omnes</span> <span class='ocrx_word' id='word_1_499' title='bbox 1847 3425 1996 3480; x_wconf 89' lang='lat' dir='ltr'>uniti</span> <span class='ocrx_word' id='word_1_500' title='bbox 2028 3441 2256 3491; x_wconf 90' lang='lat' dir='ltr'>sumus,</span> <span class='ocrx_word' id='word_1_501' title='bbox 2304 3426 2772 3497; x_wconf 88' lang='lat' dir='ltr'>uniuscujusque</span> <span class='ocrx_word' id='word_1_502' title='bbox 2814 3440 2948 3481; x_wconf 86' lang='lat' dir='ltr'>vero</span> <span class='ocrx_word' id='word_1_503' title='bbox 2999 3425 3373 3496; x_wconf 87' lang='lat' dir='ltr'>proprietate,</span> <span class='ocrx_word' id='word_1_504' title='bbox 3426 3421 3665 3479; x_wconf 89' lang='lat' dir='ltr'>minime</span> <span class='ocrx_word' id='word_1_505' title='bbox 3710 3434 3855 3475; x_wconf 86' lang='lat' dir='ltr'>com-</span> 
     </span>
    </p>
   </div>
   <div class='ocr_carea' id='block_1_68' title="bbox 458 3528 792 3567">
    <p class='ocr_par' dir='ltr' id='par_1_68' title="bbox 458 3528 792 3567">
     <span class='ocr_line' id='line_1_68' title="bbox 458 3528 792 3567; baseline -0.006 0"><span class='ocrx_word' id='word_1_506' title='bbox 458 3528 792 3567; x_wconf 73' lang='lat' dir='ltr'>miscemur.</span> 
     </span>
    </p>
   </div>
   <div class='ocr_carea' id='block_1_69' title="bbox 529 3599 2111 3658">
    <p class='ocr_par' dir='ltr' id='par_1_69' title="bbox 529 3599 2111 3658">
     <span class='ocr_line' id='line_1_69' title="bbox 529 3599 2111 3658; baseline 0.001 -2"><span class='ocrx_word' id='word_1_507' title='bbox 529 3602 715 3656; x_wconf 79' lang='lat' dir='ltr'>Status</span> <span class='ocrx_word' id='word_1_508' title='bbox 748 3615 951 3655; x_wconf 79' lang='lat' dir='ltr'>omnes.</span> <span class='ocrx_word' id='word_1_509' title='bbox 990 3600 1136 3655; x_wconf 90' lang='lat' dir='ltr'>Dicit</span> <span class='ocrx_word' id='word_1_510' title='bbox 1165 3604 1285 3655; x_wconf 90' lang='lat' dir='ltr'>tres</span> <span class='ocrx_word' id='word_1_511' title='bbox 1308 3616 1436 3655; x_wconf 89' lang='lat' dir='ltr'>esse</span> <span class='ocrx_word' id='word_1_512' title='bbox 1486 3599 1768 3656; x_wconf 86' lang='lat' dir='ltr'>stationes</span> <span class='ocrx_word' id='word_1_513' title='bbox 1799 3605 1857 3655; x_wconf 84' lang='lat' dir='ltr'>et</span> <span class='ocrx_word' id='word_1_514' title='bbox 1904 3602 2111 3658; x_wconf 87' lang='lat' dir='ltr'>motio-</span> 
     </span>
    </p>
   </div>
   <div class='ocr_carea' id='block_1_70' title="bbox 459 3688 2111 3759">
    <p class='ocr_par' dir='ltr' id='par_1_70' title="bbox 459 3688 2111 3759">
     <span class='ocr_line' id='line_1_70' title="bbox 459 3688 2111 3759; baseline 0.001 -16"><span class='ocrx_word' id='word_1_515' title='bbox 459 3705 583 3757; x_wconf 90' lang='lat' dir='ltr'>nes,</span> <span class='ocrx_word' id='word_1_516' title='bbox 618 3704 766 3759; x_wconf 89' lang='lat' dir='ltr'>quas</span> <span class='ocrx_word' id='word_1_517' title='bbox 797 3688 972 3743; x_wconf 87' lang='lat' dir='ltr'>etiam</span> <span class='ocrx_word' id='word_1_518' title='bbox 1007 3692 1288 3755; x_wconf 86' lang='lat' dir='ltr'>recenset,</span> <span class='ocrx_word' id='word_1_519' title='bbox 1324 3688 1634 3757; x_wconf 88' lang='lat' dir='ltr'>mentium,</span> <span class='ocrx_word' id='word_1_520' title='bbox 1668 3694 1725 3744; x_wconf 93' lang='lat' dir='ltr'>et</span> <span class='ocrx_word' id='word_1_521' title='bbox 1754 3690 2111 3758; x_wconf 90' lang='lat' dir='ltr'>animarum,</span> 
     </span>
    </p>
   </div>
   <div class='ocr_carea' id='block_1_71' title="bbox 460 3776 2109 3850">
    <p class='ocr_par' dir='ltr' id='par_1_71' title="bbox 460 3776 2109 3850">
     <span class='ocr_line' id='line_1_71' title="bbox 460 3776 2109 3850; baseline -0.001 -18"><span class='ocrx_word' id='word_1_522' title='bbox 460 3782 515 3832; x_wconf 90' lang='lat' dir='ltr'>et</span> <span class='ocrx_word' id='word_1_523' title='bbox 547 3792 856 3847; x_wconf 89' lang='lat' dir='ltr'>corporum</span> <span class='ocrx_word' id='word_1_524' title='bbox 884 3803 897 3843; x_wconf 86' lang='lat'>;</span> <span class='ocrx_word' id='word_1_525' title='bbox 930 3781 1157 3847; x_wconf 90' lang='lat' dir='ltr'>oportet</span> <span class='ocrx_word' id='word_1_526' title='bbox 1189 3777 1390 3847; x_wconf 90' lang='lat' dir='ltr'>itaque</span> <span class='ocrx_word' id='word_1_527' title='bbox 1423 3778 1731 3833; x_wconf 90' lang='lat' dir='ltr'>commode</span> <span class='ocrx_word' id='word_1_528' title='bbox 1761 3776 2109 3850; x_wconf 88' lang='lat' dir='ltr'>intelligere.</span> 
     </span>
    </p>
   </div>
   <div class='ocr_carea' id='block_1_72' title="bbox 462 3866 2115 3938">
    <p class='ocr_par' dir='ltr' id='par_1_72' title="bbox 462 3866 2115 3938">
     <span class='ocr_line' id='line_1_72' title="bbox 462 3866 2115 3938; baseline 0.001 -18"><span class='ocrx_word' id='word_1_529' title='bbox 462 3868 681 3922; x_wconf 86' lang='lat' dir='ltr'>Mentes</span> <span class='ocrx_word' id='word_1_530' title='bbox 713 3866 895 3938; x_wconf 86' lang='lat' dir='ltr'>igitur</span> <span class='ocrx_word' id='word_1_531' title='bbox 927 3870 1086 3921; x_wconf 88' lang='lat' dir='ltr'>stant</span> <span class='ocrx_word' id='word_1_532' title='bbox 1111 3870 1168 3921; x_wconf 92' lang='lat' dir='ltr'>et</span> <span class='ocrx_word' id='word_1_533' title='bbox 1199 3872 1526 3935; x_wconf 90' lang='lat' dir='ltr'>moventur,</span> <span class='ocrx_word' id='word_1_534' title='bbox 1562 3867 1715 3923; x_wconf 89' lang='lat' dir='ltr'>sicut</span> <span class='ocrx_word' id='word_1_535' title='bbox 1746 3866 1929 3922; x_wconf 85' lang='lat' dir='ltr'>Isaias</span> <span class='ocrx_word' id='word_1_536' title='bbox 1973 3868 2115 3923; x_wconf 89' lang='lat' dir='ltr'>dicit</span> 
     </span>
    </p>
   </div>
   <div class='ocr_carea' id='block_1_73' title="bbox 464 3954 2111 4027">
    <p class='ocr_par' dir='ltr' id='par_1_73' title="bbox 464 3954 2111 4027">
     <span class='ocr_line' id='line_1_73' title="bbox 464 3954 2111 4027; baseline 0 -16"><span class='ocrx_word' id='word_1_537' title='bbox 464 3962 521 4011; x_wconf 88' lang='lat' dir='ltr'>et</span> <span class='ocrx_word' id='word_1_538' title='bbox 568 3954 827 4010; x_wconf 89' lang='lat' dir='ltr'>Ezechiel</span> <span class='ocrx_word' id='word_1_539' title='bbox 880 3956 949 4010; x_wconf 91' lang='lat' dir='ltr'>de</span> <span class='ocrx_word' id='word_1_540' title='bbox 993 3955 1290 4027; x_wconf 89' lang='lat' dir='ltr'>seraphim</span> <span class='ocrx_word' id='word_1_541' title='bbox 1342 3961 1397 4011; x_wconf 90' lang='lat' dir='ltr'>et</span> <span class='ocrx_word' id='word_1_542' title='bbox 1464 3956 1792 4025; x_wconf 89' lang='lat' dir='ltr'>cherubim,</span> <span class='ocrx_word' id='word_1_543' title='bbox 1837 3956 2111 4026; x_wconf 84' lang='lat' dir='ltr'>quoniam</span> 
     </span>
    </p>
   </div>
   <div class='ocr_carea' id='block_1_74' title="bbox 467 4044 2114 4116">
    <p class='ocr_par' dir='ltr' id='par_1_74' title="bbox 467 4044 2114 4116">
     <span class='ocr_line' id='line_1_74' title="bbox 467 4044 2114 4116; baseline 0 -17"><span class='ocrx_word' id='word_1_544' title='bbox 467 4044 795 4099; x_wconf 87' lang='lat' dir='ltr'>ascendunt</span> <span class='ocrx_word' id='word_1_545' title='bbox 816 4048 874 4099; x_wconf 92' lang='lat' dir='ltr'>et</span> <span class='ocrx_word' id='word_1_546' title='bbox 905 4044 1291 4115; x_wconf 90' lang='lat' dir='ltr'>descendunt,</span> <span class='ocrx_word' id='word_1_547' title='bbox 1321 4049 1385 4099; x_wconf 89' lang='lat' dir='ltr'>ut</span> <span class='ocrx_word' id='word_1_548' title='bbox 1416 4044 1497 4099; x_wconf 85' lang='lat' dir='ltr'>ait</span> <span class='ocrx_word' id='word_1_549' title='bbox 1539 4045 1807 4116; x_wconf 88' lang='lat' dir='ltr'>Moyses;</span> <span class='ocrx_word' id='word_1_550' title='bbox 1843 4061 1975 4099; x_wconf 87' lang='lat' dir='ltr'>nam</span> <span class='ocrx_word' id='word_1_551' title='bbox 2026 4046 2114 4099; x_wconf 91' lang='lat' dir='ltr'>in-</span> 
     </span>
    </p>
   </div>
   <div class='ocr_carea' id='block_1_75' title="bbox 468 4132 2119 4200">
    <p class='ocr_par' dir='ltr' id='par_1_75' title="bbox 468 4132 2119 4200">
     <span class='ocr_line' id='line_1_75' title="bbox 468 4132 2119 4200; baseline 0.001 -12"><span class='ocrx_word' id='word_1_552' title='bbox 468 4132 803 4188; x_wconf 89' lang='lat' dir='ltr'>desinenter</span> <span class='ocrx_word' id='word_1_553' title='bbox 833 4134 902 4189; x_wconf 91' lang='lat' dir='ltr'>ad</span> <span class='ocrx_word' id='word_1_554' title='bbox 938 4134 1120 4189; x_wconf 91' lang='lat' dir='ltr'>Deum</span> <span class='ocrx_word' id='word_1_555' title='bbox 1154 4135 1432 4200; x_wconf 78' lang='lat' dir='ltr'>converti,</span> <span class='ocrx_word' id='word_1_556' title='bbox 1465 4140 1521 4189; x_wconf 89' lang='lat' dir='ltr'>et</span> <span class='ocrx_word' id='word_1_557' title='bbox 1550 4134 1769 4189; x_wconf 76' lang='lat' dir='ltr'>haerere</span> <span class='ocrx_word' id='word_1_558' title='bbox 1800 4134 1857 4187; x_wconf 91' lang='lat' dir='ltr'>in</span> <span class='ocrx_word' id='word_1_559' title='bbox 1880 4138 2119 4189; x_wconf 89' lang='lat' dir='ltr'>conten-</span> 
     </span>
    </p>
   </div>
   <div class='ocr_carea' id='block_1_76' title="bbox 468 4221 2114 4295">
    <p class='ocr_par' dir='ltr' id='par_1_76' title="bbox 468 4221 2114 4295">
     <span class='ocr_line' id='line_1_76' title="bbox 468 4221 2114 4295; baseline 0.001 -18"><span class='ocrx_word' id='word_1_560' title='bbox 468 4222 630 4277; x_wconf 89' lang='lat' dir='ltr'>tione</span> <span class='ocrx_word' id='word_1_561' title='bbox 679 4222 749 4277; x_wconf 88' lang='lat' dir='ltr'>ad</span> <span class='ocrx_word' id='word_1_562' title='bbox 799 4221 1013 4294; x_wconf 92' lang='lat' dir='ltr'>ipsum,</span> <span class='ocrx_word' id='word_1_563' title='bbox 1037 4223 1146 4278; x_wconf 88' lang='lat' dir='ltr'>etsi</span> <span class='ocrx_word' id='word_1_564' title='bbox 1182 4222 1526 4295; x_wconf 89' lang='lat' dir='ltr'>ablegentur</span> <span class='ocrx_word' id='word_1_565' title='bbox 1564 4228 1623 4277; x_wconf 90' lang='lat' dir='ltr'>et</span> <span class='ocrx_word' id='word_1_566' title='bbox 1651 4223 2013 4277; x_wconf 88' lang='lat' dir='ltr'>descendant</span> <span class='ocrx_word' id='word_1_567' title='bbox 2045 4224 2114 4278; x_wconf 88' lang='lat' dir='ltr'>ad</span> 
     </span>
    </p>
   </div>
   <div class='ocr_carea' id='block_1_77' title="bbox 2292 3592 3851 3669">
    <p class='ocr_par' dir='ltr' id='par_1_77' title="bbox 2292 3592 3851 3669">
     <span class='ocr_line' id='line_1_77' title="bbox 2292 3592 3851 3669; baseline -0.005 -14"><span class='ocrx_word' id='word_1_568' title='bbox 2292 3601 2359 3656; x_wconf 77' lang='lat' dir='ltr'>Al.</span> <span class='ocrx_word' id='word_1_569' title='bbox 2420 3598 2629 3662; x_wconf 88' lang='grc' dir='ltr'>στάσεις</span> <span class='ocrx_word' id='word_1_570' title='bbox 2689 3606 2874 3655; x_wconf 81' lang='grc' dir='ltr'>πᾶσαι.</span> <span class='ocrx_word' id='word_1_571' title='bbox 2940 3600 3160 3661; x_wconf 89' lang='grc' dir='ltr'>Στάσεις</span> <span class='ocrx_word' id='word_1_572' title='bbox 3239 3598 3328 3653; x_wconf 84' lang='grc' dir='ltr'>καὶ</span> <span class='ocrx_word' id='word_1_573' title='bbox 3404 3600 3647 3669; x_wconf 73' lang='grc' dir='ltr'>κινήσεις</span> <span class='ocrx_word' id='word_1_574' title='bbox 3718 3592 3851 3667; x_wconf 78' lang='grc' dir='ltr'>λέγει</span> 
     </span>
    </p>
   </div>
   <div class='ocr_carea' id='block_1_78' title="bbox 2220 3681 3859 3766">
    <p class='ocr_par' dir='ltr' id='par_1_78' title="bbox 2220 3681 3859 3766">
     <span class='ocr_line' id='line_1_78' title="bbox 2220 3681 3859 3766; baseline -0.005 -22"><span class='ocrx_word' id='word_1_575' title='bbox 2220 3694 2388 3766; x_wconf 80' lang='grc' dir='ltr'>τρεῖς,</span> <span class='ocrx_word' id='word_1_576' title='bbox 2423 3689 2483 3751; x_wconf 79' lang='grc' dir='ltr'>ἃς</span> <span class='ocrx_word' id='word_1_577' title='bbox 2515 3688 2606 3743; x_wconf 83' lang='grc' dir='ltr'>καὶ</span> <span class='ocrx_word' id='word_1_578' title='bbox 2636 3688 2950 3763; x_wconf 68' lang='grc' dir='ltr'>καταλέγει,</span> <span class='ocrx_word' id='word_1_579' title='bbox 2980 3693 3118 3742; x_wconf 88' lang='grc' dir='ltr'>νοῶν</span> <span class='ocrx_word' id='word_1_580' title='bbox 3163 3687 3253 3741; x_wconf 85' lang='grc' dir='ltr'>καὶ</span> <span class='ocrx_word' id='word_1_581' title='bbox 3301 3689 3523 3763; x_wconf 73' lang='grc' dir='ltr'>ψυχῶν,</span> <span class='ocrx_word' id='word_1_582' title='bbox 3557 3685 3643 3740; x_wconf 72' lang='grc' dir='ltr'>καὶ</span> <span class='ocrx_word' id='word_1_583' title='bbox 3696 3681 3859 3754; x_wconf 84' lang='grc' dir='ltr'>σωμά-</span> 
     </span>
    </p>
   </div>
   <div class='ocr_carea' id='block_1_79' title="bbox 2222 3771 3860 3855">
    <p class='ocr_par' dir='ltr' id='par_1_79' title="bbox 2222 3771 3860 3855">
     <span class='ocr_line' id='line_1_79' title="bbox 2222 3771 3860 3855; baseline -0.002 -22"><span class='ocrx_word' id='word_1_584' title='bbox 2222 3800 2328 3833; x_wconf 91' lang='grc' dir='ltr'>των</span> <span class='ocrx_word' id='word_1_585' title='bbox 2366 3796 2378 3808; x_wconf 83' lang='lat'><strong><em>°</em></strong></span> <span class='ocrx_word' id='word_1_586' title='bbox 2416 3775 2499 3832; x_wconf 83' lang='grc' dir='ltr'>δεῖ</span> <span class='ocrx_word' id='word_1_587' title='bbox 2540 3778 2721 3833; x_wconf 88' lang='grc' dir='ltr'>τοίνυν</span> <span class='ocrx_word' id='word_1_588' title='bbox 2778 3777 3106 3855; x_wconf 79' lang='grc' dir='ltr'>προσφόρως</span> <span class='ocrx_word' id='word_1_589' title='bbox 3156 3781 3317 3831; x_wconf 83' lang='grc' dir='ltr'>νοεῖν.</span> <span class='ocrx_word' id='word_1_590' title='bbox 3351 3777 3423 3832; x_wconf 76' lang='grc' dir='ltr'>Οἱ</span> <span class='ocrx_word' id='word_1_591' title='bbox 3478 3776 3569 3849; x_wconf 77' lang='grc' dir='ltr'>μὲν</span> <span class='ocrx_word' id='word_1_592' title='bbox 3623 3772 3709 3828; x_wconf 76' lang='grc' dir='ltr'>οὖν</span> <span class='ocrx_word' id='word_1_593' title='bbox 3754 3771 3860 3830; x_wconf 78' lang='grc' dir='ltr'>νόες</span> 
     </span>
    </p>
   </div>
   <div class='ocr_carea' id='block_1_80' title="bbox 2218 3856 3859 3943">
    <p class='ocr_par' dir='ltr' id='par_1_80' title="bbox 2218 3856 3859 3943">
     <span class='ocr_line' id='line_1_80' title="bbox 2218 3856 3859 3943; baseline -0.007 -22"><span class='ocrx_word' id='word_1_594' title='bbox 2218 3865 2467 3921; x_wconf 66' lang='grc' dir='ltr'>ἵστανται</span> <span class='ocrx_word' id='word_1_595' title='bbox 2499 3867 2587 3921; x_wconf 80' lang='grc' dir='ltr'>καὶ</span> <span class='ocrx_word' id='word_1_596' title='bbox 2620 3872 2917 3933; x_wconf 78' lang='grc' dir='ltr'>κινοῦνται,</span> <span class='ocrx_word' id='word_1_597' title='bbox 2951 3866 3024 3927; x_wconf 84' lang='grc' dir='ltr'>ὡς</span> <span class='ocrx_word' id='word_1_598' title='bbox 3054 3864 3276 3926; x_wconf 69' lang='grc' dir='ltr'>Ἠσαίας</span> <span class='ocrx_word' id='word_1_599' title='bbox 3314 3864 3471 3943; x_wconf 73' lang='grc' dir='ltr'>φησὶ,</span> <span class='ocrx_word' id='word_1_600' title='bbox 3502 3863 3591 3919; x_wconf 89' lang='grc' dir='ltr'>καὶ</span> <span class='ocrx_word' id='word_1_601' title='bbox 3621 3856 3859 3931; x_wconf 76' lang='grc' dir='ltr'>Ἰεζεκιήλ</span> 
     </span>
    </p>
   </div>
   <div class='ocr_carea' id='block_1_81' title="bbox 2224 3947 3859 4033">
    <p class='ocr_par' dir='ltr' id='par_1_81' title="bbox 2224 3947 3859 4033">
     <span class='ocr_line' id='line_1_81' title="bbox 2224 3947 3859 4033; baseline -0.007 -22"><span class='ocrx_word' id='word_1_602' title='bbox 2224 3956 2347 4030; x_wconf 87' lang='grc' dir='ltr'>περὶ</span> <span class='ocrx_word' id='word_1_603' title='bbox 2388 3961 2498 4010; x_wconf 86' lang='grc' dir='ltr'>τῶν</span> <span class='ocrx_word' id='word_1_604' title='bbox 2552 3956 2789 4033; x_wconf 78' lang='grc' dir='ltr'>σεραφὶμ</span> <span class='ocrx_word' id='word_1_605' title='bbox 2824 3956 2915 4009; x_wconf 85' lang='grc' dir='ltr'>καὶ</span> <span class='ocrx_word' id='word_1_606' title='bbox 2969 3949 3246 4029; x_wconf 88' lang='grc' dir='ltr'>χερουϐίμ</span> <span class='ocrx_word' id='word_1_607' title='bbox 3274 3973 3286 3986; x_wconf 90' lang='grc'><strong>·</strong></span> <span class='ocrx_word' id='word_1_608' title='bbox 3323 3951 3514 4022; x_wconf 73' lang='grc' dir='ltr'>ἐπειδὴ</span> <span class='ocrx_word' id='word_1_609' title='bbox 3541 3953 3695 4007; x_wconf 80' lang='grc' dir='ltr'>αὐτοί</span> <span class='ocrx_word' id='word_1_610' title='bbox 3744 3947 3859 4003; x_wconf 73' lang='grc' dir='ltr'>εἰσιν</span> 
     </span>
    </p>
   </div>
   <div class='ocr_carea' id='block_1_82' title="bbox 2226 4038 3859 4119">
    <p class='ocr_par' dir='ltr' id='par_1_82' title="bbox 2226 4038 3859 4119">
     <span class='ocr_line' id='line_1_82' title="bbox 2226 4038 3859 4119; baseline -0.001 -21"><span class='ocrx_word' id='word_1_611' title='bbox 2226 4046 2278 4099; x_wconf 74' lang='grc' dir='ltr'>οἱ</span> <span class='ocrx_word' id='word_1_612' title='bbox 2312 4040 2688 4108; x_wconf 84' lang='grc' dir='ltr'>ἀναϐαίνοντες</span> <span class='ocrx_word' id='word_1_613' title='bbox 2716 4044 2805 4099; x_wconf 86' lang='grc' dir='ltr'>καὶ</span> <span class='ocrx_word' id='word_1_614' title='bbox 2839 4038 3270 4115; x_wconf 88' lang='grc' dir='ltr'>καταϐαίνοντες,</span> <span class='ocrx_word' id='word_1_615' title='bbox 3304 4043 3379 4104; x_wconf 83' lang='grc' dir='ltr'>ὥς</span> <span class='ocrx_word' id='word_1_616' title='bbox 3424 4064 3556 4119; x_wconf 80' lang='grc' dir='ltr'>φησι</span> <span class='ocrx_word' id='word_1_617' title='bbox 3604 4043 3826 4105; x_wconf 81' lang='grc' dir='ltr'>Μωϋσῆς</span> <span class='ocrx_word' id='word_1_618' title='bbox 3848 4052 3859 4064; x_wconf 85' lang='grc'><strong><em>⁸</em></strong></span> 
     </span>
    </p>
   </div>
   <div class='ocr_carea' id='block_1_83' title="bbox 2224 4124 3857 4210">
    <p class='ocr_par' dir='ltr' id='par_1_83' title="bbox 2224 4124 3857 4210">
     <span class='ocr_line' id='line_1_83' title="bbox 2224 4124 3857 4210; baseline -0.007 -23"><span class='ocrx_word' id='word_1_619' title='bbox 2224 4134 2287 4187; x_wconf 91' lang='grc' dir='ltr'>τὸ</span> <span class='ocrx_word' id='word_1_620' title='bbox 2321 4133 2415 4206; x_wconf 77' lang='grc' dir='ltr'>μὶν</span> <span class='ocrx_word' id='word_1_621' title='bbox 2449 4135 2553 4207; x_wconf 80' lang='grc' dir='ltr'>γὰρ</span> <span class='ocrx_word' id='word_1_622' title='bbox 2587 4133 2950 4210; x_wconf 78' lang='grc' dir='ltr'>ἐπεστράφθαι</span> <span class='ocrx_word' id='word_1_623' title='bbox 2994 4131 3252 4202; x_wconf 80' lang='grc' dir='ltr'>ἀλήκτως</span> <span class='ocrx_word' id='word_1_624' title='bbox 3276 4131 3365 4187; x_wconf 78' lang='grc' dir='ltr'>ἐπὶ</span> <span class='ocrx_word' id='word_1_625' title='bbox 3396 4134 3444 4169; x_wconf 68' lang='grc'>⁸³</span> <span class='ocrx_word' id='word_1_626' title='bbox 3469 4132 3561 4186; x_wconf 90' lang='grc' dir='ltr'>τὸν</span> <span class='ocrx_word' id='word_1_627' title='bbox 3608 4128 3753 4197; x_wconf 85' lang='grc' dir='ltr'>Θεὸν,</span> <span class='ocrx_word' id='word_1_628' title='bbox 3781 4124 3857 4179; x_wconf 84' lang='grc' dir='ltr'>καὶ</span> 
     </span>
    </p>
   </div>
   <div class='ocr_carea' id='block_1_84' title="bbox 2230 4213 3864 4297">
    <p class='ocr_par' dir='ltr' id='par_1_84' title="bbox 2230 4213 3864 4297">
     <span class='ocr_line' id='line_1_84' title="bbox 2230 4213 3864 4297; baseline -0.002 -23"><span class='ocrx_word' id='word_1_629' title='bbox 2230 4220 2474 4297; x_wconf 74' lang='grc' dir='ltr'>ἱδρῦσθαι</span> <span class='ocrx_word' id='word_1_630' title='bbox 2525 4221 2576 4276; x_wconf 79' lang='grc' dir='ltr'>ἐν</span> <span class='ocrx_word' id='word_1_631' title='bbox 2634 4226 2702 4295; x_wconf 78' lang='grc' dir='ltr'>τῇ</span> <span class='ocrx_word' id='word_1_632' title='bbox 2760 4223 2899 4296; x_wconf 87' lang='grc' dir='ltr'>πρὸς</span> <span class='ocrx_word' id='word_1_633' title='bbox 2957 4221 3117 4276; x_wconf 82' lang='grc' dir='ltr'>αὐτὸν</span> <span class='ocrx_word' id='word_1_634' title='bbox 3166 4221 3437 4288; x_wconf 81' lang='grc' dir='ltr'>ἀνατάσει,</span> <span class='ocrx_word' id='word_1_635' title='bbox 3468 4218 3563 4275; x_wconf 81' lang='grc' dir='ltr'>κᾶν</span> <span class='ocrx_word' id='word_1_636' title='bbox 3614 4213 3864 4273; x_wconf 73' lang='grc' dir='ltr'>ἀποστέλ-</span> 
     </span>
    </p>
   </div>
   <div class='ocr_carea' id='block_1_85' title="bbox 466 4304 2109 4413">
    <p class='ocr_par' dir='ltr' id='par_1_85' title="bbox 466 4310 2109 4382">
     <span class='ocr_line' id='line_1_85' title="bbox 466 4310 2109 4382; baseline -0.001 -16"><span class='ocrx_word' id='word_1_637' title='bbox 466 4310 766 4376; x_wconf 87' lang='lat' dir='ltr'>inferiora,</span> <span class='ocrx_word' id='word_1_638' title='bbox 800 4316 861 4366; x_wconf 90' lang='lat' dir='ltr'>ut</span> <span class='ocrx_word' id='word_1_639' title='bbox 893 4312 1241 4381; x_wconf 88' lang='lat' dir='ltr'>adjuvandis</span> <span class='ocrx_word' id='word_1_640' title='bbox 1275 4312 1640 4382; x_wconf 88' lang='lat' dir='ltr'>provideant,</span> <span class='ocrx_word' id='word_1_641' title='bbox 1676 4310 1782 4365; x_wconf 90' lang='lat' dir='ltr'>hoc</span> <span class='ocrx_word' id='word_1_642' title='bbox 1804 4310 1994 4382; x_wconf 89' lang='lat' dir='ltr'>ipsum</span> <span class='ocrx_word' id='word_1_643' title='bbox 2030 4315 2109 4365; x_wconf 82' lang='lat' dir='ltr'>est</span> 
     </span>
    </p>
   </div>
   <div class='ocr_carea' id='block_1_86' title="bbox 2224 4304 3863 4413">
    <p class='ocr_par' dir='ltr' id='par_1_86' title="bbox 2230 4304 3863 4413">
     <span class='ocr_line' id='line_1_86' title="bbox 2230 4304 3863 4379; baseline -0.005 -13"><span class='ocrx_word' id='word_1_644' title='bbox 2230 4310 2416 4366; x_wconf 88' lang='grc' dir='ltr'>λοιντο</span> <span class='ocrx_word' id='word_1_645' title='bbox 2446 4312 2534 4366; x_wconf 88' lang='grc' dir='ltr'>καὶ</span> <span class='ocrx_word' id='word_1_646' title='bbox 2582 4306 2959 4366; x_wconf 87' lang='grc' dir='ltr'>καταϐαίνοιεν</span> <span class='ocrx_word' id='word_1_647' title='bbox 2991 4314 3036 4347; x_wconf 76' lang='grc' dir='ltr'>⁸ο</span> <span class='ocrx_word' id='word_1_648' title='bbox 3065 4310 3153 4365; x_wconf 80' lang='grc' dir='ltr'>ἐπὶ</span> <span class='ocrx_word' id='word_1_649' title='bbox 3197 4311 3263 4365; x_wconf 81' lang='grc' dir='ltr'>τὰ</span> <span class='ocrx_word' id='word_1_650' title='bbox 3316 4304 3716 4379; x_wconf 82' lang='grc' dir='ltr'>ὑποϐεϐηκότα,</span> <span class='ocrx_word' id='word_1_651' title='bbox 3745 4323 3863 4376; x_wconf 89' lang='grc' dir='ltr'>προ-</span> 
     </span>
     <span class='ocr_line' id='line_1_87' title="bbox 2302 4395 3837 4413; baseline 0 0"><span class='ocrx_word' id='word_1_652' title='bbox 2302 4401 2312 4413; x_wconf 93' lang='grc'><strong><em>,</em></strong></span> <span class='ocrx_word' id='word_1_653' title='bbox 2471 4402 2480 4413; x_wconf 94' lang='grc'>.</span> <span class='ocrx_word' id='word_1_654' title='bbox 2644 4404 2669 4413; x_wconf 76' lang='lat'>-</span> <span class='ocrx_word' id='word_1_655' title='bbox 2756 4400 2770 4413; x_wconf 81' lang='grc'>,</span> <span class='ocrx_word' id='word_1_656' title='bbox 2857 4398 2875 4413; x_wconf 56' lang='grc' dir='ltr'><em>κ</em></span> <span class='ocrx_word' id='word_1_657' title='bbox 2945 4412 2953 4413; x_wconf 60' lang='lat'><strong><em>,</em></strong></span> <span class='ocrx_word' id='word_1_658' title='bbox 3128 4398 3138 4413; x_wconf 92' lang='lat'>.</span> <span class='ocrx_word' id='word_1_659' title='bbox 3377 4403 3401 4413; x_wconf 58' lang='grc' dir='ltr'><strong>ν</strong></span> <span class='ocrx_word' id='word_1_660' title='bbox 3458 4397 3469 4413; x_wconf 89' lang='grc'><strong><em>,</em></strong></span> <span class='ocrx_word' id='word_1_661' title='bbox 3502 4397 3514 4413; x_wconf 77' lang='grc'>,</span> <span class='ocrx_word' id='word_1_662' title='bbox 3676 4396 3689 4413; x_wconf 59' lang='grc' dir='ltr'><strong>κ</strong></span> <span class='ocrx_word' id='word_1_663' title='bbox 3726 4395 3740 4413; x_wconf 77' lang='grc' dir='ltr'>ι</span> <span class='ocrx_word' id='word_1_664' title='bbox 3820 4395 3837 4413; x_wconf 61' lang='grc' dir='ltr'><strong>Α</strong></span> 
     </span>
    </p>
   </div>
   <div class='ocr_carea' id='block_1_87' title="bbox 470 4399 2119 4471">
    <p class='ocr_par' dir='ltr' id='par_1_87' title="bbox 470 4399 2119 4471">
     <span class='ocr_line' id='line_1_88' title="bbox 470 4399 2119 4471; baseline 0.001 -16"><span class='ocrx_word' id='word_1_665' title='bbox 470 4401 717 4456; x_wconf 83' lang='lat' dir='ltr'>ﬁrmiter</span> <span class='ocrx_word' id='word_1_666' title='bbox 748 4402 804 4455; x_wconf 92' lang='lat' dir='ltr'>in</span> <span class='ocrx_word' id='word_1_667' title='bbox 838 4401 937 4455; x_wconf 91' lang='lat' dir='ltr'>Dei</span> <span class='ocrx_word' id='word_1_668' title='bbox 966 4400 1177 4456; x_wconf 87' lang='lat' dir='ltr'>vicinia</span> <span class='ocrx_word' id='word_1_669' title='bbox 1199 4406 1374 4468; x_wconf 86' lang='lat' dir='ltr'>stare,</span> <span class='ocrx_word' id='word_1_670' title='bbox 1409 4406 1581 4471; x_wconf 87' lang='lat' dir='ltr'>atque</span> <span class='ocrx_word' id='word_1_671' title='bbox 1607 4400 1677 4454; x_wconf 88' lang='lat' dir='ltr'>ad</span> <span class='ocrx_word' id='word_1_672' title='bbox 1710 4399 1967 4455; x_wconf 89' lang='lat' dir='ltr'>liberalia</span> <span class='ocrx_word' id='word_1_673' title='bbox 2001 4417 2119 4456; x_wconf 89' lang='lat' dir='ltr'>mo-</span> 
     </span>
    </p>
   </div>
   <div class='ocr_carea' id='block_1_88' title="bbox 466 4489 2118 4562">
    <p class='ocr_par' dir='ltr' id='par_1_88' title="bbox 466 4489 2118 4562">
     <span class='ocr_line' id='line_1_89' title="bbox 466 4489 2118 4562; baseline 0.001 -19"><span class='ocrx_word' id='word_1_674' title='bbox 466 4489 587 4544; x_wconf 86' lang='lat' dir='ltr'>veri</span> <span class='ocrx_word' id='word_1_675' title='bbox 618 4489 830 4545; x_wconf 78' lang='lat' dir='ltr'>officia.</span> <span class='ocrx_word' id='word_1_676' title='bbox 857 4489 1162 4544; x_wconf 89' lang='lat' dir='ltr'>Moventur</span> <span class='ocrx_word' id='word_1_677' title='bbox 1184 4493 1375 4545; x_wconf 88' lang='lat' dir='ltr'>autem</span> <span class='ocrx_word' id='word_1_678' title='bbox 1408 4490 1588 4544; x_wconf 88' lang='lat' dir='ltr'>etiam</span> <span class='ocrx_word' id='word_1_679' title='bbox 1622 4490 1928 4560; x_wconf 89' lang='lat' dir='ltr'>superiora</span> <span class='ocrx_word' id='word_1_680' title='bbox 1958 4490 2118 4562; x_wconf 88' lang='lat' dir='ltr'>cogi-</span> 
     </span>
    </p>
   </div>
   <div class='ocr_carea' id='block_1_89' title="bbox 465 4577 2113 4651">
    <p class='ocr_par' dir='ltr' id='par_1_89' title="bbox 465 4577 2113 4651">
     <span class='ocr_line' id='line_1_90' title="bbox 465 4577 2113 4651; baseline -0.001 -18"><span class='ocrx_word' id='word_1_681' title='bbox 465 4578 665 4646; x_wconf 70' lang='lat' dir='ltr'>tando,</span> <span class='ocrx_word' id='word_1_682' title='bbox 698 4583 754 4634; x_wconf 88' lang='lat' dir='ltr'>et</span> <span class='ocrx_word' id='word_1_683' title='bbox 785 4582 944 4633; x_wconf 90' lang='lat' dir='ltr'>stant</span> <span class='ocrx_word' id='word_1_684' title='bbox 974 4579 1114 4634; x_wconf 91' lang='lat' dir='ltr'>dum</span> <span class='ocrx_word' id='word_1_685' title='bbox 1147 4579 1219 4634; x_wconf 90' lang='lat' dir='ltr'>ab</span> <span class='ocrx_word' id='word_1_686' title='bbox 1267 4578 1642 4634; x_wconf 86' lang='lat' dir='ltr'>inferioribus</span> <span class='ocrx_word' id='word_1_687' title='bbox 1685 4577 2113 4651; x_wconf 86' lang='lat' dir='ltr'>intelliguntur,</span> 
     </span>
    </p>
   </div>
   <div class='ocr_carea' id='block_1_90' title="bbox 468 4666 2115 4739">
    <p class='ocr_par' dir='ltr' id='par_1_90' title="bbox 468 4666 2115 4739">
     <span class='ocr_line' id='line_1_91' title="bbox 468 4666 2115 4739; baseline 0.001 -17"><span class='ocrx_word' id='word_1_688' title='bbox 468 4670 534 4722; x_wconf 90' lang='lat' dir='ltr'>ut</span> <span class='ocrx_word' id='word_1_689' title='bbox 563 4666 985 4739; x_wconf 84' lang='lat' dir='ltr'>intelligibiles,</span> <span class='ocrx_word' id='word_1_690' title='bbox 1019 4672 1324 4723; x_wconf 85' lang='lat' dir='ltr'>manentes</span> <span class='ocrx_word' id='word_1_691' title='bbox 1377 4667 1431 4721; x_wconf 92' lang='lat' dir='ltr'>in</span> <span class='ocrx_word' id='word_1_692' title='bbox 1480 4668 1718 4739; x_wconf 89' lang='lat' dir='ltr'>propria</span> <span class='ocrx_word' id='word_1_693' title='bbox 1765 4667 2068 4723; x_wconf 86' lang='lat' dir='ltr'>identitate</span> <span class='ocrx_word' id='word_1_694' title='bbox 2102 4685 2115 4735; x_wconf 90' lang='lat'>;</span> 
     </span>
    </p>
   </div>
   <div class='ocr_carea' id='block_1_91' title="bbox 470 4756 2115 4828">
    <p class='ocr_par' dir='ltr' id='par_1_91' title="bbox 470 4756 2115 4828">
     <span class='ocr_line' id='line_1_92' title="bbox 470 4756 2115 4828; baseline 0 -16"><span class='ocrx_word' id='word_1_695' title='bbox 470 4774 607 4812; x_wconf 89' lang='lat' dir='ltr'>nam</span> <span class='ocrx_word' id='word_1_696' title='bbox 639 4762 777 4812; x_wconf 90' lang='lat' dir='ltr'>sunt</span> <span class='ocrx_word' id='word_1_697' title='bbox 806 4772 918 4812; x_wconf 90' lang='lat' dir='ltr'>sua</span> <span class='ocrx_word' id='word_1_698' title='bbox 950 4756 1220 4828; x_wconf 75' lang='lat' dir='ltr'>praesidia</span> <span class='ocrx_word' id='word_1_699' title='bbox 1251 4762 1309 4813; x_wconf 87' lang='lat' dir='ltr'>et</span> <span class='ocrx_word' id='word_1_700' title='bbox 1341 4756 1699 4823; x_wconf 84' lang='lat' dir='ltr'>mansiones,</span> <span class='ocrx_word' id='word_1_701' title='bbox 1733 4761 1906 4828; x_wconf 87' lang='lat' dir='ltr'>atque</span> <span class='ocrx_word' id='word_1_702' title='bbox 1937 4756 1997 4811; x_wconf 89' lang='lat' dir='ltr'>in</span> <span class='ocrx_word' id='word_1_703' title='bbox 2026 4773 2115 4812; x_wconf 90' lang='lat' dir='ltr'>se-</span> 
     </span>
    </p>
   </div>
   <div class='ocr_carea' id='block_1_92' title="bbox 472 4846 2117 4919">
    <p class='ocr_par' dir='ltr' id='par_1_92' title="bbox 472 4846 2117 4919">
     <span class='ocr_line' id='line_1_93' title="bbox 472 4846 2117 4919; baseline -0.001 -17"><span class='ocrx_word' id='word_1_704' title='bbox 472 4846 620 4919; x_wconf 86' lang='lat' dir='ltr'>ipsis</span> <span class='ocrx_word' id='word_1_705' title='bbox 678 4846 968 4915; x_wconf 89' lang='lat' dir='ltr'>habitant,</span> <span class='ocrx_word' id='word_1_706' title='bbox 1005 4862 1229 4901; x_wconf 87' lang='lat' dir='ltr'>necnon</span> <span class='ocrx_word' id='word_1_707' title='bbox 1276 4847 1347 4901; x_wconf 87' lang='lat' dir='ltr'>ad</span> <span class='ocrx_word' id='word_1_708' title='bbox 1399 4847 1626 4918; x_wconf 88' lang='lat' dir='ltr'>seipsos</span> <span class='ocrx_word' id='word_1_709' title='bbox 1676 4851 2117 4915; x_wconf 88' lang='lat' dir='ltr'>convertuntur,</span> 
     </span>
    </p>
   </div>
   <div class='ocr_carea' id='block_1_93' title="bbox 473 4935 2118 5007">
    <p class='ocr_par' dir='ltr' id='par_1_93' title="bbox 473 4935 2118 5007">
     <span class='ocr_line' id='line_1_94' title="bbox 473 4935 2118 5007; baseline -0.001 -17"><span class='ocrx_word' id='word_1_710' title='bbox 473 4953 663 5007; x_wconf 90' lang='lat' dir='ltr'>neque</span> <span class='ocrx_word' id='word_1_711' title='bbox 722 4935 900 4991; x_wconf 90' lang='lat' dir='ltr'>dividi</span> <span class='ocrx_word' id='word_1_712' title='bbox 936 4940 1188 5007; x_wconf 88' lang='lat' dir='ltr'>possunt</span> <span class='ocrx_word' id='word_1_713' title='bbox 1236 4936 1293 4989; x_wconf 92' lang='lat' dir='ltr'>in</span> <span class='ocrx_word' id='word_1_714' title='bbox 1329 4951 1397 4990; x_wconf 90' lang='lat' dir='ltr'>ea</span> <span class='ocrx_word' id='word_1_715' title='bbox 1419 4953 1544 5007; x_wconf 77' lang='lat' dir='ltr'>quae</span> <span class='ocrx_word' id='word_1_716' title='bbox 1590 4953 1623 4990; x_wconf 89' lang='lat' dir='ltr'>a</span> <span class='ocrx_word' id='word_1_717' title='bbox 1656 4935 1752 4991; x_wconf 91' lang='lat' dir='ltr'>Dei</span> <span class='ocrx_word' id='word_1_718' title='bbox 1784 4936 1943 4990; x_wconf 89' lang='lat' dir='ltr'>cultu</span> <span class='ocrx_word' id='word_1_719' title='bbox 1978 4938 2118 4990; x_wconf 89' lang='lat' dir='ltr'>sunt</span> 
     </span>
    </p>
   </div>
   <div class='ocr_carea' id='block_1_94' title="bbox 470 5023 2116 5096">
    <p class='ocr_par' dir='ltr' id='par_1_94' title="bbox 470 5023 2116 5096">
     <span class='ocr_line' id='line_1_95' title="bbox 470 5023 2116 5096; baseline -0.001 -17"><span class='ocrx_word' id='word_1_720' title='bbox 470 5025 681 5081; x_wconf 83' lang='lat' dir='ltr'>aliena.</span> <span class='ocrx_word' id='word_1_721' title='bbox 709 5023 1361 5096; x_wconf 83' lang='lat' dir='ltr'>Itaqueimperfectiora</span> <span class='ocrx_word' id='word_1_722' title='bbox 1378 5023 1576 5078; x_wconf 92' lang='lat' dir='ltr'>omnia</span> <span class='ocrx_word' id='word_1_723' title='bbox 1607 5028 2024 5079; x_wconf 88' lang='lat' dir='ltr'>convertuntur</span> <span class='ocrx_word' id='word_1_724' title='bbox 2044 5024 2116 5078; x_wconf 89' lang='lat' dir='ltr'>ad</span> 
     </span>
    </p>
   </div>
   <div class='ocr_carea' id='block_1_95' title="bbox 470 5112 2116 5169">
    <p class='ocr_par' dir='ltr' id='par_1_95' title="bbox 470 5112 2116 5169">
     <span class='ocr_line' id='line_1_96' title="bbox 470 5112 2116 5169; baseline -0.001 -1"><span class='ocrx_word' id='word_1_725' title='bbox 470 5114 878 5169; x_wconf 85' lang='lat' dir='ltr'>excellentiora</span> <span class='ocrx_word' id='word_1_726' title='bbox 906 5117 1301 5168; x_wconf 88' lang='lat' dir='ltr'>Motusautem</span> <span class='ocrx_word' id='word_1_727' title='bbox 1322 5112 1603 5167; x_wconf 89' lang='lat' dir='ltr'>mentium</span> <span class='ocrx_word' id='word_1_728' title='bbox 1630 5117 1683 5167; x_wconf 88' lang='lat' dir='ltr'>et</span> <span class='ocrx_word' id='word_1_729' title='bbox 1701 5112 2030 5166; x_wconf 87' lang='lat' dir='ltr'>animarum</span> <span class='ocrx_word' id='word_1_730' title='bbox 2056 5112 2116 5166; x_wconf 91' lang='lat' dir='ltr'>in</span> 
     </span>
    </p>
   </div>
   <div class='ocr_carea' id='block_1_96' title="bbox 470 5201 2115 5274">
    <p class='ocr_par' dir='ltr' id='par_1_96' title="bbox 470 5201 2115 5274">
     <span class='ocr_line' id='line_1_97' title="bbox 470 5201 2115 5274; baseline -0.001 -18"><span class='ocrx_word' id='word_1_731' title='bbox 470 5202 668 5257; x_wconf 90' lang='lat' dir='ltr'>orbem</span> <span class='ocrx_word' id='word_1_732' title='bbox 692 5202 1099 5274; x_wconf 86' lang='lat' dir='ltr'>circulumque</span> <span class='ocrx_word' id='word_1_733' title='bbox 1130 5202 1419 5269; x_wconf 79' lang='lat' dir='ltr'>feruntur,</span> <span class='ocrx_word' id='word_1_734' title='bbox 1445 5202 1597 5257; x_wconf 90' lang='lat' dir='ltr'>sicut</span> <span class='ocrx_word' id='word_1_735' title='bbox 1627 5202 1802 5257; x_wconf 89' lang='lat' dir='ltr'>etiam</span> <span class='ocrx_word' id='word_1_736' title='bbox 1851 5201 2115 5257; x_wconf 89' lang='lat' dir='ltr'>Ezechiel</span> 
     </span>
    </p>
   </div>
   <div class='ocr_carea' id='block_1_97' title="bbox 470 5291 2115 5363">
    <p class='ocr_par' dir='ltr' id='par_1_97' title="bbox 470 5291 2115 5363">
     <span class='ocr_line' id='line_1_98' title="bbox 470 5291 2115 5363; baseline 0 -16"><span class='ocrx_word' id='word_1_737' title='bbox 470 5291 1075 5363; x_wconf 87' lang='lat' dir='ltr'>ait;quandoquidem</span> <span class='ocrx_word' id='word_1_738' title='bbox 1092 5309 1159 5347; x_wconf 82' lang='lat' dir='ltr'>ex</span> <span class='ocrx_word' id='word_1_739' title='bbox 1190 5308 1252 5347; x_wconf 91' lang='lat' dir='ltr'>se</span> <span class='ocrx_word' id='word_1_740' title='bbox 1276 5292 1420 5362; x_wconf 89' lang='lat' dir='ltr'>ipsis</span> <span class='ocrx_word' id='word_1_741' title='bbox 1444 5292 1918 5363; x_wconf 90' lang='lat' dir='ltr'>progrediuntur,</span> <span class='ocrx_word' id='word_1_742' title='bbox 1940 5295 2115 5363; x_wconf 84' lang='lat' dir='ltr'>atque</span> 
     </span>
    </p>
   </div>
   <div class='ocr_carea' id='block_1_98' title="bbox 469 5379 2114 5448">
    <p class='ocr_par' dir='ltr' id='par_1_98' title="bbox 469 5379 2114 5448">
     <span class='ocr_line' id='line_1_99' title="bbox 469 5379 2114 5448; baseline 0.001 -13"><span class='ocrx_word' id='word_1_743' title='bbox 469 5382 529 5437; x_wconf 89' lang='lat' dir='ltr'>in</span> <span class='ocrx_word' id='word_1_744' title='bbox 563 5396 623 5437; x_wconf 92' lang='lat' dir='ltr'>se</span> <span class='ocrx_word' id='word_1_745' title='bbox 674 5385 1065 5448; x_wconf 89' lang='lat' dir='ltr'>revertuntur,</span> <span class='ocrx_word' id='word_1_746' title='bbox 1100 5382 1207 5436; x_wconf 89' lang='lat' dir='ltr'>etsi</span> <span class='ocrx_word' id='word_1_747' title='bbox 1240 5399 1274 5437; x_wconf 90' lang='lat' dir='ltr'>a</span> <span class='ocrx_word' id='word_1_748' title='bbox 1303 5397 1365 5437; x_wconf 92' lang='lat' dir='ltr'>se</span> <span class='ocrx_word' id='word_1_749' title='bbox 1399 5398 1514 5439; x_wconf 90' lang='lat' dir='ltr'>non</span> <span class='ocrx_word' id='word_1_750' title='bbox 1566 5380 1857 5436; x_wconf 89' lang='lat' dir='ltr'>abierunt.</span> <span class='ocrx_word' id='word_1_751' title='bbox 1891 5380 1961 5435; x_wconf 90' lang='lat' dir='ltr'>Et</span> <span class='ocrx_word' id='word_1_752' title='bbox 1991 5379 2114 5436; x_wconf 66' lang='lat' dir='ltr'>hinc</span> 
     </span>
    </p>
   </div>
   <div class='ocr_carea' id='block_1_99' title="bbox 2228 4395 3862 4477">
    <p class='ocr_par' dir='ltr' id='par_1_99' title="bbox 2228 4395 3862 4477">
     <span class='ocr_line' id='line_1_100' title="bbox 2228 4395 3862 4477; baseline -0.006 -23"><span class='ocrx_word' id='word_1_753' title='bbox 2228 4401 2379 4463; x_wconf 89' lang='grc' dir='ltr'>νοίας</span> <span class='ocrx_word' id='word_1_754' title='bbox 2410 4402 2571 4476; x_wconf 80' lang='grc' dir='ltr'>’χάριν</span> <span class='ocrx_word' id='word_1_755' title='bbox 2605 4404 2709 4454; x_wconf 86' lang='grc' dir='ltr'>τῶν</span> <span class='ocrx_word' id='word_1_756' title='bbox 2739 4398 3276 4477; x_wconf 73' lang='grc' dir='ltr'>ὠφεληθησομὲνων,</span> <span class='ocrx_word' id='word_1_757' title='bbox 3307 4397 3471 4454; x_wconf 90' lang='grc' dir='ltr'>τοῦτό</span> <span class='ocrx_word' id='word_1_758' title='bbox 3497 4397 3607 4453; x_wconf 68' lang='grc' dir='ltr'>ἐστι</span> <span class='ocrx_word' id='word_1_759' title='bbox 3637 4396 3697 4451; x_wconf 90' lang='grc' dir='ltr'>τὸ</span> <span class='ocrx_word' id='word_1_760' title='bbox 3726 4395 3862 4449; x_wconf 79' lang='grc' dir='ltr'>ἑστά-</span> 
     </span>
    </p>
   </div>
   <div class='ocr_carea' id='block_1_100' title="bbox 2228 4482 3862 4566">
    <p class='ocr_par' dir='ltr' id='par_1_100' title="bbox 2228 4482 3862 4566">
     <span class='ocr_line' id='line_1_101' title="bbox 2228 4482 3862 4566; baseline -0.007 -22"><span class='ocrx_word' id='word_1_761' title='bbox 2228 4511 2316 4544; x_wconf 85' lang='grc' dir='ltr'>ναι</span> <span class='ocrx_word' id='word_1_762' title='bbox 2368 4485 2603 4566; x_wconf 88' lang='grc' dir='ltr'>βεϐαίως</span> <span class='ocrx_word' id='word_1_763' title='bbox 2657 4489 2708 4544; x_wconf 76' lang='grc' dir='ltr'>ἐν</span> <span class='ocrx_word' id='word_1_764' title='bbox 2754 4493 2822 4563; x_wconf 83' lang='grc' dir='ltr'>τῇ</span> <span class='ocrx_word' id='word_1_765' title='bbox 2869 4490 3005 4564; x_wconf 86' lang='grc' dir='ltr'>πρὸς</span> <span class='ocrx_word' id='word_1_766' title='bbox 3047 4488 3177 4544; x_wconf 83' lang='grc' dir='ltr'>Θεὸν</span> <span class='ocrx_word' id='word_1_767' title='bbox 3227 4487 3455 4563; x_wconf 84' lang='grc' dir='ltr'>ἐγγίσει,</span> <span class='ocrx_word' id='word_1_768' title='bbox 3488 4486 3577 4542; x_wconf 90' lang='grc' dir='ltr'>καὶ</span> <span class='ocrx_word' id='word_1_769' title='bbox 3625 4482 3862 4539; x_wconf 81' lang='grc' dir='ltr'>κινεῖσθαι</span> 
     </span>
    </p>
   </div>
   <div class='ocr_carea' id='block_1_101' title="bbox 2233 4574 3867 4654">
    <p class='ocr_par' dir='ltr' id='par_1_101' title="bbox 2233 4574 3867 4654">
     <span class='ocr_line' id='line_1_102' title="bbox 2233 4574 3867 4654; baseline -0.007 -21"><span class='ocrx_word' id='word_1_770' title='bbox 2233 4579 2308 4634; x_wconf 63' lang='grc' dir='ltr'>εἷς</span> <span class='ocrx_word' id='word_1_771' title='bbox 2354 4580 2448 4641; x_wconf 74' lang='grc' dir='ltr'>τὰς</span> <span class='ocrx_word' id='word_1_772' title='bbox 2493 4580 2617 4652; x_wconf 87' lang='grc' dir='ltr'>περί</span> <span class='ocrx_word' id='word_1_773' title='bbox 2659 4578 2784 4640; x_wconf 79' lang='grc' dir='ltr'>τοὺς</span> <span class='ocrx_word' id='word_1_774' title='bbox 2815 4578 3295 4654; x_wconf 76' lang='grc' dir='ltr'>εὖεργετουμὲνους</span> <span class='ocrx_word' id='word_1_775' title='bbox 3326 4574 3605 4638; x_wconf 85' lang='grc' dir='ltr'>διακονίας</span> <span class='ocrx_word' id='word_1_776' title='bbox 3630 4595 3643 4608; x_wconf 87' lang='grc'><strong>·</strong></span> <span class='ocrx_word' id='word_1_777' title='bbox 3676 4574 3867 4629; x_wconf 85' lang='grc' dir='ltr'>κινοῦν-</span> 
     </span>
    </p>
   </div>
   <div class='ocr_carea' id='block_1_102' title="bbox 2230 4657 3859 4741">
    <p class='ocr_par' dir='ltr' id='par_1_102' title="bbox 2230 4657 3859 4741">
     <span class='ocr_line' id='line_1_103' title="bbox 2230 4657 3859 4741; baseline -0.007 -19"><span class='ocrx_word' id='word_1_778' title='bbox 2230 4689 2317 4722; x_wconf 89' lang='grc' dir='ltr'>ται</span> <span class='ocrx_word' id='word_1_779' title='bbox 2350 4665 2408 4722; x_wconf 83' lang='grc' dir='ltr'>δὶ</span> <span class='ocrx_word' id='word_1_780' title='bbox 2442 4668 2492 4722; x_wconf 78' lang='grc' dir='ltr'>ἐν</span> <span class='ocrx_word' id='word_1_781' title='bbox 2524 4672 2603 4739; x_wconf 82' lang='grc' dir='ltr'>τῷ</span> <span class='ocrx_word' id='word_1_782' title='bbox 2651 4673 2795 4721; x_wconf 86' lang='grc' dir='ltr'>νοεῖν</span> <span class='ocrx_word' id='word_1_783' title='bbox 2844 4668 2910 4720; x_wconf 77' lang='grc' dir='ltr'>τὰ</span> <span class='ocrx_word' id='word_1_784' title='bbox 2959 4661 3388 4741; x_wconf 87' lang='grc' dir='ltr'>ὑπερϐεϐηκότα,</span> <span class='ocrx_word' id='word_1_785' title='bbox 3419 4666 3510 4721; x_wconf 79' lang='grc' dir='ltr'>καὶ</span> <span class='ocrx_word' id='word_1_786' title='bbox 3560 4666 3761 4719; x_wconf 80' lang='grc' dir='ltr'>ἑστᾶσιν</span> <span class='ocrx_word' id='word_1_787' title='bbox 3814 4657 3859 4712; x_wconf 81' lang='grc' dir='ltr'>ἐν</span> 
     </span>
    </p>
   </div>
   <div class='ocr_carea' id='block_1_103' title="bbox 2230 4746 3867 4831">
    <p class='ocr_par' dir='ltr' id='par_1_103' title="bbox 2230 4746 3867 4831">
     <span class='ocr_line' id='line_1_104' title="bbox 2230 4746 3867 4831; baseline -0.003 -21"><span class='ocrx_word' id='word_1_788' title='bbox 2230 4761 2308 4827; x_wconf 82' lang='grc' dir='ltr'>τῷ</span> <span class='ocrx_word' id='word_1_789' title='bbox 2337 4761 2571 4820; x_wconf 82' lang='grc' dir='ltr'>νοεῖσθαι</span> <span class='ocrx_word' id='word_1_790' title='bbox 2602 4756 2747 4831; x_wconf 81' lang='grc' dir='ltr'>παρὰ</span> <span class='ocrx_word' id='word_1_791' title='bbox 2794 4760 2898 4810; x_wconf 90' lang='grc' dir='ltr'>τῶν</span> <span class='ocrx_word' id='word_1_792' title='bbox 2947 4753 3393 4830; x_wconf 67' lang='grc' dir='ltr'>καταδεεστέρων,</span> <span class='ocrx_word' id='word_1_793' title='bbox 3426 4754 3503 4817; x_wconf 84' lang='grc' dir='ltr'>ὠς</span> <span class='ocrx_word' id='word_1_794' title='bbox 3551 4751 3737 4823; x_wconf 78' lang='grc' dir='ltr'>νοητὰ,</span> <span class='ocrx_word' id='word_1_795' title='bbox 3780 4746 3867 4821; x_wconf 78' lang='grc' dir='ltr'>μὲ-</span> 
     </span>
    </p>
   </div>
   <div class='ocr_carea' id='block_1_104' title="bbox 2231 4839 3865 4922">
    <p class='ocr_par' dir='ltr' id='par_1_104' title="bbox 2231 4839 3865 4922">
     <span class='ocr_line' id='line_1_105' title="bbox 2231 4839 3865 4922; baseline -0.006 -22"><span class='ocrx_word' id='word_1_796' title='bbox 2231 4867 2393 4900; x_wconf 83' lang='grc' dir='ltr'>νοντα</span> <span class='ocrx_word' id='word_1_797' title='bbox 2423 4846 2473 4899; x_wconf 77' lang='grc' dir='ltr'>ἐν</span> <span class='ocrx_word' id='word_1_798' title='bbox 2503 4849 2572 4919; x_wconf 77' lang='grc' dir='ltr'>τῇ</span> <span class='ocrx_word' id='word_1_799' title='bbox 2605 4845 2777 4916; x_wconf 83' lang='grc' dir='ltr'>οἰκείᾳ</span> <span class='ocrx_word' id='word_1_800' title='bbox 2798 4845 3089 4914; x_wconf 88' lang='grc' dir='ltr'>ταυτότητι</span> <span class='ocrx_word' id='word_1_801' title='bbox 3125 4864 3137 4876; x_wconf 90' lang='grc'><strong>·</strong></span> <span class='ocrx_word' id='word_1_802' title='bbox 3172 4846 3399 4922; x_wconf 81' lang='grc' dir='ltr'>φρουραὶ</span> <span class='ocrx_word' id='word_1_803' title='bbox 3434 4845 3540 4918; x_wconf 87' lang='grc' dir='ltr'>γάρ</span> <span class='ocrx_word' id='word_1_804' title='bbox 3582 4842 3708 4897; x_wconf 76' lang='grc' dir='ltr'>εἰσιν</span> <span class='ocrx_word' id='word_1_805' title='bbox 3754 4839 3865 4893; x_wconf 84' lang='grc' dir='ltr'>ἑαυ-</span> 
     </span>
    </p>
   </div>
   <div class='ocr_carea' id='block_1_105' title="bbox 2230 4926 3863 5007">
    <p class='ocr_par' dir='ltr' id='par_1_105' title="bbox 2230 4926 3863 5007">
     <span class='ocr_line' id='line_1_106' title="bbox 2230 4926 3863 5007; baseline -0.003 -19"><span class='ocrx_word' id='word_1_806' title='bbox 2230 4939 2335 4988; x_wconf 85' lang='grc' dir='ltr'>τῶν</span> <span class='ocrx_word' id='word_1_807' title='bbox 2383 4934 2472 4989; x_wconf 84' lang='grc' dir='ltr'>καὶ</span> <span class='ocrx_word' id='word_1_808' title='bbox 2526 4936 2737 5007; x_wconf 88' lang='grc' dir='ltr'>μοναί·</span> <span class='ocrx_word' id='word_1_809' title='bbox 2770 4935 2861 4989; x_wconf 87' lang='grc' dir='ltr'>καὶ</span> <span class='ocrx_word' id='word_1_810' title='bbox 2912 4934 2987 4996; x_wconf 82' lang='grc' dir='ltr'>εἰς</span> <span class='ocrx_word' id='word_1_811' title='bbox 3039 4933 3200 4989; x_wconf 78' lang='grc' dir='ltr'>ἑαυτὰ</span> <span class='ocrx_word' id='word_1_812' title='bbox 3247 4933 3599 5004; x_wconf 79' lang='grc' dir='ltr'>οἷκειοῦνται,</span> <span class='ocrx_word' id='word_1_813' title='bbox 3648 4929 3733 4985; x_wconf 83' lang='grc' dir='ltr'>καὶ</span> <span class='ocrx_word' id='word_1_814' title='bbox 3790 4926 3863 5002; x_wconf 73' lang='grc' dir='ltr'>ἐφ’</span> 
     </span>
    </p>
   </div>
   <div class='ocr_carea' id='block_1_106' title="bbox 2228 5015 3865 5099">
    <p class='ocr_par' dir='ltr' id='par_1_106' title="bbox 2228 5015 3865 5099">
     <span class='ocr_line' id='line_1_107' title="bbox 2228 5015 3865 5099; baseline -0.005 -21"><span class='ocrx_word' id='word_1_815' title='bbox 2228 5025 2389 5078; x_wconf 85' lang='grc' dir='ltr'>ἑαυτὰ</span> <span class='ocrx_word' id='word_1_816' title='bbox 2446 5025 2909 5099; x_wconf 69' lang='grc' dir='ltr'>συνεστραμμένα,</span> <span class='ocrx_word' id='word_1_817' title='bbox 2957 5025 3043 5078; x_wconf 86' lang='grc' dir='ltr'>καὶ</span> <span class='ocrx_word' id='word_1_818' title='bbox 3099 5020 3394 5078; x_wconf 81' lang='grc' dir='ltr'>ἀσκὲδαστα</span> <span class='ocrx_word' id='word_1_819' title='bbox 3443 5022 3532 5077; x_wconf 79' lang='grc' dir='ltr'>ἐπὶ</span> <span class='ocrx_word' id='word_1_820' title='bbox 3586 5020 3652 5074; x_wconf 78' lang='grc' dir='ltr'>τὰ</span> <span class='ocrx_word' id='word_1_821' title='bbox 3705 5015 3865 5073; x_wconf 82' lang='grc' dir='ltr'>ἀλλό-</span> 
     </span>
    </p>
   </div>
   <div class='ocr_carea' id='block_1_107' title="bbox 2225 5107 3865 5189">
    <p class='ocr_par' dir='ltr' id='par_1_107' title="bbox 2225 5107 3865 5189">
     <span class='ocr_line' id='line_1_108' title="bbox 2225 5107 3865 5189; baseline -0.007 -21"><span class='ocrx_word' id='word_1_822' title='bbox 2225 5134 2350 5189; x_wconf 90' lang='grc' dir='ltr'>τρια</span> <span class='ocrx_word' id='word_1_823' title='bbox 2380 5120 2478 5181; x_wconf 79' lang='grc' dir='ltr'>τῆς</span> <span class='ocrx_word' id='word_1_824' title='bbox 2506 5108 2830 5177; x_wconf 87' lang='grc' dir='ltr'>θεοσεϐείας.</span> <span class='ocrx_word' id='word_1_825' title='bbox 2869 5113 2971 5168; x_wconf 86' lang='grc' dir='ltr'>Καὶ</span> <span class='ocrx_word' id='word_1_826' title='bbox 3003 5116 3133 5188; x_wconf 88' lang='grc' dir='ltr'>γοῦν</span> <span class='ocrx_word' id='word_1_827' title='bbox 3165 5114 3340 5167; x_wconf 87' lang='grc' dir='ltr'>πάντα</span> <span class='ocrx_word' id='word_1_828' title='bbox 3380 5113 3449 5165; x_wconf 78' lang='grc' dir='ltr'>τὰ</span> <span class='ocrx_word' id='word_1_829' title='bbox 3494 5107 3865 5178; x_wconf 76' lang='grc' dir='ltr'>καταδεέστερα</span> 
     </span>
    </p>
   </div>
   <div class='ocr_carea' id='block_1_108' title="bbox 2228 5196 3866 5276">
    <p class='ocr_par' dir='ltr' id='par_1_108' title="bbox 2228 5196 3866 5276">
     <span class='ocr_line' id='line_1_109' title="bbox 2228 5196 3866 5276; baseline -0.002 -20"><span class='ocrx_word' id='word_1_830' title='bbox 2228 5200 2587 5276; x_wconf 77' lang='grc' dir='ltr'>ἐπέστραπται</span> <span class='ocrx_word' id='word_1_831' title='bbox 2645 5200 2729 5256; x_wconf 80' lang='grc' dir='ltr'>ἐπὶ</span> <span class='ocrx_word' id='word_1_832' title='bbox 2789 5206 2856 5255; x_wconf 74' lang='grc' dir='ltr'>τὰ</span> <span class='ocrx_word' id='word_1_833' title='bbox 2917 5196 3348 5275; x_wconf 77' lang='grc' dir='ltr'>ὑπερϐεϐηκότα.</span> <span class='ocrx_word' id='word_1_834' title='bbox 3409 5201 3478 5257; x_wconf 76' lang='grc' dir='ltr'>Αἱ</span> <span class='ocrx_word' id='word_1_835' title='bbox 3531 5196 3589 5253; x_wconf 75' lang='grc' dir='ltr'>δὶ</span> <span class='ocrx_word' id='word_1_836' title='bbox 3639 5197 3866 5265; x_wconf 78' lang='grc' dir='ltr'>κινήσεις</span> 
     </span>
    </p>
   </div>
   <div class='ocr_carea' id='block_1_109' title="bbox 2228 5280 3861 5366">
    <p class='ocr_par' dir='ltr' id='par_1_109' title="bbox 2228 5280 3861 5366">
     <span class='ocr_line' id='line_1_110' title="bbox 2228 5280 3861 5366; baseline -0.002 -21"><span class='ocrx_word' id='word_1_837' title='bbox 2228 5294 2334 5345; x_wconf 89' lang='grc' dir='ltr'>τῶν</span> <span class='ocrx_word' id='word_1_838' title='bbox 2368 5294 2507 5344; x_wconf 90' lang='grc' dir='ltr'>νοῶν</span> <span class='ocrx_word' id='word_1_839' title='bbox 2536 5291 2625 5345; x_wconf 76' lang='grc' dir='ltr'>καὶ</span> <span class='ocrx_word' id='word_1_840' title='bbox 2659 5293 2851 5365; x_wconf 81' lang='grc' dir='ltr'>ψυχῶν</span> <span class='ocrx_word' id='word_1_841' title='bbox 2883 5288 3223 5366; x_wconf 85' lang='grc' dir='ltr'>τροχοειδεῖς</span> <span class='ocrx_word' id='word_1_842' title='bbox 3251 5290 3349 5345; x_wconf 74' lang='grc' dir='ltr'>εἱσι</span> <span class='ocrx_word' id='word_1_843' title='bbox 3380 5288 3472 5343; x_wconf 83' lang='grc' dir='ltr'>γαὶ</span> <span class='ocrx_word' id='word_1_844' title='bbox 3492 5284 3765 5353; x_wconf 82' lang='grc' dir='ltr'>κυκλικαὶ,</span> <span class='ocrx_word' id='word_1_845' title='bbox 3795 5280 3861 5341; x_wconf 84' lang='grc' dir='ltr'>ὠς</span> 
     </span>
    </p>
   </div>
   <div class='ocr_carea' id='block_1_110' title="bbox 2230 5370 3863 5456">
    <p class='ocr_par' dir='ltr' id='par_1_110' title="bbox 2230 5370 3863 5456">
     <span class='ocr_line' id='line_1_111' title="bbox 2230 5370 3863 5456; baseline -0.004 -23"><span class='ocrx_word' id='word_1_846' title='bbox 2230 5380 2320 5434; x_wconf 80' lang='grc' dir='ltr'>καὶ</span> <span class='ocrx_word' id='word_1_847' title='bbox 2350 5378 2619 5449; x_wconf 82' lang='grc' dir='ltr'>Ἰεζεκιήλ</span> <span class='ocrx_word' id='word_1_848' title='bbox 2666 5400 2848 5456; x_wconf 80' lang='grc' dir='ltr'>φησιν,</span> <span class='ocrx_word' id='word_1_849' title='bbox 2901 5378 3118 5455; x_wconf 67' lang='grc' dir='ltr'>ἐπείπερ</span> <span class='ocrx_word' id='word_1_850' title='bbox 3167 5378 3217 5450; x_wconf 77' lang='grc' dir='ltr'>ἐξ</span> <span class='ocrx_word' id='word_1_851' title='bbox 3258 5380 3460 5434; x_wconf 80' lang='grc' dir='ltr'>ἑαυτῶν</span> <span class='ocrx_word' id='word_1_852' title='bbox 3507 5376 3746 5453; x_wconf 72' lang='grc' dir='ltr'>προΐασι,</span> <span class='ocrx_word' id='word_1_853' title='bbox 3782 5370 3863 5426; x_wconf 84' lang='grc' dir='ltr'>καὶ</span> 
     </span>
    </p>
   </div>
   <div class='ocr_carea' id='block_1_111' title="bbox 1482 5550 2849 5608">
    <p class='ocr_par' dir='ltr' id='par_1_111' title="bbox 1482 5550 2849 5608">
     <span class='ocr_line' id='line_1_112' title="bbox 1482 5550 2849 5608; baseline 0 -3"><span class='ocrx_word' id='word_1_854' title='bbox 1482 5551 1724 5608; x_wconf 62' lang='grc' dir='ltr'>νΑιιΙβΕ</span> <span class='ocrx_word' id='word_1_855' title='bbox 1763 5551 2151 5608; x_wconf 84' lang='lat' dir='ltr'>LECTIONES</span> <span class='ocrx_word' id='word_1_856' title='bbox 2190 5552 2279 5608; x_wconf 91' lang='lat' dir='ltr'>E’l‘</span> <span class='ocrx_word' id='word_1_857' title='bbox 2318 5550 2849 5608; x_wconf 81' lang='lat' dir='ltr'>CORRECTIONES</span> 
     </span>
    </p>
   </div>
   <div class='ocr_carea' id='block_1_112' title="bbox 540 5676 2894 5761">
    <p class='ocr_par' dir='ltr' id='par_1_112' title="bbox 540 5676 2894 5761">
     <span class='ocr_line' id='line_1_113' title="bbox 540 5676 2894 5761; baseline -0.001 -19"><span class='ocrx_word' id='word_1_858' title='bbox 540 5690 583 5724; x_wconf 77' lang='grc'>⁸⁷</span> <span class='ocrx_word' id='word_1_859' title='bbox 611 5685 920 5743; x_wconf 79' lang='grc' dir='ltr'>ὑπόστασιν.</span> <span class='ocrx_word' id='word_1_860' title='bbox 1000 5689 1042 5723; x_wconf 77' lang='grc'>⁸⁸</span> <span class='ocrx_word' id='word_1_861' title='bbox 1073 5686 1431 5761; x_wconf 85' lang='grc' dir='ltr'>ἀνθρωπείου.</span> <span class='ocrx_word' id='word_1_862' title='bbox 1508 5688 1552 5723; x_wconf 73' lang='grc' dir='ltr'>⁸ο</span> <span class='ocrx_word' id='word_1_863' title='bbox 1581 5686 1739 5761; x_wconf 88' lang='grc' dir='ltr'>πρός.</span> <span class='ocrx_word' id='word_1_864' title='bbox 1814 5689 1859 5725; x_wconf 78' lang='grc' dir='ltr'><strong>⁸ο</strong></span> <span class='ocrx_word' id='word_1_865' title='bbox 1888 5683 2333 5742; x_wconf 79' lang='grc' dir='ltr'>ἀποστέλλωνται</span> <span class='ocrx_word' id='word_1_866' title='bbox 2363 5684 2449 5739; x_wconf 80' lang='grc' dir='ltr'>καὶ</span> <span class='ocrx_word' id='word_1_867' title='bbox 2483 5676 2894 5739; x_wconf 85' lang='grc' dir='ltr'>καταϐαίνωσιν.</span> 
     </span>
    </p>
   </div>
  </div>
