4080 6366
217 408 322 462 257

990 406 1049 458 S.
1091 402 1365 457 MAXIM!
1403 400 1706 456 SCHOLIA
1745 398 1820 454 IN
1859 400 1895 452 L

2031 400 2127 451 DE
2164 398 2435 452 DIVINIS
2473 398 2881 453 NOMINIBUS.

3538 405 3645 460 258

215 531 292 593 εἰς
346 527 512 583 εαυτὰ
570 524 1067 599 ἰπαναστρέφουσιν
1124 521 1438 596 ἀνεξόδευτα
1489 523 1713 578 ἑαυτῶν.
1778 520 1873 575 Καὶ

2015 520 2229 592 ιυίἀρω
2264 520 2345 575 ita
2376 537 2434 576 se
2466 519 2688 576 habent
2718 521 2775 575 in
2802 521 3191 595 incorporeis;
3227 528 3414 582 status
3445 533 3639 585 autem

211 623 379 675 ταῦτα
408 618 503 690 μὲν
542 614 773 669 ἐπὶτῶν
808 611 1131 686 ἀσωμάτων·
1189 613 1371 674 στάσις
1417 609 1474 667 δὲ
1520 610 1609 666 xui
1664 610 1877 679 κίνησις

217 708 297 765 ἰπὶ
374 710 485 761 τῶν
549 705 820 777 σωμάτων
879 704 1225 774 νοηθήσεται,
1300 702 1567 773 μενούσης
1628 700 1723 772 μὶν
1783 701 1880 764 τῆς

220 797 353 867 ὕλης
406 794 459 849 ἐν
513 793 879 866 ὑποκειμένῳ⁸
928 791 1256 864 κινουμένης
1288 787 1345 844 δὲ
1375 789 1564 853 εἰςτὰς
1592 794 1701 844 τῶν
1733 809 1882 863 γινο-

222 886 450 962 μὲνων⁶¹
488 884 549 955 ἐξ
582 882 752 953 αὐτῆς
809 883 1015 957 τροπὰς
1066 882 1156 936 καὶ
1213 877 1562 956 μεταλλαγὰς
1614 878 1878 952 σωμάτιον

222 976 490 1051 ἐμψύχων
524 994 584 1028 τε
612 972 702 1028 καὶ
735 972 985 1047 ἀψύχων.

290 1064 580 1125 Κυκλικῶς
613 1063 730 1135 μὲν.
766 1060 1084 1134 Σημείωσαι
1116 1064 1233 1121 πῶς
1262 1064 1534 1115 κινοῦνται
1564 1060 1631 1114 τὰ
1663 1057 1886 1135 οὐράνια

216 1154 515 1222 κυκλικῶς,
546 1146 639 1207 καὶ
671 1152 786 1205 κατ’
820 1149 1025 1205 εὐθεῖαν
1074 1149 1163 1204 καὶ
1222 1147 1562 1212 ἐλικοειδῶς⁶
1624 1148 1713 1204 καὶ
1770 1152 1887 1209 πῶς

218 1248 417 1301 νοεῖται
442 1246 634 1318 ψυχῆς
667 1237 976 1308 ἔλικοειδὴς
1004 1239 1241 1310 κίνησις.

691 1376 754 1428 Oi
786 1379 919 1438 θεῖοι
949 1374 1067 1435 νόες
1098 1376 1435 1429 κινοῦνται⁶²

396 1469 431 1537 ἢ
465 1464 768 1532 κυκλικῶς,
799 1465 834 1533 ἢ
866 1464 985 1519 κατ’
1015 1464 1249 1530 εὐθεῖαν,
1290 1464 1325 1531 ἣ
1366 1460 1706 1524 ἐλικοειδῶς.

296 1600 497 1667 Ψυχῆς
561 1589 618 1646 δέ
658 1590 912 1661 κίνησις.
970 1586 1195 1657 Ἐπειδὴ
1253 1589 1383 1661 καὶ,
1440 1588 1513 1649 ὡς
1577 1585 1687 1642 ἄνω
1746 1605 1887 1658 προ-

224 1682 551 1759 εγράψαμεν,
604 1681 763 1749 νοερὰ
814 1677 907 1752 μὲν
959 1678 1062 1733 εἰσι
1091 1680 1158 1733 τὰ
1188 1683 1432 1732 νοοῦντα”
1496 1677 1665 1747 νοητά
1722 1674 1779 1731 δὲ
1825 1676 1893 1730 τὰ

228 1770 520 1843 νοούμεναο
560 1769 738 1846 τροφὴ
791 1766 847 1822 δὲ
875 1771 983 1823 τῶν
1033 1772 1234 1842 νοερῶν
1291 1767 1358 1821 τὰ
1415 1765 1603 1837 νοητά·
1666 1765 1891 1827 εἰκότως

230 1858 320 1915 οὖν
356 1859 443 1913 ἐπὶ
494 1862 682 1933 ψυχῆς
734 1861 923 1932 νοερᾶς
965 1877 1098 1934 φησι
1126 1853 1381 1929 δυνάμεις
1415 1854 1602 1926 αὐτῆς,
1662 1855 1737 1915 ὡς
1799 1852 1896 1926 μό-

230 1970 319 2002 νον
349 1947 588 2017 νοούσης
619 1946 714 2010 τὰς
748 1938 1179 2020 ὑπερϐεϐηκότα*
1216 1943 1350 2012 αὕτη
1384 1945 1488 2019 γὰρ
1541 1943 1628 1998 ὑπ’
1677 1940 1895 2003 οὐδενὸς

242 2043 464 2091 νοεῖται·
498 2036 587 2089 καὶ
641 2034 855 2089 πάντων
898 2039 1005 2088 τῶν
1058 2037 1270 2103 νοητῶν
1319 2032 1522 2108 ἐσχάτη
1562 2031 1693 2086 ἐστί.
1729 2031 1897 2085 Δυνά-

248 2146 359 2197 μεις
390 2122 449 2180 δέ
478 2125 581 2178 εἰσι
614 2127 799 2199 ψυχῆς
839 2124 892 2177 αἱ
923 2122 1061 2197 πρὸς
1110 2124 1203 2184 τὰς
1253 2122 1530 2192 αἰσθήσεις
1589 2118 1896 2191 ἐπιτηδειό-

244 2235 420 2285 τητες.

305 2388 662 2452 Ἐλικοειδῶς
701 2436 713 2447 .
772 2391 931 2465 Ὁρᾷς
980 2389 1244 2457 ἐντεῦθεν,
1302 2386 1444 2457 πόση
1503 2384 1735 2464 διαφορᾶ
1791 2388 1897 2458 ψυ-

241 2488 345 2556 χῆς
375 2482 514 2556 πρὸς
544 2479 612 2535 τὰ
641 2479 829 2550 νοητά⁶
857 2479 924 2533 τὰ
977 2478 1072 2551 μὲν
1118 2478 1219 2553 γὰρ
1278 2479 1481 2552 νοερῶς
1511 2475 1601 2529 καὶ
1656 2474 1895 2541 ἒνιαίως,

238 2572 480 2625 τουτέστι
526 2569 663 2623 κατὰ
721 2568 917 2643 ἀθρόαν
978 2562 1248 2635 ἐπιϐολὴν
1283 2612 1296 2637 ,
1348 2569 1461 2620 νοεῖ
1504 2564 1598 2626 τὰς
1655 2564 1900 2639 ὑπερκει-

245 2660 400 2731 μὲνας
433 2657 582 2722 θείας
640 2656 966 2731 ἐλλάμψεις,
1017 2656 1151 2711 κατὰ
1206 2656 1268 2710 τὸ
1316 2655 1493 2709 αὐτῶν
1532 2653 1725 2728 μέτρον
1760 2653 1898 2706 ἀπο-

241 2747 682 2821 καλυπτομένας’
731 2748 766 2816 ἠ
824 2745 882 2801 δὲ
930 2746 1085 2820 ψυχὴ
1139 2746 1385 2819 λογικῶς
1429 2742 1519 2798 καὶ
1566 2739 1897 2812 διεξοδικῶς,

243 2839 521 2891 τουτέστιν
583 2834 659 2898 εἰς
726 2836 921 2911 μερικὰ
983 2832 1313 2909 μεριζομένη
1350 2877 1364 2899 ,
1412 2830 1502 2886 καὶ
1550 2830 1608 2885 ἐκ
1660 2836 1900 2904 μετοχῆς

244 2923 649 2999 διδασκομένη·
735 2925 762 2978 ὁ
821 2924 922 3000 γὰρ
973 2927 1141 2992 νοῦς,
1192 2922 1268 2984 εἷς
1318 2919 1617 2997 λογισμοὺς
1672 2920 1897 2987 κατιὼν,

244 3018 404 3071 οἱονεὶ
458 3015 732 3089 μερίζεται
785 3012 875 3068 καὶ
925 3010 1096 3067 δέεται
1144 3016 1240 3066 τοῦ
1290 3008 1379 3065 διὰ
1424 3009 1692 3066 πλειόνων
1724 3029 1897 3080 παρα-

245 3100 547 3179 δειγμάτων
588 3100 991 3174 διεξοδεύοντος
1038 3100 1204 3176 λόγου
1252 3100 1387 3174 πρὸς
1417 3102 1747 3176 παράστασιν
1802 3101 1900 3151 τοῦ

244 3193 563 3265 νοουμένου,
624 3192 685 3246 τὸ
754 3184 1330 3266 ὑπεράναϐεϐηκόςθθ.
1412 3188 1746 3262 Συμμίκτως
1805 3185 1894 3240 οὖν

1991 616 2049 666 et
2079 616 2271 667 motus
2300 611 2359 665 in
2392 611 2743 683 corporibus
2775 612 3160 686 intelligetur,
3195 622 3465 675 manente
3512 620 3641 691 qui-

1990 699 2122 753 dem
2157 698 2215 753 in
2246 699 2514 769 subjecto
2549 699 2831 767 materia;
2868 707 3027 756 mota
3070 719 3202 757 vero
3250 704 3310 759 in
3352 706 3557 762 modos
3587 711 3645 763 et

1994 788 2351 843 mutationes
2409 805 2722 860 corporum
2776 790 3171 847 animatorum
3230 798 3285 848 et
3341 793 3638 851 inanimo-

1991 892 2146 931 rum.

2066 1054 2434 1111 Circulariter
2482 1056 2720 1127 quidem.
2761 1060 2908 1112 Nota
2961 1059 3254 1128 quomodo
3297 1060 3556 1117 coelestia
3582 1062 3643 1119 in

1995 1144 2195 1198 orbem
2230 1150 2655 1214 moveantur,et
2687 1151 2842 1200 recta
2871 1150 2927 1201 et
2956 1147 3230 1218 oblique:
3266 1153 3322 1204 et
3353 1153 3645 1222 quomodo

1997 1231 2363 1306 intelligatur
2393 1238 2590 1289 motus
2611 1234 2824 1290 anima:
2857 1235 3153 1307 obliquus.

2419 1367 2637 1422 Divinas
2665 1373 2893 1424 mentes
2925 1374 3237 1425 moventur

2000 1456 2107 1510 Aut
2137 1457 2199 1510 in
2226 1458 2436 1526 orbem,
2725 1464 2821 1513 aut
2858 1468 3031 1528 recta,
3278 1467 3378 1517 aut
3406 1462 3647 1535 oblique.

2072 1581 2222 1636 185
2256 1582 2444 1636 Animi
2472 1585 2662 1636 autem
2700 1585 2897 1637 motus.
2931 1584 3439 1658 Quandoquidem,
3499 1588 3653 1644 sicut

2004 1670 2181 1725 etiam
2214 1687 2395 1741 supra
2426 1670 2797 1741 scripsimus,
2830 1672 2987 1745 νοερά
3018 1678 3157 1727 sunt
3185 1688 3253 1727 ea
3292 1690 3417 1745 quae
3442 1675 3655 1731 intelli-

2004 1764 2148 1829 gunt
2167 1779 2180 1827 ;
2202 1757 2370 1827 νοητά
2399 1776 2533 1815 vero
2556 1777 2685 1832 quae
2709 1760 3121 1833 intelliguntur
3146 1761 3522 1831 ;alimentum
3546 1783 3651 1821 au-

2006 1851 2120 1903 tem
2151 1847 2605 1919 intelligentium
2665 1854 2806 1904 sunt
2861 1850 3257 1922 intelligibilia
3290 1869 3303 1919 ;
3353 1853 3560 1909 merito
3590 1855 3652 1910 in

1929 1920 1975 1984 Β
2008 1937 2206 1990 anima
2254 1936 2619 2008 intelligente
2667 1937 2972 1993 facultates
3030 1920 3158 2009 eius
3208 1942 3391 2009 aﬁ‘ert,
3455 1947 3656 2014 utpote

2008 2028 2241 2078 tantum
2257 2022 3063 2097 excellentiumintelligentia
3081 2043 3094 2092 ;
3113 2027 3236 2082 hzec
3258 2028 3413 2083 enim
3436 2046 3469 2084 a
3492 2030 3654 2086 nullo

2008 2110 2376 2183 intelligitur,
2432 2113 2817 2184 omniumque
2874 2113 3335 2186 intelligibilium
3368 2122 3458 2172 est
3488 2123 3655 2189 post-

2009 2215 2187 2254 rema.
2230 2200 2552 2256 Facultates
2608 2217 2778 2273 porro
2838 2201 3046 2257 animae
3096 2208 3256 2275 sunt,
3298 2205 3656 2275 aptitudines

2008 2294 2153 2360 aptae
2186 2291 2254 2345 ad
2289 2307 2571 2347 sensuum
2593 2291 2941 2348 functiones.

2082 2381 2325 2452 Oblique.
2355 2381 2500 2435 Hinc
2528 2382 2692 2436 vides
2724 2389 2943 2451 quanta
2983 2383 3059 2437 sit
3089 2384 3418 2440 differentia
3448 2386 3658 2443 animm

2010 2469 2081 2524 ab
2114 2468 2626 2541 intelligibilibus:
2661 2470 2783 2526 haec
2827 2471 3006 2538 enim,
3067 2470 3546 2531 intellectualiter
3602 2480 3661 2532 et

2010 2558 2193 2624 unite,
2226 2559 2355 2626 hoc,
2390 2564 2479 2614 est
2508 2558 2679 2615 celeri
2736 2576 2835 2614 seu
2897 2559 3153 2633 simplici
3203 2564 3416 2620 mentis
3447 2582 3656 2637 appre-

2008 2647 2311 2713 hensione,
2373 2647 2703 2719 superiores
2764 2648 2993 2704 divinas
3042 2649 3374 2721 intelligunt
3402 2652 3657 2711 illustra-

2010 2738 2222 2801 tiones,
2246 2752 2371 2809 quae
2416 2754 2519 2807 pro
2550 2737 2815 2807 ipsorum
2847 2741 3017 2809 captu
3051 2739 3421 2797 revelantur:
3455 2743 3654 2801 anima

2009 2845 2162 2900 vero,
2216 2830 2661 2885 ratiocinatione
2692 2834 2748 2885 et
2778 2830 3074 2899 discursu,
3105 2833 3163 2888 id
3194 2838 3284 2889 est
3314 2836 3373 2891 in
3404 2838 3654 2908 particu-

2007 2919 2156 2975 laria
2175 2918 2565 2991 divisa,atque
2595 2935 2664 2974 ex
2693 2920 3224 2978 communicatione
3245 2924 3653 2982 addiscensin-

2010 3009 2239 3081 telligit.
2263 3009 2427 3063 Mens
2458 3009 2634 3077 enim,
2661 3010 2731 3063 ad
2767 3010 3245 3069 ratiocinationes
3266 3013 3652 3085 descendens,

2009 3097 2207 3169 aliquo
2231 3098 2403 3153 modo
2436 3096 2720 3151 dividitur
2744 3101 2799 3152 et
2816 3097 3083 3169 pluribus
3097 3102 3526 3174 exemplaribus
3546 3120 3647 3161 seu

2008 3186 2805 3258 speciebusindiget,ratione
2836 3187 3203 3246 discurrente
3228 3198 3289 3247 ut
3319 3193 3573 3250 sublime
3594 3201 3653 3252 et

245 3281 440 3357 ἒνεργεῖ
466 3284 502 3350 ἡ
536 3282 691 3356 ψυχὴ
742 3280 830 3335 καὶ
881 3274 1278 3353 μεταϐατικῶς,
1330 3276 1419 3332 ὅτε
1448 3278 1537 3332 καὶ
1568 3282 1703 3332 νοεῖν
1736 3280 1895 3331 τοῦτο

2015 3275 2433 3330 transcendens
2489 3274 2633 3329 illud
2684 3277 2838 3346 quod
2911 3278 3201 3350 cogitatur
3251 3290 3648 3354 repraesentet.

247 3372 341 3446 γὰρ
374 3370 579 3425 οἰκεῖον
626 3374 831 3445 ψυχῆς,
882 3368 972 3423 xui
1024 3366 1113 3422 ὅτε
1146 3365 1337 3439 ἔξωθεν
1370 3366 1458 3421 ἐπί
1488 3366 1555 3421 τὰ
1586 3363 1897 3440 ὑψηλότερα

248 3465 687 3535 χειραγωγεῖται⁸
724 3458 782 3513 ἐκ
810 3458 912 3534 γὰρ
943 3462 1052 3511 τῶν
1080 3455 1393 3532 ἀλλοτρίων
1424 3450 1717 3511 ἀναϐαίνει.

615 3754 684 3810 Αἰ
715 3752 889 3826 ψυχαὶ
923 3751 975 3805 αἱ
1012 3748 1230 3824 λογικαὶ
1257 3753 1525 3804 κινοῦνται

822 3841 858 3909 ἢ
893 3835 1235 3907 ἐλικοειδῶς,
1525 3837 1641 3892 κατ’
1670 3837 1900 3895 εὐθεῖαν.

315 3950 538 4006 Τούτων
612 3945 729 4014 οὖν,
784 3946 874 4001 καὶ
932 3950 1038 4000 τῶν
1100 3944 1396 4015 αἰσθητῶν.
1456 3945 1615 4016 ”Ορα,
1676 3944 1759 3997 ὅτι
1811 3944 1900 3997 καὶ

244 4044 346 4093 τῶν
396 4037 671 4108 αἰσθητῶν
729 4040 875 4110 τρεῖς
925 4056 1089 4108 φησιν
1141 4036 1273 4088 εἶναι
1328 4034 1424 4095 τὰς
1482 4035 1744 4103 κινήσεις·
1801 4034 1901 4102 τὴν

245 4126 539 4197 κυκλοειδῆ
573 4126 662 4180 καὶ
690 4126 788 4194 τὴν
849 4122 1149 4195 ἑλικοειδῆ,
1201 4122 1291 4178 καὶ
1338 4124 1435 4191 τήν
1495 4126 1613 4176 κατ’
1671 4123 1898 4185 εὐθεῖαν

244 4217 598 4293 προαγόμεθα
629 4212 686 4269 δὲ
714 4213 913 4274 ταύτας
944 4218 1085 4267 νοεῖν
1120 4210 1180 4267 ἐκ
1209 4216 1316 4266 τῶν
1348 4212 1472 4285 περὶ
1516 4214 1701 4285 ψυχῆς
1750 4211 1899 4286 εἰρη-

251 4307 441 4378 μὲνων·
491 4301 759 4371 κυκλικὴν
798 4303 893 4375 μὲν
924 4301 1113 4370 αὐτὴν,
1174 4301 1299 4355 ὅταν
1358 4300 1424 4354 τὰ
1476 4300 1707 4370 αἰσθητὰ
1764 4301 1901 4354 αὐτὰ

245 4397 376 4450 κατὰ
434 4394 531 4455 τὰς
591 4391 796 4455 οἰκείας
853 4389 1107 4463 δυνάμεις
1156 4389 1246 4444 καὶ
1319 4388 1615 4459 ποιότητας
1686 4389 1896 4464 ἐνεργῇ·

250 4487 356 4539 οἷον
405 4487 515 4557 πῦρ
578 4486 893 4555 θερμαῖνον,
941 4480 1030 4534 καὶ
1084 4476 1230 4552 ὕδωρ
1280 4481 1479 4552 ψῦχον,
1528 4477 1615 4532 καὶ
1667 4478 1734 4532 τὰ
1782 4478 1901 4550 ἑξῆς

249 4573 478 4644 ὁμοίως’
517 4565 839 4629 ἇλικοειδῶς
863 4570 908 4603 ⁸⁴
950 4565 1027 4637 δὲ,
1079 4568 1203 4620 ὅταν
1260 4561 1633 4639 μεταϐατικῶς
1683 4565 1898 4639 ἆνεργῇ,

250 3846 280 3911 ἢ
308 3842 605 3909 κυκλικῶς,

2008 3366 2155 3437 Ergo
2187 3363 2386 3418 anima
2416 3363 2769 3419 commistim
2804 3369 2860 3419 et
2905 3369 3293 3424 transcursim
3353 3378 3651 3443 operatur,

2010 3456 2185 3510 etiam
2220 3454 2457 3525 quando
2490 3452 2962 3510 intellectualiter
2992 3456 3302 3531 intelligit:
3328 3462 3435 3516 hoc
3468 3463 3654 3534 siqui-

2010 3545 2142 3598 dem
2174 3542 2383 3597 anima:
2407 3542 2975 3615 proprium,quando
2997 3551 3158 3602 extra
3188 3564 3245 3603 se
3277 3550 3347 3604 ad
3382 3551 3661 3609 sublimia

2011 3633 2305 3688 elevatur:
2340 3648 2408 3686 ex
2437 3629 2646 3686 alienis
2678 3632 2836 3687 enim
2869 3635 3154 3690 ascendit.

2383 3748 2606 3803 Anima;
2640 3748 2955 3806 rationales
2989 3758 3296 3809 moventur

2010 3838 2116 3893 Aut
2138 3837 2195 3892 in
2219 3839 2424 3907 orbem,
2714 3844 2810 3895 aut
2830 3839 3065 3912 oblique,
3356 3852 3453 3903 aut
3484 3856 3655 3905 recta.

2083 3947 2287 4001 Horum
2318 3945 2513 4015 igitur,
2572 3945 2653 4000 uti
2707 3956 2761 4001 et
2814 3948 3125 4004 sensilium.
3188 3953 3451 4022 Adverte,
3501 3957 3656 4026 quod

2010 4035 2189 4090 etiam
2205 4035 2361 4090 dicat
2377 4040 2496 4089 tres
2509 4050 2637 4088 esse
2650 4036 2957 4090 sensilium
2973 4040 3659 4113 motiones,circularem,

2011 4123 2313 4193 obliquam
2336 4126 2394 4176 et
2414 4128 2630 4176 rectam
2654 4140 2675 4175 .·
2691 4124 3115 4191 persuademur
3134 4134 3327 4182 autem
3352 4145 3421 4185 ex
3442 4131 3515 4186 iis
3529 4149 3661 4202 quae

2011 4213 2082 4266 de
2110 4214 2309 4266 anima
2329 4211 2485 4265 dicta
2508 4211 3029 4283 sunt,intelligere,
3054 4214 3398 4272 circularem
3422 4221 3661 4289 quidem

2011 4302 2407 4372 eam,quando
2430 4300 2671 4354 sensilia
2684 4302 3013 4357 secundum
3037 4306 3303 4373 prOprias
3336 4308 3582 4365 virtutes
3601 4318 3660 4367 et

2011 4390 2330 4460 qualitates
2355 4394 2695 4459 operantur,
2731 4395 2793 4443 ut
2824 4390 2977 4461 ignis
3000 4390 3368 4463 calefaciens,
3401 4401 3458 4450 et
3505 4414 3660 4467 aqua

2011 4479 2384 4549 refrigerans,
2436 4476 2668 4547 aliaque
2725 4477 2996 4534 similiter
3055 4498 3070 4549 ;
3129 4480 3366 4553 oblique
3436 4491 3657 4557 autem,

2010 4563 2247 4633 quando
2314 4564 2771 4617 transcurrendo
2829 4569 3169 4635 operantur,
3229 4573 3296 4623 ut
3348 4569 3539 4640 pisces
3590 4588 3661 4628 ex

252 4662 358 4715 οἷον
416 4658 468 4732 ἐξ
528 4655 737 4713 ὑδάτων
786 4655 995 4731 ἰχθύες,
1055 4654 1144 4710 καί
1187 4655 1423 4721 πετεινὰ,
1482 4654 1572 4708 καὶ
1620 4656 1653 4723 ἡ
1708 4650 1895 4729 ῥάϐδος

2016 4653 2204 4723 aquis,
2237 4661 2291 4707 et
2319 4654 2610 4719 volucres,
2671 4659 2849 4725 atque
2898 4656 3060 4727 virga
3088 4659 3300 4727 Moysis
3331 4660 3388 4716 in
3416 4678 3658 4733 serpen-

252 4746 524 4808 Μωΰσὲως
560 4746 635 4806 εἰς
686 4740 832 4822 ὅφιν,
882 4743 971 4797 καὶ
1001 4745 1067 4797 τὰ
1095 4746 1335 4796 νοιαῦτα·
1389 4743 1506 4795 κατ’
1558 4740 1763 4795 εὐθεῖαν
1824 4738 1903 4812 δὲ,

252 4835 367 4891 ὅταν
414 4837 570 4898 αὖθις
602 4836 679 4895 εἰς
708 4834 803 4895 τὰς
837 4832 1039 4892 οἰκείας
1071 4832 1246 4906 ἀρχὰς
1276 4830 1566 4904 ἀνατρεχῃ,
1600 4832 1715 4883 οἷον
1774 4830 1899 4883 ὅταν

257 4926 383 4997 μετὰ
413 4922 662 4979 διάλυσιν
693 4927 799 4976 τῶν
829 4921 1136 4995 γινομένων
1156 4919 1319 4974 πάλιν
1354 4920 1428 4979 εἱς
1457 4919 1524 4972 τὰ
1566 4924 1814 4993 στοιχεῖα
1836 4917 1903 4973 τὰ

257 5016 582 5091 φθειρόμενα
612 5009 937 5080 ἀναλύηται.

319 5105 416 5157 Καὶ
474 5103 688 5170 κίνησιν
722 5122 733 5134 ·
790 5099 1018 5169 Κίνησιν
1074 5095 1134 5153 ἂν
1189 5118 1271 5159 τις
1344 5095 1647 5170 προαχθείη
1706 5098 1899 5164 νοῆσαι

254 5196 353 5246 τῶν
381 5193 654 5259 αἰσθητῶν
686 5189 784 5257 τὴν
820 5186 1118 5243 ἀλλοίωσιν
1160 5184 1253 5241 καὶ
1306 5186 1406 5253 τὴν
1451 5183 1675 5261 φθοράν·
1728 5183 1777 5253 ἐξ
1837 5182 1898 5237 οὗ

256 5280 410 5356 γὰρὴ
443 5280 651 5345 στάσις,
686 5276 895 5333 τούτων
947 5275 1200 5349 σημαίνει
1247 5276 1346 5344 τὴν
1393 5274 1626 5348 γένεσιν,
1684 5269 1897 5348 πρόδη-

2013 4745 2154 4807 tem,
2186 4758 2251 4796 ac
2283 4742 2501 4797 similia
2536 4767 2550 4809 ;
2583 4748 2739 4798 recta
2768 4748 3166 4817 vero,quando
3197 4765 3403 4805 rursus
3436 4752 3506 4805 ad
3532 4768 3664 4821 pro-

2013 4832 2140 4903 pria
2170 4830 2319 4885 redit
2348 4830 2656 4902 principia,
2694 4836 2757 4886 ut
2784 4849 2970 4903 quum
3010 4851 3137 4905 quae
3169 4844 3656 4911 corrumpuntur,

2012 4928 2139 4991 post
2162 4919 2610 4975 dissolutionem
2643 4937 2762 4975 suae
2794 4924 3253 5000 naturaadterpm
3283 4926 3343 4981 in
3370 4925 3657 4986 elementa

2011 5007 2406 5063 resolvuntur.

2079 5097 2151 5151 Ac
2177 5101 2400 5151 motum.
2427 5097 2649 5153 Motum
2681 5099 2993 5155 crediderit
3022 5101 3156 5170 quis
3182 5117 3312 5157 esse
3342 5102 3654 5161 sensilium

2009 5184 2417 5241 alterationem
2446 5190 2504 5241 et
2525 5188 2958 5259 corruptionem
2986 5206 2999 5243 :
3026 5206 3094 5244 ex
3124 5207 3240 5261 quo
3273 5192 3431 5247 enim
3464 5198 3656 5250 status

2008 5274 2302 5347 signiﬁcat
2363 5276 2573 5332 borum
2632 5278 3066 5349 generationem
3126 5280 3507 5337 manifestum
3568 5285 3660 5340 est

1258 5507 1503 5567 VARLE
1541 5504 1932 5565 LECTIONES
1970 5506 2060 5563 ET
2099 5506 2660 5567 CORRECTIONES.

329 5721 371 5758 ⁸1
400 5716 707 5796 γινομενας.
782 5715 829 5755 ⁸9
858 5714 923 5775 Ἦ
952 5718 1058 5771 τῶν
1092 5710 1250 5770 θείων
1284 5713 1423 5770 νοῶν
1452 5710 1693 5782 κίνησις.
1769 5712 1816 5749 ⁸⁸
1847 5701 2211 5780 ὑποϐεϐηκός.
2286 5711 2332 5747 ⁶⁴
2361 5704 2659 5781 ἑλικοειδῆ.
