4080 6366
464 425 571 479 259

1282 423 1646 475 APPENDIX
1691 424 1785 473 AD
1824 419 2063 475 OPERA
2100 421 2157 472 S.
2203 418 2516 474 DIONYSII
2554 420 3055 477 AREOPAGITE.

3749 432 3843 487 260

469 548 621 620 quod
656 548 851 601 motus
882 543 1242 601 contrarium
1274 543 1542 598 ostendat
1575 560 1586 598 :
1623 546 1760 597 nota
1808 540 1988 613 igitur
2017 556 2094 611 ea1

2224 536 2318 592 λον
2352 538 2425 600 ὡς
2458 541 2491 608 ἡ
2526 539 2737 611 κίνησις
2768 542 2829 596 τὸ
2861 540 3094 597 ἐναντίον
3130 540 3397 619 ἐμφαίνει·
3425 544 3715 616 σημείωσαι
3740 549 3839 627 οὖν,

468 653 598 709 qua;
628 635 955 691 alterantur
1010 637 1067 689 et
1113 636 1591 705 corrumpuntur,
1641 649 1709 687 ex
1769 631 1916 703 ipso,
1961 632 2017 685 et
2049 630 2110 685 in

466 727 615 798 ipso,
648 742 713 779 ac
745 724 805 779 in
837 725 1032 795 ipsum
1066 722 1377 794 respicere.

543 814 692 871 186
722 816 956 886 Propter
1001 811 1145 885 quod
1192 814 1359 867 status
1417 811 1613 867 omnis.
1648 810 1893 881 Propter
1950 809 2108 880 quod

464 908 557 960 est
587 905 806 960 bonum
840 906 897 958 et
928 902 1262 974 pulchrum.

539 994 706 1050 Omne
727 1009 923 1061 unum,
962 1001 1012 1049 et
1067 991 1382 1046 multitudo.
1417 990 1718 1055 Quomodo
1751 987 2111 1059 intelligetur

467 1098 639 1138 omne
672 1098 855 1137 unum
888 1085 943 1137 et
974 1080 1287 1137 multitudo
1308 1080 1335 1133 ?
1358 1080 1631 1151 Suppone
1663 1078 1953 1133 mundum
1984 1077 2109 1133 uni-

464 1188 698 1251 versum
736 1188 1010 1243 magnam
1038 1187 1166 1226 esse
1198 1170 1622 1239 arborem,qu33
1656 1168 1713 1222 in
1748 1167 1867 1223 suis
1886 1167 2109 1223 anima-

467 1262 542 1318 tis
566 1263 834 1334 partibus
888 1260 1070 1317 veluti
1129 1260 1416 1331 stirpibus
1465 1265 1521 1314 et
1552 1258 1918 1325 caudicibus,
1952 1275 2016 1315 ao
2048 1258 2107 1315 in

454 1352 711 1422 partium
744 1350 1010 1422 partibus
1041 1349 1217 1405 veluti
1251 1349 1455 1416 ramis,
1478 1347 1839 1403 ramusculis
1863 1352 1919 1403 et
1951 1348 2106 1404 foliis

452 1440 649 1510 aliquo
684 1441 854 1495 modo
888 1440 1036 1495 vivat
1066 1438 1140 1510 (si
1174 1438 1331 1494 enim
1383 1438 1852 1508 unumquodque
1894 1436 2104 1492 borum

447 1531 735 1599 tanquam
767 1529 825 1583 in
857 1545 919 1583 se
958 1528 1285 1599 perfectum
1342 1526 1562 1581 animal
1624 1526 1905 1597 reputari,
1947 1526 2104 1597 quod

445 1617 774 1673 unitionem
806 1634 876 1672 ac
904 1616 1197 1682 ordinem,
1221 1617 1550 1673 secundum
1576 1631 1750 1685 quem
1783 1616 1955 1671 arbor
1977 1615 2104 1687 ipsa

443 1706 505 1761 in
538 1722 600 1761 se
633 1710 687 1762 et
718 1723 851 1761 cum
887 1705 1013 1762 suis
1037 1706 1306 1777 partibus
1341 1705 1576 1772 vivit,in
1612 1709 1732 1760 toto
1758 1710 1948 1760 servet
1978 1725 1995 1773 ;
2021 1705 2104 1761 ita

439 1795 661 1863 vivunt,
696 1812 822 1867 quae
878 1794 1217 1866 intelligunt
1248 1792 1727 1849 intellectualiter
1756 1797 1813 1848 et
1843 1794 2100 1849 rationa-

2222 626 2306 679 ὅτι
2330 629 2419 681 καὶ
2440 630 2485 665 ⁸³
2514 629 2579 683 τὰ
2611 628 3001 703 ἀλλοιούμενα,
3029 630 3119 685 καὶ
3139 630 3207 684 τὰ
3228 631 3574 709 φθειρόμενα,
3595 628 3643 707 ἐξ
3674 626 3839 712 αὐτοῦ,

2218 716 2307 769 καὶ
2341 714 2410 769 δι’
2442 719 2630 791 αὐτοῦ,
2662 719 2751 773 καὶ
2781 718 2858 781 εἷς
2890 718 3047 774 αὐτὸν
3078 720 3195 795 ὁρᾷ.

2292 806 2370 859 Δι’
2410 806 2438 860 ὃ
2494 812 2636 861 πᾶσα
2686 810 2908 871 στάσις·
2966 809 3045 862 Δι’
3097 809 3125 863 ὃ
3184 809 3377 883 ἀγαθὸν
3429 811 3517 865 καὶ
3558 810 3714 869 καλὸν
3763 814 3842 889 δη-

2221 893 2429 952 λονότι.

2296 986 2401 1039 Ηᾶν
2458 980 2514 1038 ἓν
2569 984 2661 1039 καὶ
2716 984 2953 1055 πλῆθος.
3016 992 3139 1049 Πῶς
3196 988 3519 1058 νοηθήσεται
3562 990 3622 1044 τὸ
3675 997 3767 1046 πᾶν
3795 992 3841 1050 ’ἐν

2219 1072 2307 1127 καὶ
2339 1070 2588 1143 πλῆθος;
2629 1075 2830 1138 ὑπόθου
2888 1076 2980 1129 τὸν
3039 1075 3214 1129 πάντα
3274 1077 3477 1150 κόσμον
3513 1080 3672 1156 φυτὸν
3705 1082 3843 1156 μέγα,

2218 1164 2333 1217 καθ’
2393 1162 2495 1218 ὅλα
2526 1163 2590 1217 τὰ
2635 1164 2773 1238 μέρη
2810 1162 2972 1218 αὐτοῦ
3002 1163 3068 1218 τὰ
3107 1161 3330 1239 ἔμψυχα
3366 1170 3470 1234 ζῶν
3501 1168 3694 1243 τρόπον
3719 1172 3845 1243 τινὰ,

2219 1255 2333 1306 οἷον
2368 1252 2580 1328 πρέμνα
2627 1253 2716 1307 καὶ
2766 1252 3027 1329 στελέχη,
3076 1253 3165 1307 καὶ
3210 1258 3318 1309 τῶν
3372 1260 3550 1327 μερῶν
3601 1258 3664 1312 τὰ
3701 1257 3844 1335 μέρη,

2217 1342 2329 1395 οἷον
2380 1339 2635 1410 κλάδους,
2665 1341 2966 1416 ἀκρέμονάς
2998 1362 3056 1397 τε
3104 1342 3195 1396 καὶ
3254 1341 3437 1421 φύλλα
3484 1344 3550 1414 (εἰ
3608 1348 3707 1422 γάρ
3763 1371 3845 1421 μοι

2212 1429 2419 1486 τούτων
2451 1430 2675 1485 ἕκαστον
2707 1434 2820 1485 οἷον
2857 1431 3139 1492 αὐτοτελὲς
3160 1436 3295 1501 ζῶον
3318 1429 3638 1499 ὑπολάϐοις,
3662 1442 3845 1510 τηροῦν

2216 1517 2272 1573 δὲ
2316 1521 2414 1588 τὴν
2448 1520 2498 1574 ἐν
2529 1524 2607 1592 τῷ
2638 1518 2754 1593 ὅλῳ
2800 1517 2993 1575 ἕνωσίν
3025 1541 3082 1575 τε
3125 1521 3214 1575 καὶ
3273 1521 3445 1593 τάξιν,
3497 1525 3613 1587 καθ’
3642 1526 3699 1593 ἣν
3730 1526 3845 1581 αὐτό

2214 1606 2270 1663 δε
2320 1610 2382 1664 τὸ
2415 1607 2632 1685 δένδρον
2670 1613 2734 1684 ζῇ
2794 1612 2913 1674 καθ’
2971 1611 3150 1681 ἑαυτὸ,
3200 1610 3290 1666 καὶ
3352 1611 3487 1685 μετά
3543 1617 3645 1667 τῶν
3701 1614 3847 1670 αὐτοῦ

2215 1703 2416 1773 μερῶν·
2483 1699 2557 1761 ὡς
2617 1696 2726 1753 ἔστι
2762 1701 2874 1771 ζῇν,
2928 1698 2993 1753 τὶ
3048 1700 3141 1772 μὶν
3192 1701 3355 1775 νοερὰ
3409 1706 3610 1776 νοερῶς
3663 1724 3718 1758 τι
3768 1705 3846 1759 καὶ

2211 1785 2474 1862 λογικῶς,
2522 1788 2592 1843 τά
2636 1786 2692 1843 δὲ
2739 1786 2909 1865 ἄλογα
2962 1788 3317 1859 αἰσθητικῶς,
3348 1789 3416 1845 τὰ
3448 1788 3505 1845 δὲ
3536 1792 3714 1867 ἄψυχα
3766 1796 3847 1848 καὶ

438 1881 636 1939 biliter
667 1882 786 1938 sive
841 1899 975 1937 cum
1037 1880 1509 1948 ratiocinatione,
1537 1881 1709 1936 bruta
1738 1897 1874 1937 vero
1905 1883 2093 1937 sensi-

2213 1878 2382 1931 ἆπνοα
2432 1882 2669 1953 φυτικῶς
2716 1899 2775 1932 τε
2817 1878 2907 1932 καὶ
2952 1876 3227 1952 ἑκτικῶς),
3259 1879 3347 1933 καὶ
3382 1884 3492 1949 ζῶν
3534 1882 3651 1943 καθ’
3680 1880 3845 1954 ἑαυτὸ,

436 1969 589 2039 liter,
623 1971 886 2027 inanima
915 1974 1109 2025 autem
1142 1974 1200 2024 et
1230 1969 1474 2040 spiritus
1508 1970 1783 2039 expertia,
1812 1969 2091 2025 naturali-

436 2063 526 2114 ter
556 2076 622 2114 ac
644 2058 1067 2128 habitualiter),
1112 2063 1286 2130 atque
1345 2059 1403 2113 in
1438 2076 1498 2113 se
1525 2059 1740 2126 vivens,
1775 2058 1929 2113 sicut
1976 2058 2089 2113 dixi

442 2148 907 2218 unumquodque
940 2147 1150 2212 vivere,
1183 2152 1239 2202 et
1268 2164 1402 2201 cum
1428 2151 1545 2203 toto
1571 2153 1765 2219 partes
1792 2147 2086 2203 universa-

442 2235 946 2307 lium,cognosces
976 2236 1238 2290 totiusin
1272 2252 1387 2290 uno
1445 2252 1788 2307 compagem
1838 2242 1895 2291 et
1953 2254 2087 2292 con-

439 2323 683 2393 victum,
717 2325 975 2394 itemque
1006 2324 1063 2378 in
1099 2323 1501 2395 multitudine,
1517 2324 1765 2395 singulis
1794 2330 1930 2395 apta
1952 2341 2090 2397 pro-

437 2410 684 2483 priaque
713 2412 830 2466 vita
852 2412 1277 2481 viventibus,ut
1300 2412 1738 2467 diximus.lteru
1752 2428 1927 2484 mque
1952 2414 1998 2468 si
2021 2430 2089 2469 ex

438 2517 554 2555 uno
586 2505 645 2555 et
675 2499 801 2556 solo
834 2500 949 2555 Deo
982 2505 1122 2555 sunt
1152 2501 1373 2565 omnia,
1407 2502 1613 2556 merito
1673 2502 1850 2557 etiam
1902 2519 2087 2557 unum

434 2590 712 2645 dicuntur
742 2594 976 2661 propter
1001 2589 1430 2662 colligationem
1463 2596 1519 2645 et
1541 2596 2088 2663 compagem,atque

437 2678 627 2734 multa
657 2683 895 2750 propter
926 2678 1149 2734 variam
1174 2678 1543 2751 singulorum
1577 2679 1855 2750 speciem.

508 2766 917 2837 Deﬁnitionem,
952 2766 1048 2821 Gr.
1111 2765 1161 2818 οἱ
1194 2763 1332 2839 ὅροι.
1366 2766 1524 2838 Ὅροι
1579 2782 1684 2820 seu
1720 2767 2087 2823 definitiones

443 2859 583 2912 sunt
614 2871 912 2910 sermones
936 2855 1035 2926 qui
1069 2854 1437 2925 singularum
1462 2871 1654 2910 rerum
1690 2860 1959 2910 naturam
1990 2872 2086 2911 ex-

440 2944 681 3016 plicant,
697 2948 873 3013 atque
904 2959 1089 3014 genus
1120 2949 1175 2997 et
1206 2942 1595 2998 differentiam
1628 2948 1685 2999 et
1710 2944 1966 3015 speciem
1988 2945 2088 3001 de-

441 3031 687 3087 clarant.

514 3120 865 3193 Principium
922 3121 1256 3191 exemplare.
1319 3120 1686 3191 Exemplaris
1747 3138 1925 3176 causa
1983 3138 2082 3177 seu

444 3202 799 3281 principium
832 3213 921 3264 est
951 3209 1313 3279 illud,cujus
1362 3209 1576 3264 intuitu
1639 3210 1860 3282 aliquid
1911 3210 1978 3277 (ei
2011 3211 2087 3266 si-

2205 1966 2279 2029 ὡς
2326 1965 2457 2040 ἔφην
2516 1964 2740 2020 ἕκαστον
2773 1970 2867 2040 ζῇν
2920 1965 3009 2021 καί
3060 1967 3195 2040 μετὰ
3240 1972 3337 2023 τοῦ
3382 1968 3518 2024 ὅλου
3566 1975 3844 2040 κινητικῶς

2198 2056 2263 2109 τὰ
2320 2066 2455 2129 μέρη
2494 2056 2627 2127 μετά
2655 2060 2761 2109 τῶν
2806 2056 3140 2128 καθολικῶν,
3188 2056 3370 2132 γνώσῃ
3398 2062 3496 2112 τοῦ
3525 2060 3724 2121 παντὸς
3752 2060 3841 2128 τήν

2200 2144 2274 2206 εἷς
2332 2146 2392 2199 τὸ
2439 2143 2493 2199 ἓν
2527 2144 2796 2221 συμφυΐαν
2842 2167 2901 2200 τι
2952 2147 3041 2200 καὶ
3076 2147 3319 2216 σύζησιν,
3368 2148 3462 2201 καὶ
3506 2149 3603 2217 τήν
3661 2147 3736 2210 εἷς
3783 2148 3839 2203 τὸ

2198 2232 2436 2302 πλῆθος,
2468 2232 2541 2295 ὠς
2576 2233 2799 2289 ἑκάστου
2828 2234 3155 2310 προσφόρως
3185 2256 3243 2289 τε
3292 2236 3377 2289 καὶ
3416 2233 3572 2298 ἰδίως
3630 2242 3839 2305 ζῶντος,

2199 2321 2273 2385 ὠς
2323 2317 2547 2395 ἔφημεν.
2609 2322 2707 2376 Καὶ
2764 2321 2932 2377 πάλιν
2983 2324 3028 2377 εἱ
3079 2322 3127 2395 ἐξ
3183 2324 3301 2385 ἑνὸς
3348 2324 3440 2378 καὶ
3495 2326 3663 2396 μόνου
3718 2327 3839 2379 Θεοῦ

2198 2411 2262 2463 τὰ
2311 2408 2503 2479 πάντα,
2537 2411 2761 2473 ιὶκότως
2789 2412 2878 2465 καὶ
2928 2408 2983 2466 ἓν
3030 2409 3284 2487 λέγονται
3317 2410 3406 2467 διὰ
3456 2416 3555 2482 την
3607 2411 3833 2468 σύνδεσιν

2196 2500 2283 2554 καὶ
2318 2500 2697 2573 ἀρμονίαν,καὶ
2725 2500 2935 2570 πλῆθος
2970 2498 3058 2555 διὰ
3088 2502 3186 2570 τήν
3218 2500 3565 2557 πολυείὸειαν
3596 2507 3703 2557 τῶν
3731 2502 3837 2565 καθ’

2198 2586 2446 2647 ἕκαστον.

2268 2766 2329 2817 Οἱ
2361 2764 2500 2839 ὅροι.
2533 2769 2692 2840 "Ope:
2724 2766 2856 2821 εἰσὶν
2887 2768 2939 2821 οἱ
2970 2765 3353 2842 ἐρμηνευτικοὶ
3384 2766 3543 2845 λόγοι
3599 2775 3697 2837 τῆς
3755 2768 3841 2822 06-

2199 2854 2315 2918 σίας
2345 2854 2567 2910 ἑκάστου
2599 2861 2705 2910 τῶν
2736 2856 3090 2931 πραγμάτιον,
3122 2858 3213 2912 καὶ
3251 2862 3349 2912 τοῦ
3386 2859 3602 2934 γένους,
3634 2858 3719 2912 καὶ
3747 2864 3837 2925 τῆς

2199 2942 2482 3018 διαφορᾶς,
2516 2944 2605 2999 καὶ
2633 2944 2695 2999 τὸ
2724 2944 2777 3000 τί
2808 2943 2918 2999 ἐστι
2953 2942 3271 3016 δηλοῦντας.

2268 3126 2444 3200 Ἀρχὴ
2503 3122 2980 3200 παραδειγματική
3020 3168 3032 3181 .
3088 3122 3598 3200 Παραδειγματικὸν
3657 3122 3843 3193 αἶ’τιον,

2202 3211 2324 3283 ἤτοι
2386 3216 2531 3289 ἀρχή
2590 3213 2701 3268 ἐστι
2758 3217 2856 3268 τοῦ
2916 3213 3051 3286 πρὸς
3110 3214 3139 3267 ’ὀ
3192 3213 3395 3288 γίνεται
3457 3214 3519 3267 τὸ
3548 3211 3842 3289 γινόμενον·

442 3298 600 3370 mile)
633 3299 841 3353 fit.Hoc
868 3303 1062 3354 autem
1096 3302 1183 3353 est
1216 3302 1315 3351 aut
1346 3298 1477 3353 idea
1508 3315 1631 3368 quae
1654 3304 1743 3353 est
1774 3299 2088 3356 intellectio

2213 3309 2360 3359 τοῦτο
2420 3301 2476 3358 δέ
2535 3303 2674 3357 ἐστιν
2732 3303 2766 3371 ἦ
2830 3300 2965 3369 ἰδέα,
2997 3304 3118 3371 ἣτις
3170 3301 3279 3356 ἐστὶ
3310 3302 3506 3372 νόησις
3537 3299 3847 3369 αὐτοτελὴς,

441 3390 716 3460 perfecta,
749 3393 963 3444 mterna
983 3388 1182 3443 aeterni
1205 3388 1329 3455 Dei,
1364 3393 1465 3443 aut
1494 3389 1791 3461 exemplar
1811 3394 2092 3446 aeternum

449 3478 805 3533 inexsistens
829 3477 1249 3546 naturae,cujus
1278 3482 1545 3549 respectu
1583 3495 1675 3533 res
1697 3484 1837 3534 sunt
1863 3498 1876 3548 ;
1904 3479 2093 3536 incor-

450 3583 633 3637 poreas
665 3567 879 3621 etenim
911 3570 1051 3622 sunt
1079 3566 1218 3620 idea:
1268 3570 1324 3621 et
1354 3565 1726 3637 exemplaria,
1762 3567 1955 3623 {inalis
1986 3588 2093 3624 au-

449 3660 566 3709 tem
600 3671 777 3709 causa
803 3671 901 3708 seu
938 3653 1291 3724 principium
1334 3658 1423 3708 est
1454 3655 1623 3723 cujus
1652 3656 1841 3725 gratia
1870 3657 2087 3728 aliquid

445 3742 859 3813 perﬁcitur,vel
893 3741 1084 3797 ﬁnalis
1116 3758 1294 3797 causa
1324 3746 1413 3797 est
1434 3759 1558 3813 quae
1592 3744 1662 3797 ab
1695 3744 1901 3798 effectu
1924 3762 2090 3815 sepa-

445 3830 562 3886 rari
588 3832 809 3902 nequit,
844 3835 945 3885 aut
997 3848 1065 3885 ex
1122 3848 1239 3901 qua
1295 3830 1613 3886 exsistente
1645 3832 1867 3903 aliquid
1912 3835 1996 3901 ﬁt,
2029 3838 2094 3889 ut

443 3920 850 3977 universorum
886 3920 1147 3976 materia.
1182 3921 1337 3976 Deus
1359 3936 1495 3976 vero
1557 3921 1706 3977 banc
1745 3922 1922 3977 etiam
1957 3940 2089 3993 pro-

445 4012 649 4082 duxit;
673 4012 932 4067 efﬁciens
955 4018 1146 4068 autem
1179 4029 1359 4069 causa
1388 4019 1478 4068 est
1508 4030 1634 4085 quae
1668 4015 1739 4068 ab
1770 4015 1976 4069 effectu
2001 4031 2090 4070 se-

442 4104 648 4173 parata
676 4107 783 4171 est,
818 4106 883 4157 ut
917 4104 1063 4158 Deus
1098 4106 1153 4158 et
1178 4103 1365 4159 omnis
1396 4121 1430 4159 a
1459 4120 1573 4174 quo
1604 4102 1827 4173 aliquid
1862 4104 1945 4159 fit.

512 4283 579 4337 Et
634 4281 825 4337 omnia
871 4296 997 4353 quae
1054 4298 1164 4337 non
1221 4287 1366 4337 sunt.
1430 4282 1730 4345 Quomodo
1790 4297 1914 4351 quae
1976 4298 2089 4337 non

439 4376 583 4426 sunt
614 4371 733 4427 sint
762 4370 821 4426 in
854 4372 1027 4440 bono,
1061 4370 1139 4426 ita
1170 4371 1432 4441 intelligo
1460 4387 1471 4424 :
1500 4370 1781 4423 nimirum
1807 4371 1941 4439 quia
1969 4372 2091 4442 pri-

435 4459 699 4514 vationes
714 4463 853 4514 sunt
881 4460 938 4513 in
973 4459 1100 4528 ipso
1132 4457 1652 4529 superessentiales
1686 4477 1699 4525 ;
1728 4460 2089 4528 nequeenim

436 4547 823 4616 privationem
848 4546 1094 4601 dixerim
1153 4562 1284 4602 esse
1314 4546 1729 4612 substantiam,
1777 4545 1935 4600 velut
1964 4548 2090 4603 sine

2202 3391 2378 3455 ἀΐδιος
2404 3397 2499 3447 τοῦ
2533 3390 2709 3447 ἀϊδίου
2742 3396 2894 3446 Θεοῦ·
2929 3392 2962 3460 ἥ
2997 3388 3341 3467 παράδειγμα
3374 3393 3602 3447 αἰώνιον
3636 3389 3845 3451 ἐνεστὼς

2200 3486 2268 3556 τῇ
2322 3481 2495 3559 φύσει,
2554 3482 2689 3555 πρὸς
2748 3481 2776 3534 ὃ
2828 3482 3034 3555 γίνεται
3092 3481 3159 3534 τὰ
3214 3480 3517 3555 γινόμενα·
3579 3480 3846 3551 ἀσώματοι

2201 3573 2305 3646 γὰρ
2360 3572 2413 3624 αἱ
2465 3568 2598 3624 ὶδέαι
2648 3569 2736 3623 καὶ
2784 3570 2852 3623 τὰ
2894 3566 3327 3644 παραδείγματα·
3377 3569 3601 3625 τελικὸν
3658 3566 3713 3622 δὲ
3768 3562 3847 3621 αἶ’-

2199 3683 2336 3731 τιον,
2386 3658 2510 3727 ⁸ἤτοι
2544 3659 2689 3733 ἀρχή
2724 3656 2883 3729 ἐστιν,
2940 3658 3096 3737 τὸ,οὗ
3152 3652 3305 3713 ἕνεκα
3358 3659 3426 3714 τὸ
3470 3660 3753 3733 γινόμενον
3775 3675 3849 3709 τι-

2202 3750 2464 3804 λειοῦται·
2523 3749 2556 3816 ἢ
2596 3744 2809 3801 τελικὸν
2852 3743 3021 3801 α’ίτιόν
3074 3744 3238 3814 ἐστιν,
3292 3747 3321 3801 ὃ
3370 3747 3688 3822 ἀχώριστόν
3747 3743 3847 3799 ἐστι

2199 3843 2293 3892 τοῦ
2323 3836 2787 3908 ἀποτελέσματος·
2821 3836 2854 3903 ἢ
2884 3833 2935 3905 ἐξ
2982 3831 3043 3888 οῦ
3097 3833 3507 3910 ἐνυπάρχοντος
3564 3835 3762 3910 γίνεται
3791 3832 3847 3886 τὸ

2200 3925 2510 4000 γινόμενον,
2557 3922 2629 3985 ὠς
2661 3926 2695 3992 ἡ
2726 3928 2833 3977 τῶν
2868 3922 3012 3978 ὅλων
3047 3923 3175 3993 ὕλη·
3224 3924 3252 3977 6
3287 3922 3343 3978 δὲ
3374 3926 3510 3985 Θεὸς
3539 3924 3629 3978 καὶ
3658 3922 3846 3990 ταύτην

2198 4017 2497 4087 παρήγαγε·
2548 4013 2833 4082 ποιητικὸν
2868 4009 2924 4066 δὲ
2949 4010 3120 4066 α’ίτιόν
3168 4011 3276 4066 ἰστι
3335 4013 3400 4066 τὸ
3445 4012 3848 4088 κεχωρισμένον

2198 4108 2294 4157 τοῦ
2327 4100 2785 4171 ἀποτελέσματος,
2819 4101 2893 4162 ὠς
2925 4103 2951 4154 ὁ
2982 4100 3131 4169 Θεὸς,
3174 4101 3264 4155 καὶ
3307 4106 3416 4164 πᾶς
3452 4103 3538 4180 ὑφ’
3572 4099 3634 4155 οῦ
3662 4101 3851 4176 γίνεται

2197 4193 2260 4244 τὸ
2288 4189 2596 4265 γινόμενον.

2272 4278 2373 4335 Καὶ
2432 4278 2603 4332 πάντα
2651 4277 2717 4331 τὰ
2776 4279 2878 4332 οὐκ
2935 4274 3083 4335 ὅντα.
3142 4283 3263 4340 Πῶς
3292 4280 3359 4331 τὰ
3423 4281 3500 4350 μὴ
3537 4274 3671 4332 ὄντα
3702 4276 3750 4330 ἦν
3781 4278 3854 4345 τῷ

2202 4370 2382 4442 ἀγαθῷ
2442 4365 2583 4420 οὕτω
2628 4366 2846 4436 νόησον·
2904 4364 3091 4436 ἰπειδη
3153 4368 3207 4421 αἱ
3267 4370 3553 4440 περήσεις
3610 4366 3663 4421 ἐν
3717 4365 3858 4435 αὐτῷ

2202 4459 2331 4511 εἶσιν
2387 4454 2742 4529 ὑπιρουσίως·
2797 4452 2920 4509 οὔτε
2964 4455 3063 4529 γὰρ
3116 4456 3175 4509 ἂν
3240 4454 3477 4528 ε⁹ίποιμι
3525 4455 3707 4510 οὐσίαν
3765 4453 3857 4519 τήν

2201 4548 2475 4617 στέρησιν,
2530 4546 2642 4598 οἷον
2690 4543 2954 4619 ἄναρχος,
2986 4541 3278 4621 ἄφθαρτος,
3330 4545 3598 4607 ἀθάνατος
3647 4542 3735 4598 καὶ
3768 4540 3861 4596 ὅσα

438 4635 756 4707 principio,
777 4634 1265 4705 incorruptibilis,
1300 4634 1655 4689 immortalis
1676 4640 1733 4689 et
1767 4652 1897 4706 quas
1924 4637 2086 4706 ejus-

2213 4635 2423 4689 τοιαῦτά
2453 4632 2583 4687 ἐστι·
2642 4634 2732 4686 καὶ
2779 4633 2880 4707 γὰρ
2926 4632 3023 4686 οὐκ
3073 4630 3181 4686 ἔστι
3225 4636 3395 4688 ταῦτα
3454 4634 3482 4687 6
3538 4632 3691 4703 Θεὸς,
3748 4629 3860 4684 ἐπεὶ

442 4724 601 4778 modi
631 4742 644 4792 ;
679 4739 869 4795 neque
900 4724 1054 4777 enim
1088 4730 1244 4778 Deus
1274 4728 1364 4779 est
1394 4724 1547 4777 idem
1581 4739 1713 4778 cum
1744 4723 2091 4795 illis,quan-

440 4813 758 4883 «loquidem
793 4816 929 4867 ante
960 4828 1027 4867 ea
1057 4812 1337 4880 exsistat;
1373 4829 1438 4867 ex
1460 4812 1587 4883 ipso
1610 4813 1764 4867 enim
1790 4814 2090 4884 cognitum

439 4906 529 4957 est
561 4902 699 4973 quid
737 4901 860 4956 haec
890 4906 1065 4969 sunt;
1129 4902 1400 4971 equidem
1461 4917 1650 4971 neque
1698 4902 1837 4972 quid
1872 4919 1985 4957 non
2017 4906 2095 4958 sit

438 4995 590 5045 Deus
623 4991 774 5045 187
812 4990 1140 5057 noscimus,
1180 4989 1267 5044 vel
1329 4991 1621 5061 quomodo
1672 4990 2004 5056 ineffabilia,
2039 4995 2095 5046 et

438 5079 1100 5150 incomprehensibilis;
1136 5095 1251 5133 non
1288 5079 1443 5134 enim
1465 5079 1585 5132 haec
1617 5084 1758 5134 sunt
1786 5080 2093 5150 ojusprin-

439 5166 682 5237 cipium,
716 5169 812 5224 sed
846 5186 914 5224 ex
939 5169 1105 5239 ipso:
1144 5168 1271 5238 ipse
1300 5167 1482 5239 igitur
1515 5168 1689 5222 etiam
1725 5169 1914 5238 ipsius
1948 5168 2093 5223 nihil

441 5260 531 5311 est
563 5261 786 5323 auctor,
820 5274 951 5312 cum
986 5258 1108 5312 sint
1137 5256 1336 5311 omnia
1382 5255 1480 5311 illo
1512 5255 1857 5326 posteriora,
1886 5274 2093 5313 secun-

440 5345 584 5400 dum
630 5346 949 5401 exsistendi
982 5351 1037 5402 et
1087 5362 1201 5401 non
1256 5346 1575 5402 exsistendi
1634 5362 1872 5401 causam
1906 5362 1920 5401 :
1957 5363 2093 5402 nam

2201 4724 2291 4778 καὶ
2323 4723 2428 4797 πρὸ
2457 4720 2662 4776 τούτων
2695 4718 2857 4774 ἐστίν·
2894 4720 2944 4791 ἐξ
2976 4720 3139 4775 αὐτοῦ
3183 4720 3283 4796 γὰρ
3332 4720 3606 4794 ἐγνώσθη,
3657 4720 3710 4774 τί
3758 4718 3863 4773 ἰστι

2200 4817 2368 4867 ταῦτα
2397 4812 2485 4865 καί
2518 4814 2648 4885 γοῦν
2700 4807 2823 4863 οὐδὲ
2866 4809 2918 4864 τί
2969 4809 3069 4864 οὐκ
3112 4805 3251 4864 ἔστιν
3304 4811 3332 4864 6
3382 4811 3542 4879 Θεὸς,
3599 4810 3862 4885 γινώσκο-

2207 4922 2323 4973 μεν,
2355 4902 2390 4969 ἣ
2424 4904 2541 4960 πῶς
2588 4896 2824 4974 ἅῤῥητος
2870 4897 2960 4952 καὶ
3008 4898 3419 4968 ἀκατάληπτος·
3467 4897 3535 4953 οὐ
3567 4899 3672 4974 γὰρ
3701 4900 3862 4952 ταῦτα

2204 4990 2351 5064 ἀρχὴ
2382 4987 2568 5059 αὐτοῦ,
2594 4987 2719 5042 ἀλλ’
2753 4987 2803 5057 ἐξ
2836 4987 3019 5041 αὐτοῦ·
3057 4987 3216 5049 αὐτὸς
3268 4985 3359 5041 οῦν
3403 4988 3497 5043 καὶ
3542 4994 3642 5042 τοῦ
3694 4984 3864 5059 μηδι-

2202 5079 2294 5140 νὸς
2328 5077 2500 5139 α’ίτιος
2547 5078 2760 5131 πάντων
2812 5077 2977 5130 αὐτοῦ
3037 5077 3271 5152 ὑστέρων
3328 5072 3526 5143 ὄντων,
3569 5076 3708 5131 κατὰ
3763 5075 3860 5141 τὴν

2200 5173 2302 5223 τοῦ
2334 5167 2575 5222 εἶναικαὶ
2602 5166 2678 5238 μὴ
2713 5166 2843 5219 εἶναι
2875 5164 3070 5219 αἰτίαν·
3107 5166 3196 5220 καὶ
3226 5166 3326 5242 γὰρ
3359 5165 3531 5220 αὐτοῦ
3579 5167 3645 5219 τὸ
3699 5160 3866 5237 μηδὶν

2205 5256 2454 5331 στέρησίς
2511 5255 2675 5309 ἐστιν·
2720 5248 2835 5328 ἔχει
2886 5254 2988 5329 γὰρ
3036 5253 3100 5309 τὸ
3130 5256 3263 5309 εἶναι
3314 5252 3403 5308 διὰ
3433 5256 3497 5309 τὸ
3528 5251 3704 5328 μηδὲν
3736 5253 3865 5306 εἶναι

2202 5348 2309 5400 τῶν
2358 5340 2549 5399 ὄντων·
2602 5343 2804 5416 καὶμὴ
2855 5339 2929 5397 ὢν
2968 5342 3078 5399 ἐστι
3122 5340 3211 5399 διὰ
3253 5344 3316 5399 τὸ
3365 5343 3501 5397 εἷναι
3551 5343 3643 5398 καὶ
3707 5344 3864 5415 ὑπερ-

1427 5582 1669 5640 νΑΒιλΕ
1707 5582 2090 5641 LECTIONES
2128 5582 2221 5639 ET
2261 5580 2817 5638 CORRECTIONES.

502 5733 547 5771 ⁸⁸
577 5732 652 5797 ὠς
679 5730 787 5789 καί.
