4080 6366
212 412 303 469 261

970 414 1028 465 S.
1068 412 1339 466 MAXIMI
1376 410 1682 465 SCHOLIA
1719 411 1794 463 IN
1834 410 1967 463 LIB.
2009 411 2104 463 DE
2141 411 2411 465 DIVINIS
2451 412 2862 467 NOMINIBUS.

3520 416 3629 471 262

211 539 366 604 εἶναι,
396 534 579 589 πάντα
638 532 736 605 ὣν,
769 534 844 597 ὡς
871 533 1130 605 ποιητὴς,
1155 533 1245 587 καὶ
1284 529 1452 606 μηδὲν
1486 531 1583 602 ὣν,
1611 530 1685 593 ὠς
1716 530 1876 604 ὑπερι-

2014 549 2183 605 ριυω
2214 533 2382 604 nihil,
2440 539 2532 590 est
2581 535 2828 607 privatio
2863 552 2875 591 :
2908 535 3085 593 habet
3113 537 3271 593 enim
3300 555 3450 607 esse,
3482 542 3631 597 nihil

212 619 485 693 ϐεϐηκώς
525 621 743 696 μᾶλλον
774 620 831 677 δὲ
876 621 968 676 καὶ
1019 616 1511 698 ὑπεραναϐεϐηκὼς
1556 620 1646 675 καὶ
1708 621 1871 695 ὑπερ-

212 713 389 775 ούσιος
422 710 523 769 ὣν.
558 713 855 787 Ἀνάγνωθι
878 710 967 766 καὶ
1027 711 1077 765 ἰν
1134 716 1212 783 τῷ
1262 711 1512 787 προτέρῳ
1544 708 1740 789 φύλλῳ
1768 711 1867 779 τήν

212 802 342 876 ἆμήν
374 802 747 879 παραγραφὴν
773 800 899 877 περὶ
928 805 1029 855 τοῦ
1064 802 1139 873 μὴ
1175 797 1356 862 ὄντος.

1980 639 2183 678 eorum
2218 640 2343 695 quae
2375 630 2517 679 sunt
2537 625 2958 695 exsistendo,et
2983 626 3127 681 nihil
3151 631 3240 683 est
3262 644 3396 684 cum
3428 632 3628 687 tamen

1982 711 2059 767 sit
2070 713 2403 768 exsistendo
2417 718 2474 769 et
2489 731 2669 786 supra
2682 714 3329 786 exsistendo,exsistens
3350 718 3550 775 omnia
3566 724 3632 775 ut

1982 807 2227 869 creator,
2257 806 2313 856 et
2369 801 2515 856 nihil
2573 802 2863 858 exsistens
2904 807 2970 858 ut
3000 806 3425 862 transcendens
3458 826 3471 876 ;
3507 807 3626 864 imo

214 893 401 966 potius
432 893 1046 965 supertranscendens
1069 897 1127 948 et
1157 890 1673 964 superessentialis
1703 888 2011 947 exsistens.
2050 891 2198 962 Lege
2230 891 2407 947 etiam
2437 891 2498 947 in
2531 892 2708 964 priori
2738 892 2875 948 folio
2908 909 3099 949 meam
3156 894 3227 948 de
3284 912 3401 951 non
3433 902 3627 954 mente

216 982 709 1040 observationem.

279 1070 386 1125 Καὶ
456 1068 524 1124 τὰ
571 1066 723 1137 ἥττω
776 1072 886 1123 τῶν
943 1067 1263 1143 κρειττόνων
1300 1109 1314 1123 .
1382 1069 1705 1144 Παρὲγραψα
1775 1065 1865 1121 καὶ

2056 1073 2120 1126 Et
2154 1069 2443 1141 inferiora
2472 1070 2795 1142 superiora.
2827 1071 3110 1126 Adnotavi
3164 1087 3398 1144 quoque
3453 1089 3633 1145 supra

212 1159 319 1213 ἄνω
378 1159 444 1213 τὸ
502 1159 695 1230 ὅμοιον
753 1155 806 1213 ἐν
866 1161 945 1229 τῷ
1002 1158 1209 1233 πρώτῳ
1238 1154 1540 1235 κεφαλαίῳ,
1574 1157 1656 1210 ὅτι
1690 1156 1769 1210 ἀεὶ
1801 1156 1869 1209 τὰ

2014 1176 2036 1213 ιι
2061 1159 2251 1230 primo
2283 1159 2470 1231 capite
2502 1158 2722 1231 aliquid
2780 1159 2996 1225 simile,
3044 1160 3321 1216 nimirum
3355 1161 3632 1219 inferiora

216 1241 600 1317 ὁποῦεϐηκότα
636 1245 995 1323 ἐπὲστρκπται
1044 1248 1180 1322 πρὸς
1233 1248 1301 1301 τὰ
1359 1245 1732 1322 ὑπερκείμενα,
1792 1243 1868 1306 ὠς

2014 1263 2209 1319 smper
2238 1248 2495 1306 converti
2528 1249 2598 1303 ad
2633 1249 2962 1320 superiora,
2984 1254 3047 1303 ut
3077 1266 3208 1320 quae
3239 1249 3311 1304 ab
3345 1248 3463 1305 illis
3496 1266 3635 1305 con-

217 1336 302 1392 ὑπ’
328 1334 553 1391 ἐκείνων
603 1335 972 1410 περιεχόμενα
1028 1336 1117 1390 καὶ
1176 1335 1572 1411 προνοούμενα·
1623 1354 1870 1389 κοινωνι-

1980 1336 2282 1393 tineantur
2311 1342 2367 1393 et
2395 1344 2849 1405 conserventur;
2882 1338 3278 1393 communiter
3308 1343 3504 1394 autem
3539 1356 3637 1411 pa-

212 1430 321 1487 κῶς
353 1422 413 1480 δὲ
439 1424 509 1480 τὰ
539 1424 852 1499 ὁμόστοιχα
879 1429 987 1479 τῶν
1019 1427 1335 1500 ὁμοταγῶν,
1356 1425 1447 1480 καὶ
1477 1421 1667 1486 ἁπλῶς
1700 1425 1873 1477 πάντα

2014 1426 2070 1481 ia
2100 1431 2301 1482 amant
2331 1426 2577 1498 paria,et
2608 1426 2873 1482 absolute
2896 1427 3096 1482 omnia
3127 1428 3377 1484 invicem
3399 1432 3457 1482 et
3479 1428 3637 1500 seip-

212 1513 481 1586 ὰλλήλων
512 1515 600 1569 καὶ
635 1512 868 1569 αὐτῶνθσ
908 1513 1018 1588 ἐρᾷ.
1077 1512 1280 1587 [Δλλὰ]
1314 1514 1403 1570 καὶ
1436 1515 1464 1569 ὁ
1495 1514 1627 1575 Θεὸς
1656 1511 1872 1568 πάντων

211 1604 323 1680 ἐρᾷ,
350 1602 445 1658 ἵνα
472 1605 541 1659 τὰ
570 1604 747 1659 πάντα
774 1602 948 1679 ἀγαθά
978 1605 1211 1678 ποιήσῃ.

278 1691 463 1755 Δῦτὸς
509 1694 612 1768 γὰρ
663 1693 691 1747 ὁ
755 1692 1115 1768 ἀγαθοεργός.
1176 1696 1509 1765 Θαυμαστῶς
1565 1690 1735 1766 λίγει,
1796 1688 1878 1744 ὅτι

213 1782 415 1856 ἀγαθὸς
474 1778 640 1855 ῐρως,
702 1780 755 1836 ἐν
785 1785 864 1852 τῷ
892 1780 1082 1855 ἀγαθῷ
1110 1782 1510 1857 προϋπάρχων,
1546 1779 1645 1834 οὐκ
1674 1774 1882 1851 ἔμεινεν

213 1871 435 1945 ἄγονος,
482 1867 609 1924 ἄλλ’
638 1866 813 1925 ἕτεκεν
846 1871 982 1942 ἡμῖν
1012 1868 1105 1924 τᾶν
1133 1868 1334 1944 ἀγαθὸν
1364 1867 1563 1945 ἔρωτα,
1597 1866 1666 1922 δι’
1698 1866 1754 1921 ὅν
1786 1870 1882 1921 τοῦ

215 1931 529 2016 καλοῦἿκαὶ
579 1959 785 2033 ἀγαθοῦ
814 1931 1091 2035 ἐιρίὲμεθα·
1143 1931 1440 2033 πρακτικόν
1490 1931 1592 2033 γαρ
1642 1956 1732 2010 καὶ
1762 1976 1881 2033 γεν-
1914 1931 1962 1996 Β

224 2047 447 2117 νητικὸν
474 2048 536 2102 τὸ
569 2052 723 2103 Θεῖον
745 2047 881 2101 κατὰ
928 2048 990 2101 τὸ
1028 2046 1342 2122 εἰρημένον.
1409 2047 1472 2103 Ὀ
1532 2047 1719 2121 Πατήρ
1780 2065 1884 2117 μου

223 2136 325 2199 ἓως
380 2136 502 2213 ἄρτι
561 2135 868 2212 ἐργάζεται,
899 2136 1053 2212 κάγὼ
1114 2135 1431 2212 ἐργάζομαι.
1478 2134 1796 2208 Σημείωσαι
1830 2131 1887 2187 δὲ

226 2225 467 2289 ἐντεῦθεν
526 2226 741 2295 κίνησιν
802 2224 967 2279 θείαψ
1029 2226 1057 2279 ὁ
1088 2226 1192 2301 γὰρ
1224 2224 1554 2301 ἀγαθοεργὸς
1593 2221 1731 2298 ἔρως
1776 2222 1886 2278 ἐκί-

225 2337 356 2385 νησε
411 2316 477 2369 τὸ
505 2319 650 2379 θεῖον
712 2313 786 2375 εἷς
832 2310 1110 2388 πρόνοιαν,
1145 2313 1221 2375 εἷς
1275 2313 1526 2368 σύστασιν
1557 2316 1743 2385 ἡμῶν,
1802 2309 1887 2365 i’va

224 2405 314 2459 καὶ
367 2404 667 2478 πρακτικὸν
699 2401 736 2477 ᾗ
783 2402 1131 2475 κινούμενον,
1179 2401 1268 2456 καὶ
1327 2402 1403 2475 μή
1458 2402 1612 2475 μείνῃ
1670 2402 1884 2477 ἄγονον·

225 2494 287 2550 ἐκ
312 2494 514 2550 τούτου
552 2494 771 2563 νοήσεις
814 2493 906 2547 καὶ
964 2491 1049 2564 τὸ,
1104 2488 1339 2564 μονάδος
1399 2492 1493 2564 μὶν
1550 2490 1887 2561 κινηθείσης,

222 2584 314 2639 καὶ
370 2582 441 2639 τὰ
483 2583 605 2652 ἑξῆς
663 2581 925 2658 εἰρημένα
970 2584 1051 2653 τῷ
1100 2579 1344 2656 θεολόγῳ
1389 2579 1678 2658 Γρηγορίῳ
1726 2578 1776 2635 ἐν
1809 2583 1888 2653 τῷ

220 2673 432 2746 πρώτῳ
464 2672 590 2747 περὶ
621 2672 772 2726 Υἱοῦ.

302 2760 632 2829 Γεννητικὴν
667 2754 1004 2834 ὑπερϐολήν.
1030 2759 1282 2815 Τουτέστι
1313 2759 1412 2827 τὴν
1444 2757 1616 2813 κτίσιν
1648 2759 1893 2833 παρήγα-

224 2871 343 2925 γεν,
373 2848 515 2904 ὥστε
543 2849 665 2923 περὶ
718 2846 887 2916 αὐτὴν
933 2848 1001 2902 τὰ
1041 2855 1143 2918 τῆς
1175 2847 1460 2924 ἀγαπητῆς
1492 2843 1889 2913 ἐπιδείκνυσθαι

225 2941 523 3009 κινήσεως.

303 3030 454 3098 ςΧΙ.
507 3025 613 3083 Καὶ
664 3027 739 3099 μή
788 3046 869 3087 τις
916 3027 1063 3098 ἡμᾶς
1092 3024 1308 3080 οἰέσθω.
1363 3024 1680 3097 Σημείωσαι
1712 3024 1794 3080 ὅτι
1827 3025 1890 3081 οὐ

231 3112 317 3169 δεῖ
337 3116 404 3168 τὰ
434 3113 841 3190 ἀπεμφαίνοντα
877 3112 1121 3184 ὀνόματα
1176 3110 1353 3186 λέγειν
1417 3110 1563 3188 [περὶ
1612 3114 1791 3186 Θεοῦ],
1846 3112 1891 3167 εί

240 3205 313 3275 μή
344 3224 406 3279 γε
434 3202 528 3257 καὶ
560 3202 611 3256 ἐν
642 3201 756 3273 θείᾳ
802 3200 1124 3279 ἐμφεροιντο
1176 3204 1387 3278 Γραφῇ,
1438 3198 1512 3263 ὠς
1557 3201 1647 3257 καὶ
1678 3206 1764 3256 νῦν
1794 3222 1893 3256 πε-

1986 1534 2051 1571 sa
2075 1532 2088 1584 ;
2112 1516 2356 1587 ipseque
2389 1517 2541 1572 Deus
2572 1519 2730 1572 amat
2763 1516 3056 1578 universa.
3091 1521 3155 1571 ut
3185 1518 3382 1572 omnia
3421 1517 3641 1574 efﬁciat

1989 1608 2165 1662 bona.

2061 1698 2177 1767 Ipse
2197 1697 2348 1753 enim
2378 1697 2624 1768 bonifex.
2659 1697 3006 1753 Mirabiliter
3036 1697 3197 1767 dicit,
3232 1698 3453 1754 bonum
3480 1715 3641 1754 amo-

1992 1801 2137 1854 rem,
2170 1785 2226 1840 in
2255 1786 2407 1840 bono
2440 1786 2965 1857 praeexsistentem,
3000 1802 3113 1841 non
3150 1785 3441 1842 mansisse
3472 1786 3642 1842 infos-

1993 1876 2274 1941 cundum,
2301 1875 2401 1929 sed
2437 1874 2652 1930 bonum
2685 1875 2983 1946 peperisse
3016 1890 3298 1940 amorem,
3334 1892 3436 1947 per
3466 1891 3644 1947 quem

1994 1962 2303 2035 pulchrum
2339 1967 2395 2017 et
2408 1964 2629 2019 bonum
2651 1963 2988 2035 appetimus
3016 1962 3242 2032 ;divina
3261 1964 3418 2018 enim
3434 1968 3646 2021 natura

1993 2057 2269 2124 operatur
2297 2056 2355 2106 et
2385 2057 2645 2123 generat,
2670 2051 2842 2121 juxta
2896 2049 3040 2105 illud
3088 2050 3397 2121 Scriptura:
3430 2069 3443 2107 :
3479 2056 3646 2109 Pater

1993 2157 2146 2196 meus
2176 2157 2345 2212 usque
2370 2140 2528 2196 modo
2553 2149 2833 2212 operatur,
2865 2144 2918 2195 et
2947 2155 3045 2211 ego
3072 2156 3265 2212 operor
3292 2141 3547 2212 (a).Nota
3577 2158 3646 2197 ex

1995 2230 2105 2286 hoc
2135 2229 2260 2287 loco
2293 2230 2550 2285 divinam
2584 2229 2926 2298 motionem,
2954 2246 3089 2285 nam
3120 2247 3286 2286 amor
3306 2230 3445 2285 boni
3469 2246 3650 2286 causa

1997 2320 2179 2374 movit
2209 2318 2573 2374 divinitatem
2605 2319 2677 2372 ad
2700 2318 3152 2389 providentiam,
3184 2319 3255 2373 ad
3290 2319 3472 2374 nostri
3495 2335 3648 2375 crea-

1996 2408 2235 2477 tionem,
2267 2409 2533 2463 utetiam
2583 2413 2925 2478 operaretur
2985 2407 3085 2478 qui
3137 2408 3495 2473 movebatur,
3538 2423 3645 2463 nec

1996 2501 2330 2551 remaneret
2358 2495 2608 2563 sterilis;
2660 2512 2729 2551 ex
2788 2496 2896 2550 hoc
2927 2494 3221 2567 intelliges
3268 2496 3443 2550 etiam
3477 2495 3646 2565 illud,

1999 2584 2237 2642 monade
2264 2586 2480 2657 quidem
2512 2593 2659 2640 mota
2690 2605 2709 2652 ,-
2736 2590 2793 2639 et
2839 2601 2966 2655 qum
3000 2584 3277 2656 deinceps
3306 2584 3586 2641 dicuntur
3614 2602 3649 2641 a

2001 2674 2192 2730 divino
2225 2673 2502 2746 Gregorio
2536 2674 2593 2728 in
2626 2672 2817 2745 primo
2850 2673 2919 2727 de
2944 2672 3108 2728 Filio.

2073 2764 2383 2820 Generamli
2413 2762 2831 2820 excellentiam.
2866 2763 2929 2817 Id
2977 2768 3091 2831 est,
3146 2767 3471 2819 creaturam
3514 2780 3647 2835 pro-

2000 2854 2419 2925 duxit,utcirca
2449 2853 2642 2926 ipsam
2674 2852 2948 2909 amabilis
2980 2853 3259 2908 motionis
3288 2852 3481 2908 ofﬁcia
3506 2869 3652 2925 pras-

2001 2947 2203 2998 staret.

2070 3033 2099 3100 §
2129 3031 2225 3087 XI.
2259 3031 2440 3101 Neque
2466 3046 2592 3086 vero
2625 3046 2724 3086 nos
2769 3030 3068 3101 quisquam
3119 3035 3291 3101 putet.
3349 3030 3498 3086 Nota
3528 3030 3648 3085 dis-

2002 3125 2285 3175 sentanea
2315 3120 2556 3175 nomina
2586 3137 2702 3175 non
2735 3136 2864 3175 esse
2897 3119 3333 3190 pronuntianda
3364 3120 3457 3188 [de
3487 3119 3649 3190 Deo],

2003 3209 2117 3264 nisi
2144 3210 2200 3264 in
2234 3208 2537 3280 Scriptura
2569 3209 2957 3280 reperiantur,
2992 3208 3146 3263 sicut
3174 3208 3349 3264 etiam
3382 3208 3555 3263 modo
3585 3209 3656 3265 de

233 3293 291 3365 ρὶ
329 3290 538 3367 ἔρωτός
569 3310 720 3368 φησι·
772 3290 861 3346 καὶ
921 3290 1004 3344 ὅτι
1036 3289 1098 3345 οὗ
1146 3290 1260 3363 χρὴ
1315 3289 1604 3366 προσέχειν
1665 3288 1890 3362 λέξεσιν,

2014 3314 2201 3353 amore
2218 3298 2569 3368 dicil,neque
2588 3298 2873 3353 dictiones
2896 3297 3452 3362 attendendum,sed
3477 3297 3657 3353 ﬁnem

236 3378 379 3436 ἀλλὰ
405 3384 477 3454 τῇ
510 3378 735 3452 δυνάμει
775 3383 871 3434 τοῦ
922 3383 1147 3434 σκοποῦο
1210 3375 1369 3439 θείως
1427 3379 1530 3454 γὰρ
1584 3378 1719 3433 αὐτὰ
1759 3377 1894 3452 διὲξ-

236 3490 359 3528 εισι.

309 3560 387 3614 Δι’
417 3557 617 3632 ὲτὲρων
649 3554 1042 3630 ὁμοδυνάμων.
1075 3556 1195 3613 ’Ὁτι
1226 3554 1317 3610 καὶ
1353 3553 1441 3610 διὰ
1487 3560 1595 3612 τῶν
1644 3554 1900 3612 ἰσοδυνα-

248 3670 357 3723 μων
389 3647 453 3703 οὐ
478 3646 809 3720 κωλυόμεθα
840 3646 1097 3702 ἑκωωνεῖν
1144 3646 1237 3707 τὰς
1297 3643 1492 3716 λέξεις.
1554 3646 1899 3720 [Σημείωσαι

248 3737 315 3799 ὡς
352 3733 592 3810 μητρίδα
620 3736 710 3791 καὶ
744 3731 979 3812 πατρίδα
1002 3732 1166 3789 ταύτό
1195 3736 1374 3811 φησι.]

312 3916 441 3969 Δέον
476 3912 699 3971 εἰδέναι.
750 3912 849 3967 Διά
888 3912 941 3967 τί
975 3910 1275 3977 συλλαϐαῖς
1325 3913 1413 3969 καὶ
1456 3913 1627 3986 λέξεσι
1676 3915 1903 3990 χρώμε-

241 4007 339 4059 θα’
411 3997 603 4057 σκόπει
668 4002 768 4071 τήν
819 4002 1151 4077 ἀνάγνωσιν·
1211 4005 1240 4058 ’ὀ
1296 4002 1442 4058 θέλει
1490 4002 1684 4071 εἰπεῖν,
1741 4008 1902 4059 τοῦτο

241 4095 405 4149 ὶστινο
458 4092 621 4163 ἡνίκα
652 4091 741 4146 τὸν
792 4094 1128 4170 προφορικὸν
1163 4092 1330 4169 λόγον
1382 4097 1662 4166 κινοῦμεν,
1709 4097 1901 4149 τοῦτον

240 4185 361 4257 περί
393 4203 547 4244 τινος
576 4182 685 4236 τῶν
718 4180 1012 4252 αἰσθητῶν,
1038 4182 1163 4236 τότε
1224 4182 1445 4255 λέξεων,
1496 4183 1585 4236 καὶ
1616 4177 1907 4237 συλλαϐῶν

240 4275 323 4327 καὶ
360 4270 655 4347 στοιχείων
683 4269 774 4324 καὶ
805 4269 1028 4346 γραφῶν
1059 4268 1293 4345 δεόμεθα
1339 4274 1474 4347 πρὸς
1511 4269 1753 4342 δήλωσιν
1808 4271 1906 4326 τοῦ

243 4361 616 4434 λαλουμένου·
649 4358 693 4413 εἰ
745 4356 802 4413 δὲ
832 4360 921 4437 ἀφ’
953 4360 1148 4429 εαυτῆς
1186 4362 1220 4429 ἡ
1254 4361 1408 4435 ψυχὴ
1441 4361 1575 4435 πρὸς
1623 4360 1691 4415 τὰ
1740 4360 1910 4431 νοητὰ

244 4456 471 4505 κινεῖται
504 4445 598 4503 διὰ
620 4453 728 4503 τῶν
762 4448 937 4522 ὀρθῶν
972 4449 1275 4525 ἐνεργειῶν,
1317 4449 1562 4525 περιτταὶ
1617 4448 1750 4522 μετᾶ
1797 4453 1907 4504 τῶν

247 4541 515 4610 αἰσθητῶν
553 4538 607 4593 αἱ
640 4537 935 4607 αἰσθήσεις·
1002 4538 1188 4612 ὑψηλὰ
1234 4538 1333 4615 γὰρ
1383 4538 1720 4617 φαντάζεται’
1782 4539 1905 4593 ὅταν

251 4626 304 4683 δὶ
335 4625 589 4696 θεοειδής
622 4626 869 4701 γὲνητάι,
914 4628 1301 4700 προκύπτουσα
1353 4633 1475 4692 ταῖς
1521 4629 1658 4683 κατὰ
1715 4627 1909 4699 μικρὸν

250 4716 562 4785 ἀνατάσεσι,
592 4715 683 4770 καὶ
745 4712 817 4770 δι’
862 4716 1113 4778 ὲνώσεως
1145 4717 1421 4793 ἀγνώστου
1452 4717 1588 4792 πρὸς
1618 4716 1680 4771 τὸ
1711 4716 1913 4791 ἀπρόσ·
1943 4687 1989 4751 D

256 4827 358 4861 ιτον
420 4809 543 4883 φῶς
593 4804 689 4867 τὰς
723 4798 987 4867 ἐπιϐολὰς
1038 4802 1167 4881 ἔχῃ,
1226 4806 1348 4861 τότε
1398 4807 1488 4861 καὶ
1538 4806 1593 4860 αἱ
1645 4805 1837 4875 νοηταὶ
1868 4807 1912 4842 ⁸⁷

254 4894 510 4971 ἐνέργειαι
561 4892 809 4968 περιτταί
868 4892 1020 4962 εἰσιν,
1076 4894 1150 4956 ὡς
1199 4896 1287 4949 καὶ
1342 4894 1620 4966 αἰσθήσεις
1655 4940 1667 4964 ,
1719 4890 1907 4962 ἐπειδὴ

253 4983 311 5037 τὰ
346 4982 668 5057 ὑψηλότερα
686 4980 893 5037 τούτων
929 4984 961 5051 ἠ
996 4984 1154 5056 ψυχὴ
1190 4981 1509 5051 διανοεῖται,
1544 4982 1741 5038 λοιπὸν
1773 4984 1913 5050 ἡνω-

256 5075 381 5145 μένη
415 5078 553 5145 Θεῷ·
590 5074 715 5127 ὅταν
767 5071 823 5127 δὲ
881 5074 1022 5145 ὁμοῦ
1080 5073 1409 5150 χαμαίζηλα
1460 5076 1756 5148 φαντασθῇ,
1818 5073 1909 5127 καὶ

252 5164 365 5238 περί
393 5183 545 5225 τινος
575 5166 685 5217 τῶν
717 5163 987 5232 αἰσθητῶν
1022 5183 1225 5238 σπευσῃ
1258 5170 1576 5234 κινηθῆναι,
1611 5161 1733 5216 τότε
1784 5160 1911 5222 τοὺς

260 5250 616 5331 σαφεστέρους
648 5248 848 5327 λόγους
879 5250 969 5306 καὶ
1020 5252 1087 5306 τὰ
1130 5252 1426 5328 τρανότερα
1470 5256 1583 5307 τῶν
1633 5252 1842 5327 ὁρατῶν
1865 5251 1910 5287 ⁸⁸

263 5342 368 5417 χρὴ
400 5341 711 5411 ἐπιζητεῖν.

333 5487 409 5560 (a)
438 5487 617 5545 Joan.
648 5502 706 5553 ν,
740 5485 828 5544 17.

2005 3386 2395 3443 institutionis
2424 3403 2622 3442 earum
2651 3403 2664 3454 ;
2698 3385 2892 3440 divine
2923 3385 3081 3441 enim
3129 3385 3259 3456 ipsa
3289 3385 3548 3456 exponit.

2080 3478 2183 3531 Per
2210 3474 2325 3530 alia
2354 3474 2888 3546 aequioalentiaﬂos
2918 3473 3161 3529 minime
3193 3474 3486 3545 prohiberi
3509 3490 3657 3545 quo-

2008 3564 2208 3620 minus
2239 3564 2525 3619 dictiones
2556 3563 2787 3634 aliquas
2830 3580 2933 3635 per
2963 3562 3108 3617 alias
3140 3562 3293 3618 idem
3327 3562 3660 3634 signiﬁcan-

2008 3659 2095 3709 tes
2120 3653 2510 3724 proferamus.
2530 3652 2700 3723 [Nota
2722 3653 2879 3725 quod
2902 3647 3140 3725 μητρίδα
3162 3656 3219 3707 et
3239 3646 3475 3726 πατρίδα
3498 3652 3655 3707 idem

2011 3742 2200 3813 dicit.]

2084 3832 2234 3887 Scire
2262 3834 2619 3902 oportet.Cur
2651 3829 2895 3903 syllabis
2912 3836 2969 3886 et
2999 3829 3356 3886 dictionibus
3381 3832 3662 3897 utamur;

2013 3919 2835 3985 consideralectionem.Quod
2867 3924 3065 3975 autem
3080 3918 3205 3974 vult
3225 3917 3501 3984 dicere,id
3532 3921 3622 3974 est
3646 3935 3660 3974 :

2014 4010 2249 4081 quando
2281 4026 2612 4065 sermonem
2639 4008 3424 4080 pronuntiamus,movemus
3442 4022 3576 4062 eum
3593 4007 3663 4063 de

2015 4098 2215 4155 sensili
2251 4098 2465 4170 aliquo,
2500 4097 2652 4154 I38
2684 4101 2807 4152 tum
2835 4096 3192 4151 dictionibus
3250 4102 3305 4151 et
3337 4095 3577 4167 syllabis
3607 4099 3664 4151 et

2015 4186 2321 4243 elementis
2351 4191 2407 4241 et
2440 4186 2733 4256 scriptura
2756 4184 3091 4255 indigemus
3122 4185 3193 4238 ad
3225 4185 3353 4254 eius
3385 4184 3539 4254 quod
3570 4184 3664 4238 di-

2016 4277 2167 4332 citur
2198 4275 2651 4331 declarationem
2678 4273 2764 4343 ;si
2782 4288 2916 4328 vero
2949 4272 3145 4327 anima
3177 4289 3209 4325 a
3239 4289 3301 4326 se
3334 4272 3460 4343 ipsa
3477 4272 3547 4326 ad
3572 4272 3662 4327 in-

2016 4364 2345 4437 telligibilia
2376 4368 2643 4419 movetur
2672 4362 2734 4417 in
2766 4361 2938 4417 rectis
2961 4360 3420 4432 operationibus,
3456 4376 3665 4432 super-

2017 4454 2120 4509 ﬂui
2154 4457 2454 4508 suntcum
2514 4450 2834 4508 sensilibus
2893 4466 3105 4506 sensus
3138 4469 3152 4516 ;
3200 4447 3479 4505 sublimia
3508 4448 3665 4504 enim

2021 4541 2408 4613 imaginatur:
2444 4540 2679 4611 quando
2716 4543 2909 4595 autem
2943 4539 3038 4593 Dei
3070 4537 3283 4593 similis
3316 4535 3519 4592 effecta
3539 4536 3665 4592 fue-

2021 4630 2097 4685 rit
2152 4628 2575 4685 elevationibus
2633 4626 2918 4699 paulatim
2980 4626 3313 4697 proﬁciens,
3366 4630 3540 4697 atque
3564 4641 3669 4697 per

2021 4719 2281 4791 ignotam
2314 4717 2637 4773 unitionem
2668 4716 3095 4771 intellectioncs
3126 4715 3343 4772 suasin
3374 4714 3668 4769 inaccesso

2022 4806 2247 4862 lumine
2278 4805 2580 4871 habuerit;
2612 4808 2737 4859 tum
2762 4804 2935 4859 etiam
2958 4802 3359 4875 intelligibiles
3388 4801 3671 4873 operatio-

2021 4912 2124 4951 nes
2164 4898 2304 4949 sunt
2334 4892 2669 4965 superﬂuae,
2702 4892 2858 4949 sicut
2910 4897 2968 4948 et
2999 4909 3231 4962 sensus,
3270 4890 3546 4962 quoniam
3578 4886 3673 4945 bis

2020 4982 2370 5039 sublimiora
2400 4981 2615 5053 cogitat
2671 4982 2892 5049 anima,
2956 4980 3231 5049 deinceps
3292 4980 3403 5033 Deo
3464 4977 3671 5046 unita;

2021 5059 2256 5144 quando
2289 5076 2486 5127 autem
2518 5070 2682 5125 humi
2717 5070 2981 5141 repentia
2997 5085 3099 5124 seu
3133 5066 3433 5122 terrestria
3462 5064 3672 5137 imagi-

2022 5167 2215 5228 natur,
2249 5165 2306 5216 et
2337 5161 2397 5216 in
2420 5160 2622 5217 sensili
2654 5159 2851 5230 aliquo
2885 5156 3104 5212 moveri
3138 5154 3360 5220 studet,
3390 5157 3531 5210 tunc
3552 5154 3672 5211 cla-

2021 5252 2203 5307 riores
2234 5266 2533 5307 sermones
2564 5253 2621 5307 et
2674 5246 2995 5304 visibilium
3060 5244 3312 5300 maxime
3361 5243 3674 5317 perspicua

2021 5355 2282 5412 quaerere
2313 5342 2560 5411 oportet.

1289 5609 1535 5669 VARIB
1574 5606 1967 5668 LECTIONES
2004 5606 2097 5665 ET
2133 5605 2675 5665 CORRECTIONES

339 5733 383 5773 ⁵⁸
410 5734 638 5791 tanta».
712 5732 757 5779 ⁸7
788 5727 993 5807 νοεραί.
1067 5732 1113 5769 ⁸⁸
1140 5734 1375 5805 νοητῶν.
