4080 6366
456 392 563 445 263

456 620 584 661 esse
619 610 872 659 mentem
903 608 961 659 et
992 602 1144 660 aliud
1179 603 1458 659 animam.
1485 602 1887 674 Intelligentes
1917 600 2104 655 facul-

454 698 606 749 tates
637 693 777 748 dicit
805 692 1232 747 intellectiones
1292 709 1418 763 quae
1480 696 1619 746 sunt
1675 690 2004 757 inferiores,
2054 693 2110 745 et

456 781 669 836 mentis
702 779 945 851 divisio;
980 782 1214 852 quando
1244 780 1634 853 igituranima
1653 778 1902 833 voluerit
1922 778 2106 833 Deum

455 869 695 935 intueri,
729 874 785 925 et
841 886 944 941 pro
974 870 1199 926 viribus
1231 870 1343 941 ipsi
1389 869 1565 939 uniri,
1598 867 1835 923 oculum
1868 866 2107 938 quidem

456 958 716 1029 suum,id
753 962 842 1013 est
873 964 1125 1014 mentem
1158 960 1366 1030 ipsam,
1392 958 1561 1013 debet
1584 975 1617 1012 a
1648 954 2107 1028 particularibus

454 1051 733 1115 avertere,
768 1051 822 1101 et
854 1048 924 1101 ad
955 1046 1317 1118 generaliora
1336 1046 1757 1102 transmittere.
1792 1045 2109 1100 Particula-

453 1137 541 1191 ria
569 1152 704 1191 vero
764 1141 903 1191 sunt
950 1136 1397 1205 intellectiones,
1431 1136 1583 1191 sicut
1633 1135 1936 1189 diximus:
1981 1139 2105 1189 tum

453 1242 620 1281 mens
653 1230 775 1281 tota
820 1227 1023 1281 effecta
1054 1230 1230 1297 atque
1254 1226 1579 1280 introrsum
1613 1240 1909 1294 conversa,
1940 1228 2106 1296 post-

452 1331 613 1371 remo
636 1315 830 1370 unitas
881 1320 938 1369 et
997 1314 1347 1387 simplicitas
1389 1315 1615 1383 effecta,
1649 1313 1862 1369 divinis
1894 1313 2107 1385 poterit

454 1405 761 1460 intendere
790 1404 1103 1476 radiis,per
1131 1404 1487 1459 laudabilem
1523 1404 2102 1475 ignorationem,non

451 1509 555 1564 per
582 1493 979 1566 ignorantiam
1012 1510 1137 1564 quae
1152 1508 1219 1547 ex
1243 1509 1435 1549 rerum
1462 1493 1758 1564 imperitia
1789 1492 2101 1562 oritur,sed

451 1597 554 1653 per
584 1599 712 1638 eam
742 1600 870 1653 quae
903 1582 1205 1654 cognoscit
1236 1597 1297 1636 se
1348 1582 1448 1636 Dei
1489 1579 2106 1651 incomprehensibilia

449 1670 755 1743 ignorare;
781 1675 1093 1743 cognoscet
1123 1675 1319 1725 autem
1351 1670 1548 1725 divino
1572 1670 1772 1724 fruens
1796 1669 2106 1739 splendore

450 1775 563 1814 non
598 1775 700 1831 per
723 1759 971 1815 sensiles
1003 1759 1225 1828 oculos,
1261 1776 1365 1813 nec
1396 1759 1548 1813 enim
1583 1759 1675 1813 his
1712 1757 2103 1830 apprehendi-

1284 392 1646 444 APPENDIX
1683 393 1779 443 AD
1817 390 2056 442 OPERA
2091 391 2148 442 S.
2188 388 2501 445 DIONYSII
2539 390 3038 446 AREOPAGITE.

529 516 685 572 Sicut
712 515 880 571 etiam
936 514 1286 586 intelligendi
1313 516 1620 583 facultates.
1666 513 1909 568 Adverte
1940 510 2098 566 aliud
2133 515 2184 581 Α

3768 389 3875 442 264

2288 514 2490 589 ’Ὠσπερ
2540 513 2626 568 καὶ
2676 514 2732 567 αἱ
2786 512 2967 586 νοεραὶ
3026 509 3280 585 δυνάμεις
3318 554 3331 568 .
3411 511 3731 583 Σημείωσαι
3791 512 3873 566 δτι

2216 597 2395 676 ἕτερον
2428 608 2554 665 νοῦς
2600 605 2685 657 καὶ
2722 602 2897 678 ἕτερον
2951 604 3126 679 ψυχή.
3176 601 3378 676 Νοεράς
3409 600 3703 677 [ἐνεργείας
3761 601 3875 673 καὶ]

2219 686 2472 763 δυνάμεις
2514 692 2647 766 φησί
2691 695 2787 755 τὰς
2840 689 3089 761 νοήσεις,
3141 690 3340 753 αίίτινες
3387 690 3687 767 κατώτεραί
3747 691 3873 761 εἰσι,

2215 778 2305 832 καὶ
2338 778 2637 852 σκεδασμὸς
2664 786 2759 835 τοῦ
2789 786 2900 837 νοῦ.
2943 783 3105 835 Ὅταν
3157 781 3248 835 οὗν
3300 783 3333 850 ἡ
3395 781 3547 855 ψυχὴ
3600 779 3871 856 βούληται

2216 870 2352 943 πρὸς
2385 870 2511 924 Θεὸν
2568 870 2867 940 ἀνανεῦσαι,
2917 869 3003 925 καὶ
3059 870 3195 925 κατὰ
3241 870 3303 924 τὸ
3354 866 3574 924 δυνατὸν
3604 868 3872 938 ένωθῆναι

2216 958 2384 1029 αὐτῷ,
2432 959 2493 1013 τὸ
2547 959 2639 1031 μὶν
2674 955 2829 1033 ὄμμα
2876 960 3066 1029 αὐτῆς,
3115 958 3357 1014 τουτέστι
3397 956 3492 1013 τὸν
3524 963 3648 1013 νοῦν
3707 957 3868 1013 αὐτὸν

2215 1046 2546 1120 ἀποστρέψαι
2578 1047 2786 1125 ὀφείλει
2818 1052 2925 1102 τῶν
2962 1052 3221 1122 μερικῶν,
3268 1049 3358 1102 καὶ
3390 1046 3477 1102 ἐπὶ
3523 1046 3589 1102 τὰ
3639 1045 3873 1111 καθολι-

2214 1136 2425 1209 κώτερα
2473 1134 2840 1207 ἀναπηδῆσαι·
2904 1139 3099 1212 μερικά
3156 1134 3214 1191 δέ
3259 1136 3391 1191 εἶσιν
3427 1137 3481 1190 αἱ
3509 1138 3743 1207 νοήσεις,
3794 1137 3873 1197 ὡς

2214 1222 2441 1299 ἔφημεν·
2472 1224 2595 1281 τότε
2640 1226 2739 1301 γὰρ
2793 1231 2919 1289 νοῦς
2964 1224 3069 1297 ὅλη
3101 1227 3393 1301 γενομένη,
3423 1227 3514 1281 καὶ
3549 1226 3624 1289 εἱς
3656 1228 3717 1281 τὸ
3760 1222 3872 1281 ’ἑσω

2215 1320 2526 1392 στραφεῖσα,
2560 1316 2678 1378 ένάς
2718 1314 2912 1370 λοιπὸν
2976 1316 3066 1371 καὶ
3112 1315 3359 1387 ἁπλότης
3409 1316 3701 1392 γενομένη,
3753 1315 3873 1370 ἐπι-

2215 1399 2401 1459 λαϐεῖν
2436 1402 2716 1475 δυνήσεται
2747 1411 2868 1469 ταῖς
2898 1404 3065 1469 θείαις
3108 1406 3305 1460 ἀκτῖσι·
3364 1403 3453 1459 διὰ
3496 1413 3596 1475 τῆς
3656 1405 3870 1460 ἐπαινε-

2212 1499 2309 1561 τῆς
2339 1493 2628 1569 ἀγνωσίας,
2661 1493 2722 1547 οὐ
2753 1501 2854 1563 τῆς
2887 1494 2938 1563 έξ
2988 1494 3247 1566 ἀμαθείας
3298 1494 3535 1569 ἀγνοίας,
3584 1494 3731 1550 ἀλλὰ
3774 1501 3876 1563 τῆς

2211 1581 2583 1656 γινωσκούσης
2641 1581 2723 1637 ὅτι
2779 1583 2964 1655 ἀγνοεῖ
3014 1582 3080 1637 τὰ
3118 1582 3239 1658 περὶ
3300 1588 3432 1638 Θεοῦ
3490 1583 3870 1653 ἀκατάληπτα·

2212 1669 2477 1742 γνώσεται
2509 1668 2566 1724 δὲ
2595 1670 2952 1726 ἀπολαύουσα
2999 1675 3107 1725 τῶν
3162 1671 3318 1725 θείων
3372 1676 3747 1747 μαρμαρυγῶν
3808 1672 3870 1725 οὗ

2214 1753 2301 1811 διὰ
2346 1763 2453 1812 τῶν
2504 1759 2775 1830 αἰσθητῶν
2808 1759 3095 1833 ὀμμάτων·
3139 1759 3198 1814 οὐ
3246 1760 3345 1836 γὰρ
3392 1755 3869 1832 καταλαμϐάνεται

446 1852 564 1918 tur,
598 1850 697 1905 sed
732 1865 798 1903 ea
831 1848 1045 1903 mentis
1076 1849 1496 1903 constitutione
1553 1864 1681 1917 quae
1708 1845 1892 1902 oculis
1924 1850 2092 1901 caret.

2210 1846 2463 1908 τούτοις·
2525 1846 2670 1903 ἀλλά
2713 1854 2830 1911 ταῖς
2880 1849 3220 1922 ἀνομμάτοις
3265 1853 3359 1904 τοῦ
3405 1853 3496 1903 νοῦ
3540 1870 3868 1904 καταστάσε-

518 2024 1014 2096 Perspicacissima:
1043 2041 1319 2079 sensuum.
1354 2024 1617 2096 Explicat
1648 2042 1774 2096 quas
1808 2029 1948 2080 sunt
1984 2026 2099 2079 cla-

446 2114 695 2169 rissimae
752 2130 1037 2169 sensuum
1093 2114 1664 2185 transportationes;
1712 2114 1908 2184 aitque
1938 2113 2098 2184 ipsas

448 2220 573 2259 esse
604 2201 957 2275 planissima
994 2204 1170 2258 verba
1200 2208 1257 2257 et
1286 2202 1603 2258 visibilium
1632 2202 2025 2274 apertissima.

516 2383 675 2437 Recte
701 2390 971 2451 poterunt.
1010 2380 1295 2436 Videlicet
1328 2398 1560 2437 sensus.

518 2492 546 2557 §
573 2491 702 2544 XII.
738 2487 900 2560 Atqui
944 2488 1123 2543 visum
1149 2496 1226 2544 cst
1253 2488 1601 2559 quibusdam.
1645 2488 1806 2552 Quod
1838 2487 2097 2544 charitas

443 2577 743 2649 signiﬁcat
770 2593 1054 2647 amorem,
1079 2583 1136 2632 et
1160 2592 1371 2632 nomen
1407 2576 1625 2632 amoris
1661 2592 1790 2631 esse
1815 2576 2092 2631 divinius.

516 2666 786 2721 Audiant.
812 2666 983 2734 Nota,
1010 2672 1139 2721 tum
1194 2668 1476 2737 temporis
1516 2682 1747 2737 quoque
1782 2665 1961 2721 fuisse
1993 2666 2094 2737 qui

447 2755 685 2811 nomina
714 2754 1238 2828 reprehendebant,
1271 2771 1419 2825 quos
1466 2770 1535 2810 ex
1565 2754 1763 2809 divina
1792 2754 2095 2825 Scriptura

447 2843 739 2916 reprimit.

516 2933 683 2988 Divus
714 2932 973 3003 Ignatius.
1031 2930 1227 3003 Aliqui
1286 2931 1463 2986 etiam
1524 2948 1588 2986 ex
1620 2931 1731 2985 hoc
1780 2931 1905 2985 loco
1938 2930 2090 2986 arbi-

442 3026 675 3077 trantur
704 3024 1031 3091 opportune
1065 3026 1410 3089 praesentem
1444 3020 1658 3074 librum
1692 3024 2090 3091 arguere,tan-

444 3126 620 3181 quam
655 3126 768 3164 non
803 3114 957 3165 esset
995 3108 1173 3163 divini
1207 3110 1489 3179 Dionysii,
1528 3110 1665 3180 quia
1696 3109 2089 3181 dicuntlgna-

441 3200 591 3254 tium
622 3213 751 3253 esse
784 3198 909 3269 ipso
960 3198 1340 3269 posteriorem
1368 3216 1382 3265 ;
1418 3198 1711 3269 quomodo
1747 3214 1879 3253 vero
1898 3202 2088 3269 potest

439 3286 656 3357 aliquis
689 3287 1079 3359 posteriorum
1114 3286 1501 3342 meminisse?
1534 3286 1714 3341 Fictio
1776 3290 1967 3343 autem
2002 3292 2092 3343 est

439 3377 592 3432 139
617 3381 676 3431 et
705 3376 813 3431 hoc
832 3375 982 3447 quod
1014 3375 1131 3430 illis
1166 3376 1481 3446 probatur;
1516 3392 1650 3430 nam
1677 3380 1917 3432 sanctus
1945 3380 2086 3431 Pau-

438 3465 654 3536 lus,qui
688 3464 1029 3535 Dionysium
1054 3464 1397 3532 illustravit,
1417 3480 1518 3519 seu
1542 3464 2088 3536 baptizavit,poste-

437 3556 555 3610 rior
575 3554 686 3609 fuit
716 3559 980 3625 tempore
1010 3558 1216 3608 sancto
1244 3553 1434 3619 Petro,
1458 3557 1590 3623 post
1619 3570 1790 3622 quem
1826 3554 2088 3625 Ignatius

434 3648 667 3699 creatur
702 3642 1015 3713 episcOpus
1046 3642 1383 3709 Antiochiae,
1418 3642 1584 3697 Petro
1647 3641 1891 3697 Romam
1952 3660 2085 3714 pro-

437 3733 617 3798 fecto;
651 3730 971 3802 supervixit
1019 3746 1152 3785 vero
1205 3735 1442 3785 sanctus
1477 3730 1694 3785 Paulus
1727 3731 1912 3785 multo
1944 3736 2087 3787 tem-

438 3836 596 3891 pore,
628 3820 729 3891 qui
762 3819 1105 3890 Dionysium
1138 3819 1475 3889 baptizavit,
1502 3819 1928 3890 Dionysiusque
1960 3824 2089 3889 post

435 3910 629 3980 ipsum
664 3908 827 3963 vixit.
867 3913 1035 3962 Porro
1065 3908 1323 3961 Joannes
1356 3906 1710 3977 evangelista
1748 3908 1859 3962 sub
1895 3907 2087 3962 Domi-

437 4000 596 4054 tiano
628 3998 855 4054 exsulat
900 3999 957 4053 in
1006 3999 1218 4063 Palma,
1253 3997 1345 4052 cui
1403 3997 1669 4052 rescribit
1726 3997 2084 4067 Dionysius;

436 4087 698 4160 Ignatius
731 4103 866 4142 vero
891 4090 1027 4141 ante
1071 4086 1471 4142 Domitianum
1493 4085 1737 4157 patitur,
1772 4086 1854 4140 ita
1886 4090 1943 4141 ut
1978 4103 2086 4141 an-

433 4176 654 4248 tiquior
684 4176 761 4232 sit
784 4176 1084 4249 Dionysio.

503 4285 667 4340 Amor
696 4300 871 4340 meus.
907 4284 1297 4350 Quaerendum
1350 4283 1641 4353 quomodo
1691 4282 1916 4352 Ignatio
1947 4298 2083 4337 cum

433 4374 710 4429 Onesimo
741 4374 841 4445 qui
876 4374 987 4428 fuit
1030 4378 1159 4442 post
1190 4371 1563 4426 Timotheum
1622 4371 1981 4441 disputante,
2027 4376 2085 4426 et

432 4464 713 4518 Romanis
764 4462 1074 4529 scribente,
1107 4477 1269 4515 amor
1296 4476 1451 4514 meus
1481 4460 1781 4527 cruciﬁxus
1825 4469 1921 4527 est,
1955 4460 2083 4515 Dio-

432 4552 636 4622 nysius
660 4567 816 4605 nunc
839 4549 1139 4603 Timotheo
1172 4549 1435 4603 scribens
1459 4549 1636 4618 hujus
1670 4549 2079 4619 meminit,vel-

2210 1956 2290 1989 σιν
2305 1938 2369 1992 ⁶⁹.

2279 2022 2704 2099 Ἐπιδηλότεραι
2751 2030 2855 2079 τῶν
2907 2026 3232 2097 αἰσθήσεων·
3284 2027 3610 2102 Ἐξηγεῖται,
3644 2027 3698 2082 τί
3731 2029 3866 2082 εἰσιν

2208 2114 2262 2167 αἱ
2294 2111 2675 2189 έπιδηλότεραι
2726 2119 2832 2169 τῶν
2884 2117 3186 2185 αίσθήσεων
3239 2114 3719 2191 διαπορθμεύσεις·
3775 2117 3863 2171 καὶ

2207 2224 2365 2278 φησιν
2400 2204 2562 2266 αὐτὰς
2590 2202 2717 2267 τοὺς
2748 2203 3103 2281 σαφεστέρους
3137 2205 3333 2282 λόγους
3362 2207 3451 2260 καὶ
3480 2206 3546 2261 τά
3574 2208 3861 2282 τρανέστε-

2206 2312 2272 2365 ρα
2300 2296 2409 2345 τῶν
2432 2293 2666 2365 ὁρατῶν.

2276 2379 2475 2442 Καλῶς
2508 2378 2848 2451 δυνήσονται.
2884 2386 2945 2441 Αἱ
2976 2383 3246 2455 αἰσθήσεις
3278 2382 3560 2455 δηλονότι.

2277 2489 2447 2556 §Xll.
2484 2489 2667 2543 Καίτοι
2722 2485 2868 2562 ἔδοξέ
2895 2512 3057 2545 τισιν.
3108 2492 3231 2548 ’Ότι
3264 2491 3351 2545 καὶ
3382 2494 3415 2561 ἡ
3451 2491 3633 2565 ἀγάπη
3676 2487 3865 2567 ἔρωτα

2205 2573 2390 2645 δηλοῖ·
2424 2576 2513 2631 καὶ
2545 2577 2628 2631 ὅτι
2661 2579 2931 2654 θειότερον
2964 2577 3138 2652 ὄνομα
3167 2584 3265 2634 τοὶ
3296 2579 3519 2655 ἔρωτος.

2272 2666 2665 2721 Ἀκουέτωσαν.
2718 2667 3036 2740 Σημείωσαι
3086 2668 3167 2723 ὅτι
3215 2669 3303 2723 καὶ
3344 2670 3466 2724 τότε
3524 2669 3662 2737 ἦσάν
3722 2690 3862 2731 τινες

2202 2749 2705 2827 ἐπιλαμϐανόμενοι
2750 2757 3054 2830 ὀνομάτων,
3114 2756 3206 2820 οὕς
3255 2757 3591 2830 ἐπιστομίζει
3650 2757 3710 2811 ἐκ
3760 2760 3861 2826 τῆς

2203 2842 2343 2903 Θείας
2378 2850 2613 2921 Γραφῆς.

2269 2932 2327 2987 Ὀ
2386 2936 2532 2995 θεῖος
2589 2934 2885 3009 Ἰγνάτιος.
2936 2935 3037 2992 Καὶ
3090 2935 3148 2989 ἐκ
3204 2936 3401 2990 τούτου
3457 2938 3599 3001 τινὶς
3649 2935 3860 2992 οἴονται

2201 3014 2516 3076 διαϐάλλειν
2568 3021 2828 3098 εὐκαίρως
2876 3024 2938 3078 τὸ
2990 3025 3159 3099 παρὸν
3194 3023 3498 3100 σύνταγμα,
3559 3027 3635 3089 ὡς
3687 3028 3765 3099 μή
3801 3024 3861 3080 δν

2197 3112 2292 3161 τοῦ
2333 3110 2479 3172 θείου
2528 3110 2829 3182 Διονυσίου,
2881 3110 3067 3182 ἐπειδὴ
3111 3114 3367 3188 Ἰγνάτιον
3415 3112 3639 3189 λέγουσι
3691 3137 3865 3187 μετα-

2200 3200 2510 3273 γενέστερον
2556 3200 2720 3254 αὐτοῦ
2766 3204 2924 3255 εἶναι·
2959 3206 3073 3264 πῶς
3127 3200 3183 3257 δὲ
3231 3200 3449 3258 δύναταί
3482 3226 3565 3267 τις
3597 3209 3705 3258 τῶν
3765 3226 3863 3277 με·

2198 3287 2588 3362 ταγενεστέρων
2622 3296 2927 3361 μεμνῆσθαι
2956 3309 2969 3358 ;
3004 3290 3238 3364 Πλάσμα
3269 3289 3325 3346 δὲ
3352 3292 3440 3345 καὶ
3470 3296 3628 3347 τοῦτο
3662 3291 3862 3348 δοκοῦν

2200 3376 2404 3437 αὐτοῖς·
2466 3378 2493 3430 6
2542 3377 2643 3451 γὰρ
2700 3378 2849 3452 ἅγιος
2911 3378 3145 3447 Παῦλος,
3198 3381 3225 3433 6
3279 3381 3519 3454 φωτίσας
3549 3381 3863 3452 Διονύσιον,

2202 3466 2642 3540 μεταγενέστερος
2689 3467 2754 3534 ἦν
2788 3471 2865 3537 τῷ
2893 3467 3081 3543 χρόνῳ
3111 3473 3207 3523 τοῦ
3259 3468 3413 3544 ἁγίου
3445 3471 3670 3537 Πέτρου,
3741 3473 3861 3526 μεθ’

2196 3555 2253 3608 ὃν
2315 3556 2343 3608 6
2393 3554 2652 3629 Ἰγνάτιος
2684 3554 2976 3618 ἐπίσκοπος
3026 3558 3228 3631 γίνεται
3281 3559 3643 3634 Ἀντιοχείας,
3699 3582 3860 3633 μετα-

2194 3643 2434 3705 τεθέντος
2471 3644 2676 3719 Πέτρου
2708 3642 2762 3699 έν
2810 3643 3010 3719 Ῥώμῃ·
3044 3646 3270 3715 ἐπέζησε
3317 3645 3375 3701 δὲ
3424 3649 3451 3701 6
3484 3649 3640 3722 ἅγιος
3702 3655 3854 3705 Παῦ-

2197 3732 2292 3796 λος
2318 3732 2511 3808 χρόνον
2563 3732 2759 3801 πολὺν,
2903 3734 3141 3808 φωτίσας
3185 3735 3488 3805 Διονύσιον,
3535 3736 3627 3791 καὶ
3660 3738 3858 3791 Διονύ-

2196 3842 2311 3881 σιος
2366 3823 2480 3893 μετ’
2522 3820 2682 3875 αὐτὸν
2714 3815 2923 3891 ἔζησεν·
2959 3823 2986 3875 ὁ
3037 3819 3094 3876 δὶ
3145 3821 3535 3897 εὐαγγελιστὴς
3594 3825 3857 3896 Ἰωάννης

2194 3908 2281 3961 ἐπὶ
2314 3914 2647 3981 Δομετιανοῦ
2685 3909 2977 3983 έξορίζεται
3026 3911 3103 3971 εἱς
3151 3913 3396 3985 Πάτμον·
3440 3913 3486 3984 ᾦ
3533 3914 3857 3991 ἀντιγράφει

2196 3998 2508 4060 Διονύσιος.
2558 4001 2821 4074 Ἰγνάτιος
2882 3997 2938 4053 δὲ
2998 4001 3104 4075 πρὸ
3165 4008 3503 4075 Δομετιανοῦ
3557 4011 3857 4079 μαρτυρεῖ·

2196 4088 2331 4141 ὥστε
2355 4088 2773 4163 προγενέστερος
2805 4096 2925 4143 Διον
2935 4089 3106 4145 υσίου.

2263 4284 2319 4335 Ὁ
2362 4281 2492 4355 ἐμὸς
2534 4281 2707 4357 ἔρως.
2776 4283 3047 4354 Ζητητέον
3100 4291 3219 4347 πῶς
3267 4286 3354 4339 έπὶ
3407 4287 3701 4359 Ὀνησίμου
3759 4292 3859 4343 τοῦ

2198 4374 2329 4447 μετά
2377 4374 2645 4446 Τιμόθεον
2693 4375 2949 4448 Ἱγνατίου
2982 4373 3394 4451 διαλεγομένου,
3425 4378 3514 4431 καὶ
3546 4377 3857 4454 γράφοντος

2190 4462 2483 4535 Ῥωμαίοις
2558 4463 2640 4530 τὸ,
2719 4462 2851 4536 έμὸς
2919 4459 3056 4539 ἔρως
3132 4464 3488 4540 ἐσταύρωται,
3573 4467 3858 4529 Διονύσιος

2189 4555 2279 4605 νῦν
2340 4550 2596 4622 Τιμοθέῳ
2650 4551 2868 4629 γράφων
2899 4553 3095 4607 τούτου
3148 4556 3447 4627 μέμνηται,
3479 4555 3552 4616 ὠς
3582 4556 3857 4629 Ἰγνατίου

429 4640 512 4695 uti
538 4638 795 4709 Ignatius
818 4642 987 4693 antea
1008 4636 1383 4707 scripsisset;
1420 4642 1476 4691 et
1536 4653 1606 4691 ne
1667 4637 1811 4692 forte
1863 4638 1935 4691 ab
1967 4638 2076 4692 ali-

2210 4637 2297 4708 ίδη
2358 4640 2679 4713 γράψαντος·
2712 4641 2801 4695 καὶ
2852 4644 3065 4713 μήποτε
3112 4644 3257 4717 παρά
3306 4665 3451 4706 τινος
3474 4648 3581 4699 τῶν
3616 4642 3856 4720 φιλολό-

428 4744 541 4797 quo
590 4727 981 4782 litteratorum
1019 4726 1382 4779 extrinsecus
1415 4725 1853 4796 appositum,ad
1890 4726 2077 4797 perle-

426 4817 666 4873 ctiorem
692 4831 894 4870 eorum
928 4832 1054 4886 quae
1087 4814 1158 4868 de
1184 4814 1380 4869 divino
1412 4830 1606 4869 amore
1637 4832 1669 4869 a
1710 4819 1913 4869 sancto
1943 4814 2077 4871 Dio-

426 4906 594 4979 nysio
625 4904 780 4960 dicta
840 4905 1076 4959 fuerunt
1129 4903 1661 4970 confirmationem,
1721 4909 1921 4974 postea
1979 4920 2078 4974 per

425 4995 817 5064 ignorantiam
852 4992 1099 5048 internis
1122 4992 1412 5046 insertum
1448 4991 1543 5060 sit,
1591 4993 1746 5063 quod
1782 4992 1837 5045 in
1874 4992 2076 5048 multis

427 5100 579 5153 saepe
610 5082 895 5138 accidisse
928 5079 1236 5146 novimus;
1270 5079 1568 5149 siquidcm
1600 5080 1776 5135 etiam
1820 5082 1944 5136 sine
1968 5081 2076 5135 hac

426 5178 591 5242 parte
621 5188 835 5242 corpus
866 5169 1151 5225 orationis
1185 5169 1476 5240 integrum
1511 5169 1893 5224 constituitur
1927 5188 1940 5237 ;
1974 5174 2075 5225 aut

424 5259 695 5315 fortassis
752 5259 890 5330 quia
941 5257 1229 5313 familiare
1288 5256 1398 5327 ipsi
1430 5262 1557 5311 erat
1611 5256 1873 5324 ell‘atum,
1925 5259 2076 5314 sicut

425 5348 599 5403 etiam
631 5349 703 5404 ab
729 5348 931 5403 eodem
959 5361 1112 5418 sape
1141 5345 1446 5401 dicebatur
1475 5349 1533 5401 et
1558 5345 1925 5401 scribebatur
1954 5346 2072 5400 θεο-

2185 4750 2294 4805 γων
2345 4724 2444 4800 ἔξω
2488 4729 2802 4804 παρατεθὲν,
2834 4732 2969 4806 πρὸς
3029 4730 3260 4786 πλείονα
3302 4732 3551 4787 σύστασιν
3584 4736 3691 4787 τῶν
3728 4734 3855 4808 περὶ

2188 4817 2332 4880 θείου
2383 4814 2585 4891 ἔρωτος
2612 4823 2691 4890 τῷ
2739 4819 2881 4892 ἁγίῳ
2932 4820 3195 4892 Διονυσίῳ
3247 4821 3575 4894 εἰρημένων,
3630 4822 3853 4897 ὕστερον

2184 4906 2319 4959 κατά
2349 4907 2568 4979 ἄγνοιαν
2628 4904 2732 4961 ἔσω
2764 4908 3113 4982 παρενετέθη,
3166 4907 3298 4983 ὅπερ
3342 4908 3394 4963 έν
3426 4910 3665 4973 πολλοῖς
3712 4916 3857 4966 πολ-

2186 4993 2341 5055 λάκις
2372 4994 2660 5069 γενόμενον
2696 4992 2962 5071 ἔγνωμεν·
3007 4997 3093 5051 καὶ
3145 4997 3245 5072 γὰρ
3298 4995 3431 5071 δίχα
3460 4998 3664 5053 τοῦτου
3700 4998 3852 5054 ἵστα-

2181 5104 2267 5137 ται
2301 5082 2718 5157 ἀπαραλείπτως
2766 5086 2827 5140 τὸ
2861 5089 3020 5158 σῶμα
3058 5091 3154 5140 τοῦ
3210 5082 3396 5162 λόγου·
3458 5088 3492 5157 ἢ
3552 5089 3699 5162 τάχα
3734 5089 3855 5143 σύν-

2182 5183 2309 5242 ηθες
2386 5173 2532 5245 αὐτῷ
2604 5175 2731 5228 εἶναι
2787 5169 3130 5250 ἀπόφθεγμα,
3189 5174 3263 5238 ὠς
3314 5175 3403 5229 καὶ
3462 5174 3525 5230 τὸ
3578 5172 3849 5255 θεοφὸρος

2180 5259 2451 5322 πολλάκις
2501 5260 2647 5333 αὐτῷ
2692 5261 2986 5337 λεγόμενόν
3035 5284 3094 5317 τε
3132 5265 3218 5318 καὶ
3255 5263 3602 5340 γραφόμενον
3630 5269 3847 5339 τεκμή-

2182 5368 2295 5424 ριον
2330 5346 2387 5404 δὲ
2430 5349 2492 5403 τὸ
2526 5351 2602 5423 μὴ
2632 5356 3007 5425 προσκεῖσθαι,
3058 5354 3255 5431 Γράφει
3308 5350 3365 5407 δέ
3412 5374 3548 5423 τισι,
3598 5357 3845 5412 τουτέστι

1457 5578 1702 5634 VARle
1741 5578 2133 5640 LECTIONES
2172 5582 2260 5638 ET
2297 5583 2834 5644 CORREGTIONES

492 5706 537 5744 ⁸⁸
563 5700 947 5781 καθαρότησιν.
