4080 6366
237 384 337 439 265

234 508 519 582 Ῥωμαίοις
557 531 570 545 ·
623 512 756 569 ἀλλ’
814 513 1025 591 ἁπλῶς,

232 598 504 673 Ἰγνάτιος.

292 869 385 923 Καὶ
444 867 496 923 ἐν
558 878 680 935 ταῖς
728 883 1187 951 προεισαγωγαῖς.
1263 882 1613 954 Ἐπιστητέον
1673 888 1737 954 ⁷¹,
1799 884 1880 950 ὅτι

225 962 630 1035 προεισαγωγάς
663 962 823 1019 καλεῖ
868 972 968 1034 τῆς
1021 969 1166 1031 Θείας
1218 975 1436 1049 Γραφῆς
1486 974 1554 1027 τὰ
1586 974 1881 1047 Σολομῶν..

220 1068 304 1110 τος
331 1051 396 1115 ⁷²,
426 1048 522 1124 ἀφ’
554 1052 616 1105 οὗ
647 1053 733 1107 καὶ
765 1054 833 1108 τὰ
864 1054 1022 1130 ῥητά.

284 1138 357 1209 [α]
389 1140 516 1195 ’Ότι
548 1143 583 1208 ἠ
644 1141 825 1217 ἀγάπη
878 1141 1055 1220 ἔρωτα
1105 1143 1291 1219 δηλοῖ,
1344 1151 1433 1204 καὶ
1490 1150 1571 1206 ὅτι
1608 1152 1873 1228 θείοτερον

218 1220 379 1296 ὄνομα
410 1232 509 1281 τοῦ
536 1227 762 1303 ἔρωτος.

396 1318 531 1381 Τοῖς
589 1319 755 1384 θείοις
801 1320 1035 1393 μᾶλλον.
1091 1326 1189 1379 Διά
1226 1327 1278 1380 τί
1328 1333 1444 1390 τοῖς
1506 1330 1671 1395 θείοις
1732 1331 1870 1405 μᾶλ-

216 1401 302 1457 λον
332 1404 642 1469 ἀνατιθέασι
677 1410 767 1463 τὸν
803 1405 973 1473 ὄντως
999 1405 1175 1487 ἔρωτα
1208 1416 1259 1468 o't
1289 1416 1561 1492 θεολόγοι.

280 1495 350 1566 [γ]
384 1494 470 1550 Τὰ
501 1492 715 1568 πλήθη.
756 1499 1099 1571 Σημείωσαι,
1157 1501 1239 1557 ὅτι
1290 1506 1430 1579 πρὸς
1466 1507 1493 1560 ὃ
1526 1512 1772 1581 χωροῦσι
1802 1513 1869 1564 τὰ

212 1580 415 1650 πλήθη,
451 1580 643 1639 δεῖκαὶ
673 1593 793 1649 ταῖς
840 1587 1013 1659 λέξεσι
1061 1594 1302 1666 χρῆσθαι
1337 1612 1349 1623 ·
1384 1592 1525 1668 λέγει
1554 1580 1615 1649 δὲ
1644 1602 1695 1651 τί
1718 1605 1866 1653 ποιεῖ

210 1664 415 1744 ὁέρως,
470 1673 559 1726 καὶ
610 1675 734 1747 περὶ
795 1673 890 1732 δύο
948 1678 1187 1754 ἐρώτων,
1235 1680 1382 1736 θείου
1437 1684 1526 1737 καὶ
1583 1692 1859 1760 μεριστοῦ,

208 1755 319 1825 ἤτοι
344 1770 838 1837 σωματοπρεποῦς.

990 395 1048 448 S.
1092 396 1363 452 MAXIM!
1400 401 1708 457 SCHOLIA
1744 405 1820 457 IN
1860 404 1992 457 LIB.
2032 407 2131 463 DE
2169 411 2443 469 DIVINIS
2482 416 2890 476 NOMINIBUS.

3541 430 3648 487 266

1078 522 1273 599 Γράφει
1335 524 1392 581 δὲ
1449 528 1538 584 καὶ
1606 530 1633 582 6
1667 533 1845 593 θεῖος’

1991 536 2167 609 ῳὸρος
2200 542 2414 614 dei/er;
2446 553 2859 617 argumentum
2891 555 3085 608 autem
3117 554 3642 621 demonstrativum

1995 632 2085 681 est
2115 631 2255 700 quia
2303 650 2419 689 non
2469 636 2719 692 habetur
2753 655 2765 694 :
2796 641 2985 695 scribit
3026 659 3149 698 vero
3194 647 3548 722 quibusdam,
3583 654 3641 709 id

1995 721 2083 771 est
2114 719 2393 778 Romanis
2430 741 2441 778 :
2477 726 2576 780 sed
2624 726 2991 799 simpliciter,
3024 731 3223 789 Scribit
3268 753 3392 793 vero
3421 719 3644 797 divinus

1992 805 2255 875 lgnatius.

2062 896 2127 950 Et
2154 901 2379 968 praeviis
2419 903 2947 961 introductionibus.
2983 908 3297 967 Sciendum
3327 918 3481 984 quod
3514 919 3639 988 pri-

1991 998 2118 1038 mas
2171 986 2573 1046 institutiones
2622 993 2828 1047 divinae
2881 995 3197 1067 Scripturas
3242 1007 3406 1057 vocet
3450 986 3633 1062 libros

1986 1072 2315 1133 Salomonis
2346 1094 2413 1134 ex
2443 1097 2557 1151 quo
2587 1081 2761 1137 etiam
2794 1086 2969 1139 verba
2997 1088 3331 1161 desumpta.

2056 1166 2217 1227 Quod
2249 1167 2507 1223 cbaritas
2556 1187 2814 1227 amorem
2848 1173 3163 1248 significet,
3197 1180 3366 1249 cujus
3415 1199 3629 1240 nomen

1984 1252 2241 1310 divinius
2271 1262 2381 1312 est.

2051 1344 2266 1399 Divinis
2294 1348 2495 1416 potius.
2528 1348 2645 1403 Cur
2676 1349 2888 1406 divinis
2932 1354 3129 1424 potius
3172 1358 3501 1417 attribuant
3532 1379 3628 1418 ve-

1980 1446 2110 1485 rum
2144 1449 2401 1490 amorem
2434 1437 2708 1508 theologi.

2045 1523 2276 1591 Nulgus.
2307 1524 2451 1579 Nota
2486 1543 2587 1597 pro
2628 1533 2803 1598 captu
2856 1530 3015 1601 vulgi
3057 1533 3234 1589 etiam
3267 1536 3623 1597 dictionibus

1974 1611 2289 1679 utendum;
2319 1613 2457 1668 dicit
2479 1620 2695 1682 autem,
2721 1618 2854 1686 quid
2883 1619 3057 1674 faciat
3078 1638 3261 1692 amor,
3287 1626 3524 1697 agitque
3551 1631 3623 1685 de

1971 1698 2204 1755 duobus
2242 1702 2563 1771 amoribus,
2598 1705 2793 1761 divino
2824 1711 2881 1761 et
2911 1707 3189 1765 divisibili
3222 1728 3321 1769 seu
3358 1718 3618 1787 corporis

1969 1804 2225 1859 proprio.

264 1845 333 1920 [δ]
364 1850 460 1910 Ὠς
495 1848 941 1929 δυσχερέστερον.
978 1857 1068 1918 Ὠς
1104 1854 1539 1933 διαϐεϐλημένον
1573 1861 1845 1933 δηλονότι.

266 1938 625 1963 r-1vm_1__,_
737 1941 748 1962 1
1067 1947 1125 1963 ,η
1191 1955 1201 1963 .
1292 1946 1341 1963 ,εκ
1394 1948 1449 1963 η.
1697 1953 1709 1963 .
1829 1959 1843 1963 -

1985 1852 1987 1857 λ
2037 1845 2267 1935 Diu-ius.
2302 1880 2586 1937 Videlicet
2615 1887 2897 1956 tanquam
2933 1888 3434 1958 reprehensivum.

266 1938 327 2009 [ε]
361 1939 651 2007 Ἐπὲπεσε,
694 1941 778 2006 τίς
829 1965 1013 2020 φησιν.
1067 1947 1128 2002 Ὀ
1179 1946 1341 2002 Δαυὶδ
1394 1948 1540 2025 λέγει
1590 1953 1711 2027 περὶ
1761 1959 1856 2008 τοῦ

213 2025 456 2080 ἰωνάθαν
487 2029 542 2082 ἐν
565 2030 633 2103 τῇ
662 2033 854 2107 πρώτῃ
886 2039 993 2088 τῶν
1028 2036 1348 2095 Βασιλειῶν.

265 2118 335 2185 [ς]
397 2118 669 2173 Τάττεται
728 2122 866 2196 πρὸς
909 2128 1017 2177 τῶν
1072 2127 1250 2197 ἱερῶν.
1299 2131 1421 2183 ’Ὁτι
1471 2132 1533 2185 τὸ
1585 2131 1713 2188 αὐτὸ
1774 2132 1861 2188 δύ-

210 2224 345 2257 ναται
380 2206 567 2281 ἀγάπη
601 2210 688 2263 καὶ
722 2206 881 2284 ἔρως,
926 2212 1014 2267 καὶ
1054 2214 1139 2276 τίς
1170 2218 1203 2283 ἡ
1238 2221 1333 2271 τοῦ
1364 2213 1565 2293 ἔρωτος
1598 2221 1862 2297 ἐνέργεια,

294 2296 339 2363 ζ]
375 2302 785 2370 Συγκρατικῆς.
839 2300 1095 2357 Τουτέστι
1148 2307 1519 2381 συγκιρνώσης
1576 2311 1641 2365 τὰ
1687 2296 1858 2388 ἐρῶν-

207 2399 262 2431 τα
285 2382 327 2415 ⁷³
363 2382 500 2454 πρὸς
531 2380 777 2455 ἄλληλα.
1307 2380 1317 2422 έ

266 2485 353 2556 [η]
407 2486 506 2539 Διὰ
553 2489 614 2542 τὸ
674 2488 869 2548 καλόν.
913 2496 1079 2570 Ὅπερ
1122 2502 1267 2552 εἶπεν
1315 2496 1445 2573 ἄνω,
1507 2501 1591 2557 ὅτι
1637 2505 1665 2558 6
1712 2510 1855 2568 θεῖος

206 2568 361 2666 ἔρως.
394 2577 775 2653 προῦπάρχων
824 2580 876 2635 ἐν
922 2587 999 2653 τῷ
1047 2568 1255 2658 ἀγαθῷ,
1306 2568 1449 2644 ἔτεκε
1496 2592 1587 2645 τὸν
1634 2594 1686 2647 ἐν
1718 2596 1853 2666 ἡμῖν

205 2657 397 2730 ἔρωτα,
427 2663 498 2719 δι’
525 2668 585 2719 οὗ
614 2672 710 2720 τοῦ
733 2669 934 2735 ἀγοίθοῦ
966 2671 1246 2746 ἐφιέμεθα.

258 2754 283 2820 §
347 2756 499 2810 XIII.
549 2757 625 2828 [θ]
687 2758 1051 2823 Ἐκστατικός.
1124 2766 1253 2839 Περί
1313 2764 1609 2834 ἐκστάσεως
1665 2771 1855 2848 ἐρωτι-

197 2844 285 2907 κῆς
310 2842 407 2895 καὶ
439 2844 466 2896 ὁ
505 2843 667 2899 Δαυίδ
694 2866 706 2878 ·
740 2848 887 2923 Ἐγὼ
920 2852 1070 2905 εἷπον
1101 2852 1151 2906 ἐν
1183 2856 1253 2925 τῇ
1281 2855 1521 2913 ἐκστάσει
1556 2881 1680 2932 μου.

257 3019 622 3091 Ἑξεστηκώς.
668 3025 1002 3099 Ζημείωσαι,
1062 3034 1177 3092 πῶς
1223 3038 1424 3089 νοεῖται
1457 3038 1503 3072 ’⁷⁸
1547 3038 1608 3092 τό
1640 3055 1653 3071 ⁸
1707 3040 1847 3113 Ἐξε-

196 3110 404 3175 στηκὼς
430 3116 567 3182 Θεῷ.

256 3195 602 3270 Τολμητέον.
635 3205 757 3260 ’Ὁτι
791 3206 878 3259 καὶ
911 3207 938 3261 ὁ
972 3207 1102 3269 Θεὸς
1134 3210 1347 3265 πάντων
1381 3210 1493 3288 ἐρᾷ.

254 3376 350 3430 Διὸ
379 3378 469 3432 καὶ
494 3376 772 3451 ζηλωτήν.
809 3383 953 3438 Κατὰ
1000 3386 1052 3439 τί
1093 3383 1305 3462 λέγεται
1350 3388 1604 3461 ζηλωτής
1632 3394 1659 3447 6
1692 3395 1840 3464 Θεὸς,

192 3463 256 3526 ὡς
287 3464 520 3539 ἕραστὴς
551 3471 650 3538 τῆς
680 3469 890 3526 πάντων
918 3474 1207 3551 σωτηρίας.

250 3646 454 3713 ξΧιν.
486 3646 553 3702 Τί
588 3644 645 3701 δὲ
667 3647 834 3710 ὅλως.
870 3653 980 3715 Τῆς
1014 3653 1108 3723 μὲν
1142 3652 1354 3727 ἀγάπης
1386 3656 1477 3711 καὶ
1515 3656 1611 3712 τοῦ
1630 3657 1835 3732 ἔρωτος

188 3731 337 3787 αὐτὸν
367 3730 583 3803 δηλαδή
615 3734 707 3790 τὸν
739 3739 867 3792 Θεὸν
900 3737 1181 3814 προϐολὲα
1214 3744 1346 3818 φησί
1370 3747 1458 3800 καὶ
1488 3750 1792 3823 γεννήτορά
1819 3773 1831 3786 ·

190 3820 341 3884 αὐτὸς
384 3823 484 3897 γὰρ
541 3829 711 3879 ταῦτα
761 3825 812 3880 ἐν
865 3829 1038 3901 ἑαυτῷ
1098 3827 1225 3886 ὄντα
1272 3837 1582 3908 προήγαγεν
1643 3838 1720 3900 εἰς
1768 3840 1835 3894 τὰ

192 3907 350 3977 ἐκτὸς,
377 3911 620 3966 τούτὲστι
648 3916 713 3967 τὰ
759 3917 881 3988 περί
927 3918 993 3971 τὰ
1034 3919 1301 3991 κτίσματα
1333 3942 1345 3954 ⁶
1391 3924 1479 3977 καὶ
1509 3926 1645 3979 κατὰ
1672 3931 1832 3983 τοῦτο

192 3997 387 4069 εἴρηται
424 4019 438 4031 ⁸
499 4002 555 4053 Ὁ
614 4004 741 4064 Θεὸς
816 4003 997 4079 ἀγάπη
1059 4008 1192 4077 ἐστὶ,
1251 4011 1338 4064 καὶ
1396 4011 1446 4065 ἐν
1503 4019 1581 4085 τῷ
1633 4014 1830 4088 ᾅσματι

191 4088 384 4157 ὁμοίως
434 4091 619 4164 ἀγάπη
677 4088 887 4165 εἷ’ρηται
937 4116 949 4128 ·
1008 4097 1099 4151 καὶ
1163 4098 1324 4153 πάλιν
1376 4100 1692 4176 γλυκασμὸς
1741 4111 1831 4166 καὶ

192 4172 455 4247 ἐπιθυμία,
489 4176 520 4231 ὅ
568 4177 707 4232 ἐστιν
767 4176 902 4254 ἔρως
934 4200 947 4215 ³
997 4184 1059 4238 τὸ
1110 4182 1167 4239 δὲ
1216 4189 1491 4260 ἀγαπητὸν
1540 4193 1628 4246 καὶ
1662 4191 1828 4260 ὅντως

190 4260 394 4333 ἑραοτὸν
428 4264 589 4327 αὐτός
614 4266 742 4323 ἐστι.
778 4274 864 4340 Τῷ
902 4271 995 4343 μὶν
1026 4274 1122 4328 οὗν
1152 4276 1243 4329 τὸν
1274 4276 1612 4349 ἀγαπητικὸν
1654 4280 1830 4357 ἔρωτα

190 4348 235 4419 ἐξ
264 4353 424 4407 αὐτοῦ
455 4357 811 4429 προχεῖσθαι,
844 4357 1001 4420 αὐτὸς
1037 4364 1298 4417 κινεῖσθαι
1334 4364 1546 4440 λέγεται
1575 4369 1602 4421 ὁ
1631 4371 1826 4427 τούτου

187 4444 447 4515 γεννήτωρ
485 4460 498 4473 ·
533 4447 610 4513 cfp
630 4441 688 4497 δὲ
739 4444 899 4500 αὐτὸν
945 4450 1084 4502 εἴναι
1117 4450 1172 4504 τὸ
1206 4448 1430 4520 ἀληθῶς
1476 4454 1695 4529 ἐραστὸν
1735 4461 1826 4515 καὶ

190 4527 479 4600 ἀγαπητὸν,
509 4536 650 4586 κινεῖ
675 4532 742 4586 τὰ
788 4534 925 4606 πρὸς
973 4540 1135 4591 τοῦτο
1187 4539 1399 4613 ὁρῶντα
1424 4544 1488 4610 ⁷⁵,
1532 4546 1622 4598 καὶ
1676 4548 1754 4609 οἷς
1785 4550 1819 4616 ἡ

187 4620 275 4669 τοῦ
292 4618 535 4696 ἐφίεσθαι
571 4618 799 4693 δύναμις
832 4622 1113 4699 ἀναλόγως
1144 4627 1346 4692 αὐτοῖς.

256 4707 504 4784 Ἐραστὸν
560 4709 651 4764 καὶ
727 4712 1025 4788 ἀγαπητόν.
1104 4718 1523 4795 Ηροσαγωγικὸν
1601 4724 1691 4777 καὶ
1749 4747 1832 4780 κι-

190 4798 393 4862 νητικὸν
444 4798 584 4873 πρὸς
638 4797 903 4872 ἐρωτικὴν
964 4805 1247 4880 συνάφειαν
1294 4809 1391 4876 τήν
1453 4808 1503 4863 ἄν
1564 4813 1830 4885 πνεύματι

192 4884 272 4936 τὸν
326 4889 452 4941 Θεὸν
507 4887 644 4941 εἶναί
696 4910 786 4961 μοι
848 4890 980 4960 νόει,
1031 4894 1274 4948 τουτέστι
1327 4898 1549 4968 μεσίτην
1604 4901 1831 4973 ταύτης,

195 4972 433 5047 καὶπρὸς
482 4975 667 5031 ἑαυτὸν
713 4982 1089 5052 συναρμοστὴν
1132 4987 1227 5036 τοῦ
1276 4982 1492 5057 ἐρᾶσθαι
1534 4987 1692 5043 αὐτὸν
1729 4992 1831 5045 ὑπὸ

196 5064 291 5113 τῶν
322 5062 481 5118 αὐτοῦ
511 5067 555 5101 ⁷⁸
584 5065 909 5139 ποιημάτων
959 5070 1045 5123 καὶ
1088 5071 1387 5146 ἀγαπᾶσθαι
1425 5094 1435 5106 ”
1466 5077 1742 5146 κινηνικὸν
1776 5077 1833 5135 δὲ

198 5168 362 5223 φησιν,
395 5154 468 5214 ὡς
508 5158 763 5209 κινοῦντα
786 5152 983 5210 ἕκαστα
1011 5161 1075 5227 ⁸⁷⁸⁷,
1125 5162 1262 5215 κατὰ
1286 5162 1375 5216 τὸν
1419 5162 1623 5218 οἰκεῖον
1668 5164 1829 5243 λόγον

263 5333 328 5405 (b)
357 5334 506 5394 Psal.
541 5352 671 5407 cxv,
705 5337 789 5395 11.
869 5340 938 5410 (c)
968 5339 1133 5396 Joan.
1167 5358 1245 5411 1v,
1280 5344 1363 5399 16.

2044 1967 2272 2037 Cecidit,
2313 1972 2394 2024 ait
2437 1972 2662 2041 aliquis.
2714 1973 2893 2028 David
2943 1975 3014 2029 de
3062 1976 3318 2034 Jonatba
3365 1982 3509 2037 dicit
3557 1984 3618 2040 in

1970 2056 2159 2126 primo
2194 2061 2440 2129 Regum.

2041 2146 2276 2201 Ponitur
2305 2164 2337 2201 a
2365 2150 2555 2205 sacris.
2590 2149 2749 2205 Idem
2802 2151 3135 2223 significare
3179 2154 3524 2216 charitatem
3559 2166 3616 2217 et

1971 2250 2255 2303 amorem,
2288 2253 2353 2291 ac
2383 2254 2511 2307 quis
2544 2238 2624 2293 sit
2653 2240 2870 2295 amoris
2907 2241 3187 2299 efficacia.

2044 2324 2540 2393 Contemperantis.
2574 2328 2635 2382 Id
2668 2333 2777 2396 est,
2802 2329 2951 2384 inter
2972 2346 3033 2385 se
3057 2332 3361 2391 miscentis
3393 2354 3459 2392 ea
3491 2355 3616 2411 quso

1968 2417 2187 2467 amant.

2039 2503 2193 2557 140
2223 2508 2456 2574 Propter
2482 2505 2798 2576 pulchrum.
2834 2508 2995 2571 Quod
3047 2511 3192 2567 dixit
3241 2518 3432 2582 antea,
3464 2516 3613 2571 divi-

1969 2607 2109 2645 num
2144 2609 2401 2647 amorem
2436 2595 2933 2664 prmexsistentem
2968 2601 3031 2653 in
3061 2601 3195 2657 bono
3226 2604 3520 2675 peperisse
3551 2606 3609 2662 in

1967 2680 2136 2735 nobis
2167 2697 2448 2749 amorem,
2482 2699 2584 2753 per
2613 2700 2787 2754 quem
2824 2686 3043 2742 bonum
3077 2691 3427 2761 appetimus.

2035 2770 2062 2840 ξ
2092 2771 2243 2825 XIII.
2277 2770 2603 2826 Emstaticus.
2643 2774 2715 2827 De
2744 2776 2961 2830 exstasi
2992 2779 3210 2833 amoris
3241 2780 3362 2835 sive
3394 2783 3606 2838 viz-tute

1963 2874 2080 2927 qua
2111 2863 2364 2913 mentem
2396 2860 2466 2914 de
2506 2876 2612 2914 suo
2663 2866 2813 2916 statu
2862 2863 3137 2935 dimovet,
3159 2867 3337 2922 David
3375 2870 3549 2925 etiam
3589 2888 3601 2924 :

1960 2947 2067 3015 Ego
2098 2946 2156 3000 di
2164 2946 2221 3001 τί
2252 2949 2311 3001 in
2341 2963 2560 3002 excessu
2588 2966 2703 3005 meo
2734 2951 2834 3021 (ὁ).

2032 3036 2137 3103 Qui
2156 3038 2409 3092 excessit.
2434 3037 2683 3093 Observa
2705 3042 2997 3110 quomodo
3025 3042 3385 3116 intelligatur
3409 3046 3562 3101 istud
3586 3062 3599 3101 :

1960 3124 2065 3191 Qui
2093 3127 2325 3179 excessit
2349 3126 2474 3181 Deo.

2025 3214 2370 3270 Audendum.
2423 3216 2619 3285 Ipsum
2679 3233 2913 3289 quoque
2970 3219 3154 3275 Deum
3215 3237 3412 3277 amare
3466 3224 3602 3278 uni-

1955 3320 2139 3358 versa.

2027 3395 2175 3447 (Iane
2201 3393 2264 3447 ob
2294 3375 2520 3447 causam
2568 3393 2738 3448 etiam
2787 3396 3018 3451 zelotem
3049 3398 3230 3453 illum.
3265 3401 3387 3465 Quo
3418 3417 3597 3457 sensu

1950 3485 2105 3537 Deus
2153 3480 2382 3535 dicatur
2431 3480 2667 3550 zelotes,
2713 3483 2867 3538 velut
2923 3490 3151 3541 amator
3206 3486 3415 3541 salutis
3471 3506 3595 3543 om-

1950 3570 2139 3625 nium.

2016 3661 2044 3725 §
2076 3658 2220 3712 XIV.
2255 3659 2405 3726 Quid
2429 3675 2592 3729 porro
2639 3659 2877 3717 tandem.
2912 3661 3225 3717 Cbaritatis
3268 3664 3504 3735 quidem
3538 3669 3594 3721 et

1947 3749 2185 3813 amoris,
2220 3749 2418 3818 ipsum
2463 3764 2672 3819 nempe
2704 3749 2907 3817 Deum,
2934 3756 3230 3807 auctorem
3262 3759 3319 3807 et
3348 3768 3589 3823 genera-

1944 3842 2130 3891 torem
2164 3836 2275 3903 ait;
2308 3838 2432 3905 ipse
2475 3838 2632 3892 enim
2688 3839 2807 3893 haec
2838 3856 2963 3909 quae
2996 3840 3150 3895 intra
3196 3842 3391 3911 ipsum
3424 3849 3589 3897 erant

1944 3925 2218 3997 produxit
2247 3926 2316 3979 ad
2352 3930 2532 3992 extra,
2551 3928 2607 3980 id
2636 3932 2723 3981 est
2749 3933 3072 3997 creaturas;
3108 3930 3333 4000 hacque
3364 3931 3587 3987 ratione

1942 4015 2194 4070 dicitur:
2228 4017 2366 4069 Deus
2393 4014 2636 4069 charitas
2663 4020 2739 4069 est
2760 4016 2851 4085 (ε),
2877 4033 2942 4071 ac
2973 4017 3030 4070 in
3054 4019 3281 4074 cantico
3312 4019 3586 4074 similiter

1940 4104 2177 4160 charitos
2206 4107 2470 4169 vocatur;
2508 4120 2831 4173 rursusque
2869 4104 3091 4159 dulcedo
3140 4112 3195 4160 et
3242 4108 3586 4163 desiderium

1940 4193 2096 4264 quod
2129 4196 2217 4247 est
2246 4207 2431 4245 amor:
2466 4192 2587 4261 ipse
2614 4198 2810 4245 autem
2842 4196 2930 4246 est
2962 4193 3018 4245 id
3053 4196 3206 4262 quod
3235 4212 3365 4250 vere
3398 4197 3587 4263 diligi-

1938 4282 2054 4336 bile
2085 4297 2151 4334 ac
2181 4279 2459 4345 amabile;
2493 4284 2784 4349 quatenus
2807 4296 2942 4351 ergo
2970 4282 3294 4337 amatorius
3326 4302 3489 4339 amor
3520 4304 3587 4340 ex

1930 4386 2036 4440 pso
2074 4371 2401 4439 promanat,
2435 4366 2559 4437 ipse
2597 4366 2780 4435 hujus
2812 4368 3044 4438 genitor
3076 4370 3301 4423 moveri
3336 4371 3587 4438 dicitur;

1951 4461 2241 4529 quatenus
2274 4459 2469 4511 autem
2499 4461 2587 4510 est
2616 4454 2671 4509 id
2719 4457 2870 4527 quod
2904 4473 3035 4511 vere
3081 4457 3332 4513 amabile
3362 4476 3428 4513 ac
3457 4460 3592 4514 dili-

1933 4545 2152 4618 igibile,
2188 4548 2380 4600 movet
2423 4561 2548 4615 qua:
2594 4544 2751 4599 hunc
2799 4545 3143 4617 respiciunt,
3177 4551 3232 4600 et
3261 4549 3477 4619 quibus
3507 4550 3594 4604 vis

1860 4627 1908 4691 D
1943 4633 2253 4707 appetendi
2287 4633 2573 4688 convenit.

2014 4722 2323 4778 Amabilem
2343 4738 2407 4776 ac
2426 4722 2706 4777 dilectum.
2736 4721 3004 4794 Intellige
3027 4723 3207 4778 Deum
3238 4724 3452 4781 habere
3476 4726 3591 4781 vim

1943 4811 2272 4870 adducendi
2304 4811 2373 4866 ad
2408 4811 2755 4866 amatoriam
2787 4811 2847 4865 in
2880 4811 3091 4882 spiritu
3115 4815 3595 4869 communicatio-

1944 4920 2100 4972 nem,
2134 4904 2189 4956 id
2241 4905 2330 4957 est
2383 4902 2557 4972 hujus
2610 4902 3013 4973 mediatorem,
3067 4921 3132 4959 ac
3183 4922 3284 4975 per
3331 4906 3586 4975 seipsum

1943 4991 2381 5048 conciliatorem
2414 5006 2564 5060 esse,
2589 4995 2653 5045 ut
2685 4990 2807 5062 ipse
2831 5008 2863 5046 a
2894 4992 3019 5047 suis
3050 4992 3334 5047 creaturis
3365 4999 3594 5050 ametur

1942 5098 2010 5137 ac
2039 5079 2348 5150 diligatur;
2381 5078 2524 5134 dicit
2553 5083 2748 5134 autem
2784 5078 2896 5133 vim
2928 5080 3197 5135 movendi
3230 5080 3464 5152 habere,
3490 5089 3595 5139 aut

1943 5172 2273 5225 moventem
2305 5166 2537 5238 singula
2588 5166 2911 5222 secundum
2958 5167 3254 5237 propriam
3284 5170 3590 5242 rationem,

1191 5519 1424 5577 VARIE
1464 5522 1858 5583 LECTIONES
1897 5527 1990 5584 ET
2029 5512 2593 5585 CORRECTIONES.

265 5644 304 5721 1°
325 5644 604 5721 θεοφόρος.
708 5650 747 5684 τί
779 5646 1111 5707 ἐπιστατέον.

208 5712 245 5747 ⁷⁷
268 5712 500 5774 ’ἑκαστὸνζ

505 5849 768 5940 Panos.
817 5853 929 5913 Gn.
975 5852 1076 5913 IV.

1214 5653 1260 5688 ¹¹²
1289 5652 1382 5716 τὰς
1409 5659 1506 5709 τοῦ
1563 5656 1696 5715 Σολ.
1744 5658 1971 5736 γραφάς.

2073 5663 2118 5696 ⁷³
2151 5660 2387 5716 ἒνοῦντα.
2494 5660 2538 5694 “¹⁴
2567 5658 2802 5733 εἴρηται.
2909 5664 2952 5699 ⁷⁵
2982 5660 3207 5737 ἐρῶντα.
3314 5666 3359 5703 ⁷⁸
3388 5666 3600 5723 ἑαυτοῦ.

3234 5864 3270 5921 9
