4080 6366
427 394 533 448 267

1246 390 1609 444 APPENDIX
1648 391 1743 441 AD
1782 385 2023 440 OPERA
2059 387 2116 438 S.
2156 384 2471 439 DIONYSII
2511 385 3016 442 AREOPAGITE.

3732 381 3840 435 268

428 522 494 574 ut
523 517 593 573 ad
640 516 839 587 ipsum
870 515 1304 569 convertantur.
1339 516 1517 566 Porro
1550 525 1764 565 nomen
1815 525 2072 581 προαγω-

2189 506 2324 580 πρὸς
2355 506 2515 560 αὐτὸν
2547 508 2591 543 ⁷⁸
2621 503 3052 579 ἐπιστρέφεσθαι.
3109 501 3189 560 Τό
3240 499 3297 557 δὶ
3340 505 3441 568 τῆς
3485 503 3837 578 προαγωγίας

427 606 542 680 γία,
590 603 882 676 promotio,
916 601 1025 656 etsi
1073 601 1228 673 apud
1280 601 1555 672 profanos
1606 597 1900 670 significet
1945 611 2069 651 rem

2189 588 2376 667 ὄνομα,
2410 594 2455 649 εἲ
2483 596 2571 649 καὶ
2605 595 2752 665 παρᾶ
2795 597 2915 657 τοῖς
2958 596 3064 647 τῶν
3116 590 3308 663 ἔξωθεν
3358 596 3585 668 πρᾶγμα
3632 592 3838 665 σημαί-

426 698 742 767 impuram,
775 695 1028 745 attamen
1057 689 1152 743 hio
1182 687 1324 743 dicit
1361 686 1840 743 intercessionem
1872 682 2069 740 conci-

424 783 710 839 liatricem
743 778 1028 836 unitionis
1058 794 1191 831 cum
1221 776 1357 831 Deo.

496 873 561 927 Et
587 872 685 925 illo
714 868 935 942 quidem
964 874 1234 921 movetur.
1266 864 1415 919 Nota
1438 863 1692 918 divinam
1726 861 2068 930 motionem,

426 961 487 1016 in
518 977 635 1032 qua
664 961 949 1026 movetur,
982 960 1038 1012 et
1070 954 1160 1011 sui
1194 958 1285 1009 est
1316 957 1615 1025 promotor
1644 956 1703 1007 et
1732 954 1955 1006 motum
1987 950 2071 1005 fa-

429 1050 589 1106 ciens
621 1049 797 1105 Deus.

501 1141 574 1194 Ac
602 1138 852 1193 eximias.
889 1132 1186 1189 Amatoris
1211 1147 1345 1187 cum
1381 1132 1492 1186 Deo
1523 1130 1731 1195 unitio,
1755 1131 1993 1202 praestat
2020 1133 2075 1183 et

2180 703 2257 738 νει
2317 683 2416 738 οὐκ
2462 683 2669 760 εὐαγὲς,
2722 680 2848 739 ἀλλ’
2900 681 3124 737 ἐνταῦθα
3169 682 3269 751 τὴν
3320 680 3573 756 πρόξενον
3620 687 3720 751 τῆς
3782 682 3835 737 ἐν

2183 775 2299 843 Θεῷ
2327 770 2571 834 ἐνώσεως
2608 771 2875 845 μεσιτείαν
2909 770 3068 843 φησί.

2253 861 2349 914 Καὶ
2399 862 2460 915 τὸ
2503 862 2595 934 μὲν
2645 865 2893 918 κινεῖται.
2946 856 3265 933 Σημείωσαι
3309 858 3524 929 κίνησιν
3581 859 3751 931 θείαν,
3782 858 3835 914 ἐν

2181 947 2218 1023 ᾖ
2244 954 2469 1004 κινεῖται
2515 948 2605 1004 καὶ
2656 949 2819 1005 αὐτοῦ
2861 948 2973 1004 ἐστι
3018 948 3369 1024 προαγωγεὺς
3413 947 3508 1002 καὶ
3554 947 3841 1019 κινητικὸς

2243 1037 2395 1097 Θεός.

2184 1037 2212 1094 ὁ
2243 1037 2341 1093 Θεό
2382 1082 2395 1097 ,

2255 1059 2373 1183 Kc;
2416 1130 2514 1197 τῆς
2571 1127 2924 1205 ἐξῃρημένης.
2998 1128 3063 1185 Ἠ
3129 1124 3266 1203 πρός
3327 1126 3456 1182 Θεὸν
3520 1126 3837 1203 ἀγαπητικὴ

431 1225 826 1298 supereminet
854 1222 1011 1279 omni
1052 1220 1343 1289 unitione;
1386 1217 1724 1293 ἐξῃρημένην
1758 1218 1940 1289 igitur
1968 1233 2072 1272 su-

2189 1214 2375 1280 ἕνωσις
2434 1216 2613 1287 πάσης
2683 1217 2941 1292 ἐξῄρηται
3010 1216 3099 1272 καὶ
3180 1217 3487 1293 ὁπερκειται
3545 1216 3838 1281 ἐνώσεως·

430 1316 716 1389 perierem
748 1316 945 1379 vocat;
991 1310 1132 1366 dicit
1158 1326 1293 1365 vero
1326 1324 1581 1365 amorem
1614 1307 1875 1363 divinum
1910 1305 2073 1376 prin-

428 1405 563 1477 cipii
595 1411 648 1458 et
688 1402 825 1457 ﬁnis
855 1404 1168 1473 expertem,
1206 1402 1267 1454 ut
1315 1415 1385 1454 ex
1436 1399 1588 1454 bono
1642 1396 2071 1469 procedentem,

428 1497 486 1549 et
533 1494 604 1548 ad
653 1492 871 1547 bonum
904 1490 1245 1545 redeuntem
1294 1486 1465 1558 quasi
1513 1484 1819 1541 circularis
1861 1484 2071 1555 ﬁgura,

426 1579 904 1654 quandoquidem
937 1582 994 1633 et
1026 1576 1327 1633 circularis
1365 1576 1521 1631 linea
1551 1573 1845 1630 occultum
1876 1572 2071 1644 habet,

425 1672 582 1728 unde
638 1668 965 1741 inccsperit,
1005 1671 1063 1722 et
1116 1666 1216 1721 ubi
1276 1663 1543 1732 desierit;
1606 1662 1767 1735 atqui
1825 1678 1894 1718 ex
1947 1661 2074 1733 ipso

424 1755 719 1833 appetitus
767 1756 925 1824 boni,
974 1760 1030 1812 et
1078 1755 1292 1809 iterum
1353 1754 1413 1808 in
1470 1753 1667 1825 ipsum
1723 1750 1979 1823 aspicit:
2012 1750 2071 1805 in

425 1849 621 1921 seipso
672 1850 869 1903 autem
919 1848 976 1901 et
1023 1847 1133 1914 est,
1174 1846 1230 1899 et
1278 1844 1425 1897 141
1480 1844 1677 1897 manet
1724 1856 1888 1895 amor
1937 1856 2074 1895 con-

425 1936 711 1994 naturalis
740 1932 1040 2001 bonitalis,
1073 1948 1138 1988 ao
1170 1947 1374 1988 eorum
1406 1946 1532 2001 qua:
1578 1930 1653 1986 ad
1694 1929 1915 1985 bonum
1946 1932 2072 1985 ten-

427 2027 597 2082 dunt

494 2114 831 2169 Amatoriam
868 2110 1189 2166 motionem.
1240 2108 1605 2164 Amatoriam
1662 2105 1802 2163 boni
1862 2104 2072 2161 motio-

425 2220 582 2274 nem,
616 2200 1113 2273 praeexsistentem
1164 2199 1222 2254 in
1271 2197 1445 2264 bono,
1478 2195 1830 2268 simplicem,
1864 2210 1928 2249 ac
1973 2210 2075 2266 per

423 2309 486 2348 se
516 2292 859 2355 motionem,
888 2291 1062 2360 atque
1085 2304 1154 2344 ex
1174 2288 1326 2343 bono
1349 2286 1840 2359 progredientem,
1865 2299 2073 2338 rursus

420 2380 480 2436 in
514 2380 666 2436 idem
707 2382 1064 2445 convertere,
1095 2393 1228 2432 cum
1280 2375 1566 2449 principio
1598 2379 1656 2430 et
1694 2374 1809 2429 ﬁne
1858 2374 2072 2439 careat,

420 2470 578 2541 quod
598 2468 859 2524 declarat
880 2466 1206 2539 appetitum
1233 2469 1501 2520 nostrum
1525 2479 1660 2534 erga
1683 2461 2070 2517 divinitatem.

420 2560 567 2614 Nota
595 2574 728 2613 vero
778 2557 1055 2628 deinceps
1088 2555 1281 2611 dicere
1325 2557 1674 2625 perpetuum
1707 2568 1835 2607 esse
1872 2550 2073 2605 orbem

422 2647 482 2702 in
516 2648 688 2715 bono,
714 2646 1118 2718 progrediente
1148 2643 1387 2715 quidem
1418 2643 1545 2713 ipso
1576 2641 1645 2696 ad
1679 2637 2075 2710 intelligibilia

425 2742 481 2791 et
510 2735 773 2803 sensilia,
804 2734 1021 2789 iterum
1055 2738 1251 2787 autem
1283 2731 1355 2786 ad
1396 2747 1459 2786 se
1501 2734 1848 2793 revertente,
1873 2744 1937 2782 sc
1968 2743 2072 2782 ne-

427 2840 542 2895 que
569 2827 785 2889 stante,
818 2838 1008 2894 neque
1039 2823 1327 2876 cessante.

953 2915 1035 2966 Ex
1064 2909 1186 2965 divo
1226 2907 1546 2964 Hierotheo.

498 2998 668 3067 §XV.
700 2999 977 3054 Amorem.
1009 2996 1178 3051 Disce
1225 2996 1519 3066 quomodo
1571 3009 1824 3063 magnus
1872 2992 2070 3048 Hiero-

424 3088 598 3143 theus
628 3086 846 3158 optime
876 3086 947 3140 de
974 3084 1269 3140 laudando
1321 3099 1519 3139 amore
1568 3080 1847 3149 disserat;
1884 3081 2072 3152 primo

2102 1888 2151 1955 B

2185 1306 2525 1383 ἐξῃρημένην
2582 1304 2671 1361 οὖν
2727 1308 2827 1375 τὴν
2883 1305 3148 1383 ἀνωτέραν
3209 1304 3372 1380 φησίν
3409 1325 3423 1339 ⁸
3487 1303 3727 1382 ἄναρχον
3783 1303 3843 1362 δὲ

2184 1396 2273 1451 καὶ
2304 1393 2659 1467 ἀτελεύτητον
2715 1392 2808 1451 τὸν
2860 1399 3002 1459 θεῖον
3059 1392 3237 1472 ἔρωτα
3289 1392 3465 1470 λέγει,
3522 1395 3596 1457 ὡς
3653 1395 3713 1450 ἐκ
3740 1398 3843 1451 τοῦ

2184 1484 2382 1559 ἀγαθοῦ
2412 1480 2695 1559 προϊόντα,
2728 1484 2817 1540 καὶ
2848 1485 2983 1561 πρὸς
3033 1484 3096 1540 τὸ
3142 1485 3336 1561 ἀγαθὸν
3370 1482 3844 1561 ἐπαναστρέφοντα

2183 1575 2319 1631 κατὰ
2344 1581 2537 1651 σχῆμα
2559 1571 2819 1629 κυκλικόν
2847 1593 2859 1606 ·
2892 1573 3004 1628 ἐπεὶ
3049 1573 3139 1629 καὶ
3188 1576 3224 1644 ἡ
3267 1576 3365 1628 τοῦ
3417 1572 3624 1629 κύκλου
3655 1594 3842 1649 γραμ-

2188 1664 2265 1737 μὴ
2298 1662 2358 1719 ού
2388 1664 2662 1740 γνώριμον
2696 1659 2813 1738 ἔχει
2861 1661 2978 1718 ὅθεν
3030 1660 3253 1738 ἤρξατο,
3303 1661 3395 1717 καὶ
3436 1662 3498 1718 οὗ
3527 1660 3789 1732 κατέληξε
3824 1705 3841 1720 .

2182 1754 2271 1808 καὶ
2304 1750 2407 1829 γάρ
2443 1751 2493 1823 ἐξ
2521 1751 2685 1807 αὐτοῦ
2717 1755 2751 1822 ἠ
2801 1756 2897 1807 τοῦ
2944 1751 3149 1827 ἀγαθοῦ
3200 1746 3403 1826 ἔφεσις,
3452 1749 3543 1806 καὶ
3573 1751 3649 1814 εἷς
3682 1750 3845 1807 αύτὸν

2186 1840 2355 1899 πάλιν
2387 1842 2486 1917 ὁρᾷ
2520 1862 2532 1875 ⁵
2568 1840 2619 1897 ἒν
2666 1841 2841 1913 ἑαυτῷ
2891 1839 2949 1896 δὶ
2997 1840 3087 1896 καὶ
3141 1838 3251 1896 ἔστι
3296 1841 3385 1896 καὶ
3443 1843 3593 1915 μένει
3619 1842 3683 1897 τὸ
3714 1839 3839 1917 ἰρᾷν

2179 1938 2278 2000 τῆς
2310 1932 2587 2009 συμφυοῦς
2636 1928 2990 2007 ἂγαθότητος,
3038 1928 3129 1985 καὶ
3178 1934 3286 1985 τῶν
3336 1929 3473 2004 πρὸς
3521 1929 3585 1984 τὸ
3635 1930 3839 2005 ἀγαθὸν

2180 2020 2631 2093 ἀνατεινομένων.

2252 2110 2551 2182 Ἐρωτικὴν
2597 2128 2829 2177 κινησιν.
2875 2108 2999 2164 ’Ότι
3063 2108 3098 2177 ἡ
3157 2105 3392 2182 ἐρωτική
3447 2104 3682 2179 κίνησις,
3742 2111 3843 2163 τοῦ

2182 2198 2380 2272 ἀγαθοῦ
2420 2196 2881 2272 προῦπάρχουσα,
2927 2195 2978 2250 ἐν
3038 2199 3117 2267 τῷ
3180 2195 3370 2271 ἀγαθῷ
3415 2193 3565 2266 ἁπλῆ
3626 2196 3715 2251 καὶ
3748 2195 3843 2251 αύ-

2178 2288 2463 2356 τοκίνητος
2507 2284 2659 2353 οὖσα,
2703 2284 2792 2339 καὶ
2852 2283 2911 2339 ἐκ
2956 2288 3054 2339 τοῦ
3111 2284 3313 2358 ἀγαθοῦ
3369 2288 3659 2359 προϊοῦσα,
3691 2284 3846 2350 αὖθις

2182 2374 2270 2430 ἐπὶ
2327 2377 2389 2430 τὸ
2444 2374 2573 2430 αὐτὸ
2632 2372 2962 2450 ἐπιστρέφει,
3032 2371 3394 2442 ἀτελεύτητος
3452 2374 3544 2428 καὶ
3602 2372 3842 2451 ἄναρχος

2183 2464 2335 2532 οὖσα,
2370 2465 2502 2537 ὅπερ
2554 2462 2721 2533 δηλοῖ
2767 2463 2865 2531 τήν
2913 2464 3075 2534 ἡμῶν
3133 2458 3312 2539 ἕφεσιν
3372 2463 3509 2537 πρὸς
3562 2463 3625 2518 τὸ
3669 2468 3838 2527 θεῖον.

2184 2553 2499 2624 Σημείωσαι
2532 2551 2610 2624 δί,
2644 2553 2731 2607 ὅτι
2783 2549 2958 2609 ἀΐδιον
3002 2550 3205 2607 κύκλον
3254 2553 3464 2625 προϊών
3510 2572 3672 2629 φησιν
3706 2553 3842 2607 εἶναι

2182 2641 2235 2697 ἐν
2262 2647 2341 2697 τῶ
2372 2642 2580 2717 ἀγαθῷ,
2613 2640 2905 2716 προϊόντος
2956 2640 3049 2713 μὶν
3102 2639 3266 2694 αὐτοῦ
3310 2638 3398 2694 ἐπὶ
3441 2641 3511 2695 τὰ
3547 2640 3718 2710 νοητά
3744 2639 3839 2695 καὶ

2182 2730 2433 2802 αἰσθητὰ,
2490 2728 2653 2785 πάλιν
2703 2726 2760 2783 δὲ
2815 2728 2951 2800 πρὸς
3004 2726 3189 2783 ἐαυτὸν
3254 2726 3686 2806 ὑποστρέφοντος
3743 2730 3836 2784 καὶ

2186 2822 2325 2892 μήτε
2344 2820 2655 2892 ἱσταμένου,
2688 2819 2825 2889 μήτε
2855 2816 3147 2892 λήγοντος.

2641 2907 2737 2963 Ἐκ
2758 2910 2859 2959 τοῦ
2890 2905 3048 2980 ἁγίου
3078 2906 3364 2980 Ἱεροθὲου.

2250 2997 2429 3067 §XV.
2474 2999 2549 3070 [α]
2593 2996 2699 3052 Τὸν
2750 2992 2945 3069 ἔρωτα.
2995 2994 3347 3065 Ἐπίστησον,
3408 2993 3557 3056 ὅπως
3608 2995 3774 3073 μέγας
3798 2999 3845 3035 τι

2180 3087 2439 3160 Ἰεροθεος
2486 3085 2554 3140 τὰ
2598 3083 2721 3156 περὶ
2778 3087 2874 3138 τοῦ
2918 3081 3199 3138 ἐπατνετοῦ
3247 3081 3449 3160 ἔρωτος
3500 3081 3694 3158 ἄριστα
3749 3107 3845 3160 φι-

426 3175 660 3247 quidem
678 3174 880 3229 dicens
898 3173 1097 3245 ipsum
1120 3169 1891 3242 divinum,quandoquidem
1917 3169 2072 3225 Deus

2189 3172 2409 3249 λοσοφεῖ
2439 3193 2453 3206 ⁸
2486 3178 2702 3248 πρῶτον
2736 3172 2851 3244 μὶν,
2903 3176 3043 3235 θεῖον
3093 3171 3252 3227 αὐτὸν
3298 3170 3494 3246 λέγων,
3528 3170 3717 3242 ἐπειδὴ
3749 3172 3846 3228 καὶ

425 3264 505 3319 sit
535 3262 742 3319 eximie
771 3278 837 3319 ac
869 3262 995 3317 sine
1026 3277 1203 3316 causa
1238 3262 1461 3330 primus
1484 3263 1685 3315 auctor
1715 3260 1932 3313 amoris
1964 3274 2071 3313 cce-

2189 3247 2398 3337 πρῶτον
2440 3247 2613 3316 αἴτιον
2652 3265 2749 3315 τοῦ
2800 3259 3052 3335 οὐρανίου
3092 3254 3294 3335 ἔρωτος
3327 3261 3354 3314 ὁ
3386 3260 3514 3323 Θεός
3548 3261 3689 3315 ἐστιν
3719 3260 3846 3333 ἐξη-

427 3350 621 3419 lestis;
655 3350 704 3406 si
747 3351 902 3406 enim
954 3365 1117 3405 amor
1146 3359 1234 3404 est
1284 3348 1560 3413 charitas,
1584 3347 1739 3401 sicut
1787 3352 1960 3401 antea
1990 3347 2078 3400 di-

424 3445 608 3506 ctum,
642 3444 699 3495 et
729 3440 1016 3511 scriptum
1049 3443 1138 3494 est
1165 3439 1349 3493 Deum
1387 3437 1734 3492 charitatem
1767 3451 1917 3503 esse,
1954 3451 2079 3490 ma-

425 3530 705 3585 nifestum
736 3535 824 3585 est
854 3529 1039 3583 Deum
1072 3544 1202 3582 esse
1228 3527 1490 3582 omnium
1520 3541 1779 3581 amorem
1804 3542 1909 3580 seu
1943 3525 2078 3580 cha-

424 3620 658 3674 ritatem
691 3635 874 3672 unum
916 3616 1298 3684 efficientem;
1331 3615 1494 3669 illinc
1530 3614 1714 3687 igitur
1751 3631 1854 3685 per
1883 3620 2074 3671 trans-

428 3707 790 3778 gressionem
830 3704 1200 3776 progreditur
1246 3704 1318 3758 ad
1368 3702 1626 3773 angelos,
1672 3704 1829 3757 unde
1875 3704 2072 3774 ipsum

429 3810 662 3867 quoque
693 3792 1019 3865 angelicum
1042 3791 1200 3861 dicit,
1230 3791 1329 3845 ubi
1362 3790 1610 3845 maxime
1640 3790 1903 3845 divinum
1938 3790 2072 3845 uni-

2190 3352 2441 3423 ρημένως
2468 3350 2557 3405 καὶ
2590 3348 2842 3412 ἀναιτίως
2872 3366 2885 3381 ·
2922 3348 2967 3402 εἰ
3013 3348 3114 3425 γὰρ
3168 3349 3196 3403 ὁ
3240 3343 3377 3424 ἔρως
3420 3349 3582 3413 αὐτός
3628 3351 3772 3405 ἐστιν
3806 3354 3842 3421 ἠ

2163 3439 2395 3515 ἀγάπη,
2428 3439 2501 3495 ὡς
2541 3438 2888 3513 προείρηται,
2937 3438 3235 3512 γέγραπται
3289 3436 3368 3508 δὶ,
3421 3437 3504 3493 ὅτι
3536 3439 3666 3501 Θεὸς
3698 3438 3841 3515 ἀγά-

2184 3526 2430 3597 πη,ἐστὶ,
2465 3525 2635 3596 δῆλον
2686 3525 2767 3581 ὅτι
2812 3525 3027 3580 πάντων
3079 3525 3331 3588 ἓνοποιὸς
3379 3524 3519 3601 ἔρως
3545 3525 3670 3596 ἤτοι
3704 3528 3843 3602 ἀγάι-

2183 3637 2259 3686 πη
2312 3618 2341 3671 ὁ
2382 3617 2509 3678 Θεός
2566 3614 2730 3671 ἐστιν.
2778 3616 3011 3678 Ἐκεῖθεν
3066 3615 3155 3669 οὗν
3209 3609 3585 3687 μεταϐατικῶς
3646 3617 3839 3691 aposi-

2183 3726 2263 3759 σιν
2296 3705 2377 3759 ἐπ’
2418 3702 2681 3781 ἀγγέλους
2716 3722 2729 3737 °
2775 3702 2896 3767 ὅθεν
2943 3704 3029 3757 καὶ
3085 3701 3379 3778 ἀγγελικὸν
3429 3704 3590 3758 αὐτόν
3645 3726 3838 3781 φησιν,

2180 3792 2305 3848 ἔνθα
2364 3792 2601 3866 μάλιστα
2651 3791 2741 3846 καὶ
2798 3792 2891 3845 τὸν
2949 3797 3050 3861 τῆς
3115 3791 3369 3862 ὲνότητος
3434 3790 3580 3865 εὕροι
3640 3814 3724 3855 τις
3778 3791 3840 3848 ἂν

428 3885 566 3940 tatis
595 3898 852 3939 amorem
874 3880 1089 3952 aliquis
1116 3880 1385 3951 reperiat,
1410 3879 1556 3933 nihil
1577 3879 1732 3934 enim
1759 3879 2069 3935 dissonum

2189 3880 2355 3956 ἔρωτα
2384 3884 2524 3937 θεῖον
2562 3900 2573 3914 ·
2606 3878 2761 3936 οὐδὲν
2792 3880 2893 3956 γὰρ
2944 3879 3273 3956 ἀσύμφωνον
3313 3878 3350 3949 ἤ
3382 3883 3670 3951 στασιάζον
3705 3883 3838 3957 παρ’

423 3976 523 4029 aut
555 3970 905 4027 seditiosum
929 3969 1082 4040 apud
1116 3968 1294 4039 ipsos.
1318 3967 1537 4022 Deinde
1568 3971 1701 4039 post
1727 3967 1985 4039 angelos,
2011 3973 2069 4023 et

2189 3970 2358 4033 ιύτοῖς
2394 3991 2406 4003 ·
2441 3973 2555 4025 εἶτα
2589 3971 2703 4042 μετ’
2753 3966 3035 4043 ἀγγέλους,
3090 3968 3181 4023 καὶ
3222 3968 3410 4045 νοερόν
3443 3991 3605 4049 φησιν
3632 3968 3836 4047 ἔρωτα,

421 4060 849 4133 intelligentem
895 4057 977 4114 ait
1023 4073 1307 4127 amorem,
1338 4056 1396 4111 id
1428 4059 1536 4123 est,
1571 4056 1630 4110 in
1680 4055 1822 4111 viris
1872 4056 2066 4113 divina

2189 4058 2414 4114 τουτέστι
2457 4060 2605 4134 παρὰ
2641 4057 2925 4135 θεοσόφοις
2980 4054 3258 4132 ἀνδράσιν,
3317 4054 3380 4112 οἷ’
3429 4056 3533 4113 εΐσι
3578 4065 3678 4129 τῆς
3708 4062 3836 4114 Ἐκ-

418 4148 807 4221 sapientibus,
830 4147 930 4220 qui
969 4150 1109 4203 sunt
1148 4145 1414 4202 Ecclesiae
1449 4162 1462 4200 :
1498 4146 1568 4201 de
1600 4145 1817 4217 quibus
1848 4145 2064 4203 Paulus

2189 4147 2403 4220 ιλησίας
2440 4168 2451 4182 ·
2484 4148 2621 4223 πρὸς
2651 4146 2742 4209 οὓς
2794 4148 2821 4201 ὁ
2872 4144 3087 4208 Παῦλός
3134 4167 3322 4220 φησιν,
3356 4152 3446 4201 Ῑνα
3472 4149 3536 4203 τὸ
3568 4149 3703 4203 αὐτὸ
3738 4147 3832 4204 λέ-

415 4239 592 4295 dicit:
619 4236 691 4294 Ut
721 4238 875 4293 idem
908 4237 1157 4306 dicatur,
1184 4240 1241 4292 et
1285 4238 1488 4290 caetera
1516 4234 1605 4306 (θ),
1633 4250 1696 4313 ac
1731 4235 2010 4291 Dominus
2043 4252 2056 4291 :

2189 4260 2350 4311 mret,
2394 4238 2484 4293 καὶ
2540 4236 2606 4291 τὰ
2662 4237 2821 4307 ἑξῆς·
2882 4236 2968 4290 καὶ
3030 4236 3058 4291 ὁ
3114 4234 3333 4309 Κύριος,
3392 4238 3505 4293 Ἵνα
3563 4238 3693 4292 ὦσιν
3747 4237 3830 4305 ἓν,

415 4330 481 4386 Ut
510 4331 628 4384 sint
656 4343 847 4393 unum,
880 4328 1020 4382 sicut
1049 4334 1102 4381 et
1132 4339 1228 4379 nos
1275 4340 1445 4379 unum
1490 4339 1676 4379 sumus
1698 4326 1799 4393 (e);
1833 4327 1889 4380 et
1937 4325 2059 4381 haec

2189 4329 2345 4389 ιαθὼς
2402 4325 2489 4381 καὶ
2549 4328 2713 4398 ἡμεῖς
2783 4320 2839 4379 ἓν
2914 4322 3096 4396 ἐσμεν.
3175 4325 3274 4378 Καὶ
3322 4328 3491 4379 ταῦτα
3553 4325 3647 4399 μὶν
3700 4328 3830 4401 περὶ

410 4418 649 4489 quidem
679 4418 770 4487 |de
800 4414 954 4470 veris
986 4412 1332 4468 Christianis
1365 4429 1377 4466 :
1414 4416 1615 4483 postea
1662 4428 1793 4468 vero
1824 4414 1893 4470 de
1926 4415 2057 4469 uni-

2189 4420 2271 4469 ’ὧν
2328 4414 2378 4488 ἐξ
2438 4413 2696 4485 ἀληθείας
2748 4414 3123 4487 Χριστιανῶν·
3185 4410 3379 4467 λοιπὸν
3441 4411 3498 4468 δὲ
3547 4414 3636 4469 καὶ
3697 4416 3831 4488 περὶ

404 4504 590 4560 versis
613 4503 973 4569 hominibus,
994 4503 1050 4557 in
1075 4501 1291 4573 quibus
1312 4500 1402 4557 lex
1425 4500 1714 4573 amicitiis,
1741 4502 2053 4561 rationales

2189 4507 2376 4560 πάντων
2409 4501 2733 4578 ἀνθρώπων,
2789 4502 2849 4557 ἐκ
2907 4502 2987 4566 οἶς
3046 4504 3073 4557 ὁ
3124 4502 3247 4578 περῖ
3300 4500 3487 4577 φιλίας
3526 4502 3698 4577 νόμος
3728 4507 3824 4562 7".

406 4597 602 4650 autem
651 4593 881 4647 animas
911 4590 1309 4663 intelligentes
1357 4593 1528 4645 antea
1574 4591 1817 4662 vocavit,
1851 4592 1935 4647 sic
1985 4610 2051 4649 ex

2194 4594 2252 4656 ὰς
2283 4591 2341 4648 δὶ
2372 4592 2595 4666 λογικὰς
2645 4591 2827 4680 ψυχὰς
2875 4590 3064 4666 νοεράς
3109 4595 3399 4665 προσεῖπεν
3452 4590 3512 4646 ἐκ
3538 4597 3636 4647 τοῦ
3671 4593 3824 4649 θείου

403 4682 601 4737 divina
634 4684 828 4735 mente
874 4678 1178 4751 appellans
1212 4696 1225 4734 :
1261 4677 1575 4734 animalem
1610 4695 1739 4735 vero
1789 4697 2046 4737 amorem

2189 4686 2248 4737 οὗ
2300 4682 2612 4757 προσειπὼν
2678 4679 2841 4742 αὐτάς
2871 4699 2883 4714 ο
2934 4681 3170 4755 ψυχικὸν
3230 4677 3288 4735 δέ
3339 4678 3592 4737 ἐκάλεσεν
3644 4677 3827 4758 ἔρωτα

402 4769 727 4827 nominavit
757 4767 1095 4824 sensibilem
1121 4768 1428 4823 brutorum
1463 4768 1805 4838 amicitiam,
1831 4770 2043 4826 mentis

2189 4772 2241 4825 ὂν
2274 4774 2380 4824 τῶν
2416 4767 2655 4845 ἀλόγων,
2693 4769 2792 4837 τὴν
2841 4766 3164 4838 αἲσθητικὴν
3199 4766 3406 4845 φιλίαν,
3441 4766 3600 4824 ἄνουν
3634 4770 3823 4844 μέντοι

398 4860 671 4931 equidem
718 4861 1015 4930 expertem
1058 4872 1069 4909 :
1112 4872 1179 4911 ex
1226 4856 1509 4912 amatoria
1558 4857 1665 4913 hac
1718 4857 1951 4927 virtute,
1987 4864 2043 4916 et

2189 4857 2412 4929 ηλονότι
2447 4877 2459 4890 ·
2492 4857 2551 4914 ἐκ
2578 4858 2680 4933 γὰρ
2710 4864 2812 4927 τῆς
2859 4856 3126 4933 ἐρωτικῆς
3168 4855 3374 4927 ταύτης
3408 4854 3695 4932 δυνάμεως
3726 4861 3822 4915 καὶ

393 4948 660 5003 volucres
705 4946 992 5019 gregatim
1022 4944 1239 5012 volant,
1273 4949 1335 4999 ut
1385 4945 1572 5017 cygni,
1606 4952 1663 5000 et
1693 4963 1951 5016 anseres,
1984 4951 2041 5003 et

2189 4949 2321 5019 τηνά
2352 4944 2619 5023 ἀγεληδὸν
2671 4944 2950 5016 ’ίπτανται,
2996 4945 3072 5009 ὡς
3109 4942 3321 5015 κύκνοι,
3365 4944 3453 5000 καὶ
3500 4953 3692 5021 χῆνες,
3722 4948 3819 5004 καὶ

392 5052 587 5109 grues,
621 5040 677 5091 et
707 5036 884 5104 corvi,
917 5038 973 5090 et
1011 5050 1138 5105 quae
1188 5033 1434 5102 similia;
1471 5050 1535 5089 ac
1573 5036 1872 5091 terrestria
1902 5037 2037 5108 qui—

2189 5038 2384 5109 ἑρανοι,
2416 5035 2504 5090 καὶ
2535 5035 2783 5110 κόρακες,
2816 5034 2905 5088 καὶ
2940 5032 3041 5087 ὅσα
3069 5036 3292 5088 τοιαῦτα
3315 5053 3327 5066 ·
3361 5034 3603 5105 καὶπεζὰ
3627 5038 3821 5109 μέντοι

391 5126 525 5179 dem
557 5128 697 5180 sunt
742 5124 903 5191 talia,
936 5123 1111 5194 cervi,
1145 5124 1339 5195 boves,
1372 5128 1428 5179 et
1468 5140 1599 5195 quae
1628 5124 1828 5180 affinis
1859 5132 2033 5197 sunt;

2196 5125 2246 5180 σὶ
2275 5129 2518 5193 τοιαῦτα,
2550 5119 2769 5200 ἔλαφοι,
2822 5122 2964 5196 βόες,
3011 5122 3101 5176 καὶ
3148 5123 3217 5176 τὰ
3272 5122 3637 5198 παραπλήσια
3671 5144 3686 5158 ·
3721 5131 3821 5184 καὶ

390 5217 567 5284 atque
596 5211 878 5278 natantia,
902 5214 965 5267 ut
993 5210 1200 5283 thynni
1230 5216 1287 5267 et
1315 5210 1543 5283 cephali
1569 5229 1671 5269 seu
1696 5213 1946 5285 mugiles
1967 5231 2033 5272 ae

2189 5215 2312 5286 qu.th
2368 5211 2425 5268 δέ
2478 5213 2634 5286 εἰσιν,
2700 5211 2775 5274 ὡς
2838 5210 3041 5280 θύννοι,
3107 5210 3196 5267 καὶ
3254 5209 3508 5288 κέφαλοι,
3569 5215 3663 5270 καὶ
3717 5215 3821 5272 ὅσα

454 5388 530 5461 (d)
562 5387 817 5461 Philipp.
847 5404 909 5457 ιι,
939 5390 995 5443 2.
1069 5389 1144 5462 (ε)
1175 5388 1344 5448 Joan.
1378 5406 1518 5463 xvu,
1552 5389 1643 5450 11.

1381 5559 1625 5618 VARI/ﬂ
1665 5559 2056 5622 LEGTIONES
2095 5562 2185 5620 ET
2222 5560 2780 5622 CORREGTIONES.

446 5694 489 5729 ⁷⁸
520 5691 727 5749 ἑαυτόν.
803 5693 848 5730 ⁷⁵
878 5692 905 5745 ὁ
940 5691 1122 5766 μέγας.
1200 5692 1273 5729 ⁷⁹¹¹
1309 5689 1495 5767 λόγος.
