4080 6366
178 454 276 509 269

923 459 982 511 s.
1028 424 1302 516 MAXIM!
1341 461 1647 515 seaculi
1684 462 1759 515 IN
1797 462 1931 514 LIB.
1973 463 2069 514 DE
2108 460 2386 515 mvnus
2426 461 2843 516 NOMINIBUS.

3479 456 3585 510 270

179 572 541 654 ὁμοιότροπα.
577 579 674 633 Καὶ
727 578 795 634 τὰ
854 581 929 651 μή
983 578 1213 656 ἀγελαῖα
1273 581 1330 637 δὲ
1376 584 1513 658 πρὸς
1565 584 1664 650 τήν
1714 586 1820 636 τῶν

1948 600 2063 654 quae
2095 584 2456 654 hujusmodi.
2491 584 2618 640 Non
2662 584 2920 656 gregalia
2949 600 3105 651 vero,
3138 582 3275 639 hinc
3304 582 3480 638 etiam
3514 583 3582 638 ad

178 666 524 741 ὁμοστοίχων
561 664 786 722 σύνοδον
811 661 954 723 ἔνθεν
986 674 1288 730 κινοῦνται.
1320 671 1554 726 Φυσικὸν
1577 669 1635 725 δὲ
1651 667 1827 746 ἓρωτα

178 776 300 833 φησι
327 755 420 810 τὸν
457 759 571 810 τῶν
596 755 826 833 ἀψύχων
844 756 935 812 καὶ
957 760 1291 830 ἀναισθήτων
1320 760 1457 815 κατὰ
1482 762 1582 830 τὴν
1605 758 1822 827 ἐκτικήν

179 840 619 914 ἐπιτηδειότητα,
650 844 773 913 ἤτοι
804 852 906 915 τῆς
947 847 1265 917 ποιότητος,
1300 848 1546 924 ἐρώντων
1596 852 1694 903 τοῦ
1726 845 1823 918 δη-

182 935 440 1007 μιουργοῦ
474 929 567 987 διὰ
592 933 656 988 τὸ
705 934 794 988 ὑπ’
827 935 995 990 αὐτοῦ
1045 937 1377 992 συνεστάναι·
1410 939 1544 993 κατὰ
1596 938 1688 992 οὖν
1727 937 1826 1004 τὴν

180 1022 435 1092 ζωτικὴν,
495 1019 622 1091 ἤτοι
680 1022 779 1091 τήν
840 1026 1072 1099 φυσικὴν
1103 1024 1337 1096 κίνησιν,
1387 1026 1477 1082 καὶ
1529 1026 1663 1081 αὐτὰ
1702 1025 1822 1081 ἐπέ-

178 1129 437 1175 στραπται
471 1109 611 1184 πρὸς
643 1112 733 1166 τὸν
769 1113 927 1170 Θεόν.

243 1202 453 1269 δΧνΙ.
486 1200 711 1272 Ἐπειδὴ
768 1202 896 1265 τοὺς
953 1203 1014 1259 ἐκ
1067 1209 1164 1260 τοῦ
1224 1207 1361 1269 ἑνός·
1422 1205 1527 1262 Καὶ
1576 1203 1687 1260 ἄνω
1746 1203 1825 1259 εἷ’-

175 1309 364 1361 πομεν,
397 1291 564 1365 νοερὰ
593 1292 687 1364 μὲν
720 1292 851 1346 εἶναι
880 1293 946 1347 τὰ
975 1297 1219 1363 νοοῦντα,
1253 1295 1425 1366 νοητὰ
1473 1293 1530 1350 δὲ
1572 1295 1640 1351 τὰ
1668 1295 1825 1350 νοού-

180 1398 343 1450 μενα,
401 1378 497 1433 καὶ
559 1380 849 1450 ἀζητήτως
911 1383 980 1436 τὰ
1031 1384 1192 1457 νοερὰ
1253 1379 1658 1460 ὑπερϐαίνεσθαι
1723 1384 1826 1438 ὑπὸ

173 1470 279 1520 τῶν
308 1471 549 1537 νοητῶν·
580 1466 702 1531 ὅθεν
755 1471 842 1524 καὶ
879 1471 1085 1548 τροφὴν
1141 1472 1273 1527 εἶναι
1317 1478 1425 1527 τῶν
1461 1472 1730 1528 νοούντων
1759 1475 1827 1527 τὰ

174 1555 465 1627 νοούμενον
528 1560 637 1611 τῶν
696 1557 791 1611 οῦν
850 1564 1062 1629 νοητῶν
1112 1559 1179 1615 τὰ
1221 1562 1379 1635 νοερὰ
1420 1561 1533 1635 ἐρᾷ,
1580 1562 1655 1622 ὡς
1703 1561 1826 1615 ἐπε-

174 1641 495 1717 στραμμένα
543 1646 682 1720 πρὸς
728 1644 881 1717 αὐτὰ,
930 1648 1019 1702 καὶ
1069 1643 1250 1723 ὥσπερ
1304 1645 1698 1719 ἀναϐεϐηκότα·
1733 1648 1827 1721 ἐρᾷ

175 1729 231 1786 δὶ
260 1732 350 1787 καὶ
381 1734 451 1787 τὰ
479 1734 652 1803 νοητὰ
669 1739 777 1789 τῶν
800 1741 1002 1808 νοερῶν
1031 1742 1413 1810 προνοητικῶς
1434 1743 1514 1810 τῷ
1543 1736 1825 1812 μεταδιδό-

172 1843 255 1875 ναι
282 1828 384 1890 τῆς
414 1819 539 1891 ἴσης
577 1823 869 1898 ὠφελείας·
904 1823 1264 1902 ὡμολόγηται
1314 1826 1431 1895 οὖν,
1481 1826 1563 1881 ὅτι
1616 1828 1668 1882 οἱ
1715 1831 1822 1882 τῶν

172 1909 435 1964 τοιούτων
496 1908 693 1984 ἔρωτες
750 1913 1067 1987 ὑπερεστᾶσι
1117 1920 1227 1970 τῶν
1276 1915 1588 1987 αἰσθητῶν,
1651 1914 1829 1971 Ἀλλὰ

175 2003 363 2067 ταῦτα,
397 2000 577 2072 οἶμαι,
610 2000 782 2069 νοητὰ
809 2001 899 2056 καὶ
930 2005 1093 2077 νοερὰ
1123 2004 1332 2081 εἷ’ρηται
1366 2004 1426 2060 ἐκ
1459 2008 1705 2081 μετοχῆς
1729 2010 1825 2059 τοῦ

178 2084 334 2149 ὄντος
391 2089 620 2162 ἀγαθοῦ,
667 2094 891 2145 τοιαῦτα
938 2092 1219 2166 γενόμενα.
1272 2096 1338 2151 Οἱ
1388 2092 1445 2149 δὲ
1503 2094 1825 2165 αύτονόητοι

178 2172 376 2249 ἔρωτες
427 2178 481 2230 οἱ
539 2178 676 2232 θεῖοί
708 2177 843 2233 εἷ’σιν
899 2179 1014 2235 ἀντὶ
1046 2185 1144 2236 τοῦ
1194 2183 1244 2235 οἱ
1297 2188 1393 2237 τοῦ
1442 2188 1595 2238 Θεοῦ·
1644 2183 1825 2258 ὥσπερ

175 2266 277 2339 γάρ
317 2264 460 2319 ἐστιν
505 2264 702 2340 ἀγαθὸν
752 2268 906 2338 ᾧτινί
963 2267 1104 2324 ἐστιν
1156 2270 1377 2344 ἀγαθὸν,
1434 2272 1523 2326 καὶ
1573 2270 1712 2327 ἄλλο
1762 2272 1826 2326 τὸ

180 2351 372 2415 ἁπλῶς
421 2353 616 2429 ἀγαθὸν
664 2355 755 2409 καὶ
804 2355 933 2411 αὐτὸ
981 2360 1042 2411 τὸ
1093 2359 1310 2434 ἀγαθόν·
1362 2358 1533 2422 οὕτως
1578 2360 1690 2415 ἐστὶ
1737 2362 1827 2415 καὶ

178 2444 374 2511 νοητὸν
407 2443 471 2497 τύ
511 2464 618 2498 τινι
650 2444 867 2513 νοητὸν,
900 2447 991 2500 ἅτε
1035 2447 1331 2520 νοούμενον
1384 2450 1473 2504 ὑπ’
1511 2450 1698 2516 αὐτοῦ,
1737 2450 1827 2503 καὶ

179 2528 371 2592 ἁπλῶς
401 2532 629 2600 νοητὸν;
656 2534 765 2608 οὐχ
794 2535 869 2595 ὡς
901 2536 929 2589 ὁ
955 2536 1155 2610 χρόνος
1187 2538 1220 2605 ἢ
1251 2537 1279 2590 ὁ
1310 2538 1506 2599 τόπος·
1529 2539 1700 2608 νοητὰ
1724 2538 1827 2613 γὰρ

176 2619 267 2673 καὶ
325 2620 515 2688 ταῦτα,
570 2620 686 2675 ἆπεί
750 2624 826 2693 μή
881 2623 1129 2694 αἰσθητὰ,
1191 2625 1337 2680 ἀλλὰ
1391 2631 1517 2689 νοῦς
1568 2631 1776 2697 νοητῶν
1812 2673 1828 2699 ,

176 2708 417 2783 ἐνέργεια
443 2706 542 2774 ὢν,
583 2709 673 2765 καὶ
735 2714 859 2783 ζῶν,
916 2712 1005 2766 καὶ
1057 2715 1192 2783 ζωή·
1237 2716 1303 2768 τὰ
1345 2715 1446 2790 γὰρ
1495 2716 1629 2787 μετὰ
1668 2719 1831 2770 τοῦτο

176 2798 346 2866 νοητὰ
403 2796 465 2852 ἐκ
520 2800 804 2869 ζητήσεως
856 2801 947 2854 καὶ
1003 2808 1104 2870 τῆς
1163 2803 1287 2878 περὶ
1336 2804 1405 2858 τὰ
1459 2799 1832 2878 προϐλήματα

176 2885 507 2950 ἀκολουθίας
541 2885 900 2963 εὑρίσκουσιν,
932 2887 967 2958 ἢ
1000 2887 1049 2962 ἒξ
1082 2889 1477 2966 ἀποκαλύψεως
1516 2890 1756 2968 ἔχουσιν.

252 3241 524 3313 ’Άσχετος
598 3239 761 3296 αἰτία.
831 3241 1101 3315 ’Ἂσχετόν
1180 3265 1311 3317 φησι
1368 3245 1431 3299 τὸ
1507 3244 1780 3301 ἀπόλυτον

1815 3292 1830 3320 9

1936 673 2167 743 parium
2226 673 2563 728 societatem
2624 676 2949 728 moventur.
3012 670 3351 728 Naturalem
3413 688 3586 744 porro

1936 777 2194 817 amorem
2226 762 2366 817 dicit
2406 778 2540 816 eum
2574 778 2689 832 quo
2720 761 2928 816 animae
2962 766 3019 816 et
3051 778 3262 816 sensus
3302 762 3583 832 expertia,

1934 850 2217 906 habituali
2240 851 2571 922 aptitudine
2590 867 2692 905 seu
2717 849 3001 922 qualitate
3020 855 3338 905 creatorem
3362 855 3581 914 amant,

1934 944 2241 1011 propterea
2271 940 2424 1010 quod
2477 940 2549 995 ab
2581 939 2708 1010 ipso
2742 940 3026 1011 producta
3074 938 3220 1006 sint;
3257 940 3582 995 secundum

1932 1027 2169 1083 vitalem
2199 1028 2381 1101 igitur
2401 1034 2456 1083 et
2487 1028 2816 1084 naturalem
2845 1028 3186 1094 motionem,
3212 1027 3332 1083 hinc
3355 1044 3585 1098 quoque

1934 1118 2005 1173 ad
2038 1117 2222 1172 Deum
2258 1121 2694 1173 convertuntur.

2004 1206 2210 1272 §XVI.
2258 1206 2537 1273 Quoniam
2560 1222 2629 1262 ex
2670 1222 2800 1261 uno.
2847 1206 3119 1262 Diximds
3154 1205 3333 1261 etiam
3380 1222 3581 1277 supra.

1932 1294 2092 1367 νοερά
2130 1311 2259 1351 esse
2305 1294 2372 1349 τὰ
2422 1299 2646 1348 νοοῦντα
2678 1312 2780 1350 seu
2813 1312 2940 1365 qua:
2993 1296 3145 1351 I42
3198 1295 3537 1367 intelligunt
3572 1311 3585 1350 :

1932 1383 2103 1448 νοητά
2131 1399 2264 1439 vero
2295 1383 2363 1436 τὰ
2390 1384 2656 1455 νοούμενα
2677 1400 2779 1438 seu
2804 1400 2930 1455 quae
2962 1384 3395 1455 intelliguntur,
3423 1400 3488 1439 ac
3512 1384 3589 1439 si-

1934 1488 2009 1527 ne
2039 1472 2218 1527 dubio
2249 1472 2411 1544 νοερά
2438 1472 2703 1542 superari
2744 1473 2816 1527 ab
2860 1472 2933 1526 iis
2966 1489 3093 1543 qua)
3127 1471 3539 1543 intelliguntur
3570 1488 3583 1527 :

1934 1560 2185 1631 ideoque
2225 1559 2292 1613 τὰ
2336 1558 2619 1632 νοούμενα,
2654 1577 2782 1616 esse
2830 1561 3173 1616 alimentum
3222 1577 3425 1616 eorum
3457 1578 3584 1633 quae

1934 1648 2295 1720 intelligunt,
2342 1665 2477 1720 ergo
2518 1647 2586 1701 τὰ
2630 1647 2790 1721 νοερά
2834 1664 2964 1719 quae
3003 1647 3343 1718 intelligunt
3378 1652 3587 1703 amant

1935 1754 2003 1793 ea
2033 1754 2164 1807 quae
2211 1738 2643 1810 intelliguntur,
2669 1742 2735 1791 ut
2764 1738 2833 1792 ad
2868 1753 2929 1792 se
2977 1753 3277 1806 conversa,
3311 1752 3376 1790 ac
3406 1735 3589 1791 veluti

1934 1826 2410 1883 transcendentia
2442 1844 2455 1883 ε
2489 1826 2555 1879 τὰ
2604 1827 2776 1893 νοητά
2817 1842 2950 1881 vero
3001 1825 3360 1897 providendo
3390 1832 3590 1880 amant

1937 1931 2004 1970 ea
2035 1932 2160 1987 quin
2194 1915 2626 1987 intelliguntur,
2652 1914 2935 1986 aequalem
2967 1913 3454 1970 communicando
3480 1915 3591 1969 uti-

1935 2005 2188 2073 litatem;
2225 2005 2423 2075 itaque
2464 2004 2522 2059 in
2578 2005 2841 2059 conlesso
2874 2008 2984 2071 est,
3018 2018 3248 2058 amores
3296 2002 3591 2074 ejusmodi

1936 2108 2213 2164 superare
2244 2092 2555 2147 sensilium
2590 2109 2840 2148 amores.
2875 2092 3138 2147 Arbitror
3167 2090 3437 2162 equidem
3470 2090 3590 2147 haec

1937 2181 2092 2235 dicta
2121 2197 2251 2236 esse
2278 2180 2450 2247 νοητά
2472 2186 2527 2236 et
2546 2180 2707 2251 νοερά
2729 2182 2882 2251 quod
2907 2197 2975 2235 ex
3002 2179 3448 2252 participatione
3468 2179 3587 2233 veri

1936 2269 2074 2324 boni
2102 2269 2244 2324 talia
2272 2270 2640 2325 efﬁciantur:
2670 2270 2770 2341 qui
2795 2286 2926 2325 vero
2959 2286 3061 2340 per
3091 2286 3155 2324 se
3183 2267 3584 2340 intelligibiles

1937 2374 2185 2426 amores,
2219 2364 2358 2413 sunt
2388 2358 2592 2426 divini,
2618 2375 2742 2429 pro,
2766 2362 2907 2413 sunt
2949 2358 3073 2428 Dei;
3108 2356 3261 2413 sicut
3307 2357 3465 2412 enim
3496 2362 3586 2411 est

1937 2447 2156 2501 bonum
2190 2447 2281 2501 cui
2312 2452 2400 2501 est
2433 2448 2673 2514 bonum,
2706 2450 2763 2501 et
2792 2446 2949 2501 aliud
2984 2447 3203 2501 bonum
3236 2445 3588 2516 simpliciter

1939 2538 1996 2590 et
2025 2535 2219 2607 ipsum
2252 2536 2501 2603 bonum;
2536 2535 2619 2590 ita
2639 2535 2815 2590 etiam
2849 2540 2938 2590 est
2959 2533 3155 2601 νοητόν
3186 2551 3286 2590 seu
3318 2535 3587 2599 intelligi-

1941 2623 2079 2690 bile,
2134 2622 2279 2679 illud
2328 2625 2482 2695 quod
2533 2622 2704 2679 alicui
2750 2622 3143 2695 intelligibile,
3176 2628 3468 2693 quatenus
3518 2622 3590 2676 ab

1939 2710 2041 2767 illo
2073 2712 2442 2785 intelligitur,
2475 2716 2529 2766 et
2570 2711 2920 2783 simpliciter
2964 2710 3357 2782 intelligibile,
3382 2727 3493 2765 non
3527 2714 3594 2764 ut

1938 2807 2175 2873 tempus
2220 2805 2321 2856 aut
2369 2800 2554 2867 locus,
2593 2801 2709 2855 haac
2741 2800 2896 2855 enim
2947 2801 3123 2856 etiam
3174 2799 3591 2870 intelligibilia,

1940 2908 2073 2947 cum
2109 2907 2223 2945 non
2258 2889 2378 2944 sint
2406 2889 2848 2954 sensibilia,sed
2883 2888 3213 2943 intellectus
3244 2886 3591 2958 intelligibi-

1938 2981 2107 3048 lium,
2140 2995 2274 3035 cum
2308 2978 2386 3034 sit
2415 2979 2686 3048 efﬁcacia,
2711 2982 2767 3032 et
2794 2980 3002 3045 vivens,
3026 2982 3083 3033 et
3112 2980 3222 3033 vita
3242 2994 3262 3033 :
3285 2993 3412 3048 quae
3438 2977 3595 3032 enim

1941 3069 2217 3139 deinceps
2233 3066 2631 3138 intelligibilia
2647 3084 2715 3122 ex
2734 3066 3120 3137 inquisitione
3138 3070 3195 3122 et
3210 3065 3451 3137 sequela
3468 3082 3596 3137 pro-

1942 3157 2299 3230 positionum
2332 3156 2661 3225 inveniunt,
2697 3160 2797 3209 aut
2828 3173 2895 3210 ex
2927 3154 3278 3210 revelatione
3311 3155 3544 3209 habent.

2013 3245 2467 3316 Incomprehensa
2500 3246 2600 3300 illa
2622 3261 2811 3310 causa,
2831 3245 2926 3299 Gr.
2952 3239 3202 3315 ἄσχετος.
3232 3245 3335 3299 Per
3363 3242 3590 3315 ἄσχετον

182 3329 250 3382 οὗ
298 3328 440 3401 πρὸς
487 3330 551 3383 τὸ
595 3333 698 3383 πᾶν
747 3326 976 3402 οὐδεμία
1023 3330 1229 3406 σχέσις,
1262 3330 1385 3401 ἤτοι
1423 3333 1695 3408 οἰκειότης
1729 3318 1830 3414 φυέ

1948 3333 2218 3405 intelligit
2263 3333 2538 3402 liberum,
2573 3334 2742 3403 cujus
2791 3348 2924 3386 cum
2977 3332 3249 3388 universo
3296 3330 3460 3386 nulla
3506 3336 3595 3387 est

180 3420 306 3486 σική
316 3461 330 3474 .

251 3507 477 3576 δχνιῐ.
534 3507 822 3561 ’Λπάντων
900 3506 1088 3570 ὀλικὸς
1147 3508 1284 3580 ἔρως
1319 3553 1331 3566 .
1394 3510 1576 3567 Εἴπὼν
1646 3511 1832 3569 ὁλικὸν

179 3590 376 3665 ἔρωτα,
410 3592 581 3663 δηλοῖ
630 3596 717 3649 καὶ
773 3595 1051 3670 μερικοὺς,
1084 3596 1255 3673 λέγων
1286 3599 1375 3653 τὸν
1421 3601 1547 3655 Θεὸν
1582 3603 1712 3656 εῖναι
1741 3604 1833 3657 τὸν

180 3681 367 3737 ὁλικὸν
399 3683 492 3736 καὶ
541 3683 633 3736 τὸν
693 3686 933 3757 μερικὸν,
988 3685 1062 3747 ὡς
1113 3685 1286 3740 αἷθτιον
1340 3688 1429 3742 καὶ
1476 3695 1605 3743 πᾶσι
1655 3709 1834 3765 χορη-

180 3776 381 3845 γοῦντα
425 3772 566 3826 κατᾶ
609 3772 709 3840 τήν
755 3771 980 3827 ἑκάστου
1029 3772 1279 3847 δύναμιν,
1334 3774 1598 3851 ἐρωτικήν
1668 3778 1835 3833 οἱονεὶ

182 3859 491 3936 ἀπορροήν.
564 3864 693 3920 Πῶς
746 3857 836 3914 οῦν
890 3861 917 3912 ὁ
962 3861 1090 3923 Θεὸς
1136 3862 1196 3916 τὸ
1245 3861 1375 3918 ὅλον
1423 3864 1514 3917 καὶ
1561 3866 1623 3919 τὸ
1674 3866 1836 3939 μέρος

186 3949 589 4024 ἀνεκφοιτήτως
645 3948 820 4019 ἑαυτῷ
878 3949 1087 4020 συνὼν,
1145 3950 1275 4005 εἶναι
1336 3948 1575 4025 δύναται,
1632 3952 1691 4009 ἐκ
1739 3958 1836 4009 τοῦ

190 4040 561 4111 σπερματικοῦ
620 4034 787 4110 λόγου
847 4037 1010 4113 σαφὲς
1068 4036 1233 4093 ἔσται·
1295 4036 1418 4094 ὅταν
1481 4043 1575 4114 μὶν
1625 4042 1727 4117 γὰρ
1774 4044 1836 4097 τὸ

192 4124 400 4200 σπέρμα
448 4123 766 4186 ἀδιακόπως
800 4126 941 4197 ὁμοῦ
973 4125 1049 4188 εἷς
1088 4128 1189 4194 τὴν
1244 4131 1454 4203 μήτραν
1488 4127 1835 4204 καταϐληθῇ,

194 4213 242 4268 ἓν
274 4212 625 4268 ἀποτελεῖται
652 4214 714 4267 τὸ
748 4208 1007 4289 ἔμϐρυον·
1041 4214 1128 4269 ἐὰν
1182 4213 1238 4270 δὲ
1289 4220 1519 4293 μερισθῇ
1563 4220 1625 4275 τὸ
1675 4221 1838 4297 σπέρ-

202 4314 267 4372 μα
298 4302 373 4364 εἰς
409 4301 709 4379 διαφύρους
757 4300 1013 4365 κύστιδας
1054 4310 1155 4373 τῆς
1202 4306 1436 4381 μήτρας,
1478 4303 1702 4362 ἕκαστον
1747 4310 1840 4382 μὲ-

196 4410 283 4463 ρος
313 4388 631 4465 ὁλόκληρον
666 4385 901 4465 ἔμϐρυον
952 4389 1229 4447 ἀποτελεῖ·
1263 4392 1408 4448 ἔσται
1459 4392 1515 4449 δὲ
1551 4401 1649 4451 τοῦ
1679 4396 1841 4473 σπὲρ-

200 4501 361 4547 ματος
421 4479 486 4533 τὸ
549 4479 643 4551 μὲν
704 4476 895 4552 ῥὶς,τὸ
957 4477 1014 4535 δὲ
1071 4480 1371 4558 ὀφθαλμοὶ,
1427 4484 1514 4538 καὶ
1571 4485 1639 4540 τὰ
1695 4486 1840 4557 ἑξῆς,

195 4566 280 4621 καὶ
311 4568 489 4621 πάντα
518 4565 719 4623 τέλεια.
754 4569 985 4639 ’Ὁμοιον
1036 4565 1125 4622 οὖν
1173 4589 1224 4622 τι
1256 4568 1345 4623 καὶ
1394 4570 1517 4645 περὶ
1565 4572 1654 4625 τὸν
1704 4594 1843 4627 παν-

1942 3423 2243 3489 connexio,
2278 3438 2379 3477 seu
2413 3420 2700 3476 naturalis
2734 3421 3078 3491 proprietas.

2014 3510 2245 3584 §XVII.
2292 3510 2494 3565 Totalis
2540 3509 2786 3563 omnium
2819 3523 2993 3563 amor.
3049 3506 3303 3562 Dicendo
3352 3505 3587 3562 totalem

1945 3616 2226 3667 amorem,
2289 3597 2545 3653 declarat
2600 3613 2829 3668 quoque
2889 3596 3291 3668 particulares,
3352 3595 3596 3651 dicendo

1945 3695 2126 3745 Deum
2160 3704 2288 3743 esse
2318 3686 2557 3742 totalem
2591 3692 2649 3741 et
2689 3685 3114 3757 particularem,
3148 3688 3214 3739 ut
3243 3701 3504 3753 causam,
3540 3690 3597 3738 ut

1946 3779 2219 3835 omnibus
2238 3794 2338 3849 pro
2353 3777 2637 3847 cujusque
2656 3780 2830 3847 captu
2860 3775 3213 3846 praebentem
3242 3774 3594 3829 amatorium

1944 3866 2122 3922 veluti
2153 3866 2497 3934 humorem;
2551 3863 2845 3934 quomodo
2897 3862 3080 3933 igitur
3113 3866 3263 3915 Deus
3316 3866 3507 3915 totum
3541 3865 3597 3914 et

1947 3972 2101 4027 pars,
2134 3954 2261 4009 sine
2290 3969 2527 4025 egressu
2575 3951 2685 4007 sibi
2732 3967 2989 4021 praesens
3030 3966 3160 4004 esse
3190 3949 3377 4020 possit
3406 3966 3474 4004 ex
3504 3964 3594 4002 sc-

1949 4044 2199 4100 minaria
2230 4044 2453 4099 ratione
2481 4040 2734 4112 patebit;
2787 4040 3020 4110 quando
3070 4038 3226 4093 enim
3272 4054 3470 4093 semen
3518 4038 3595 4092 si-

1949 4133 2071 4187 mul
2100 4135 2322 4203 absque
2370 4128 2796 4198 interruptione
2829 4127 2885 4180 in
2938 4127 3240 4181 matricem
3289 4127 3593 4194 deciderit,

1950 4239 2106 4278 unus
2139 4220 2436 4291 perficitur
2474 4218 2734 4287 embryo,
2768 4214 2818 4271 si
2870 4230 3001 4270 vero
3050 4230 3247 4269 semen
3300 4215 3597 4269 dividatur

1948 4310 2008 4364 in
2040 4310 2229 4364 varias
2261 4307 2520 4363 metricis
2560 4304 2823 4367 cellulas,
2868 4318 3231 4372 unaquaque
3272 4319 3408 4373 pars
3445 4302 3596 4357 inte-

1951 4414 2120 4470 grum
2154 4396 2381 4468 perﬁcit
2410 4394 2817 4464 embryonem;
2842 4392 2953 4446 erit
2975 4396 3171 4446 autem
3197 4391 3440 4446 seminis
3464 4408 3597 4463 pars

1954 4504 2073 4541 una
2102 4502 2304 4551 nasus,
2337 4484 2519 4538 altera
2557 4481 2733 4549 oculi,
2768 4484 2971 4551 sicque
3022 4480 3319 4551 deinceps,
3370 4481 3600 4535 omnia-

1955 4591 2068 4647 que
2089 4574 2361 4645 perfecta.
2388 4576 2590 4641 Itaque
2620 4570 2813 4625 simile
2832 4569 3053 4640 aliquid
3077 4570 3149 4624 de
3178 4570 3605 4639 perfectissima

195 4655 403 4712 τίλειον
447 4659 576 4710 νοῦν
623 4655 758 4711 κατὰ
801 4655 1096 4732 ἀναλογίαν
1147 4658 1468 4732 Θεωρητὲον·
1503 4658 1607 4730 ὅλη
1657 4663 1759 4737 γὰρ
1808 4666 1832 4716 ’ἱ

1954 4668 2148 4719 mente
2177 4661 2704 4725 considerandum;
2742 4676 2878 4713 nam
2911 4663 3033 4713 tota
3063 4658 3323 4713 elﬁcacia
3354 4658 3606 4730 comple-

205 4742 438 4820 ἱνὲργεια
470 4744 714 4821 περιέχει
745 4744 832 4799 καῖ
862 4745 929 4800 τὰ
980 4746 1141 4820 μὲρη·
1173 4750 1280 4800 τῶν
1310 4743 1366 4801 δὲ
1412 4753 1589 4824 μερῶν
1621 4746 1841 4805 ἕκαστον

205 4830 549 4907 ἀπήρτισται·
607 4833 696 4887 καὶ
740 4833 803 4888 τὸ
856 4833 949 4906 μὲν
1011 4831 1489 4907 αὐτοδικαιοσύνη,
1542 4838 1604 4892 τὸ
1654 4838 1710 4893 δὲ
1747 4841 1846 4895 αὐ-

208 4919 481 4995 τοανδρία,
517 4923 603 4976 καὶ
636 4921 702 4976 τὰ
732 4922 872 4992 ἑξῆς·
909 4923 1050 4977 οὕτω
1098 4923 1185 4977 καὶ
1241 4921 1364 4979 οὔτε
1408 4926 1728 5001 συγκέχυται
1779 4927 1856 4990 εἷς

214 5006 482 5079 ἀλλήλας,
517 5008 665 5065 άλλὰ
693 5010 781 5065 καὶ
823 5009 1017 5079 ἑκάστη
1069 5009 1420 5085 διακέκριται,
1450 5013 1537 5067 καὶ
1589 5013 1712 5071 οὕτε
1763 5038 1857 5089 με·

213 5097 286 5148 τὰ
313 5097 518 5169 ἀταξίας
550 5099 612 5153 τὸ
658 5096 958 5172 ἀδιαίρετον
1018 5098 1236 5175 ἔχουσιν
1290 5100 1339 5155 ἐν
1383 5107 1463 5173 τῷ
1505 5100 1850 5177 μεταλαμϐά-

217 5203 323 5239 νειν
350 5188 394 5223 ⁸ο
422 5187 601 5242 αὐτῶν
629 5183 853 5242 ἕκαστον
902 5190 977 5252 ὡς
1008 5186 1244 5247 δύναται.
1275 5194 1390 5244 Τῶν
1434 5192 1534 5267 γὰρ
1569 5190 1724 5247 εἰδῶν
1762 5214 1860 5265 με·

220 5271 547 5348 ταλαμϐάνει
578 5273 807 5339 ἕκαστος
851 5278 987 5352 πρὸς
1036 5279 1133 5345 τήν
1181 5277 1379 5335 οἰκείαν
1423 5278 1859 5351 ἐπιτηδειότητα·

227 5362 359 5419 οὕτω
386 5365 475 5420 καὶ
510 5367 539 5421 ὁ
571 5366 701 5428 θεὸς
747 5365 838 5421 καὶ
889 5364 1018 5422 ὅλον
1068 5369 1139 5405 '0'
1185 5368 1276 5422 καὶ
1328 5368 1464 5445 μὲρη
1513 5374 1610 5425 τοῦ
1639 5368 1861 5445 ἔρωτος.

1955 4754 2134 4809 otitur
2150 4752 2325 4807 etiam
2342 4756 2566 4820 partes;
2594 4747 2842 4819 singulae
2856 4753 3051 4801 autem
3078 4747 3293 4817 partim
3327 4747 3606 4802 absoluta:

1956 4846 2097 4897 sunt
2128 4858 2141 4895 :
2174 4846 2231 4895 et
2263 4840 2380 4893 haec
2412 4837 2649 4908 quidem
2684 4837 2811 4906 ipsa
2847 4836 3105 4906 justitia,
3165 4835 3269 4891 illa
3315 4852 3449 4890 vero
3480 4835 3611 4905 ipsa

1965 4930 2264 4993 fortitudo,
2299 4932 2356 4981 et
2384 4932 2619 4989 caetera;
2656 4926 2739 4978 sic
2771 4924 2945 4978 etiam
2980 4939 3163 4993 neque
3194 4923 3347 4979 inter
3378 4940 3439 4977 se
3468 4939 3609 4977 con-

1967 5016 2436 5083 funduntur,sed
2459 5014 2705 5085 singulae
2737 5013 3028 5066 distinctas
3053 5015 3220 5078 sunt;
3254 5026 3442 5082 neque
3476 5028 3611 5066 cum

1968 5106 2192 5163 ordinis
2222 5104 2663 5176 perturbatione
2705 5099 3176 5170 conjunctionem
3221 5099 3441 5154 habent
3479 5116 3612 5155 cum

1969 5195 2489 5269 singulaeipsarum
2510 5191 2860 5261 participent
2877 5193 3163 5259 quantum
3187 5195 3436 5258 possunt
3467 5191 3613 5243 :sin-

1969 5287 2118 5357 gulae
2151 5283 2307 5339 enim
2340 5282 2563 5352 species
2594 5278 2949 5352 participant
2971 5276 3141 5347 juxta
3172 5278 3465 5349 propriam
3507 5295 3616 5348 ap-

1970 5372 2313 5442 titudinem,
2345 5370 2428 5425 ita
2456 5369 2632 5424 etiam
2664 5367 2818 5422 Deus
2847 5369 2905 5421 et
2934 5369 3123 5422 totum
3154 5370 3211 5422 et
3239 5368 3457 5423 amoris
3488 5383 3621 5439 par-

1973 5466 2061 5518 tes
2091 5466 2199 5517 est.

1231 5635 1463 5695 VARUE
1497 5638 1883 5701 LECTIONES
1912 5642 2001 5699 ET
2033 5635 2597 5697 CORRECTIONES.

297 5758 341 5794 ”
368 5751 779 5832 διαλαμϐάνειν.
852 5759 923 5796 ⁸⁰⁶
950 5756 1101 5822 ὅλος.
