4080 6366
466 419 567 472 271

471 637 621 693 dixit
648 653 759 690 non
800 652 894 690 ens
925 638 1197 706 appetere
1246 633 1563 703 aliquando
1617 634 1861 703 bonum,
1885 649 1951 687 ac
1981 632 2126 688 velle

470 728 530 781 in
565 728 691 797 ipso
723 742 873 791 esse,
908 725 1061 795 quod
1095 740 1275 794 supra
1305 739 1538 793 quoque
1572 722 1774 793 paucis
1808 726 1942 776 ante
1974 721 2127 776 foliis

474 818 671 887 ipsum
704 815 994 869 dicentem
1025 812 1298 884 reperies,
1325 810 1592 882 quamvis
1614 828 1680 866 ex
1700 810 2008 882 gentilium
2037 811 2130 866 de-

472 908 796 960 clararetur
818 901 1112 973 dogmatis
1139 919 1151 955 :
1180 917 1393 972 magna
1416 900 1710 970 siquidem
1734 900 2132 955 controversia

474 1000 564 1049 est
595 994 747 1048 inter
776 990 1026 1063 gentiles
1058 994 1114 1044 et
1157 989 1507 1044 Manichaos
1538 1006 1822 1059 perversae
1854 989 2132 1044 doctrinae

474 1086 785 1155 patronos;
821 1083 1049 1151 oportet
1079 1077 1347 1150 pluribus
1374 1077 1683 1147 explicare,
1710 1078 1849 1148 quid
1878 1077 2132 1150 appelle-

477 1181 575 1226 tur
605 1187 713 1225 non
744 1185 862 1236 ens,
889 1172 945 1223 et
977 1184 1079 1223 cur
1113 1167 1274 1238 pium
1309 1182 1375 1221 ac
1406 1166 1806 1221 necessarium
1839 1168 1916 1222 sit
1949 1183 2132 1222 unum

475 1277 675 1317 rerum
726 1273 983 1313 asserere
1024 1255 1404 1326 principium.
1437 1260 1658 1310 Sanum
1708 1259 1797 1311 est
1844 1256 2001 1311 enim
2055 1256 2135 1311 ita

476 1349 726 1418 sentire;
759 1364 895 1403 nam
926 1345 1074 1399 illud
1106 1343 1302 1415 ipsum
1336 1349 1424 1399 est
1451 1344 1627 1411 Deus,
1656 1344 2137 1416 quandoquidem

476 1438 527 1492 si
565 1437 794 1492 diversa
853 1435 974 1489 sint
1032 1432 1341 1505 principia,
1376 1432 1617 1487 infinitae
1669 1433 1909 1488 omnino
1964 1438 2138 1489 erunt

476 1523 900 1582 multitudinis.
937 1522 996 1577 Si
1046 1522 1228 1592 igitur
1258 1521 1613 1593 principium
1674 1522 1912 1577 unicum
1961 1523 2133 1589 Deus,

472 1616 559 1671 ita
591 1614 745 1686 quod
778 1628 908 1667 vere
942 1616 1050 1679 est,
1086 1611 1261 1666 etiam
1307 1611 1504 1681 ipsum
1558 1611 1781 1665 bonum
1830 1615 1952 1678 est;
1990 1610 2135 1665 ratio

476 1708 672 1761 autem
732 1702 990 1757 inveniet
1047 1698 1379 1755 necessario
1436 1698 1609 1753 dictis
1660 1699 1985 1767 contraria;
2036 1699 2135 1754 ubi

474 1793 630 1848 enim
651 1790 1028 1864 principium,
1046 1788 1154 1844 erit
1171 1803 1403 1859 quoque
1427 1787 1757 1842 necessario
1776 1792 2126 1857 extremum,

472 1888 529 1939 ct
559 1882 609 1937 si
641 1881 719 1936 sit
748 1897 874 1949 ens,
901 1878 1011 1934 erit
1050 1893 1284 1948 quoque
1330 1894 1445 1931 non
1479 1892 1607 1943 ens,
1633 1876 1681 1932 si
1713 1876 1890 1931 etiam
1923 1877 2000 1932 sit
2028 1877 2136 1932 bo-

473 1987 641 2039 num,
666 1970 776 2023 erit
807 1983 1042 2038 quoque
1084 1965 1324 2020 malum.
1349 1965 1456 2019 Sed
1490 1964 1775 2035 quoniam
1808 1965 1966 2020 entia
1997 1970 2137 2020 sunt

477 2056 743 2113 cssentiaa
770 2060 825 2110 et
848 2056 1067 2122 formis,
1092 2070 1206 2108 non
1233 2069 1337 2108 ens
1359 2053 1609 2107 informe
1629 2058 1786 2108 esset
1806 2058 1862 2109 et
1882 2054 2137 2109 essentia

474 2149 717 2211 careret,
744 2144 969 2198 ratione
1014 2143 1138 2198 sola
1185 2141 1603 2213 conceptibile;
1636 2142 1744 2197 hoc
1796 2143 1973 2212 igitur
2020 2160 2134 2197 non

474 2251 578 2288 ens
608 2238 664 2287 et
693 2232 963 2299 informe,
998 2231 1225 2303 antiqui
1273 2232 1561 2289 vocabant
1602 2232 1932 2299 materiam,
1956 2248 2134 2303 quam

475 2323 651 2377 etiam
679 2326 997 2377 extremam
1021 2321 1455 2376 deformitatem
1479 2320 1877 2392 appellabant.
1898 2320 2135 2377 Materia

474 2428 609 2466 vero
641 2410 859 2465 dicitur
890 2426 1004 2465 non
1051 2426 1177 2475 ens,
1212 2426 1327 2464 non
1359 2410 1515 2480 quod
1550 2410 1790 2465 omnino
1840 2409 1987 2464 nihil
2037 2409 2134 2475 sit,

479 2501 577 2554 sed
614 2498 751 2568 quia
783 2515 897 2553 non
929 2502 1036 2564 est,
1063 2514 1266 2553 verum
1299 2499 1456 2552 enim
1501 2513 1606 2554 ens
1653 2498 1828 2568 Deus,
1853 2503 1910 2553 et
1938 2498 2135 2569 ipsum

479 2589 701 2642 bonum
732 2603 744 2640 :
775 2587 1024 2642 materia
1054 2587 1211 2641 enim
1243 2586 1421 2641 etiam
1452 2603 1521 2642 ex
1552 2604 1668 2641 non
1692 2588 1928 2642 entibus
1958 2603 1992 2641 a
2020 2587 2135 2641 Deo

480 2678 766 2749 producta
795 2682 904 2744 est,
925 2676 1025 2730 sed
1060 2692 1175 2730 non
1199 2676 1355 2730 sicut
1387 2675 1566 2746 aliqui
1591 2676 1985 2747 Opinabantur
2012 2675 2137 2730 sine

482 2768 671 2821 forma
700 2770 757 2821 et
800 2765 1021 2836 ﬁgura;
1056 2765 1305 2833 ideoque
1357 2764 1607 2819 materia
1637 2782 1750 2819 non
1784 2771 1872 2819 est
1919 2764 2135 2835 princi-

483 2853 647 2926 pium
698 2852 1031 2915 sensilium,
1065 2852 1165 2907 sed
1218 2852 1416 2923 potius
1446 2852 1694 2907 dicenda
1723 2857 1813 2907 est
1856 2868 2027 2922 posse
2070 2868 2137 2906 ea

487 2941 801 3012 complere,
823 2957 888 2995 ac
915 2946 1239 2996 extremum
1265 2940 1406 3010 quid
1434 2940 2003 3011 fundamentumque
2034 2957 2134 2995 en-

482 3031 652 3085 tium.
678 3031 865 3093 Quare
898 3045 1087 3100 neque
1114 3028 1214 3083 Dei
1246 3029 1460 3099 imago,
1488 3035 1553 3083 ut
1583 3029 1911 3099 rationalia,
1950 3046 2137 3099 neque

482 3134 617 3173 vere
641 3118 793 3172 entis
820 3116 1205 3172 simulacrum
1232 3134 1244 3171 :
1271 3116 1486 3172 sensile
1521 3122 1718 3172 autem
1750 3117 2135 3172 simulacrum

484 3207 643 3262 illius
664 3206 766 3277 qui
789 3221 919 3261 vere
942 3204 1330 3277 intelligibilis
1352 3210 1441 3260 est
1464 3205 1690 3274 mundi,
1716 3208 1872 3276 quod
1897 3205 2133 3275 sensile,

1293 418 1660 471 APPENDIX
1697 420 1795 470 AD
1834 418 2077 471 OPERA
2113 420 2172 473 Β.
2214 420 2532 474 ΒΙΟΝὙΒΙΙ
2569 418 3069 476 ΑΒΕΟΡΑΟΙΤΛΕ.

543 548 696 604 148
730 548 757 614 §
800 545 991 602 XVIII.
1027 544 1318 601 Desiderat
1376 546 1525 600 enim
1582 547 1786 617 ipsum.
1840 544 2127 608 Quoniam
2159 548 2213 613 Α

2164 1923 2213 1987 Β

3761 419 3853 473 272

2316 548 2567 615 §XVIII.
2627 545 2862 623 Ἐφίεται
2921 546 3023 619 γὰρ
3082 539 3549 611 αὑτοῦηἙπειδή
3602 546 3729 613 εἷπε,
3780 549 3858 602 xui

2234 634 2296 688 τὸ
2331 637 2405 707 μὴ
2439 636 2496 689 ὃν
2526 634 2764 713 ἐφίεσθαί
2815 655 2931 696 πως
2978 636 3075 688 τοῦ
3102 632 3329 708 ἀγαθοῦ,
3363 630 3454 685 καὶ
3500 630 3549 685 ἐν
3579 631 3714 705 αὐτῷ
3748 637 3861 709 βοό-

2237 721 2422 778 λεσθαι
2456 726 2610 793 εἶναι,
2644 723 2775 798 ὅπερ
2825 724 2911 777 καὶ
2979 723 3086 776 ἄνω
3136 723 3241 795 πρὸ
3293 720 3500 795 ὀλίγων
3546 720 3756 796 φύλλων
3788 726 3863 780 εὑ-

2240 814 2423 886 ρήσεις
2470 813 2627 867 αὑτὸν
2680 811 2928 886 λέγοντα,
2978 810 3027 865 εἴ
3083 811 3172 865 καὶ
3233 809 3283 879 ἐξ
3337 807 3672 879 Ἑλληνικῶν
3715 832 3863 889 σαφη-

2237 901 2437 969 νίζεται
2488 899 2798 977 δογμάτων·
2843 901 2979 977 πρὸς
3024 899 3123 975 γὰρ
3172 898 3455 969 Ἕλληνας
3505 900 3724 974 μάχεται
3772 903 3863 973 μάν

2240 987 2419 1058 λιστα,
2451 990 2540 1044 καὶ
2571 989 2916 1065 Μανιχαίους
2946 988 3071 1052 τοὺς
3099 992 3196 1043 τοῦ
3225 988 3394 1042 κακοῦ
3426 984 3687 1063 δόγματος
3718 1010 3862 1063 προε-

2243 1083 2470 1140 στῶτας
2525 1076 2605 1132 δεῖ
2646 1077 2981 1151 πλατύτερον
3036 1083 3399 1154 παραστῆσαι,
3453 1076 3505 1131 τί
3570 1075 3865 1150 ὀνομάζεται

2248 1169 2323 1238 μὴ
2372 1166 2454 1237 ὃν,
2503 1169 2592 1221 καὶ
2643 1166 2731 1223 διὰ
2786 1167 2837 1222 τί
2885 1167 3009 1239 μίαν
3062 1167 3238 1243 ἀρχὴν
3289 1170 3395 1219 τῶν
3453 1160 3617 1219 ὄντων
3675 1162 3866 1230 εὐσεϐὲς

2242 1257 2332 1310 καὶ
2380 1254 2673 1332 ἐπάναγκες
2727 1256 2887 1313 εἶναι.
2920 1261 3091 1310 Τοῦτο
3139 1256 3239 1332 γὰρ
3295 1256 3439 1329 ὑγιές
3492 1253 3602 1309 ἔστι
3652 1261 3868 1332 φρονεῖν’

2244 1341 2354 1400 ἔστι
2400 1345 2499 1421 γὰρ
2552 1344 2685 1417 αὕτη
2722 1348 2748 1401 ὁ
2800 1344 2946 1407 Θεός’
2990 1344 3041 1399 εἷ’
3088 1344 3192 1420 γὰρ
3244 1344 3344 1398 εἶεν
3396 1343 3565 1419 ἀρχαὶ
3617 1341 3870 1420 διάφοροι,

2243 1436 2457 1496 πάντως
2506 1434 2934 1506 ἀπειροπληθεῖς
2987 1436 3339 1512 φανήσονται.
3371 1433 3435 1487 Εἰ
3487 1431 3575 1486 οὗν
3608 1431 3751 1507 ἀρχὴ
3784 1434 3869 1506 μία

2245 1523 2272 1576 ὁ
2304 1523 2455 1591 Θεὸς,
2491 1522 2633 1577 οὕτω
2678 1524 2765 1577 xui
2812 1524 2872 1577 τὸ
2921 1519 3091 1585 ὅντως
3140 1523 3218 1591 ὃν,
3247 1522 3337 1575 καὶ
3388 1521 3520 1575 αὐτὸ
3567 1521 3629 1575 τὸ
3664 1521 3868 1595 ἀγαθόν.

2244 1612 2475 1685 Εὑρήσει
2528 1609 2584 1665 δὲ
2635 1613 2662 1666 ὁ
2705 1611 2865 1686 λόγος
2913 1610 3000 1666 xui
3050 1613 3117 1666 τὰ
3172 1610 3382 1665 ἐναντία
3428 1614 3537 1665 τῶν
3589 1608 3871 1683 εἷρημένων

2245 1700 2569 1775 ἀναγκαίως·
2604 1699 2729 1764 ἔνθα
2772 1702 2875 1776 γὰρ
2929 1701 3100 1775 ἀρχὴ,
3146 1696 3290 1754 ἔσται
3340 1700 3555 1760 πάντως
3603 1699 3689 1752 καὶ
3738 1696 3878 1775 ἔσχα-

2242 1809 2358 1843 τον·
2407 1790 2497 1843 καὶ
2548 1790 2593 1843 si
2641 1785 2783 1843 ἔστιν
2832 1791 2912 1862 ὃν,
2958 1785 3104 1843 ἔσται
3141 1789 3229 1843 xui
3282 1790 3357 1860 μὴ
3411 1785 3491 1843 όν·
3527 1788 3618 1841 καὶ
3666 1787 3709 1842 εί
3750 1785 3875 1842 ἔστιν

2245 1876 2463 1953 ἀγαθὸν,
2497 1876 2642 1932 ἔσται
2672 1877 2760 1931 xui
2791 1877 2973 1933 κακόν.
3009 1876 3165 1934 Ἀλλ’
3214 1875 3400 1945 ἐπειδὴ
3432 1878 3499 1930 τὰ
3542 1871 3672 1930 ὅντα
3722 1875 3880 1929 οὐσίαι

2246 1966 2348 2020 εἰσὶ
2376 1965 2465 2020 καὶ
2498 1964 2639 2035 εἷ’δη,
2671 1967 2732 2020 τὸ
2768 1968 2841 2039 μή
2888 1967 2946 2021 ὃν
2987 1963 3224 2021 ἀνείδεον
3277 1965 3337 2020 ἃν
3370 1962 3453 2033 εἷή
3487 1964 3579 2019 καὶ
3624 1964 3880 2034 ἀνούσιον,

2246 2054 2395 2128 λόγῳ
2448 2055 2597 2126 μόνῳ
2646 2056 2940 2130 θεωρητόν.
2975 2055 3051 2110 Τὸ
3087 2056 3163 2126 μὴ
3216 2055 3271 2108 ὃν
3307 2055 3396 2108 οὖν
3440 2058 3603 2111 τοῦτο
3632 2053 3721 2107 καὶ
3752 2053 3883 2107 ἀνεί-

2246 2141 2362 2197 διον
2398 2142 2535 2213 ὕλην
2571 2142 2829 2197 ἐκάλεσαν
2859 2144 2913 2196 οἱ
2945 2140 3196 2211 παλαιοὶ,
3230 2144 3289 2210 ἣν
3322 2142 3412 2196 καὶ
3446 2140 3677 2216 ἔσχατον
3711 2142 3884 2215 αἶσχος

2247 2233 2597 2304 ὀνομάζουσι.
2632 2234 2854 2305 Λέγεται
2890 2229 2945 2286 δὲ
2980 2232 3055 2303 μὴ
3087 2232 3143 2285 ὃν
3178 2234 3211 2301 ἡ
3246 2231 3380 2301 ὕλη,
3413 2230 3520 2304 οὑχ
3566 2230 3650 2285 ὅτι
3703 2250 3886 2283 παντε-

2247 2320 2360 2381 λῶς
2393 2320 2543 2375 οὐδέν
2578 2320 2737 2387 ἐστιν,
2793 2318 2919 2375 ἀλλ’
2972 2319 3054 2374 ὅτι
3110 2323 3182 2391 μή
3236 2319 3367 2373 ἐστι·
3399 2320 3461 2373 τὸ
3492 2320 3597 2394 γάρ
3643 2314 3808 2379 ὅντως
3838 2319 3889 2371 ὃν

2247 2410 2448 2478 ὁΘεὸς,
2499 2410 2587 2464 καὶ
2646 2409 2774 2463 αὐτὸ
2830 2410 2892 2463 τὸ
2950 2409 3167 2482 ἀγαθόν’
3231 2416 3505 2483 παρῆκται
3559 2409 3662 2483 γὰρ
3717 2408 3773 2461 ἐκ
3821 2407 3890 2478 μὴ

2247 2493 2416 2552 ὄντων
2473 2499 2575 2552 ὑπὸ
2616 2502 2712 2552 τοῦ
2762 2502 2894 2553 Θεοῦ
2942 2497 3095 2565 καὶὴ
3147 2494 3274 2566 ὕλη’
3328 2495 3452 2552 ἀλλ’
3505 2496 3613 2572 οὐχ
3646 2492 3719 2557 ὤς
3763 2516 3893 2556 τινες

2251 2582 2521 2641 ὑπέλαϐον
2554 2583 2790 2648 ἀνείδεος
2821 2586 2910 2640 καὶ
2959 2586 3389 2660 ἀσχημάτιστος·
3427 2583 3547 2639 ὅθεν
3597 2584 3721 2639 οὐδὲ
3752 2585 3889 2659 ἀρχὴ

2244 2680 2352 2728 τῶν
2408 2674 2677 2744 αἰσθητῶν
2717 2677 2750 2743 ἡ
2786 2672 2914 2743 ὕλη,
2969 2672 3114 2729 ἀλλὰ
3175 2672 3386 2745 μᾶλλον
3451 2672 3889 2747 συμπληρωτιιὴ

2244 2762 2477 2828 τούτων,
2509 2762 2598 2816 καὶ
2648 2760 2878 2837 ἔσχατόν
2924 2783 2975 2815 τι
3025 2762 3115 2815 xui
3166 2762 3489 2833 ὑποστάθμη
3534 2767 3647 2816 τῶν
3704 2761 3887 2816 ὄντων.

2247 2852 2338 2904 Διὸ
2371 2849 2493 2904 οὔτε
2525 2851 2680 2905 εἰκὼν
2714 2855 2869 2921 Θεοῦ,
2903 2850 2976 2911 ὡς
3009 2850 3074 2904 τά
3122 2849 3337 2924 λογικὰ,
3378 2849 3505 2905 οὕτε
3537 2848 3770 2905 εἷ’δωλον
3803 2852 3895 2902 τοῦ

2245 2936 2414 3001 ὅντως
2448 2936 2623 3000 ὄντος.
2660 2938 2761 2994 Καὶ
2809 2939 2870 2992 τὸ
2921 2940 3176 3008 αἰσθητὸν
3226 2938 3282 2993 δὲ
3314 2936 3550 2994 εἴδωλον
3600 2944 3699 2994 τοῦ
3731 2936 3892 2999 ὅντως

2244 3032 2443 3097 νοητοῦ
2487 3028 2719 3100 κόσμου,
2770 3026 2901 3102 ὅπερ
2952 3026 3230 3096 αἶ’σθητὸν,
3287 3026 3386 3081 οὑκ
3434 3024 3564 3081 ἄνευ
3620 3029 3712 3100 μὲν
3763 3024 3895 3095 ὕλης

2247 3116 2377 3183 ἐστὶ,
2410 3121 2653 3190 κρεῖττον
2686 3113 2742 3169 δὲ
2790 3122 2887 3184 τῆς
2921 3114 3080 3187 ὕλης,
3132 3114 3306 3177 εἷ’δους
3349 3116 3608 3170 ὁπωσοῦν
3648 3117 3894 3191 μετέχον.

2247 3202 2525 3261 Οὐδέποτε
2556 3205 2646 3258 οὖν
2681 3201 3027 3278 δειχθήσεται
3141 3202 3245 3274 ὕλη
3300 3200 3431 3278 δίχα
3471 3209 3573 3259 τοῦ
3610 3201 3791 3267 εἷ’δους
3818 3203 3901 3257 xui

484 3313 599 3350 non
630 3296 758 3349 sine
788 3295 1033 3349 materia
1072 3299 1180 3361 est,
1208 3294 1580 3365 praestantius
1615 3300 1809 3349 autem
1866 3296 2129 3359 materia,

2250 3298 2352 3347 τῶν
2398 3295 2730 3363 ποιοτήτων,
2763 3291 2958 3353 α’ίτινές
3008 3292 3141 3346 εἰσιν
3192 3290 3347 3362 ἕξεις·
3383 3294 3519 3348 πότε
3566 3294 3673 3369 γὰρ
3724 3295 3905 3368 γέγονε

485 3385 731 3439 formam
749 3381 1184 3453 aliquantulum
1209 3382 1601 3453 participans;
1626 3400 1933 3453 nunquam
1958 3383 2138 3455 igitur

487 3473 831 3528 ostendetur
878 3471 1127 3526 materia
1158 3472 1380 3541 absque
1412 3472 1599 3526 forma
1648 3477 1705 3526 et
1751 3472 2136 3541 qualitatibus

484 3578 608 3631 quae
641 3564 779 3615 sunt
808 3559 1074 3626 habitus;
1108 3560 1344 3629 quando
1374 3559 1529 3615 enim
1562 3560 1670 3614 fuit
1701 3560 1855 3631 ignis
1887 3561 2012 3616 sine
2043 3577 2138 3615 ca-

486 3649 607 3705 lore
638 3652 739 3703 aut
777 3649 1017 3715 lumine,
1043 3653 1145 3702 aut
1177 3648 1425 3702 candido
1475 3647 1689 3717 colore,
1707 3649 1798 3703 vel
1832 3666 1983 3720 aqua
2013 3650 2139 3705 sine

488 3738 702 3809 frigore
733 3742 833 3793 aut
862 3736 1235 3801 humiditate,
1265 3741 1366 3790 aut
1418 3736 1662 3792 caeruleo
1708 3738 1935 3793 colore?
1962 3740 2141 3793 Terra

489 3831 545 3880 et
593 3842 694 3880 aer
747 3824 1040 3880 similiter.
1076 3829 1387 3895 Propterea
1435 3825 1613 3880 etiam
1663 3826 1782 3880 dixi
1833 3826 2138 3881 materiam

490 3914 716 3985 concipi
751 3914 821 3968 ab
852 3913 1149 3968 intellectu
1182 3912 1515 3981 informem,
1549 3918 1605 3969 et
1626 3915 1752 3969 sine
1775 3914 2053 3985 qualitate
2073 3932 2140 3970 ac

488 4006 715 4079 ﬁgura:
741 4020 809 4059 ex
841 4020 954 4073 quo
987 4003 1144 4058 enim
1176 4002 1429 4057 visibilia
1449 4008 1505 4059 et
1530 4003 1849 4059 invisibilia
1881 4005 2135 4074 fuerunt,

486 4110 555 4148 ex
589 4110 703 4148 non
745 4092 982 4147 entibus
1013 4091 1236 4147 scilicet
1266 4109 1299 4146 a
1329 4092 1445 4147 Deo
1496 4093 1781 4164 producta
1828 4096 1987 4161 sunt,
2022 4110 2137 4149 non

486 4182 655 4253 prius
686 4182 935 4237 materia
985 4182 1220 4236 informi
1273 4183 1635 4253 subjacente,
1670 4181 1879 4237 deinde
1910 4188 2136 4249 ornata,

487 4271 641 4327 sicut
672 4272 907 4326 divinus
952 4271 1145 4326 Moses
1187 4272 1373 4325 docet.
1408 4274 1611 4340 Itaque
1659 4272 1901 4326 materia
1930 4271 1989 4326 in
2021 4273 2136 4327 Deo

490 4365 598 4430 est,
624 4377 758 4415 cum
792 4361 862 4415 ab
888 4376 952 4414 eo
985 4360 1272 4431 producta
1298 4359 1499 4429 fuerit;
1534 4358 1634 4414 illo
1661 4365 1857 4415 autem
1892 4366 1955 4415 ut
1985 4362 2136 4418 bono

490 4450 685 4503 omnia
715 4447 1139 4519 complectente
1169 4447 1679 4518 superessentialis
1713 4448 1770 4503 in
1809 4448 1935 4520 ipso
1966 4450 2135 4506 intel-

486 4535 716 4607 ligitur,
743 4536 863 4590 haec
897 4536 1151 4609 reperies
1180 4535 1431 4607 sparsim
1465 4534 1728 4591 dicendis
1760 4536 2001 4595 inserta.

563 4644 718 4697 144
751 4644 1020 4710 Quomodo
1066 4643 1377 4700 daemonum
1426 4644 1611 4697 turba.
1644 4644 1930 4716 Deinceps
1978 4662 2131 4717 quas-
2163 4649 2211 4713 D

489 4731 712 4786 stiones
744 4732 986 4787 discutit
1025 4733 1294 4797 dicendo,
1326 4732 1376 4787 si
1408 4732 1604 4787 omnia
1652 4749 1720 4788 ex
1768 4734 1940 4802 bono,
1980 4736 2133 4790 unde

488 4819 663 4888 mala,
688 4825 744 4875 et
774 4822 925 4875 unde
948 4820 1139 4892 angeli
1164 4820 1301 4876 facti
1328 4825 1467 4876 sunt
1489 4821 1822 4878 daemones?
1843 4823 1970 4879 Haec
1994 4828 2134 4879 sunt

488 4912 692 4963 contra
719 4908 1093 4966 Manichaeos.

559 4999 699 5051 Boni
726 4999 906 5066 forma
935 5006 1103 5053 caret.
1134 4997 1307 5052 Recte
1338 5001 1395 5052 et
1425 5003 1695 5053 accurate
1724 5000 1918 5069 posuit
1946 5001 2005 5055 in
2038 5017 2134 5056 an-

486 5084 634 5153 gelis
663 5084 725 5137 τὸ
755 5082 1097 5158 ἀγαθοειδές;
1135 5090 1283 5141 Deus
1316 5086 1496 5154 enim,
1519 5087 1907 5143 essentialiter
1934 5089 2131 5159 ipsum

487 5172 703 5228 bonum
736 5175 1044 5245 exsistens,
1069 5175 1196 5245 ipso
1227 5180 1420 5229 autem
1446 5176 1787 5246 posteriora,
1810 5184 1875 5231 ut
1904 5193 1970 5232 ex
2002 5195 2131 5249 par-

485 5259 827 5332 ticipatione
857 5268 913 5318 et
943 5264 1304 5319 extrinsecus
1344 5265 1471 5333 ejus
1503 5266 1762 5335 appetitu
1796 5267 1999 5322 effecta
2029 5267 2132 5321 bo-

485 5364 580 5415 na,
616 5351 820 5405 merito
870 5346 1157 5423 ἀγαθοειδῆ
1191 5368 1291 5407 seu
1332 5353 1470 5407 boni
1520 5352 1774 5423 speciem
1824 5355 2133 5412 referentia

485 5436 783 5504 dicuntur,
819 5455 953 5494 cum
986 5457 1101 5495 non
1133 5442 1251 5495 sint
1281 5458 1485 5512 reapse
1517 5442 1689 5498 bona.

556 5544 622 5597 EI.
651 5546 910 5614 quomodo
952 5548 1139 5603 bonus.
1172 5547 1315 5603 Vide
1361 5550 1653 5620 quomodo
1705 5550 2129 5621 propositiones

486 5644 591 5703 per
630 5634 870 5690 modum
902 5636 1332 5708 disquisitionis
1371 5639 1686 5709 producat;
1720 5640 2019 5695 continent
2049 5643 2128 5696 si-

482 5720 720 5791 quidem
754 5724 1218 5782 adversariorum
1252 5726 1672 5798 oppositiones,
1696 5732 1759 5783 ut
1792 5729 2124 5787 Manichmo-

2244 3382 2306 3436 τὸ
2362 3386 2467 3457 πῦρ
2526 3379 2645 3435 ἄνευ
2696 3380 3051 3455 θερμότητος,
3102 3381 3137 3449 ἢ
3190 3383 3391 3455 φωτὸς,
3453 3382 3489 3451 ἢ
3553 3387 3656 3437 τοῦ
3715 3381 3907 3438 λευκοῦ

2245 3478 2344 3540 τῆς
2371 3476 2590 3545 χροιᾶς,
2622 3469 2747 3538 ἢτὸ
2797 3467 2943 3544 ὕδωρ
2992 3466 3113 3524 ἄνευ
3160 3468 3539 3544 ψυχρότητος,
3588 3472 3626 3539 ἢ
3684 3471 3905 3546 ὑγρότη-

2246 3580 2360 3627 τος,
2394 3559 2428 3627 ἢ
2455 3563 2550 3614 τοῦ
2600 3558 2948 3625 κυανίζοντος
2997 3558 3378 3633 [χρώματος];
3411 3561 3446 3628 ἡ
3494 3566 3570 3635 γῆ
3620 3560 3712 3615 καὶ
3748 3560 3774 3613 δ
3807 3558 3905 3631 ἀὴρ

2249 3648 2478 3721 ὁμοίως.
2512 3648 2608 3702 Διά
2636 3651 2794 3701 τοῦτο
2826 3647 2913 3700 καὶ
2950 3644 3099 3721 λόγῳ
3128 3648 3415 3719 θεωρητὴν
3444 3650 3602 3702 εἶπον
3640 3650 3741 3717 τὴν
3778 3647 3909 3716 ὕλην

2248 3735 2502 3803 ἀνείδεον,
2552 3737 2638 3790 καὶ
2692 3735 2910 3806 ἄποιον,
2960 3734 3047 3789 καὶ
3099 3735 3538 3811 ἀσχημάτιστον·
3598 3737 3654 3808 ἐξ
3711 3737 3773 3791 οὗ
3817 3735 3911 3812 γάρ

2246 3826 2312 3879 τά
2377 3825 2543 3899 ὁρατά
2600 3824 2689 3878 καὶ
2740 3825 2807 3878 τά
2859 3823 3060 3899 ἀόρατα
3125 3825 3363 3900 γέγονεν,
3444 3824 3505 3879 ἐκ
3596 3828 3677 3899 μὴ
3749 3822 3911 3880 ὄντων

2250 3911 2507 3983 δηλονότι
2540 3910 2642 3967 ὕπὸ
2674 3917 2805 3967 Θεοῦ
2836 3914 3122 3987 παρήχθη,
3156 3912 3216 3967 οὐ
3249 3912 3519 3989 πρότερον
3557 3914 3705 3984 ὕλης
3741 3912 3914 3986 ἀμόρ-

2250 4023 2352 4079 φου
2408 4000 2767 4075 ὑποκειμένης
2800 4049 2815 4073 ,
2867 4002 2979 4056 εἶτα
3028 4001 3397 4075 κοσμηθείσης
3433 4047 3447 4072 ,
3513 4005 3596 4066 ὡς
3678 4002 3917 4058 διδάσκει

2248 4096 2451 4160 Μωσῆς
2480 4092 2507 4145 ὁ
2558 4092 2721 4152 θεῖος.
2759 4091 2845 4146 Ἐν
2893 4090 2987 4162 μὲν
3039 4090 3132 4144 οὗν
3178 4095 3256 4162 τῷ
3305 4095 3420 4162 Θεῷ
3455 4090 3636 4158 ἐστιν,
3694 4093 3787 4145 ἅτε
3833 4090 3918 4144 xui

2250 4176 2339 4233 ὕπ’
2393 4178 2555 4233 αὑτοῦ
2621 4183 2961 4253 παραχθεῖσα
3016 4180 3050 4247 ἡ
3107 4177 3236 4247 ὕλη·
3302 4178 3641 4252 ὑπερούσιος
3724 4177 3803 4246 δὲ,
3861 4178 3923 4231 τά

2247 4269 2418 4323 πάντα
2464 4267 2666 4323 ἐκείνου
2699 4269 2772 4331 ὡς
2809 4270 3013 4343 ἀγαθοῦ
3062 4267 3419 4343 συνέχοντος,
3467 4273 3691 4323 νοεῖται
3726 4268 3779 4322 ἐν
3835 4268 3921 4320 αὖ·

2246 4362 2345 4431 τῷ.
2377 4364 2549 4412 Ταῦτα
2578 4358 2822 4433 εὑρήσεις
2872 4356 2922 4411 έν
2972 4362 3089 4419 τοῖς
3140 4354 3587 4431 λεχθησομένοις
3634 4354 3918 4432 σποράδην

2247 4445 2548 4523 ἐγκείμενα.

2312 4643 2437 4703 Πῶς
2513 4644 2547 4709 ἡ
2624 4638 2875 4713 δαιμονία
2931 4639 3170 4711 πληθύς.
3230 4640 3436 4695 Λοιπὸν
3524 4637 3923 4717 προϐλήματα

2244 4727 2590 4805 διαγυμνάζει
2642 4728 2837 4803 λέγων,
2873 4731 2979 4796 ὅτι,
3012 4729 3055 4783 εἰ
3086 4729 3261 4783 πάντα
3308 4728 3366 4784 έκ
3409 4734 3511 4784 τοῦ
3547 4731 3800 4807 ἀγαθοῦ,
3833 4730 3929 4785 πό-

2243 4821 2327 4873 θεν
2356 4819 2423 4873 τά
2447 4819 2604 4888 κακά,
2659 4819 2747 4873 xui
2802 4818 2964 4882 πόθεν
3015 4815 3235 4894 ἄγγελοι
3288 4816 3545 4894 ἐγένοντο
3608 4819 3922 4893 δαίμονες;

2244 4910 2422 4963 Πάντα
2450 4909 2587 4963 κατὰ
2619 4908 2963 4984 Μανιχαίων.

2476 4997 2590 5055 Οὐκ
2640 4996 2778 5052 ἔστιν
2839 4993 3194 5072 άγαθοειδές.
3256 4995 3450 5058 Καλῶς
3512 5000 3615 5053 καὶ
3682 4995 3930 5074 ἀκριϐῶς

2244 5086 2330 5141 ἐπὶ
2386 5092 2492 5142 τῶν
2548 5086 2792 5161 ἀγγέλων
2853 5086 3061 5149 τέθεικε
3107 5086 3169 5139 τὸ
3222 5083 3569 5161 ἁγαθοειδτγς·
3611 5090 3643 5144 ὁ
3684 5090 3787 5162 μὲν
3832 5089 3931 5163 γάρ

2243 5177 2371 5236 Θεὸς
2403 5173 2684 5236 οὑσιωδῶς
2734 5174 2863 5229 αὐτὸ
2909 5175 2971 5228 τὸ
3018 5173 3217 5247 ἀγαθὸν
3249 5171 3345 5245 ὣν,
3371 5174 3438 5229 τὰ
3473 5173 3542 5231 δὶ
3582 5180 3712 5250 μετ’
3747 5177 3934 5247 αὐτὸν,

2242 5264 2316 5325 ὡς
2349 5262 2407 5317 ἐκ
2440 5270 2683 5337 μετοχῆς
2711 5262 2801 5316 καὶ
2852 5258 3042 5332 ἔξωθεν
3092 5262 3468 5337 ἀγαθυνόμενα
3522 5269 3603 5339 τῇ
3660 5267 3795 5343 περὶ
3841 5264 3931 5320 uu-

2238 5354 2328 5407 τὸν
2390 5353 2583 5425 ἐφέσει,
2637 5351 2863 5413 εἷ’κότως
2913 5348 3199 5426 ἀγαθοειδῆ
3255 5349 3547 5424 λέγονται,
3610 5354 3723 5410 οὐκ
3783 5353 3939 5409 αὐτό-

2240 5462 2351 5517 χρη
2364 5463 2436 5515 μα
2466 5442 2655 5515 ἀγαθά·

2313 5550 2411 5621 [γ].
2445 5546 2548 5604 Καὶ
2600 5551 2717 5608 πῶς
2776 5547 2803 5600 ὁ
2844 5544 3059 5621 ἁγαθός.
3115 5546 3251 5619 Ὅρα
3308 5545 3459 5607 ὅπως
3526 5546 3939 5623 προϐλήματα

2240 5640 2311 5699 ὡς
2342 5636 2393 5692 ἐν
2414 5639 2635 5707 ζητήσει
2662 5636 2919 5711 παράγει,
2952 5632 3147 5710 ἔχοντα
3182 5635 3274 5707 μὲν
3306 5635 3395 5689 xui
3438 5635 3631 5703 αὑτὰς
3679 5641 3787 5704 τὰς
3818 5642 3930 5695 τῶν

2237 5726 2445 5803 ἐχθρῶν
2500 5724 2786 5790 ἀντιθέσεις
2818 5772 2833 5799 ,
2894 5724 3007 5779 οἷον
3060 5721 3427 5796 Μανιχαίων⁸
3502 5723 3816 5799 δηλούσας
3882 5726 3941 5783 δὲ
