4080 6366
220 399 324 453 273

999 404 1056 455 S.
1097 400 1373 455 MAXIMI
1414 402 1722 455 SCHOLIA
1759 401 1832 453 IN
1873 399 2008 451 LIB.
2049 401 2144 451 DE
2185 399 2454 457 DIVINIS
2492 403 2909 459 NOMINIBUS.

3552 410 3657 464 274

221 521 377 595 ὅμως
404 522 499 576 τὸν
534 522 739 576 σκοπὸν
772 525 870 575 τοῦ
919 520 1063 575 θείου
1108 521 1302 576 τούτου
1354 520 1551 596 ἀνδρὸς
1581 520 1671 575 τὸν
1706 518 1881 592 ὀρθόν,

2004 537 2167 591 rum;
2202 524 2504 580 declarant
2560 530 2753 582 tamen
2802 543 3045 600 scopum
3092 528 3272 583 divini
3323 530 3501 601 hujus
3550 534 3655 589 viri

220 613 377 685 Λέγει
407 610 536 685 γὰρ,
591 610 652 665 ἐκ
700 610 848 673 τίνος
900 611 1080 686 ἀρχῆς
1129 612 1394 687 παρήχθη
1452 611 1515 664 τὸ
1554 609 1716 665 κακόν
1754 628 1765 641 ’
1799 608 1889 662 καὶ

218 699 267 755 εἰ
297 699 346 771 ἐξ
380 697 565 770 ἄλλης
601 699 801 769 αἰτίας,
834 701 921 754 καὶ
956 698 1054 754 ὅσα
1096 704 1321 754 τοιαῦτα
1354 704 1464 754 τῶν
1496 696 1782 753 ἀντιδίκων
1816 695 1891 751 εἷ·-

217 789 343 843 σίν’
403 791 521 844 εἶτα
574 788 795 857 λοιπὸν,
824 792 941 852 πῶς
1017 791 1044 843 6
1110 790 1306 861 ἀγαθὸς
1371 789 1501 843 αὐτὸ
1560 791 1887 863 παραγαγεῖν

218 873 519 947 ἠϐουλήθη
556 897 569 910 ’
602 882 721 939 πῶς
752 876 809 932 δὲ
857 878 947 932 καὶ
997 876 1229 954 προνοίᾳ
1263 880 1307 914 ⁸¹
1359 877 1466 932 ἐστὶ
1498 877 1560 931 τὸ
1591 876 1755 931 κακόν
1787 893 1803 911 ο
1833 874 1891 928 ἐκ

214 967 421 1021 τούτων
456 964 695 1036 δεικνὺς,
728 965 836 1037 ὅτι,
880 966 930 1021 εἷ’
971 967 1061 1021 καὶ
1112 966 1259 1031 ὅλως
1305 967 1644 1042 παραγωγὴν
1674 963 1799 1039 ἔσχε
1828 966 1889 1019 τὸ

213 1054 412 1125 κακὸν,
449 1054 509 1109 ἐκ
528 1058 628 1108 τοῦ
679 1056 882 1128 ἀγαθοῦ
927 1054 1127 1125 ταύτην
1176 1054 1302 1130 ἔσχε
1337 1075 1350 1088 ο
1401 1055 1489 1109 καὶ
1538 1053 1621 1108 ὅτι
1683 1053 1819 1125 μόνη
1851 1054 1885 1120 ἡ

212 1144 444 1219 πρόνοια
478 1141 683 1198 διοικεῖ
730 1145 794 1199 τὸ
844 1141 998 1216 ὅλον,
1048 1145 1122 1207 ὡς
1167 1143 1226 1197 ἐκ
1269 1145 1465 1198 τούτου
1518 1144 1643 1215 μίαν
1680 1140 1884 1214 ἀγαθὴν

212 1236 392 1308 ἀρχήν
430 1233 712 1295 εἶναιτοῖς
759 1231 900 1290 οῦσι.
946 1236 1127 1289 Ταῦτα
1173 1232 1264 1288 καὶ
1304 1232 1355 1286 ἐν
1394 1236 1511 1293 τοῖς
1558 1225 1888 1305 προϐλήμα-

212 1344 293 1377 σιν
336 1322 595 1393 ἐξήτασεν
650 1324 679 1376 6
732 1325 879 1384 θεῖος
940 1324 1097 1384 οὗτος
1146 1324 1282 1395 ἀνήρ
1319 1342 1331 1355 ·
1384 1321 1729 1397 παρακατιὼν
1779 1320 1879 1394 γὰρ

210 1410 429 1467 ἀναλύει
466 1417 655 1485 σαφῶς
685 1414 753 1466 τὰ
799 1407 1200 1487 προϐλήματα,
1254 1409 1464 1472 δεικνὺς
1507 1410 1580 1472 ὡς
1616 1407 1739 1464 οὔτε
1769 1408 1886 1462 ἐνυ-

206 1501 477 1555 πόστατον
524 1503 588 1555 τὸ
630 1503 817 1568 κακὸν,
871 1499 992 1555 οὕτε
1042 1500 1093 1554 ἐν
1147 1500 1299 1577 φύσει
1339 1519 1349 1532 ·
1409 1497 1557 1554 ἀλλά
1584 1498 1719 1553 κατά
1758 1499 1879 1551 στέ-

210 1610 369 1664 ρησιν
394 1595 495 1644 τοῦ
529 1591 733 1664 ἀγαθοῦ
782 1588 1088 1665 γινόμενον,
1144 1588 1266 1643 οῦτε
1313 1589 1390 1644 ὃν.
1442 1587 1564 1641 οὕτε
1607 1588 1681 1650 ὡς
1716 1587 1790 1658 μὴ
1824 1585 1881 1639 ὃν

204 1676 593 1754 λογίζόμενον.
644 1679 743 1732 Καὶ
784 1682 949 1733 τοῦτο
1002 1677 1328 1732 αἰνίττεσθαι
1359 1678 1404 1711 ⁸³
1454 1675 1517 1729 τὸ
1577 1673 1627 1729 ἐν
1673 1674 1883 1747 ψαλμῷ

205 1772 518 1843 τριακοστῷ
562 1764 704 1839 ’ἕκτῳ
760 1765 1048 1842 εἰρημένον
1083 1785 1096 1798 ⁸
1152 1764 1310 1822 Εἶδον
1363 1766 1454 1819 τὸν
1506 1758 1675 1831 ἀσεϐῆ
1722 1764 1883 1837 ὑπερ-

222 1858 535 1929 υψοόμενον
588 1856 660 1917 ὡς
719 1856 812 1918 τὰς
868 1853 1093 1928 κὲδρους
1148 1859 1244 1909 τοῦ
1300 1849 1561 1922 Λιϐάνου,
1606 1850 1693 1906 καὶ
1742 1872 1881 1926 παρ·
1912 1889 1961 1953 Β

208 1942 404 2013 ἦλθον,
457 1943 554 1998 καὶ
598 1941 718 1998 ἴδοὺ
768 1944 866 1998 οὐκ
923 1944 1013 2013 ἦν,
1074 1943 1165 1997 καὶ
1227 1942 1471 2013 ἐζήτησα
1520 1940 1881 2011 αὑτὸν,τουτ·

214 2035 323 2088 ἐστι
368 2034 462 2088 τὸν
512 2033 682 2088 τόπον
731 2033 916 2101 αὐτοῦ,
975 2034 1063 2087 καὶ
1114 2032 1222 2107 οὐχ
1271 2032 1462 2108 εὑρέθη
1499 2050 1509 2059 ·
1560 2034 1721 2084 τοῦτο
1777 2028 1876 2103 γὰρ

218 2120 407 2192 δηλοῖ,
459 2122 545 2178 ὅτι
594 2123 656 2177 τὸ
703 2124 890 2191 κακὸν,
1020 2122 1111 2177 καὶ
1168 2119 1374 2199 σφόδρα
1420 2119 1718 2195 ἐπαίρεται,
1752 2116 1880 2173 ἀλλ’

217 2209 307 2266 οῦν
342 2212 443 2266 οὐκ
494 2208 663 2284 ἔστιν,
714 2212 835 2267 οὕτε
892 2210 1210 2285 καταλείψει
1257 2210 1422 2265 τόπον
1455 2207 1667 2281 ἑαυτοῦ,
1715 2228 1877 2262 τουτ-

214 2300 356 2354 έστιν
408 2299 568 2375 ἴχνος
600 2320 613 2333 θ
667 2298 780 2373 ἅμα
834 2301 934 2375 γὰρ
993 2322 1073 2371 τῳ
1118 2312 1343 2376 φανηναι
1407 2295 1747 2367 διαλέλυται,
1797 2298 1872 2368 μή

215 2387 341 2464 ἔχον
394 2390 689 2445 ὑπόστασιν
728 2411 739 2422 ·
796 2391 870 2462 μή
922 2390 1012 2443 οῦν
1074 2384 1375 2450 ὑπολάϐοις
1434 2387 1591 2441 αὑτὸν
1641 2385 1871 2440 ἐναντίον

214 2477 396 2553 λέγειν
427 2500 507 2535 τι.

299 2573 327 2639 §
374 2572 522 2626 XIX.
579 2570 653 2624 Τὸ
725 2570 886 2624 κακὸν
975 2568 1071 2623 οὐκ
1155 2566 1295 2623 ἔστιν
1347 2567 1407 2622 ἐκ
1454 2567 1710 2642 τάγαθοῦ.
1771 2572 1875 2634 Ση-

218 2659 475 2731 μείωσαι,
516 2663 637 2720 πῶς
691 2659 1009 2730 θαυμασίως
1058 2657 1247 2714 πλέκει
1293 2658 1392 2725 τήν
1446 2655 1599 2711 λύσιν
1650 2655 1707 2709 ἐκ
1755 2652 1873 2709 δια-

217 2749 401 2825 φόρων
436 2749 693 2823 ἐπιχειρη
705 2749 911 2821 μάτων.

284 2838 350 2893 Ὀ
403 2834 513 2890 τῶν
575 2834 744 2891 ὄντων
804 2835 1027 2898 σκοπός.
1089 2837 1191 2892 Καὶ
1257 2837 1359 2911 γὰρ
1417 2837 1445 2890 6
1504 2834 1874 2910 ὀργιζόμενος,

216 2926 345 2994 ἤτοι
377 2925 747 2999 θυμούμενος,
791 2927 884 2999 (ὡς
930 2926 981 2980 ἐν
1042 2923 1395 2999 ὑποδείγματι
1428 2922 1486 2978 δὲ
1522 2926 1549 2977 6
1582 2921 1773 2997 λόγος,
1805 2922 1877 2983 ὡς

220 3013 419 3087 δοκεῖ,)
471 3015 635 3070 κακόν
690 3036 741 3068 τι
791 3019 1080 3076 ποιοῦντος
1137 3018 1234 3069 τοῦ
1292 3014 1427 3089 πρὸς
1478 3013 1538 3067 ὃν
1590 3016 1875 3084 θυμοῦται,

216 3105 355 3178 πρὸς
382 3105 446 3159 τὸ
477 3102 718 3159 ὖναντίον
740 3108 931 3158 τοῦτον
970 3107 1293 3177 μεταγαγεῖν
1331 3099 1684 3177 βουλόμενος.
1716 3120 1876 3155 τουτ-

220 3194 329 3247 ἑστι
360 3194 424 3247 τὸ
450 3192 669 3267 ἀγαθὸν,
698 3197 767 3265 τῇ
800 3192 1022 3266 τοιαύτῃ
1056 3193 1262 3261 κινήσει
1293 3198 1517 3266 χρῆται.

287 3282 394 3339 Καὶ
441 3252 606 3336 εἱθτά
657 3252 791 3337 ἕνῇ
849 3252 1044 3338 πάντά.
1104 3252 1353 3355 "Euenus:
1394 3252 1687 3353 ἀνωτέρω,
1751 3278 1796 3332 εἰ
1851 3279 1878 3331 6
1912 3252 1955 3321 Ο

218 3371 347 3432 Θεὸς
377 3370 718 3444 ὑπερουσίως
750 3367 843 3424 ὢν
876 3369 1086 3444 λέγεται
1140 3369 1213 3431 ὡς
1273 3371 1512 3443 ἄναρχος
1544 3367 1633 3421 καὶ
1664 3367 1878 3421 πάντων

217 3459 413 3528 αἴτιος,
470 3460 534 3513 τὸ
591 3459 882 3529 ἀντίθετον,
943 3460 1017 3520 ὡς
1092 3455 1320 3531 ἔσχατον
1375 3462 1483 3511 τῶν
1546 3452 1735 3527 ὄντων,
1791 3453 1881 3509 καὶ

218 3548 497 3615 ἀνούσιον,
533 3549 607 3609 ὡς
656 3549 980 3623 ὑπιρουσίου
1038 3551 1135 3602 τοῦ
1181 3551 1337 3612 Θεοῦ,
1384 3544 1656 3600 τουτέστιν
1685 3546 1718 3613 ἡ
1753 3543 1881 3614 ὕλη,

218 3638 419 3711 καὶμὴ
477 3635 535 3691 ὃν
589 3636 823 3713 λέγεται,
871 3637 958 3690 καὶ
1013 3634 1062 3690 ἐν
1121 3640 1239 3707 Θεῷ
1298 3634 1534 3710 λέγεται,
1587 3631 1656 3687 δι’
1688 3631 1882 3708 ἀγαθό-

221 3748 359 3796 τητα
391 3726 561 3781 αὐτοῦ
599 3727 889 3802 γενομένη,
944 3724 993 3779 εἷ’
1046 3726 1135 3779 γαὶ
1186 3722 1273 3778 διὰ
1322 3728 1417 3778 τοῦ
1472 3721 1739 3796 μεμίχθαι
1767 3727 1883 3782 τοῖς

220 3816 499 3885 αἰσθητοῖς
553 3812 615 3868 οῦ
659 3814 832 3884 πάντη
889 3813 1073 3881 κακὸν,
1121 3814 1248 3867 οὐτε
1294 3812 1468 3881 πάντη
1530 3811 1749 3884 ἀγαθὸν,
1810 3809 1883 3871 ὡς

224 3901 385 3973 δηλοῖ
416 3901 508 3957 8ιά
536 3904 599 3957 τὸ
632 3900 855 3957 ἄστατον
895 3922 907 3936 ο
969 3898 1085 3975 ἔχει
1139 3902 1233 3973 μὲν
1269 3900 1369 3975 γὰρ
1426 3899 1487 3952 τὸ
1533 3899 1696 3953 κακὸν
1722 3897 1773 3951 ἓν
1803 3897 1882 3969 τῷ

228 3992 459 4065 ἀστάτῳ,
490 3989 681 4066 λερίδα
715 3989 770 4045 δὲ
793 4015 797 4018 ·
823 3995 921 4045 τοῦ
972 3991 1192 4065 ἀγαθοῦ,
1254 3986 1440 4055 ἐπειδὴ
1490 3988 1579 4041 καὶ
1615 3988 1717 4041 ὑπὸ
1748 3990 1882 4041 Θεοῦ

225 4083 514 4157 παρήχθη,
548 4082 634 4136 καὶ
688 4079 740 4134 ἐν
804 4084 918 4150 Θεῷ
980 4078 1137 4133 ἐστι’
1196 4077 1492 4132 αὑτόκακον
1554 4077 1642 4146 (οὐ
1671 4074 1878 4150 λέγωὴ

229 4175 402 4239 κακία,
437 4170 562 4239 ἥτις
595 4170 669 4230 ὡς
702 4165 842 4229 εἶδος
870 4169 957 4222 καὶ
984 4168 1216 4237 ποιότης
1250 4161 1531 4239 συμϐαίνει
1562 4170 1641 4237 τῷ
1671 4164 1883 4238 λογικῴ

224 4259 306 4312 καὶ
341 4253 767 4331 ἀποσυμϐαίνει,
794 4254 920 4310 ἀλλ’
953 4255 1082 4310 αὑτὸ
1121 4256 1183 4309 τὸ
1226 4252 1414 4315 ἁπλῶς
1446 4252 1632 4325 κακὸν)
1676 4251 1797 4306 οῦτε
1828 4252 1877 4305 ἐν

225 4369 329 4403 τοις
363 4347 516 4403 οὖσιν
548 4346 680 4411 ἐστι,
712 4351 831 4407 τοῖς
866 4346 1115 4400 ὁπωσοῦν
1176 4342 1482 4421 ἐφιεμένοις
1531 4346 1628 4397 τοῦ
1659 4343 1878 4417 ἀγαθοῦ,

231 4436 339 4492 οὔτε
367 4436 421 4492 ἐν
449 4441 570 4499 τοῖς
595 4438 669 4508 μὴ
696 4433 868 4503 οῦσιν,
894 4434 1010 4488 ἀντὶ
1036 4436 1133 4487 τοῦ
1157 4431 1206 4487 ἐν
1230 4437 1347 4493 τοῖς
1383 4430 1591 4492 ὑλικοὶς
1624 4431 1696 4490 ὡς
1724 4451 1879 4483 νοου-

235 4527 408 4597 μένοις
442 4524 494 4580 ἒν
528 4530 606 4596 τῷ
641 4522 944 4599 ὑπερουσίῳ
977 4540 990 4553 ⁸
1025 4521 1170 4576 ἀλλά
1190 4524 1279 4575 καὶ
1310 4524 1405 4575 τοῦ
1432 4521 1507 4592 μή
1527 4514 1702 4585 ὄντος,
1725 4517 1880 4572 ὅέστι

2002 614 2224 666 rectum
2278 630 2435 682 esse;
2471 614 2611 670 dicit
2644 616 2823 686 enim,
2855 633 2923 672 ex
2953 634 3067 689 quo
3118 618 3404 690 principio
3435 623 3654 692 produ-

2000 701 2159 753 ctum
2192 700 2272 755 sit
2303 700 2561 770 malum;
2612 719 2678 757 ac
2728 707 2929 759 utrum
2979 721 3046 759 ex
3093 704 3206 760 alia
3254 723 3432 762 causa
3479 713 3656 779 atque

2000 788 2199 843 omnia
2229 805 2357 861 quae
2387 791 2704 847 adversarii
2732 809 2864 847 esse
2894 792 3102 848 solent.
3122 793 3339 849 Deinde
3364 800 3655 866 quomodo

1998 876 2190 932 bonus
2226 878 2422 949 ipsum
2454 880 2676 935 malum
2714 882 3035 952 producere
3062 881 3334 949 voluerit,
3359 887 3652 955 quomodo

1999 966 2175 1021 etiam
2209 968 2580 1039 providentia
2612 968 2689 1024 sit
2734 969 2982 1039 malum,
3014 972 3329 1026 ostendens
3358 988 3426 1027 ex
3455 973 3568 1039 his,
3602 974 3653 1028 si

1999 1055 2220 1112 malum
2270 1058 2512 1113 omnino
2564 1059 2914 1129 productum
2971 1059 3164 1129 fuerit,
3197 1077 3229 1115 a
3260 1061 3412 1116 bono
3447 1061 3649 1129 fuisse,

1998 1149 2173 1215 atque
2203 1145 2387 1201 solam
2434 1147 2858 1217 providentiam
2895 1149 3221 1220 gubernare
3262 1149 3552 1215 universa,
3585 1156 3650 1205 ut

1996 1232 2132 1288 hinc
2172 1240 2451 1304 sequatur
2500 1253 2685 1291 unum
2735 1238 2978 1303 bonum,
3011 1254 3139 1293 esse
3188 1256 3384 1294 rerum
3434 1239 3649 1311 princi-

1995 1322 2190 1393 pium;
2245 1324 2365 1378 haec
2415 1329 2611 1379 autem
2657 1325 2712 1378 in
2750 1327 3247 1395 pr0positionibus
3297 1328 3532 1383 divinus
3562 1330 3650 1384 vir

1993 1412 2371 1478 examinavit;
2415 1414 2799 1483 progrediens
2839 1416 2993 1468 enim
3043 1417 3395 1486 quaestiones
3444 1417 3646 1472 ordine

1994 1500 2619 1566 solvit,demonstrans
2648 1501 2867 1557 malum
2905 1520 3095 1575 neque
3125 1504 3337 1560 habere
3366 1509 3646 1561 exsiscen-

1991 1587 2156 1655 tiam,
2190 1606 2379 1661 neque
2431 1591 2490 1645 in
2541 1608 2735 1646 rerum
2789 1597 2999 1647 natura
3030 1592 3303 1662 reperiri;
3355 1595 3455 1649 sed
3505 1595 3642 1650 boni

1992 1678 2315 1749 privatione
2351 1680 2592 1747 factum,
2620 1696 2808 1752 neque
2839 1697 2964 1750 ens,
2988 1698 3177 1752 neque
3207 1687 3489 1753 tanquam
3525 1702 3640 1739 non

1990 1782 2096 1824 ens
2141 1768 2366 1823 ratione
2416 1769 2663 1838 concipi,
2694 1774 2869 1840 atque
2902 1769 3009 1825 hoc
3040 1770 3329 1826 insinuari
3378 1776 3436 1826 in
3483 1772 3639 1843 psal-

1992 1874 2088 1912 mo
2137 1874 2327 1922 XXXVI,
2359 1859 2429 1911 35
2464 1876 2475 1913 :
2512 1858 2631 1912 Vidi
2682 1858 2922 1929 impium
2969 1862 3450 1929 superexaltalum
3494 1864 3641 1917 sicut

1989 1946 2179 2003 θρόνος
2212 1948 2413 2002 Libani
2444 1966 2462 2003 :
2492 1952 2545 2003 et
2577 1948 2840 2014 transivi,
2868 1957 2919 2004 et
2948 1965 3067 2005 ecce
3094 1966 3203 2005 non
3235 1955 3388 2012 erat;
3419 1954 3473 2004 et
3502 1969 3643 2023 quae-

1984 2037 2095 2092 sivi
2128 2037 2325 2109 ipsum,
2357 2037 2414 2091 id
2467 2042 2556 2093 est
2605 2037 2798 2093 locum
2834 2039 2981 2108 ejus,
3014 2055 3188 2111 neque
3238 2040 3497 2095 inventus
3526 2044 3603 2096 est
3619 2061 3642 2105 ,-

1986 2134 2095 2181 hoc
2124 2128 2279 2181 enim
2304 2126 2559 2181 declarat
2583 2127 2805 2182 malum
2838 2128 2950 2183 etsi
2971 2128 3139 2184 valde
3162 2127 3496 2199 extollatur,
3524 2146 3639 2185 non

1984 2218 2181 2271 tamen
2214 2231 2366 2285 esse,
2402 2232 2593 2287 neque
2636 2214 2829 2272 locum
2881 2234 3057 2272 suum
3103 2217 3545 2285 derelicturum,
3582 2220 3638 2273 id

1985 2307 2075 2358 est
2103 2305 2410 2375 vestigium
2439 2321 2450 2359 :
2477 2303 2652 2359 simul
2677 2305 2834 2359 enim
2867 2323 2933 2360 ac
2964 2309 3258 2377 apparuit,
3282 2306 3635 2363 dissolutum

1984 2395 2093 2458 est,
2128 2408 2241 2447 non
2275 2392 2499 2447 habens
2529 2393 3017 2463 subsistentiam;
3049 2410 3237 2465 neque
3269 2394 3447 2465 igitur
3474 2395 3632 2450 arbi-

1981 2481 2151 2535 treris
2181 2481 2376 2551 ipsum
2410 2481 2771 2536 contrarium
2806 2482 3027 2553 aliquid
3059 2483 3271 2539 dicere.

2052 2569 2257 2637 §XIX.
2292 2570 2504 2625 Malum
2551 2587 2660 2626 non
2707 2576 2786 2625 est
2828 2588 2901 2626 ex
2952 2572 3111 2627 bono.
3162 2573 3427 2641 Adverte,
3482 2590 3629 2643 quo-

1984 2658 2157 2713 modo
2190 2658 2616 2715 admirabiliter
2640 2659 2992 2715 solutionem
3021 2678 3089 2715 ex
3117 2662 3295 2716 variis
3322 2667 3511 2717 nectat
3541 2679 3634 2718 ar-

1983 2746 2303 2819 gumentis.

2057 2837 2261 2891 Rerum
2288 2851 2499 2907 scapus.
2534 2837 2678 2891 Nam
2712 2836 2738 2888 ὁ
2771 2834 3128 2909 ὀργιζόμενος
3163 2854 3264 2893 seu
3299 2839 3399 2909 qui
3430 2840 3637 2895 irasci-

1985 2928 2084 2979 tur
2113 2925 2420 2996 (tanquam
2466 2942 2571 2996 pro
2620 2925 2887 2997 exemplo
2919 2926 3041 2981 haec
3072 2927 3235 2993 dicit,
3269 2931 3335 2982 ut
3363 2928 3638 3001 videtur),

1988 3029 2054 3068 eo
2080 3014 2137 3068 in
2173 3030 2344 3085 quem
2395 3014 2671 3070 irascitur
2719 3014 2954 3086 aliquod
2989 3015 3210 3070 malum
3246 3017 3515 3083 faciente,
3546 3035 3643 3073 vo-

1986 3101 2115 3157 lens
2145 3101 2340 3173 ipsum
2394 3103 2451 3156 in
2503 3104 2890 3172 contrarium,
2925 3103 2982 3157 id
3028 3109 3120 3159 est
3164 3106 3404 3174 bonum,
3437 3108 3642 3162 tradu-

1993 3206 2141 3257 cere,
2171 3190 2272 3245 tali
2304 3190 2490 3245 utitur
2523 3192 2801 3249 motione.

2069 3282 2209 3335 Etsi
2238 3296 2324 3334 res
2352 3296 2561 3335 omnes.
2597 3280 2865 3336 Diximus
2896 3283 3195 3354 superius,
3229 3285 3377 3341 145
3414 3285 3463 3340 si
3496 3290 3646 3340 Deus

1992 3371 2569 3442 superessentialiter
2598 3388 2701 3426 ens
2733 3372 2968 3436 dicitur,
3001 3379 3067 3429 ut
3096 3375 3221 3429 sine
3255 3374 3562 3446 principio,
3589 3381 3645 3430 et

1992 3460 2255 3514 omnium
2289 3476 2486 3525 causa,
2505 3460 2945 3532 oppositum,ut
2970 3467 3291 3517 extremum
3315 3464 3562 3529 entium,
3586 3469 3640 3517 et

1992 3549 2117 3603 sine
2176 3548 2534 3617 substantia,
2587 3552 2788 3618 utpote
2840 3549 2956 3604 Deo
3004 3550 3485 3619 superessentiali
3542 3568 3640 3607 ex-

1992 3636 2256 3706 sistente,
2284 3636 2341 3690 id
2372 3640 2461 3691 est
2510 3640 2775 3705 materia,
2808 3640 2864 3692 et
2893 3655 3008 3694 non
3061 3655 3164 3693 ens
3213 3638 3448 3706 dicitur,
3483 3657 3548 3695 ac
3578 3640 3639 3695 in

1992 3725 2108 3780 Deo
2141 3724 2380 3792 dicitur,
2404 3741 2505 3794 per
2531 3725 2850 3780 bonitatem
2886 3729 3014 3797 ejus
3054 3732 3335 3795 creatum,
3361 3729 3469 3783 etsi
3501 3745 3639 3800 pro-

1993 3818 2120 3885 pter
2149 3814 2481 3869 mistionem
2532 3830 2667 3869 cum
2720 3816 3043 3871 sensilibus
3076 3834 3191 3871 non
3244 3833 3484 3887 prorsus
3516 3834 3641 3871 ma-

1991 3901 2136 3967 lum,
2174 3917 2359 3972 neque
2409 3919 2651 3973 prorsus
2697 3903 2940 3971 bonum,
2975 3908 3040 3958 ut
3083 3904 3339 3959 declarat
3367 3904 3428 3957 τὸ
3477 3905 3641 3958 ἄστα-

1988 4008 2112 4058 τον;
2139 4007 2270 4045 nam
2298 3990 2519 4045 malum
2544 3991 2602 4045 in
2626 3991 3016 4047 instabilitate
3042 3998 3266 4063 partem
3284 3995 3418 4049 boni
3444 3994 3638 4063 habet,

1992 4080 2269 4149 quoniam
2310 4084 2365 4132 et
2407 4096 2438 4133 a
2489 4084 2601 4133 Deo
2652 4081 3000 4150 productum
3054 4086 3142 4136 est
3189 4086 3364 4154 atque
3415 4084 3473 4138 in
3525 4084 3639 4138 Deo

1991 4174 2111 4228 est;
2145 4169 2299 4238 quod
2334 4173 2527 4222 autem
2562 4184 2663 4237 per
2704 4184 2764 4221 se
2809 4168 3027 4222 malum
3063 4172 3199 4240 (non
3233 4172 3361 4225 dico
3394 4172 3640 4241 malitia,

1992 4274 2117 4327 quae
2156 4256 2333 4310 veluti
2394 4256 2579 4310 forma
2626 4260 2681 4310 et
2737 4256 2993 4327 qualitas
3054 4258 3322 4313 rationali
3372 4261 3539 4315 adest
3588 4266 3644 4314 et

1992 4345 2179 4416 abest)
2210 4346 2309 4401 sed
2354 4345 2550 4416 ipsum
2603 4344 2950 4416 simpliciter
2981 4347 3201 4401 malum
3254 4364 3441 4418 neque
3488 4348 3643 4403 inter

1991 4434 2148 4488 entia
2180 4440 2268 4487 est
2299 4450 2429 4504 quae
2474 4432 2910 4503 aliquantulum
2943 4440 3228 4505 appetunt
3259 4437 3500 4507 bonum,
3533 4454 3636 4492 ne-

1990 4536 2100 4590 que
2132 4521 2284 4574 inter
2315 4536 2430 4574 non
2467 4519 2646 4585 entia,
2674 4537 2778 4590 pro
2809 4520 2869 4574 in
2904 4522 3304 4577 materialibus
3352 4528 3414 4578 ut
3442 4524 3500 4578 in
3535 4542 3634 4579 su-

228 4622 317 4683 τῆς
350 4615 513 4684 ὕλης,
545 4615 610 4668 τὸ
656 4613 817 4668 κακὸν
862 4610 1029 4666 πλέον
1081 4611 1350 4687 ἀφέστηκε
1393 4613 1485 4663 τοῦ
1530 4609 1751 4682 ἀγαθοῦ,
1783 4607 1871 4661 καὶ

1995 4608 2390 4680 peressentiali
2423 4607 2865 4681 intelliguntur;
2919 4611 3019 4665 sed
3066 4612 3245 4667 etiam
3297 4629 3410 4667 non
3461 4613 3633 4682 entis,

232 4699 358 4758 ἔστιν
418 4703 657 4759 ἐντεῦθεν
717 4701 942 4763 εἰκότως
1016 4698 1406 4772 ἀνουσιώτερον
1460 4700 1557 4765 τῆς
1608 4694 1769 4766 ὕλης,
1814 4698 1875 4750 τὸ

238 4791 352 4846 αὐτὸ
382 4792 550 4846 κακὸν
583 4792 659 4852 ὡς
691 4791 865 4860 πάντη
917 4785 1071 4843 οὐδὲν
1116 4783 1194 4843 ὅν.
1244 4788 1322 4843 Τὸ
1364 4788 1455 4841 οὗν
1495 4784 1684 4846 ἀπλῶς
1717 4784 1878 4839 αὐτό-

233 4900 383 4935 κακον
419 4878 643 4952 οὖδαμῆ
669 4876 926 4951 οὐδαμῶς
958 4898 970 4911 ·
1004 4878 1065 4931 τὸ
1099 4875 1155 4931 δὲ
1184 4879 1283 4940 τῆς
1313 4873 1451 4945 ὕλης
1483 4876 1601 4929 κατ’
1631 4869 1876 4947 ἔλλειψιν

234 4975 325 5036 τῆς
364 4970 726 5043 ἀγαθότητος,
785 4967 919 5030 καθὸ
980 4967 1067 5020 καὶ
1134 4963 1451 5033 ἀναίσθητος
1502 4962 1589 5017 καὶ
1649 4959 1881 5025 ἀνείδεος

239 5054 411 5127 ὁρᾶται
438 5058 483 5093 ⁸³
517 5076 528 5088 ·
560 5054 681 5118 ὅθεν
712 5055 926 5125 νοήσεις
964 5054 1051 5107 καὶ
1104 5052 1165 5106 τὸ
1204 5051 1349 5124 παρά
1379 5044 1603 5104 Ἀϐδίου
1631 5055 1711 5121 τῷ
1741 5072 1878 5125 προ-

239 5145 370 5219 φήτῃ
430 5144 733 5217 εἷ’ρημένον.
788 5143 894 5197 Καὶ
966 5136 1177 5197 ἔσονται
1244 5142 1318 5203 ὡς
1382 5141 1456 5213 μὴ
1519 5134 1686 5209 ὄντες,
1746 5141 1881 5215 πρὸς

232 5231 351 5295 τοῦς
378 5231 739 5309 ἁμαρτωλοὺς
772 5228 1052 5302 δηλονότι.

1989 4698 2143 4769 quod
2176 4702 2265 4751 est
2289 4697 2566 4767 materie,
2593 4697 2815 4752 malum
2848 4698 2979 4769 plus
3010 4699 3189 4755 distat
3218 4718 3250 4755 a
3283 4702 3454 4769 bono,
3477 4703 3633 4758 ideo-

1989 4802 2102 4857 que
2134 4787 2329 4857 ipsum
2364 4803 2477 4841 non
2513 4803 2616 4841 ens
2658 4788 2865 4842 merito
2899 4787 3311 4863 ἀνουσιώτερον,
3344 4807 3445 4846 seu
3479 4798 3636 4846 caret

1989 4875 2241 4931 essentia
2274 4875 2460 4947 magis
2491 4892 2668 4945 quam
2703 4877 2967 4946 materia,
3001 4882 3064 4931 ut
3092 4879 3331 4933 omnino
3364 4896 3477 4934 non
3507 4896 3632 4934 ens.

1992 4966 2191 5035 Ipsum
2222 4963 2404 5035 igitur
2434 4963 2781 5033 simpliciter
2812 4964 3035 5019 malum
3086 4966 3246 5019 nullo
3296 4967 3466 5021 modo
3497 4972 3586 5022 est
3620 4984 3633 5021 :

1991 5053 2213 5107 malum
2246 5058 2441 5107 autem
2476 5052 2729 5107 materiae
2762 5056 2851 5107 est
2881 5054 3109 5108 defectu
3152 5053 3453 5123 bonitatis,
3488 5056 3641 5111 sicut

1990 5142 2165 5198 etiam
2200 5158 2376 5196 sensu
2410 5144 2467 5195 et
2494 5140 2682 5195 for:na
2712 5156 2916 5195 carens
2948 5141 3213 5196 videtur:
3248 5142 3403 5198 unde
3432 5144 3643 5199 intelli-

1989 5247 2092 5304 ges
2123 5229 2270 5285 illud
2302 5229 2502 5285 Abdita
2548 5229 2843 5301 prophetae
2882 5228 3120 5285 effatum
3152 5248 3205 5285 ν.
3242 5231 3308 5285 16
3341 5248 3354 5284 :
3390 5233 3453 5286 Et
3480 5240 3643 5289 erunt

1990 5330 2264 5394 tanquam
2319 5334 2431 5374 non
2486 5322 2685 5375 essent.
2742 5317 3031 5376 Nimirum
3092 5320 3164 5376 de
3229 5323 3638 5392 peccatoribus

1990 5411 2129 5484 agit.

1260 5582 1497 5640 VARIE
1526 5582 1915 5641 LECTIONES
1941 5580 2028 5639 ET
2055 5576 2604 5639 CORRECTIONES.

310 5708 345 5748 ⁸¹
378 5707 627 5786 προνοίας
659 5706 845 5778 οὔσης.
919 5709 965 5744 ⁸³
996 5702 1304 5762 αἶ’νίττεται.
1381 5709 1425 5743 ⁸⁸
1456 5711 1755 5782 θεωρεῖται.
