4080 6366
487 374 593 430 275

1310 376 1676 431 ΑΡΡΕΝΒΙΧ
1712 378 1808 431 ΔΙ)
1846 373 2086 428 OPERA
2124 373 2133 423 1

2251 367 2541 426 )IONYBII
2580 368 3078 428 AREOPAGITE.
3776 377 3873 432 276

568 498 713 556 Unde
742 498 921 568 igitur
952 507 1033 554 εει
1059 499 1285 555 malum.
1309 499 1457 554 Hinc
1480 497 1907 571 oppositionem
1935 508 2133 567 propo.

2328 492 2495 547 Πόθεν
2555 491 2645 547 οὗν
2720 491 2829 547 ἐστι
2904 494 2967 548 τὸ
3036 492 3223 547 κακόν.
3284 493 3555 557 Ἐντεῦθεν
3626 496 3871 555 ἀντίθεσιν

494 605 660 656 nens,
686 589 1180 661 oppugnationem
1236 590 1363 643 fuse
1414 597 1639 644 exercet
1680 593 1960 657 tanquam
2008 599 2142 654 pro-

496 679 674 734 babili
716 679 912 733 nixam
946 683 1328 751 argumento;
1357 678 1405 734 si
1431 678 1587 733 enim
1639 695 1754 732 nor.
1787 672 2143 731 concesseri-

496 785 628 823 mus
646 766 869 837 aliquid
888 784 1016 823 esse
1031 767 1275 839 pulchro
1296 767 1678 832 contrarium,
1712 766 1767 819 id
1793 768 1881 819 est
1896 762 2139 826 malum,

496 874 611 913 non
643 858 872 912 videtur
899 858 1119 913 bonum
1152 859 1362 922 virtus,
1395 857 1494 911 sed
1522 852 2141 927 permistimindistin-

493 951 587 1002 cta
614 951 786 1002 erunt
816 948 1034 1014 omnia,
1062 962 1250 1016 neque
1280 945 1491 1000 virtute
1521 945 1777 1009 laudata,
1798 958 1985 1013 neque
2004 957 2141 995 con-

494 1036 673 1091 trario
706 1036 1080 1106 reprehenso,
1102 1036 1253 1089 sicut
1284 1051 1398 1089 non
1430 1033 1744 1088 exsistente
1774 1031 1920 1101 lege,
1952 1045 2141 1099 neque

495 1128 805 1194 peccatum
838 1123 947 1179 erit
980 1140 991 1177 :
1027 1140 1185 1178 nunc
1217 1129 1413 1177 autem
1445 1138 1743 1193 Opponens
1777 1120 1856 1174 ait
1890 1138 1903 1175 :
1934 1120 1992 1174 Si
2027 1135 2139 1173 non

495 1213 834 1269 dederimus
868 1212 1087 1267 malum
1133 1229 1262 1268 esse
1289 1214 1437 1267 bono
1495 1210 1876 1275 contrarium,
1918 1209 2137 1263 bonum

494 1301 606 1356 erit
637 1301 748 1358 sibi
791 1302 901 1373 ipsi
958 1302 1316 1358 contrarium
1366 1300 1425 1355 in
1458 1300 1529 1355 iis
1583 1298 1683 1370 qui
1734 1299 1961 1354 defectu
2003 1296 2139 1351 boni

495 1397 760 1462 peccant,
796 1392 912 1446 imo
945 1395 1078 1445 ante
1110 1390 1507 1461 operationem
1538 1388 1771 1443 virtutis
1799 1387 1907 1441 viri
1927 1386 2142 1441 virtute

496 1480 750 1549 praediti,
767 1480 1127 1535 advertimus
1150 1484 1385 1550 peccata
1412 1478 1471 1532 in
1505 1478 1704 1533 anima
1724 1477 1852 1546 ejus
1879 1494 1913 1531 a
1930 1477 2143 1530 virtute

495 1567 818 1640 distingui;
854 1569 1088 1638 quando
1108 1568 1264 1622 enim
1282 1585 1414 1639 pars
1438 1566 1741 1622 rationalis
1759 1564 1985 1629 animae,
2011 1580 2140 1634 pro-

497 1656 625 1728 pria
663 1661 958 1728 operatur,
1005 1674 1038 1711 a
1069 1656 1230 1711 nullo
1264 1656 1484 1711 bonum
1535 1654 1882 1727 impeditur;
1908 1653 2141 1725 quando

493 1762 629 1801 vero
657 1763 793 1817 pars
819 1745 1179 1801 irrationalis
1202 1745 1409 1800 animae
1432 1762 1556 1815 quae
1585 1745 1865 1799 miscetur
1888 1743 1944 1796 in
1967 1746 2146 1797 mate-

2252 582 2547 654 προτιθεὶς,
2594 580 2844 643 πλατέως
2892 581 3152 657 γυμνάζει
3200 582 3299 650 τήν
3351 582 3693 657 ὑπόκρουσιν,
3735 587 3871 661 ὡςέξ

2252 667 2654 746 εὐλογαφανοῢς
2701 667 3019 733 ἀντιθέσεως
3055 691 3066 704 ·
3117 670 3161 725 εἰ
3209 672 3310 746 γὰρ
3364 672 3440 743 μὴ
3488 668 3707 746 δοίημεν
3753 678 3873 732 εἶναί

2249 777 2298 809 τι
2346 763 2425 829 τῷ
2474 758 2627 831 καλῷ
2675 760 2933 827 ἐναντιον,
2982 761 3225 815 τουτέστι
3268 760 3331 815 τὸ
3374 762 3561 826 κακὸν,
3592 761 3687 817 οὐκ
3714 763 3874 841 ὀφθή-

2252 866 2396 900 σεται
2429 849 2625 923 ἀγαθὸν
2668 851 2702 917 ἡ
2755 850 2939 924 ἀρετὴ,
3002 849 3124 904 ἀλλ’
3174 848 3366 922 ἀναμὶξ
3422 847 3699 925 ἀδιάκριτα
3742 851 3873 909 ἔσται

2249 936 2442 1004 πάντα,
2494 935 2616 991 οὔτε
2663 940 2826 1014 ἀρετῇ
2852 942 2899 975 ⁸⁴
2943 938 3360 1011 ἐπαινουμένης,
3416 938 3543 994 οὕτε
3595 945 3687 995 τοῦ
3739 940 3874 998 ἐναν-

2247 1022 2367 1078 τίου
2389 1028 2585 1098 ψεκτοῦ
2615 1022 2768 1088 ὄντος
2802 1045 2814 1057 ·
2849 1026 3031 1098 ὥσπερ
3070 1028 3145 1099 μὴ
3177 1024 3332 1089 ὄντος
3361 1027 3553 1100 νόμου,
3579 1029 3696 1084 οὕτε
3716 1031 3875 1107 ἀμαρ-

2247 1112 2338 1167 τία
2394 1111 2561 1173 ἔσται.
2618 1121 2721 1170 Νῦν
2770 1114 2827 1171 δέ
2870 1138 3031 1191 φησιν
3080 1118 3108 1171 ὁ
3152 1117 3402 1188 ἀντιθεὶς,
3457 1117 3504 1173 εἴ
3554 1121 3628 1190 μή
3668 1118 3874 1194 δοιημεν

2248 1203 2411 1257 κακὸν
2470 1202 2702 1260 ἐναντίον
2755 1210 2834 1277 τῷ
2902 1208 3106 1281 ἀγαθῷ,
3179 1204 3324 1261 ἔσται
3400 1207 3534 1262 αὐτὸ
3576 1208 3639 1263 τὸ
3700 1210 3876 1285 ἀγαθὸν

2250 1289 2487 1346 ἐναντίον
2546 1295 2720 1366 ἑαυτῷ
2777 1293 2828 1348 ἐν
2870 1299 3021 1367 ,τοῖς
3075 1302 3190 1349 κατ’
3246 1290 3497 1368 ἔλλειψιν
3548 1301 3643 1351 τοῦ
3690 1299 3875 1371 ἀγαθοῦ

2250 1381 2644 1456 ἁμαρτάνουσιν
2681 1401 2694 1415 ο
2729 1381 2873 1439 ἀλλὰ
2920 1384 3010 1438 καὶ
3057 1384 3165 1460 πρὸ
3212 1391 3311 1454 τῆς
3356 1384 3627 1460 ἐνεργείας
3651 1388 3877 1462 τῆςάρε-

2249 1472 2346 1536 τῆς
2372 1475 2469 1524 τοῦ
2508 1470 2760 1546 ἐναρέτου
2807 1474 3096 1547 ἀνθρώπου
3149 1474 3366 1548 ὁρῶμεν
3408 1472 3461 1528 ἐν
3519 1479 3588 1548 τῇ
3624 1478 3770 1550 ψυχῇ
3791 1477 3875 1533 αύ-

2248 1562 2347 1612 τοῢ
2380 1556 2793 1635 διακεκριμένας
2838 1569 2939 1631 τῆς
2987 1564 3185 1637 ἀρετῆς
3234 1563 3330 1626 τὰς
3380 1562 3572 1626 κακίας
3603 1583 3615 1597 ’
3648 1564 3765 1619 ὅταν
3798 1566 3879 1637 μὶν

2251 1648 2355 1722 γὰρ
2385 1649 2445 1702 τὸ
2497 1648 2715 1724 λογικὸν
2772 1652 2935 1724 μέρος
2988 1657 3088 1719 τῆς
3138 1654 3326 1725 ψυχῆς
3361 1651 3427 1706 τὰ
3474 1651 3647 1707 οἰκεῖα
3685 1651 3875 1729 ἐνεργῇ.

2251 1735 2330 1797 εἷς
2361 1735 2512 1791 οὐδὲν
2543 1743 2649 1793 τῶν
2683 1741 2890 1812 ἀγαθῶν
2926 1738 3277 1811 ἐμποδίζεται
3312 1759 3324 1773 ·
3372 1739 3497 1795 ὅταν
3531 1738 3588 1795 δέ
3611 1742 3672 1796 τὸ
3702 1742 3879 1818 ἄλογον

495 1834 581 1889 ria
604 1839 661 1889 et
703 1851 964 1906 corpore,
1008 1833 1345 1898 invaluerit,
1380 1838 1507 1887 tum
1566 1831 1834 1887 rationali
1870 1831 2133 1903 prohibe-

2256 1824 2417 1898 μέρος
2471 1834 2568 1896 τῆς
2616 1831 2821 1903 ψυχῆς,
2882 1828 3014 1902 ὅπερ
3076 1830 3323 1901 μέρικται
3370 1829 3475 1904 ὕλῃ
3522 1831 3611 1885 καὶ
3660 1833 3877 1904 σώματι,

493 1926 594 1978 tur
632 1923 865 1995 proprie
894 1922 1122 1994 operari
1158 1940 1169 1976 :
1214 1939 1349 1993 ergo
1383 1921 1741 1977 irrationalis
1773 1937 1905 1990 pars
1935 1937 2003 1975 ex
2032 1921 2140 1975 mi-

495 2012 687 2065 stione
717 2027 850 2065 cum
902 2012 1146 2065 materia
1195 2010 1475 2078 inficitur,
1510 2010 1812 2064 rationalis
1843 2027 1975 2064 vero
2025 2026 2141 2063 non

493 2100 647 2170 quod
680 2099 937 2154 materiae
968 2100 1443 2168 commisceatur,
1468 2100 1567 2154 sed
1591 2099 1726 2169 quia
1757 2099 1813 2153 in
1836 2098 2139 2153 materiam

492 2189 832 2259 propendet,
865 2188 923 2242 id
956 2192 1037 2243 est
1062 2187 1385 2243 irrationali
1422 2188 1597 2255 cedit,
1625 2203 1811 2258 neque
1832 2187 2019 2257 ipsam
2046 2204 2141 2242 co-

492 2276 677 2341 hibet,
699 2276 973 2343 inficitur,
992 2292 1092 2331 seu
1120 2276 1273 2331 mala
1293 2277 1574 2345 efﬁcitur;
1596 2277 1749 2331 sicut
1765 2277 2141 2342 oculus,dum

491 2370 631 2419 sunt
664 2367 940 2433 tenebrae,
976 2366 1323 2437 prohibetur
1368 2366 1597 2431 videre;
1632 2366 1741 2420 hoc
1770 2367 1925 2420 I46
1966 2366 2144 2435 igitur

489 2469 607 2509 non
644 2454 1030 2519 demonstrat,
1055 2470 1197 2508 num
1229 2455 1384 2525 quod
1408 2460 1519 2521 est,
1544 2470 1647 2523 per
1667 2471 1729 2509 se
1752 2456 1971 2509 malum
1997 2455 2142 2509 sub-

491 2542 685 2596 sistat.
719 2541 843 2596 Non
876 2542 1031 2596 enim
1058 2542 1210 2612 quod
1246 2540 1419 2595 alicui
1461 2540 1706 2606 malum,
1728 2541 1783 2594 id
1817 2546 1904 2595 est
1936 2557 2038 2611 per
2081 2554 2141 2595 se

490 2628 736 2693 malum,
761 2629 861 2684 sed
886 2629 1061 2684 etiam
1096 2628 1322 2684 malitia
1344 2633 1434 2684 est
1460 2628 1684 2700 species
1706 2634 1763 2683 et
1784 2629 2054 2684 accidens
2074 2645 2141 2684 ex

490 2717 645 2773 malo
679 2735 692 2774 :
728 2718 1062 2773 accessione
1087 2718 1243 2773 enim
1295 2718 1361 2772 ﬁt
1392 2723 1456 2771 ut
1506 2717 1650 2771 illud
1686 2717 1769 2771 vel
1804 2718 1961 2772 istud
1997 2718 2138 2788 quid

491 2807 888 2863 constituatur
920 2823 933 2862 :
970 2810 1054 2876 ut,
1104 2806 1388 2877 iniquitas
1422 2806 1654 2877 quidem
1703 2806 1908 2861 animae
1938 2812 2027 2862 est
2057 2808 2139 2861 vi-

490 2897 660 2963 tium,
689 2910 1015 2965 rursusque
1040 2896 1267 2966 species
1298 2895 1623 2965 iniquitatis
1652 2897 2138 2966 suntfsecundum

490 2984 795 3039 materiam
828 2984 1160 3055 appetitus;
1194 2983 1290 3037 ille
1320 2985 1474 3039 enim
1518 2984 1670 3039 circa
1710 2985 2011 3054 pecunias,
2046 2984 2138 3040 hic

486 3077 684 3127 autem
709 3072 865 3127 circa
897 3071 1148 3126 honores
1178 3072 1421 3138 accidit;
1456 3072 1635 3142 hujus
1677 3089 1909 3143 quoque
1941 3090 2137 3128 acces-

487 3160 651 3215 sione
683 3160 908 3231 species
952 3160 1239 3215 malorum
1292 3161 1469 3215 etiam
1507 3178 1539 3216 a
1572 3162 1839 3232 partibus
1886 3162 2130 3229 animae;

2251 1915 2535 1988 ἐπικρατῇ,
2562 1915 2685 1970 τότε
2732 1915 3079 1988 ἑμποδίζεται
3114 1919 3176 1972 τὸ
3222 1916 3440 1992 λογικὸν
3493 1919 3705 1981 οἰκείως
3751 1920 3877 1995 ἐνερ-

2248 2009 2384 2078 γεῖν.
2419 2004 2709 2059 Κακύνεται
2742 2005 2834 2059 οὖν
2864 2006 2928 2060 τὸ
2959 2005 3160 2081 ἄλογον
3219 2004 3280 2062 ἐκ
3328 2014 3429 2077 τῆς
3458 2009 3598 2081 πρὸς
3626 2009 3726 2077 τὴν
3755 2006 3877 2079 ὕλην

2251 2091 2525 2164 ἐπιμιξίας
2552 2112 2564 2124 ·
2586 2094 2648 2148 τὸ
2679 2091 2735 2148 δὲ
2767 2092 2990 2167 λογικὸν
3024 2094 3084 2149 ού
3114 2100 3195 2167 τῷ
3242 2095 3512 2171 μεμίχθαι
3544 2101 3612 2170 τῇ
3644 2095 3763 2171 ὕλῃ,
3795 2096 3881 2152 ἀλ-

2251 2180 2321 2237 λὰ
2360 2186 2438 2252 τῷ
2476 2182 2645 2237 νεύειν
2706 2183 2781 2245 εἷς
2834 2182 2996 2256 ὕλην,
3067 2186 3310 2239 τουτέστι
3378 2190 3456 2257 τῷ
3514 2183 3883 2258 ἐνδιδόναιτῷ

2250 2270 2452 2344 ἀλόγῳ,
2501 2271 2591 2325 καὶ
2639 2274 2715 2344 μὴ
2770 2279 2983 2347 κρατεῖν
3033 2273 3221 2342 αὐτοῦ,
3275 2274 3585 2343 κακύνεται,
3632 2275 3703 2337 ὡς
3745 2272 3882 2349 ὄμμα

2249 2360 2474 2421 σκότους
2497 2354 2675 2430 ὄντος,
2708 2358 2977 2416 κωλύεται
3032 2364 3159 2437 ὁρᾷν
3194 2384 3207 2395 ·
3260 2364 3328 2417 οὐ
3370 2360 3634 2418 δείκνυσιν
3659 2364 3745 2419 οὗν
3777 2368 3882 2418 τοῦ-

2249 2468 2334 2519 το,
2366 2448 2411 2502 εί
2446 2450 2709 2524 ὑφέστηκε
2735 2451 2797 2503 τὸ
2841 2449 3140 2505 αὖτόκακον
3175 2470 3188 2483 ’
3241 2451 3303 2506 οὐ
3347 2452 3448 2527 γάρ
3498 2453 3562 2508 τό
3593 2474 3694 2508 τινι
3731 2453 3874 2509 κακὸν

2248 2537 2395 2590 τοῦτ’
2424 2533 2535 2591 ἔστι
2562 2538 2630 2591 τὸ
2665 2538 2989 2606 αὐτόκακον,
3042 2538 3188 2595 ἀλλά
3234 2541 3324 2596 καὶ
3367 2542 3529 2596 κακία
3578 2541 3714 2597 ἐστὶν
3751 2539 3877 2601 εἶδος

2251 2628 2383 2681 οὖσα
2411 2628 2500 2682 καὶ
2551 2623 2897 2700 συμϐεϐηκὸς
2944 2633 3041 2685 τοῦ
3084 2634 3254 2685 κακοῦ
3286 2650 3299 2663 ο
3350 2637 3469 2693 ταῖς
3519 2633 3621 2706 γὰρ
3652 2632 3874 2706 προσθή-

2248 2737 2368 2777 καις
2426 2718 2740 2780 καθίσταται
2802 2717 2876 2779 εἷς
2929 2719 2991 2771 τὸ
3043 2716 3167 2773 τόδε
3221 2740 3270 2773 τι
3333 2720 3489 2786 εἶναι,
3551 2722 3664 2775 οἷον
3710 2717 3874 2774 ἀδικία

2252 2806 2347 2876 μὲν
2408 2808 2591 2880 ψυχῆς
2643 2804 2753 2861 ἐστι
2809 2806 3046 2882 πονηρία
3079 2826 3092 2839 ·
3144 2808 3234 2863 καὶ
3287 2810 3478 2877 πάλιν,
3529 2817 3631 2879 τῆς
3686 2808 3876 2870 ἀδικίας

2249 2892 2365 2964 εἷ’δη
2400 2895 2536 2969 πρὸς
2580 2896 2680 2963 τὴν
2723 2902 2825 2964 τῆς
2873 2896 3098 2969 ὁρέξεως
3154 2896 3291 2967 ὕλην
3319 2919 3331 2931 ·
3381 2900 3416 2967 ἡ
3472 2899 3569 2972 μὶν
3605 2899 3725 2974 γὰρ,
3767 2899 3874 2973 περὶ

2246 2984 2530 3057 χρήματα,
2563 2985 2597 3051 ἡ
2632 2980 2690 3037 δὲ
2736 2984 2859 3058 περὶ
2909 2984 3071 3056 τιμὰς
3118 2980 3426 3058 συμϐαίνει.
3479 2986 3689 3042 Γίνεται
3719 2983 3772 3041 δὶ
3797 2988 3877 3041 καὶ

2244 3071 2380 3125 κατὰ
2407 3073 2719 3145 προσθήκας
2766 3068 2883 3142 εἷ’δη
2934 3076 3114 3127 κακῶν
3159 3073 3249 3128 καὶ
3298 3075 3404 3129 ἀπὸ
3445 3079 3557 3131 τῶν
3598 3081 3767 3151 μερῶν
3793 3082 3877 3144 τῆς

2245 3162 2429 3233 ψυχῆς
2467 3156 2684 3214 ’δειλία
2735 3160 2828 3231 μὲν
2870 3162 2996 3235 γὰρ,
3047 3160 3082 3229 ἥ
3136 3161 3405 3236 θρασύτης
3458 3165 3568 3219 ἀπὸ
3608 3169 3703 3219 τοῦ
3731 3176 3874 3236 θυμι-

487 3253 683 3305 metus
714 3248 950 3319 quidem
984 3254 1042 3303 et
1072 3249 1317 3304 audacia
1350 3250 1419 3304 ab
1452 3249 1753 3315 irascibili,
1783 3250 2133 3321 intempera-

2251 3226 2670 3319 bﬁjdxolaaia
2728 3226 2784 3303 δὲ
2832 3226 3214 3320 ἥῑῆλιθιότης
3271 3226 3375 3307 ἀπδ
3431 3257 3532 3307 τοῦ
3578 3226 3878 3325 ἐπιθυμητι-

485 3338 567 3393 tio
598 3341 794 3393 autem
821 3340 877 3392 et
902 3336 1196 3392 stoliditas
1218 3354 1249 3391 a
1274 3338 1743 3409 concupiscibili;
1769 3339 1916 3393 fiunt
1936 3344 2132 3395 autem

488 3425 663 3481 etiam
714 3424 937 3497 species
989 3425 1277 3481 malorum
1320 3426 1392 3480 ab
1423 3426 1890 3496 operationibus;
1942 3432 2133 3483 metus

489 3514 647 3570 enim
679 3524 766 3571 est
794 3515 974 3570 veluti
1003 3515 1265 3570 defectus
1288 3515 1681 3570 animositatis
1702 3516 1761 3570 in
1790 3517 2132 3587 aggredien-

486 3606 582 3672 do,
616 3605 861 3659 audacia
890 3620 1021 3659 vero
1054 3619 1326 3659 excessus
1372 3604 1769 3660 animositatis
1818 3605 1873 3658 in
1926 3621 2130 3677 aggre-

2242 3340 2361 3394 κοῦ.
2397 3337 2603 3391 Δίνεται
2638 3335 2694 3392 δὶ
2724 3338 2813 3392 καὶ
2845 3338 2949 3393 ἀπὸ
2998 3342 3107 3392 τῶν
3142 3338 3423 3415 ἐνεργειῶν
3457 3340 3577 3412 εἷ’δη
3607 3346 3776 3397 κακῶν
3802 3362 3814 3375 ·
3844 3343 3872 3409 ἡ

2246 3426 2340 3497 μὲν
2368 3425 2468 3500 γὰρ
2517 3424 2695 3480 δειλία
2727 3429 2841 3480 οἷον
2884 3426 3007 3500 περὶ
3045 3428 3107 3481 τὸ
3152 3428 3325 3502 ὁρμᾷν
3369 3428 3515 3485 ἐστιν
3554 3428 3789 3504 ἔλλειψις
3817 3432 3873 3485 ⁸⁵.

2240 3518 2274 3583 ἡ
2310 3513 2367 3569 δὲ
2396 3516 2663 3590 θρασύτης
2723 3516 2846 3591 περὶ
2890 3518 2952 3570 τὸ
3001 3517 3173 3592 ὁρμᾷν
3222 3514 3505 3593 ὑπερϐολή
3544 3540 3556 3552 ·
3612 3523 3646 3589 ἡ
3676 3517 3731 3575 δὲ
3759 3521 3872 3573 ἀκο-

2241 3602 2422 3674 λασία,
2452 3606 2574 3680 περὶ
2628 3606 2690 3659 τὸ
2738 3606 2993 3679 πάσχειν.
3055 3608 3231 3683 Σαφές
3282 3605 3373 3661 οὗν
3421 3607 3635 3683 γέγονε,
3676 3613 3786 3669 πῶς
3828 3606 3871 3661 ἐν

485 3692 718 3759 diendo,
752 3692 1203 3762 intemperantia
1244 3696 1439 3746 autem
1473 3692 1531 3745 in
1566 3694 1868 3762 patiendo;
1906 3693 2129 3748 clarum

2251 3696 2393 3767 ψυχῇ
2423 3694 2510 3747 καὶ
2558 3695 2664 3768 πρὸ
2712 3693 2980 3769 ἐνεργείας
3025 3692 3354 3771 διακέκριται
3385 3697 3452 3751 τὰ
3495 3698 3633 3753 κακὰ
3680 3696 3736 3752 ἐκ
3776 3699 3872 3751 τῶν

484 3781 667 3852 igitur
696 3783 804 3849 est,
829 3780 1115 3850 quomodo
1149 3779 1204 3833 in
1240 3779 1437 3835 anima
1467 3779 1643 3835 etiam
1676 3786 1809 3835 ante
1840 3782 2129 3852 operatio-

2251 3783 2464 3857 ἱρετῶν,
2496 3780 2582 3837 δίά
2628 3787 2724 3837 τοῦ
2774 3782 2974 3860 ἀλόγου
3018 3785 3105 3838 καὶ
3156 3788 3252 3839 τοῦ
3294 3783 3525 3859 λογικοῦ
3578 3790 3753 3863 μερῶν
3796 3780 3874 3839 ὅν.

480 3886 583 3925 nes
631 3872 870 3939 peccata
912 3868 1357 3939 distinguantur
1404 3885 1435 3921 a
1486 3868 1826 3938 virtutibus,
1861 3869 1919 3923 in
1970 3875 2131 3940 parte

2251 3891 2341 3924 mw
2373 3878 2475 3939 τῆς
2503 3874 2709 3946 ψυχῆς.
2762 3874 2943 3928 Ταῦτα
2992 3870 3050 3926 δὶ
3098 3874 3167 3928 τὰ
3210 3877 3307 3927 τοῦ
3357 3873 3567 3949 ἀλόγου
3600 3872 3776 3950 ἕτερον
3800 3873 3875 3927 νό-

486 3956 759 4014 rationali
781 3962 838 4012 et
868 3956 1191 4011 irrationali
1214 3954 1443 4011 animae.
1470 3956 1599 4012 Haac
1622 3962 1814 4012 autem
1841 3974 1966 4027 qua:
1991 3962 2131 4013 sunt

2251 3980 2339 4012 ιον
2402 3957 2665 4014 δείκνυσιν
2724 3962 2858 4033 ἡμῖν
2913 3962 3457 4037 ἀντιστρατευόμενον
3526 3964 3606 4036 τῷ
3662 3967 3759 4032 νῶ,
3812 3961 3877 4022 ὥς

477 4046 840 4103 irrationalis
871 4045 1044 4102 aliam
1069 4045 1258 4117 legem
1283 4047 1454 4102 nobis
1476 4048 1796 4101 ostendunt
1817 4046 1999 4101 menti
2026 4047 2128 4101 ad-

475 4140 826 4205 versantem,
850 4136 1005 4191 sicut
1026 4135 1168 4191 dicit
1196 4135 1513 4206 Apostolus
1537 4137 1638 4205 (f);
1664 4139 1720 4190 et
1750 4135 1862 4189 nisi
1896 4151 2127 4206 compe-

478 4229 697 4293 scatur,
722 4224 1067 4280 rationalem
1091 4224 1505 4295 captivantem,
1536 4230 1601 4277 ut
1630 4224 2019 4280 ostendimus.

548 4315 588 4368 A
621 4312 855 4370 ratione.
884 4314 1013 4379 Pro,
1044 4327 1178 4367 cum
1211 4310 1481 4367 rationali
1514 4315 1678 4380 parte
1707 4310 1935 4367 animae.

548 4492 613 4546 Et
646 4493 695 4547 si
723 4490 1008 4561 corruptio
1039 4504 1227 4544 rerum
1261 4490 1349 4543 sit.
1388 4492 1518 4555 Pro,
1548 4488 1598 4543 si
1629 4488 1687 4542 in
1720 4488 1895 4544 rebus
1929 4490 2125 4562 ipsum

2238 4068 2399 4123 φησιν
2426 4048 2452 4101 ὁ
2504 4048 2860 4117 Ἀπόστολος,
2905 4049 2996 4104 καὶ
3043 4049 3095 4104 ἐν
3144 4054 3224 4123 τῷ
3278 4052 3355 4123 μή
3398 4054 3713 4126 κρατεῖσθαι
3758 4050 3877 4124 αἰχ-

2242 4133 2629 4208 μαλωτεύοντα
2655 4138 2717 4193 τὸ
2749 4138 2997 4213 λογικὸν,
3026 4138 3099 4201 ὡς
3128 4137 3506 4213 ἀπεδείξαμεν.

2306 4315 2448 4387 Πρὸς
2477 4316 2569 4370 τὸν
2625 4314 2810 4389 λόγον.
2869 4315 3015 4371 Ἀντὶ
3059 4320 3180 4384 τοῦ,
3238 4317 3374 4393 πρὸς
3421 4318 3485 4373 τὸ
3534 4318 3755 4395 λογικὸν
3784 4318 3872 4381 τῆς

2236 4406 2423 4477 ψυχῆς
2461 4405 2643 4477 μέρος·

2308 4494 2407 4547 Καὶ
2466 4492 2513 4546 εἴ
2564 4494 2739 4566 φθορά
2784 4492 2895 4548 ἐστι
2944 4497 3052 4548 τῶν
3114 4490 3306 4553 ὄντων.
3366 4496 3514 4551 Ἀντί
3567 4501 3686 4564 τοῦ,
3738 4494 3781 4550 εἰ
3829 4492 3875 4548 ἐν

479 4579 779 4649 corrumpi
811 4582 1105 4644 cernatur,
1130 4593 1230 4632 seu
1259 4576 1309 4631 si
1333 4575 1533 4647 aliqua
1558 4577 1779 4632 enlium
1805 4579 2128 4651 corruptio-

2251 4586 2349 4643 τοῖς
2377 4583 2491 4635 οὖσι
2523 4583 2585 4635 τὸ
2634 4582 2935 4658 φθείρεσθαι
2976 4583 3185 4657 ὁρᾶται⁹
3234 4582 3406 4658 ἤγουν
3437 4582 3492 4637 εἷ’
3515 4605 3638 4639 τινα
3666 4588 3768 4638 τῶν
3798 4580 3875 4636 ὄν-

478 4668 538 4723 ni
572 4666 937 4737 subjaceant,
972 4681 1040 4720 ex
1070 4665 1178 4720 hoc
1210 4664 1542 4720 ostenditur
1572 4667 1727 4736 quod
1759 4667 1979 4724 malum
2013 4671 2126 4726 sit:

476 4755 625 4811 illud
660 4755 823 4809 enim
853 4769 965 4808 non
994 4754 1153 4823 ejicit
1184 4753 1293 4807 hoc
1326 4752 1639 4824 signiﬁcat.

550 4846 633 4899 An
663 4860 775 4899 non
810 4844 1145 4913 frequenter.
1180 4842 1305 4895 Haec
1340 4842 1531 4896 adhuc
1580 4844 1650 4897 ad
1704 4844 2130 4915 oppositionem

478 4933 795 5007 pertinent,
828 4930 1110 4985 nimirum
1144 4930 1339 4999 potius
1370 4934 1428 4984 et
1466 4930 1522 4984 in
1557 4931 1729 4986 rebus
1760 4939 1848 4989 est
1878 4951 1943 4989 ac
1974 4936 2128 4991 exsi'

481 5024 584 5080 siit
612 5022 860 5088 malum;
895 5018 1006 5075 etsi
1037 5018 1189 5073 enim
1218 5018 1439 5071 malum
1475 5018 1551 5073 sit
1582 5036 1777 5075 rerum
1810 5024 2127 5094 corruptio,

482 5113 579 5167 sed
615 5128 727 5165 non
760 5115 957 5165 tamen
1005 5114 1095 5163 est
1139 5108 1268 5178 ipsa
1318 5108 1637 5180 corruptio,
1664 5109 1821 5166 aliud
1850 5116 1941 5167 est
1971 5115 2124 5186 quod

480 5200 552 5255 ad
599 5197 1038 5269 generationem
1068 5196 1249 5259 ducit,
1281 5196 1455 5251 veluti
1506 5215 1678 5253 ovum
1727 5204 2127 5274 corrumpitur

2238 4690 2347 4724 των
2382 4669 2659 4724 ὑπόκειται
2690 4674 2883 4747 φθορᾷ,
2918 4670 2977 4724 ἐκ
3018 4669 3214 4725 τούτου
3255 4668 3525 4727 δείκνυται
3570 4674 3633 4728 τὸ
3663 4672 3873 4727 εἶναιτὸ

2241 4758 2403 4813 κακόν
2430 4777 2442 4790 ·
2477 4758 2539 4812 τὸ
2564 4758 2667 4832 γὰρ
2696 4758 2793 4813 οὐκ
2813 4754 3066 4813 ἐκϐάλλει
3098 4764 3262 4813 τοῦτο
3294 4756 3484 4830 δηλοῖ.

2312 4849 2382 4903 "H
2420 4846 2548 4921 οὐχὶ
2605 4845 2899 4909 πολλάαις.
2960 4853 3078 4903 Ἔτι
3130 4855 3229 4917 τῆς
3290 4848 3611 4912 ἀντιθέσεώς
3669 4850 3765 4905 εἰσι
3792 4848 3871 4903 καὶ

2236 4940 2426 5006 ταῦτα,
2462 4937 2543 4989 δτι
2580 4933 2792 5008 μᾶλλον
2844 4935 2932 4990 καὶ
2981 4934 3035 4990 ἐν
3081 4941 3198 4995 τοῖς
3255 4937 3404 4991 οὗσίν
3451 4937 3587 5007 ἐστι,
3619 4939 3709 4994 καὶ
3736 4939 3790 4993 ὃν
3818 4937 3873 4990 τὸ

2237 5026 2399 5080 κακόν
2434 5043 2445 5057 ·
2479 5023 2575 5078 κᾶν
2606 5025 2704 5101 γὰρ
2736 5025 2798 5079 τὸ
2825 5024 2987 5079 κακὸν
3032 5024 3204 5101 φθορά
3252 5024 3363 5081 ἐστι
3393 5030 3500 5081 τῶν
3533 5023 3727 5095 ὄντων,
3759 5024 3870 5082 ἀλλ’

2237 5115 2327 5169 οὖν
2356 5117 2388 5183 ἠ
2423 5114 2594 5190 φθορά
2651 5114 2808 5183 αὕτη,
2858 5110 3038 5187 ἓτερον
3087 5112 3195 5178 ἔσθ’
3239 5116 3327 5169 ὅτε
3383 5114 3463 5178 εἷς
3508 5116 3714 5191 γένεσιν
3746 5113 3871 5190 ἄγει,

2236 5207 2348 5258 οἷον
2381 5204 2471 5258 τὸν
2508 5202 2616 5257 ὠὸν
2674 5200 2944 5278 φθείρεται
2993 5203 3111 5275 μὲν,
3158 5210 3669 5279 μεταστοιχειοῦται
3724 5204 3779 5259 δὲ
3804 5203 3873 5263 εἰς

482 5286 744 5358 quidem,
775 5286 876 5341 sed
927 5284 1531 5371 transsubstantiatur
1579 5287 1638 5341 in
1687 5304 1873 5358 avem,
1906 5294 1963 5347 et
1992 5292 2124 5349 faba

2251 5292 2437 5362 ττηνόν
2472 5310 2485 5325 '
2519 5290 2608 5345 καὶ
2640 5291 2667 5345 ὁ
2705 5288 2913 5363 κύαμος
2952 5286 3029 5360 δέ,
3079 5292 3582 5367 καταμασσόμενος,
3611 5292 3701 5349 καὶ
3731 5292 3787 5349 ἐν
3809 5293 3872 5365 τῇ

554 5435 623 5506 (l)
656 5438 819 5491 Rom.
852 5447 953 5499 v11,
984 5431 1079 5488 23.

1512 5532 1755 5590 VARI/E
1795 5535 2186 5598 LECTIONES
2223 5541 2315 5598 ET
2354 5536 2919 5600 CORRECTIONES.

557 5656 603 5691 ⁸⁸
630 5653 846 5728 ἀρετῆς.
923 5653 967 5690 ⁸⁸
996 5651 1029 5721 ἡ
1067 5650 1160 5725 μὶν
1177 5650 1278 5729 γὰρ
1309 5652 1607 5733 ἀφροσύνη,
1641 5656 1755 5713 οἷον
1774 5656 1896 5735 περὶ
1926 5657 1988 5715 τὸ
2019 5659 2146 5740 ὁρᾷν
2167 5660 2365 5741 γίνεται
2396 5658 2519 5719 tu.
