4080 6366
253 400 359 453 277

1021 404 1082 456 Β.
1124 402 1391 456 MAXIM!
1429 404 1731 460 SCHOLIA
1768 406 1842 460 IN
1881 402 2015 457 LIB.
2055 403 2150 456 DE
2188 402 2464 457 DIVINIS
2502 402 2915 458 NOMINlBUS.

3566 396 3674 457 278

256 526 325 600 γῇ
383 522 794 600 κρυπτόμενος,
842 522 1377 598 μετασχηματίζεται
1429 525 1505 588 εἷς
1565 522 1807 603 ἐμϐρύου
1840 527 1885 582 εἶ

2028 543 2155 599 quae
2178 525 2472 598 subigitur
2497 542 2563 581 ac
2588 526 2650 582 in
2672 530 2825 582 terra
2845 525 3191 593 occultatur,
3217 524 3675 596 transﬁguratur

257 609 369 676 δος·
401 614 494 667 καὶ
542 611 612 667 τὰ
663 613 889 686 σώματα
920 609 976 668 δὲ
1024 614 1184 686 ἡμῶν
1232 611 1307 674 εἰς
1340 613 1652 684 σκώληκαςο
1686 616 1775 670 καὶ
1802 612 1914 670 ’ἐτε-

259 722 326 777 ρα
360 706 497 774 ζῶα,
525 700 617 757 καὶ
650 699 795 757 ἄλλα
848 700 1010 777 μυρία
1050 705 1292 775 τοιαῦτα,
1326 702 1402 765 ὡς
1450 702 1609 759 ἵπποι
1653 704 1748 778 μὲν
1776 726 1911 783 σφη-

255 794 368 845 κῶν
396 791 631 867 γένεσις,
663 794 853 865 ταῦροι
883 788 940 845 δὲ
975 789 1271 864 μελισσῶν.

328 880 432 937 Καὶ
490 878 639 935 ἔσται
697 880 761 936 τὸ
826 880 1009 936 κακόν.
1070 879 1235 943 Λύσις
1311 885 1415 935 τῶν
1491 877 1908 957 προϐληθεισῶν

256 968 600 1038 ἀντιθέσεων,
654 968 702 1024 εἴ
748 971 783 1039 ἡ
836 969 1012 1045 φθορά
1057 970 1245 1038 κακὸν,
1298 970 1502 1048 φθείρει
1551 970 1608 1025 δὲ
1650 973 1684 1040 ἡ
1736 973 1913 1048 φθορὰ

252 1058 431 1113 καὶτὸ
460 1056 653 1126 κακὸν,
699 1062 816 1120 πῶς
866 1052 1012 1112 ἔσται
1062 1058 1124 1113 τὸ
1165 1060 1331 1113 κακὸν
1378 1058 1505 1114 αὐτὸ
1548 1059 1704 1114 ἑαυτὸ
1753 1066 1909 1134 φθεῖ-

254 1168 346 1222 ρον
385 1166 399 1216 ;
434 1146 481 1201 εἰ
512 1146 613 1223 γὰρ
646 1146 697 1202 έν
729 1150 799 1220 τῇ
830 1145 935 1220 ὕλῃ
978 1147 1041 1201 τὸ
1088 1147 1274 1213 κακὸν,
1310 1145 1561 1220 εὔδηλον,
1595 1148 1670 1210 ὡς
1712 1150 1776 1203 τὸ
1822 1148 1907 1202 εὐ-

253 1235 644 1311 φθαρτότεροδ·
699 1233 805 1306 ὕλη
863 1232 921 1291 δέ
969 1234 1101 1290 ἐστι·
1133 1235 1225 1290 καὶ
1266 1240 1427 1292 τοῦτο
1472 1236 1629 1291 ἑαυτὸ
1678 1235 1905 1314 φθείρει·

251 1322 342 1378 διὰ
368 1328 541 1379 τοῦτο
570 1324 675 1401 γὰρ
706 1326 740 1394 ἡ
776 1323 880 1395 ὕλη
929 1323 1018 1379 καὶ
1069 1324 1315 1387 ἀνούσιος
1365 1325 1582 1401 λέγεται
1632 1325 1765 1381 κατὰ
1813 1326 1907 1380 ἆν-

246 1412 602 1488 τιπαραθεσιν
636 1415 733 1482 τῆς
793 1412 1117 1488 ὑπερουσίου
1163 1417 1260 1468 τοῦ
1308 1418 1443 1469 Θεοῦ
1475 1414 1676 1486 οὐσίας,
1710 1415 1784 1476 ὡς
1814 1416 1908 1469 αὐ-

243 1503 314 1571 τὴ
348 1503 563 1576 φθαρτή
614 1505 660 1538 ⁸⁸
712 1502 863 1574 οὐσα,
913 1502 1002 1556 καὶ
1057 1503 1160 1557 οὐκ
1212 1503 1293 1557 ἀεὶ
1347 1501 1499 1570 οὖσα,
1529 1503 1621 1557 καὶ
1668 1501 1903 1566 ἀνείδεος

242 1593 383 1646 κατᾶ
414 1591 833 1666 ἀντιπαράθεσιν
877 1595 975 1645 τοῦ
1024 1588 1201 1654 εἷ’δους
1243 1595 1341 1646 τοῦ
1391 1595 1548 1659 Θεοῦ,
1579 1592 1652 1654 ὡς
1686 1588 1905 1647 ἐκᾶλεσε

245 1687 487 1749 Μωΰσῆς
509 1682 605 1735 τὸν
638 1677 980 1753 δημιουργὸν
1012 1678 1208 1755 Λόγον.
1240 1679 1345 1735 Καὶ
1380 1681 1455 1753 μὴ
1502 1680 1559 1733 ’ὸν
1602 1676 1658 1734 δὲ
1689 1678 1900 1754 λέγεται

243 1770 280 1837 ἡ
340 1767 449 1839 ὅλη
511 1769 650 1823 κατὰ
707 1767 1119 1843 ἀντιπαράθεσιν
1173 1774 1273 1837 τῆς
1330 1768 1475 1832 θείας
1531 1770 1667 1823 κατᾶ
1714 1767 1900 1823 οὐσίαν

248 1855 551 1931 ὑπάρξεως.

314 2034 487 2102 §XX'
545 2037 615 2102 ᾝ
666 2034 856 2090 κακόν.
921 2033 994 2088 Τὸ
1053 2032 1090 2107 ᾖ
1142 2034 1307 2089 κακὸν
1364 2032 1481 2091 ἀντὶ
1537 2038 1634 2089 τοῦ
1689 2035 1807 2089 καθ’
1860 2034 1889 2089 ὃ

234 2121 402 2177 κακόν
412 2164 426 2178 .

307 2208 545 2268 Μᾶλλον
579 2207 656 2266 δέ.
692 2209 1034 2284 Σημείωσαι,
1060 2210 1143 2266 ὅτι
1200 2212 1290 2267 καὶ
1348 2211 1400 2267 ἐν
1448 2217 1566 2274 τοῖς
1597 2213 1763 2276 θείοις
1792 2210 1890 2269 λό-

230 2320 353 2376 γοις
378 2301 496 2354 ³⁷.⁸⁹
524 2297 811 2362 ἀκώλυτος
840 2302 876 2369 ἡ
910 2297 961 2370 έξ
1006 2297 1375 2375 ἐπιλογισμοῦ
1424 2305 1533 2356 τῶν
1578 2295 1890 2376 ἀκριϐεστέ-

230 2407 340 2464 ρων
376 2385 696 2464 παράδοσις*
731 2385 850 2442 ἰδοὺ
898 2388 1021 2465 γὰρ,
1055 2388 1129 2450 ὡς
1178 2390 1330 2461 ὁρᾷς,
1376 2389 1511 2463 μετὰ
1548 2390 1647 2458 τὴν
1680 2386 1887 2453 ἔκθεσιν

227 2483 331 2547 τῆς
361 2477 631 2553 προτέρας
681 2478 912 2553 γνώμης
960 2476 1010 2551 ἐξ
1058 2476 1427 2554 ἐπιλογισμοῦ
1473 2477 1539 2532 τὰ
1582 2473 1890 2555 ἀκριϐέστε-

230 2586 298 2643 ρα
329 2563 727 2643 παραδίδωσιν.

303 2654 406 2709 Καὶ
466 2656 641 2729 ἂμιγῆ
700 2653 792 2709 καὶ
853 2653 1160 2731 ὁλόκληρα.
1213 2657 1298 2713 Τὰ
1367 2657 1459 2729 μὶν
1518 2655 1694 2731 ἀμιγῆ
1754 2655 1889 2731 ἀγα-

232 2744 298 2809 ei
354 2745 447 2798 xui
480 2742 716 2813 ὁλοτελῆ
753 2743 813 2799 ἐκ
859 2749 957 2799 τοῦ
1010 2744 1211 2820 ἀγαθοῦ
1260 2744 1522 2822 ἐγγίνεται
1573 2750 1689 2807 τοῖς
1724 2746 1886 2820 ὑπερ-

230 2833 495 2905 κοσμίοις
548 2838 789 2903 νοητοῖς,
831 2834 923 2888 ἅτε
969 2834 1058 2887 καὶ
1106 2833 1441 2906 ἀσωμάτοις·
1472 2835 1539 2888 τὰ
1590 2831 1647 2888 δὲ
1691 2854 1887 2910 μεμιγ-

235 2920 373 2993 μένα
431 2922 608 2995 ἀγαθά
658 2920 782 2995 περὶ
852 2922 920 2976 τὰ
993 2920 1190 2995 λογικᾶ
1264 2923 1492 2995 σώματα
1558 2924 1885 2996 θεωρεῖται,

230 3008 514 3065 τουτέστιν
543 3008 595 3064 ἒν
629 3012 789 3082 ἡμῖν,
819 3013 916 3065 τοῦ
950 3010 1044 3082 μὲν
1077 3009 1279 3084 ἀλόγου
1321 3017 1420 3080 τῆς
1449 3013 1633 3086 ψυχῆς
1666 3012 1886 3085 μέρους,

235 3099 310 3161 ὡς
365 3096 601 3173 εἴρηται,
661 3099 985 3175 μετέχοντος
1034 3096 1172 3169 ὕλης
1216 3096 1305 3154 διὰ
1348 3102 1445 3154 τοῦ
1497 3100 1751 3171 σώματος
1787 3104 1888 3154 τοῦ

2022 615 2081 671 in
2115 617 2371 687 speciem
2404 614 2763 687 embryonis,
2779 620 2835 670 et
2856 632 3097 686 corpora
3117 619 3318 670 nostra
3341 614 3398 668 in
3421 629 3671 679 vermes,

2022 722 2088 760 ac
2137 706 2371 760 diversa
2418 704 2716 771 animalia,
2771 703 2999 777 aliaque
3050 704 3281 759 inﬁnita
3326 702 3566 771 similia,
3610 707 3674 757 ut

2020 811 2088 850 ex
2120 794 2286 866 equis
2317 798 2676 865 generantur
2705 808 2934 864 vespes,
2966 797 3022 847 et
3049 809 3118 848 ex
3148 793 3333 848 tauris
3365 809 3523 863 apes.

2091 886 2318 955 Eritque
2346 883 2579 937 malum.
2614 883 2839 938 Solutio
2888 880 3324 953 propositorum
3356 897 3669 951 argumen-

2018 976 2236 1042 torum,
2269 971 2318 1027 si
2349 962 2644 1043 corruptio
2675 972 2753 1026 sit
2785 970 3030 1040 malum,
3062 970 3351 1040 corruptio
3385 974 3578 1024 autem
3611 974 3670 1024 et

2016 1060 2237 1116 malum
2288 1060 2635 1131 corrumpit,
2672 1060 2966 1131 quomodo
3016 1060 3126 1114 erit
3171 1058 3369 1129 ipsum
3419 1057 3662 1121 malum,

2017 1166 2151 1206 cum
2202 1166 2264 1205 se
2315 1153 2701 1221 corrumpat:
2737 1166 2872 1204 nam
2924 1149 2974 1203 si
3022 1146 3245 1203 malum
3297 1147 3355 1201 in
3402 1145 3667 1211 materia,

2016 1239 2397 1294 manifestum
2448 1242 2539 1294 est
2586 1238 2743 1309 quod
2792 1238 2871 1292 sit
2921 1236 3382 1307 corruptibilius,
3423 1234 3669 1290 materia

2016 1334 2213 1383 autem
2248 1331 2356 1395 est,
2386 1343 2451 1382 ac
2492 1326 2601 1382 hoc
2651 1326 2913 1398 seipsum
2945 1328 3296 1396 corrumpit;
3328 1324 3458 1380 ideo
3507 1322 3665 1379 enim

2014 1415 2279 1483 materia,
2314 1420 2371 1470 et
2400 1415 2526 1471 sine
2556 1415 2814 1470 essentia
2856 1415 3072 1469 dicitur
3104 1421 3169 1469 ut
3198 1416 3529 1485 opponatur
3560 1429 3664 1468 su-

2013 1503 2421 1577 peressentiali
2464 1504 2560 1559 Dei
2600 1504 2892 1570 essentiaa,
2926 1519 3058 1558 cum
3107 1503 3235 1574 ipsa
3267 1501 3343 1556 sit
3372 1501 3661 1572 corrupti-

2012 1594 2172 1660 bilis,
2228 1610 2418 1665 neque
2479 1608 2713 1664 semper
2769 1591 3033 1661 exsistat,
3084 1595 3140 1646 et
3190 1591 3339 1644 147
3394 1588 3660 1644 informis

2011 1682 2249 1748 dicitur,
2284 1686 2349 1736 ut
2390 1684 2723 1753 opponatur
2752 1680 2950 1735 formas
2982 1679 3079 1735 Dei
3112 1679 3267 1735 sicut
3305 1678 3532 1749 Moyses
3561 1694 3659 1732 vo-

2010 1771 2162 1827 cavit
2201 1774 2525 1826 creatorem
2556 1766 2835 1823 Verbum.
2869 1767 3132 1839 Denique
3172 1767 3416 1822 materia
3445 1766 3660 1820 dicitur

1925 1896 1975 1962 B
2008 1877 2125 1915 non
2158 1876 2284 1930 ens,
2309 1864 2375 1914 ut
2405 1864 2736 1930 opponatur
2760 1855 2966 1911 divinas
2989 1858 3311 1913 secundum
3336 1855 3654 1911 essentiam

2004 1948 2377 2005 exsistentiaa.

2069 2040 2097 2106 §
2126 2037 2241 2094 XX.
2269 2038 2387 2106 Qua
2404 2037 2638 2104 malum,
2661 2035 2759 2091 Gr.
2781 2033 2819 2107 ᾖ
2839 2031 3026 2091 κακόν.
3052 2034 3201 2091 Illud
3222 2031 3257 2106 ᾖ
3275 2032 3459 2103 κακόν,
3482 2034 3638 2091 idem

1998 2143 2133 2182 cum
2159 2132 2449 2199 quatenus
2479 2124 2724 2183 malum.

2071 2217 2355 2285 Quinimo.
2388 2216 2538 2271 Nota
2586 2215 2740 2286 quod
2781 2213 2959 2270 etiam
2990 2213 3050 2268 in
3083 2213 3424 2270 disserendo
3455 2214 3525 2269 de
3554 2213 3643 2269 di-

1996 2305 2150 2362 vinis
2181 2306 2555 2379 permittatur
2584 2322 2652 2361 ea
2689 2322 2817 2376 quas
2869 2303 3311 2360 ratiocinatione
3342 2320 3644 2375 compara-

1996 2398 2095 2450 tur
2143 2397 2457 2450 certiorum
2507 2393 2779 2463 traditio;
2812 2408 2943 2448 ecce
2993 2393 3149 2447 enim
3200 2395 3265 2447 ut
3310 2392 3470 2447 vides
3512 2396 3646 2462 post

1996 2482 2419 2555 expositionem
2468 2480 2680 2554 prioris
2712 2480 3037 2553 sententias,
3070 2480 3471 2537 ratiocinando
3519 2496 3641 2535 cer-

1996 2572 2145 2628 tiora
2174 2572 2380 2627 tradit.

2067 2660 2135 2715 Et
2164 2659 2466 2731 simplicia,
2500 2664 2551 2715 et
2579 2661 2845 2730 perfecta.
2880 2657 3179 2729 Simplicia
3223 2658 3458 2729 quidem
3488 2658 3643 2714 bona

1997 2753 2053 2804 et
2083 2748 2323 2804 omnino
2355 2749 2628 2820 perfecta,
2658 2764 2728 2803 ex
2757 2747 2909 2802 bono
2942 2745 3442 2818 supramundanis
3472 2746 3639 2801 inna-

1998 2838 2185 2893 scitur
2215 2835 2689 2909 intelligibilibus
2722 2851 2822 2891 seu
2860 2834 3107 2906 angelis,
3141 2838 3339 2906 utpote
3370 2834 3638 2905 incorpo-

1998 2926 2141 2994 reis;
2176 2926 2351 2981 mista
2380 2941 2514 2980 vero
2552 2925 2730 2993 bona,
2761 2924 2821 2979 in
2875 2923 3264 2995 rationalibus
3294 2922 3640 2995 corporibus

1995 3015 2290 3085 videntur,
2310 3015 2367 3069 id
2393 3018 2481 3069 est
2510 3014 2567 3068 in
2592 3014 2783 3081 nobis,
2805 3011 3193 3067 irrationabili
3216 3011 3451 3083 quidem
3481 3016 3642 3084 parte

1999 3103 2232 3172 animae,
2267 3108 2332 3158 ut
2379 3103 2603 3158 dictum
2653 3107 2761 3169 est,
2795 3100 3099 3156 materiam
3147 3100 3538 3173 participante
3578 3100 3640 3156 in

235 3184 421 3248 εἴδους
454 3187 804 3263 μετέχοντος,
841 3191 937 3242 τοῦ
992 3184 1050 3242 δὲ
1098 3185 1323 3264 λογικοῦ
1374 3188 1593 3262 μέρους,
1628 3187 1888 3265 ῥέποντος

2009 3208 2239 3264 corpore
2269 3193 2423 3263 quod
2457 3192 2657 3247 forma;
2678 3194 2766 3247 est
2794 3189 3115 3261 particeps;
3144 3189 3416 3244 rationali
3445 3194 3640 3244 autem

236 3277 374 3351 πρὸς
405 3257 471 3331 τὸ
501 3257 732 3351 ἄλογον,
760 3275 851 3331 καὶ
878 3257 1192 3338 ἐνδιδόντος⁷
1214 3272 1320 3331 ἔσθ’
1352 3257 1638 3347 ότεάὐτῶ,
1665 3277 1756 3331 καὶ
1798 3274 1886 3331 διὰ

2009 3257 2182 3353 parte,
2207 3257 2479 3351 vergente
2510 3279 2580 3335 ad
2613 3257 3079 3334 irrationabilein
3100 3281 3156 3332 et
3176 3278 3529 3349 quandoque
3558 3277 3644 3332 illi

232 3369 398 3419 τοῦτο
430 3365 571 3439 πρὸς
603 3363 742 3435 ὕλην
793 3363 1062 3426 νεύοντος·
1106 3364 1170 3419 τὸ
1204 3364 1299 3438 μὲν
1347 3364 1448 3440 γὰρ
1474 3364 1774 3421 αὐτόκακον
1807 3363 1889 3420 δεῖ

236 3458 458 3526 θεωρεῖν
487 3453 881 3529 αὐτοάμετρον,
922 3453 1316 3528 αὐτοάμετρον,
1348 3450 1738 3523 αὐτοανείδεον,
1771 3454 1888 3508 έαυ-

234 3546 311 3613 τῷ
356 3542 522 3597 κακὸν
579 3538 864 3611 οὐσιῶδες,
898 3541 960 3596 οὐ
1009 3543 1117 3614 μὴν
1163 3542 1332 3617 ἑτέρῳ
1373 3543 1559 3595 κακόν
1590 3546 1751 3596 τοῦτο
1782 3544 1886 3618 γὰρ

236 3629 376 3693 εἶδός
406 3629 519 3685 ἐστι
551 3630 641 3685 καὶ
694 3624 1044 3704 συμϐεϐηκὸς
1105 3630 1313 3692 κακίας.
1347 3635 1438 3685 Δεῖ
1483 3629 1574 3685 οὗν
1619 3632 1682 3686 τὸ
1723 3632 1888 3687 κακὸν

234 3714 488 3774 τοιοῦτόν
539 3741 591 3774 τι
645 3721 803 3788 εἶναι,
851 3720 966 3773 οἷον
1019 3718 1173 3797 ἔφην,
1227 3720 1408 3796 ὥσπερ
1453 3720 1637 3781 ὁΘεὸς
1672 3719 1885 3775 πάντων

240 3808 539 3881 αὐτοπέρας
597 3808 689 3863 καὶ
737 3808 1099 3884 αὐτόμετρον,
1160 3810 1248 3864 καὶ
1312 3806 1741 3878 αὐτοειδοποιὸν,
1799 3808 1888 3864 καὶ

240 3897 577 3974 αὐτοαγαθον
630 3894 911 3960 οὐσιῶδες⁸
970 3897 1034 3953 οὐ
1086 3897 1186 3973 γὰρ
1235 3896 1383 3971 λέγω
1439 3902 1531 3952 νῦν
1587 3902 1666 3969 τῷ
1722 3898 1887 3972 δτέρῳ

241 3986 451 4063 ἀγαθόν·
505 3981 856 4060 συμϐεϐηκὸς
915 3986 1018 4063 γὰρ
1069 3984 1250 4041 τοῦτο’
1300 3990 1419 4048 πῶς
1469 3987 1566 4042 οὗν
1622 3984 1770 4042 ἔσται
1824 3987 1888 4041 τὸ

239 4077 392 4131 κακὸν
456 4072 739 4147 οὐσιῶδες,
798 4074 887 4129 καὶ
942 4075 1171 4151 ἑτέροις,
1229 4076 1445 4130 πάντων
1493 4076 1736 4146 καθάπαξ
1780 4079 1886 4131 τῶν

246 4160 407 4221 ὄντων
442 4165 795 4241 μεμιγμένως
825 4165 1207 4237 κακυνομένων
1238 4164 1327 4219 καὶ
1378 4162 1620 4239 ἐχόντων
1660 4165 1723 4219 τὸ
1754 4166 1887 4220 εἶναι

246 4251 293 4307 ἐν
324 4259 402 4328 τῷ
462 4256 675 4330 ἀγαθῷ,
736 4249 957 4317 οὐδενὸς
1011 4254 1148 4308 κατὰ
1200 4253 1263 4308 τὸ
1311 4250 1571 4315 παντελὲς
1610 4252 1888 4329 ἁμετόχου

248 4340 393 4405 ὄντος
424 4346 527 4398 τοῦ
558 4342 777 4420 ἀγαθοῦ,
821 4339 967 4397 ἀλλὰ
1018 4345 1234 4398 παντων
1278 4343 1412 4417 πρὸς
1460 4344 1559 4413 τὴν
1602 4339 1739 4397 ἰδίαν
1772 4342 1889 4397 έπι-

243 4429 565 4503 τηδειότητα
615 4430 951 4507 μετεχόντων
999 4436 1097 4487 τοῦ
1145 4432 1395 4507 ἁγαθοῦ;
1452 4432 1522 4486 Τὸ
1572 4432 1663 4487 οὗν
1724 4432 1885 4486 κακὸν

249 4519 337 4576 οὐκ
364 4521 417 4577 ἰν
450 4519 693 4597 ὑπάρξει,
728 4519 855 4576 ἀλλ’
902 4519 955 4576 έν
1008 4517 1375 4595 παρεισδύσει,
1427 4518 1479 4575 ἰν
1526 4524 1595 4595 τῇ
1624 4525 1725 4575 τοῦ
1756 4522 1887 4595 ἁγα-

250 4610 334 4663 θοῦ
365 4611 616 4688 στερήσει
643 4608 987 4687 φαινόμενον.

312 4699 636 4755 Ἐκτείνεται
719 4696 776 4753 δὲ
856 4696 986 4774 ἄχρι
1062 4701 1169 4752 τῶν
1246 4697 1491 4773 ἐσχάτων
1525 4743 1538 4757 .
1614 4703 1885 4773 ’Έσχατον

251 4787 462 4859 νοητέον
520 4787 587 4842 τὰ
646 4786 810 4843 ὑλικὰ
856 4787 1085 4860 σώματα
1142 4785 1232 4843 καὶ
1289 4788 1493 4861 γηΐναο
1550 4784 1732 4862 ὥσπερ
1787 4788 1885 4862 γὰρ

253 4878 452 4932 πάντων
486 4878 635 4954 ἁρχὴ
668 4877 696 4930 ὁ
728 4875 878 4945 Θεὸς,
906 4875 981 4939 ὠς
1032 4876 1119 4930 καὶ
1169 4872 1278 4946 ἤδη
1325 4870 1550 4953 ἔφημεν,
1582 4873 1724 4930 οὕτω
1755 4875 1887 4931 πάν-

252 4983 347 5018 των
380 4963 610 5042 ἔσχατον
639 4965 702 5020 τὸ
743 4959 1088 5027 σκυϐαλῶδες
1133 4968 1296 5019 τοῦτο
1339 4965 1401 5019 τὸ
1433 4963 1585 5038 παχὺ
1616 4967 1714 5033 τῆς
1748 4963 1884 5035 ὕλης

258 5053 403 5128 μέρος
442 5056 530 5109 καὶ
588 5051 813 5129 γεῶδες·
859 5054 976 5108 ὅθεν
1024 5051 1113 5107 καὶ
1170 5050 1471 5108 ὐποπόδιον
1531 5050 1744 5126 λέγεται
1790 5058 1885 5108 τοῦ

256 5146 394 5211 Θεοῦ,
425 5144 497 5207 ὡς
527 5143 619 5198 καὶ
652 5139 907 5218 ἔσχατον,
938 5142 1028 5196 καὶ
1078 5139 1230 5215 ὅμως
1281 5140 1509 5217 μετέχον
1554 5142 1888 5217 ἁγαθότητος

252 5230 421 5302 αὐτοῦ,
453 5231 526 5295 ὠς
567 5231 660 5288 καὶ
705 5231 866 5310 φέρον
911 5229 1072 5286 αὐτὸν
1120 5228 1384 5307 ἐσχάτως·
1439 5225 1591 5305 λέγει
1640 5232 1743 5306 γὰρ
1794 5231 1884 5286 καὶ

252 5321 287 5388 ἡ
317 5322 497 5397 Σοφίαν
532 5321 707 5399 βρίθει
737 5320 841 5398 γὰρ
870 5321 933 5377 τὸ
956 5320 1158 5397 γεῶδες
1188 5324 1351 5376 τοῦτο
1383 5326 1584 5391 σκῆνος
1630 5323 1755 5375 νοῦν
1782 5342 1884 5377 πο-

1998 3372 2257 3438 cedente,
2289 3372 2541 3441 ideoque
2587 3372 2659 3425 ad
2708 3368 3016 3424 materiam
3048 3369 3473 3440 propendente;
3507 3385 3642 3423 nam

1995 3460 2191 3531 ipsum
2228 3476 2331 3531 per
2378 3475 2441 3515 se
2490 3458 2712 3514 malum
2747 3457 3127 3528 contemplari
3162 3460 3410 3528 oportet,
3442 3473 3545 3528 per
3581 3472 3643 3511 se

1996 3548 2321 3613 infinitum,
2356 3563 2459 3619 per
2498 3563 2561 3602 se
2604 3546 2987 3614 immensum,
3018 3562 3121 3617 per
3150 3561 3212 3601 se
3238 3545 3509 3614 informe,
3540 3561 3644 3617 per

1998 3653 2061 3692 se
2087 3635 2400 3693 essentiale
2450 3634 2695 3705 malum,
2725 3651 2842 3690 non
2883 3650 3014 3690 vero
3061 3632 3283 3688 malum
3317 3650 3417 3704 per
3446 3633 3638 3701 aliud;

1997 3725 2107 3780 hoc
2137 3725 2293 3780 enim
2326 3729 2417 3780 est
2447 3726 2635 3779 forma
2664 3728 2721 3779 et
2751 3724 3022 3779 accidens
3051 3722 3309 3777 malitias.
3342 3727 3492 3795 Ergo
3524 3740 3641 3778 ma-

1994 3813 2120 3869 lum
2178 3829 2307 3869 esse
2356 3812 2495 3884 quid
2553 3810 2845 3883 ejusmodi
2902 3815 3149 3883 oportet,
3185 3816 3249 3866 ut
3303 3811 3441 3882 dixi,
3488 3811 3642 3867 sicut

1998 3903 2405 3959 universorum
2458 3902 2638 3972 Deus,
2669 3918 2769 3973 per
2798 3918 2860 3956 se
2891 3902 3046 3973 ﬁnis,
3082 3917 3185 3972 per
3229 3916 3291 3956 se
3341 3916 3639 3967 mensura,

1998 4008 2103 4064 per
2132 4007 2194 4047 se
2225 3992 2473 4047 formam
2524 3989 2805 4058 efﬁciens,
2838 3993 2894 4044 et
2929 4006 3033 4061 per
3079 4006 3141 4045 se
3188 3990 3406 4045 bonum
3438 4006 3640 4045 essen-

1997 4079 2167 4149 tiale;
2199 4096 2333 4135 nam
2378 4079 2551 4133 modo
2587 4095 2698 4132 non
2732 4076 2939 4147 loquor
2986 4077 3057 4132 de
3110 4077 3258 4132 bono
3306 4094 3410 4148 per
3457 4077 3641 4143 aliud,

1997 4169 2108 4224 hoc
2148 4168 2304 4225 enim
2357 4171 2447 4224 est
2496 4167 2793 4232 accidens;
2828 4166 3123 4237 quomodo
3171 4165 3354 4237 igitur
3394 4166 3505 4220 erit
3552 4182 3642 4220 es-

1998 4257 2242 4315 sentiale
2275 4255 2495 4312 malum
2530 4258 2587 4311 et
2616 4270 2719 4326 per
2748 4254 2931 4321 aliud,
2959 4270 3092 4308 cum
3121 4253 3320 4309 omnia
3349 4271 3475 4325 qua:
3506 4259 3645 4309 sunt

2000 4346 2222 4402 mistim
2256 4344 2617 4412 inﬁciantur,
2650 4342 3022 4414 habeantque
3061 4341 3119 4397 in
3169 4342 3321 4397 bono
3353 4343 3641 4398 exsistan-

1999 4436 2167 4503 tiam,
2200 4433 2359 4489 nullo
2394 4434 2548 4488 bono
2597 4431 2910 4487 exsistente
2955 4447 3199 4503 prorsus
3246 4430 3642 4486 incommuni-

2000 4523 2211 4580 cabili?
2263 4523 2413 4593 Ergo
2472 4520 2695 4577 malum
2744 4536 2861 4575 non
2908 4518 3268 4590 exsistentia,
3303 4520 3403 4574 sed
3452 4518 3643 4592 irrep-

1915 4633 1964 4696 D
1994 4613 2152 4669 tione
2181 4612 2263 4682 (in
2295 4608 2720 4680 exsistentiam)
2751 4610 2810 4664 in
2852 4609 2990 4663 boni
3032 4608 3351 4680 privatione
3381 4612 3640 4681 apparet.

2067 4700 2145 4756 Ad
2175 4704 2451 4755 extremas
2484 4713 2651 4771 usque
2676 4696 3054 4769 protenditur.
3090 4698 3193 4753 Per
3220 4706 3525 4753 extremum
3554 4699 3641 4751 in-

1995 4790 2193 4862 tellige
2219 4788 2565 4855 materialia,
2586 4803 2865 4858 corporea
2884 4791 2941 4842 et
2962 4786 3292 4855 terrestria;
3314 4787 3464 4842 sicut
3484 4786 3639 4840 enim

1995 4880 2150 4935 Deus
2180 4883 2269 4933 est
2318 4877 2583 4933 omnium
2618 4874 2997 4948 principium,
3032 4879 3095 4930 ut
3143 4881 3314 4930 antea
3363 4872 3639 4939 diximus,

1994 4968 2079 5024 sic
2110 4971 2437 5023 extremum
2469 4964 2733 5021 omnium
2774 4968 2864 5019 est
2919 4963 3038 5017 haec
3090 4961 3396 5017 fzeculenta
3442 4976 3641 5015 crassa

1994 5056 2251 5112 materiae
2309 5072 2445 5126 pars
2503 5071 2568 5108 ac
2618 5051 2937 5119 terrestris,
2988 5050 3233 5119 ideoque
3280 5048 3495 5103 dicitur
3538 5049 3641 5104 Dei

1993 5143 2316 5200 scabellum
2351 5146 2414 5196 ut
2445 5148 2802 5205 extremum;
2836 5142 3092 5192 attamen
3143 5137 3270 5206 ejus
3320 5137 3641 5192 bonitatem

1993 5232 2353 5306 participans
2386 5231 2543 5286 sicut
2572 5230 2749 5284 etiam
2798 5226 2994 5297 ipsum
3041 5228 3335 5295 postremo
3366 5230 3637 5297 gestans:

1993 5321 2140 5379 dixit
2167 5321 2326 5383 enim
2356 5317 2697 5392 Sapientia:
2733 5316 3024 5375 Terrestre
3053 5313 3164 5369 hoc
3194 5314 3640 5373 tabernaculum

1234 5552 1474 5616 VARIzE
1511 5554 1908 5617 LEGTIONES
1946 5554 2038 5616 ET
2076 5548 2636 5615 CORREGTIONES.

328 5711 367 5747 ⁸⁷
391 5706 699 5789 εὔφθαρτος.
771 5710 887 5767 '7.”
909 5705 1146 5784 λογίοις.
