4080 6366
413 401 528 491 27s

1239 429 1602 483 APPENDIX
1639 429 1737 481 AD
1776 425 2019 480 OPERA
2057 424 2116 474 Β.
2157 423 2472 480 DIONYSII
2512 428 3012 482 AREOPAGITE.

3723 425 3832 478 280

418 559 699 632 aggravat
731 555 987 610 mentem
1020 550 1206 607 multa
1237 550 1617 623 cogitantem,
1649 549 1804 620 quod
1839 545 2064 601 irratio-

2201 544 2532 621 ιυφρόντιδα,
2564 547 2637 608 ὠς
2682 551 2778 602 τοῦ
2829 544 3036 620 ἀλόγου
3063 551 3165 614 τῆς
3212 546 3396 619 ψυχῆς
3428 543 3626 620 μέρους
3663 565 3831 618 μεμι-

422 649 574 704 nalis
605 662 740 718 pars
775 644 983 699 animae
1012 658 1145 697 cum
1178 639 1465 695 materiali
1491 638 1670 694 mista
1699 638 1777 693 sit
1807 650 2068 707 corpore,

424 745 480 794 et
509 736 863 808 quandoque
895 730 1168 788 rationali
1200 730 1350 802 parti
1386 730 1592 784 animas
1627 726 1978 782 dominetur.

499 826 651 881 148
684 824 840 880 Adest
889 823 1108 877 bonum.
1144 823 1439 886 Quantum
1491 817 1645 873 enim
1698 820 1974 870 creaturae
2014 812 2074 866 in

429 914 707 987 pinguius
730 917 786 967 et
816 909 1116 966 materiale
1138 909 1323 978 magis
1347 907 1624 970 subeunt,
1647 908 1878 959 tantum
1903 902 2078 972 juxta

429 1002 813 1076 privationem
859 1004 917 1055 et
959 999 1252 1055 defectum
1286 997 1423 1051 boni
1455 995 1653 1050 minus
1702 991 2072 1064 participant,

429 1099 495 1147 ut
541 1109 609 1147 ex
667 1095 917 1146 obscura
958 1094 1016 1144 et
1056 1085 1316 1143 extrema
1371 1084 1527 1139 vocis
1581 1083 1865 1147 editione;
1929 1081 2079 1133 sicut

430 1181 586 1236 enim
613 1181 738 1252 jam
772 1178 1047 1242 diximus,
1077 1191 1340 1247 suppone
1371 1172 1627 1244 aliquem
1656 1170 1771 1226 alte
1802 1171 2076 1235 clamare,

431 1288 497 1326 ac
538 1269 762 1324 vicinos
812 1267 1072 1339 quidem,
1107 1264 1428 1334 audituque
1475 1261 1755 1329 valentes,
1789 1260 2077 1330 integram

376 1385 378 1388 -
431 1355 730 1426 suscipere
779 1370 999 1419 vocem,
1033 1358 1090 1408 et
1121 1366 1469 1422 cognoscere
1518 1349 1692 1403 etiam
1745 1348 1896 1418 quod
1949 1361 2079 1416 pro-

432 1443 769 1511 nuntiatur;
804 1447 1057 1497 remotos
1088 1446 1284 1495 autem
1330 1456 1434 1510 pro
1467 1443 1593 1492 rata
1622 1436 1914 1491 distantias
1946 1450 2083 1504 pro-

434 1534 702 1604 portione
733 1547 942 1586 sonum
987 1530 1184 1584 minus
1224 1528 1456 1593 audire;
1491 1525 1917 1581 remotissimos
1945 1537 2082 1576 vero

438 1619 856 1676 obscurissime
877 1624 1156 1689 tanquam
1176 1621 1486 1688 postremae
1509 1615 1675 1670 editas
1698 1611 1853 1668 vocis
1876 1626 2082 1683 parum

438 1726 612 1764 sensu
647 1708 964 1779 percipere.

508 1799 573 1851 Et
601 1799 784 1868 ipsam
809 1798 900 1850 sui
925 1794 1321 1866 privationem.
1355 1793 1517 1857 Quod
1553 1808 1666 1846 non
1694 1805 1934 1860 prorsus
1967 1787 2084 1859 pri-

2181 633 2386 706 γμένου
2433 640 2512 707 τῷ
2561 635 2735 708 ὖλικῷ
2788 637 3022 709 σώματι,
3070 633 3160 689 καὶ
3210 637 3675 709 κατακρατοῦντος
3721 629 3835 689 ἔσθ’

2184 719 2272 776 ὅτε
2299 727 2394 777 τοῦ
2427 722 2652 800 λογικοῦ
2681 732 2780 794 τῆς
2809 728 3017 799 ψυχῆς.

2255 811 2483 887 Πάρεστι
2535 814 2764 890 τάγαθόν
2800 858 2813 871 .
2871 816 3029 868 Ὅσον
3085 811 3190 887 γὰρ
3260 810 3346 865 ἐπὶ
3403 811 3465 866 τὸ
3521 811 3840 888 παχύτερον

2185 899 2281 954 χαὶ
2313 899 2644 978 ὗλικώτερον
2699 897 2977 957 ὑποϐαίνιι
3029 903 3096 956 τὰ
3142 900 3195 956 έν
3247 897 3603 976 δημιουργίᾳ,
3645 905 3844 956 τοσοῦ-

2185 1009 2276 1042 τον
2336 991 2471 1044 κατὰ
2527 991 2777 1064 στέρησιν
2827 990 2917 1044 καὶ
2966 985 3212 1063 ἔλλειψιν
3262 994 3359 1044 τοῦ
3413 989 3618 1064 ἀγαθοῦ
3674 991 3841 1058 ἧττον

2193 1078 2428 1153 μετέχει,
2476 1078 2550 1140 ὠς
2601 1078 2653 1149 ἐξ
2704 1075 2950 1153 ἀμυδροῦ
3014 1079 3104 1132 καὶ
3153 1076 3385 1153 ἐσχάτου
3445 1079 3844 1152 ἀπηχήματοςο

2189 1165 2264 1227 ὠς
2295 1167 2393 1241 γάρ
2447 1165 2676 1244 ἔφημεν,
2708 1165 2816 1238 ἤδη
2869 1165 3072 1231 ὑπόθου
3120 1167 3241 1222 τινὰ
3291 1168 3490 1243 βοῆσαι
3541 1168 3698 1241 μέγαο
3755 1166 3848 1221 καὶ

2189 1254 2314 1316 τοὺς
2352 1255 2444 1327 μὲν
2494 1255 2732 1326 πλησίον
2789 1252 2943 1317 ὄντας
2989 1257 3076 1310 καὶ
3126 1255 3464 1332 ἐρρωμένους
3496 1258 3542 1293 9°
3569 1255 3632 1310 τὸ
3682 1255 3846 1309 ἀκου-

2192 1344 2369 1397 στικὸν
2417 1343 2554 1413 ὅλην
2596 1343 2840 1415 δέξασθαι
2888 1346 2987 1413 τὴν
3036 1345 3193 1420 βοὴν,
3259 1346 3346 1399 καὶ
3397 1349 3598 1420 γνῶναι
3639 1344 3730 1398 καὶ
3781 1345 3844 1398 τὸ

2193 1431 2452 1503 Λαληθέν,
2484 1433 2610 1496 τοὺς
2644 1433 2700 1488 δὲ
2745 1434 3113 1511 ἀφεστηκότας
3162 1433 3445 1510 ἀναλόγως
3494 1437 3563 1507 τῇ
3623 1430 3845 1487 διαστά-

2194 1542 2273 1575 σει
2302 1523 2466 1589 ἧττον
2507 1524 2728 1578 ἀκοῦσαι
2758 1527 2854 1577 τοῦ
2902 1524 3227 1600 φθέγματος·
3269 1521 3398 1585 τούς
3454 1520 3511 1577 δὲ
3539 1521 3678 1578 πάνυ
3710 1522 3848 1597 πόρο

2195 1609 2272 1686 ῥω
2305 1608 2650 1682 διεστηκότας
2698 1610 3044 1687 ἀμυδρότατα
3089 1611 3164 1675 ὠς
3196 1612 3569 1687 ἀπηχήματος
3612 1611 3848 1666 ὑστάτου

2193 1704 2381 1761 ποσῶς
2411 1700 2704 1764 αἰσθέσθαι.

2265 1790 2368 1843 Καὶ
2401 1791 2498 1857 τὴν
2528 1788 2718 1845 ἑαυτοῦ
2749 1792 3019 1864 στέρησιν.
3051 1791 3125 1846 Τὸ
3174 1792 3249 1864 μή
3302 1789 3448 1852 ὅλως
3481 1789 3668 1866 έστερη
3683 1789 3848 1862 μένον

437 1892 638 1941 vatum
669 1890 758 1940 est
787 1884 1052 1956 pulchro,
1079 1883 1179 1938 sed
1211 1883 1448 1952 partim,
1474 1897 1539 1936 ac
1569 1880 1764 1951 ipsum
1799 1879 1953 1949 quod
1981 1879 2079 1932 bov

2201 1882 2288 1931 τοῦ
2338 1879 2531 1950 καλοῦ,
2577 1879 2722 1934 ἀλλά
2767 1885 3024 1956 μερικῶς,
3066 1880 3155 1935 καὶ
3199 1880 3328 1935 αὐτὸ
3368 1881 3430 1935 τὸ
3481 1878 3848 1954 ἐστερημένον

441 1992 515 2030 no
549 1974 843 2046 privatum
873 1976 981 2039 est,
1007 1971 1328 2026 consistere
1355 1970 1511 2037 facit,
1541 1970 1760 2023 bonum
1795 1967 1853 2021 in
1887 1966 2084 2037 aliquo

439 2063 680 2119 omnino
714 2060 1149 2133 participando;
1185 2076 1299 2114 non
1350 2059 1504 2114 enim
1559 2056 1948 2130 particularis,
1983 2056 2084 2110 sed

439 2153 731 2223 perfectus
764 2151 1002 2204 omnino
1034 2148 1171 2204 boni
1204 2148 1489 2216 defectus,
1525 2145 1745 2201 malum
1778 2150 1885 2200 est.

510 2241 614 2294 Illa
644 2241 834 2305 etiam,
866 2253 991 2310 qua
1029 2239 1118 2292 illi
1155 2236 1439 2292 contraria
1475 2240 1624 2303 sunt.
1657 2235 1911 2290 Observa
1942 2251 2088 2305 quo-

443 2330 616 2385 modo
653 2329 757 2393 ait,
783 2344 849 2383 ea
878 2345 1006 2398 quae
1029 2327 1230 2382 virtuti
1261 2327 1398 2381 boni
1421 2325 1737 2390 obsistunt,
1765 2340 1866 2394 per
1893 2323 2088 2394 ipsum

443 2419 766 2474 subsistere
797 2423 854 2472 et
900 2417 1252 2472 conservari.
1285 2417 1438 2470 Num
1492 2415 1674 2484 igitur
1703 2415 1856 2469 Deus
1889 2418 2092 2468 auctor

445 2507 733 2562 malorum
785 2506 914 2562 est?
961 2506 1142 2561 absit!
1198 2510 1350 2560 Deus
1399 2504 1575 2570 enim,
1622 2508 1688 2558 ut
1735 2503 2089 2575 principium

447 2597 713 2651 omnium
746 2600 804 2651 et
833 2601 1080 2664 creator,
1112 2594 1186 2650 ob
1215 2593 1496 2649 bonitatis
1529 2609 1829 2648 excessum
1863 2599 1920 2646 et
1949 2591 2092 2646 inef-

446 2686 682 2741 fabilem
717 2685 1085 2750 cbaritatem,
1114 2689 1443 2756 peccatores
1464 2699 1695 2753 quoque
1726 2681 2000 2748 sustinet,
2027 2683 2091 2733 ut

447 2775 744 2848 propriam
803 2775 1074 2830 ostendat
1121 2772 1563 2843 benignitatem,
1609 2787 1674 2825 ac
1722 2769 1972 2824 liberum
2025 2769 2090 2821 ﬁ-

447 2864 671 2937 gmenti
717 2863 1058 2928 arbitrium;
1091 2861 1308 2915 dicitur
1356 2859 1511 2915 enim
1547 2874 1560 2913 ε
1596 2859 1853 2912 Charitas
1899 2859 2092 2911 omnia

447 2953 579 3023 tegit
601 2953 704 3023 (g);
741 2968 946 3006 rursus
977 2966 989 3006 :
1033 2951 1140 3017 Qui
1167 2950 1335 3004 solem
1363 2965 1526 3003 suum
1553 2949 1693 3003 oriri
1736 2949 1883 3018 facit
1927 2962 2092 3017 super

433 3043 613 3112 justas
641 3045 691 3094 et
722 3041 958 3104 iniustos
989 3038 1088 3108 (ἡ).

514 3128 664 3196 Quod
709 3135 896 3183 autem
943 3126 1272 3182 omnimode.
1307 3125 1676 3196 Propositum
1726 3125 1836 3196 ipsi
1868 3128 1957 3179 est
1986 3125 2089 3179 de-

446 3223 794 3285 monstrare,
827 3232 938 3270 non
987 3230 1114 3270 esse
1166 3215 1503 3281 essentiam,
1538 3215 1689 3284 quod
1743 3211 2091 3284 simpliciter

2192 1971 2288 2021 τοῦ
2320 1967 2542 2043 ἀγαθοῦ,
2577 1969 2881 2024 συνεστάναι
2931 1975 3098 2039 ποιεῖ,
3130 1970 3208 2042 τῷ
3239 1969 3384 2030 ὅλως
3431 1971 3568 2024 κατά
3598 1991 3650 2023 τι
3685 1966 3844 2040 μετέ-

2195 2076 2314 2130 χειν
2345 2061 2440 2111 τοῦ
2491 2057 2714 2132 ἀγαθοῦ’
2751 2061 2814 2113 οὐ
2862 2060 2963 2135 γὰρ
2995 2061 3028 2130 ἡ
3067 2060 3286 2135 μερικὴ,
3315 2056 3442 2115 ἀλλ’
3488 2061 3523 2128 ἡ
3563 2056 3845 2128 παντελὴς

2195 2142 2440 2219 ἔλλειψις
2461 2150 2556 2200 τοῦ
2588 2146 2786 2220 ἀγαθοῦ
2819 2146 2929 2202 ἐστι
2958 2149 3020 2202 τὸ
3049 2147 3232 2204 κακόν.

2267 2235 2366 2287 Καὶ
2396 2234 2464 2288 τὰ
2497 2233 2785 2310 μαχόμενα
2832 2236 2997 2308 αὐτῷ.
3033 2239 3175 2310 ’Ὀρα
3222 2241 3339 2298 πῶς
3390 2258 3574 2311 φησιν,
3626 2237 3709 2290 δτι
3754 2236 3850 2290 καὶ

2194 2322 2261 2375 τά
2321 2323 2611 2397 μαχόμενα
2665 2328 2734 2398 τῇ
2768 2323 2990 2398 δυνάμει
3021 2330 3117 2381 τοῦ
3149 2327 3347 2401 ἀγαθοῦ
3400 2323 3469 2380 δι’
3515 2325 3678 2380 αὐτοῦ
3713 2324 3852 2380 ὀπέ-

2199 2431 2296 2480 στη
2330 2411 2421 2465 καὶ
2465 2413 2713 2481 σώζεται.
2763 2412 2970 2470 Οὐκοῦν
3019 2413 3191 2476 αἴτιος
3241 2415 3350 2469 τῶν
3381 2419 3563 2469 κακῶν
3607 2415 3635 2468 6
3668 2413 3801 2477 Θεός
3837 2432 3852 2481 ;

2203 2501 2278 2570 μὴ
2327 2500 2566 2575 γένοιτοί
2602 2504 2629 2555 6
2678 2502 2771 2574 μὲν
2826 2503 2924 2578 γὰρ
2974 2504 3122 2574 Θεὸς,
3177 2503 3250 2565 ὠς
3297 2502 3514 2558 πάντων
3564 2503 3712 2578 ἀρχὴ
3759 2503 3855 2556 καὶ

2201 2585 2567 2663 δημιουργὸς,
2600 2587 2667 2643 δι’
2695 2587 3010 2665 ὑπερϐολὴν
3042 2592 3380 2666 ἀγαθότητος
3411 2593 3500 2646 καὶ
3536 2590 3604 2647 δι’
3632 2593 3852 2669 ἀγάπην

2200 2674 2423 2753 ἄφατον,
2455 2677 2544 2732 καὶ
2575 2677 2919 2754 ἁμαρτωλῶν
2977 2679 3248 2754 ἀνέχεται,
3273 2678 3368 2735 ’ίνα
3421 2682 3510 2735 καὶ
3559 2683 3658 2750 τήν
3711 2677 3855 2735 ἰδίαν

2202 2763 2346 2840 δείξῃ
2377 2764 2812 2843 φιλανθρωπίαν,
2840 2768 2929 2822 καὶ
2981 2784 3043 2822 τ’)
3081 2774 3177 2824 τοῦ
3225 2767 3546 2842 πλάσματος
3598 2769 3857 2839 αὐτεξού-

2199 2873 2333 2909 σιον⁶
2388 2853 2598 2929 εἴρηται
2641 2857 2764 2932 γάρ·
2799 2858 2860 2911 Ἡ
2907 2858 3085 2933 ἀγάπη
3131 2857 3304 2913 πάντα
3353 2860 3551 2934 στέγει·
3604 2860 3694 2912 καὶ
3750 2858 3858 2912 πά-

2201 2941 2308 2997 λιν·
2343 2945 2404 3000 Ὁ
2438 2943 2751 3000 ἀνατέλλων
2796 2945 2887 3000 τὸν
2930 2945 3092 3015 ἥλιον
3139 2946 3302 3002 αὐτοῦ
3353 2947 3440 3002 ἐπὶ
3473 2945 3713 3010 δικαίους
3760 2948 3855 3002 καὶ

2199 3030 2437 3094 ἀδίκους.

2272 3123 2346 3178 Τὸ
2431 3119 2488 3176 δὲ
2561 3125 2696 3178 κατά
2764 3125 2938 3179 πάντα
3011 3125 3247 3200 τρόπον.
3327 3127 3403 3183 Τὸ
3487 3127 3855 3200 προκείμενον

2201 3210 2348 3281 αὐτῷ
2394 3209 2532 3264 ἐστιν
2586 3209 2886 3286 ἀποδεῖξαι,
2933 3213 3014 3267 ὅτι
3068 3213 3167 3268 οὐκ
3213 3210 3353 3269 ἔστιν
3384 3213 3538 3269 οὐσία
3564 3215 3626 3269 τὸ
3656 3214 3859 3276 ἁπλῶς

443 3322 544 3376 per
575 3321 638 3360 se
669 3305 923 3369 malum;
949 3304 1142 3373 aitque
1164 3302 1390 3356 nullum
1416 3302 1640 3356 ent-ium
1673 3306 1727 3356 et
1759 3306 2083 3357 creatorum

2204 3299 2519 3354 αὐτόκακον·
2551 3301 2642 3354 καί
2681 3323 2866 3375 φησιν,
2897 3301 2979 3357 ὅτι
3031 3300 3184 3357 οὐδὲν
3223 3308 3329 3357 τῶν
3365 3303 3416 3358 ἐν
3464 3308 3579 3365 τοῖς
3613 3304 3734 3358 οὖσι
3764 3305 3860 3358 καὶ

445 3392 592 3448 nihil
624 3409 864 3464 prorsus
911 3391 1050 3446 boni
1085 3390 1460 3462 participare;
1495 3407 1621 3460 quae
1655 3391 1812 3445 enim
1852 3391 2091 3445 omnino

443 3498 630 3537 vacua
662 3482 815 3537 bono
846 3481 1000 3552 quod
1036 3496 1222 3551 neque
1253 3497 1286 3533 a
1317 3480 1467 3534 bono
1500 3481 1782 3550 producta
1812 3480 1948 3545 sint,
1976 3496 2091 3533 non

449 3571 739 3626 exsistunt
761 3589 774 3625 :
801 3571 935 3641 quis
959 3586 1091 3624 vero
1113 3568 1263 3623 alius
1285 3568 1515 3638 opifex?
1537 3569 1635 3623 sed
1663 3583 1844 3638 neque
1867 3567 2090 3638 aliquid

453 3659 773 3715 subsistere
821 3663 1029 3728 potest,
1064 3657 1215 3728 quod
1252 3673 1442 3726 neque
1490 3656 1750 3711 habitum
1804 3673 1903 3711 seu
1957 3655 2092 3710 boni

451 3747 794 3818 qualitatem
821 3762 920 3817 per
940 3746 1210 3800 accidens
1239 3745 1566 3815 participet.
1594 3743 1775 3798 Multa
1797 3745 2090 3815 siquidem

448 3853 482 3890 a
512 3835 822 3906 congenito
855 3836 1138 3888 destituta
1179 3833 1381 3887 habitu
1417 3833 1536 3886 sive
1567 3832 1866 3902 qualitate,
1900 3833 2091 3887 consi-

445 3928 611 3980 stunt
641 3939 655 3979 :
688 3923 872 3978 veluti
901 3921 1151 3993 ignitum
1199 3921 1442 3989 ferrum,
1478 3937 1542 3975 ac
1590 3921 1831 3975 extremi
1882 3920 2091 3975 caloris

445 4012 759 4083 particeps,
803 4009 1090 4066 exstincto
1147 4008 1337 4064 calore
1396 4012 1595 4062 manet
1647 4010 1798 4078 quod
1859 4013 2001 4076 erat,
2035 4015 2091 4064 et

444 4117 598 4171 aqua
628 4099 953 4154 secundum
987 4114 1048 4153 se
1073 4098 1310 4169 quidem
1335 4097 1551 4152 dicitur
1577 4112 1704 4152 esse
1735 4096 2088 4151 elementum

443 4190 667 4259 absque
697 4186 1012 4259 qualitate;
1047 4187 1188 4242 dum
1215 4203 1349 4242 vero
1373 4191 1586 4241 terram
1613 4189 1901 4256 penetrat,
1932 4184 2090 4240 illinc

442 4277 728 4348 qualitate
758 4279 1028 4343 donatur,
1054 4281 1110 4330 et
1139 4280 1334 4330 tamen
1358 4274 1471 4329 alio
1505 4275 1782 4341 derivata,
1808 4272 2090 4344 qualitate

441 4366 723 4436 privatur,
757 4369 812 4419 et
862 4365 1054 4418 adhuc
1103 4363 1417 4418 consistit:
1453 4362 1537 4416 sic
1584 4360 1756 4416 etiam
1804 4362 2004 4416 nivosa
2034 4367 2091 4416 et

441 4454 654 4525 frigida
684 4457 947 4509 cessante
990 4450 1203 4521 frigore
1252 4448 1445 4504 adhuc
1491 4448 1839 4504 consistunt.
1872 4449 2086 4504 Verum

440 4543 616 4596 etiam
652 4558 779 4612 quas
809 4540 928 4594 vita
957 4538 1282 4610 (sensitive)
1315 4541 1534 4606 carent,
1564 4541 1631 4590 ut
1661 4537 1894 4592 arbores
1926 4543 1979 4592 et
2013 4540 2090 4592 la-

2205 3387 2254 3441 έν
2300 3385 2635 3464 δημιουργίᾳ
2677 3389 2951 3465 ἀμέτοχόν
3000 3390 3110 3445 ἐστι
3154 3391 3434 3456 παντελῶς
3477 3396 3575 3446 τοῦ
3623 3391 3855 3466 ἀγαθοῦ·

2200 3477 2266 3529 τά
2312 3477 2411 3552 γὰρ
2465 3477 2639 3547 πάντη
2691 3479 2894 3554 ἄμοιρα
2937 3479 3031 3532 τοῦ
3076 3479 3312 3556 ἀγαθοῦ,
3361 3481 3436 3542 ὠς
3487 3478 3628 3553 μηδὲ
3676 3501 3858 3555 παρα-

2202 3564 2400 3640 χθέντα
2433 3565 2534 3619 ὑπὸ
2562 3570 2658 3620 τοῦ
2689 3567 2914 3640 ἀγαθοῦ,
2948 3565 3071 3623 οὔτε
3100 3568 3223 3623 εἰσίο
3256 3570 3339 3630 τίς
3364 3567 3533 3632 ἀλλος
3577 3567 3862 3644 δημιουρ-

2202 3654 2299 3727 γός
2333 3651 2499 3723 ;ἀλλ’
2531 3650 2654 3708 οὔτε
2703 3652 2920 3709 δύναταί
2969 3678 3022 3711 τι
3073 3655 3382 3734 ὐφεστάναι,
3427 3661 3502 3732 μή
3552 3665 3652 3728 τῆς
3693 3656 3860 3730 ἕξεως

2201 3739 2327 3810 ἤτοι
2375 3743 2669 3813 ποιότητος
2715 3748 2811 3798 τοῦ
2860 3744 3060 3820 ἀγαθοῦ
3113 3744 3343 3821 μετέχον
3385 3748 3520 3801 κατά
3573 3741 3858 3820 συμϐεϐη-

2200 3831 2313 3894 κός·
2347 3831 2535 3887 πολλά
2564 3834 2657 3904 μὲν
2690 3833 2793 3908 γὰρ
2824 3832 2913 3887 καὶ
2944 3833 3371 3910 καταλειφθέντα
3403 3836 3504 3890 ὑπὸ
3534 3843 3633 3905 τῆς
3678 3856 3856 3911 προσ-

2200 3921 2496 3995 γενομένης
2552 3918 2714 3992 έξεως
2773 3919 2896 3990 ἤτοι
2956 3922 3252 3994 ποιότητος
3313 3922 3461 3996 μένει
3520 3928 3850 3978 συνεστῶτα·

2202 4011 2322 4062 οἷον
2355 4010 2380 4062 6
2414 4007 2635 4085 σίδηρος
2690 4009 2982 4085 πυρωθεὶς,
3024 4010 3113 4065 καὶ
3160 4011 3496 4084 θερμότητος
3541 4008 3706 4087 ἄκρας
3753 4033 3852 4084 με-

2197 4093 2470 4166 ταλαϐὼν,
2521 4093 2831 4161 σϐεσθέντος
2878 4103 2974 4153 τοῦ
3023 4101 3213 4176 πυρὸς,
3262 4102 3408 4172 μένει
3457 4099 3590 4175 ὅπερ
3633 4102 3723 4170 ἦν·
3757 4101 3856 4155 καὶ

2197 4186 2258 4239 τὸ
2290 4184 2432 4261 ὕδωρ
2463 4188 2579 4241 καθ’
2611 4186 2766 4241 ἐαυτό
2807 4189 2900 4260 μὲν
2950 4189 3010 4242 τὸ
3064 4195 3337 4264 στοιχεῖον
3385 4189 3575 4243 ἄποιον
3631 4186 3859 4263 λέγεται

2200 4276 2355 4343 εἶναι,
2391 4273 2478 4329 διὰ
2509 4273 2565 4330 δὲ
2606 4283 2707 4352 γῆς
2757 4276 2975 4350 παριὸν,
3011 4275 3207 4331 ἐκεῖθεν
3255 4280 3529 4331 ποιοῦται’
3563 4279 3650 4331 καὶ
3696 4275 3857 4350 ὅμως

2201 4365 2606 4438 μετοχετευθὲν,
2653 4363 2875 4418 παύ³ται
2921 4371 3019 4434 τῆς
3069 4365 3391 4437 ποιότητος,
3439 4364 3531 4419 καί
3581 4359 3657 4420 ἔτι
3709 4367 3859 4420 συνέ-

2197 4471 2419 4522 στηκεν·
2478 4453 2619 4506 οὕτω
2674 4453 2762 4506 καὶ
2833 4453 2899 4506 τά
2973 4452 3330 4527 χιονιζόμενα
3385 4456 3472 4508 καὶ
3535 4454 3855 4529 ψυχόμενα,

2195 4543 2546 4613 παυσαμένης
2593 4540 2693 4607 τῆς
2740 4541 3114 4616 ψυχρότητος,
3146 4536 3222 4596 ἔτι
3279 4543 3620 4613 συνέστηκεν.
3669 4541 3857 4599 Ἀλλὰ

439 4629 607 4700 pides
638 4633 695 4684 et
725 4633 904 4688 astra,
937 4643 1118 4696 eaque
1151 4643 1277 4697 quae
1319 4630 1513 4679 mente
1543 4630 1759 4695 carent,
1786 4630 1849 4680 ut
1881 4643 2083 4698 pecora

2201 4629 2375 4682 καὶτά
2409 4634 2550 4697 ζωῆς
2585 4631 2809 4702 ἄμοιρα,
2841 4629 2914 4690 ὠς
2945 4627 3158 4703 δένδρα,
3191 4631 3281 4685 καὶ
3315 4629 3488 4702 λίθοι,
3519 4633 3608 4685 καὶ
3656 4628 3850 4705 ἄστρα,

440 4717 826 4773 nihilominus
871 4714 1224 4771 subsistunt.
1258 4713 1413 4768 Deus
1444 4729 1672 4782 quoque
1711 4730 1844 4769 cum
1877 4716 1956 4769 sit
1987 4733 2085 4771 su-

439 4804 880 4880 peressentialis
918 4802 1182 4858 essentiae
1214 4801 1508 4867 eximitur,
1538 4808 1792 4858 attamen
1827 4808 1883 4858 et
1911 4810 2000 4859 est
2029 4811 2085 4860 et

439 4897 592 4952 149
626 4898 759 4951 ante
789 4897 907 4959 est;
941 4907 1056 4945 non
1080 4889 1211 4944 licet
1242 4894 1436 4944 autem
1467 4890 1551 4944 sic
1573 4892 1642 4945 de
1673 4891 1824 4947 bono
1857 4893 2078 4964 dicere};

439 4986 555 5042 nisi
587 4983 739 5039 enim
767 4979 1108 5052 qualitatem
1151 4977 1288 5032 boni
1341 4977 1666 5048 participet,
1697 4979 1754 5032 in
1791 4998 1904 5051 quo
1935 4981 2082 5037 illud

440 5074 762 5129 consistere
802 5082 1041 5123 necesse
1089 5069 1198 5135 est,
1233 5081 1348 5120 non
1381 5070 1573 5136 potest
1619 5069 1936 5125 subsistere
1967 5088 1980 5126 :
2017 5077 2082 5128 In

439 5162 557 5234 ipso
584 5159 730 5215 enim
776 5157 1016 5214 vivimus
1061 5158 1116 5209 et
1165 5169 1378 5223 sumus,
1412 5159 1476 5210 ut
1518 5155 1599 5210 ait
1645 5157 1963 5227 Apostolus
1992 5161 2076 5232 (ἱ).

440 5249 588 5314 Quid
631 5246 811 5318 ergo?
854 5245 1325 5315 intemperansne
1375 5243 1516 5299 dum
1565 5243 1962 5317 intemperans
1993 5254 2082 5305 est

511 5426 584 5498 (g)
617 5425 780 5481 Prov.
812 5439 870 5490 x,
903 5423 990 5477 12.
1064 5422 1145 5493 (h)
1175 5421 1378 5482 Matth.
1408 5439 1465 5491 v,
1497 5423 1586 5482 45,

1666 5425 1728 5495 (ἰ)
1758 5426 1881 5482 Αοι.
1917 5443 2058 5499 xvn,
2087 5428 2179 5486 28.

2195 4717 2380 4770 καὶτά
2425 4721 2538 4786 νοῦ,
2572 4715 2646 4769 ὠς
2693 4717 2758 4770 τά
2804 4722 3002 4786 κτήνη,
3039 4719 3192 4790 ὅμως
3250 4718 3556 4793 ὑφίσταται.
3603 4719 3707 4775 Καὶ
3757 4721 3852 4774 οὐ-

2193 4805 2306 4866 σίας
2338 4802 2394 4858 δὲ
2441 4805 2469 4858 ὁ
2517 4805 2647 4868 Θεὸς
2699 4805 2954 4879 ἐξῄρηται
3010 4805 3332 4882 ὐπερούσιος
3389 4803 3485 4860 ὧν·
3548 4809 3637 4862 καὶ
3688 4808 3849 4881 ὅμως

2190 4891 2299 4947 ἐστὶ
2332 4893 2421 4947 καὶ
2466 4893 2735 4968 πρόεστιν·
2770 4894 2910 4948 οὕτω
2961 4892 3018 4948 δὲ
3064 4894 3152 4948 καὶ
3201 4893 3299 4950 οὐκ
3347 4893 3487 4950 ἔστιν
3542 4895 3715 4952 εἰπεῖν
3756 4897 3848 4951 ἐπὶ

2189 4987 2285 5036 τοῦ
2317 4983 2539 5056 ἀγαθοῦ·
2577 4983 2622 5036 εἷ
2671 4983 2744 5054 μὴ
2798 4985 2900 5058 γὰρ
2955 4985 3179 5057 μετέχοι
3227 4985 3525 5055 ποιότητος
3569 4991 3667 5040 τοῦ
3712 4988 3844 5062 ἀγα-

2191 5069 2308 5138 θοῦ,
2359 5071 2407 5124 ἐν
2461 5071 2504 5142 ᾦ
2553 5072 2894 5135 συνίστασθαι
2944 5073 3081 5147 χρὴ,
3135 5071 3200 5126 οὗ
3253 5070 3473 5128 δύναται
3530 5074 3845 5152 ὑφεστάναιο

2190 5167 2276 5218 Ἐν
2318 5161 2463 5233 αὑτῷ
2505 5159 2605 5235 γὰρ
2662 5164 2836 5234 ζῶμεν
2887 5161 2975 5216 καὶ
3026 5160 3207 5236 ἐσμὲν,
3255 5157 3331 5225 ὥς
3382 5185 3544 5238 φησιν
3595 5165 3624 5219 ὁ
3671 5164 3846 5221 Ἀπό-

2188 5265 2403 5314 στοΛος.
2434 5249 2500 5306 Τί
2532 5251 2622 5304 οὖν
2654 5269 2668 5320 ;
2701 5252 2728 5305 6
2759 5249 3061 5312 ἀκόλαστος
3092 5249 3143 5306 έν
3179 5256 3258 5324 τῷ
3290 5250 3648 5310 ἀκολασταίνι
3683 5276 3709 5310 ν
3743 5255 3850 5310 οὑκ

1442 5628 1686 5688 νΑΡιΙιΕ
1717 5629 2096 5692 LECTIONES
2118 5635 2208 5693 ΕΤ
2237 5634 2767 5694 CORRECTIONES

508 5733 552 5770 '0
577 5727 1085 5808 ἰῤῥωμινιστέρους,
1119 5688 1122 5693 1
