4080 6366
211 411 301 464 281

965 411 1021 459 S.
1062 410 1328 462 MAXIMI
1366 409 1671 462 SCHOLIA
1711 410 1782 462 IN
1824 412 1955 463 LIB.
2000 410 2094 461 DE
2132 409 2407 463 DIVINIS
2448 411 2861 465 NOMINIBUS.

3512 414 3615 465 282

215 531 483 605 ἐστέρηται
513 532 613 583 τοῦ
669 530 874 604 ἀγαθοῦ
906 549 920 597 ;
953 529 1043 583 καὶ
1089 529 1242 603 ὅμως
1301 531 1584 607 ὑφέστηκε·
1616 529 1705 584 καὶ
1756 552 1846 603 φη.

1975 531 2125 588 bono
2142 534 2405 604 privatur
2420 533 2447 588 ‘?
2460 536 2517 589 et
2546 537 2742 589 tamen
2757 533 3029 589 subsistit
3051 550 3063 601 ;
3086 532 3227 590 dicit
3243 534 3611 605 autem,dum

215 642 258 675 σι
290 620 378 693 μὲν
426 619 545 673 κατ’
577 617 709 673 αὐτὸ
758 618 819 674 τὸ
872 617 1301 689 ἀκολασταίνειν,
1356 620 1428 681 ὡς
1487 618 1539 674 ἐν
1610 622 1855 694 στερήσει

218 707 279 763 ὣν
309 712 399 762 τοῦ
442 707 649 781 ἀγαθοῦ
705 707 909 781 κυρίως
966 710 1068 764 οὐκ
1122 704 1286 779 ἔστιν,
1338 706 1464 763 ἀλλ’
1515 704 1637 763 οὕτε
1686 705 1854 763 ὄντων

216 797 419 869 ἐκθυμεῖ
448 800 516 834 9"
552 797 607 852 τί
653 797 756 873 γάρ
808 798 947 852 ἐστιν
1001 796 1403 853 αὐτοακολασία
1450 795 1583 873 δίχα
1627 802 1724 852 τοῦ
1776 796 1855 852 εἷ’-

219 884 326 947 δους
355 890 447 941 τοῦ
480 885 896 941 ἀκολασταίνειν
934 906 947 957 ;
981 886 1133 961 ὅμως
1168 884 1357 955 ἐπειδὴ
1408 888 1543 941 κατά
1592 884 1856 961 ψευδοδο-

220 977 312 1047 ξίαν
344 973 493 1029 δοκεῖ
547 976 713 1038 αὐτὸς
764 975 964 1051 ἀγαθοῦ
1011 998 1156 1040 τινος
1200 975 1443 1052 ἔχεσθαι,
1474 976 1563 1031 καὶ
1612 977 1855 1045 ἡνῶσθαι

218 1067 338 1121 κατὰ
368 1063 559 1139 φιλίαν
608 1071 689 1138 τῷ
740 1068 1190 1145 συμφθειρομένφ
1241 1065 1409 1139 αὖτῷ,
1453 1063 1548 1120 κᾶν
1601 1063 1856 1143 διεφθαρ-

222 1155 338 1226 μένη
373 1152 514 1228 δοκῇ
547 1158 581 1224 ἡ
618 1154 775 1233 φιλία
805 1157 958 1224 εἶναι,
998 1155 1150 1228 ὅμως
1181 1153 1276 1210 τοῦ
1308 1157 1451 1209 θείου
1482 1154 1685 1230 ἔρωτος
1717 1156 1860 1227 ἀμυ-

220 1241 329 1319 δρόν
356 1242 503 1298 ἐστιν
541 1244 842 1318 ἀπήχημα,
875 1245 965 1299 καὶ
1024 1242 1113 1299 διά
1160 1249 1259 1299 τοῦ
1308 1244 1512 1318 ἀγαθοῦ
1562 1244 1851 1319 φαντασίαν

218 1328 342 1406 ἔχει·
381 1332 443 1386 οὐ
477 1333 581 1407 γὰρ
616 1331 699 1386 δεῖ
746 1333 977 1407 ἀγνοεῖν,
1010 1332 1112 1402 ὅτι,
1149 1333 1274 1388 ὅταν
1318 1335 1563 1407 κρατηθῇ
1618 1334 1719 1387 ὑπὸ
1759 1337 1855 1387 τοῦ

218 1420 397 1495 ἀλόγου
457 1422 657 1496 μέρους
704 1422 766 1476 τὸ
818 1422 1037 1497 λογικὸν
1086 1424 1184 1493 τῆς
1230 1426 1414 1497 ψυχῆς
1444 1467 1457 1491 ,
1504 1420 1854 1495 ἐμποδίζεται

221 1510 301 1582 μὲν
347 1509 409 1564 τὰ
468 1509 645 1564 οἰκεῖα
695 1509 948 1585 ἐνεργεῖν,
1002 1509 1309 1580 συνδοξάζει
1359 1508 1413 1564 δὲ
1465 1511 1607 1565 οὕτω
1659 1509 1854 1565 λοιπὸν

216 1603 282 1669 τῷ
312 1597 518 1674 ἀλόγῳ,
555 1599 627 1661 ὡς
666 1602 805 1672 μήτε
834 1605 1048 1673 κρατεῖν
1096 1601 1264 1655 αὐτοῦ
1309 1604 1417 1654 τῶν
1470 1600 1680 1675 ὁρμῶν,
1717 1601 1855 1672 μήτε

221 1687 644 1765 συμψηιρίζεσθαι
701 1694 821 1750 ταῖς
878 1689 1130 1763 πράξεσιν
1164 1708 1176 1720 ·
1238 1689 1293 1742 αἱ
1349 1689 1449 1764 γαρ
1510 1686 1854 1762 ψευδοδοξίαι

221 1775 308 1831 οῦκ
337 1776 435 1831 εἶσὶ
482 1781 580 1831 τοῦ
629 1775 854 1851 λογικοῦ
888 1775 1058 1850 δόξαι,
1091 1776 1213 1833 οὕτε
1262 1780 1317 1831 αἱ
1359 1775 1572 1852 ψευδεῖς
1619 1776 1853 1832 διάνοιαι

221 1870 312 1919 τῶν
339 1863 596 1920 διανοιῶν
628 1870 723 1920 τοῦ
776 1865 1009 1941 λογικοῦ
1065 1866 1283 1940 μέρους*
1318 1864 1442 1921 οὔτε
1488 1868 1588 1942 γάρ
1622 1865 1855 1920 διάνοιαι
1890 1906 1934 1971 Β

317 1954 327 1971 Ι
501 1956 514 1971 ο
591 1958 601 1971 ι
686 1953 709 1971 l‘
743 1960 765 1971 υ
867 1957 929 1971 lﬁ
966 1957 990 1971 Λ
1181 1956 1193 1970 ἱ
1263 1956 1275 1971 ο
1329 1957 1353 1971 Λ
1502 1955 1517 1971 \
1614 1949 1637 1971 ’ν
1680 1956 1720 1971 ,ι
1776 1954 1799 1971 Η

223 1954 402 2028 κυρίως
465 1956 520 2009 αἱ
578 1953 811 2029 ψευδεῖς.
867 1957 1048 2011 Ἔνθεν
1108 1956 1197 2009 καὶ
1256 1956 1283 2009 6
1328 1955 1555 2027 θυμικὸς
1612 1949 1720 2018 ἔσθ’
1771 1954 1860 2010 ὅτε

226 2042 567 2121 ἐσφαλμένως
625 2044 905 2117 ἐπέξεισιν
957 2046 1109 2118 ὅμως
1163 2046 1265 2099 οὐκ
1322 2046 1553 2118 ἄμοιρος
1610 2044 1808 2118 ἀγαθοῦ
1841 2088 1855 2116 ,

228 2130 380 2187 δοκῶν
412 2132 504 2188 ἐπὶ
538 2131 825 2207 διορθώσει
854 2138 951 2189 τοῦ
990 2132 1366 2207 κολαζομένου
1408 2138 1488 2206 τῷ
1517 2136 1673 2207 θυμῷ
1716 2140 1857 2209 χρῆ-

226 2222 346 2293 σθαι,
377 2222 471 2276 καὶ
504 2224 532 2276 6
566 2222 794 2297 αΐσχρὸς
830 2220 1001 2286 οὕτως
1034 2224 1279 2277 ὑπονοῶν
1321 2223 1520 2298 ἀγαθὸν
1552 2220 1711 2285 τέλος
1757 2223 1854 2291 τήν

222 2307 432 2381 ἡδονήν.
469 2313 564 2365 Ἐκ
592 2311 788 2366 τούτου
821 2310 912 2367 οῦν
967 2312 1055 2366 καὶ
1106 2313 1157 2366 οἱ
1208 2313 1626 2387 θεομαχοῦντες,
1660 2308 1748 2365 διά
1792 2310 1854 2365 τὸ

221 2396 346 2460 ὅλως
378 2401 512 2454 εἶναι
549 2400 651 2454 ὑπὸ
681 2405 775 2455 τοῦ
802 2399 1023 2477 ἀγαθοῦ,
1056 2404 1492 2475 συγχωροῦνται·
1525 2401 1586 2455 τὸ
1626 2399 1724 2475 γάρ
1776 2400 1851 2471 μὴ

218 2486 557 2562 ἐστερημένον
605 2494 704 2545 τοῦ
743 2488 915 2545 καλοῦ
953 2533 966 2557 ,
1014 2488 1162 2545 ἀλλά
1195 2494 1431 2565 μερικῶς
1461 2489 1590 2543 αὐτὸ
1614 2489 1676 2542 τό
1708 2488 1852 2543 ἐστε-

217 2579 436 2649 ρημένον
467 2584 566 2634 τοῦ
598 2579 802 2655 ἀγαθοῦ
833 2580 1167 2649 συνεστάναι,
1198 2584 1345 2633 ποιεῖ
1389 2579 1451 2633 τὸ
1496 2576 1640 2639 ὅλως
1696 2578 1851 2651 μετέ-

215 2684 318 2739 χειν
347 2689 397 2722 τι
431 2672 531 2722 τοῦ
561 2668 781 2741 ἀγαθοῦ.
817 2668 892 2725 Οὐ
943 2669 1046 2743 γὰρ
1076 2671 1111 2738 ἡ
1147 2669 1367 2741 μερική,
1420 2665 1547 2722 ἀλλ’
1576 2669 1610 2736 ἡ
1657 2688 1849 2721 παντε-

216 2752 303 2822 λὴς
334 2751 583 2830 ἔλλειψις
631 2762 727 2812 τοῦ
777 2759 980 2833 ἀγαθοῦ
1028 2756 1138 2811 ἐστι
1187 2758 1249 2811 τὸ
1297 2758 1482 2811 κακόν·
1537 2756 1624 2810 καὶ
1677 2755 1737 2810 οὐ
1786 2757 1848 2810 τὸ

218 2850 461 2918 μερικῶς,
498 2846 643 2901 ἀλλά
669 2848 731 2902 τὸ
763 2845 1042 2908 παντελῶς
1072 2851 1172 2900 τοῦ
1221 2847 1420 2921 ἀγαθοῦ
1466 2844 1844 2919 ἐστερημένον,

220 2937 366 2987 τοῦτο
400 2933 525 2990 οῦτε
555 2938 643 3005 ἦν,
695 2934 817 2991 οὔτε
865 2935 1027 3007 ἐστὶν,
1061 2933 1181 2989 οὕτε
1213 2932 1381 3003 ἔσται,
1417 2931 1540 2990 οὔτε
1588 2934 1720 2988 εἶναι
1754 2933 1844 2988 δύο

216 3043 375 3081 ναται,

273 3110 405 3168 Οῦτε
461 3110 632 3168 ὅντων
687 3114 958 3187 ἐπιθυμεῖ.
1018 3116 1142 3170 ’Ότι
1202 3114 1230 3167 6
1280 3112 1603 3182 ἀκόλαστος,
1656 3112 1699 3168 εἷ
1754 3114 1839 3167 καὶ

213 3202 333 3255 κατά
357 3203 418 3256 τὸ
448 3202 579 3257 αὐτὸ
606 3205 668 3258 τὸ
698 3202 1104 3259 ἀκολασταίνειν
1158 3199 1280 3257 οὔτε
1323 3202 1461 3257 ἐστὶν
1513 3201 1635 3256 οὕτε
1674 3201 1843 3257 ὅντων

214 3286 467 3360 ἐπιθυμεῖ,
502 3291 655 3363 ὅμως
685 3294 800 3347 κατ’
833 3292 963 3346 αὐτὸ
992 3292 1054 3346 τὸ
1101 3299 1201 3361 τῆς
1250 3291 1491 3352 ἱνώσεως
1522 3292 1611 3345 καὶ
1656 3289 1841 3369 φιλίας
1876 3272 1917 3339 C

213 3385 387 3452 σχῆμα
417 3379 677 3454 ἀμυδρῶς
714 3383 930 3457 μετέχει
960 3385 1056 3436 τοῦ
1087 3381 1307 3456 ἀγαθοῦ.

276 3470 407 3541 Πρὸς
456 3470 518 3523 τὸ
570 3467 761 3524 δοκοῦν
811 3469 1001 3526 καλόν.
1057 3470 1398 3542 Σημείωσαι,
1449 3468 1530 3523 ὅτι
1578 3469 1666 3523 καὶ
1709 3471 1737 3523 6
1766 3474 1845 3539 τῷ

215 3562 353 3629 θυμῷ
399 3559 800 3634 ἀποχρώμενος
849 3560 1094 3634 μετέχειν
1143 3557 1359 3632 λέγεται
1406 3563 1502 3613 τοῦ
1552 3558 1750 3632 ἀγαθοῦ
1789 3558 1839 3612 ἐν

212 3650 279 3716 τῷ
321 3648 448 3714 πρὸς
501 3645 792 3723 διόρθωσιν
821 3654 1085 3712 κινεῖσθαι
1133 3652 1240 3702 τῶν
1291 3646 1594 3702 δοκούντων
1637 3652 1838 3701 κακῶν·

218 3733 338 3788 οὕτω
366 3738 449 3790 καὶ
508 3738 535 3790 6
592 3736 894 3812 χειρίστης,
946 3736 1114 3813 ἤγουν
1171 3736 1430 3807 κακίστης
1493 3741 1637 3805 ζωῆς
1696 3734 1843 3812 ἐφιέ-

222 3844 351 3893 μενος
386 3824 602 3901 μετέχει
652 3831 747 3881 τοῦ
798 3827 998 3901 ἀγαθοῦ
1049 3826 1098 3881 ἐν
1150 3831 1228 3898 τῷ
1278 3832 1379 3895 τῆς
1430 3825 1651 3900 ἀρίστης
1698 3828 1841 3894 ζωῆς

220 3912 343 3984 αὐτῷ
388 3911 657 3985 δοκούσης
709 3915 965 3992 ἐφίεσθαιο
1016 3916 1107 3969 καὶ
1138 3916 1165 3969 ὁ
1213 3915 1274 3969 τὸ
1321 3914 1485 3969 κακὸν
1516 3911 1573 3968 δὲ
1620 3916 1842 3987 μετιὼν,

223 3996 264 4052 ἓν
293 4000 359 4073 τῷ
389 3999 566 4057 δοκεῖν
600 4000 768 4057 καλὸν
800 4008 1000 4076 ποιεῖν,
1038 4002 1253 4079 μετέχει
1283 4007 1380 4057 τοῦ
1410 4002 1632 4078 ἀγαθοῦ.

280 4091 395 4154 Καθ’
427 4090 552 4145 ὅσον
582 4091 673 4146 καὶ
703 4093 881 4156 νόσος.
915 4094 976 4147 Ἡ
1006 4093 1188 4161 νόσος,
1219 4088 1473 4162 εὔδηλον,
1499 4092 1572 4155 ὡς
1594 4086 1840 4164 ἔλλειψίς

221 4174 333 4231 ἐστιν
368 4179 591 4253 ὑγιείας,
614 4179 702 4233 καὶ
728 4173 1007 4254 ὑπερϐολὴ
1037 4179 1305 4251 σωμάτων
1334 4175 1563 4249 ἐνόλων,
1597 4176 1718 4233 οὕτε
1747 4177 1841 4250 μέ-

219 4285 341 4339 τρον,
374 4265 495 4323 οῦτε
520 4268 668 4338 τάξιν
697 4267 960 4343 ἐχομένη,
995 4266 1141 4323 ἀλλὰ
1170 4264 1239 4321 δι’
1270 4266 1524 4342 ἀκρασίας
1554 4271 1660 4321 τῶν
1692 4266 1837 4321 ὑλῶν

223 4361 323 4424 μιᾶς
355 4356 481 4429 ὑπὲρ
512 4358 613 4425 τήν
650 4354 902 4411 εὔτακτον
952 4362 1140 4430 κρᾶσιν
1170 4356 1562 4426 στασιαζούσης
1614 4354 1836 4410 ποιοῦν-

218 4462 302 4496 των
330 4447 421 4515 τὴν
452 4447 631 4502 νόσον.
665 4446 789 4501 Ἐπὶ
839 4449 1097 4500 τοσοῦτον
1150 4446 1245 4518 μὲν
1301 4446 1390 4499 οῦν
1425 4448 1458 4513 ἡ
1487 4444 1648 4506 νόσος
1695 4442 1835 4498 ἐστὶν

218 4528 260 4583 ἒν
284 4538 355 4605 τῷ
383 4535 618 4607 σώματι,
650 4534 731 4610 ἐφ’
763 4533 888 4589 ὅσον
921 4536 1169 4589 ὁπωσοῦν
1198 4537 1233 4603 ἡ
1266 4534 1412 4606 τάξις
1447 4532 1716 4604 ἐλλείποι,
1749 4534 1837 4587 καὶ

1972 620 2370 694 intemperans
2403 629 2512 693 est,
2548 623 2685 694 quia
2726 624 2878 679 bono
2927 624 3188 695 privatus
3219 624 3451 696 proprie
3500 641 3611 679 non

1967 713 2183 778 est,sed
2220 729 2322 768 nec
2354 712 2573 785 aliquid
2590 713 2743 768 reale
2774 713 2937 786 cupit
2970 730 2983 767 :
3018 715 3158 785 quid
3190 715 3347 770 enim
3380 718 3470 769 est
3489 714 3618 785 ipsa

1967 819 2069 873 per
2099 820 2159 858 se
2185 804 2790 876 intemperantia,sine
2823 810 2979 859 certa
3000 805 3191 876 specie
3220 805 3614 877 intemperan-

1968 890 2061 944 tia:
2080 891 2107 945 ?
2140 897 2331 948 tamen
2367 893 2648 966 quoniam
2681 894 2804 965 ipse
2834 899 3032 949 censet
3050 893 3269 949 bonum
3291 894 3527 965 aliquod
3555 895 3612 948 in

1967 978 2115 1035 falsa
2129 982 2402 1053 Opinione
2418 983 2726 1053 babere,ac
2745 983 2803 1037 in
2820 982 3251 1039 amicitiauniri
3266 1000 3397 1037 cum
3418 982 3613 1054 aliquo

1967 1068 2142 1123 simul
2177 1085 2310 1124 cum
2339 1071 2465 1141 ipso
2496 1077 2793 1143 corrupto,
2826 1089 2952 1142 quae
2980 1072 3091 1127 etsi
3124 1072 3457 1143 perniciosa
3487 1089 3616 1127 esse

1965 1157 2238 1213 videatur
2268 1159 2752 1225 amicitia,tamen
2782 1167 2872 1215 est
2902 1161 3151 1215 obscura
3181 1160 3361 1215 divini
3395 1160 3615 1215 amoris

1965 1247 2360 1318 portiuncula,
2395 1254 2451 1303 et
2480 1265 2583 1320 per
2632 1250 2850 1303 bonum
2884 1250 3023 1305 boni
3073 1249 3392 1320 imaginem
3441 1265 3614 1304 occu-

1969 1340 2245 1405 pat;non
2296 1337 2451 1390 enim
2508 1338 2775 1408 ignorare
2827 1343 3053 1409 oportet
3102 1339 3279 1409 quod,
3332 1354 3468 1393 cum
3519 1355 3609 1392 ra-

1966 1424 2203 1479 tionalis
2228 1443 2363 1496 pars
2387 1430 2592 1480 animae
2616 1428 2687 1481 ab
2710 1426 3033 1482 irrationali
3059 1431 3395 1498 superatur,
3428 1426 3614 1498 impe-

1966 1512 2160 1570 diatur
2191 1514 2425 1584 quidem
2460 1516 2693 1587 propria
2719 1517 2879 1571 obire
2908 1516 3131 1585 munia,
3170 1518 3254 1572 sic
3283 1534 3419 1571 vero
3453 1521 3611 1587 post-

1965 1618 2031 1657 ea
2062 1619 2193 1657 cum
2224 1602 2548 1659 irrationali
2580 1606 2965 1675 consentit,ut
2996 1621 3185 1677 neque
3219 1606 3478 1677 impetus
3502 1605 3618 1660 illis

1967 1690 2257 1759 cohibeat,
2311 1709 2499 1763 neque
2549 1694 2809 1749 actiones
2854 1695 3229 1764 comprobet;
3286 1711 3421 1748 nam
3459 1694 3614 1748 falsae

1967 1778 2275 1849 Opiniones
2308 1797 2422 1835 non
2455 1785 2594 1836 sunt
2625 1782 2929 1852 Opiniones
2962 1781 3265 1838 rationalis
3299 1784 3615 1853 partis.nec

1967 1866 2128 1923 falsae
2158 1857 2584 1924 intellectiones
2613 1875 2754 1925 sunt
2794 1870 3096 1926 rationalis
3149 1871 3331 1942 partis
3381 1869 3616 1925 intelle-

1971 1956 2229 2026 ctiones;
2268 1958 2421 2013 falsae
2453 1959 2610 2013 enim
2646 1977 2757 2014 non
2793 1964 2933 2015 sunt
2972 1960 3206 2031 proprie
3264 1958 3613 2015 intellectio-

1970 2062 2094 2101 nes.
2126 2046 2272 2102 Hinc
2303 2049 2475 2103 etiam
2503 2048 2825 2103 iracundus
2857 2050 3209 2120 quandoque
3257 2064 3391 2103 cum
3424 2066 3617 2104 errore

1970 2134 2201 2206 impetit
2233 2153 2245 2190 :
2282 2154 2397 2191 non
2428 2143 2626 2194 tamen
2653 2155 2859 2210 expers
2891 2143 2977 2193 est
3010 2138 3167 2207 boni,
3230 2156 3361 2193 cum
3388 2139 3616 2207 judicet

1967 2223 2025 2277 in
2053 2224 2214 2281 illius
2242 2226 2340 2297 qui
2372 2227 2616 2297 punitur
2646 2227 3023 2297 correctione,
3057 2226 3143 2283 ira
3177 2226 3615 2292 utendum,sic-

1968 2329 2080 2384 que
2110 2316 2398 2370 obscenus
2431 2316 2567 2370 dum
2618 2316 2979 2387 voluptatem
3027 2316 3202 2370 ﬁnem
3250 2316 3466 2372 bonum
3512 2332 3613 2371 su-

1965 2402 2335 2473 Spicatur.Ex
2363 2404 2470 2459 hoc
2500 2404 2678 2476 igitur
2707 2405 2883 2459 etiam
2919 2405 3018 2475 qui
3050 2405 3233 2459 Deum
3269 2411 3615 2475 oppugnant

1965 2507 1997 2544 a
2028 2491 2764 2565 bonopermittunturquia
2782 2493 3048 2548 absolute
3065 2499 3240 2562 sunt;
3276 2493 3431 2564 quod
3456 2492 3612 2547 enim

1964 2578 2209 2650 pulchro
2234 2597 2347 2635 non
2374 2581 2614 2637 omnino
2642 2581 2936 2654 privatum
2962 2587 3069 2652 est,
3095 2582 3196 2636 sed
3221 2599 3285 2637 ex
3311 2586 3494 2653 parte,
3520 2598 3615 2636 cx-

1960 2668 2373 2723 sistentiaboni
2392 2670 2929 2741 privatum,facitut
2947 2670 3166 2741 aliquid
3187 2670 3457 2725 absolute
3476 2670 3610 2723 boni

1960 2757 2302 2829 participet;
2339 2775 2450 2812 non
2477 2758 2635 2812 enim
2662 2757 3161 2830 particularis,sed
3195 2758 3435 2813 omnino
3466 2775 3607 2828 per-

1959 2847 2145 2901 fectus
2172 2846 2310 2900 boni
2337 2847 2602 2903 defectus
2623 2846 2971 2913 estmalum,
2991 2847 3285 2918 siquidem
3306 2864 3421 2902 non
3455 2847 3609 2916 quod

1958 2949 2026 2989 ex
2058 2937 2345 3007 parte,sed
2380 2937 2534 3008 quod
2567 2953 2810 3008 prorsus
2842 2938 2993 2992 bono
3017 2937 3308 3006 privatum
3342 2935 3599 3006 est,illud

1958 3040 2147 3094 neque
2176 3028 2515 3095 erat,neque
2545 3030 2847 3095 est,neque
2879 3026 3009 3093 erit,
3036 3041 3368 3096 nequeesse
3391 3028 3602 3096 potest.

2026 3114 2210 3183 Neque
2237 3113 2536 3184 quidquam
2566 3114 2916 3185 concupiscit.
2941 3113 3602 3185 Intemperantem,etsi,

1955 3207 2246 3272 quatenus
2278 3203 2678 3273 intemperans
2706 3207 3013 3273 est,neque
3044 3202 3140 3269 sit,
3166 3219 3354 3273 neque
3378 3201 3602 3273 aliquid

1956 3290 2109 3346 reale
2141 3292 2375 3361 cupiat,-
2407 3297 2602 3345 tamen
2636 3292 2764 3361 ipsa
2780 3291 3063 3346 nnitionis
3087 3296 3142 3346 et
3172 3291 3440 3346 amicitia:
3476 3309 3603 3362 spe-

1955 3380 2061 3450 cie,
2093 3382 2341 3435 obscure
2371 3381 2589 3434 bonum
2624 3379 2995 3450 participare.

2022 3469 2102 3523 Ad
2134 3468 2188 3523 id
2218 3469 2359 3539 quod
2391 3469 2516 3523 boni
2538 3470 2775 3539 speciem
2790 3484 2910 3539 prae
2932 3484 2989 3523 se
3016 3470 3144 3539 fert.
3178 3467 3601 3535 Nota,abuten-

1952 3560 2073 3611 tem
2107 3558 2190 3611 ira
2221 3557 2335 3612 dici
2368 3557 2710 3628 participem
2744 3555 3207 3626 boni,quatenus
3241 3562 3506 3611 movetur
3529 3557 3600 3611 ad

1954 3647 2371 3701 correctionem
2406 3663 2606 3701 eorum
2642 3662 2769 3718 quas
2807 3646 2960 3700 mala
3012 3645 3322 3714 videntur;
3355 3645 3438 3700 ita
3469 3660 3603 3716 pes-

1954 3736 2116 3790 simae
2141 3752 2242 3790 seu
2268 3734 2699 3790 scelestissimae
2731 3735 2982 3806 cupidus
3032 3734 3158 3789 vita:
3205 3735 3357 3789 bono
3408 3734 3594 3806 parti-

1952 3825 2127 3894 cipat,
2163 3828 2454 3895 quatenus
2486 3825 2689 3889 vitam,
2742 3841 2868 3895 quas
2920 3824 3142 3895 optima
3189 3822 3301 3895 ipsi
3346 3824 3595 3891 videtur,

1952 3913 2151 3984 cupit;
2184 3918 2360 3984 atque
2392 3913 2441 3969 is
2482 3913 2581 3985 qui
2613 3913 2833 3967 malum
2878 3912 3273 3984 persequitur,
3307 3918 3600 3983 quatenus

1950 4001 2179 4057 videtur
2210 4002 2451 4057 honeste
2484 4003 2693 4068 facere,
2726 4002 2861 4056 boni
2894 4002 2958 4055 fit
2988 4002 3300 4072 particeps.

2023 4092 2178 4147 I50
2228 4092 2380 4146 Sicut
2427 4093 2591 4145 etiam
2646 4093 2886 4145 morbus.
2938 4089 3172 4145 Clarum
3206 4094 3295 4145 est
3327 4090 3597 4146 morbum

1950 4196 2079 4235 esse
2110 4181 2401 4235 defectum
2431 4179 2724 4241 sanitatis,
2759 4184 2813 4233 et
2854 4195 3159 4233 excessum
3194 4178 3595 4234 materialium

1951 4284 2285 4340 corporum,
2322 4284 2511 4338 neque
2544 4284 2903 4332 mensuram,
2960 4283 3145 4336 neque
3198 4266 3463 4321 ordinem
3498 4268 3598 4321 ha-

1951 4358 2208 4425 bentem,
2242 4358 2343 4412 sed
2378 4373 2479 4427 per
2508 4356 2914 4427 intemperiem
2946 4355 3121 4410 unius
3180 4355 3433 4408 materiae
3467 4372 3594 4426 qua:

1949 4448 2095 4501 bene
2126 4448 2512 4501 constitutum
2545 4445 2894 4517 perturbans
2936 4449 3461 4515 temperamentum
3496 4458 3595 4515 ge-

1948 4539 2109 4590 neret
2141 4536 2411 4589 morbum
2444 4553 2457 4601 ;
2489 4539 2732 4589 eatenus
2766 4534 2947 4604 igitur
2979 4533 3218 4589 morbus
3268 4537 3356 4589 est
3386 4534 3443 4587 in
3468 4550 3593 4589 cor-

218 4620 266 4672 τὸ
293 4627 440 4696 σῶμα
470 4623 799 4678 συνίσταται·
835 4623 883 4679 εἴ
930 4625 1031 4699 γὰρ
1081 4623 1353 4692 παντελὴς
1399 4622 1647 4697 ἀμετρία,
1683 4621 1833 4676 λύσει

1964 4628 2403 4695 pore,quatenus
2436 4621 2868 4694 aliquantulum
2894 4623 3033 4677 ordo
3066 4623 3283 4690 deﬁcit,
3304 4627 3359 4678 et
3384 4640 3594 4694 corpus

218 4709 266 4761 τὸ
292 4716 457 4784 σῶμα,
488 4714 732 4768 τουτέσνι
766 4718 869 4767 τῶν
918 4712 1061 4768 ὅλων
1111 4714 1210 4782 τὴν
1260 4712 1430 4783 τάξιν,
1482 4712 1635 4781 καὶὴ
1679 4712 1835 4774 νόσος

222 4797 519 4873 ἀφανίζεται,
568 4806 665 4856 τοῦ
710 4803 962 4874 σώματος
1014 4799 1288 4874 λυομένου
1339 4800 1390 4856 ἐν
1436 4802 1481 4868 ᾧ
1526 4803 1837 4872 συνεστήκει

221 4887 247 4951 ἡ
273 4889 428 4953 νόσος·
463 4889 605 4945 οὕτω
636 4892 724 4945 καὶ
756 4891 844 4945 ἐπὶ
887 4895 984 4945 τοῦ
1028 4890 1229 4967 ἀγαθοῦ
1260 4889 1311 4944 ἐν
1365 4891 1475 4963 ὅσῳ
1525 4891 1752 4959 σώζεται
1782 4890 1835 4945 ἐν

220 4976 349 5047 ἡμῖν,
379 4976 590 5056 ,ἔχομεν
639 4980 877 5051 ἐξουσίαν
923 4983 1176 5057 πράττειν
1226 4982 1315 5035 καὶ
1361 4982 1424 5035 τὸ
1472 4981 1655 5035 κακόν⁹
1711 4982 1834 5058 ἀφι-

226 5067 461 5140 σταμένου
491 5071 591 5147 γὰρ
622 5074 720 5126 τοῦ
750 5072 973 5147 ἀγαθοῦ,
1008 5067 1133 5127 οὔτε
1156 5070 1321 5127 κακὸν
1378 5068 1518 5125 ἔστιν
1554 5069 1726 5145 εὑρεῖν
1780 5069 1831 5124 ἐν

220 5156 349 5229 ἡμῖν.

268 5248 326 5301 Τὸ
352 5251 445 5324 γὰρ
483 5252 658 5322 πάντη
716 5248 968 5327 ἄμοιρον.
999 5251 1061 5309 Ὀ
1109 5250 1309 5313 σκοπὸς
1362 5253 1461 5305 τοῦ
1512 5248 1658 5313 θείου
1711 5257 1831 5304 Διο-

213 5334 369 5392 νυσίου
396 5338 453 5395 ἐκ
501 5338 729 5397 πολλῶν
780 5342 977 5419 σαφής*
1027 5340 1341 5418 μαχόμενος
1368 5344 1485 5403 ταῖς
1512 5359 1675 5395 τινων
1705 5338 1830 5397 Ἑλ-

1948 4712 2220 4768 consistit
2248 4732 2258 4767 :
2293 4712 2343 4767 si
2370 4712 2524 4767 enim
2546 4712 2840 4783 perfectus
2864 4712 2941 4765 sit
2973 4728 3266 4767 mensurze
3296 4728 3592 4777 excessus,

1949 4819 2163 4873 corpus
2189 4800 2488 4870 dissolvet,
2520 4800 2577 4854 id
2619 4804 2707 4855 est
2737 4801 2991 4855 materias
3044 4800 3598 4867 ordinem,destrui-

1949 4897 2162 4964 turque
2179 4891 2738 4961 morbus,dissoluto
2755 4908 2995 4964 corpore
3020 4892 3076 4946 in
3102 4909 3217 4962 quo
3238 4890 3595 4957 constiterat;

1948 4982 2030 5037 ita
2059 4982 2235 5037 etiam
2269 4983 2325 5036 in
2362 4983 2512 5036 bono
2544 4984 2837 5051 quatenus
2870 4981 2927 5035 in
2964 4981 3135 5035 nobis
3193 4982 3593 5042 conservatur,

1946 5075 2296 5143 potestatem
2310 5069 2862 5125 habemusfaciendi
2884 5070 3059 5125 etiam
3081 5067 3302 5123 malum
3328 5067 3596 5133 ;absente

1944 5161 2098 5216 enim
2133 5160 2301 5231 bono,
2328 5159 2550 5215 malum
2583 5159 2643 5214 in
2671 5158 2839 5213 nobis
2872 5175 2987 5213 non
3020 5156 3362 5229 reperietur.

2017 5249 2176 5324 Quod
2204 5250 2356 5307 enim
2380 5251 2603 5307 omnino
2632 5264 2827 5322 expers
2856 5252 2956 5304 est.
2990 5245 3216 5320 Scapus
3248 5246 3430 5302 divini
3458 5245 3594 5303 Dio-

1942 5340 2095 5412 nysii
2128 5356 2197 5397 ex
2226 5339 2431 5397 multis
2462 5343 2622 5413 patet
2654 5356 2667 5393 :
2700 5354 3052 5411 oppugnans
3088 5337 3245 5394 enim
3280 5337 3594 5411 gentilium

1179 5594 1423 5655 VARle
1454 5593 1845 5652 LECTIONES
1873 5592 1965 5651 ET
1995 5589 2535 5650 CORRECTIONES

280 5740 317 5777 ’ί
347 5738 610 5817 ἐπιθυμεῖ.
