4080 6366
473 327 580 381 283

1296 332 1657 384 APPENDIX
1694 332 1789 383 AD
1829 327 2067 382 OPERA
2103 327 2162 379 S.
2202 325 2516 379 DIONYSII
2554 323 3054 379 AREOPAGITE.
3756 323 3849 377 284

478 451 872 522 quorumdam
904 450 1211 522 opiniones
1241 451 1312 506 de
1345 451 1520 520 malo,
1561 451 1704 506 dicit
1735 449 1952 506 malum
2003 464 2118 503 non

2238 444 2416 514 λήνων
2452 442 2627 514 δόξαις
2662 444 2785 519 περὶ
2834 448 2931 499 τοῦ
2971 447 3161 511 κακοῦ,
3210 440 3354 518 λέγει
3402 443 3447 478 ⁸³
3476 443 3578 517 γὰρ
3629 444 3701 514 μὴ
3732 444 3848 499 εἶναι

477 554 606 594 esse
639 555 742 593 ens
770 558 784 607 ;
815 538 1036 594 malum
1069 540 1226 594 enim
1273 539 1469 610 ipsum
1520 556 1761 610 prorsus
1808 535 2121 593 essentiale

477 645 591 682 non
625 633 824 698 posset
853 628 1155 697 exsistere,
1189 628 1302 683 nisi
1337 629 1646 684 universali
1702 627 1840 682 boni
1889 626 2117 680 defectu

479 717 739 771 totaliter
766 717 942 786 hujus
972 734 1174 789 expers
1199 723 1351 772 esset
1383 739 1395 785 ;
1431 717 1572 772 illud
1599 721 1791 772 autem
1825 730 2119 785 nusquam

480 810 568 858 est
599 805 872 876 reperire,
907 823 1097 877 neque
1147 807 1205 860 in
1257 807 1382 877 ipsa
1429 807 1663 862 informi
1711 804 1978 874 materia,
2011 801 2119 857 etsi

479 893 588 948 hoc
620 897 973 965 quibusdam
991 895 1615 966 gentiliumvideatur;
1653 893 1975 966 quodenim
2002 908 2120 946 om-

480 983 618 1038 nino
650 1000 682 1038 a
712 986 821 1038 Deo
845 986 1194 1055 productum
1215 985 1598 1056 est,quamvis
1617 985 1864 1038 obscure
1882 987 1936 1036 et
1964 985 2121 1052 post-

479 1087 661 1138 remo,
697 1071 1084 1128 nihilominus
1120 1074 1338 1128 bonum
1383 1073 1710 1144 participat.
1764 1071 1880 1126 Hoc
1922 1073 2121 1124 autem

481 1161 759 1232 deinceps
790 1161 849 1215 in
882 1162 1109 1218 decimo
1142 1163 1557 1234 disputationis
1584 1161 1763 1231 hujus
1787 1160 1976 1231 capite
1997 1174 2123 1230 per-

481 1251 626 1305 fecte
658 1252 1062 1318 demonstrat;
1096 1251 1312 1307 sienim
1329 1251 1551 1306 malum
1574 1267 1704 1306 cum
1729 1250 1880 1304 bono
1912 1248 2122 1303 misce-

483 1344 666 1405 retur,
698 1339 754 1394 id
788 1344 877 1395 et
906 1340 1119 1396 alicubi
1152 1341 1392 1412 quidem
1423 1357 1538 1395 non
1579 1358 1684 1396 ens
1731 1343 1887 1394 esset
1914 1338 1972 1392 in
2004 1337 2122 1392 exi-

481 1445 596 1500 guo
631 1429 766 1483 boni
801 1429 1028 1485 defectu
1053 1445 1066 1484 :
1097 1429 1308 1485 alicubi
1337 1435 1526 1485 autem
1544 1446 1657 1484 non
1677 1445 1781 1485 ens
1805 1432 1961 1484 esset
1985 1426 2124 1498 quia

483 1517 722 1572 omnino
753 1522 842 1573 est
872 1519 970 1588 qui
994 1517 1271 1588 facit,non
1304 1519 1413 1574 hoc
1443 1518 1706 1587 malum;
1741 1534 1855 1572 non
1880 1515 2036 1571 enim
2063 1515 2123 1569 in

482 1605 839 1674 aliquantulo
871 1607 1120 1673 defectu,
1153 1608 1256 1662 sed
1286 1608 1345 1661 in
1378 1606 1696 1662 universali
1726 1605 1864 1661 boni
1895 1604 2123 1659 defectu

482 1692 704 1749 malum
737 1695 1039 1764 consistit;
1060 1698 1211 1767 quod
1234 1696 1415 1767 igitur
1435 1712 1642 1768 parum
1667 1713 1699 1750 a
1721 1696 1874 1750 bono
1904 1694 2122 1760 deficit,

480 1798 597 1836 non
629 1787 718 1838 est
751 1784 970 1839 malum
999 1804 1012 1855 ;
1046 1790 1236 1856 potest
1256 1785 1411 1840 enim
1441 1785 1614 1840 etiam
1638 1783 1954 1854 perfectum
1974 1798 2122 1851 esse,

479 1873 855 1942 quantumad
887 1889 1054 1928 suam
1076 1877 1348 1928 naturam
1377 1892 1389 1942 ;
1424 1872 1646 1944 aliquid
1678 1871 1833 1927 enim
1853 1872 2120 1942 est,quod

480 1966 746 2033 respectu
779 1961 916 2016 boni
950 1961 1248 2031 deﬁciens,
1283 1966 1550 2034 respectu
1581 1978 1715 2017 vero
1745 1964 1968 2016 natura:
2006 1975 2122 2014 suae

478 2050 796 2120 perfectum
821 2049 1078 2121 sit,quod
1109 2052 1377 2122 equidem
1399 2052 1613 2107 bonum
1639 2053 2122 2121 est,nequaquam

479 2154 614 2192 vero
630 2137 850 2193 malum
877 2158 889 2206 ;
921 2144 1096 2212 atque
1119 2141 1260 2195 adeo
1275 2141 1563 2213 particeps
1578 2141 1840 2196 defectus
1855 2141 2118 2210 respectu

480 2226 653 2298 primi
678 2228 1006 2296 boni.Quod
1042 2245 1174 2285 vero
1208 2246 1319 2284 non
1344 2247 1587 2301 prorsus
1619 2245 1823 2300 expers
1845 2231 1934 2283 est
1963 2226 2120 2296 boni,

481 2317 581 2372 sed
601 2316 854 2388 amplius
871 2319 1150 2373 accedens
1165 2319 1236 2373 ad
1251 2319 1620 2383 malum,non
1641 2318 1880 2374 omnino
1900 2315 2119 2370 malum

482 2409 610 2474 est;
641 2405 794 2460 sicut
815 2407 1162 2479 etiamquod
1197 2408 1395 2463 minus
1411 2409 1480 2463 ad
1513 2409 1733 2463 bonum
1769 2403 2124 2470 accedit,ali-

482 2494 622 2566 quid
654 2495 791 2550 boni
821 2495 1203 2568 habet,atque
1233 2499 1302 2552 ab
1334 2497 1461 2569 ipso
1494 2495 1886 2552 substantiam
1919 2492 2075 2564 capit
2108 2509 2120 2547 :

481 2600 770 2656 suamque
801 2586 1185 2657 privationem
1217 2587 1472 2641 essentia
1496 2587 1844 2651 donat,dum
1866 2582 2126 2637 totaliter

483 2674 554 2730 de
583 2674 735 2729 bono
768 2679 989 2745 certat;
1023 2675 1070 2731 si
1094 2675 1249 2730 enim
1282 2691 1424 2748 pure
1456 2691 1522 2729 ac
1551 2675 1792 2729 omnino
1817 2672 1994 2728 fuerit
2023 2671 2125 2726 ab-

483 2763 675 2818 sentia
707 2763 864 2834 boni,
897 2769 1121 2820 certum
1155 2770 1243 2820 est
1284 2765 1436 2835 quod
1483 2768 1609 2818 tum
1662 2780 1774 2818 non
1807 2765 1884 2817 sit
1913 2762 1970 2816 in
2003 2764 2123 2815 toto

482 2852 924 2924 bonum,neque
953 2852 1194 2908 mistum
1209 2853 1426 2907 bonum
1442 2867 1648 2923 ,neque
1667 2867 1768 2923 per
1785 2867 1846 2906 se
1869 2849 2121 2916 malum;

481 2939 581 2994 ubi
596 2941 750 2995 enim
767 2959 880 2995 non
901 2946 991 2996 est
1012 2943 1450 3014 bonum,neque
1471 2946 1559 2996 est
1577 2940 1798 3012 aliquid
1821 2939 1878 2994 in
1895 2948 2121 3004 natura;

482 3030 774 3098 quomodo
806 3029 988 3101 igitur
1016 3030 1125 3084 erit
1156 3029 1380 3085 malum
1411 3048 1444 3084 a
1476 3029 1636 3085 nullo
1686 3028 1941 3084 essentia
1970 3027 2116 3083 I51

481 3117 762 3172 donatum
791 3137 803 3186 ;
841 3119 1005 3173 aufer
1035 3119 1190 3173 enim
1232 3134 1477 3190 corpora
1507 3122 1562 3174 et
1593 3119 1814 3183 lumen,
1847 3133 1952 3172 nec
1995 3119 2119 3171 tum

478 3207 588 3260 erit
622 3183 846 3262 umbra.
882 3207 1086 3277 Itaque
1124 3208 1279 3278 quod
1331 3183 1680 3278 simpliciter
1727 3204 1970 3274 malum,
2005 3221 2119 3259 non
2156 3183 2199 3250 Ο

479 3295 710 3350 exsistit
740 3311 843 3366 per
873 3311 955 3362 se,
991 3295 1091 3351 sed
1124 3296 1282 3350 velut
1308 3296 1366 3350 in
1421 3296 1684 3366 subjecto
1714 3315 1727 3363 ;
1763 3295 1985 3351 bonurn
2019 3310 2121 3348 au-

478 3387 622 3453 tem,
652 3383 827 3440 etiam
861 3384 1005 3440 ‘sine
1055 3384 1320 3455 subjecto
1374 3389 1645 3440 naturam
1698 3383 1870 3439 habet
1900 3387 1957 3438 et
1985 3399 2121 3436 con-

482 3477 768 3543 servatur,
820 3490 885 3529 ac
916 3473 1062 3528 illud
1093 3490 1195 3546 per
1238 3491 1300 3529 se
1349 3474 1598 3542 bonum;
1655 3473 1875 3529 malum
1925 3477 2123 3527 autem

481 3561 607 3617 sine
621 3563 884 3632 subjecto
908 3564 1066 3635 quod
1091 3580 1123 3617 a
1143 3563 1712 3631 bonoconservatur;
1747 3562 1946 3618 omnia
1967 3561 2122 3617 enim

480 3654 645 3705 extra
674 3651 871 3722 ipsum
908 3667 1096 3722 neque
1139 3656 1305 3720 sunt,
1336 3669 1527 3723 neque
1576 3656 1880 3724 apparent,
1936 3667 2124 3722 neque

483 3744 974 3811 corrumpuntur;
1011 3758 1146 3795 nam
1178 3742 1276 3810 qui
1308 3741 1609 3809 fiat,nullo
1640 3742 1957 3797 exsistente
1985 3740 2123 3795 sub-

477 3829 674 3899 jecto?
705 3830 805 3884 sed
848 3846 1088 3901 prorsus
1113 3829 1454 3886 exsistentia
1499 3834 1676 3900 caret,
1720 3847 1824 3886 nec
1875 3845 2125 3900 usquam

486 3923 596 3974 est.

556 4011 623 4063 Et
645 4012 850 4062 statum
881 4008 999 4063 dat.
1031 4010 1091 4064 Id
1122 4012 1213 4064 est
1246 4009 1386 4065 facit
1417 4015 1481 4065 ut
1512 4009 1733 4064 malum
1758 4009 1835 4064 sit
1856 4008 2130 4064 substan-

481 4096 652 4152 tia.Si
678 4097 835 4152 enim
869 4098 1091 4153 malum
1123 4100 1204 4154 sit
1232 4098 1478 4172 privatio
1500 4098 1658 4167 boni,
1693 4099 1912 4154 bonum
1931 4101 2125 4152 autem

485 4187 576 4240 sui
608 4186 992 4256 privationem
1025 4187 1218 4256 faciat,
1260 4207 1402 4244 sane
1432 4189 1679 4245 existere
1711 4187 1849 4244 facit
1881 4185 2128 4256 malum,

484 4275 644 4347 quod
676 4280 765 4331 est
795 4276 932 4332 boni
966 4278 1239 4347 privatio.

555 4365 785 4420 Omnino
839 4381 938 4436 per
993 4369 1084 4422 sui
1143 4369 1717 4423 communicat.onem.
1783 4364 2130 4421 Particulari

487 4454 625 4507 boni
658 4453 1129 4525 participatione,
1160 4455 1337 4510 etiam
1390 4455 1771 4527 privationem
1819 4455 1948 4525 ejus
1979 4454 2128 4510 exsi-

483 4546 658 4596 stare.

561 4630 792 4697 Quando
821 4630 950 4686 alii:
981 4632 1200 4703 quidem
1229 4635 1442 4689 malum
1482 4641 1575 4689 est.
1610 4633 1704 4688 Ha:
1737 4633 1956 4706 species
1991 4639 2133 4689 sunt

489 4718 811 4789 mali,sicut
841 4725 1012 4776 antea
1034 4721 1293 4777 diximus
1318 4740 1331 4790 ;
1367 4739 1481 4777 non
1514 4723 1671 4777 enim
1703 4723 2012 4779 essentiale
2031 4740 2134 4795 per

484 4826 546 4864 se
589 4807 1000 4881 malum,quod
1022 4828 1134 4866 non
1163 4815 1293 4879 est;
1326 4829 1462 4866 nam
1506 4812 1678 4867 alicui
1714 4812 1936 4868 malum
1979 4830 2130 4884 esse,

486 4898 642 4968 quod
659 4897 1409 4971 voluptatiturpitanquam
1434 4900 1585 4954 bono
1627 4898 1801 4954 alicui
1850 4899 2130 4965 adhaeret,

487 5004 602 5042 non
627 4993 716 5042 est
739 5003 840 5058 per
861 4987 960 5042 sed
987 4989 1340 5057 malum,sed
1367 4989 1591 5059 species
1615 4988 1773 5057 mali;
1797 4990 1949 5059 quod
1974 4989 2130 5043 enim

490 5076 732 5132 omnino
765 5077 1010 5147 malum,
1043 5076 1190 5132 illud
1225 5093 1340 5131 non
1373 5079 1624 5143 exsistit,
1673 5079 1948 5150 quoniam
1981 5079 2132 5135 exsi-

483 5166 713 5231 stendo,
742 5166 1146 5238 participaret,
1179 5165 1291 5221 etsi
1330 5166 1389 5221 in
1446 5170 1702 5222 extremo
1734 5168 2002 5239 vestigio,
2033 5170 2132 5223 bo-

487 5271 667 5323 num;
704 5254 833 5311 vide
864 5255 1022 5312 enim
1075 5255 1217 5326 quid
1271 5255 1521 5313 ulterius
1561 5273 1913 5330 progressus
1955 5258 2129 5315 dicat.

485 5345 631 5402 Nam
663 5345 710 5402 si
759 5347 960 5402 omnia
1007 5346 1161 5402 bono
1208 5346 1584 5420 participant,
1632 5365 1698 5405 ac
1746 5349 1806 5405 in
1857 5350 2133 5407 omnibus

2160 4557 2210 4620 Ι)

2229 535 2287 588 ὃν
2313 535 2375 588 τὸ
2406 533 2588 589 κακόν.
2637 523 2817 589 Κακδν
2865 533 2966 610 γὰρ
3017 532 3149 587 αὐτὸ
3197 532 3436 604 καθάπαξ
3485 529 3736 594 οὐσιῶδες
3764 532 3850 587 οὐκ

2231 621 2288 676 ἂν
2323 621 2428 693 εἶἠ,
2461 623 2504 677 εἰ
2542 625 2617 696 μὴ
2667 624 2892 678 τὸκατά
2938 620 3178 690 παντελῆ
3233 618 3481 694 ἔλλειψιν
3534 624 3628 674 τοῦ
3675 621 3851 694 ἀγαθοῦ

2230 711 2549 787 ὁλοσχερῶς
2585 711 2815 788 ἄμοιρον
2868 713 2925 765 ’ὀν
2978 710 3195 766 τούτου·
3242 714 3402 765 τοῦτο
3443 712 3543 785 γὰρ
3597 709 3691 765 οὐκ
3726 709 3848 766 ἔστιν

2231 798 2474 873 οὐδαμοῦ
2533 801 2725 878 εὑρεῖν,
2790 798 2919 855 οὐδὲ
2977 801 3027 855 ἐν
3081 803 3148 874 τῇ
3182 797 3285 873 ὕλῃ
3331 798 3466 872 αὐτῇ
3513 803 3580 872 τῇ
3623 798 3849 873 ἀνειδὲῳ,

2229 889 2324 943 κᾶν
2373 892 2534 944 τοῦτό
2581 912 2689 944 τισι
2733 895 2840 945 τῶν
2875 888 3159 959 Ἑλλήνων
3209 885 3365 963 δοκῇ²
3398 889 3426 944 ὃ
3457 889 3557 964 γὰρ
3591 887 3730 953 δλως
3761 891 3850 946 ὑπὸ

2232 983 2365 1034 Θεοῦ
2416 986 2710 1055 παρῆκται.
2762 978 2857 1034 κᾶν
2906 976 3164 1053 ἀμυδρῶς
3205 977 3293 1032 καί
3333 977 3594 1052 ἐσχάτως,
3647 981 3854 1053 μετέσχε

2233 1064 2278 1122 δ’
2312 1069 2401 1121 οῦν
2449 1067 2601 1141 ὅμως
2633 1072 2728 1122 τοῦ
2775 1069 2998 1144 ἀγαθοῦ.
3032 1070 3208 1124 Τοῦτο
3259 1064 3315 1122 δὲ
3345 1067 3552 1142 προϊὼν
3602 1067 3650 1121 ἐν
3676 1072 3749 1139 τῷ
3778 1065 3853 1122 δε-

2230 1155 2379 1229 κάτῳ
2434 1156 2718 1235 κεφαλαίῳ
2773 1157 2972 1213 τούτου
3028 1158 3124 1212 τοῦ
3176 1151 3582 1232 προϐλήματος
3649 1154 3852 1218 τελείως

2232 1243 2625 1302 ἀποδείκνυσιν·
2654 1246 2702 1301 εἷ’
2731 1249 2836 1323 γὰρ
2887 1247 3075 1320 μικτὸν
3125 1244 3208 1316 εἷή
3239 1250 3321 1317 τῶ
3372 1246 3554 1321 ἀγαθῷ
3581 1246 3642 1300 τὸ
3689 1246 3850 1302 κακὸν.

2230 1337 2495 1406 τουτέστι,
2528 1342 2604 1402 πῆ
2639 1338 2733 1410 μὶν
2773 1339 2846 1412 μὴ
2881 1339 2937 1392 ’ὀν
2972 1335 3061 1392 διὰ
3105 1343 3205 1399 τῖς
3239 1335 3322 1391 ἐπ’
3363 1335 3546 1410 ὀλίγον
3579 1334 3853 1409 ἐλλείψεως

2233 1431 2329 1481 τοῦ
2387 1429 2612 1502 ἀγαθοῦ,
2670 1433 2744 1496 πῆ
2809 1425 2866 1481 Si
2926 1440 3002 1500 μη
3060 1427 3119 1482 ’ὸν
3173 1423 3263 1480 διὰ
3304 1427 3366 1480 τὸ
3413 1427 3547 1480 εἷναι
3595 1424 3732 1486 ὅλως
3772 1426 3852 1480 τόν

2231 1520 2509 1586 ποιοῦντα,
2572 1517 2635 1570 οὐ
2678 1516 2841 1571 κακὸν
2886 1519 3082 1570 τοῦτο·
3139 1515 3205 1569 οὐ
3255 1514 3358 1588 γὰρ
3409 1514 3461 1568 ἐν
3510 1517 3577 1586 τῇ
3628 1515 3853 1568 ὁπωσοῦν

2233 1604 2501 1679 ἐλλείψει,
2533 1602 2658 1661 ἀλλ’
2691 1604 2740 1660 ἐν
2773 1608 2841 1678 τῇ
2887 1601 3142 1659 παντελεῖ
3173 1602 3416 1677 ἐλλείψει
3463 1607 3560 1657 τοῦ
3592 1604 3778 1678 ἀγαθοῦ
3803 1602 3856 1656 τὸ

2231 1694 2415 1751 κακόν.
2448 1696 2518 1748 Τὸ
2548 1698 2675 1770 γοῦν
2705 1692 2965 1750 ἐλλεῖπον
3000 1693 3188 1768 ὀλίγον
3240 1696 3337 1748 τοῦ
3368 1693 3569 1765 ἀγαθοῦ
3600 1691 3664 1744 οὐ
3689 1691 3854 1744 κακόν·

2235 1781 2453 1839 δύναται
2501 1784 2601 1860 γὰρ
2650 1785 2739 1839 καὶ
2791 1782 2998 1838 τέλειον
3051 1783 3177 1838 εἶναι
3220 1782 3294 1845 ὡς
3342 1781 3480 1853 πρὸς
3525 1782 3623 1850 τὴν
3690 1782 3859 1834 ἑαυτοῦ

2233 1873 2410 1948 φύσιν·
2440 1872 2552 1928 ἔστι
2589 1873 2682 1947 μὲν
2733 1874 2836 1950 γάρ
2888 1894 2940 1927 τι
2991 1873 3063 1934 ὡς
3111 1872 3247 1947 πρὸς
3303 1871 3397 1944 μὶν
3438 1871 3502 1925 τὸ
3555 1870 3743 1944 ἀγαθὸν
3775 1865 3859 1924 ἰλ-

2233 1963 2411 2032 λιπὶς,
2468 1964 2540 2025 ὡς
2593 1959 2649 2016 δὶ
2696 1962 2832 2035 πρὸς
2869 1963 2965 2030 τὴν
3021 1963 3212 2016 ἑαυτοῦ
3261 1959 3416 2038 φύσιν
3466 1957 3687 2026 τέλειον,
3719 1959 3745 2012 ὃ
3791 1954 3849 2025 δὴ

2231 2051 2426 2125 ἀγαθὸν
2464 2053 2558 2124 μὶν
2591 2050 2724 2123 ἔστι,
2755 2051 2920 2106 κακὸν
2969 2048 3027 2106 δὲ
3075 2048 3350 2124 οὗδαμῶς’
3383 2049 3561 2104 καίτοι
3603 2069 3659 2102 τε
3687 2045 3849 2103 ἰλλεί-

2231 2142 2375 2212 ψεως
2409 2140 2638 2214 μετέχον
2674 2141 2746 2202 ὡς
2781 2141 2917 2216 πρὸς
2967 2140 3027 2194 τὸ
3070 2143 3286 2212 πρῶτον
3321 2137 3542 2215 ἀγαθόν.
3586 2137 3661 2195 Τὸ
3693 2134 3744 2190 δὲ
3786 2135 3851 2207 μὴ

2229 2230 2509 2290 παντελῶς
2554 2227 2784 2304 ἄμοιρον
2829 2230 2925 2283 τοῦ
2973 2230 3200 2304 ἀγαθοῦ,
3252 2226 3399 2283 ἀλλὰ
3445 2226 3581 2282 κατὰ
3609 2227 3667 2280 τὸ
3704 2223 3853 2280 πλέον

2231 2315 2444 2392 ἐγγίζον
2489 2321 2569 2388 τῷ
2615 2321 2764 2388 κακῷ
2812 2320 2878 2388 ⁸³,
2908 2315 2968 2370 οὗ
3016 2318 3193 2387 πάντη
3246 2315 3434 2370 κακόν·
3489 2310 3666 2387 ὥσπερ
3694 2313 3856 2368 καὶτὸ

2231 2404 2452 2463 ἔλαττον
2487 2406 2701 2482 ἐγγίζον
2750 2411 2826 2479 τῷ
2871 2408 3077 2482 ἀγαθῷ,
3127 2403 3242 2481 ἔχει
3285 2427 3336 2460 τι
3379 2409 3478 2460 τοῦ
3530 2406 3740 2480 ἀγαθοῦ,
3782 2400 3858 2456 καί

2232 2497 2506 2551 οὐσιοῦται
2557 2495 2609 2566 ἐξ
2653 2495 2839 2565 αὐτοῦ,
2871 2496 2962 2550 καὶ
3008 2497 3109 2564 τὴν
3155 2499 3200 2532 ⁹⁴
3249 2495 3440 2549 ἑαυτοῦ
3490 2495 3730 2569 στέρησιν
3772 2491 3859 2544 οὐ·

2231 2591 2342 2640 σιοῖ
2372 2584 2424 2640 ἂν
2473 2590 2552 2657 τῷ
2602 2582 2749 2646 ὅλως
2803 2583 3071 2659 μάχεσθαι
3103 2587 3146 2620 θ’
3171 2583 3231 2638 ἐκ
3273 2588 3370 2638 τοῦ
3419 2584 3636 2656 ἀγαθοῦ·
3687 2581 3731 2635 εἲ
3768 2579 3856 2655 γὰρ

2231 2674 2478 2747 ἀκράτως
2527 2675 2614 2728 καὶ
2668 2672 2951 2735 παντελῶς
2997 2673 3233 2727 ἀπουσία
3285 2671 3367 2741 εἴη
3400 2676 3499 2725 τοῦ
3530 2671 3742 2746 ἀγαθοῦ,
3773 2667 3859 2738 δῆ-

2234 2760 2330 2817 λον
2364 2763 2438 2824 ὡς
2473 2759 2596 2816 οὔτε
2626 2763 2742 2824 καθ’
2791 2762 2923 2817 ὅλου
2973 2761 3192 2837 ἀγαθὸν,
3245 2757 3369 2814 οὔτε
3419 2761 3608 2832 μικτὸν
3659 2757 3854 2833 ἀγαθὸν,

2234 2849 2356 2906 οὕτε
2408 2851 2733 2906 αὐτόκακον·
2781 2847 2905 2914 ἔνθα
2940 2850 3041 2925 γὰρ
3088 2850 3189 2904 οὐκ
3237 2844 3348 2903 ἔστι
3399 2852 3465 2903 τὸ
3512 2847 3728 2922 ἀγαθὸν,
3758 2841 3857 2899 οὐδ’

2232 2940 2344 2996 ἐστί
2387 2961 2439 2994 τι
2490 2940 2540 2993 ἐν
2588 2943 2656 3012 τῇ
2705 2939 2880 3017 φύσει.
2932 2942 3055 3001 Πῶς
3109 2939 3200 2993 οὗν
3257 2941 3299 2976 ⁸⁸
3332 2932 3484 2992 ἔσται
3514 2936 3576 2992 τὸ
3605 2936 3757 2991 κακὸν
3789 2936 3855 3007 μὴ

2233 3026 2335 3085 ὖπὸ
2361 3049 2508 3092 τινος
2538 3027 2892 3101 οὐσιούμενον
2922 3047 2935 3096 ;
2969 3025 3124 3083 ἄνελε
3159 3028 3262 3102 γὰρ
3312 3025 3379 3080 τὰ
3429 3027 3654 3099 σώματα
3696 3023 3777 3078 καὶ
3803 3023 3857 3076 τὸ

2233 3124 2370 3196 φῶς,
2401 3119 2492 3173 καὶ
2545 3118 2642 3172 οὐκ
2693 3114 2838 3172 ἔσται
2893 3116 3035 3172 σκιά.
3095 3116 3300 3171 Οὐκοῦν
3362 3115 3464 3170 οὐκ
3511 3116 3567 3169 ’ὃν
3614 3114 3673 3168 τὸ
3713 3111 3859 3166 κακὸν

2235 3207 2446 3277 ἁπλῶς,
2497 3205 2624 3261 ἀλλ’
2671 3207 2744 3269 ὡς
2798 3206 2849 3261 ἐν
2902 3203 3271 3278 ὕποκειμίνῳ·
3325 3202 3386 3258 1:6
3441 3201 3497 3258 δὶ
3543 3202 3735 3278 ἀγαθὸν
3780 3199 3858 3253 καὶ

2234 3295 2366 3372 δίχα
2411 3301 2508 3351 τοῦ
2559 3294 2921 3368 ὑποκειμένου
2976 3295 3068 3349 καὶ
3127 3294 3282 3371 φύσιν
3330 3292 3450 3368 ἔχει
3498 3292 3586 3347 καὶ
3633 3290 3859 3359 σώζεται,

2231 3385 2322 3442 καῖ
2369 3384 2497 3440 αὐτὸ
2545 3386 2665 3448 καθ’
2717 3383 2874 3439 ἑαυτὸ
2921 3383 3139 3460 ἀγαθόν·
3189 3384 3252 3438 τὸ
3297 3380 3355 3437 δὲ
3402 3383 3568 3438 κακὸν
3619 3378 3739 3456 δίχα
3781 3380 3863 3431 τοῦ

2234 3475 2594 3547 ὑποκειμένου
2671 3478 2768 3528 τοῦ
2845 3473 2948 3528 ὐπὸ
3023 3474 3120 3528 τοῦ
3174 3473 3371 3548 ἀγαθοῦ
3433 3467 3861 3541 φυλαττομὲνουο

2232 3564 2402 3618 πάντα
2458 3565 2561 3638 γὰρ
2613 3563 2664 3634 ἐξ
2714 3559 2876 3617 αὐτοῦ
2925 3561 3052 3616 οὕτε
3103 3560 3269 3631 ἔστὶν,
3302 3557 3428 3615 οὔτε
3473 3560 3726 3638 φαίνεται,
3755 3551 3864 3609 οὔτε

2235 3653 2524 3729 φθείρεται·
2584 3656 2700 3713 πῶς
2756 3653 2883 3726 γὰρ,
2949 3652 3023 3723 μὴ
3077 3647 3234 3712 ὄντος
3281 3648 3641 3723 ὖποκειμὲνου
3689 3644 3860 3711 τινόςς

2236 3741 2382 3797 ἀλλὰ
2436 3740 2720 3805 παντελῶς
2770 3739 3147 3814 ἀνύπαρκτον,
3203 3739 3293 3794 καὶ
3353 3738 3570 3813 οὐδαμῆ
3629 3733 3860 3807 οὐδαμῶς

2237 3827 2318 3889 ὅν.

2307 4010 2408 4066 Καὶ
2459 4011 2656 4069 οὐσιοῖ.
2701 4007 2983 4064 Τουτέστιν
3033 4009 3216 4063 οὖσιοῖ
3262 4009 3324 4063 τὸ
3370 4007 3559 4064 κακόν·
3593 4005 3636 4061 εἰ
3677 4005 3774 4080 γὰρ
3810 4001 3863 4056 τὸ

2237 4101 2401 4155 κακὸν
2449 4099 2700 4175 στέρησίς
2754 4096 2864 4152 ἐστι
2907 4100 3004 4152 τοῦ
3045 4097 3273 4172 ἀγαθοῦ,
3320 4096 3382 4151 τὸ
3441 4094 3499 4151 δὲ
3545 4094 3735 4172 ἀγαθὸν
3787 4089 3864 4145 οὐ·

2240 4196 2350 4244 σιοῖ
2377 4190 2475 4258 τὴν
2531 4189 2722 4243 ἑαυτοῦ
2755 4186 3019 4263 στέρησιν,
3051 4187 3231 4241 οὐσιοῖ
3277 4184 3379 4262 ἀρα
3420 4186 3482 4241 τὸ
3526 4184 3709 4251 κακὸν,
3751 4181 3866 4254 ὅπερ

2239 4277 2488 4353 στέρησίς
2523 4277 2632 4332 ἐστι
2665 4281 2760 4332 τοῦ
2791 4276 3019 4352 ἀγαθοῦ.

2310 4370 2395 4440 Τῇ
2429 4365 2575 4428 ὅλως
2606 4364 2768 4420 αὐτοῦ
2822 4364 3046 4439 μεθέξει.
3079 4365 3203 4422 ’Ότι
3233 4367 3302 4438 τῇ
3334 4367 3532 4438 μερικῇ
3564 4366 3657 4420 τοῦ
3684 4359 3868 4436 ἀγαθοῦ

2244 4455 2473 4531 μεθέξει,
2506 4455 2596 4510 καὶ
2623 4458 2657 4524 ἡ
2690 4453 2940 4530 στέρησις
2972 4453 3135 4509 αὐτοῦ
3167 4453 3442 4512 οὐσίωται.

2311 4633 2497 4689 Ἡνίκα
2552 4637 2670 4696 τοῖς
2722 4634 2816 4706 μὶν
2865 4631 2976 4688 ἔστι
3023 4630 3207 4688 κακόν.
3253 4634 3430 4686 Ταῦτα
3483 4628 3600 4700 εἶ’δη
3644 4626 3740 4684 εἶσὶ
3783 4626 3867 4679 τοῦ

2241 4727 2430 4790 κακοῦ,
2463 4724 2536 4784 ὡς
2587 4721 2949 4796 προείπομεν*
2983 4721 3043 4776 οὑ
3090 4720 3188 4797 γὰρ
3237 4721 3300 4774 τὸ
3350 4716 3611 4780 οὐσιῶδες
3660 4713 3867 4797 αὐτόκα-

2240 4833 2358 4882 κον,
2390 4812 2417 4864 ’ὀ
2454 4807 2593 4884 μηδὲ
2623 4808 2756 4866 ἐστι.
2791 4811 2870 4868 Τὸ
2900 4810 3002 4886 γὰρ
3033 4796 3156 4864 τόδε
3208 4809 3337 4863 εἶναι
3369 4809 3553 4877 κακὸν,
3596 4803 3790 4876 ἡδονῆς
3819 4796 3868 4852 δὲ

2241 4901 2473 4976 αἰσχρᾶς
2502 4899 2576 4962 ὠς
2608 4899 2808 4975 ἀγαθοῦ
2855 4921 3001 4961 τινος
3033 4898 3375 4974 ἀντέχεσθαι,
3423 4896 3522 4952 οὐκ
3569 4893 3868 4961 αὖτόκακον,

2243 4990 2368 5046 ἀλλ’
2426 4987 2565 5051 εἶδος
2621 4993 2810 5045 κακοῦ·
2842 4990 2904 5043 τὸ
2955 4987 3055 5065 γὰρ
3117 4989 3296 5060 πάντη
3356 4989 3520 5042 κακὸν
3575 4984 3702 5040 αὐτὸ
3759 4977 3869 5036 οὔτε

2240 5079 2405 5149 ἐστὶν,
2455 5076 2644 5149 ἐπειδὴ
2702 5076 2944 5153 μετέχει,
2995 5076 3090 5133 κ’ἁν
3143 5080 3259 5133 κατ’
3307 5073 3540 5152 ἔσχατον
3589 5075 3869 5148 ἀπήχημα,

2240 5171 2336 5224 τοῦ
2394 5167 2617 5246 ἀγαθοῦ·
2676 5167 2776 5242 δρα
2831 5168 2954 5244 γὰρ,
3012 5168 3064 5223 τί
3123 5188 3255 5245 φησι
3304 5160 3742 5243 παρακατιὼνοεῖ
3780 5159 3867 5246 γὰρ

2240 5259 2414 5314 πάντα
2469 5259 2685 5334 μετέχει
2733 5262 2827 5312 τοῦ
2878 5257 3103 5332 ἀγαθοῦ,
3147 5257 3235 5311 καὶ
3287 5254 3338 5310 ἐν
3389 5260 3521 5310 πᾶσι
3578 5255 3692 5312 τοῖς
3739 5244 3870 5334 οῦσίν

2243 5348 2352 5403 ἐστι
2384 5347 2446 5402 τὸ
2472 5331 2717 5424 ἀγαθὸν,
2749 5347 2811 5402 τὸ
2859 5331 3046 5417 κακὸν,
3095 5342 3419 5423 προδήλως,
3450 5342 3485 5412 ἢ
3518 5343 3618 5398 οὐκ
3655 5336 3808 5408 “TW,
3837 5331 3868 5401 ἢ

1491 5509 1735 5568 νΑΒΙίΕ
1775 5511 2171 5570 LECTIONES
2209 5510 2302 5569 ET
2341 5509 2882 5569 CORRECTIONES

555 5636 600 5670 ⁹²
630 5632 867 5707 λέγεται.
944 5634 992 5669 ⁸³
1019 5630 1194 5704 καλῷ.
1272 5637 1317 5671 9‘
1343 5633 1497 5690 κατά.
1576 5638 1619 5672 ⁵⁸
1652 5634 1991 5711 μετίχεσθαι.
2069 5638 2112 5674 ⁸⁸
2141 5639 2246 5692 ποῦ
2277 5635 2392 5693 οῦν.
