  <div class='ocr_page' id='page_1' title='image "/cluster/home/n/w/nwhite01/storage/ocr_20150623/4/mdp.39015078384529/152.png"; bbox 0 0 4080 6366; ppageno 0'>
   <div class='ocr_carea' id='block_1_1' title="bbox 253 366 357 422">
    <p class='ocr_par' dir='ltr' id='par_1_1' title="bbox 253 366 357 422">
     <span class='ocr_line' id='line_1_1' title="bbox 253 366 357 422; baseline -0.01 0"><span class='ocrx_word' id='word_1_1' title='bbox 253 366 357 422; x_wconf 84' lang='grc'>285</span> 
     </span>
    </p>
   </div>
   <div class='ocr_carea' id='block_1_2' title="bbox 1016 372 1881 429">
    <p class='ocr_par' dir='ltr' id='par_1_2' title="bbox 1016 372 1842 429">
     <span class='ocr_line' id='line_1_2' title="bbox 1016 372 1842 429; baseline -0.001 -1"><span class='ocrx_word' id='word_1_2' title='bbox 1016 374 1073 428; x_wconf 81' lang='grc' dir='ltr'>Β.</span> <span class='ocrx_word' id='word_1_3' title='bbox 1115 372 1390 428; x_wconf 80' lang='grc' dir='ltr'>ΜΔΧΙΜῙ</span> <span class='ocrx_word' id='word_1_4' title='bbox 1427 373 1731 429; x_wconf 79' lang='lat' dir='ltr'>SCHOLIA</span> <span class='ocrx_word' id='word_1_5' title='bbox 1769 375 1842 427; x_wconf 81' lang='lat' dir='ltr'>IN</span> 
     </span>
    </p>
   </div>
   <div class='ocr_carea' id='block_1_3' title="bbox 1999 372 2914 429">
    <p class='ocr_par' dir='ltr' id='par_1_3' title="bbox 2003 372 2914 428">
     <span class='ocr_line' id='line_1_3' title="bbox 2003 372 2914 428; baseline -0.001 -2"><span class='ocrx_word' id='word_1_6' title='bbox 2003 414 2015 426; x_wconf 96' lang='lat'>.</span> <span class='ocrx_word' id='word_1_7' title='bbox 2056 375 2153 427; x_wconf 81' lang='lat' dir='ltr'>DE</span> <span class='ocrx_word' id='word_1_8' title='bbox 2189 373 2457 428; x_wconf 80' lang='lat' dir='ltr'>DIVIle</span> <span class='ocrx_word' id='word_1_9' title='bbox 2498 372 2914 427; x_wconf 69' lang='lat' dir='ltr'>NOMINIBUS.</span> 
     </span>
    </p>
   </div>
   <div class='ocr_carea' id='block_1_4' title="bbox 3554 364 3662 420">
    <p class='ocr_par' dir='ltr' id='par_1_4' title="bbox 3554 364 3662 420">
     <span class='ocr_line' id='line_1_4' title="bbox 3554 364 3662 420; baseline 0 -1"><span class='ocrx_word' id='word_1_10' title='bbox 3554 364 3662 420; x_wconf 82' lang='lat'>286</span> 
     </span>
    </p>
   </div>
   <div class='ocr_carea' id='block_1_5' title="bbox 251 489 1881 570">
    <p class='ocr_par' dir='ltr' id='par_1_5' title="bbox 251 489 1876 570">
     <span class='ocr_line' id='line_1_5' title="bbox 251 489 1876 570; baseline 0.002 -27"><span class='ocrx_word' id='word_1_11' title='bbox 251 489 299 544; x_wconf 74' lang='grc' dir='ltr'>ἰν</span> <span class='ocrx_word' id='word_1_12' title='bbox 330 494 411 561; x_wconf 75' lang='grc' dir='ltr'>τῷ</span> <span class='ocrx_word' id='word_1_13' title='bbox 442 490 633 565; x_wconf 85' lang='grc' dir='ltr'>ἀγαθῷ</span> <span class='ocrx_word' id='word_1_14' title='bbox 664 489 828 546; x_wconf 68' lang='grc' dir='ltr'>ἔστιν·</span> <span class='ocrx_word' id='word_1_15' title='bbox 864 489 992 548; x_wconf 76' lang='grc' dir='ltr'>οὔδὶ</span> <span class='ocrx_word' id='word_1_16' title='bbox 1020 490 1121 570; x_wconf 81' lang='grc' dir='ltr'>γὰρ</span> <span class='ocrx_word' id='word_1_17' title='bbox 1172 492 1329 569; x_wconf 79' lang='grc' dir='ltr'>φύσις</span> <span class='ocrx_word' id='word_1_18' title='bbox 1367 494 1537 570; x_wconf 89' lang='grc' dir='ltr'>πυρὸς</span> <span class='ocrx_word' id='word_1_19' title='bbox 1586 494 1648 550; x_wconf 82' lang='grc' dir='ltr'>τὸ</span> <span class='ocrx_word' id='word_1_20' title='bbox 1680 493 1876 569; x_wconf 76' lang='grc' dir='ltr'>ψύχειν</span> 
     </span>
    </p>
   </div>
   <div class='ocr_carea' id='block_1_6' title="bbox 1999 489 3659 570">
    <p class='ocr_par' dir='ltr' id='par_1_6' title="bbox 2016 491 3659 568">
     <span class='ocr_line' id='line_1_6' title="bbox 2016 491 3659 568; baseline -0.005 -17"><span class='ocrx_word' id='word_1_21' title='bbox 2016 512 2144 568; x_wconf 66' lang='lat' dir='ltr'>quae</span> <span class='ocrx_word' id='word_1_22' title='bbox 2174 496 2469 553; x_wconf 83' lang='lat' dir='ltr'>exsistunt</span> <span class='ocrx_word' id='word_1_23' title='bbox 2497 495 2718 551; x_wconf 91' lang='lat' dir='ltr'>bonum</span> <span class='ocrx_word' id='word_1_24' title='bbox 2750 492 2846 562; x_wconf 87' lang='lat' dir='ltr'>sit,</span> <span class='ocrx_word' id='word_1_25' title='bbox 2871 491 3249 549; x_wconf 80' lang='lat' dir='ltr'>manifestum</span> <span class='ocrx_word' id='word_1_26' title='bbox 3279 492 3385 560; x_wconf 88' lang='lat' dir='ltr'>est,</span> <span class='ocrx_word' id='word_1_27' title='bbox 3411 491 3511 545; x_wconf 80' lang='lat' dir='ltr'>aut</span> <span class='ocrx_word' id='word_1_28' title='bbox 3544 501 3659 543; x_wconf 87' lang='lat' dir='ltr'>ma-</span> 
     </span>
    </p>
   </div>
   <div class='ocr_carea' id='block_1_7' title="bbox 251 576 1900 658">
    <p class='ocr_par' dir='ltr' id='par_1_7' title="bbox 251 576 1900 658">
     <span class='ocr_line' id='line_1_7' title="bbox 251 576 1888 633; baseline 0.003 -1"><span class='ocrx_word' id='word_1_29' title='bbox 251 578 292 632; x_wconf 72' lang='grc' dir='ltr'>εἰ</span> <span class='ocrx_word' id='word_1_30' title='bbox 325 576 380 633; x_wconf 73' lang='grc' dir='ltr'>δὲ</span> <span class='ocrx_word' id='word_1_31' title='bbox 432 576 465 633; x_wconf 72' lang='grc' dir='ltr'>ἃ</span> <span class='ocrx_word' id='word_1_32' title='bbox 756 580 769 601; x_wconf 90' lang='grc'><em>’</em></span> <span class='ocrx_word' id='word_1_33' title='bbox 998 583 1011 601; x_wconf 77' lang='grc'><strong><em>⁷</em></strong></span> <span class='ocrx_word' id='word_1_34' title='bbox 1119 579 1129 599; x_wconf 88' lang='grc'><em>’</em></span> <span class='ocrx_word' id='word_1_35' title='bbox 1341 588 1365 597; x_wconf 78' lang='grc'>’⁸</span> <span class='ocrx_word' id='word_1_36' title='bbox 1523 583 1535 604; x_wconf 89' lang='grc'><strong><em>’</em></strong></span> <span class='ocrx_word' id='word_1_37' title='bbox 1617 588 1639 598; x_wconf 62' lang='grc'>⁸</span> <span class='ocrx_word' id='word_1_38' title='bbox 1792 583 1804 601; x_wconf 77' lang='lat'><strong>‘</strong></span> <span class='ocrx_word' id='word_1_39' title='bbox 1877 582 1888 597; x_wconf 77' lang='grc'><em>“</em></span> 
     </span>
     <span class='ocr_line' id='line_1_8' title="bbox 470 580 1900 658; baseline 0.002 -24"><span class='ocrx_word' id='word_1_40' title='bbox 470 581 651 655; x_wconf 82' lang='grc' dir='ltr'>ρξεται</span> <span class='ocrx_word' id='word_1_41' title='bbox 701 584 922 656; x_wconf 72' lang='grc' dir='ltr'>ψυχειν,</span> <span class='ocrx_word' id='word_1_42' title='bbox 954 602 1056 637; x_wconf 86' lang='grc' dir='ltr'>ουκ</span> <span class='ocrx_word' id='word_1_43' title='bbox 1103 580 1249 638; x_wconf 68' lang='grc' dir='ltr'>ἔσται</span> <span class='ocrx_word' id='word_1_44' title='bbox 1298 604 1425 658; x_wconf 87' lang='grc' dir='ltr'>πυρ.</span> <span class='ocrx_word' id='word_1_45' title='bbox 1471 588 1672 639; x_wconf 88' lang='grc' dir='ltr'>Ουκουν</span> <span class='ocrx_word' id='word_1_46' title='bbox 1719 604 1807 637; x_wconf 87' lang='grc' dir='ltr'>και</span> <span class='ocrx_word' id='word_1_47' title='bbox 1837 604 1900 637; x_wconf 91' lang='grc' dir='ltr'>το</span> 
     </span>
    </p>
   </div>
   <div class='ocr_carea' id='block_1_8' title="bbox 250 668 1897 749">
    <p class='ocr_par' dir='ltr' id='par_1_8' title="bbox 250 668 1897 749">
     <span class='ocr_line' id='line_1_9' title="bbox 250 668 1897 749; baseline 0.003 -28"><span class='ocrx_word' id='word_1_48' title='bbox 250 669 432 737; x_wconf 77' lang='grc' dir='ltr'>κακὸν,</span> <span class='ocrx_word' id='word_1_49' title='bbox 483 668 572 723; x_wconf 73' lang='grc' dir='ltr'>ἐὰν</span> <span class='ocrx_word' id='word_1_50' title='bbox 630 671 725 743; x_wconf 77' lang='grc' dir='ltr'>μὶν</span> <span class='ocrx_word' id='word_1_51' title='bbox 773 670 982 745; x_wconf 79' lang='grc' dir='ltr'>ὕπεστι,</span> <span class='ocrx_word' id='word_1_52' title='bbox 1041 674 1260 747; x_wconf 85' lang='grc' dir='ltr'>μετέχει</span> <span class='ocrx_word' id='word_1_53' title='bbox 1310 672 1570 749; x_wconf 77' lang='grc' dir='ltr'>ἀμυδρῶς</span> <span class='ocrx_word' id='word_1_54' title='bbox 1614 676 1714 727; x_wconf 88' lang='grc' dir='ltr'>τοῦ</span> <span class='ocrx_word' id='word_1_55' title='bbox 1762 672 1897 746; x_wconf 89' lang='grc' dir='ltr'>ἀγα-</span> 
     </span>
    </p>
   </div>
   <div class='ocr_carea' id='block_1_9' title="bbox 250 756 1899 837">
    <p class='ocr_par' dir='ltr' id='par_1_9' title="bbox 250 756 1899 837">
     <span class='ocr_line' id='line_1_10' title="bbox 250 756 1899 837; baseline 0.002 -26"><span class='ocrx_word' id='word_1_56' title='bbox 250 763 362 822; x_wconf 88' lang='grc' dir='ltr'>θοῦ·</span> <span class='ocrx_word' id='word_1_57' title='bbox 398 757 574 813; x_wconf 74' lang='grc' dir='ltr'>πάντα</span> <span class='ocrx_word' id='word_1_58' title='bbox 601 761 705 836; x_wconf 69' lang='grc' dir='ltr'>γὰρ</span> <span class='ocrx_word' id='word_1_59' title='bbox 752 760 817 815; x_wconf 80' lang='grc' dir='ltr'>τὰ</span> <span class='ocrx_word' id='word_1_60' title='bbox 868 756 997 816; x_wconf 80' lang='grc' dir='ltr'>ὅντα</span> <span class='ocrx_word' id='word_1_61' title='bbox 1032 760 1083 815; x_wconf 77' lang='grc' dir='ltr'>έν</span> <span class='ocrx_word' id='word_1_62' title='bbox 1115 767 1194 834; x_wconf 79' lang='grc' dir='ltr'>τῷ</span> <span class='ocrx_word' id='word_1_63' title='bbox 1222 761 1409 837; x_wconf 85' lang='grc' dir='ltr'>ἀγαθῷ</span> <span class='ocrx_word' id='word_1_64' title='bbox 1439 761 1539 817; x_wconf 81' lang='grc' dir='ltr'>εἱσι</span> <span class='ocrx_word' id='word_1_65' title='bbox 1585 764 1674 817; x_wconf 84' lang='grc' dir='ltr'>καὶ</span> <span class='ocrx_word' id='word_1_66' title='bbox 1711 763 1899 835; x_wconf 84' lang='grc' dir='ltr'>μένου-</span> 
     </span>
    </p>
   </div>
   <div class='ocr_carea' id='block_1_10' title="bbox 253 845 1896 929">
    <p class='ocr_par' dir='ltr' id='par_1_10' title="bbox 253 845 1896 929">
     <span class='ocr_line' id='line_1_11' title="bbox 253 845 1896 929; baseline 0.003 -28"><span class='ocrx_word' id='word_1_67' title='bbox 253 865 351 901; x_wconf 82' lang='grc' dir='ltr'>σιν⁰</span> <span class='ocrx_word' id='word_1_68' title='bbox 385 847 431 901; x_wconf 80' lang='grc' dir='ltr'>εί</span> <span class='ocrx_word' id='word_1_69' title='bbox 468 845 527 902; x_wconf 79' lang='grc' dir='ltr'>δὲ</span> <span class='ocrx_word' id='word_1_70' title='bbox 558 846 714 904; x_wconf 72' lang='grc' dir='ltr'>οὐδὲν</span> <span class='ocrx_word' id='word_1_71' title='bbox 764 846 879 924; x_wconf 75' lang='grc' dir='ltr'>ἔχει</span> <span class='ocrx_word' id='word_1_72' title='bbox 931 851 1155 926; x_wconf 78' lang='grc' dir='ltr'>ἀγαθοῦ,</span> <span class='ocrx_word' id='word_1_73' title='bbox 1188 848 1310 907; x_wconf 73' lang='grc' dir='ltr'>οὔτε</span> <span class='ocrx_word' id='word_1_74' title='bbox 1357 850 1591 907; x_wconf 80' lang='grc' dir='ltr'>ὕπεστιν·</span> <span class='ocrx_word' id='word_1_75' title='bbox 1625 853 1757 908; x_wconf 86' lang='grc' dir='ltr'>αὐτὸ</span> <span class='ocrx_word' id='word_1_76' title='bbox 1795 852 1896 929; x_wconf 73' lang='grc' dir='ltr'>γὰρ</span> 
     </span>
    </p>
   </div>
   <div class='ocr_carea' id='block_1_11' title="bbox 250 935 1899 1017">
    <p class='ocr_par' dir='ltr' id='par_1_11' title="bbox 250 935 1899 1017">
     <span class='ocr_line' id='line_1_12' title="bbox 250 935 1899 1017; baseline 0.003 -27"><span class='ocrx_word' id='word_1_77' title='bbox 250 936 306 990; x_wconf 85' lang='grc' dir='ltr'>τὸ</span> <span class='ocrx_word' id='word_1_78' title='bbox 336 935 512 1000; x_wconf 76' lang='grc' dir='ltr'>θέλειν</span> <span class='ocrx_word' id='word_1_79' title='bbox 544 938 758 993; x_wconf 84' lang='grc' dir='ltr'>ὑπεῖναι</span> <span class='ocrx_word' id='word_1_80' title='bbox 813 940 1021 1015; x_wconf 81' lang='grc' dir='ltr'>ἀγαθῆς</span> <span class='ocrx_word' id='word_1_81' title='bbox 1065 940 1173 996; x_wconf 82' lang='grc' dir='ltr'>ἐστι</span> <span class='ocrx_word' id='word_1_82' title='bbox 1229 941 1609 1017; x_wconf 77' lang='grc' dir='ltr'>μεταλήψεως,</span> <span class='ocrx_word' id='word_1_83' title='bbox 1642 941 1714 1004; x_wconf 84' lang='grc' dir='ltr'>ὡς</span> <span class='ocrx_word' id='word_1_84' title='bbox 1764 942 1899 997; x_wconf 92' lang='grc' dir='ltr'>ἀνω-</span> 
     </span>
    </p>
   </div>
   <div class='ocr_carea' id='block_1_12' title="bbox 250 1024 960 1104">
    <p class='ocr_par' dir='ltr' id='par_1_12' title="bbox 250 1024 960 1104">
     <span class='ocr_line' id='line_1_13' title="bbox 250 1024 960 1104; baseline 0.003 -24"><span class='ocrx_word' id='word_1_85' title='bbox 250 1024 386 1100; x_wconf 85' lang='grc' dir='ltr'>τέρω</span> <span class='ocrx_word' id='word_1_86' title='bbox 415 1024 694 1090; x_wconf 81' lang='grc' dir='ltr'>πολλάκις</span> <span class='ocrx_word' id='word_1_87' title='bbox 725 1026 960 1104; x_wconf 78' lang='grc' dir='ltr'>εἷ’ρηται.</span> 
     </span>
    </p>
   </div>
   <div class='ocr_carea' id='block_1_13' title="bbox 315 1294 1893 1371">
    <p class='ocr_par' dir='ltr' id='par_1_13' title="bbox 315 1294 1893 1371">
     <span class='ocr_line' id='line_1_14' title="bbox 315 1294 1893 1371; baseline 0.003 -23"><span class='ocrx_word' id='word_1_88' title='bbox 315 1294 529 1363; x_wconf 79' lang='lat' dir='ltr'>§XXI.</span> <span class='ocrx_word' id='word_1_89' title='bbox 597 1296 837 1352; x_wconf 71' lang='grc' dir='ltr'>’Ἄτοπον</span> <span class='ocrx_word' id='word_1_90' title='bbox 895 1297 983 1350; x_wconf 79' lang='grc' dir='ltr'>καὶ</span> <span class='ocrx_word' id='word_1_91' title='bbox 1040 1294 1325 1353; x_wconf 81' lang='grc' dir='ltr'>ἀδύνατον.</span> <span class='ocrx_word' id='word_1_92' title='bbox 1386 1296 1751 1371; x_wconf 80' lang='grc' dir='ltr'>Σημείωσαι,</span> <span class='ocrx_word' id='word_1_93' title='bbox 1812 1299 1893 1353; x_wconf 79' lang='grc' dir='ltr'>ὅτι</span> 
     </span>
    </p>
   </div>
   <div class='ocr_carea' id='block_1_14' title="bbox 245 1380 1896 1460">
    <p class='ocr_par' dir='ltr' id='par_1_14' title="bbox 245 1380 1896 1460">
     <span class='ocr_line' id='line_1_15' title="bbox 245 1380 1896 1460; baseline 0.002 -23"><span class='ocrx_word' id='word_1_94' title='bbox 245 1383 329 1437; x_wconf 79' lang='grc' dir='ltr'>καὶ</span> <span class='ocrx_word' id='word_1_95' title='bbox 361 1380 449 1437; x_wconf 82' lang='grc' dir='ltr'>ἐπὶ</span> <span class='ocrx_word' id='word_1_96' title='bbox 480 1388 580 1437; x_wconf 90' lang='grc' dir='ltr'>τοῦ</span> <span class='ocrx_word' id='word_1_97' title='bbox 633 1388 767 1438; x_wconf 82' lang='grc' dir='ltr'>Θεοῦ</span> <span class='ocrx_word' id='word_1_98' title='bbox 809 1381 994 1446; x_wconf 87' lang='grc' dir='ltr'>καλῶς</span> <span class='ocrx_word' id='word_1_99' title='bbox 1037 1383 1246 1460; x_wconf 82' lang='grc' dir='ltr'>λέγεται</span> <span class='ocrx_word' id='word_1_100' title='bbox 1296 1382 1350 1441; x_wconf 77' lang='grc' dir='ltr'>ἔν</span> <span class='ocrx_word' id='word_1_101' title='bbox 1406 1407 1517 1441; x_wconf 89' lang='grc' dir='ltr'>τισι</span> <span class='ocrx_word' id='word_1_102' title='bbox 1573 1388 1634 1441; x_wconf 88' lang='grc' dir='ltr'>τὸ</span> <span class='ocrx_word' id='word_1_103' title='bbox 1684 1387 1746 1442; x_wconf 83' lang='grc' dir='ltr'>οὐ</span> <span class='ocrx_word' id='word_1_104' title='bbox 1797 1385 1896 1441; x_wconf 77' lang='grc' dir='ltr'>δύο</span> 
     </span>
    </p>
   </div>
   <div class='ocr_carea' id='block_1_15' title="bbox 246 1470 1892 1547">
    <p class='ocr_par' dir='ltr' id='par_1_15' title="bbox 246 1470 1892 1547">
     <span class='ocr_line' id='line_1_16' title="bbox 246 1470 1892 1547; baseline 0.002 -23"><span class='ocrx_word' id='word_1_105' title='bbox 246 1490 420 1543; x_wconf 77' lang='grc' dir='ltr'>ναται,</span> <span class='ocrx_word' id='word_1_106' title='bbox 470 1471 549 1532; x_wconf 87' lang='grc' dir='ltr'>ὡς</span> <span class='ocrx_word' id='word_1_107' title='bbox 606 1470 695 1526; x_wconf 85' lang='grc' dir='ltr'>καὶ</span> <span class='ocrx_word' id='word_1_108' title='bbox 737 1473 766 1527; x_wconf 76' lang='grc' dir='ltr'>ὁ</span> <span class='ocrx_word' id='word_1_109' title='bbox 808 1471 1144 1538; x_wconf 86' lang='grc' dir='ltr'>Ἀπόστολός</span> <span class='ocrx_word' id='word_1_110' title='bbox 1192 1495 1375 1546; x_wconf 83' lang='grc' dir='ltr'>φησιν.</span> <span class='ocrx_word' id='word_1_111' title='bbox 1426 1474 1488 1531; x_wconf 77' lang='grc' dir='ltr'>Εἰ</span> <span class='ocrx_word' id='word_1_112' title='bbox 1538 1475 1892 1547; x_wconf 76' lang='grc' dir='ltr'>ἀπιστοῦμεν,</span> 
     </span>
    </p>
   </div>
   <div class='ocr_carea' id='block_1_16' title="bbox 246 1557 1893 1637">
    <p class='ocr_par' dir='ltr' id='par_1_16' title="bbox 246 1557 1893 1637">
     <span class='ocr_line' id='line_1_17' title="bbox 246 1557 1893 1637; baseline 0.004 -25"><span class='ocrx_word' id='word_1_113' title='bbox 246 1557 449 1621; x_wconf 72' lang='grc' dir='ltr'>ἐκεῖνος</span> <span class='ocrx_word' id='word_1_114' title='bbox 507 1561 699 1623; x_wconf 86' lang='grc' dir='ltr'>πιστὸς</span> <span class='ocrx_word' id='word_1_115' title='bbox 755 1562 951 1633; x_wconf 84' lang='grc' dir='ltr'>μένει,</span> <span class='ocrx_word' id='word_1_116' title='bbox 1011 1563 1099 1617; x_wconf 82' lang='grc' dir='ltr'>καὶ</span> <span class='ocrx_word' id='word_1_117' title='bbox 1183 1562 1512 1637; x_wconf 70' lang='grc' dir='ltr'>ἀρνήσασθαι</span> <span class='ocrx_word' id='word_1_118' title='bbox 1586 1564 1771 1618; x_wconf 71' lang='grc' dir='ltr'>ἑαυτὸν</span> <span class='ocrx_word' id='word_1_119' title='bbox 1831 1564 1893 1619; x_wconf 85' lang='grc' dir='ltr'>οὐ</span> 
     </span>
    </p>
   </div>
   <div class='ocr_carea' id='block_1_17' title="bbox 246 1645 481 1705">
    <p class='ocr_par' dir='ltr' id='par_1_17' title="bbox 246 1645 481 1705">
     <span class='ocr_line' id='line_1_18' title="bbox 246 1645 481 1705; baseline 0.013 -3"><span class='ocrx_word' id='word_1_120' title='bbox 246 1645 481 1705; x_wconf 86' lang='grc' dir='ltr'>δύναται.</span> 
     </span>
    </p>
   </div>
   <div class='ocr_carea' id='block_1_18' title="bbox 312 1735 1895 1818">
    <p class='ocr_par' dir='ltr' id='par_1_18' title="bbox 312 1735 1895 1818">
     <span class='ocr_line' id='line_1_19' title="bbox 312 1735 1895 1818; baseline 0.003 -27"><span class='ocrx_word' id='word_1_121' title='bbox 312 1742 463 1791; x_wconf 80' lang='grc' dir='ltr'>Πᾶσα</span> <span class='ocrx_word' id='word_1_122' title='bbox 510 1738 613 1813; x_wconf 76' lang='grc' dir='ltr'>γὰρ</span> <span class='ocrx_word' id='word_1_123' title='bbox 664 1735 809 1800; x_wconf 79' lang='grc' dir='ltr'>δυάς.</span> <span class='ocrx_word' id='word_1_124' title='bbox 864 1741 981 1794; x_wconf 88' lang='grc' dir='ltr'>Ὅτι</span> <span class='ocrx_word' id='word_1_125' title='bbox 1031 1745 1175 1794; x_wconf 80' lang='grc' dir='ltr'>πᾶσα</span> <span class='ocrx_word' id='word_1_126' title='bbox 1225 1737 1355 1803; x_wconf 80' lang='grc' dir='ltr'>δυὰς</span> <span class='ocrx_word' id='word_1_127' title='bbox 1411 1740 1510 1796; x_wconf 80' lang='grc' dir='ltr'>οὐκ</span> <span class='ocrx_word' id='word_1_128' title='bbox 1562 1740 1734 1818; x_wconf 78' lang='grc' dir='ltr'>ἀρχή·</span> <span class='ocrx_word' id='word_1_129' title='bbox 1790 1762 1895 1815; x_wconf 87' lang='grc' dir='ltr'>μο-</span> 
     </span>
    </p>
   </div>
   <div class='ocr_carea' id='block_1_19' title="bbox 2009 578 3655 651">
    <p class='ocr_par' dir='ltr' id='par_1_19' title="bbox 2009 578 3655 651">
     <span class='ocr_line' id='line_1_20' title="bbox 2009 578 3655 651; baseline -0.006 -12"><span class='ocrx_word' id='word_1_130' title='bbox 2009 583 2131 640; x_wconf 92' lang='lat' dir='ltr'>lum</span> <span class='ocrx_word' id='word_1_131' title='bbox 2163 602 2277 641; x_wconf 90' lang='lat' dir='ltr'>non</span> <span class='ocrx_word' id='word_1_132' title='bbox 2310 602 2435 641; x_wconf 88' lang='lat' dir='ltr'>esse</span> <span class='ocrx_word' id='word_1_133' title='bbox 2457 588 2558 641; x_wconf 85' lang='lat' dir='ltr'>aut</span> <span class='ocrx_word' id='word_1_134' title='bbox 2589 584 2645 638; x_wconf 92' lang='lat' dir='ltr'>in</span> <span class='ocrx_word' id='word_1_135' title='bbox 2679 584 2830 638; x_wconf 92' lang='lat' dir='ltr'>bono</span> <span class='ocrx_word' id='word_1_136' title='bbox 2854 598 3009 650; x_wconf 88' lang='lat' dir='ltr'>esse;</span> <span class='ocrx_word' id='word_1_137' title='bbox 3043 596 3225 651; x_wconf 84' lang='lat' dir='ltr'>neque</span> <span class='ocrx_word' id='word_1_138' title='bbox 3247 578 3406 635; x_wconf 91' lang='lat' dir='ltr'>enim</span> <span class='ocrx_word' id='word_1_139' title='bbox 3440 580 3655 632; x_wconf 60' lang='lat' dir='ltr'>natura</span> 
     </span>
    </p>
   </div>
   <div class='ocr_carea' id='block_1_20' title="bbox 2010 665 3657 747">
    <p class='ocr_par' dir='ltr' id='par_1_20' title="bbox 2010 665 3657 747">
     <span class='ocr_line' id='line_1_21' title="bbox 2010 665 3657 747; baseline -0.005 -20"><span class='ocrx_word' id='word_1_140' title='bbox 2010 674 2160 743; x_wconf 80' lang='lat' dir='ltr'>ignis</span> <span class='ocrx_word' id='word_1_141' title='bbox 2192 677 2491 747; x_wconf 89' lang='lat' dir='ltr'>proprium</span> <span class='ocrx_word' id='word_1_142' title='bbox 2518 672 2891 745; x_wconf 82' lang='lat' dir='ltr'>refrigerare;</span> <span class='ocrx_word' id='word_1_143' title='bbox 2925 670 3066 743; x_wconf 92' lang='lat' dir='ltr'>quin</span> <span class='ocrx_word' id='word_1_144' title='bbox 3090 671 3139 725; x_wconf 89' lang='lat' dir='ltr'>si</span> <span class='ocrx_word' id='word_1_145' title='bbox 3162 665 3465 741; x_wconf 75' lang='lat' dir='ltr'>incmperit</span> <span class='ocrx_word' id='word_1_146' title='bbox 3496 665 3657 722; x_wconf 80' lang='lat' dir='ltr'>refri-</span> 
     </span>
    </p>
   </div>
   <div class='ocr_carea' id='block_1_21' title="bbox 2008 755 3651 835">
    <p class='ocr_par' dir='ltr' id='par_1_21' title="bbox 2008 755 3651 835">
     <span class='ocr_line' id='line_1_22' title="bbox 2008 755 3651 835; baseline -0.007 -15"><span class='ocrx_word' id='word_1_147' title='bbox 2008 779 2230 835; x_wconf 87' lang='lat' dir='ltr'>gerare,</span> <span class='ocrx_word' id='word_1_148' title='bbox 2266 781 2381 819; x_wconf 90' lang='lat' dir='ltr'>non</span> <span class='ocrx_word' id='word_1_149' title='bbox 2429 764 2541 819; x_wconf 90' lang='lat' dir='ltr'>erit</span> <span class='ocrx_word' id='word_1_150' title='bbox 2572 763 2762 834; x_wconf 86' lang='lat' dir='ltr'>ignis:</span> <span class='ocrx_word' id='word_1_151' title='bbox 2797 778 2933 833; x_wconf 88' lang='lat' dir='ltr'>ergo</span> <span class='ocrx_word' id='word_1_152' title='bbox 2960 766 3017 816; x_wconf 93' lang='lat' dir='ltr'>et</span> <span class='ocrx_word' id='word_1_153' title='bbox 3048 759 3292 819; x_wconf 86' lang='lat' dir='ltr'>malum,</span> <span class='ocrx_word' id='word_1_154' title='bbox 3314 757 3361 813; x_wconf 89' lang='lat' dir='ltr'>si</span> <span class='ocrx_word' id='word_1_155' title='bbox 3414 755 3651 829; x_wconf 84' lang='lat' dir='ltr'>quidem</span> 
     </span>
    </p>
   </div>
   <div class='ocr_carea' id='block_1_22' title="bbox 2008 844 3649 925">
    <p class='ocr_par' dir='ltr' id='par_1_22' title="bbox 2008 844 3649 925">
     <span class='ocr_line' id='line_1_23' title="bbox 2008 844 3649 925; baseline -0.006 -17"><span class='ocrx_word' id='word_1_156' title='bbox 2008 852 2315 920; x_wconf 87' lang='lat' dir='ltr'>subsistat,</span> <span class='ocrx_word' id='word_1_157' title='bbox 2349 852 2658 925; x_wconf 77' lang='lat' dir='ltr'>participat</span> <span class='ocrx_word' id='word_1_158' title='bbox 2702 851 2949 907; x_wconf 84' lang='lat' dir='ltr'>obscure</span> <span class='ocrx_word' id='word_1_159' title='bbox 2980 850 3232 914; x_wconf 90' lang='lat' dir='ltr'>bonum;</span> <span class='ocrx_word' id='word_1_160' title='bbox 3266 847 3465 903; x_wconf 84' lang='lat' dir='ltr'>omnia</span> <span class='ocrx_word' id='word_1_161' title='bbox 3494 844 3649 899; x_wconf 86' lang='lat' dir='ltr'>enim</span> 
     </span>
    </p>
   </div>
   <div class='ocr_carea' id='block_1_23' title="bbox 2006 935 3652 1007">
    <p class='ocr_par' dir='ltr' id='par_1_23' title="bbox 2006 935 3652 1007">
     <span class='ocr_line' id='line_1_24' title="bbox 2006 935 3652 1007; baseline -0.007 -7"><span class='ocrx_word' id='word_1_162' title='bbox 2006 944 2165 1000; x_wconf 85' lang='lat' dir='ltr'>entia</span> <span class='ocrx_word' id='word_1_163' title='bbox 2204 944 2261 998; x_wconf 92' lang='lat' dir='ltr'>in</span> <span class='ocrx_word' id='word_1_164' title='bbox 2304 945 2454 999; x_wconf 91' lang='lat' dir='ltr'>bono</span> <span class='ocrx_word' id='word_1_165' title='bbox 2500 946 2642 998; x_wconf 88' lang='lat' dir='ltr'>sunt</span> <span class='ocrx_word' id='word_1_166' title='bbox 2671 951 2726 997; x_wconf 90' lang='lat' dir='ltr'>et</span> <span class='ocrx_word' id='word_1_167' title='bbox 2756 943 3024 1007; x_wconf 87' lang='lat' dir='ltr'>manent;</span> <span class='ocrx_word' id='word_1_168' title='bbox 3059 938 3109 995; x_wconf 90' lang='lat' dir='ltr'>si</span> <span class='ocrx_word' id='word_1_169' title='bbox 3137 954 3272 994; x_wconf 91' lang='lat' dir='ltr'>vero</span> <span class='ocrx_word' id='word_1_170' title='bbox 3321 936 3466 992; x_wconf 88' lang='lat' dir='ltr'>nihil</span> <span class='ocrx_word' id='word_1_171' title='bbox 3515 935 3652 991; x_wconf 91' lang='lat' dir='ltr'>boni</span> 
     </span>
    </p>
   </div>
   <div class='ocr_carea' id='block_1_24' title="bbox 2006 1025 3652 1103">
    <p class='ocr_par' dir='ltr' id='par_1_24' title="bbox 2006 1025 3652 1103">
     <span class='ocr_line' id='line_1_25' title="bbox 2006 1025 3652 1103; baseline -0.006 -15"><span class='ocrx_word' id='word_1_172' title='bbox 2006 1033 2204 1102; x_wconf 82' lang='lat' dir='ltr'>habet,</span> <span class='ocrx_word' id='word_1_173' title='bbox 2239 1050 2428 1103; x_wconf 85' lang='lat' dir='ltr'>neque</span> <span class='ocrx_word' id='word_1_174' title='bbox 2458 1033 2633 1088; x_wconf 86' lang='lat' dir='ltr'>etiam</span> <span class='ocrx_word' id='word_1_175' title='bbox 2682 1031 2975 1094; x_wconf 86' lang='lat' dir='ltr'>subsistit,</span> <span class='ocrx_word' id='word_1_176' title='bbox 3009 1029 3205 1101; x_wconf 87' lang='lat' dir='ltr'>ipsum</span> <span class='ocrx_word' id='word_1_177' title='bbox 3255 1027 3411 1081; x_wconf 90' lang='lat' dir='ltr'>enim</span> <span class='ocrx_word' id='word_1_178' title='bbox 3460 1025 3652 1079; x_wconf 84' lang='lat' dir='ltr'>subsi-</span> 
     </span>
    </p>
   </div>
   <div class='ocr_carea' id='block_1_25' title="bbox 2004 1114 3653 1189">
    <p class='ocr_par' dir='ltr' id='par_1_25' title="bbox 2004 1114 3653 1189">
     <span class='ocr_line' id='line_1_26' title="bbox 2004 1114 3653 1189; baseline -0.005 -12"><span class='ocrx_word' id='word_1_179' title='bbox 2004 1120 2201 1177; x_wconf 90' lang='lat' dir='ltr'>stendi</span> <span class='ocrx_word' id='word_1_180' title='bbox 2258 1120 2651 1189; x_wconf 76' lang='lat' dir='ltr'>desiderium,</span> <span class='ocrx_word' id='word_1_181' title='bbox 2711 1121 2877 1175; x_wconf 60' lang='lat' dir='ltr'>bona;</span> <span class='ocrx_word' id='word_1_182' title='bbox 2933 1123 3022 1174; x_wconf 88' lang='lat' dir='ltr'>est</span> <span class='ocrx_word' id='word_1_183' title='bbox 3078 1114 3653 1183; x_wconf 81' lang='lat' dir='ltr'>communicationis,</span> 
     </span>
    </p>
   </div>
   <div class='ocr_carea' id='block_1_26' title="bbox 2003 1209 3037 1282">
    <p class='ocr_par' dir='ltr' id='par_1_26' title="bbox 2003 1209 3037 1282">
     <span class='ocr_line' id='line_1_27' title="bbox 2003 1209 3037 1282; baseline -0.005 -16"><span class='ocrx_word' id='word_1_184' title='bbox 2003 1212 2158 1266; x_wconf 84' lang='lat' dir='ltr'>sicut</span> <span class='ocrx_word' id='word_1_185' title='bbox 2187 1226 2339 1282; x_wconf 70' lang='lat' dir='ltr'>saepe</span> <span class='ocrx_word' id='word_1_186' title='bbox 2370 1210 2645 1281; x_wconf 83' lang='lat' dir='ltr'>superius</span> <span class='ocrx_word' id='word_1_187' title='bbox 2675 1209 2899 1264; x_wconf 88' lang='lat' dir='ltr'>dictum</span> <span class='ocrx_word' id='word_1_188' title='bbox 2931 1211 3037 1263; x_wconf 90' lang='lat' dir='ltr'>est.</span> 
     </span>
    </p>
   </div>
   <div class='ocr_carea' id='block_1_27' title="bbox 2075 1289 3651 1368">
    <p class='ocr_par' dir='ltr' id='par_1_27' title="bbox 2075 1289 3651 1368">
     <span class='ocr_line' id='line_1_28' title="bbox 2075 1289 3651 1368; baseline -0.005 -14"><span class='ocrx_word' id='word_1_189' title='bbox 2075 1300 2103 1366; x_wconf 86' lang='lat'>§</span> <span class='ocrx_word' id='word_1_190' title='bbox 2131 1298 2271 1354; x_wconf 86' lang='lat' dir='ltr'>XXI.</span> <span class='ocrx_word' id='word_1_191' title='bbox 2302 1298 2617 1354; x_wconf 86' lang='lat' dir='ltr'>Absurdum</span> <span class='ocrx_word' id='word_1_192' title='bbox 2646 1316 2710 1353; x_wconf 79' lang='lat' dir='ltr'>ac</span> <span class='ocrx_word' id='word_1_193' title='bbox 2748 1295 3112 1368; x_wconf 70' lang='lat' dir='ltr'>impossibile.</span> <span class='ocrx_word' id='word_1_194' title='bbox 3146 1294 3313 1359; x_wconf 89' lang='lat' dir='ltr'>Nota,</span> <span class='ocrx_word' id='word_1_195' title='bbox 3347 1292 3406 1348; x_wconf 93' lang='lat' dir='ltr'>in</span> <span class='ocrx_word' id='word_1_196' title='bbox 3439 1289 3651 1363; x_wconf 89' lang='lat' dir='ltr'>aliqui-</span> 
     </span>
    </p>
   </div>
   <div class='ocr_carea' id='block_1_28' title="bbox 2002 1380 3655 1456">
    <p class='ocr_par' dir='ltr' id='par_1_28' title="bbox 2002 1380 3655 1456">
     <span class='ocr_line' id='line_1_29' title="bbox 2002 1380 3655 1456; baseline -0.004 -14"><span class='ocrx_word' id='word_1_197' title='bbox 2002 1387 2115 1442; x_wconf 88' lang='lat' dir='ltr'>bus</span> <span class='ocrx_word' id='word_1_198' title='bbox 2146 1392 2295 1443; x_wconf 88' lang='lat' dir='ltr'>recte</span> <span class='ocrx_word' id='word_1_199' title='bbox 2338 1388 2511 1443; x_wconf 85' lang='lat' dir='ltr'>etiam</span> <span class='ocrx_word' id='word_1_200' title='bbox 2563 1389 2633 1443; x_wconf 91' lang='lat' dir='ltr'>de</span> <span class='ocrx_word' id='word_1_201' title='bbox 2681 1386 2796 1443; x_wconf 91' lang='lat' dir='ltr'>Deo</span> <span class='ocrx_word' id='word_1_202' title='bbox 2844 1386 2982 1452; x_wconf 91' lang='lat' dir='ltr'>dici,</span> <span class='ocrx_word' id='word_1_203' title='bbox 3012 1400 3121 1441; x_wconf 84' lang='lat' dir='ltr'>non</span> <span class='ocrx_word' id='word_1_204' title='bbox 3166 1387 3365 1456; x_wconf 75' lang='lat' dir='ltr'>potest,</span> <span class='ocrx_word' id='word_1_205' title='bbox 3396 1380 3550 1438; x_wconf 84' lang='lat' dir='ltr'>sicut</span> <span class='ocrx_word' id='word_1_206' title='bbox 3597 1384 3655 1436; x_wconf 87' lang='lat' dir='ltr'>et</span> 
     </span>
    </p>
   </div>
   <div class='ocr_carea' id='block_1_29' title="bbox 2001 1471 3651 1546">
    <p class='ocr_par' dir='ltr' id='par_1_29' title="bbox 2001 1471 3651 1546">
     <span class='ocr_line' id='line_1_30' title="bbox 2001 1471 3651 1546; baseline -0.004 -15"><span class='ocrx_word' id='word_1_207' title='bbox 2001 1477 2317 1546; x_wconf 85' lang='lat' dir='ltr'>Apostolus</span> <span class='ocrx_word' id='word_1_208' title='bbox 2349 1478 2430 1531; x_wconf 86' lang='lat' dir='ltr'>ait</span> <span class='ocrx_word' id='word_1_209' title='bbox 2465 1494 2477 1531; x_wconf 92' lang='lat'><strong>:</strong></span> <span class='ocrx_word' id='word_1_210' title='bbox 2512 1476 2574 1531; x_wconf 80' lang='lat' dir='ltr'>Si</span> <span class='ocrx_word' id='word_1_211' title='bbox 2613 1491 2725 1531; x_wconf 82' lang='lat' dir='ltr'>non</span> <span class='ocrx_word' id='word_1_212' title='bbox 2765 1477 3064 1541; x_wconf 77' lang='lat' dir='ltr'>credimus,</span> <span class='ocrx_word' id='word_1_213' title='bbox 3098 1474 3192 1529; x_wconf 80' lang='lat' dir='ltr'>ille</span> <span class='ocrx_word' id='word_1_214' title='bbox 3219 1471 3397 1543; x_wconf 77' lang='lat' dir='ltr'>ﬁdeli:</span> <span class='ocrx_word' id='word_1_215' title='bbox 3442 1477 3651 1539; x_wconf 80' lang='lat' dir='ltr'>manet,</span> 
     </span>
    </p>
   </div>
   <div class='ocr_carea' id='block_1_30' title="bbox 2001 1563 3007 1636">
    <p class='ocr_par' dir='ltr' id='par_1_30' title="bbox 2001 1563 3007 1636">
     <span class='ocr_line' id='line_1_31' title="bbox 2001 1563 3007 1636; baseline 0 -17"><span class='ocrx_word' id='word_1_216' title='bbox 2001 1574 2052 1620; x_wconf 89' lang='lat' dir='ltr'>et</span> <span class='ocrx_word' id='word_1_217' title='bbox 2084 1581 2284 1635; x_wconf 85' lang='lat' dir='ltr'>negare</span> <span class='ocrx_word' id='word_1_218' title='bbox 2312 1566 2557 1634; x_wconf 60' lang='lat' dir='ltr'>“ipsum</span> <span class='ocrx_word' id='word_1_219' title='bbox 2585 1581 2691 1621; x_wconf 83' lang='lat' dir='ltr'>non</span> <span class='ocrx_word' id='word_1_220' title='bbox 2719 1568 2887 1636; x_wconf 82' lang='lat' dir='ltr'>potest</span> <span class='ocrx_word' id='word_1_221' title='bbox 2909 1563 3007 1635; x_wconf 81' lang='lat' dir='ltr'>(k).</span> 
     </span>
    </p>
   </div>
   <div class='ocr_carea' id='block_1_31' title="bbox 2076 1739 3648 1819">
    <p class='ocr_par' dir='ltr' id='par_1_31' title="bbox 2076 1739 3648 1819">
     <span class='ocr_line' id='line_1_32' title="bbox 2076 1739 3648 1819; baseline -0.004 -19"><span class='ocrx_word' id='word_1_222' title='bbox 2076 1744 2266 1800; x_wconf 76' lang='lat' dir='ltr'>Omni:</span> <span class='ocrx_word' id='word_1_223' title='bbox 2321 1747 2472 1799; x_wconf 79' lang='lat' dir='ltr'>enim</span> <span class='ocrx_word' id='word_1_224' title='bbox 2520 1744 2781 1798; x_wconf 73' lang='lat' dir='ltr'>dualitas.</span> <span class='ocrx_word' id='word_1_225' title='bbox 2831 1740 3063 1797; x_wconf 87' lang='lat' dir='ltr'>Nullam</span> <span class='ocrx_word' id='word_1_226' title='bbox 3118 1739 3463 1819; x_wconf 80' lang='lat' dir='ltr'>dualitatem</span> <span class='ocrx_word' id='word_1_227' title='bbox 3517 1754 3648 1794; x_wconf 88' lang='lat' dir='ltr'>esse</span> 
     </span>
    </p>
   </div>
   <div class='ocr_carea' id='block_1_32' title="bbox 240 1824 1881 1935">
    <p class='ocr_par' dir='ltr' id='par_1_32' title="bbox 240 1824 1881 1935">
     <span class='ocr_line' id='line_1_33' title="bbox 240 1824 1881 1935; baseline 0.002 -55"><span class='ocrx_word' id='word_1_228' title='bbox 240 1824 413 1935; x_wconf 60' lang='grc' dir='ltr'>νὰςδὲ</span> <span class='ocrx_word' id='word_1_229' title='bbox 462 1826 642 1897; x_wconf 85' lang='grc' dir='ltr'>πάσης</span> <span class='ocrx_word' id='word_1_230' title='bbox 695 1824 890 1891; x_wconf 81' lang='grc' dir='ltr'>δυάδος</span> <span class='ocrx_word' id='word_1_231' title='bbox 942 1830 1112 1905; x_wconf 79' lang='grc' dir='ltr'>ἀρχή.</span> <span class='ocrx_word' id='word_1_232' title='bbox 1164 1830 1481 1902; x_wconf 89' lang='grc' dir='ltr'>Σημείωσαι</span> <span class='ocrx_word' id='word_1_233' title='bbox 1533 1832 1670 1886; x_wconf 87' lang='grc' dir='ltr'>κατὰ</span> <span class='ocrx_word' id='word_1_234' title='bbox 1716 1833 1881 1888; x_wconf 91' lang='grc' dir='ltr'>Μανι-</span> 
     </span>
    </p>
   </div>
   <div class='ocr_carea' id='block_1_33' title="bbox 1999 1824 3645 1935">
    <p class='ocr_par' dir='ltr' id='par_1_33' title="bbox 2003 1826 3645 1905">
     <span class='ocr_line' id='line_1_34' title="bbox 2003 1826 3645 1905; baseline -0.003 -17"><span class='ocrx_word' id='word_1_235' title='bbox 2003 1834 2392 1905; x_wconf 90' lang='lat' dir='ltr'>principium;</span> <span class='ocrx_word' id='word_1_236' title='bbox 2426 1833 2715 1888; x_wconf 90' lang='lat' dir='ltr'>unitatem</span> <span class='ocrx_word' id='word_1_237' title='bbox 2744 1848 2879 1887; x_wconf 88' lang='lat' dir='ltr'>vero</span> <span class='ocrx_word' id='word_1_238' title='bbox 2925 1846 3053 1887; x_wconf 91' lang='lat' dir='ltr'>esse</span> <span class='ocrx_word' id='word_1_239' title='bbox 3100 1829 3293 1885; x_wconf 89' lang='lat' dir='ltr'>omnis</span> <span class='ocrx_word' id='word_1_240' title='bbox 3343 1826 3645 1883; x_wconf 83' lang='lat' dir='ltr'>dualitatis</span> 
     </span>
    </p>
   </div>
   <div class='ocr_carea' id='block_1_34' title="bbox 243 1914 439 1991">
    <p class='ocr_par' dir='ltr' id='par_1_34' title="bbox 243 1914 439 1991">
     <span class='ocr_line' id='line_1_35' title="bbox 243 1914 439 1991; baseline 0.01 -21"><span class='ocrx_word' id='word_1_241' title='bbox 243 1914 439 1991; x_wconf 86' lang='grc' dir='ltr'>χαίων.</span> 
     </span>
    </p>
   </div>
   <div class='ocr_carea' id='block_1_35' title="bbox 308 2003 1887 2085">
    <p class='ocr_par' dir='ltr' id='par_1_35' title="bbox 308 2003 1887 2085">
     <span class='ocr_line' id='line_1_36' title="bbox 308 2003 1887 2085; baseline 0.003 -27"><span class='ocrx_word' id='word_1_242' title='bbox 308 2003 602 2067; x_wconf 81' lang='grc' dir='ltr'>Παντελῶς</span> <span class='ocrx_word' id='word_1_243' title='bbox 652 2004 902 2063; x_wconf 72' lang='grc' dir='ltr'>ἐναντία.</span> <span class='ocrx_word' id='word_1_244' title='bbox 966 2006 1283 2080; x_wconf 86' lang='grc' dir='ltr'>Σημείωσαι</span> <span class='ocrx_word' id='word_1_245' title='bbox 1334 2011 1520 2063; x_wconf 86' lang='grc' dir='ltr'>ταῦτα·</span> <span class='ocrx_word' id='word_1_246' title='bbox 1593 2006 1732 2063; x_wconf 85' lang='grc' dir='ltr'>πάνυ</span> <span class='ocrx_word' id='word_1_247' title='bbox 1783 2008 1887 2085; x_wconf 83' lang='grc' dir='ltr'>γὰρ</span> 
     </span>
    </p>
   </div>
   <div class='ocr_carea' id='block_1_36' title="bbox 239 2094 1886 2173">
    <p class='ocr_par' dir='ltr' id='par_1_36' title="bbox 239 2094 1886 2173">
     <span class='ocr_line' id='line_1_37' title="bbox 239 2094 1886 2173; baseline 0.002 -26"><span class='ocrx_word' id='word_1_248' title='bbox 239 2094 368 2149; x_wconf 83' lang='grc' dir='ltr'>κατᾶ</span> <span class='ocrx_word' id='word_1_249' title='bbox 398 2095 733 2169; x_wconf 83' lang='grc' dir='ltr'>Μανιχαίων</span> <span class='ocrx_word' id='word_1_250' title='bbox 765 2095 1098 2171; x_wconf 80' lang='grc' dir='ltr'>ἀγωνίζεται,</span> <span class='ocrx_word' id='word_1_251' title='bbox 1142 2101 1252 2152; x_wconf 89' lang='grc' dir='ltr'>τῶν</span> <span class='ocrx_word' id='word_1_252' title='bbox 1309 2094 1477 2152; x_wconf 83' lang='grc' dir='ltr'>δυάδα</span> <span class='ocrx_word' id='word_1_253' title='bbox 1522 2098 1702 2173; x_wconf 74' lang='grc' dir='ltr'>ἀρχὴν</span> <span class='ocrx_word' id='word_1_254' title='bbox 1739 2098 1886 2153; x_wconf 81' lang='grc' dir='ltr'>ἐναν-</span> 
     </span>
    </p>
   </div>
   <div class='ocr_carea' id='block_1_37' title="bbox 235 2180 1885 2263">
    <p class='ocr_par' dir='ltr' id='par_1_37' title="bbox 235 2180 1885 2263">
     <span class='ocr_line' id='line_1_38' title="bbox 235 2180 1885 2263; baseline 0.002 -24"><span class='ocrx_word' id='word_1_255' title='bbox 235 2182 362 2239; x_wconf 86' lang='grc' dir='ltr'>τίων</span> <span class='ocrx_word' id='word_1_256' title='bbox 395 2180 833 2259; x_wconf 85' lang='grc' dir='ltr'>δογματιζόντων</span> <span class='ocrx_word' id='word_1_257' title='bbox 883 2185 1153 2256; x_wconf 69' lang='grc' dir='ltr'>ἀνοήτωςσ</span> <span class='ocrx_word' id='word_1_258' title='bbox 1183 2188 1219 2257; x_wconf 79' lang='grc' dir='ltr'><strong>ἡ</strong></span> <span class='ocrx_word' id='word_1_259' title='bbox 1256 2186 1350 2259; x_wconf 77' lang='grc' dir='ltr'>μὲν</span> <span class='ocrx_word' id='word_1_260' title='bbox 1398 2187 1500 2263; x_wconf 83' lang='grc' dir='ltr'>γὰρ</span> <span class='ocrx_word' id='word_1_261' title='bbox 1551 2187 1885 2263; x_wconf 85' lang='grc' dir='ltr'>ἀριθμητική</span> 
     </span>
    </p>
   </div>
   <div class='ocr_carea' id='block_1_38' title="bbox 235 2270 1885 2353">
    <p class='ocr_par' dir='ltr' id='par_1_38' title="bbox 235 2270 1885 2353">
     <span class='ocr_line' id='line_1_39' title="bbox 235 2270 1885 2353; baseline 0.002 -25"><span class='ocrx_word' id='word_1_262' title='bbox 235 2274 294 2328; x_wconf 87' lang='grc' dir='ltr'>τὸ</span> <span class='ocrx_word' id='word_1_263' title='bbox 342 2271 394 2327; x_wconf 83' lang='grc' dir='ltr'>έν</span> <span class='ocrx_word' id='word_1_264' title='bbox 442 2272 703 2349; x_wconf 82' lang='grc' dir='ltr'>ἀριθμοῖς</span> <span class='ocrx_word' id='word_1_265' title='bbox 771 2270 1029 2348; x_wconf 74' lang='grc' dir='ltr'>διαίρεσιν</span> <span class='ocrx_word' id='word_1_266' title='bbox 1080 2272 1208 2349; x_wconf 79' lang='grc' dir='ltr'>ἕχον</span> <span class='ocrx_word' id='word_1_267' title='bbox 1280 2273 1524 2347; x_wconf 71' lang='grc' dir='ltr'>πλήθους</span> <span class='ocrx_word' id='word_1_268' title='bbox 1583 2278 1657 2340; x_wconf 81' lang='grc' dir='ltr'>εἰς</span> <span class='ocrx_word' id='word_1_269' title='bbox 1718 2278 1885 2353; x_wconf 84' lang='grc' dir='ltr'>πέρας</span> 
     </span>
    </p>
   </div>
   <div class='ocr_carea' id='block_1_39' title="bbox 238 2360 1885 2441">
    <p class='ocr_par' dir='ltr' id='par_1_39' title="bbox 238 2360 1885 2441">
     <span class='ocr_line' id='line_1_40' title="bbox 238 2360 1885 2441; baseline 0.004 -27"><span class='ocrx_word' id='word_1_270' title='bbox 238 2360 441 2435; x_wconf 77' lang='grc' dir='ltr'>ἀνάγει,</span> <span class='ocrx_word' id='word_1_271' title='bbox 488 2362 590 2431; x_wconf 75' lang='grc' dir='ltr'>τὴν</span> <span class='ocrx_word' id='word_1_272' title='bbox 638 2361 731 2435; x_wconf 73' lang='grc' dir='ltr'>μὲν</span> <span class='ocrx_word' id='word_1_273' title='bbox 784 2362 993 2435; x_wconf 79' lang='grc' dir='ltr'>μονάδα</span> <span class='ocrx_word' id='word_1_274' title='bbox 1032 2368 1129 2418; x_wconf 88' lang='grc' dir='ltr'>τοῦ</span> <span class='ocrx_word' id='word_1_275' title='bbox 1176 2364 1375 2427; x_wconf 85' lang='grc' dir='ltr'>παντὸς</span> <span class='ocrx_word' id='word_1_276' title='bbox 1425 2366 1658 2441; x_wconf 78' lang='grc' dir='ltr'>ἀριθμοῦ</span> <span class='ocrx_word' id='word_1_277' title='bbox 1706 2365 1885 2441; x_wconf 81' lang='grc' dir='ltr'>ἀρχὴν</span> 
     </span>
    </p>
   </div>
   <div class='ocr_carea' id='block_1_40' title="bbox 234 2448 1881 2531">
    <p class='ocr_par' dir='ltr' id='par_1_40' title="bbox 234 2448 1881 2531">
     <span class='ocr_line' id='line_1_41' title="bbox 234 2448 1881 2531; baseline 0.005 -27"><span class='ocrx_word' id='word_1_278' title='bbox 234 2450 511 2523; x_wconf 90' lang='grc' dir='ltr'>τιθεμένη,</span> <span class='ocrx_word' id='word_1_279' title='bbox 542 2451 642 2520; x_wconf 73' lang='grc' dir='ltr'>τὴν</span> <span class='ocrx_word' id='word_1_280' title='bbox 674 2448 732 2505; x_wconf 80' lang='grc' dir='ltr'>δὲ</span> <span class='ocrx_word' id='word_1_281' title='bbox 778 2448 946 2507; x_wconf 78' lang='grc' dir='ltr'>δυάδα</span> <span class='ocrx_word' id='word_1_282' title='bbox 985 2457 1093 2507; x_wconf 89' lang='grc' dir='ltr'>τῶν</span> <span class='ocrx_word' id='word_1_283' title='bbox 1138 2452 1362 2529; x_wconf 85' lang='grc' dir='ltr'>ἀρτίων.</span> <span class='ocrx_word' id='word_1_284' title='bbox 1395 2456 1459 2511; x_wconf 89' lang='grc' dir='ltr'>Ἡ</span> <span class='ocrx_word' id='word_1_285' title='bbox 1505 2456 1681 2511; x_wconf 81' lang='grc' dir='ltr'>τοίνυν</span> <span class='ocrx_word' id='word_1_286' title='bbox 1735 2456 1881 2531; x_wconf 80' lang='grc' dir='ltr'>ἀρχὴ</span> 
     </span>
    </p>
   </div>
   <div class='ocr_carea' id='block_1_41' title="bbox 233 2538 1881 2618">
    <p class='ocr_par' dir='ltr' id='par_1_41' title="bbox 233 2538 1881 2618">
     <span class='ocr_line' id='line_1_42' title="bbox 233 2538 1881 2618; baseline 0.003 -25"><span class='ocrx_word' id='word_1_287' title='bbox 233 2539 292 2593; x_wconf 83' lang='grc' dir='ltr'>τὸ</span> <span class='ocrx_word' id='word_1_288' title='bbox 338 2538 717 2595; x_wconf 75' lang='grc' dir='ltr'>ἁπλούστατον</span> <span class='ocrx_word' id='word_1_289' title='bbox 767 2540 818 2596; x_wconf 74' lang='grc' dir='ltr'>ἰν</span> <span class='ocrx_word' id='word_1_290' title='bbox 873 2542 1077 2615; x_wconf 72' lang='grc' dir='ltr'>ἑκάστῳ</span> <span class='ocrx_word' id='word_1_291' title='bbox 1118 2544 1256 2618; x_wconf 88' lang='grc' dir='ltr'>γένει</span> <span class='ocrx_word' id='word_1_292' title='bbox 1311 2541 1497 2614; x_wconf 85' lang='grc' dir='ltr'>δηλοῖ.</span> <span class='ocrx_word' id='word_1_293' title='bbox 1544 2550 1668 2609; x_wconf 88' lang='grc' dir='ltr'>Πῶς</span> <span class='ocrx_word' id='word_1_294' title='bbox 1714 2543 1804 2599; x_wconf 79' lang='grc' dir='ltr'>οῦν</span> <span class='ocrx_word' id='word_1_295' title='bbox 1847 2546 1881 2614; x_wconf 84' lang='grc' dir='ltr'>ἠ</span> 
     </span>
    </p>
   </div>
   <div class='ocr_carea' id='block_1_42' title="bbox 237 2625 1881 2709">
    <p class='ocr_par' dir='ltr' id='par_1_42' title="bbox 237 2625 1881 2709">
     <span class='ocr_line' id='line_1_43' title="bbox 237 2625 1881 2709; baseline 0.005 -27"><span class='ocrx_word' id='word_1_296' title='bbox 237 2625 359 2692; x_wconf 69' lang='grc' dir='ltr'>δυὰς</span> <span class='ocrx_word' id='word_1_297' title='bbox 387 2628 540 2705; x_wconf 77' lang='grc' dir='ltr'>ἀρχὴ</span> <span class='ocrx_word' id='word_1_298' title='bbox 582 2628 797 2686; x_wconf 82' lang='grc' dir='ltr'>πάντων</span> <span class='ocrx_word' id='word_1_299' title='bbox 854 2628 1001 2686; x_wconf 77' lang='grc' dir='ltr'>ἔσται</span> <span class='ocrx_word' id='word_1_300' title='bbox 1037 2652 1051 2702; x_wconf 87' lang='grc'><strong>;</strong></span> <span class='ocrx_word' id='word_1_301' title='bbox 1084 2631 1145 2687; x_wconf 85' lang='grc' dir='ltr'>ού</span> <span class='ocrx_word' id='word_1_302' title='bbox 1195 2635 1298 2708; x_wconf 82' lang='grc' dir='ltr'>γάρ</span> <span class='ocrx_word' id='word_1_303' title='bbox 1343 2632 1483 2688; x_wconf 79' lang='grc' dir='ltr'>ἐστιν</span> <span class='ocrx_word' id='word_1_304' title='bbox 1533 2631 1687 2703; x_wconf 82' lang='grc' dir='ltr'>ἁπλῆ</span> <span class='ocrx_word' id='word_1_305' title='bbox 1733 2635 1881 2709; x_wconf 77' lang='grc' dir='ltr'>ἀρχὴ</span> 
     </span>
    </p>
   </div>
   <div class='ocr_carea' id='block_1_43' title="bbox 233 2715 1884 2798">
    <p class='ocr_par' dir='ltr' id='par_1_43' title="bbox 233 2715 1884 2798">
     <span class='ocr_line' id='line_1_44' title="bbox 233 2715 1884 2798; baseline 0.003 -26"><span class='ocrx_word' id='word_1_306' title='bbox 233 2720 265 2787; x_wconf 84' lang='grc' dir='ltr'><strong>ἡ</strong></span> <span class='ocrx_word' id='word_1_307' title='bbox 299 2715 449 2788; x_wconf 75' lang='grc' dir='ltr'>δυὰς,</span> <span class='ocrx_word' id='word_1_308' title='bbox 479 2718 628 2775; x_wconf 80' lang='grc' dir='ltr'>ἀλλὰ</span> <span class='ocrx_word' id='word_1_309' title='bbox 659 2718 932 2784; x_wconf 79' lang='grc' dir='ltr'>σύνθετος.</span> <span class='ocrx_word' id='word_1_310' title='bbox 966 2720 1176 2779; x_wconf 81' lang='grc' dir='ltr'>Οὐκοῦν</span> <span class='ocrx_word' id='word_1_311' title='bbox 1222 2721 1329 2798; x_wconf 84' lang='grc' dir='ltr'>οὐχ</span> <span class='ocrx_word' id='word_1_312' title='bbox 1376 2721 1580 2779; x_wconf 84' lang='grc' dir='ltr'>ἁπλοῦν</span> <span class='ocrx_word' id='word_1_313' title='bbox 1609 2725 1644 2793; x_wconf 79' lang='grc' dir='ltr'><strong>ἡ</strong></span> <span class='ocrx_word' id='word_1_314' title='bbox 1676 2721 1735 2777; x_wconf 66' lang='lat' dir='ltr'>lx</span> <span class='ocrx_word' id='word_1_315' title='bbox 1760 2744 1884 2777; x_wconf 91' lang='grc' dir='ltr'>συν-</span> 
     </span>
    </p>
   </div>
   <div class='ocr_carea' id='block_1_44' title="bbox 235 2807 1880 2888">
    <p class='ocr_par' dir='ltr' id='par_1_44' title="bbox 235 2807 1880 2888">
     <span class='ocr_line' id='line_1_45' title="bbox 235 2807 1880 2888; baseline 0.004 -28"><span class='ocrx_word' id='word_1_316' title='bbox 235 2807 426 2869; x_wconf 81' lang='grc' dir='ltr'>θέσεως</span> <span class='ocrx_word' id='word_1_317' title='bbox 482 2807 653 2883; x_wconf 73' lang='grc' dir='ltr'>ἀρχή·</span> <span class='ocrx_word' id='word_1_318' title='bbox 704 2808 792 2863; x_wconf 88' lang='grc' dir='ltr'>καὶ</span> <span class='ocrx_word' id='word_1_319' title='bbox 842 2814 959 2872; x_wconf 93' lang='grc' dir='ltr'>πῶς</span> <span class='ocrx_word' id='word_1_320' title='bbox 1016 2807 1076 2864; x_wconf 79' lang='grc' dir='ltr'>ἂν</span> <span class='ocrx_word' id='word_1_321' title='bbox 1122 2808 1353 2881; x_wconf 80' lang='grc' dir='ltr'>κληθείη</span> <span class='ocrx_word' id='word_1_322' title='bbox 1398 2811 1545 2887; x_wconf 80' lang='grc' dir='ltr'>ἀρχή</span> <span class='ocrx_word' id='word_1_323' title='bbox 1582 2839 1596 2881; x_wconf 85' lang='lat'><strong>;</strong></span> <span class='ocrx_word' id='word_1_324' title='bbox 1627 2813 1732 2887; x_wconf 87' lang='grc' dir='ltr'>πρὸ</span> <span class='ocrx_word' id='word_1_325' title='bbox 1779 2812 1880 2888; x_wconf 76' lang='grc' dir='ltr'>γὰρ</span> 
     </span>
    </p>
   </div>
   <div class='ocr_carea' id='block_1_45' title="bbox 228 2895 1880 2977">
    <p class='ocr_par' dir='ltr' id='par_1_45' title="bbox 228 2895 1880 2977">
     <span class='ocr_line' id='line_1_46' title="bbox 228 2895 1880 2977; baseline 0.004 -29"><span class='ocrx_word' id='word_1_326' title='bbox 228 2902 325 2965; x_wconf 82' lang='grc' dir='ltr'>τῆς</span> <span class='ocrx_word' id='word_1_327' title='bbox 382 2895 641 2959; x_wconf 86' lang='grc' dir='ltr'>συνθέτου</span> <span class='ocrx_word' id='word_1_328' title='bbox 687 2897 890 2967; x_wconf 86' lang='grc' dir='ltr'>ταύτης</span> <span class='ocrx_word' id='word_1_329' title='bbox 937 2898 1119 2974; x_wconf 84' lang='grc' dir='ltr'>ἀρχῆς</span> <span class='ocrx_word' id='word_1_330' title='bbox 1165 2898 1309 2954; x_wconf 76' lang='grc' dir='ltr'>ἔσται</span> <span class='ocrx_word' id='word_1_331' title='bbox 1359 2902 1394 2970; x_wconf 75' lang='grc' dir='ltr'>ἡ</span> <span class='ocrx_word' id='word_1_332' title='bbox 1452 2901 1657 2975; x_wconf 84' lang='grc' dir='ltr'>κυρίως</span> <span class='ocrx_word' id='word_1_333' title='bbox 1706 2900 1880 2977; x_wconf 75' lang='grc' dir='ltr'>ἀρχὴ,</span> 
     </span>
    </p>
   </div>
   <div class='ocr_carea' id='block_1_46' title="bbox 227 2984 1877 3061">
    <p class='ocr_par' dir='ltr' id='par_1_46' title="bbox 227 2984 1877 3061">
     <span class='ocr_line' id='line_1_47' title="bbox 227 2984 1877 3061; baseline 0.003 -21"><span class='ocrx_word' id='word_1_334' title='bbox 227 2986 289 3040; x_wconf 83' lang='grc' dir='ltr'>τὸ</span> <span class='ocrx_word' id='word_1_335' title='bbox 335 2984 414 3053; x_wconf 81' lang='grc' dir='ltr'>ἓν,</span> <span class='ocrx_word' id='word_1_336' title='bbox 464 2985 558 3059; x_wconf 77' lang='grc' dir='ltr'>ἀφ’</span> <span class='ocrx_word' id='word_1_337' title='bbox 600 2986 663 3040; x_wconf 83' lang='grc' dir='ltr'>οὗ</span> <span class='ocrx_word' id='word_1_338' title='bbox 716 2984 967 3059; x_wconf 84' lang='grc' dir='ltr'>μονάδων</span> <span class='ocrx_word' id='word_1_339' title='bbox 1022 2993 1395 3061; x_wconf 75' lang='grc' dir='ltr'>συντεθεισῶν,</span> <span class='ocrx_word' id='word_1_340' title='bbox 1446 2986 1572 3052; x_wconf 74' lang='grc' dir='ltr'>δυὰς</span> <span class='ocrx_word' id='word_1_341' title='bbox 1621 2988 1877 3045; x_wconf 86' lang='grc' dir='ltr'>ἀπετελέ-</span> 
     </span>
    </p>
   </div>
   <div class='ocr_carea' id='block_1_47' title="bbox 231 3074 1877 3152">
    <p class='ocr_par' dir='ltr' id='par_1_47' title="bbox 231 3074 1877 3152">
     <span class='ocr_line' id='line_1_48' title="bbox 231 3074 1877 3152; baseline 0.005 -24"><span class='ocrx_word' id='word_1_342' title='bbox 231 3076 347 3145; x_wconf 83' lang='grc' dir='ltr'>σθη.</span> <span class='ocrx_word' id='word_1_343' title='bbox 383 3074 565 3144; x_wconf 84' lang='grc' dir='ltr'>Δῆλον</span> <span class='ocrx_word' id='word_1_344' title='bbox 604 3074 696 3130; x_wconf 84' lang='grc' dir='ltr'>οῦν</span> <span class='ocrx_word' id='word_1_345' title='bbox 748 3077 1147 3152; x_wconf 74' lang='grc' dir='ltr'>ἁπανταχόθεν,</span> <span class='ocrx_word' id='word_1_346' title='bbox 1180 3079 1255 3142; x_wconf 77' lang='grc' dir='ltr'>ὡς</span> <span class='ocrx_word' id='word_1_347' title='bbox 1303 3078 1594 3135; x_wconf 86' lang='grc' dir='ltr'>ἀσύστατον</span> <span class='ocrx_word' id='word_1_348' title='bbox 1638 3085 1745 3136; x_wconf 87' lang='grc' dir='ltr'>τῶν</span> <span class='ocrx_word' id='word_1_349' title='bbox 1782 3077 1877 3136; x_wconf 87' lang='grc' dir='ltr'>δύο</span> 
     </span>
    </p>
   </div>
   <div class='ocr_carea' id='block_1_48' title="bbox 236 3161 744 3238">
    <p class='ocr_par' dir='ltr' id='par_1_48' title="bbox 236 3161 744 3238">
     <span class='ocr_line' id='line_1_49' title="bbox 236 3161 744 3238; baseline 0.004 -20"><span class='ocrx_word' id='word_1_350' title='bbox 236 3164 419 3238; x_wconf 84' lang='grc' dir='ltr'>ἀρχῶν</span> <span class='ocrx_word' id='word_1_351' title='bbox 451 3165 515 3219; x_wconf 88' lang='grc' dir='ltr'>τὸ</span> <span class='ocrx_word' id='word_1_352' title='bbox 548 3161 744 3238; x_wconf 84' lang='grc' dir='ltr'>δόγμα.</span> 
     </span>
    </p>
   </div>
   <div class='ocr_carea' id='block_1_49' title="bbox 1999 1919 3266 1996">
    <p class='ocr_par' dir='ltr' id='par_1_49' title="bbox 1999 1919 3266 1996">
     <span class='ocr_line' id='line_1_50' title="bbox 1999 1919 3266 1996; baseline -0.002 -18"><span class='ocrx_word' id='word_1_353' title='bbox 1999 1922 2377 1996; x_wconf 87' lang='lat' dir='ltr'>principium.</span> <span class='ocrx_word' id='word_1_354' title='bbox 2409 1921 2555 1977; x_wconf 86' lang='lat' dir='ltr'>Nota</span> <span class='ocrx_word' id='word_1_355' title='bbox 2584 1923 2863 1977; x_wconf 89' lang='lat' dir='ltr'>adversus</span> <span class='ocrx_word' id='word_1_356' title='bbox 2895 1919 3266 1976; x_wconf 63' lang='lat' dir='ltr'>Manichaos.</span> 
     </span>
    </p>
   </div>
   <div class='ocr_carea' id='block_1_50' title="bbox 2067 2005 3641 2079">
    <p class='ocr_par' dir='ltr' id='par_1_50' title="bbox 2067 2005 3641 2079">
     <span class='ocr_line' id='line_1_51' title="bbox 2067 2005 3641 2079; baseline -0.003 -14"><span class='ocrx_word' id='word_1_357' title='bbox 2067 2012 2301 2068; x_wconf 76' lang='lat' dir='ltr'>Prorsus</span> <span class='ocrx_word' id='word_1_358' title='bbox 2354 2012 2660 2067; x_wconf 80' lang='lat' dir='ltr'>contraria.</span> <span class='ocrx_word' id='word_1_359' title='bbox 2711 2010 2842 2065; x_wconf 65' lang='lat' dir='ltr'>Haec</span> <span class='ocrx_word' id='word_1_360' title='bbox 2889 2010 3145 2076; x_wconf 83' lang='lat' dir='ltr'>adverte,</span> <span class='ocrx_word' id='word_1_361' title='bbox 3196 2022 3437 2079; x_wconf 86' lang='lat' dir='ltr'>prorsus</span> <span class='ocrx_word' id='word_1_362' title='bbox 3485 2005 3641 2061; x_wconf 89' lang='lat' dir='ltr'>enim</span> 
     </span>
    </p>
   </div>
   <div class='ocr_carea' id='block_1_51' title="bbox 1999 2095 3643 2170">
    <p class='ocr_par' dir='ltr' id='par_1_51' title="bbox 1999 2095 3643 2170">
     <span class='ocr_line' id='line_1_52' title="bbox 1999 2095 3643 2170; baseline -0.005 -14"><span class='ocrx_word' id='word_1_363' title='bbox 1999 2102 2279 2157; x_wconf 89' lang='lat' dir='ltr'>adversus</span> <span class='ocrx_word' id='word_1_364' title='bbox 2328 2101 2673 2156; x_wconf 67' lang='lat' dir='ltr'>Manichsaos</span> <span class='ocrx_word' id='word_1_365' title='bbox 2705 2100 2981 2165; x_wconf 87' lang='lat' dir='ltr'>decertat,</span> <span class='ocrx_word' id='word_1_366' title='bbox 3013 2097 3115 2170; x_wconf 86' lang='lat' dir='ltr'>qui</span> <span class='ocrx_word' id='word_1_367' title='bbox 3162 2095 3508 2167; x_wconf 80' lang='lat' dir='ltr'>insipienter</span> <span class='ocrx_word' id='word_1_368' title='bbox 3537 2095 3643 2148; x_wconf 83' lang='lat' dir='ltr'>do-</span> 
     </span>
    </p>
   </div>
   <div class='ocr_carea' id='block_1_52' title="bbox 1998 2184 3641 2261">
    <p class='ocr_par' dir='ltr' id='par_1_52' title="bbox 1998 2184 3641 2261">
     <span class='ocr_line' id='line_1_53' title="bbox 1998 2184 3641 2261; baseline -0.004 -16"><span class='ocrx_word' id='word_1_369' title='bbox 1998 2191 2182 2247; x_wconf 91' lang='lat' dir='ltr'>cendo</span> <span class='ocrx_word' id='word_1_370' title='bbox 2209 2191 2531 2247; x_wconf 89' lang='lat' dir='ltr'>decernunt</span> <span class='ocrx_word' id='word_1_371' title='bbox 2551 2192 2666 2247; x_wconf 91' lang='lat' dir='ltr'>duo</span> <span class='ocrx_word' id='word_1_372' title='bbox 2688 2206 2816 2245; x_wconf 90' lang='lat' dir='ltr'>esse</span> <span class='ocrx_word' id='word_1_373' title='bbox 2844 2186 3133 2261; x_wconf 88' lang='lat' dir='ltr'>principia</span> <span class='ocrx_word' id='word_1_374' title='bbox 3152 2184 3472 2252; x_wconf 88' lang='lat' dir='ltr'>contraria;</span> <span class='ocrx_word' id='word_1_375' title='bbox 3506 2199 3641 2239; x_wconf 88' lang='lat' dir='ltr'>nam</span> 
     </span>
    </p>
   </div>
   <div class='ocr_carea' id='block_1_53' title="bbox 1997 2272 3639 2350">
    <p class='ocr_par' dir='ltr' id='par_1_53' title="bbox 1997 2272 3639 2350">
     <span class='ocr_line' id='line_1_54' title="bbox 1997 2272 3639 2350; baseline -0.005 -15"><span class='ocrx_word' id='word_1_376' title='bbox 1997 2296 2093 2335; x_wconf 88' lang='lat' dir='ltr'>ars</span> <span class='ocrx_word' id='word_1_377' title='bbox 2126 2280 2475 2336; x_wconf 86' lang='lat' dir='ltr'>numerandi</span> <span class='ocrx_word' id='word_1_378' title='bbox 2508 2279 2651 2334; x_wconf 91' lang='lat' dir='ltr'>illud</span> <span class='ocrx_word' id='word_1_379' title='bbox 2684 2279 2841 2350; x_wconf 91' lang='lat' dir='ltr'>quod</span> <span class='ocrx_word' id='word_1_380' title='bbox 2891 2276 2951 2331; x_wconf 92' lang='lat' dir='ltr'>in</span> <span class='ocrx_word' id='word_1_381' title='bbox 3000 2274 3264 2331; x_wconf 88' lang='lat' dir='ltr'>numeris</span> <span class='ocrx_word' id='word_1_382' title='bbox 3292 2272 3639 2329; x_wconf 87' lang='lat' dir='ltr'>divisionem</span> 
     </span>
    </p>
   </div>
   <div class='ocr_carea' id='block_1_54' title="bbox 1996 2362 3640 2435">
    <p class='ocr_par' dir='ltr' id='par_1_54' title="bbox 1996 2362 3640 2435">
     <span class='ocr_line' id='line_1_55' title="bbox 1996 2362 3640 2435; baseline -0.005 -12"><span class='ocrx_word' id='word_1_383' title='bbox 1996 2368 2395 2425; x_wconf 88' lang='lat' dir='ltr'>multitudinis</span> <span class='ocrx_word' id='word_1_384' title='bbox 2428 2368 2623 2435; x_wconf 89' lang='lat' dir='ltr'>habet,</span> <span class='ocrx_word' id='word_1_385' title='bbox 2657 2369 2729 2424; x_wconf 88' lang='lat' dir='ltr'>ad</span> <span class='ocrx_word' id='word_1_386' title='bbox 2762 2368 2940 2423; x_wconf 83' lang='lat' dir='ltr'>tinem</span> <span class='ocrx_word' id='word_1_387' title='bbox 2972 2367 3166 2433; x_wconf 78' lang='lat' dir='ltr'>refert,</span> <span class='ocrx_word' id='word_1_388' title='bbox 3193 2363 3480 2419; x_wconf 89' lang='lat' dir='ltr'>unitatem</span> <span class='ocrx_word' id='word_1_389' title='bbox 3511 2362 3640 2433; x_wconf 88' lang='lat' dir='ltr'>qui-</span> 
     </span>
    </p>
   </div>
   <div class='ocr_carea' id='block_1_55' title="bbox 1994 2450 3631 2531">
    <p class='ocr_par' dir='ltr' id='par_1_55' title="bbox 1994 2450 3631 2531">
     <span class='ocr_line' id='line_1_56' title="bbox 1994 2450 3631 2531; baseline -0.006 -18"><span class='ocrx_word' id='word_1_390' title='bbox 1994 2458 2126 2513; x_wconf 89' lang='lat' dir='ltr'>dem</span> <span class='ocrx_word' id='word_1_391' title='bbox 2159 2458 2514 2531; x_wconf 90' lang='lat' dir='ltr'>principium</span> <span class='ocrx_word' id='word_1_392' title='bbox 2547 2458 2742 2513; x_wconf 89' lang='lat' dir='ltr'>omnis</span> <span class='ocrx_word' id='word_1_393' title='bbox 2792 2454 3022 2511; x_wconf 91' lang='lat' dir='ltr'>numeri</span> <span class='ocrx_word' id='word_1_394' title='bbox 3071 2453 3255 2526; x_wconf 88' lang='lat' dir='ltr'>ponit,</span> <span class='ocrx_word' id='word_1_395' title='bbox 3288 2450 3631 2507; x_wconf 87' lang='lat' dir='ltr'>dualitatem</span> 
     </span>
    </p>
   </div>
   <div class='ocr_carea' id='block_1_56' title="bbox 1992 2538 3633 2617">
    <p class='ocr_par' dir='ltr' id='par_1_56' title="bbox 1992 2538 3633 2617">
     <span class='ocr_line' id='line_1_57' title="bbox 1992 2538 3633 2617; baseline -0.007 -14"><span class='ocrx_word' id='word_1_396' title='bbox 1992 2564 2126 2603; x_wconf 89' lang='lat' dir='ltr'>vero</span> <span class='ocrx_word' id='word_1_397' title='bbox 2157 2562 2537 2603; x_wconf 90' lang='lat' dir='ltr'>numerorum</span> <span class='ocrx_word' id='word_1_398' title='bbox 2571 2547 2724 2603; x_wconf 71' lang='lat' dir='ltr'>I52</span> <span class='ocrx_word' id='word_1_399' title='bbox 2757 2544 3009 2617; x_wconf 88' lang='lat' dir='ltr'>parium.</span> <span class='ocrx_word' id='word_1_400' title='bbox 3042 2543 3241 2614; x_wconf 83' lang='lat' dir='ltr'>Itaque</span> <span class='ocrx_word' id='word_1_401' title='bbox 3276 2538 3633 2613; x_wconf 91' lang='lat' dir='ltr'>principium</span> 
     </span>
    </p>
   </div>
   <div class='ocr_carea' id='block_1_57' title="bbox 1993 2629 3635 2709">
    <p class='ocr_par' dir='ltr' id='par_1_57' title="bbox 1993 2629 3635 2709">
     <span class='ocr_line' id='line_1_58' title="bbox 1993 2629 3635 2709; baseline -0.007 -16"><span class='ocrx_word' id='word_1_402' title='bbox 1993 2638 2050 2693; x_wconf 92' lang='lat' dir='ltr'>in</span> <span class='ocrx_word' id='word_1_403' title='bbox 2088 2653 2441 2709; x_wconf 89' lang='lat' dir='ltr'>unoquoque</span> <span class='ocrx_word' id='word_1_404' title='bbox 2486 2651 2695 2708; x_wconf 86' lang='lat' dir='ltr'>genere</span> <span class='ocrx_word' id='word_1_405' title='bbox 2725 2634 2781 2688; x_wconf 79' lang='lat' dir='ltr'>id</span> <span class='ocrx_word' id='word_1_406' title='bbox 2816 2633 2970 2706; x_wconf 91' lang='lat' dir='ltr'>quod</span> <span class='ocrx_word' id='word_1_407' title='bbox 3003 2629 3511 2704; x_wconf 78' lang='lat' dir='ltr'>simplicissimum</span> <span class='ocrx_word' id='word_1_408' title='bbox 3544 2632 3635 2682; x_wconf 89' lang='lat' dir='ltr'>est</span> 
     </span>
    </p>
   </div>
   <div class='ocr_carea' id='block_1_58' title="bbox 1992 2715 3633 2796">
    <p class='ocr_par' dir='ltr' id='par_1_58' title="bbox 1992 2715 3633 2796">
     <span class='ocr_line' id='line_1_59' title="bbox 1992 2715 3633 2796; baseline -0.007 -15"><span class='ocrx_word' id='word_1_409' title='bbox 1992 2725 2267 2783; x_wconf 86' lang='lat' dir='ltr'>declarat.</span> <span class='ocrx_word' id='word_1_410' title='bbox 2299 2725 2599 2791; x_wconf 89' lang='lat' dir='ltr'>Quomodo</span> <span class='ocrx_word' id='word_1_411' title='bbox 2628 2723 2809 2796; x_wconf 81' lang='lat' dir='ltr'>igitur</span> <span class='ocrx_word' id='word_1_412' title='bbox 2834 2720 3087 2778; x_wconf 86' lang='lat' dir='ltr'>dualitas</span> <span class='ocrx_word' id='word_1_413' title='bbox 3119 2720 3383 2775; x_wconf 89' lang='lat' dir='ltr'>omnium</span> <span class='ocrx_word' id='word_1_414' title='bbox 3416 2715 3633 2789; x_wconf 89' lang='lat' dir='ltr'>princi-</span> 
     </span>
    </p>
   </div>
   <div class='ocr_carea' id='block_1_59' title="bbox 1991 2804 3634 2887">
    <p class='ocr_par' dir='ltr' id='par_1_59' title="bbox 1991 2804 3634 2887">
     <span class='ocr_line' id='line_1_60' title="bbox 1991 2804 3634 2887; baseline -0.006 -18"><span class='ocrx_word' id='word_1_415' title='bbox 1991 2816 2155 2887; x_wconf 89' lang='lat' dir='ltr'>pium</span> <span class='ocrx_word' id='word_1_416' title='bbox 2188 2814 2341 2870; x_wconf 86' lang='lat' dir='ltr'>erit?</span> <span class='ocrx_word' id='word_1_417' title='bbox 2372 2813 2627 2870; x_wconf 87' lang='lat' dir='ltr'>dualitas</span> <span class='ocrx_word' id='word_1_418' title='bbox 2656 2812 2814 2868; x_wconf 91' lang='lat' dir='ltr'>enim</span> <span class='ocrx_word' id='word_1_419' title='bbox 2860 2828 2975 2866; x_wconf 89' lang='lat' dir='ltr'>non</span> <span class='ocrx_word' id='word_1_420' title='bbox 3017 2813 3107 2866; x_wconf 89' lang='lat' dir='ltr'>est</span> <span class='ocrx_word' id='word_1_421' title='bbox 3138 2807 3388 2881; x_wconf 82' lang='lat' dir='ltr'>simplex</span> <span class='ocrx_word' id='word_1_422' title='bbox 3417 2804 3634 2878; x_wconf 88' lang='lat' dir='ltr'>princi-</span> 
     </span>
    </p>
   </div>
   <div class='ocr_carea' id='block_1_60' title="bbox 1991 2895 3636 2977">
    <p class='ocr_par' dir='ltr' id='par_1_60' title="bbox 1991 2895 3636 2977">
     <span class='ocr_line' id='line_1_61' title="bbox 1991 2895 3636 2977; baseline -0.006 -18"><span class='ocrx_word' id='word_1_423' title='bbox 1991 2906 2295 2977; x_wconf 89' lang='lat' dir='ltr'>pium,sed</span> <span class='ocrx_word' id='word_1_424' title='bbox 2320 2904 2713 2975; x_wconf 87' lang='lat' dir='ltr'>compositum</span> <span class='ocrx_word' id='word_1_425' title='bbox 2738 2919 2750 2957; x_wconf 90' lang='lat'><strong>:</strong></span> <span class='ocrx_word' id='word_1_426' title='bbox 2776 2900 2941 2974; x_wconf 86' lang='lat' dir='ltr'>atqui</span> <span class='ocrx_word' id='word_1_427' title='bbox 2967 2918 3084 2956; x_wconf 92' lang='lat' dir='ltr'>non</span> <span class='ocrx_word' id='word_1_428' title='bbox 3110 2906 3201 2955; x_wconf 73' lang='lat' dir='ltr'>est</span> <span class='ocrx_word' id='word_1_429' title='bbox 3220 2898 3363 2971; x_wconf 89' lang='lat' dir='ltr'>quid</span> <span class='ocrx_word' id='word_1_430' title='bbox 3384 2895 3636 2967; x_wconf 82' lang='lat' dir='ltr'>simplex</span> 
     </span>
    </p>
   </div>
   <div class='ocr_carea' id='block_1_61' title="bbox 1988 2985 3631 3067">
    <p class='ocr_par' dir='ltr' id='par_1_61' title="bbox 1988 2985 3631 3067">
     <span class='ocr_line' id='line_1_62' title="bbox 1988 2985 3631 3067; baseline -0.005 -18"><span class='ocrx_word' id='word_1_431' title='bbox 1988 2995 2343 3067; x_wconf 90' lang='lat' dir='ltr'>principium</span> <span class='ocrx_word' id='word_1_432' title='bbox 2367 2994 2521 3066; x_wconf 90' lang='lat' dir='ltr'>quod</span> <span class='ocrx_word' id='word_1_433' title='bbox 2548 2991 2967 3063; x_wconf 85' lang='lat' dir='ltr'>compositione</span> <span class='ocrx_word' id='word_1_434' title='bbox 2996 2992 3318 3056; x_wconf 85' lang='lat' dir='ltr'>constat,et</span> <span class='ocrx_word' id='word_1_435' title='bbox 3338 2985 3631 3059; x_wconf 90' lang='lat' dir='ltr'>quomodo</span> 
     </span>
    </p>
   </div>
   <div class='ocr_carea' id='block_1_62' title="bbox 1985 3075 3632 3155">
    <p class='ocr_par' dir='ltr' id='par_1_62' title="bbox 1985 3075 3632 3155">
     <span class='ocr_line' id='line_1_63' title="bbox 1985 3075 3632 3155; baseline -0.007 -15"><span class='ocrx_word' id='word_1_436' title='bbox 1985 3090 2291 3140; x_wconf 81' lang='lat' dir='ltr'>vocaretur</span> <span class='ocrx_word' id='word_1_437' title='bbox 2324 3081 2719 3155; x_wconf 80' lang='lat' dir='ltr'>principium?</span> <span class='ocrx_word' id='word_1_438' title='bbox 2748 3098 2884 3137; x_wconf 89' lang='lat' dir='ltr'>nam</span> <span class='ocrx_word' id='word_1_439' title='bbox 2916 3084 3051 3137; x_wconf 86' lang='lat' dir='ltr'>ante</span> <span class='ocrx_word' id='word_1_440' title='bbox 3100 3075 3493 3150; x_wconf 85' lang='lat' dir='ltr'>compositum</span> <span class='ocrx_word' id='word_1_441' title='bbox 3524 3075 3632 3131; x_wconf 88' lang='lat' dir='ltr'>hoc</span> 
     </span>
    </p>
   </div>
   <div class='ocr_carea' id='block_1_63' title="bbox 1987 3162 3635 3244">
    <p class='ocr_par' dir='ltr' id='par_1_63' title="bbox 1987 3162 3635 3244">
     <span class='ocr_line' id='line_1_64' title="bbox 1987 3162 3635 3244; baseline -0.005 -17"><span class='ocrx_word' id='word_1_442' title='bbox 1987 3172 2365 3244; x_wconf 83' lang='lat' dir='ltr'>principium,</span> <span class='ocrx_word' id='word_1_443' title='bbox 2388 3171 2534 3227; x_wconf 91' lang='lat' dir='ltr'>illud</span> <span class='ocrx_word' id='word_1_444' title='bbox 2558 3172 2712 3243; x_wconf 89' lang='lat' dir='ltr'>quod</span> <span class='ocrx_word' id='word_1_445' title='bbox 2739 3170 2968 3241; x_wconf 90' lang='lat' dir='ltr'>proprie</span> <span class='ocrx_word' id='word_1_446' title='bbox 2988 3174 3076 3225; x_wconf 87' lang='lat' dir='ltr'>est</span> <span class='ocrx_word' id='word_1_447' title='bbox 3102 3165 3479 3240; x_wconf 90' lang='lat' dir='ltr'>principium,</span> <span class='ocrx_word' id='word_1_448' title='bbox 3501 3162 3635 3233; x_wconf 89' lang='lat' dir='ltr'>erit,</span> 
     </span>
    </p>
   </div>
   <div class='ocr_carea' id='block_1_64' title="bbox 231 3255 3633 3333">
    <p class='ocr_par' dir='ltr' id='par_1_64' title="bbox 231 3255 3633 3333">
     <span class='ocr_line' id='line_1_65' title="bbox 231 3255 3633 3333; baseline 0 -24"><span class='ocrx_word' id='word_1_449' title='bbox 231 3271 433 3326; x_wconf 87' lang='lat' dir='ltr'>nempe</span> <span class='ocrx_word' id='word_1_450' title='bbox 480 3271 684 3325; x_wconf 89' lang='lat' dir='ltr'>unum,</span> <span class='ocrx_word' id='word_1_451' title='bbox 719 3255 953 3323; x_wconf 88' lang='lat' dir='ltr'>deinde,</span> <span class='ocrx_word' id='word_1_452' title='bbox 985 3257 1311 3314; x_wconf 83' lang='lat' dir='ltr'>unitatibus</span> <span class='ocrx_word' id='word_1_453' title='bbox 1365 3259 1728 3331; x_wconf 83' lang='lat' dir='ltr'>compositis,</span> <span class='ocrx_word' id='word_1_454' title='bbox 1756 3260 2014 3319; x_wconf 84' lang='lat' dir='ltr'>dualitas</span> <span class='ocrx_word' id='word_1_455' title='bbox 2062 3262 2380 3333; x_wconf 80' lang='lat' dir='ltr'>perficitur.</span> <span class='ocrx_word' id='word_1_456' title='bbox 2414 3261 2616 3332; x_wconf 87' lang='lat' dir='ltr'>Itaque</span> <span class='ocrx_word' id='word_1_457' title='bbox 2665 3260 2906 3315; x_wconf 90' lang='lat' dir='ltr'>omnino</span> <span class='ocrx_word' id='word_1_458' title='bbox 2956 3258 3337 3314; x_wconf 80' lang='lat' dir='ltr'>manifestum</span> <span class='ocrx_word' id='word_1_459' title='bbox 3384 3260 3474 3311; x_wconf 91' lang='lat' dir='ltr'>est</span> <span class='ocrx_word' id='word_1_460' title='bbox 3519 3270 3633 3310; x_wconf 91' lang='lat' dir='ltr'>non</span> 
     </span>
    </p>
   </div>
   <div class='ocr_carea' id='block_1_65' title="bbox 231 3344 1512 3420">
    <p class='ocr_par' dir='ltr' id='par_1_65' title="bbox 231 3344 1512 3420">
     <span class='ocr_line' id='line_1_66' title="bbox 231 3344 1512 3420; baseline 0.005 -22"><span class='ocrx_word' id='word_1_461' title='bbox 231 3345 548 3399; x_wconf 89' lang='lat' dir='ltr'>consistere</span> <span class='ocrx_word' id='word_1_462' title='bbox 577 3344 793 3415; x_wconf 83' lang='lat' dir='ltr'>dogma</span> <span class='ocrx_word' id='word_1_463' title='bbox 822 3346 893 3400; x_wconf 90' lang='lat' dir='ltr'>de</span> <span class='ocrx_word' id='word_1_464' title='bbox 922 3346 1154 3401; x_wconf 90' lang='lat' dir='ltr'>duobus</span> <span class='ocrx_word' id='word_1_465' title='bbox 1185 3348 1512 3420; x_wconf 79' lang='lat' dir='ltr'>principiis.</span> 
     </span>
    </p>
   </div>
   <div class='ocr_carea' id='block_1_66' title="bbox 294 3427 1881 3510">
    <p class='ocr_par' dir='ltr' id='par_1_66' title="bbox 294 3427 1876 3502">
     <span class='ocr_line' id='line_1_67' title="bbox 294 3427 1876 3502; baseline 0.004 -17"><span class='ocrx_word' id='word_1_466' title='bbox 294 3430 393 3485; x_wconf 80' lang='grc' dir='ltr'>Καὶ</span> <span class='ocrx_word' id='word_1_467' title='bbox 433 3430 540 3502; x_wconf 66' lang='grc' dir='ltr'>μὴν</span> <span class='ocrx_word' id='word_1_468' title='bbox 597 3427 723 3485; x_wconf 75' lang='grc' dir='ltr'>οὔτε</span> <span class='ocrx_word' id='word_1_469' title='bbox 772 3428 891 3489; x_wconf 87' lang='grc' dir='ltr'>δύο.</span> <span class='ocrx_word' id='word_1_470' title='bbox 934 3434 1059 3489; x_wconf 69' lang='lat' dir='ltr'>&quot;Ott</span> <span class='ocrx_word' id='word_1_471' title='bbox 1109 3432 1171 3487; x_wconf 82' lang='grc' dir='ltr'>ού</span> <span class='ocrx_word' id='word_1_472' title='bbox 1221 3430 1444 3490; x_wconf 84' lang='grc' dir='ltr'>δυνατὸν</span> <span class='ocrx_word' id='word_1_473' title='bbox 1497 3433 1593 3491; x_wconf 89' lang='grc' dir='ltr'>δύο</span> <span class='ocrx_word' id='word_1_474' title='bbox 1638 3434 1876 3499; x_wconf 82' lang='grc' dir='ltr'>ἐναντίας</span> 
     </span>
    </p>
   </div>
   <div class='ocr_carea' id='block_1_67' title="bbox 1999 3427 3634 3510">
    <p class='ocr_par' dir='ltr' id='par_1_67' title="bbox 2057 3432 3634 3510">
     <span class='ocr_line' id='line_1_68' title="bbox 2057 3432 3634 3510; baseline -0.004 -15"><span class='ocrx_word' id='word_1_475' title='bbox 2057 3441 2242 3510; x_wconf 81' lang='lat' dir='ltr'>Neque</span> <span class='ocrx_word' id='word_1_476' title='bbox 2271 3454 2396 3495; x_wconf 84' lang='lat' dir='ltr'>vero</span> <span class='ocrx_word' id='word_1_477' title='bbox 2433 3438 2563 3494; x_wconf 84' lang='lat' dir='ltr'>duo.</span> <span class='ocrx_word' id='word_1_478' title='bbox 2596 3434 2966 3507; x_wconf 88' lang='lat' dir='ltr'>Impossibile</span> <span class='ocrx_word' id='word_1_479' title='bbox 3015 3450 3146 3491; x_wconf 92' lang='lat' dir='ltr'>esse</span> <span class='ocrx_word' id='word_1_480' title='bbox 3192 3434 3308 3489; x_wconf 91' lang='lat' dir='ltr'>duo</span> <span class='ocrx_word' id='word_1_481' title='bbox 3338 3432 3634 3489; x_wconf 88' lang='lat' dir='ltr'>contraria</span> 
     </span>
    </p>
   </div>
   <div class='ocr_carea' id='block_1_68' title="bbox 229 3518 868 3594">
    <p class='ocr_par' dir='ltr' id='par_1_68' title="bbox 229 3518 868 3594">
     <span class='ocr_line' id='line_1_69' title="bbox 229 3518 868 3594; baseline 0.003 -22"><span class='ocrx_word' id='word_1_482' title='bbox 229 3518 395 3594; x_wconf 77' lang='grc' dir='ltr'>ἀρχὰς</span> <span class='ocrx_word' id='word_1_483' title='bbox 428 3518 684 3573; x_wconf 85' lang='grc' dir='ltr'>ἐναντίων</span> <span class='ocrx_word' id='word_1_484' title='bbox 712 3522 868 3579; x_wconf 87' lang='grc' dir='ltr'>εἴναι.</span> 
     </span>
    </p>
   </div>
   <div class='ocr_carea' id='block_1_69' title="bbox 291 3604 1431 3685">
    <p class='ocr_par' dir='ltr' id='par_1_69' title="bbox 291 3604 1431 3685">
     <span class='ocr_line' id='line_1_70' title="bbox 291 3604 1431 3685; baseline 0.004 -21"><span class='ocrx_word' id='word_1_485' title='bbox 291 3604 421 3664; x_wconf 73' lang='grc' dir='ltr'>Οὐδ’</span> <span class='ocrx_word' id='word_1_486' title='bbox 453 3606 607 3671; x_wconf 76' lang='grc' dir='ltr'>ἐκτὸς</span> <span class='ocrx_word' id='word_1_487' title='bbox 642 3604 979 3685; x_wconf 81' lang='grc' dir='ltr'>δυσχερείας.</span> <span class='ocrx_word' id='word_1_488' title='bbox 1014 3609 1129 3667; x_wconf 81' lang='grc' dir='ltr'>Οὐκ</span> <span class='ocrx_word' id='word_1_489' title='bbox 1159 3606 1431 3682; x_wconf 72' lang='grc' dir='ltr'>ἀϐλαϐής.</span> 
     </span>
    </p>
   </div>
   <div class='ocr_carea' id='block_1_70' title="bbox 288 3694 1873 3775">
    <p class='ocr_par' dir='ltr' id='par_1_70' title="bbox 288 3694 1873 3775">
     <span class='ocr_line' id='line_1_71' title="bbox 288 3694 1873 3775; baseline 0.003 -25"><span class='ocrx_word' id='word_1_490' title='bbox 288 3697 380 3750; x_wconf 87' lang='grc' dir='ltr'>Διὸ</span> <span class='ocrx_word' id='word_1_491' title='bbox 436 3696 529 3751; x_wconf 87' lang='grc' dir='ltr'>καὶ</span> <span class='ocrx_word' id='word_1_492' title='bbox 601 3694 736 3770; x_wconf 79' lang='grc' dir='ltr'>φίλα</span> <span class='ocrx_word' id='word_1_493' title='bbox 798 3699 866 3752; x_wconf 77' lang='grc' dir='ltr'>τὰ</span> <span class='ocrx_word' id='word_1_494' title='bbox 942 3699 1133 3775; x_wconf 82' lang='grc' dir='ltr'>ἀγαθά.</span> <span class='ocrx_word' id='word_1_495' title='bbox 1206 3699 1429 3770; x_wconf 81' lang='grc' dir='ltr'>Ἐπειδὴ</span> <span class='ocrx_word' id='word_1_496' title='bbox 1503 3704 1600 3755; x_wconf 92' lang='grc' dir='ltr'>τοῦ</span> <span class='ocrx_word' id='word_1_497' title='bbox 1676 3702 1873 3775; x_wconf 68' lang='grc' dir='ltr'>ἀγαθοό</span> 
     </span>
    </p>
   </div>
   <div class='ocr_carea' id='block_1_71' title="bbox 220 3784 1869 3864">
    <p class='ocr_par' dir='ltr' id='par_1_71' title="bbox 220 3784 1869 3864">
     <span class='ocr_line' id='line_1_72' title="bbox 220 3784 1869 3864; baseline 0.004 -26"><span class='ocrx_word' id='word_1_498' title='bbox 220 3784 383 3839; x_wconf 73' lang='grc' dir='ltr'>πάντα</span> <span class='ocrx_word' id='word_1_499' title='bbox 445 3787 689 3860; x_wconf 81' lang='grc' dir='ltr'>μετέχει,</span> <span class='ocrx_word' id='word_1_500' title='bbox 746 3787 836 3841; x_wconf 83' lang='grc' dir='ltr'>καὶ</span> <span class='ocrx_word' id='word_1_501' title='bbox 895 3788 1046 3860; x_wconf 80' lang='grc' dir='ltr'>αὐτῷ</span> <span class='ocrx_word' id='word_1_502' title='bbox 1101 3792 1181 3860; x_wconf 81' lang='grc' dir='ltr'>τῷ</span> <span class='ocrx_word' id='word_1_503' title='bbox 1238 3791 1370 3843; x_wconf 81' lang='grc' dir='ltr'>εἶναι</span> <span class='ocrx_word' id='word_1_504' title='bbox 1420 3788 1496 3851; x_wconf 80' lang='grc' dir='ltr'>εἷς</span> <span class='ocrx_word' id='word_1_505' title='bbox 1550 3790 1613 3844; x_wconf 88' lang='grc' dir='ltr'>τὸ</span> <span class='ocrx_word' id='word_1_506' title='bbox 1669 3789 1869 3864; x_wconf 86' lang='grc' dir='ltr'>ἀγαθὸν</span> 
     </span>
    </p>
   </div>
   <div class='ocr_carea' id='block_1_72' title="bbox 219 3871 1873 3949">
    <p class='ocr_par' dir='ltr' id='par_1_72' title="bbox 219 3871 1873 3949">
     <span class='ocr_line' id='line_1_73' title="bbox 219 3871 1873 3949; baseline 0.005 -24"><span class='ocrx_word' id='word_1_507' title='bbox 219 3871 518 3947; x_wconf 72' lang='grc' dir='ltr'>ἀνάγονται,</span> <span class='ocrx_word' id='word_1_508' title='bbox 547 3874 611 3928; x_wconf 87' lang='grc' dir='ltr'>τὸ</span> <span class='ocrx_word' id='word_1_509' title='bbox 661 3875 859 3949; x_wconf 85' lang='grc' dir='ltr'>ἀγαθὸν</span> <span class='ocrx_word' id='word_1_510' title='bbox 910 3874 999 3930; x_wconf 84' lang='grc' dir='ltr'>καὶ</span> <span class='ocrx_word' id='word_1_511' title='bbox 1045 3878 1109 3931; x_wconf 89' lang='grc' dir='ltr'>τὸ</span> <span class='ocrx_word' id='word_1_512' title='bbox 1157 3875 1324 3932; x_wconf 85' lang='grc' dir='ltr'>καλὸν</span> <span class='ocrx_word' id='word_1_513' title='bbox 1372 3881 1478 3932; x_wconf 92' lang='grc' dir='ltr'>τῶν</span> <span class='ocrx_word' id='word_1_514' title='bbox 1524 3877 1740 3933; x_wconf 77' lang='grc' dir='ltr'>πάντων</span> <span class='ocrx_word' id='word_1_515' title='bbox 1773 3878 1873 3933; x_wconf 84' lang='grc' dir='ltr'>ούκ</span> 
     </span>
    </p>
   </div>
   <div class='ocr_carea' id='block_1_73' title="bbox 216 3958 1871 4041">
    <p class='ocr_par' dir='ltr' id='par_1_73' title="bbox 216 3958 1871 4041">
     <span class='ocr_line' id='line_1_74' title="bbox 216 3958 1871 4041; baseline 0.005 -28"><span class='ocrx_word' id='word_1_516' title='bbox 216 3958 271 4013; x_wconf 79' lang='grc' dir='ltr'>ἃν</span> <span class='ocrx_word' id='word_1_517' title='bbox 304 3960 388 4033; x_wconf 73' lang='grc' dir='ltr'>εἴη</span> <span class='ocrx_word' id='word_1_518' title='bbox 421 3962 485 4017; x_wconf 86' lang='grc' dir='ltr'>τὸ</span> <span class='ocrx_word' id='word_1_519' title='bbox 515 3967 733 4038; x_wconf 90' lang='grc' dir='ltr'>πρῶτον</span> <span class='ocrx_word' id='word_1_520' title='bbox 781 3961 975 4033; x_wconf 85' lang='grc' dir='ltr'>καλὸν,</span> <span class='ocrx_word' id='word_1_521' title='bbox 1029 3963 1090 4020; x_wconf 85' lang='grc' dir='ltr'>οῦ</span> <span class='ocrx_word' id='word_1_522' title='bbox 1139 3966 1313 4021; x_wconf 86' lang='grc' dir='ltr'>πάντα</span> <span class='ocrx_word' id='word_1_523' title='bbox 1362 3967 1679 4041; x_wconf 82' lang='grc' dir='ltr'>μετέχοντα,</span> <span class='ocrx_word' id='word_1_524' title='bbox 1728 3964 1871 4022; x_wconf 80' lang='grc' dir='ltr'>καλὰ</span> 
     </span>
    </p>
   </div>
   <div class='ocr_carea' id='block_1_74' title="bbox 213 4051 1867 4129">
    <p class='ocr_par' dir='ltr' id='par_1_74' title="bbox 213 4051 1867 4129">
     <span class='ocr_line' id='line_1_75' title="bbox 213 4051 1867 4129; baseline 0.005 -25"><span class='ocrx_word' id='word_1_525' title='bbox 213 4051 473 4124; x_wconf 85' lang='grc' dir='ltr'>γίνονται,</span> <span class='ocrx_word' id='word_1_526' title='bbox 519 4052 859 4124; x_wconf 75' lang='grc' dir='ltr'>ὁμοιωθέντα</span> <span class='ocrx_word' id='word_1_527' title='bbox 905 4074 1024 4116; x_wconf 87' lang='grc' dir='ltr'>πως</span> <span class='ocrx_word' id='word_1_528' title='bbox 1083 4058 1152 4129; x_wconf 80' lang='grc' dir='ltr'>τῇ</span> <span class='ocrx_word' id='word_1_529' title='bbox 1215 4054 1518 4129; x_wconf 79' lang='grc' dir='ltr'>μεταλήψει</span> <span class='ocrx_word' id='word_1_530' title='bbox 1561 4061 1640 4128; x_wconf 81' lang='grc' dir='ltr'>τῷ</span> <span class='ocrx_word' id='word_1_531' title='bbox 1689 4054 1867 4129; x_wconf 87' lang='grc' dir='ltr'>καλῷ,</span> 
     </span>
    </p>
   </div>
   <div class='ocr_carea' id='block_1_75' title="bbox 211 4136 1868 4221">
    <p class='ocr_par' dir='ltr' id='par_1_75' title="bbox 211 4136 1868 4221">
     <span class='ocr_line' id='line_1_76' title="bbox 211 4136 1868 4221; baseline 0.003 -28"><span class='ocrx_word' id='word_1_532' title='bbox 211 4137 356 4208; x_wconf 73' lang='grc' dir='ltr'>πλὴν</span> <span class='ocrx_word' id='word_1_533' title='bbox 389 4136 594 4213; x_wconf 84' lang='grc' dir='ltr'>πολλῷ</span> <span class='ocrx_word' id='word_1_534' title='bbox 641 4138 991 4215; x_wconf 87' lang='grc' dir='ltr'>ἀμυδρότατα</span> <span class='ocrx_word' id='word_1_535' title='bbox 1035 4144 1326 4215; x_wconf 84' lang='grc' dir='ltr'>ὁμοιοῦται</span> <span class='ocrx_word' id='word_1_536' title='bbox 1372 4148 1470 4199; x_wconf 86' lang='grc' dir='ltr'>τοῦ</span> <span class='ocrx_word' id='word_1_537' title='bbox 1518 4143 1634 4207; x_wconf 73' lang='grc' dir='ltr'>ἑνὸς</span> <span class='ocrx_word' id='word_1_538' title='bbox 1666 4144 1868 4221; x_wconf 86' lang='grc' dir='ltr'>ἀγαθοῦ</span> 
     </span>
    </p>
   </div>
   <div class='ocr_carea' id='block_1_76' title="bbox 212 4227 1863 4307">
    <p class='ocr_par' dir='ltr' id='par_1_76' title="bbox 212 4227 1863 4307">
     <span class='ocr_line' id='line_1_77' title="bbox 212 4227 1863 4307; baseline 0.004 -25"><span class='ocrx_word' id='word_1_539' title='bbox 212 4229 299 4283; x_wconf 73' lang='grc' dir='ltr'>καί</span> <span class='ocrx_word' id='word_1_540' title='bbox 353 4227 553 4299; x_wconf 87' lang='grc' dir='ltr'>καλοῦ,</span> <span class='ocrx_word' id='word_1_541' title='bbox 632 4229 872 4307; x_wconf 87' lang='grc' dir='ltr'>καθάπερ</span> <span class='ocrx_word' id='word_1_542' title='bbox 951 4230 1251 4306; x_wconf 78' lang='grc' dir='ltr'>αὐξομένου</span> <span class='ocrx_word' id='word_1_543' title='bbox 1326 4234 1416 4289; x_wconf 83' lang='grc' dir='ltr'>καὶ</span> <span class='ocrx_word' id='word_1_544' title='bbox 1475 4233 1550 4296; x_wconf 77' lang='grc' dir='ltr'>εἰς</span> <span class='ocrx_word' id='word_1_545' title='bbox 1602 4236 1702 4303; x_wconf 75' lang='grc' dir='ltr'>τὴν</span> <span class='ocrx_word' id='word_1_546' title='bbox 1756 4238 1863 4289; x_wconf 87' lang='grc' dir='ltr'>τῶν</span> 
     </span>
    </p>
   </div>
   <div class='ocr_carea' id='block_1_77' title="bbox 211 4315 1869 4396">
    <p class='ocr_par' dir='ltr' id='par_1_77' title="bbox 211 4315 1869 4396">
     <span class='ocr_line' id='line_1_78' title="bbox 211 4315 1869 4396; baseline 0.004 -26"><span class='ocrx_word' id='word_1_547' title='bbox 211 4315 396 4372; x_wconf 86' lang='grc' dir='ltr'>καλῶν</span> <span class='ocrx_word' id='word_1_548' title='bbox 454 4316 611 4396; x_wconf 77' lang='grc' dir='ltr'>φύσιν</span> <span class='ocrx_word' id='word_1_549' title='bbox 670 4317 1085 4396; x_wconf 68' lang='grc' dir='ltr'>ἔκφαινομένουο</span> <span class='ocrx_word' id='word_1_550' title='bbox 1146 4320 1286 4392; x_wconf 73' lang='grc' dir='ltr'>ὅθεν,</span> <span class='ocrx_word' id='word_1_551' title='bbox 1343 4322 1434 4377; x_wconf 84' lang='grc' dir='ltr'>καὶ</span> <span class='ocrx_word' id='word_1_552' title='bbox 1500 4324 1673 4378; x_wconf 82' lang='grc' dir='ltr'>πάντα</span> <span class='ocrx_word' id='word_1_553' title='bbox 1724 4321 1869 4378; x_wconf 86' lang='grc' dir='ltr'>καλᾶ</span> 
     </span>
    </p>
   </div>
   <div class='ocr_carea' id='block_1_78' title="bbox 212 4403 1865 4486">
    <p class='ocr_par' dir='ltr' id='par_1_78' title="bbox 212 4403 1865 4486">
     <span class='ocr_line' id='line_1_79' title="bbox 212 4403 1865 4486; baseline 0.005 -27"><span class='ocrx_word' id='word_1_554' title='bbox 212 4403 351 4464; x_wconf 82' lang='grc' dir='ltr'>λίαν,</span> <span class='ocrx_word' id='word_1_555' title='bbox 382 4410 449 4462; x_wconf 83' lang='grc' dir='ltr'><strong>Ἠ</strong></span> <span class='ocrx_word' id='word_1_556' title='bbox 501 4403 558 4461; x_wconf 74' lang='grc' dir='ltr'>δὲ</span> <span class='ocrx_word' id='word_1_557' title='bbox 603 4411 711 4462; x_wconf 89' lang='grc' dir='ltr'>τῶν</span> <span class='ocrx_word' id='word_1_558' title='bbox 763 4406 948 4463; x_wconf 91' lang='grc' dir='ltr'>καλῶν</span> <span class='ocrx_word' id='word_1_559' title='bbox 983 4407 1140 4486; x_wconf 77' lang='grc' dir='ltr'>φύσις</span> <span class='ocrx_word' id='word_1_560' title='bbox 1169 4454 1183 4481; x_wconf 93' lang='grc'>,</span> <span class='ocrx_word' id='word_1_561' title='bbox 1234 4415 1501 4486; x_wconf 83' lang='grc' dir='ltr'>προϊοῦσα</span> <span class='ocrx_word' id='word_1_562' title='bbox 1541 4410 1677 4467; x_wconf 88' lang='grc' dir='ltr'>κατά</span> <span class='ocrx_word' id='word_1_563' title='bbox 1718 4411 1865 4476; x_wconf 83' lang='grc' dir='ltr'>πλῆ-</span> 
     </span>
    </p>
   </div>
   <div class='ocr_carea' id='block_1_79' title="bbox 215 4492 1865 4572">
    <p class='ocr_par' dir='ltr' id='par_1_79' title="bbox 215 4492 1865 4572">
     <span class='ocr_line' id='line_1_80' title="bbox 215 4492 1865 4572; baseline 0.002 -22"><span class='ocrx_word' id='word_1_564' title='bbox 215 4505 323 4565; x_wconf 85' lang='grc' dir='ltr'>θος,</span> <span class='ocrx_word' id='word_1_565' title='bbox 355 4492 468 4565; x_wconf 83' lang='grc' dir='ltr'>ἤδη</span> <span class='ocrx_word' id='word_1_566' title='bbox 521 4516 639 4557; x_wconf 89' lang='grc' dir='ltr'>πως</span> <span class='ocrx_word' id='word_1_567' title='bbox 692 4496 785 4549; x_wconf 84' lang='grc' dir='ltr'>καὶ</span> <span class='ocrx_word' id='word_1_568' title='bbox 838 4495 914 4558; x_wconf 81' lang='grc' dir='ltr'>είς</span> <span class='ocrx_word' id='word_1_569' title='bbox 962 4496 1031 4551; x_wconf 80' lang='grc' dir='ltr'>τὰ</span> <span class='ocrx_word' id='word_1_570' title='bbox 1059 4496 1303 4567; x_wconf 87' lang='grc' dir='ltr'>σύνθετα,</span> <span class='ocrx_word' id='word_1_571' title='bbox 1336 4497 1368 4552; x_wconf 78' lang='grc' dir='ltr'><strong>ἃ</strong></span> <span class='ocrx_word' id='word_1_572' title='bbox 1400 4497 1465 4568; x_wconf 80' lang='grc' dir='ltr'>δὴ</span> <span class='ocrx_word' id='word_1_573' title='bbox 1499 4499 1588 4554; x_wconf 86' lang='grc' dir='ltr'>καὶ</span> <span class='ocrx_word' id='word_1_574' title='bbox 1628 4498 1865 4572; x_wconf 75' lang='grc' dir='ltr'>μάλιστα</span> 
     </span>
    </p>
   </div>
   <div class='ocr_carea' id='block_1_80' title="bbox 213 4582 1863 4660">
    <p class='ocr_par' dir='ltr' id='par_1_80' title="bbox 213 4582 1863 4660">
     <span class='ocr_line' id='line_1_81' title="bbox 213 4582 1863 4660; baseline 0.004 -23"><span class='ocrx_word' id='word_1_575' title='bbox 213 4582 349 4637; x_wconf 81' lang='grc' dir='ltr'>καλά</span> <span class='ocrx_word' id='word_1_576' title='bbox 398 4582 618 4647; x_wconf 79' lang='grc' dir='ltr'>εἰώθασι</span> <span class='ocrx_word' id='word_1_577' title='bbox 666 4583 850 4639; x_wconf 82' lang='grc' dir='ltr'>καλεῖν</span> <span class='ocrx_word' id='word_1_578' title='bbox 884 4586 937 4639; x_wconf 79' lang='grc' dir='ltr'>οἱ</span> <span class='ocrx_word' id='word_1_579' title='bbox 986 4582 1283 4660; x_wconf 73' lang='grc' dir='ltr'>ἄνθρωποι,</span> <span class='ocrx_word' id='word_1_580' title='bbox 1317 4584 1695 4642; x_wconf 82' lang='grc' dir='ltr'>ἀποδείκνυται</span> <span class='ocrx_word' id='word_1_581' title='bbox 1722 4587 1863 4643; x_wconf 84' lang='grc' dir='ltr'>πολ-</span> 
     </span>
    </p>
   </div>
   <div class='ocr_carea' id='block_1_81' title="bbox 1985 3525 2916 3599">
    <p class='ocr_par' dir='ltr' id='par_1_81' title="bbox 1985 3525 2916 3599">
     <span class='ocr_line' id='line_1_82' title="bbox 1985 3525 2916 3599; baseline -0.001 -18"><span class='ocrx_word' id='word_1_582' title='bbox 1985 3527 2276 3599; x_wconf 88' lang='lat' dir='ltr'>principia</span> <span class='ocrx_word' id='word_1_583' title='bbox 2307 3525 2735 3583; x_wconf 89' lang='lat' dir='ltr'>contrariorum</span> <span class='ocrx_word' id='word_1_584' title='bbox 2766 3541 2916 3581; x_wconf 87' lang='lat' dir='ltr'>esse.</span> 
     </span>
    </p>
   </div>
   <div class='ocr_carea' id='block_1_82' title="bbox 2054 3610 3299 3686">
    <p class='ocr_par' dir='ltr' id='par_1_82' title="bbox 2054 3610 3299 3686">
     <span class='ocr_line' id='line_1_83' title="bbox 2054 3610 3299 3686; baseline -0.002 -16"><span class='ocrx_word' id='word_1_585' title='bbox 2054 3617 2242 3686; x_wconf 85' lang='lat' dir='ltr'>Neque</span> <span class='ocrx_word' id='word_1_586' title='bbox 2270 3631 2471 3671; x_wconf 76' lang='lat' dir='ltr'>vacuus</span> <span class='ocrx_word' id='word_1_587' title='bbox 2500 3613 2777 3670; x_wconf 75' lang='lat' dir='ltr'>molestia.</span> <span class='ocrx_word' id='word_1_588' title='bbox 2812 3614 2935 3669; x_wconf 91' lang='lat' dir='ltr'>Non</span> <span class='ocrx_word' id='word_1_589' title='bbox 2965 3610 3299 3668; x_wconf 89' lang='lat' dir='ltr'>incolumis.</span> 
     </span>
    </p>
   </div>
   <div class='ocr_carea' id='block_1_83' title="bbox 2051 3698 3629 3776">
    <p class='ocr_par' dir='ltr' id='par_1_83' title="bbox 2051 3698 3629 3776">
     <span class='ocr_line' id='line_1_84' title="bbox 2051 3698 3629 3776; baseline -0.003 -17"><span class='ocrx_word' id='word_1_590' title='bbox 2051 3706 2347 3775; x_wconf 80' lang='lat' dir='ltr'>Propterea</span> <span class='ocrx_word' id='word_1_591' title='bbox 2374 3704 2517 3776; x_wconf 85' lang='lat' dir='ltr'>quod</span> <span class='ocrx_word' id='word_1_592' title='bbox 2546 3704 2716 3759; x_wconf 80' lang='lat' dir='ltr'>etiam</span> <span class='ocrx_word' id='word_1_593' title='bbox 2764 3704 2905 3759; x_wconf 84' lang='lat' dir='ltr'>bona</span> <span class='ocrx_word' id='word_1_594' title='bbox 2944 3712 3074 3758; x_wconf 73' lang='lat' dir='ltr'>sunt</span> <span class='ocrx_word' id='word_1_595' title='bbox 3116 3703 3326 3758; x_wconf 81' lang='lat' dir='ltr'>amica.</span> <span class='ocrx_word' id='word_1_596' title='bbox 3359 3698 3629 3766; x_wconf 82' lang='lat' dir='ltr'>Quando-</span> 
     </span>
    </p>
   </div>
   <div class='ocr_carea' id='block_1_84' title="bbox 1981 3788 3629 3865">
    <p class='ocr_par' dir='ltr' id='par_1_84' title="bbox 1981 3788 3629 3865">
     <span class='ocr_line' id='line_1_85' title="bbox 1981 3788 3629 3865; baseline -0.004 -17"><span class='ocrx_word' id='word_1_597' title='bbox 1981 3793 2221 3865; x_wconf 90' lang='lat' dir='ltr'>quidem</span> <span class='ocrx_word' id='word_1_598' title='bbox 2261 3800 2473 3849; x_wconf 91' lang='lat' dir='ltr'>cuncta</span> <span class='ocrx_word' id='word_1_599' title='bbox 2518 3793 2739 3850; x_wconf 92' lang='lat' dir='ltr'>bonum</span> <span class='ocrx_word' id='word_1_600' title='bbox 2796 3792 3168 3865; x_wconf 88' lang='lat' dir='ltr'>participant,</span> <span class='ocrx_word' id='word_1_601' title='bbox 3200 3796 3257 3845; x_wconf 92' lang='lat' dir='ltr'>et</span> <span class='ocrx_word' id='word_1_602' title='bbox 3300 3790 3429 3861; x_wconf 87' lang='lat' dir='ltr'>ipsa</span> <span class='ocrx_word' id='word_1_603' title='bbox 3479 3788 3629 3844; x_wconf 82' lang='lat' dir='ltr'>exsi-</span> 
     </span>
    </p>
   </div>
   <div class='ocr_carea' id='block_1_85' title="bbox 1981 3877 3631 3952">
    <p class='ocr_par' dir='ltr' id='par_1_85' title="bbox 1981 3877 3631 3952">
     <span class='ocr_line' id='line_1_86' title="bbox 1981 3877 3631 3952; baseline -0.003 -15"><span class='ocrx_word' id='word_1_604' title='bbox 1981 3883 2199 3938; x_wconf 85' lang='lat' dir='ltr'>stentia</span> <span class='ocrx_word' id='word_1_605' title='bbox 2228 3883 2300 3939; x_wconf 90' lang='lat' dir='ltr'>ad</span> <span class='ocrx_word' id='word_1_606' title='bbox 2334 3883 2556 3939; x_wconf 90' lang='lat' dir='ltr'>bonum</span> <span class='ocrx_word' id='word_1_607' title='bbox 2600 3883 2996 3949; x_wconf 90' lang='lat' dir='ltr'>adducuntur,</span> <span class='ocrx_word' id='word_1_608' title='bbox 3031 3881 3188 3952; x_wconf 92' lang='lat' dir='ltr'>quod</span> <span class='ocrx_word' id='word_1_609' title='bbox 3230 3878 3497 3934; x_wconf 90' lang='lat' dir='ltr'>omnium</span> <span class='ocrx_word' id='word_1_610' title='bbox 3529 3877 3631 3933; x_wconf 90' lang='lat' dir='ltr'>bo-</span> 
     </span>
    </p>
   </div>
   <div class='ocr_carea' id='block_1_86' title="bbox 1978 3968 3630 4043">
    <p class='ocr_par' dir='ltr' id='par_1_86' title="bbox 1978 3968 3630 4043">
     <span class='ocr_line' id='line_1_87' title="bbox 1978 3968 3630 4043; baseline -0.003 -17"><span class='ocrx_word' id='word_1_611' title='bbox 1978 3987 2119 4026; x_wconf 89' lang='lat' dir='ltr'>num</span> <span class='ocrx_word' id='word_1_612' title='bbox 2152 3975 2208 4026; x_wconf 87' lang='lat' dir='ltr'>et</span> <span class='ocrx_word' id='word_1_613' title='bbox 2238 3970 2547 4043; x_wconf 89' lang='lat' dir='ltr'>pulchrum</span> <span class='ocrx_word' id='word_1_614' title='bbox 2582 3976 2691 4038; x_wconf 88' lang='lat' dir='ltr'>est,</span> <span class='ocrx_word' id='word_1_615' title='bbox 2726 3971 2982 4041; x_wconf 86' lang='lat' dir='ltr'>primum</span> <span class='ocrx_word' id='word_1_616' title='bbox 3016 3968 3333 4041; x_wconf 91' lang='lat' dir='ltr'>pulchrum</span> <span class='ocrx_word' id='word_1_617' title='bbox 3364 3983 3493 4023; x_wconf 89' lang='lat' dir='ltr'>esse</span> <span class='ocrx_word' id='word_1_618' title='bbox 3525 3982 3630 4021; x_wconf 90' lang='lat' dir='ltr'>ne-</span> 
     </span>
    </p>
   </div>
   <div class='ocr_carea' id='block_1_87' title="bbox 1977 4056 3631 4131">
    <p class='ocr_par' dir='ltr' id='par_1_87' title="bbox 1977 4056 3631 4131">
     <span class='ocr_line' id='line_1_88' title="bbox 1977 4056 3631 4131; baseline -0.003 -18"><span class='ocrx_word' id='word_1_619' title='bbox 1977 4059 2124 4130; x_wconf 89' lang='lat' dir='ltr'>quit,</span> <span class='ocrx_word' id='word_1_620' title='bbox 2157 4076 2273 4131; x_wconf 92' lang='lat' dir='ltr'>quo</span> <span class='ocrx_word' id='word_1_621' title='bbox 2321 4060 2596 4116; x_wconf 85' lang='lat' dir='ltr'>universa</span> <span class='ocrx_word' id='word_1_622' title='bbox 2643 4060 3020 4131; x_wconf 87' lang='lat' dir='ltr'>participant,</span> <span class='ocrx_word' id='word_1_623' title='bbox 3054 4061 3111 4114; x_wconf 85' lang='lat' dir='ltr'>et</span> <span class='ocrx_word' id='word_1_624' title='bbox 3160 4057 3408 4130; x_wconf 90' lang='lat' dir='ltr'>pulchra</span> <span class='ocrx_word' id='word_1_625' title='bbox 3456 4056 3631 4124; x_wconf 85' lang='lat' dir='ltr'>fiunt,</span> 
     </span>
    </p>
   </div>
   <div class='ocr_carea' id='block_1_88' title="bbox 1976 4143 3631 4220">
    <p class='ocr_par' dir='ltr' id='par_1_88' title="bbox 1976 4143 3631 4220">
     <span class='ocr_line' id='line_1_89' title="bbox 1976 4143 3631 4220; baseline -0.002 -18"><span class='ocrx_word' id='word_1_626' title='bbox 1976 4148 2119 4203; x_wconf 88' lang='lat' dir='ltr'>dum</span> <span class='ocrx_word' id='word_1_627' title='bbox 2142 4149 2399 4220; x_wconf 88' lang='lat' dir='ltr'>quadam</span> <span class='ocrx_word' id='word_1_628' title='bbox 2430 4148 2653 4204; x_wconf 86' lang='lat' dir='ltr'>ratione</span> <span class='ocrx_word' id='word_1_629' title='bbox 2680 4147 2924 4218; x_wconf 91' lang='lat' dir='ltr'>pulchro</span> <span class='ocrx_word' id='word_1_630' title='bbox 2948 4146 3167 4202; x_wconf 88' lang='lat' dir='ltr'>similia</span> <span class='ocrx_word' id='word_1_631' title='bbox 3190 4162 3289 4217; x_wconf 89' lang='lat' dir='ltr'>per</span> <span class='ocrx_word' id='word_1_632' title='bbox 3321 4143 3631 4216; x_wconf 85' lang='lat' dir='ltr'>participa-</span> 
     </span>
    </p>
   </div>
   <div class='ocr_carea' id='block_1_89' title="bbox 1975 4232 3629 4306">
    <p class='ocr_par' dir='ltr' id='par_1_89' title="bbox 1975 4232 3629 4306">
     <span class='ocr_line' id='line_1_90' title="bbox 1975 4232 3629 4306; baseline -0.002 -16"><span class='ocrx_word' id='word_1_633' title='bbox 1975 4236 2197 4291; x_wconf 85' lang='lat' dir='ltr'>tionem</span> <span class='ocrx_word' id='word_1_634' title='bbox 2250 4237 2606 4305; x_wconf 82' lang='lat' dir='ltr'>etﬁciuntur,</span> <span class='ocrx_word' id='word_1_635' title='bbox 2648 4236 2759 4291; x_wconf 89' lang='lat' dir='ltr'>etsi</span> <span class='ocrx_word' id='word_1_636' title='bbox 2817 4252 2991 4306; x_wconf 87' lang='lat' dir='ltr'>quam</span> <span class='ocrx_word' id='word_1_637' title='bbox 3051 4233 3469 4289; x_wconf 88' lang='lat' dir='ltr'>obscurissime</span> <span class='ocrx_word' id='word_1_638' title='bbox 3526 4232 3629 4287; x_wconf 90' lang='lat' dir='ltr'>uni</span> 
     </span>
    </p>
   </div>
   <div class='ocr_carea' id='block_1_90' title="bbox 1975 4320 3626 4397">
    <p class='ocr_par' dir='ltr' id='par_1_90' title="bbox 1975 4320 3626 4397">
     <span class='ocr_line' id='line_1_91' title="bbox 1975 4320 3626 4397; baseline -0.003 -18"><span class='ocrx_word' id='word_1_639' title='bbox 1975 4325 2129 4380; x_wconf 87' lang='lat' dir='ltr'>bono</span> <span class='ocrx_word' id='word_1_640' title='bbox 2160 4330 2217 4381; x_wconf 91' lang='lat' dir='ltr'>et</span> <span class='ocrx_word' id='word_1_641' title='bbox 2246 4324 2489 4397; x_wconf 91' lang='lat' dir='ltr'>pulchro</span> <span class='ocrx_word' id='word_1_642' title='bbox 2533 4328 2815 4395; x_wconf 89' lang='lat' dir='ltr'>tanquam</span> <span class='ocrx_word' id='word_1_643' title='bbox 2865 4324 3151 4378; x_wconf 89' lang='lat' dir='ltr'>crescenti</span> <span class='ocrx_word' id='word_1_644' title='bbox 3199 4326 3374 4393; x_wconf 87' lang='lat' dir='ltr'>atque</span> <span class='ocrx_word' id='word_1_645' title='bbox 3405 4322 3465 4375; x_wconf 91' lang='lat' dir='ltr'>in</span> <span class='ocrx_word' id='word_1_646' title='bbox 3497 4320 3626 4391; x_wconf 86' lang='lat' dir='ltr'>pul-</span> 
     </span>
    </p>
   </div>
   <div class='ocr_carea' id='block_1_91' title="bbox 1976 4409 3628 4484">
    <p class='ocr_par' dir='ltr' id='par_1_91' title="bbox 1976 4409 3628 4484">
     <span class='ocr_line' id='line_1_92' title="bbox 1976 4409 3628 4484; baseline -0.003 -17"><span class='ocrx_word' id='word_1_647' title='bbox 1976 4412 2251 4468; x_wconf 91' lang='lat' dir='ltr'>chrorum</span> <span class='ocrx_word' id='word_1_648' title='bbox 2302 4419 2511 4469; x_wconf 85' lang='lat' dir='ltr'>natura</span> <span class='ocrx_word' id='word_1_649' title='bbox 2562 4412 2867 4484; x_wconf 88' lang='lat' dir='ltr'>apparenti</span> <span class='ocrx_word' id='word_1_650' title='bbox 2918 4409 3353 4477; x_wconf 85' lang='lat' dir='ltr'>assimilentur;</span> <span class='ocrx_word' id='word_1_651' title='bbox 3386 4409 3541 4464; x_wconf 92' lang='lat' dir='ltr'>unde</span> <span class='ocrx_word' id='word_1_652' title='bbox 3570 4412 3628 4463; x_wconf 91' lang='lat' dir='ltr'>et</span> 
     </span>
    </p>
   </div>
   <div class='ocr_carea' id='block_1_92' title="bbox 1973 4497 3624 4573">
    <p class='ocr_par' dir='ltr' id='par_1_92' title="bbox 1973 4497 3624 4573">
     <span class='ocr_line' id='line_1_93' title="bbox 1973 4497 3624 4573; baseline -0.002 -16"><span class='ocrx_word' id='word_1_653' title='bbox 1973 4503 2162 4557; x_wconf 81' lang='lat' dir='ltr'>omnia</span> <span class='ocrx_word' id='word_1_654' title='bbox 2206 4501 2451 4573; x_wconf 79' lang='lat' dir='ltr'>pulchra</span> <span class='ocrx_word' id='word_1_655' title='bbox 2496 4502 2675 4557; x_wconf 84' lang='lat' dir='ltr'>valde.</span> <span class='ocrx_word' id='word_1_656' title='bbox 2710 4501 3095 4558; x_wconf 87' lang='lat' dir='ltr'>Pulchrorum</span> <span class='ocrx_word' id='word_1_657' title='bbox 3141 4514 3276 4554; x_wconf 86' lang='lat' dir='ltr'>vero</span> <span class='ocrx_word' id='word_1_658' title='bbox 3326 4502 3536 4554; x_wconf 88' lang='lat' dir='ltr'>natura</span> <span class='ocrx_word' id='word_1_659' title='bbox 3565 4497 3624 4553; x_wconf 89' lang='lat' dir='ltr'>in</span> 
     </span>
    </p>
   </div>
   <div class='ocr_carea' id='block_1_93' title="bbox 1974 4586 3625 4663">
    <p class='ocr_par' dir='ltr' id='par_1_93' title="bbox 1974 4586 3625 4663">
     <span class='ocr_line' id='line_1_94' title="bbox 1974 4586 3625 4663; baseline -0.003 -17"><span class='ocrx_word' id='word_1_660' title='bbox 1974 4589 2355 4646; x_wconf 88' lang='lat' dir='ltr'>multitudine</span> <span class='ocrx_word' id='word_1_661' title='bbox 2386 4606 2719 4663; x_wconf 88' lang='lat' dir='ltr'>progressa,</span> <span class='ocrx_word' id='word_1_662' title='bbox 2748 4591 2868 4661; x_wconf 88' lang='lat' dir='ltr'>jam</span> <span class='ocrx_word' id='word_1_663' title='bbox 2903 4604 3137 4661; x_wconf 90' lang='lat' dir='ltr'>quoque</span> <span class='ocrx_word' id='word_1_664' title='bbox 3182 4588 3243 4643; x_wconf 92' lang='lat' dir='ltr'>in</span> <span class='ocrx_word' id='word_1_665' title='bbox 3277 4586 3625 4660; x_wconf 83' lang='lat' dir='ltr'>compositis</span> 
     </span>
    </p>
   </div>
   <div class='ocr_carea' id='block_1_94' title="bbox 215 4668 1881 4750">
    <p class='ocr_par' dir='ltr' id='par_1_94' title="bbox 215 4668 1860 4747">
     <span class='ocr_line' id='line_1_95' title="bbox 215 4668 1860 4747; baseline 0.004 -23"><span class='ocrx_word' id='word_1_666' title='bbox 215 4668 401 4747; x_wconf 79' lang='grc' dir='ltr'>λαχῶς</span> <span class='ocrx_word' id='word_1_667' title='bbox 446 4677 546 4727; x_wconf 90' lang='grc' dir='ltr'>τοῦ</span> <span class='ocrx_word' id='word_1_668' title='bbox 593 4676 760 4728; x_wconf 86' lang='grc' dir='ltr'>κακοῦ</span> <span class='ocrx_word' id='word_1_669' title='bbox 808 4675 850 4710; x_wconf 73' lang='grc'>⁸⁷</span> <span class='ocrx_word' id='word_1_670' title='bbox 900 4676 1280 4747; x_wconf 76' lang='grc' dir='ltr'>συντιθεμένου</span> <span class='ocrx_word' id='word_1_671' title='bbox 1328 4674 1418 4730; x_wconf 86' lang='grc' dir='ltr'>καὶ</span> <span class='ocrx_word' id='word_1_672' title='bbox 1447 4676 1584 4731; x_wconf 87' lang='grc' dir='ltr'>κατὰ</span> <span class='ocrx_word' id='word_1_673' title='bbox 1608 4675 1860 4739; x_wconf 78' lang='grc' dir='ltr'>πολλοὺς</span> 
     </span>
    </p>
   </div>
   <div class='ocr_carea' id='block_1_95' title="bbox 1999 4668 3624 4750">
    <p class='ocr_par' dir='ltr' id='par_1_95' title="bbox 1999 4676 3624 4750">
     <span class='ocr_line' id='line_1_96' title="bbox 1999 4676 3624 4750; baseline -0.002 -15"><span class='ocrx_word' id='word_1_674' title='bbox 1999 4696 2099 4750; x_wconf 72' lang='lat' dir='ltr'>[uae</span> <span class='ocrx_word' id='word_1_675' title='bbox 2132 4679 2387 4735; x_wconf 82' lang='lat' dir='ltr'>maxime</span> <span class='ocrx_word' id='word_1_676' title='bbox 2408 4680 2600 4735; x_wconf 91' lang='lat' dir='ltr'>solent</span> <span class='ocrx_word' id='word_1_677' title='bbox 2620 4679 2889 4736; x_wconf 89' lang='lat' dir='ltr'>homines</span> <span class='ocrx_word' id='word_1_678' title='bbox 2912 4695 3115 4734; x_wconf 89' lang='lat' dir='ltr'>vocare</span> <span class='ocrx_word' id='word_1_679' title='bbox 3135 4676 3401 4749; x_wconf 92' lang='lat' dir='ltr'>pulchra,</span> <span class='ocrx_word' id='word_1_680' title='bbox 3430 4682 3624 4732; x_wconf 88' lang='lat' dir='ltr'>osten-</span> 
     </span>
    </p>
   </div>
   <div class='ocr_carea' id='block_1_96' title="bbox 213 4757 1881 4840">
    <p class='ocr_par' dir='ltr' id='par_1_96' title="bbox 213 4757 1862 4834">
     <span class='ocr_line' id='line_1_97' title="bbox 213 4757 1862 4834; baseline 0.004 -22"><span class='ocrx_word' id='word_1_681' title='bbox 213 4761 443 4834; x_wconf 84' lang='grc' dir='ltr'>τρόπους</span> <span class='ocrx_word' id='word_1_682' title='bbox 488 4757 809 4834; x_wconf 70' lang='grc' dir='ltr'>λεγομένου·</span> <span class='ocrx_word' id='word_1_683' title='bbox 868 4762 931 4817; x_wconf 88' lang='grc' dir='ltr'>τὸ</span> <span class='ocrx_word' id='word_1_684' title='bbox 981 4759 1038 4817; x_wconf 64' lang='grc' dir='ltr'>δὲ</span> <span class='ocrx_word' id='word_1_685' title='bbox 1085 4761 1138 4817; x_wconf 83' lang='grc' dir='ltr'>ἐν</span> <span class='ocrx_word' id='word_1_686' title='bbox 1191 4768 1308 4826; x_wconf 86' lang='grc' dir='ltr'>τοῖς</span> <span class='ocrx_word' id='word_1_687' title='bbox 1348 4761 1465 4818; x_wconf 83' lang='grc' dir='ltr'>οῦσι</span> <span class='ocrx_word' id='word_1_688' title='bbox 1519 4763 1688 4819; x_wconf 88' lang='grc' dir='ltr'>καλὸν</span> <span class='ocrx_word' id='word_1_689' title='bbox 1738 4762 1862 4820; x_wconf 76' lang='grc' dir='ltr'>οὔτε</span> 
     </span>
    </p>
   </div>
   <div class='ocr_carea' id='block_1_97' title="bbox 1999 4757 3621 4840">
    <p class='ocr_par' dir='ltr' id='par_1_97' title="bbox 1999 4765 3621 4840">
     <span class='ocr_line' id='line_1_98' title="bbox 1999 4765 3621 4840; baseline -0.002 -17"><span class='ocrx_word' id='word_1_690' title='bbox 1999 4769 2151 4836; x_wconf 89' lang='lat' dir='ltr'>litur,</span> <span class='ocrx_word' id='word_1_691' title='bbox 2169 4768 2411 4840; x_wconf 90' lang='lat' dir='ltr'>pulchro</span> <span class='ocrx_word' id='word_1_692' title='bbox 2436 4768 2819 4825; x_wconf 81' lang='lat' dir='ltr'>multifariam</span> <span class='ocrx_word' id='word_1_693' title='bbox 2840 4768 3163 4840; x_wconf 89' lang='lat' dir='ltr'>composito</span> <span class='ocrx_word' id='word_1_694' title='bbox 3188 4784 3254 4822; x_wconf 90' lang='lat' dir='ltr'>ac</span> <span class='ocrx_word' id='word_1_695' title='bbox 3278 4765 3621 4821; x_wconf 85' lang='lat' dir='ltr'>multimodo</span> 
     </span>
    </p>
   </div>
   <div class='ocr_carea' id='block_1_98' title="bbox 217 4814 1881 4929">
    <p class='ocr_par' dir='ltr' id='par_1_98' title="bbox 217 4814 1862 4927">
     <span class='ocr_line' id='line_1_99' title="bbox 217 4814 1862 4927; baseline 0.004 -26"><span class='ocrx_word' id='word_1_696' title='bbox 217 4814 365 4904; x_wconf 53' lang='lat' dir='ltr'>eius</span> <span class='ocrx_word' id='word_1_697' title='bbox 392 4814 577 4918; x_wconf 57' lang='grc' dir='ltr'>ιὲτῖνί</span> <span class='ocrx_word' id='word_1_698' title='bbox 610 4814 734 4905; x_wconf 67' lang='grc' dir='ltr'>δῦτε</span> <span class='ocrx_word' id='word_1_699' title='bbox 773 4814 953 4926; x_wconf 74' lang='grc' dir='ltr'>γένος,</span> <span class='ocrx_word' id='word_1_700' title='bbox 983 4814 1129 4907; x_wconf 57' lang='lat' dir='ltr'>ax.</span> <span class='ocrx_word' id='word_1_701' title='bbox 1176 4814 1862 4927; x_wconf 51' lang='lat' dir='ltr'>..&#39;,.‘e.e.&#39;...&quot;3;;.;6gg;g</span> 
     </span>
    </p>
   </div>
   <div class='ocr_carea' id='block_1_99' title="bbox 1999 4814 3620 4929">
    <p class='ocr_par' dir='ltr' id='par_1_99' title="bbox 1999 4814 3620 4929">
     <span class='ocr_line' id='line_1_100' title="bbox 1999 4814 3619 4840; baseline -0.002 -16"><span class='ocrx_word' id='word_1_702' title='bbox 1999 4814 2151 4836; x_wconf 87' lang='lat'>.--..-,</span> <span class='ocrx_word' id='word_1_703' title='bbox 2170 4814 2410 4840; x_wconf 52' lang='grc' dir='ltr'>,κη-,ν</span> <span class='ocrx_word' id='word_1_704' title='bbox 2436 4814 2819 4825; x_wconf 75' lang='grc'>.....--....-......</span> <span class='ocrx_word' id='word_1_705' title='bbox 2843 4814 3161 4840; x_wconf 56' lang='lat' dir='ltr'>&quot;mp&quot;---</span> <span class='ocrx_word' id='word_1_706' title='bbox 3188 4814 3252 4822; x_wconf 59' lang='grc' dir='ltr'><strong>π</strong></span> <span class='ocrx_word' id='word_1_707' title='bbox 3278 4814 3619 4821; x_wconf 56' lang='grc' dir='ltr'>...νη-.-η</span> 
     </span>
     <span class='ocr_line' id='line_1_101' title="bbox 1999 4857 3620 4929; baseline -0.003 -18"><span class='ocrx_word' id='word_1_708' title='bbox 1999 4857 2131 4913; x_wconf 89' lang='lat' dir='ltr'>licto</span> <span class='ocrx_word' id='word_1_709' title='bbox 2167 4876 2180 4912; x_wconf 89' lang='lat'>:</span> <span class='ocrx_word' id='word_1_710' title='bbox 2214 4858 2529 4929; x_wconf 87' lang='lat' dir='ltr'>pulchrum</span> <span class='ocrx_word' id='word_1_711' title='bbox 2578 4862 2773 4913; x_wconf 89' lang='lat' dir='ltr'>autem</span> <span class='ocrx_word' id='word_1_712' title='bbox 2805 4858 2961 4929; x_wconf 89' lang='lat' dir='ltr'>quod</span> <span class='ocrx_word' id='word_1_713' title='bbox 2995 4858 3053 4912; x_wconf 90' lang='lat' dir='ltr'>in</span> <span class='ocrx_word' id='word_1_714' title='bbox 3083 4858 3258 4913; x_wconf 90' lang='lat' dir='ltr'>rebus</span> <span class='ocrx_word' id='word_1_715' title='bbox 3288 4859 3396 4922; x_wconf 87' lang='lat' dir='ltr'>est,</span> <span class='ocrx_word' id='word_1_716' title='bbox 3430 4870 3620 4924; x_wconf 87' lang='lat' dir='ltr'>neque</span> 
     </span>
    </p>
   </div>
   <div class='ocr_carea' id='block_1_100' title="bbox 216 4938 1881 5019">
    <p class='ocr_par' dir='ltr' id='par_1_100' title="bbox 216 4938 1856 5016">
     <span class='ocr_line' id='line_1_102' title="bbox 216 4938 1856 5016; baseline 0.005 -26"><span class='ocrx_word' id='word_1_717' title='bbox 216 4956 326 4991; x_wconf 86' lang='grc' dir='ltr'>τινα</span> <span class='ocrx_word' id='word_1_718' title='bbox 378 4938 712 5011; x_wconf 81' lang='grc' dir='ltr'>κεκτημένον</span> <span class='ocrx_word' id='word_1_719' title='bbox 748 4983 763 5011; x_wconf 94' lang='grc'>,</span> <span class='ocrx_word' id='word_1_720' title='bbox 820 4940 956 4995; x_wconf 79' lang='grc' dir='ltr'>κατὰ</span> <span class='ocrx_word' id='word_1_721' title='bbox 1022 4942 1214 5014; x_wconf 90' lang='grc' dir='ltr'>μικρὸν</span> <span class='ocrx_word' id='word_1_722' title='bbox 1270 4942 1681 5016; x_wconf 87' lang='grc' dir='ltr'>συναπτομένην</span> <span class='ocrx_word' id='word_1_723' title='bbox 1719 4961 1734 4977; x_wconf 85' lang='grc'>⁶</span> <span class='ocrx_word' id='word_1_724' title='bbox 1794 4943 1856 4998; x_wconf 85' lang='grc' dir='ltr'>ού</span> 
     </span>
    </p>
   </div>
   <div class='ocr_carea' id='block_1_101' title="bbox 1999 4938 3618 5019">
    <p class='ocr_par' dir='ltr' id='par_1_101' title="bbox 2006 4940 3618 5019">
     <span class='ocr_line' id='line_1_103' title="bbox 2006 4940 3618 5019; baseline -0.004 -18"><span class='ocrx_word' id='word_1_725' title='bbox 2006 4950 2060 5001; x_wconf 86' lang='lat' dir='ltr'>st</span> <span class='ocrx_word' id='word_1_726' title='bbox 2089 4946 2365 5017; x_wconf 90' lang='lat' dir='ltr'>essentia,</span> <span class='ocrx_word' id='word_1_727' title='bbox 2391 4963 2579 5018; x_wconf 90' lang='lat' dir='ltr'>neque</span> <span class='ocrx_word' id='word_1_728' title='bbox 2604 4963 2810 5019; x_wconf 90' lang='lat' dir='ltr'>genus,</span> <span class='ocrx_word' id='word_1_729' title='bbox 2834 4946 2935 5002; x_wconf 89' lang='lat' dir='ltr'>sed</span> <span class='ocrx_word' id='word_1_730' title='bbox 2969 4946 3241 5002; x_wconf 89' lang='lat' dir='ltr'>accidens</span> <span class='ocrx_word' id='word_1_731' title='bbox 3271 4943 3427 5013; x_wconf 90' lang='lat' dir='ltr'>quod</span> <span class='ocrx_word' id='word_1_732' title='bbox 3455 4940 3618 4997; x_wconf 90' lang='lat' dir='ltr'>simi-</span> 
     </span>
    </p>
   </div>
   <div class='ocr_carea' id='block_1_102' title="bbox 216 5025 1881 5107">
    <p class='ocr_par' dir='ltr' id='par_1_102' title="bbox 216 5025 1853 5107">
     <span class='ocr_line' id='line_1_104' title="bbox 216 5025 1853 5107; baseline 0.004 -27"><span class='ocrx_word' id='word_1_733' title='bbox 216 5026 309 5100; x_wconf 73' lang='grc' dir='ltr'>γὰρ</span> <span class='ocrx_word' id='word_1_734' title='bbox 339 5029 454 5092; x_wconf 77' lang='grc' dir='ltr'>καθ’</span> <span class='ocrx_word' id='word_1_735' title='bbox 483 5028 538 5082; x_wconf 81' lang='grc' dir='ltr'>’ἐν</span> <span class='ocrx_word' id='word_1_736' title='bbox 594 5025 737 5090; x_wconf 83' lang='grc' dir='ltr'>εἶδος</span> <span class='ocrx_word' id='word_1_737' title='bbox 786 5025 999 5104; x_wconf 84' lang='grc' dir='ltr'>λέγεται</span> <span class='ocrx_word' id='word_1_738' title='bbox 1040 5029 1107 5085; x_wconf 79' lang='grc' dir='ltr'>τὰ</span> <span class='ocrx_word' id='word_1_739' title='bbox 1153 5029 1314 5087; x_wconf 81' lang='grc' dir='ltr'>καλὰ.</span> <span class='ocrx_word' id='word_1_740' title='bbox 1350 5028 1495 5088; x_wconf 86' lang='grc' dir='ltr'>ἀλλά</span> <span class='ocrx_word' id='word_1_741' title='bbox 1523 5029 1853 5107; x_wconf 79' lang='grc' dir='ltr'>πολλαχῶς·</span> 
     </span>
    </p>
   </div>
   <div class='ocr_carea' id='block_1_103' title="bbox 1999 5025 3620 5107">
    <p class='ocr_par' dir='ltr' id='par_1_103' title="bbox 1999 5031 3620 5107">
     <span class='ocr_line' id='line_1_105' title="bbox 1999 5031 3620 5107; baseline -0.002 -18"><span class='ocrx_word' id='word_1_742' title='bbox 1999 5035 2276 5090; x_wconf 76' lang='lat' dir='ltr'>itudinem</span> <span class='ocrx_word' id='word_1_743' title='bbox 2300 5035 2618 5105; x_wconf 91' lang='lat' dir='ltr'>quamdam</span> <span class='ocrx_word' id='word_1_744' title='bbox 2643 5052 2851 5107; x_wconf 90' lang='lat' dir='ltr'>parum</span> <span class='ocrx_word' id='word_1_745' title='bbox 2875 5036 3258 5089; x_wconf 71' lang='lat' dir='ltr'>cohaerentem</span> <span class='ocrx_word' id='word_1_746' title='bbox 3286 5031 3487 5098; x_wconf 83' lang='lat' dir='ltr'>habet;</span> <span class='ocrx_word' id='word_1_747' title='bbox 3513 5047 3620 5086; x_wconf 84' lang='lat' dir='ltr'>nec</span> 
     </span>
    </p>
   </div>
   <div class='ocr_carea' id='block_1_104' title="bbox 216 5112 1881 5195">
    <p class='ocr_par' dir='ltr' id='par_1_104' title="bbox 216 5112 1852 5193">
     <span class='ocr_line' id='line_1_106' title="bbox 216 5112 1852 5193; baseline 0.006 -26"><span class='ocrx_word' id='word_1_748' title='bbox 216 5115 491 5189; x_wconf 83' lang='grc' dir='ltr'>προσέοικε</span> <span class='ocrx_word' id='word_1_749' title='bbox 523 5112 581 5170; x_wconf 74' lang='grc' dir='ltr'>δὶ</span> <span class='ocrx_word' id='word_1_750' title='bbox 611 5117 777 5187; x_wconf 85' lang='grc' dir='ltr'>μόνον</span> <span class='ocrx_word' id='word_1_751' title='bbox 828 5114 1103 5186; x_wconf 78' lang='grc' dir='ltr'>ἀλλήλοις</span> <span class='ocrx_word' id='word_1_752' title='bbox 1131 5120 1205 5181; x_wconf 85' lang='grc' dir='ltr'>ὡς</span> <span class='ocrx_word' id='word_1_753' title='bbox 1254 5119 1442 5193; x_wconf 75' lang='grc' dir='ltr'>ὅμοια,</span> <span class='ocrx_word' id='word_1_754' title='bbox 1485 5119 1580 5175; x_wconf 80' lang='grc' dir='ltr'>κᾶν</span> <span class='ocrx_word' id='word_1_755' title='bbox 1632 5121 1852 5177; x_wconf 87' lang='grc' dir='ltr'>πολυει-</span> 
     </span>
    </p>
   </div>
   <div class='ocr_carea' id='block_1_105' title="bbox 1999 5112 3619 5195">
    <p class='ocr_par' dir='ltr' id='par_1_105' title="bbox 2000 5119 3619 5195">
     <span class='ocr_line' id='line_1_107' title="bbox 2000 5119 3619 5195; baseline -0.001 -17"><span class='ocrx_word' id='word_1_756' title='bbox 2000 5124 2119 5179; x_wconf 90' lang='lat' dir='ltr'>nim</span> <span class='ocrx_word' id='word_1_757' title='bbox 2142 5140 2258 5180; x_wconf 91' lang='lat' dir='ltr'>uno</span> <span class='ocrx_word' id='word_1_758' title='bbox 2290 5126 2463 5180; x_wconf 89' lang='lat' dir='ltr'>modo</span> <span class='ocrx_word' id='word_1_759' title='bbox 2491 5125 2773 5180; x_wconf 85' lang='lat' dir='ltr'>dicuntur</span> <span class='ocrx_word' id='word_1_760' title='bbox 2801 5123 3044 5195; x_wconf 88' lang='lat' dir='ltr'>pulchra</span> <span class='ocrx_word' id='word_1_761' title='bbox 3075 5123 3175 5177; x_wconf 88' lang='lat' dir='ltr'>sed</span> <span class='ocrx_word' id='word_1_762' title='bbox 3207 5119 3619 5188; x_wconf 85' lang='lat' dir='ltr'>multifariam,</span> 
     </span>
    </p>
   </div>
   <div class='ocr_carea' id='block_1_106' title="bbox 218 5198 1881 5283">
    <p class='ocr_par' dir='ltr' id='par_1_106' title="bbox 218 5198 1841 5283">
     <span class='ocr_line' id='line_1_108' title="bbox 218 5198 1841 5283; baseline 0.004 -25"><span class='ocrx_word' id='word_1_763' title='bbox 218 5198 315 5265; x_wconf 80' lang='grc' dir='ltr'>δὼς</span> <span class='ocrx_word' id='word_1_764' title='bbox 344 5205 466 5280; x_wconf 81' lang='grc' dir='ltr'>περὶ</span> <span class='ocrx_word' id='word_1_765' title='bbox 495 5205 557 5260; x_wconf 87' lang='grc' dir='ltr'>τὸ</span> <span class='ocrx_word' id='word_1_766' title='bbox 586 5204 679 5259; x_wconf 89' lang='grc' dir='ltr'>καὶ</span> <span class='ocrx_word' id='word_1_767' title='bbox 711 5204 846 5260; x_wconf 78' lang='grc' dir='ltr'>αὐτὰ</span> <span class='ocrx_word' id='word_1_768' title='bbox 871 5203 1014 5262; x_wconf 86' lang='grc' dir='ltr'>καλὰ</span> <span class='ocrx_word' id='word_1_769' title='bbox 1041 5210 1177 5263; x_wconf 78' lang='grc' dir='ltr'>εἶναι</span> <span class='ocrx_word' id='word_1_770' title='bbox 1209 5209 1345 5263; x_wconf 82' lang='grc' dir='ltr'>κατὰ</span> <span class='ocrx_word' id='word_1_771' title='bbox 1388 5210 1455 5265; x_wconf 79' lang='grc' dir='ltr'>τὰ</span> <span class='ocrx_word' id='word_1_772' title='bbox 1500 5208 1677 5267; x_wconf 74' lang='grc' dir='ltr'>οἲκεῖα</span> <span class='ocrx_word' id='word_1_773' title='bbox 1723 5207 1841 5283; x_wconf 83' lang='grc' dir='ltr'>εἷ’δη</span> 
     </span>
    </p>
   </div>
   <div class='ocr_carea' id='block_1_107' title="bbox 1999 5198 3618 5283">
    <p class='ocr_par' dir='ltr' id='par_1_107' title="bbox 1999 5206 3618 5283">
     <span class='ocr_line' id='line_1_109' title="bbox 1999 5206 3618 5283; baseline 0.001 -13"><span class='ocrx_word' id='word_1_774' title='bbox 1999 5214 2320 5273; x_wconf 86' lang='lat' dir='ltr'>onveniunt</span> <span class='ocrx_word' id='word_1_775' title='bbox 2349 5218 2547 5275; x_wconf 84' lang='lat' dir='ltr'>autem</span> <span class='ocrx_word' id='word_1_776' title='bbox 2580 5219 2813 5275; x_wconf 83' lang='lat' dir='ltr'>tantum</span> <span class='ocrx_word' id='word_1_777' title='bbox 2859 5213 3012 5271; x_wconf 85' lang='lat' dir='ltr'>inter</span> <span class='ocrx_word' id='word_1_778' title='bbox 3044 5228 3108 5271; x_wconf 83' lang='lat' dir='ltr'>se</span> <span class='ocrx_word' id='word_1_779' title='bbox 3139 5215 3204 5271; x_wconf 85' lang='lat' dir='ltr'>ut</span> <span class='ocrx_word' id='word_1_780' title='bbox 3234 5209 3475 5283; x_wconf 86' lang='lat' dir='ltr'>similia,</span> <span class='ocrx_word' id='word_1_781' title='bbox 3506 5206 3618 5272; x_wconf 77' lang='lat' dir='ltr'>etsi</span> 
     </span>
    </p>
   </div>
   <div class='ocr_carea' id='block_1_108' title="bbox 283 5409 841 5485">
    <p class='ocr_par' dir='ltr' id='par_1_108' title="bbox 283 5409 841 5485">
     <span class='ocr_line' id='line_1_110' title="bbox 283 5409 841 5485; baseline 0.007 -19"><span class='ocrx_word' id='word_1_782' title='bbox 283 5409 357 5483; x_wconf 73' lang='lat' dir='ltr'>(lt)</span> <span class='ocrx_word' id='word_1_783' title='bbox 386 5412 437 5472; x_wconf 92' lang='lat' dir='ltr'>II</span> <span class='ocrx_word' id='word_1_784' title='bbox 464 5412 626 5472; x_wconf 87' lang='lat' dir='ltr'>Tim.</span> <span class='ocrx_word' id='word_1_785' title='bbox 657 5427 721 5485; x_wconf 81' lang='grc' dir='ltr'>ιι,</span> <span class='ocrx_word' id='word_1_786' title='bbox 753 5413 841 5470; x_wconf 90' lang='grc'>13.</span> 
     </span>
    </p>
   </div>
   <div class='ocr_carea' id='block_1_109' title="bbox 1233 5561 2599 5625">
    <p class='ocr_par' dir='ltr' id='par_1_109' title="bbox 1233 5561 2599 5625">
     <span class='ocr_line' id='line_1_111' title="bbox 1233 5561 2599 5625; baseline 0.001 -6"><span class='ocrx_word' id='word_1_787' title='bbox 1233 5561 1482 5622; x_wconf 72' lang='lat' dir='ltr'><strong>VARI/ﬁ</strong></span> <span class='ocrx_word' id='word_1_788' title='bbox 1512 5561 1900 5625; x_wconf 76' lang='lat' dir='ltr'>LECTIONES</span> <span class='ocrx_word' id='word_1_789' title='bbox 1926 5564 2017 5623; x_wconf 79' lang='lat' dir='ltr'>ET</span> <span class='ocrx_word' id='word_1_790' title='bbox 2046 5563 2599 5625; x_wconf 81' lang='lat' dir='ltr'>CORREGTIONES.</span> 
     </span>
    </p>
   </div>
   <div class='ocr_carea' id='block_1_110' title="bbox 285 5669 541 5736">
    <p class='ocr_par' dir='ltr' id='par_1_110' title="bbox 285 5669 541 5736">
     <span class='ocr_line' id='line_1_112' title="bbox 285 5669 541 5736; baseline 0.02 -5"><span class='ocrx_word' id='word_1_791' title='bbox 285 5675 323 5713; x_wconf 76' lang='grc'>⁸⁷</span> <span class='ocrx_word' id='word_1_792' title='bbox 348 5669 541 5736; x_wconf 83' lang='grc' dir='ltr'>καλοῦ.</span> 
     </span>
    </p>
   </div>
  </div>
