4080 6366
437 389 542 442 287

1248 393 1613 446 APPENDIX
1657 395 1752 445 AD
1794 393 2035 445 OPERA
2075 394 2132 445 S.
2174 391 2487 445 DIONYSII
2529 392 3025 447 AREOPAGITE.

3744 392 3854 445 288

438 515 592 572 varie
622 514 682 569 in
714 532 779 570 eo
833 517 986 587 quod
1021 522 1080 571 et
1109 516 1236 588 ipsa
1280 517 1528 589 pulchra
1559 519 1677 573 sint
1724 518 1781 572 in
1833 515 2087 589 propriis

2220 510 2415 586 ἕκαστα,
2448 515 2537 569 καὶ
2568 514 2705 570 κατὰ
2732 519 2894 571 τοῦτο
2927 515 3018 570 ἅτε
3049 514 3388 589 ὁμοιούμινα
3413 516 3502 570 καὶ
3533 519 3858 594 προσήγορα

438 603 745 676 speciebus
778 604 1035 676 singula,
1059 609 1115 660 et
1144 606 1202 661 in
1238 607 1347 662 hoc
1371 608 1526 679 quod
1559 611 1836 680 tanquam
1871 604 2086 661 similia

441 698 498 748 et
528 693 682 748 inter
711 710 773 749 se
803 693 1137 750 familiaria.

511 783 572 838 Si
612 798 736 838 vero
782 785 841 838 in
884 784 983 839 Deo
1029 785 1250 840 bonum.
1284 786 1508 841 Bonum
1560 785 1618 840 in
1668 785 1785 840 Deo
1831 783 2088 840 essentia

440 876 546 926 est.

510 961 692 1033 Neque
718 961 966 1018 omnino.
1002 963 1128 1033 Pro,
1165 970 1458 1036 perpetuo.

514 1051 574 1104 In
603 1053 866 1120 tempore.
904 1052 1031 1122 Pro,
1065 1069 1168 1124 per
1196 1052 1814 1109 communicationem.

513 1138 732 1204 §XXII.
767 1140 910 1207 Quin
947 1158 1019 1196 ne
1061 1143 1120 1195 in
1170 1143 1382 1213 angelis
1432 1143 1674 1214 quidem.
1709 1147 1788 1198 De
1841 1141 2086 1214 angelis,

440 1243 630 1298 neque
681 1229 738 1284 in
791 1229 937 1302 ipsis
969 1229 1193 1286 malum
1222 1247 1373 1302 esse,
1405 1237 1462 1287 et
1494 1249 1596 1288 cur
1643 1231 1833 1304 angeli
1883 1232 2086 1288 dican-

437 1319 557 1372 tur.

515 1407 783 1462 Divinam
815 1409 1131 1464 bonitatem.
1168 1409 1375 1465 Divina
1409 1410 1549 1466 dicit
1573 1427 1700 1482 qua;
1731 1416 1871 1466 sunt
1899 1410 1956 1465 in
1989 1428 2086 1466 an-

441 1495 706 1569 gelorum
746 1515 943 1553 eorum
977 1501 1129 1556 I53
1163 1500 1262 1571 qui
1307 1499 1620 1556 deitormes
1668 1501 2082 1572 perdurarunt,

439 1590 670 1641 natura.
703 1586 971 1642 Diximus
1019 1605 1191 1660 porro
1241 1594 1536 1661 superius,
1576 1606 1680 1644 cur
1728 1589 2085 1644 boniformes

437 1680 495 1730 et
528 1692 640 1730 non
673 1691 776 1746 per
827 1693 888 1732 se
939 1677 1124 1732 bonos
1169 1677 1408 1749 angelos
1457 1679 1639 1743 dicat;
1695 1683 1930 1749 propter
1977 1678 2086 1734 has

436 1763 615 1835 igitur
645 1781 874 1835 causas,
907 1781 1092 1834 neque
1140 1767 1198 1821 in
1249 1766 1473 1839 angelis
1521 1766 1764 1822 malum.
1796 1766 1906 1822 Dat
1951 1784 2083 1824 vero

437 1853 699 1909 nominis
732 1854 1017 1910 rationem
1050 1872 1166 1926 qua
1196 1857 1386 1928 angeli
1419 1855 1717 1928 appellati.

515 1944 696 2013 Imago
741 1945 844 1998 Dei
873 1952 967 1998 est.
1002 1943 1170 2011 Nota,
1204 1945 1442 2016 angelos
1491 1945 1746 2018 appellat
1793 1946 2083 2019 imagines

437 2030 600 2101 boni,
632 2033 876 2088 observa
905 2030 1084 2088 etiam
1114 2035 1407 2104 quomodo
1435 2035 1544 2091 hoc
1577 2035 1749 2092 dicat.

511 2208 586 2263 At
616 2210 758 2280 quod
802 2211 1061 2281 puniant.
1095 2211 1289 2267 Veluti
1336 2213 1668 2284 repellenda
1717 2217 2086 2286 praeoccupat

441 2297 847 2354 hereticorum
897 2301 1287 2372 quorumdam
1340 2302 1788 2374 oppositionem,
1831 2303 1930 2374 qui
1980 2320 2084 2358 an-

441 2385 602 2457 gelos
646 2388 822 2458 jussu
887 2389 982 2444 Dei
1031 2389 1428 2460 castigatores,
1478 2393 1783 2462 ipsamque
1829 2392 2088 2464 castiga-

442 2477 661 2531 tionem
695 2477 915 2533 malum
950 2483 1203 2550 ponunt;
1240 2495 1487 2548 moxque
1530 2480 1651 2534 haec
1691 2480 1958 2536 dissolvit
1989 2499 2086 2537 sa-

443 2565 809 2636 pientissime
859 2574 916 2622 et
964 2569 1285 2640 ingeniose,
1329 2574 1504 2640 atque
1560 2586 1627 2625 ex
1682 2571 2087 2627 sacerdotibus

445 2655 544 2726 qui
595 2655 875 2712 scelestos
932 2662 988 2712 et
1038 2659 1312 2728 profanos
1357 2659 1429 2713 ab
1480 2659 1736 2714 Ecclesia
1785 2664 1987 2715 arcent
2034 2665 2090 2715 et

445 2744 740 2816 expellunt
771 2751 1008 2818 propter
1051 2747 1326 2816 profanas
1373 2751 1429 2802 et
1475 2747 1754 2803 scelestas
1806 2749 2087 2816 actiones,

443 2832 748 2889 declarans
783 2852 967 2906 neque
999 2835 1130 2890 illos
1159 2835 1258 2906 qui
1290 2834 1565 2891 scelestos
1589 2837 1843 2909 puniunt
1872 2854 1906 2892 a
1937 2837 2091 2893 malo

445 2937 605 2990 esse;
639 2923 824 2978 absit!
860 2924 1085 2978 dictum
1119 2931 1208 2979 est
1239 2925 1427 2980 enim:
1459 2927 1575 2980 Non
1604 2927 1752 2982 enim
1783 2928 1905 2982 sine
1925 2943 2092 2982 causa

441 3011 689 3082 gladium
739 3017 946 3084 portat.
990 3014 1089 3068 Dei
1135 3014 1284 3068 enim
1333 3014 1592 3070 minister
1647 3021 1724 3071 est
1780 3017 1980 3072 vindex
2033 3018 2093 3072 in

445 3102 588 3155 iram
620 3101 675 3155 ei
705 3103 800 3172 qui
846 3103 1055 3158 malum
1095 3103 1312 3175 agit(l).
1346 3104 1494 3160 Nota
1541 3105 1720 3176 igitur
1770 3104 2092 3162 solutiones

446 3188 680 3256 multas,
716 3190 1006 3262 siquidem
1051 3192 1402 3264 quaestiones
1443 3194 1711 3249 dissolvit
1741 3185 2084 3266 dicentium,

443 3279 594 3334 Num
627 3296 693 3334 ex
725 3279 839 3336 Deo
873 3280 1179 3338 carniﬁces
1212 3285 1268 3336 et
1298 3282 1592 3355 principes
1615 3283 1642 3338 ‘I

515 3460 625 3528 Qui
672 3463 971 3530 profanum
1018 3471 1208 3519 arcent
1257 3481 1292 3518 α
1340 3464 1548 3520 divinis
1597 3465 1899 3537 mysteriis.
1951 3465 2096 3520 Nota

445 3547 722 3618 profanos
753 3566 879 3605 esse
911 3552 1192 3608 arcendos
1225 3569 1258 3606 a
1287 3552 1501 3609 divinis
1542 3555 1834 3627 mysteriis
1867 3571 1970 3626 per
1999 3570 2094 3610 sa-

446 3639 728 3694 cerdoles.

515 3727 696 3797 Neque
740 3729 957 3797 puniri.
1008 3729 1211 3784 Puniri
1259 3731 1478 3786 malum
1530 3749 1644 3788 non
1694 3749 1846 3799 esse,
1880 3733 1982 3787 sed
2015 3732 2100 3786 di-

445 3831 627 3886 gnum
679 3817 982 3887 punitione
1039 3835 1186 3874 esse.
1233 3818 1402 3891 [Nota
1459 3821 1529 3876 de
1587 3821 1990 3878 sacerdotibus
2039 3819 2101 3876 et

449 3903 819 3976 principibus
849 3907 1232 3978 punientibus
1263 3909 1588 3978 profanos.)

524 4082 716 4136 Verum
759 4101 936 4155 neque
965 4084 1250 4143 damones.
1288 4087 1489 4159 Neque
1536 4087 1832 4141 daemones
1886 4089 2098 4142 natura

451 4169 638 4226 malos
668 4188 816 4228 esse.

522 4263 724 4318 Deinde
752 4281 821 4319 ne
852 4265 906 4319 id
935 4266 1163 4336 quidem
1195 4269 1468 4322 omnibus.
1491 4266 1640 4321 Nota
1663 4265 2093 4336 corruptionem

449 4369 565 4406 non
619 4352 804 4408 cuivis
854 4359 911 4409 et
960 4371 1191 4426 semper
1220 4372 1345 4411 esse
1378 4355 1624 4421 malum,
1659 4358 1722 4409 ut
1768 4354 1826 4408 in
1877 4353 2012 4410 feris
2042 4359 2099 4409 et

451 4441 788 4512 reptilibus,
822 4448 879 4498 et
911 4443 1098 4498 noxiis
1129 4444 1349 4499 herbis.

523 4530 624 4584 Sed
652 4547 831 4602 neque
861 4533 1165 4603 quidquam
1194 4531 1409 4587 interit.
1434 4531 1632 4603 Neque
1653 4531 1872 4603 aliquid
1902 4548 2094 4588 rerum

452 4619 774 4690 corrumpi,
808 4624 1102 4690 quatenus
1134 4625 1221 4676 est
1250 4621 1525 4676 essentia.

523 4707 626 4762 Sed
664 4708 900 4776 defectu.
934 4708 1190 4763 Observa
1221 4710 1377 4779 quod
1429 4708 1865 4781 corruptionem
1913 4715 2096 4776 vocet,

453 4801 508 4851 et
555 4795 822 4851 vitiosam
873 4813 940 4851 ac
988 4796 1250 4867 ineptam
1305 4802 1512 4868 printer
1560 4799 1824 4854 ordinem
1875 4803 2097 4854 natura;

455 4885 769 4942 motionem
805 4901 820 4941 :
852 4885 962 4940 hoc
994 4888 1191 4938 autem
1225 4885 1401 4940 etiam
1435 4886 1616 4943 habes
1646 4888 1800 4960 apud
1835 4887 2099 4944 Ezechie-

454 4975 565 5030 lem
599 4976 669 5030 de
699 4973 933 5030 diabolo
966 4972 1258 5029 dicentem
1286 4991 1299 5029 :
1329 4975 1509 5030 Periit
1539 4976 1818 5040 sapientia
1849 4980 1945 5032 tua
1974 4993 2102 5032 cum

451 5063 639 5119 decore
690 5067 779 5119 tuo
808 5064 928 5134 (ιη).
963 5062 1051 5118 Ait
1098 5080 1230 5118 vero
1278 5065 1630 5121 sententiam
1683 5065 1994 5138 gentilium
2045 5071 2104 5122 et

522 5219 585 5290 (ι)
623 5218 789 5274 Rom.
821 5235 944 5284 xm,
979 5219 1032 5273 4.
1111 5217 1208 5288 (m)
1240 5217 1380 5291 Cap.
1413 5235 1613 5292 xxvm,
1641 5237 1696 5278 v.
1734 5222 1818 5277 17.

2195 600 2324 658 ὄντα
2354 601 2652 675 ἀλλήλοις.

2267 782 2328 838 Εἰ
2387 780 2444 838 δὲ
2493 781 2544 837 ἐν
2600 787 2715 854 Θεῷ
2754 782 3020 854 τάγαθόν.
3074 784 3198 840 Ὃτι
3250 785 3311 838 τὸ
3368 784 3568 858 ἁγαθὸν
3624 781 3680 839 ἐν
3740 789 3856 858 Θεῷ

2196 870 2420 947 ὕπαρξίς
2453 871 2592 927 ἇστιν
2628 874 2692 928 ⁸⁸.

2267 957 2407 1016 Οὔτε
2439 959 2650 1022 ἁπλῶς.
2683 961 2825 1017 Ἀντὶ
2858 964 2976 1032 τοῢ,
3011 959 3223 1023 ἀιδίως.

2267 1049 2418 1106 Κατὰ
2449 1051 2672 1125 χρόνον.
2707 1049 2853 1107 Ἀντί
2881 1056 3001 1123 τοῦ,
3037 1055 3327 1124 μεθεκτῶς.

2265 1140 2496 1208 ἕΧΧΙΙ.
2551 1137 2703 1196 Ἀλλ’
2751 1137 2873 1194 οὔτε
2930 1139 2981 1194 έν
3038 1138 3320 1216 ἀγγέλοις.
3389 1141 3518 1215 Περὶ
3577 1140 3855 1218 ἀγγέλων,

2195 1226 2278 1282 ὅτι
2313 1226 2439 1283 οὔτε
2471 1227 2522 1283 έν
2557 1230 2744 1292 αὐτοῖς
2795 1230 2856 1284 τὸ
2905 1230 3092 1298 κακὸν,
3122 1231 3209 1285 καὶ
3263 1227 3352 1284 διὰ
3396 1231 3450 1285 τί
3497 1227 3725 1307 ἄγγελοι
3760 1227 3854 1286 λέ-

2193 1338 2403 1394 γονται.

2264 1410 2378 1478 Τὴν
2440 1408 2749 1484 ἀγαθότητα
2806 1410 2904 1478 τὴν
2965 1409 3132 1468 θείαν.
3188 1415 3317 1465 Θεῖα
3371 1411 3521 1484 Λέγει
3596 1411 3666 1465 τὰ
3723 1410 3850 1486 περὶ

2195 1497 2404 1574 φύσεως
2450 1496 2695 1574 ἀγγέλων
2754 1503 2862 1553 τῶν
2927 1501 3219 1572 μεινάντων
3279 1497 3551 1563 θεοειδῶν.
3604 1497 3850 1572 Ε’ίπομεν

2195 1584 2252 1641 δὲ
2277 1585 2555 1660 ἀνωτέρω,
2589 1584 2676 1641 διὰ
2715 1587 2769 1641 τί
2816 1585 3146 1661 ἀγαθοειδεῖς
3192 1588 3282 1644 καὶ
3334 1589 3433 1645 οὐκ
3473 1587 3851 1662 αὐτοαγάθους

2189 1675 2316 1737 τοὺς
2362 1674 2622 1752 ἀγγέλους
2675 1677 2825 1753 φησί’
2879 1681 3014 1733 κατᾶ
3058 1679 3154 1741 τὰς
3202 1678 3374 1741 αἰτίας
3423 1678 3600 1732 τοίνυν
3656 1677 3855 1738 ταύτας

2193 1762 2315 1818 οὕτε
2359 1764 2410 1819 έν
2460 1763 2712 1840 ἀγγέλοις
2780 1766 2841 1821 τὸ
2892 1768 3078 1823 κακόν.
3131 1766 3495 1844 Ἐτυμολογεῖ
3541 1764 3621 1839 δὲ,
3669 1763 3760 1820 διὰ
3803 1765 3856 1820 τί

2113 1889 2160 1954 Β
2193 1851 2769 1954 έκλήθησανβγγελοι.

2260 1943 2438 1999 Είκών
2497 1943 2607 1998 ἐστι
2663 1949 2760 1999 τοῦ
2818 1950 2971 2004 Θεοῦ.
3038 1945 3374 2019 Σημείωσαι,
3435 1944 3517 1999 δτι
3560 1944 3689 2006 τοὺς
3749 1945 3848 2019 ἆγ-

2191 2031 2388 2107 γέλους
2421 2032 2631 2096 εἰκόνας
2661 2034 2794 2108 φησὶ
2818 2040 2915 2089 τοῦ
2947 2036 3146 2111 ἀγαθοῦ
3175 2039 3237 2073 9"
3271 2037 3358 2090 καὶ
3392 2035 3699 2109 σημείωσαι
3731 2038 3849 2096 πῶς

2192 2119 2359 2198 λέγει.

2264 2209 2439 2267 Ἀλλὰ
2481 2216 2561 2284 τῷ
2613 2211 2883 2282 κολάζειν.
2935 2217 3024 2276 Ὡς
3074 2213 3125 2284 ἐξ
3171 2213 3551 2288 ὑποκρούσεως
3595 2211 3852 2286 προλαμ-

2193 2294 2343 2354 ϐάνει
2373 2303 2472 2371 τήν
2521 2322 2686 2357 τινων
2734 2303 2988 2377 αἱρέσεων
3033 2302 3320 2370 ἀντίθεσιν,
3359 2307 3467 2356 τῶν
3507 2301 3637 2364 τοὺς
3685 2299 3853 2356 κολα-

2193 2391 2320 2452 στὰς
2349 2387 2592 2444 κελεύσει
2634 2395 2770 2446 Θεοῦ
2817 2391 3106 2468 ἀγγέλους,
3137 2392 3226 2447 καὶ
3276 2391 3443 2460 αὐτὴν
3494 2388 3553 2445 δὲ
3595 2391 3696 2458 τήν
3751 2392 3853 2444 κό-

2196 2477 2348 2533 λασιν
2399 2483 2495 2533 τοῦ
2546 2485 2715 2534 κακοῦ
2765 2483 3081 2555 τιθεμένων·
3114 2480 3202 2535 καὶ
3251 2479 3404 2542 εὐθὺς
3455 2478 3636 2534 έκλύει
3685 2483 3856 2533 ταῦτα

2196 2566 2619 2646 φιλοσοφώτατα
2691 2570 2782 2624 καὶ
2853 2574 3171 2648 προσφυῶς,
3228 2569 3318 2624 καὶ
3375 2567 3435 2624 ἐκ
3501 2573 3609 2623 τῶν
3664 2569 3858 2643 ἱερέων

2193 2656 2320 2717 τοὺς
2357 2655 2566 2730 ἐναγεῖς
2622 2657 2709 2712 καὶ
2771 2653 3044 2733 βεϐήλους
3099 2665 3199 2728 τῆς
3251 2655 3580 2728 Ἐκκλησίας
3639 2656 3856 2731 εἰργόν-

2195 2767 2302 2801 των
2366 2748 2436 2783 ¹⁰⁰
2488 2745 2578 2800 καὶ
2635 2745 2974 2816 ἐξωθούντων
3035 2747 3122 2801 ἐπὶ
3185 2741 3452 2823 βεϐήλοις
3503 2745 3592 2801 καὶ
3641 2744 3855 2820 έναγέσι

2196 2834 2440 2908 πράξεσι,
2491 2832 2674 2904 δηλῶν
2739 2836 2812 2898 ὡς
2867 2833 2992 2891 οὐδὲ
3036 2836 3214 2902 αὐτοὶ,
3268 2834 3676 2908 τιμωρούμενοι
3723 2833 3858 2896 τοὺς

2200 2924 2408 2998 ἐναγεῖς
2447 2969 2461 2994 ,
2520 2923 2578 2978 Er.
2633 2928 2731 2978 τοῦ
2790 2929 2957 2979 κακοῦ
3015 2923 3138 2979 εἷσιο
3203 2924 3277 2996 μὴ
3335 2924 3576 3000 γένοιτο]
3639 2920 3858 2998 ε’ίρηται

2197 3013 2320 3089 γάρ·
2375 3012 2453 3069 Οὐ
2511 3013 2614 3088 γὰρ
2677 3013 2796 3082 εἰκῆ
2855 3015 2954 3083 τήν
3013 3015 3286 3090 μάχαιραν
3349 3017 3544 3087 φορεῖ’
3597 3009 3855 3073 διάκονος

2198 3103 2301 3178 γάρ
2357 3100 2467 3156 ἐστι
2529 3106 2661 3156 Θεοῦ
2719 3101 2794 3164 εἷς
2855 3102 3022 3178 ὀργὴν
3072 3107 3152 3174 τῷ
3224 3103 3286 3156 τὸ
3361 3102 3526 3156 κακὸν
3584 3101 3856 3176 πράσσον-

2198 3213 2274 3248 τι.
2309 3190 2629 3263 Σημείωσαι
2661 3189 2750 3246 οὖν
2799 3190 2894 3255 τὰς
2932 3191 3131 3253 λύσεις’
3182 3189 3397 3250 πολλὰς
3449 3190 3554 3266 γὰρ
3597 3191 3857 3260 ζητήσεις

2118 3255 2160 3322 C
2202 3255 2410 3336 διαλύει
2459 3285 2564 3335 τῶν
2619 3278 2909 3356 λεγόντων,
2959 3279 3023 3337 Ei
3071 3277 3130 3334 ἐκ
3175 3283 3306 3334 Θεοῦ
3355 3280 3406 3334 οἱ
3441 3255 3770 3353 έήμιο-ιῑκαί
3805 3277 3858 3332 οἱ

2201 3393 2465 3442 αρχοντες
2497 3393 2510 3442 ;

2239 3393 2510 3516 ρὲξντσῗθν’
2583 3455 2819 3536 βέϐηλον
2895 3465 3002 3515 τῶν
3055 3461 3213 3516 θείων
3293 3457 3608 3534 μυστηρίων
3663 3456 3859 3532 ἀπείρ-

2203 3572 2413 3626 γοντες.
2452 3550 2791 3624 Σημείωσαι,
2845 3549 2927 3604 ὅτι
2979 3547 3063 3604 δεῖ
3111 3549 3237 3610 τοὺς
3288 3544 3561 3624 βεϐήλους
3601 3547 3861 3621 ἀπείργε-

2205 3652 2324 3704 σθαι
2355 3644 2462 3694 τῶν
2498 3639 2653 3694 θείων
2689 3638 2999 3714 μυστηρίων
3034 3635 3123 3693 διὰ
3145 3642 3251 3693 τῶν
3283 3637 3495 3714 ἱερέων,

2277 3727 2412 3783 Οὐδὲ
2454 3729 2517 3784 τὸ
2567 3727 2912 3798 κολάζεσθαι.
2958 3729 3082 3785 ’Ότι
3147 3727 3207 3782 οὖ
3256 3727 3317 3781 τὸ
3372 3724 3694 3794 κολάζεσθαι
3755 3745 3860 3778 χα-

2205 3820 2322 3891 κὸν,
2371 3816 2518 3873 ἀλλὰ
2557 3819 2619 3872 τὸ
2668 3815 2943 3878 κολάσεως
2999 3815 3144 3887 ἄξιον
3196 3817 3460 3892 γενέσθαι.
3512 3813 3860 3887 [Σημείωσαι

2206 3906 2329 3983 περί
2372 3906 2556 3984 ἱερέων
2615 3906 2704 3962 καὶ
2763 3906 3068 3982 ἀρχόντων,
3113 3909 3220 3960 τῶν
3269 3899 3540 3980 βεϐήλους
3587 3900 3857 3970 κολαζόν-

2204 4000 2358 4070 των.]

2279 4085 2439 4142 Ἀλλ’
2471 4083 2593 4140 οὕτε
2623 4085 2675 4139 οἱ
2700 4082 2976 4158 δαίμονες.
3009 4085 3131 4141 ’Ότι
3165 4078 3287 4138 οὔτε
3317 4083 3367 4137 οἱ
3400 4079 3656 4154 δαίμονες
3703 4077 3861 4158 φύσει

2205 4174 2382 4231 κακοῇ

2278 4266 2504 4322 Ἔπειτα
2561 4261 2686 4317 οὐδὲ
2759 4265 2919 4317 τοῦτο
2975 4259 3155 4318 παντί.
3225 4259 3542 4332 Σημείωσαι
3578 4301 3592 4326 ,
3653 4256 3735 4311 ὅτι
3797 4257 3860 4312 οὐ

2205 4352 2366 4410 παντὶ
2417 4353 2506 4406 καὶ
2561 4353 2640 4406 ἀεὶ
2688 4351 2851 4406 κακὸν
2902 4353 2937 4420 ἡ
2991 4349 3185 4427 φθορὰ,
3233 4349 3307 4410 ὡς
3353 4347 3440 4402 ἐπὶ
3492 4346 3719 4422 θηρίων,
3767 4345 3861 4400 καὶ

2207 4445 2465 4516 ἑρπετῶν,
2498 4439 2586 4496 καὶ
2625 4441 2863 4515 βοτανῶν
2901 4438 3186 4514 ὀλεθρίων.

2280 4530 2435 4587 Ἀλλ’
2485 4526 2611 4610 οὐβὶ
2661 4528 2950 4606 φθείρεται.
2981 4529 3108 4586 ’Ὁτι
3157 4523 3283 4582 οὐδὲ
3331 4523 3603 4604 φθειρεταί
3649 4545 3700 4578 τι
3754 4527 3865 4578 τῶν

2123 4626 2170 4691 D
2203 4616 2394 4688 ὅντων,
2429 4619 2548 4681 καθ’
2577 4619 2606 4672 ’ὀ
2639 4616 2813 4672 οὐσία.

2281 4705 2454 4764 Ἀλλὰ
2509 4711 2577 4780 τῇ
2639 4705 2902 4780 ἐλλείψει.
2964 4703 3304 4778 Σημείωσαι,
3359 4701 3440 4757 ὅτι
3500 4704 3700 4779 φθορὰν
3760 4723 3865 4756 κα-

2209 4797 2298 4852 λεῖ
2350 4797 2438 4850 καὶ
2497 4797 2596 4864 τήν
2661 4792 2975 4869 πλημμελῆ
3035 4795 3124 4848 καὶ
3181 4793 3508 4867 ἀναρμόνιον
3562 4791 3709 4866 παρᾶ
3757 4793 3862 4858 τήν

2207 4887 2354 4956 τάξιν
2389 4888 2600 4954 κίνησιν
2644 4891 2742 4954 τῆς
2790 4884 3022 4962 φύσεως.
3055 4884 3248 4957 Ἔχεις
3295 4878 3353 4936 δὲ
3399 4881 3488 4936 καὶ
3526 4881 3686 4935 τοῦτο
3718 4880 3867 4955 παρὰ

2209 4980 2288 5047 τῷ
2330 4972 2588 5047 Ἰεζεξιὴλ
2629 4975 2754 5050 περὶ
2799 4977 2895 5027 τοῦ
2947 4966 3228 5026 διαϐόλου·
3263 4971 3503 5048 Ἐφθάρη
3553 4971 3587 5039 ἡ
3630 4967 3868 5039 ἐπιστή-

2215 5087 2290 5138 μη
2355 5086 2453 5119 σου
2531 5063 2621 5118 σὺν
2687 5063 2767 5136 τῷ
2833 5058 3026 5117 κάλλει
3100 5078 3221 5116 σου·
3291 5059 3424 5138 φησὶ
3502 5057 3562 5115 δὲ
3613 5061 3676 5116 τὸ
3734 5078 3847 5137 παρ

1468 5365 1709 5422 νΑΒΙίΕ
1742 5366 2130 5422 LECTIONES
2159 5369 2247 5420 ET
2275 5365 2829 5424 CORRECTIONES.

524 5478 749 5562 "_Ei’_10
781 5478 981 5562 ἀγαθὸν
1014 5477 1064 5562 ἰν
1107 5483 1222 5562 θεῷ
1237 5479 1471 5562 μῧπαρξίς
1498 5477 2220 5562 ἐστινκΕί-ἓτερονρίξπαρξς
2250 5481 2474 5562 ἀγαθοῦ,
2514 5481 2669 5562 φησὶ,
2701 5481 2790 5562 καὶ
2818 5477 3003 5562 ἕτερον
3021 5477 3176 5562 ﬂeti-6
3197 5477 3285 5562 ’ὡς
3313 5467 3672 5562 ’συμϐεβηδιὸς
3713 5467 3864 5562 ἔσται

458 5552 602 5624 αὐτῷ
629 5553 699 5627 τὸ.
723 5549 945 5626 ἀγαθὸν,
976 5551 1065 5607 καὶ
1097 5552 1142 5606 αἱ
1171 5549 1371 5625 10510,-
1390 5549 1728 5627 μεταϐλητὸς
1760 5549 1928 5610 ἔσται.
1957 5554 2018 5610 Si
2049 5556 2090 5609 is

2222 5569 2250 5608 ο
2280 5549 2477 5627 Bonum
2490 5549 2811 5627 substantia
2838 5549 2935 5610 est.
2954 5550 3211 5627 iSiqaliud
3236 5549 3745 5627 substantianbegi,
3775 5551 3865 5627 in-

457 5619 797 5698 quit,atiud
826 5619 966 5698 Deus
1000 5619 1760 5698 :_tanquam_aecidens,'erit_
1789 5629 1849 5682 in
1893 5641 1952 5684 eo
2001 5627 2200 5683 bonum
2234 5639 2247 5681 :
2280 5624 2421 5697 quod
2448 5623 2499 5681 si
2528 5627 2608 5683 ita
2653 5627 2746 5692 sit,
2789 5625 3076 5681 mutabilis
3097 5625 3222 5681 erit.
3255 5623 3300 5660 θ’
3336 5623 3491 5676 Θιοῦ.
3543 5620 3612 5658 ιοο
3654 5619 3863 5693 Ἰεραὺτ

452 5693 850 5771 παραπλησίως
879 5697 979 5766 τήν
1010 5693 1232 5754 ἀτοπίαν
1268 5696 1436 5770 λύων,
1465 5702 1573 5754 τῶν
1589 5693 1690 5752 ’καὶ
1721 5695 1861 5772 είργ.
