4080 6366
225 422 317 477 289

950 416 1009 467 S.
1049 415 1319 467 MAXIMI
1362 408 1671 466 SCHOLIA
1708 410 1781 461 IN
1820 407 1950 459 LIB.
1996 406 2087 458 DE
2128 406 2402 459 DIVlNIS
2439 406 2859 460 NOMINIBUS.

3504 408 3610 461 290

229 542 443 611 Ἓλλησι
492 538 579 592 καὶ
632 534 959 611 Μανιχαίοις
996 533 1292 609 λεγόμενον
1327 530 1586 603 διαλύων,
1620 529 1701 583 ὅτι
1734 526 1856 582 οὕτε
1885 588 1887 593 η

2004 527 2422 583 lanichmorum
2465 529 2811 596 dissoli'ens,
2846 546 3033 601 neque
3078 533 3367 587 diemones
3403 538 3611 588 natura

233 635 276 688 oi
327 629 571 700 δαίμονες
628 625 779 701 φύσει
837 623 993 679 κακοί
1027 644 1040 655 ’
1098 626 1215 678 εἶτα
1288 622 1357 677 τὰ
1406 621 1523 675 καθ’
1600 618 1853 673 ὑπόθεσιν

234 721 342 795 παρ’
407 718 577 771 αὐτῶν
652 714 1023 787 ἀντιτιθέμενα
1097 711 1389 786 προτίθησι
1463 710 1552 763 καὶ
1625 703 1857 777 διαλύει,

238 807 407 883 λέγων·
438 808 656 877 Πρῶτον
708 804 800 875 μὶν
834 800 896 855 ού
938 800 1246 879 φθείρουσιν
1280 801 1332 854 οἰ
1365 797 1617 871 δαίμονες
1649 795 1856 855 οὐσίας·

240 898 283 951 αἱ
308 896 397 969 γὰρ
428 892 599 947 οὐσίαι
632 893 748 946 καθ’
776 891 804 945 ’ὀ
856 889 1033 944 οὐσίαι
1083 890 1143 944 οὐ
1189 886 1464 963 χωροῦσιν
1516 886 1592 947 εἰς
1624 884 1864 957 ἀνυπαρ-

241 987 351 1058 ξίαν’
402 981 603 1052 ἔπειτα,
650 981 739 1035 καὶ
795 979 841 1034 εἰ
889 984 1050 1033 τοῦτο
1100 979 1190 1047 ἦν,
1244 979 1304 1033 ού
1359 984 1519 1032 πᾶσιν
1568 972 1693 1029 οὐδὲ
1738 974 1867 1026 πάν-

240 1097 328 1129 των
382 1075 414 1141 ἡ
465 1071 640 1145 φθορὰ
695 1070 855 1138 κακὴ,
920 1069 993 1130 ὡς
1052 1068 1104 1122 ἐν
1154 1072 1272 1129 τοῖς
1331 1066 1564 1141 θηρίοις,
1613 1064 1696 1119 καὶ
1750 1066 1867 1122 τοῖς

240 1160 487 1235 ἕρπουσιν,
538 1158 629 1213 καὶ
678 1159 839 1221 πόαις
888 1154 1186 1231 ὀλεθρίαις,
1230 1157 1319 1210 καὶ
1359 1160 1473 1215 τοῖς
1504 1152 1699 1214 ἄλλοις
1750 1155 1866 1211 τοῖς

240 1250 453 1322 ὁμοίοις.
487 1246 757 1318 Ζητητέον
792 1247 908 1313 οὗν,
947 1247 1023 1318 μὴ
1061 1243 1289 1318 δύναμιν
1340 1244 1375 1313 ἢ
1408 1242 1669 1316 ἐνέργειαν
1720 1239 1871 1317 φθεί-

239 1359 400 1412 ρουσιν
428 1338 477 1391 οἱ
510 1334 793 1409 δαίμονες,
822 1334 913 1389 καὶ
946 1331 1080 1395 τέως
1112 1333 1165 1388 ἐν
1222 1332 1476 1405 συντόμῳ
1519 1332 1631 1406 χρὴ
1677 1328 1868 1385 εἰπεῖν,

238 1428 279 1481 τί
307 1424 513 1498 δύναμις
552 1428 568 1461 ¹
617 1425 708 1479 καὶ
757 1423 810 1479 τί
859 1422 1115 1497 ἐνέργεια·
1165 1422 1334 1477 ἰστέον
1384 1419 1496 1490 οὖν,
1545 1419 1627 1474 ὅτι
1678 1420 1713 1487 ἡ
1764 1415 1875 1470 δια“’

240 1516 390 1591 φθορά
440 1521 542 1583 τῆς
605 1510 885 1585 δυνάμεως
938 1514 1074 1586 πρὸς
1138 1512 1237 1580 τήν
1316 1509 1581 1586 ἐνέργειαν
1646 1505 1871 1575 τοιαύτη

241 1604 381 1671 ἐστίν,
424 1604 493 1664 ὡς
555 1605 590 1671 ἡ
640 1599 747 1672 ἕξις
796 1602 935 1673 πρὸς
983 1602 1085 1670 τήν
1130 1599 1400 1674 ἐνέργειαν
1451 1600 1548 1667 τήν
1598 1597 1730 1651 κανά
1774 1596 1874 1663 τὴν

239 1690 348 1762 ἱξιν·
392 1695 423 1761 ἡ
476 1693 574 1765 μὲν
636 1692 727 1746 οὗν
771 1687 880 1759 ἕξις
934 1690 1165 1759 ποιότης
1216 1689 1355 1743 ἐστὶν
1401 1682 1665 1761 ἕμμονος.
1701 1685 1877 1759 Σαφὶς

244 1780 291 1836 δὲ
347 1779 484 1835 ἔσται
545 1780 708 1834 οὕτω·
766 1780 828 1833 τὸ
887 1782 993 1853 πῦρ
1050 1776 1277 1850 δύναμιν
1324 1774 1440 1853 ἔχει
1494 1774 1877 1850 θερμαντικὴν,

1966 632 2096 671 esse
2138 615 2322 671 malos
2355 634 2367 673 :
2401 617 2611 673 deinde
2658 635 2784 690 quae
2833 636 2901 674 ex
2951 621 3357 692 suppositione
3388 623 3460 677 ab
3495 621 3613 677 illis

1968 711 2361 776 exponuntur,
2395 707 2671 777 proponit
2714 713 2769 763 et
2812 708 3098 776 dissolvit,
3133 711 3336 765 dicens
3369 728 3382 766 :
3417 710 3614 765 Primo

1972 796 2210 865 quidem
2245 796 2537 851 daemones
2587 813 2702 851 non
2734 804 3120 869 corrumpunt
3166 800 3488 867 essentias;
3523 816 3613 854 es-

1971 884 2171 938 sentia:
2224 884 2381 938 enim
2440 890 2729 953 quatenus
2787 886 3077 955 essentiaa,
3112 904 3224 942 non
3283 889 3499 943 abeunt
3556 890 3613 943 in

1973 971 2257 1042 nihilum;
2290 974 2445 1030 I54
2478 980 2680 1044 postea
2709 974 2819 1029 etsi
2846 975 2956 1030 hoc
2985 980 3159 1042 esset,
3187 993 3299 1031 non
3334 977 3461 1033 ideo
3493 994 3616 1031 om-

1975 1061 2150 1115 nibus
2184 1077 2371 1133 neque
2398 1062 2661 1118 omnium
2684 1064 2979 1136 corruptio
3011 1064 3187 1133 mala,
3211 1065 3363 1120 sicut
3392 1066 3452 1120 in
3485 1065 3619 1121 feris

1975 1156 2031 1206 et
2061 1150 2394 1220 reptilibus,
2427 1156 2484 1205 et
2517 1152 2710 1207 herbis
2743 1154 2955 1219 noxiis,
2987 1153 3239 1226 aliisque
3272 1154 3569 1211 similibus
3607 1172 3619 1210 :

1979 1239 2358 1310 quaerendum
2393 1240 2590 1309 igitur,
2619 1258 2762 1295 num
2794 1243 3087 1298 daemones
3117 1243 3387 1299 virtutem
3419 1249 3475 1300 et
3503 1245 3624 1299 efﬁ-

1980 1326 2197 1382 caciam
2234 1335 2636 1397 corrumpant;
2672 1330 2908 1384 interim
2958 1331 3159 1401 paucis
3189 1333 3504 1388 dicendum
3537 1340 3627 1389 est

1982 1415 2121 1486 quid
2154 1416 2337 1471 virtus
2369 1422 2426 1471 et
2456 1418 2597 1487 quid
2629 1418 2907 1473 efﬁcacia.
2943 1420 3257 1475 Sciendum
3290 1421 3471 1492 igitur
3500 1439 3624 1477 cor-

1984 1504 2315 1576 ruptionem
2346 1506 2582 1562 virtutis
2624 1512 2890 1577 respectu
2924 1509 3192 1563 efﬁcaciae
3224 1527 3327 1564 seu
3383 1512 3627 1566 actionis

1984 1594 2159 1649 talem
2210 1611 2358 1664 esse,
2393 1594 2585 1666 qualis
2634 1601 2722 1650 est
2770 1595 3009 1652 habitus
3060 1603 3329 1669 respectu
3381 1600 3629 1655 actionis

1984 1682 2336 1750 habitualis;
2362 1682 2597 1739 habitus
2619 1685 2855 1755 quidem
2876 1690 2963 1740 est
2986 1687 3241 1757 qualitas
3262 1687 3627 1757 immanens;

1985 1771 2131 1827 illud
2166 1776 2360 1827 autem
2393 1773 2471 1828 ita
2503 1774 2875 1845 perspicuum
2904 1776 3036 1831 ﬁet:
3062 1775 3217 1847 ignis
3250 1777 3425 1832 habet
3455 1778 3633 1832 virtu-

242 1872 315 1925 καί
362 1870 493 1923 ἐστιν
552 1869 714 1923 αὐτοῦ
760 1866 869 1940 ’έξις
916 1865 1041 1936 ἤτοι
1106 1866 1338 1936 ποιότης
1388 1866 1450 1921 τὸ
1502 1862 1875 1940 θερμαντικόν.

2004 1878 2103 1917 :em
2125 1861 2732 1933 calefaciendi,estque
2756 1862 2943 1934 ipsius
2966 1864 3201 1919 habitus
3219 1882 3321 1920 seu
3344 1867 3630 1937 qualitas;

244 1962 398 2016 Ἔστιν
443 1960 539 2013 οὖν
582 1957 816 2033 ἐνέργεια
864 1959 899 2025 ἡ
950 1957 1086 2010 κατὰ
1127 1957 1225 2024 τὴν
1276 1953 1383 2026 ἕξιν
1424 1952 1547 2025 ἤτοι
1587 1954 1877 2023 ποιότητα,

244 2050 315 2104 ὅτε
356 2047 438 2102 καί
483 2070 544 2102 τι
595 2052 754 2119 σῶμα
798 2045 1158 2119 Θερμαίνεται·
1216 2043 1333 2099 ἰδοὺ
1384 2044 1485 2119 γὰρ
1536 2040 1880 2098 ἀποτελεῖται

240 2141 267 2207 ἡ
317 2136 546 2211 ἐνέργεια
602 2138 700 2204 τῆς
767 2132 929 2205 ἕξεως
988 2139 1086 2187 τοῦ
1144 2134 1342 2209 πυρός’
1404 2137 1439 2202 ἡ
1502 2134 1591 2187 οὖν
1654 2130 1883 2203 δύναμις

241 2228 344 2297 παρ’
397 2227 595 2295 ἑαυτῆς
664 2219 781 2298 ἔχει
839 2224 938 2291 τήν
1010 2223 1307 2299 ἐνέργειαν
1387 2222 1553 2292 αὐτῆς
1608 2221 1708 2297 γὰρ
1770 2221 1880 2287 ἑστι

240 2321 323 2383 τῆς
353 2312 633 2385 δυνάμεως
666 2314 699 2381 ἠ
732 2311 969 2388 ἐνέργεια
1018 2312 1082 2366 τὸ
1114 2312 1164 2381 ἐξ
1216 2312 1385 2381 αὐτῆς
1418 2309 1879 2383 ἀποτελούμενον·

243 2406 271 2471 ἡ
322 2404 412 2478 γὰρ
459 2401 693 2474 δύναμις
745 2401 881 2455 κατά
929 2402 992 2455 τὸ
1042 2406 1217 2455 ποιεῖν
1276 2396 1637 2473 λαμϐάνεται.
1700 2398 1886 2472 Φθορᾶ

244 2493 319 2546 οὖν
348 2490 626 2564 δυνάμεως
659 2494 693 2560 ἡ
727 2489 987 2565 ἐνέργεια.
1020 2493 1221 2564 Ὥσπερ
1258 2492 1347 2544 οὖν
1380 2490 1468 2544 καὶ
1501 2488 1685 2552 οὐσίας
1723 2491 1757 2556 ἡ
1789 2486 1884 2541 δύ-

242 2602 403 2653 ναμις,
434 2580 634 2635 ταύτὸν
680 2577 737 2633 δὶ
770 2579 861 2633 καὶ
914 2580 1037 2653 περὶ
1083 2583 1183 2644 τῆς
1234 2578 1494 2653 ἐνεργείας
1530 2581 1564 2646 ἡ
1611 2578 1756 2651 παρά
1785 2578 1881 2644 τὴν

242 2669 388 2739 τάξιν,
453 2668 545 2723 καὶ
602 2669 702 2737 τήν
764 2668 1134 2742 συμμετρίαν,
1194 2668 1282 2722 xui
1342 2667 1600 2740 ἁρμονίαν
1662 2666 1886 2735 ἀσθενὴς

244 2755 485 2831 πρόοδος,
517 2757 636 2820 καθ’
664 2758 728 2824 ἣν
782 2760 1078 2829 προϊοῦσαν
1128 2754 1483 2828 πλημμελῶς
1532 2754 1595 2809 ού
1636 2752 1884 2809 δύνανται

249 2846 404 2917 μένειν
462 2847 538 2907 ὡς
588 2845 738 2920 εἶχον
786 2848 819 2913 ἡ
867 2842 1117 2917 δύναμις,
1172 2846 1259 2899 καὶ
1316 2848 1350 2914 ἡ
1407 2844 1663 2920 ἐνέργεια,
1712 2842 1802 2898 xui
1848 2845 1883 2912 ἡ

246 2934 396 2989 ούσία·
448 2933 497 2988 εἰ
542 2936 645 3008 γὰρ
691 2932 985 3001 παντελὴς,
1037 2934 1111 2988 ὡς
1165 2933 1394 3011 ἔφημεν,
1428 2931 1573 2988 ἔσται
1622 2934 1885 3020 ἀσθένεια,

244 3025 296 3077 ού
328 3026 435 3097 μὴν
468 3025 503 3091 ἡ
544 3024 741 3096 μερική
772 3027 880 3077 τῶν
912 3022 1236 3097 εἰρημένων·
1281 3023 1371 3078 xui
1414 3024 1476 3078 τὸ
1530 3025 1884 3095 ὑποκείμενον

244 3112 431 3187 φθείρει
483 3112 537 3167 ἐν
589 3113 635 3183 ᾧ
667 3113 701 3180 ἡ
754 3109 1004 3183 δύναμις,
1049 3112 1139 3165 xui
1184 3115 1218 3180 ἡ
1261 3111 1519 3187 ἐνέργεια,
1566 3112 1655 3167 καὶ
1698 3108 1821 3165 οὕτε
1850 3113 1884 3180 ἡ

245 3197 480 3274 δύναμις,
530 3200 619 3253 καὶ
667 3204 703 3269 ἠ
747 3198 1006 3275 ἐνέργεια,
1057 3200 1129 3261 ὡς
1181 3198 1362 3268 οὕτεὴ
1397 3200 1569 3268 οὐσία,
1603 3198 1730 3256 ἀλλ’
1765 3196 1887 3254 οὕτε

1991 1952 2223 2023 quando
2254 1951 2433 2023 igitur
2464 1968 2677 2022 corpus
2708 1951 3029 2018 incalescit,
3053 1968 3183 2008 ecce
3216 1956 3365 2009 actio
3399 1955 3633 2010 habitus

1990 2041 2145 2112 ignis
2167 2041 2686 2113 perﬁcitur,virtus
2709 2042 2905 2113 itaque
2929 2042 3104 2097 habet
3128 2042 3184 2098 in
3208 2060 3269 2098 se
3291 2044 3632 2112 efficaciam;

1992 2146 2127 2184 nam
2189 2128 2447 2183 efﬁcacia
2504 2133 2591 2184 est
2648 2129 2837 2201 ipsius
2867 2130 3100 2185 virtutis
3158 2132 3417 2198 effectus,
3452 2132 3637 2187 virtus

1993 2218 2147 2274 enim
2183 2219 2474 2289 operando
2524 2222 2923 2290 comparatur;
2977 2219 3271 2291 corruptio
3324 2220 3504 2292 igitur
3551 2226 3640 2276 est

1992 2306 2228 2362 virtutis
2261 2307 2518 2361 efﬁcacia
2562 2324 2665 2361 seu
2710 2308 2887 2376 actio;
2944 2308 3098 2363 sicut
3151 2325 3286 2379 ergo
3335 2309 3519 2364 virtus
3554 2314 3641 2365 est

1994 2395 2285 2462 essentize,
2311 2395 2390 2450 ita
2416 2397 2589 2450 etiam
2620 2396 2935 2451 dicendum
2962 2397 3031 2451 de
3055 2396 3333 2465 efﬁcacia,
3355 2414 3481 2468 qua:
3505 2415 3634 2453 cum

1994 2484 2117 2556 agit
2147 2488 2355 2556 praeter
2403 2485 2665 2541 ordinem
2719 2491 2775 2541 et
2821 2485 3283 2541 convenientiam
3324 2495 3641 2560 aptamque

1995 2574 2505 2645 compositionem,
2535 2578 2624 2629 est
2672 2574 2968 2630 imbecilla
3017 2576 3371 2648 progressio,
3418 2576 3478 2632 in
3532 2594 3643 2648 qua

1994 2663 2200 2718 vitiose
2233 2664 2579 2733 procedente
2626 2669 2923 2734 nequeunt
2972 2681 3210 2719 manere
3243 2666 3446 2737 quales
3478 2668 3643 2720 erant

1994 2752 2183 2807 virtus
2214 2756 2271 2807 et
2300 2752 2557 2808 efﬁcacia
2606 2758 2780 2824 atque
2812 2754 3099 2821 essentia;
3151 2754 3372 2827 alioqui
3420 2755 3641 2822 totalis,

1996 2846 2062 2897 ut
2110 2841 2386 2910 diximus,
2437 2841 2546 2896 erit
2593 2841 2986 2912 imbecillitas,
3034 2861 3147 2899 non
3200 2860 3331 2899 vero
3383 2843 3645 2915 partialis

1997 2948 2197 2986 eorum
2232 2948 2358 3003 qua:
2397 2930 2553 2986 dicta
2582 2936 2721 2986 sunt
2753 2949 2765 2986 :
2799 2933 2986 2988 virtus
3038 2950 3271 3005 quoque
3323 2932 3647 3004 corrumpit

1998 3020 2327 3091 subjectum
2362 3020 2419 3074 in
2452 3037 2563 3090 quo
2594 3026 2703 3089 est,
2729 3038 2794 3076 ac
2826 3022 3107 3093 efﬁcacia,
3131 3027 3187 3077 et
3222 3040 3407 3095 neque
3438 3022 3646 3092 virtus,

1997 3125 2186 3179 neque
2217 3108 2498 3177 efﬁcacia,
2528 3108 2679 3163 sicut
2703 3126 2893 3181 neque
2922 3110 3194 3181 essentia,
3219 3111 3361 3182 quin
3386 3128 3489 3167 nec
3521 3111 3651 3183 ipsa

1998 3197 2293 3269 corruptio
2316 3198 2583 3266 evadent,
2601 3197 2718 3253 illis
2740 3199 2916 3255 etiam
2941 3201 3323 3270 pereuntibus
3346 3200 3500 3256 circa
3521 3218 3649 3272 quae

246 3264 374 3357 αὐτὴ.
412 3264 703 3366 ἠγφθορά*
731 3264 1291 3363 παραλειῴθήσονται,
1340 3264 1703 3362 ἀπολομένων
1756 3287 1887 3343 ὲκεί-

2004 3264 2297 3358 corruptio
2327 3264 2610 3343 versatur.
2641 3289 2840 3359 Itaque
2872 3264 3130 3344 efﬁcacia
3162 3264 3648 3361 intelligibilium,

246 3398 339 3431 νων
391 3378 516 3452 περὶ
551 3375 583 3430 ἃ
612 3378 646 3446 ἠ
699 3378 893 3450 φθορά.
943 3377 1214 3453 Ἐνέργεια
1272 3378 1365 3450 μὲν
1425 3380 1520 3432 οὗν
1560 3382 1769 3449 νοητῶν
1801 3378 1891 3433 καὶ

247 3472 437 3540 νοερῶν
492 3470 635 3519 voch
684 3466 745 3519 τὸ
798 3466 935 3520 κατά
996 3465 1151 3543 φύσιν
1211 3468 1484 3540 πράττειν,
1538 3468 1781 3523 τουτέστι
1830 3467 1893 3523 τὸ

251 3555 315 3618 εἷς
342 3556 471 3609 Θεὸν
521 3553 888 3608 ἀνατετάσθαιο
939 3552 1162 3627 δύναμις
1212 3552 1269 3609 δὲ
1315 3560 1406 3609 νοῦ
1452 3556 1515 3611 τὸ
1565 3557 1641 3618 εἰς
1680 3559 1893 3627 νοήσεις

251 3645 500 3712 κατιέναι,
550 3644 675 3716 περί
734 3644 795 3696 οὗ
842 3644 910 3697 τὰ
964 3642 1247 3719 εἰρημένα,
1303 3644 1657 3718 πλημμελῶς
1714 3647 1896 3700 κινού-

256 3755 393 3805 μενα,
426 3732 740 3788 ἐλλείπουσι
796 3735 892 3786 τοῦ
950 3732 1176 3806 ἀγαθοῦ.
1238 3734 1405 3788 Φύσει
1463 3735 1551 3788 οὖν
1607 3735 1770 3789 κακὸν
1805 3734 1896 3789 ού-

257 3820 357 3879 δέν.

318 3910 474 3966 Ἀλλ’
529 3908 752 3973 ἐλλιπὲς
783 3909 999 3985 ἀγαθόν.
1032 3912 1121 3974 Ὠς
1171 3913 1247 3985 μὴ
1294 3913 1395 3982 τήν
1443 3911 1650 3968 τελείαν
1699 3916 1896 3991 φθορὰν

259 4004 348 4065 τῆς
378 4004 583 4078 φθορᾶς
616 3998 850 4073 εἰσάγον.
1422 4009 1431 4015 ”

323 4090 466 4160 Εἶτα,
502 4092 619 4148 πῶς
672 4088 723 4141 οἱ
773 4087 832 4142 ἐκ
862 4092 1015 4144 Θεοῦ.
1060 4090 1201 4165 Πρὸς
1242 4090 1368 4152 τοὺς
1422 4090 1699 4166 λέγοντας·
1736 4091 1797 4146 Εἰ
1845 4091 1904 4146 ἐκ

262 4183 381 4232 Θεοῦ
428 4177 676 4254 ἐγένοντο
727 4178 780 4231 οἱ
846 4174 1119 4250 δαίμονες,
1169 4183 1286 4241 πῶς
1336 4179 1438 4234 εἶσι
1482 4180 1637 4235 κακοί
1683 4200 1697 4250 ;
1753 4183 1902 4238 Ἐστι

266 4263 314 4320 δὲ
354 4266 511 4328 λύσις
559 4272 659 4335 τῆς
704 4265 944 4328 πεύσεως
1010 4266 1059 4321 εἷ’
1103 4267 1259 4323 κακοί
1318 4269 1449 4323 εἰσιν
1502 4270 1552 4324 οἱ
1607 4268 1855 4343 δαίμονες
1889 4289 1901 4303 ⁶

266 4354 340 4408 καί
370 4375 556 4432 φησιν,
593 4352 676 4407 ὅτι
734 4353 796 4407 οὐ
847 4354 981 4417 καθὸ
1030 4354 1222 4430 ἀγαθοί
1273 4355 1373 4411 εἰσι
1418 4357 1554 4412 κατὰ
1599 4359 1696 4427 τήν
1735 4380 1906 4433 παρα-

267 4446 430 4517 γωῄν
479 4449 579 4511 τῆς
628 4442 811 4505 ούσίας
855 4442 1048 4497 αὐτῶν·
1101 4444 1160 4499 ἐκ
1204 4449 1302 4499 τοῦ
1360 4447 1563 4521 ἀγαθοῦ
1610 4448 1710 4523 γὰρ
1777 4470 1908 4525 παρ-

268 4534 503 4606 ἤχθησαν
550 4531 764 4606 ἀγαθοί’
815 4528 959 4586 ἀλλά
997 4535 1128 4589 καθὸ
1176 4535 1476 4606 ἠσθένησαν
1526 4543 1625 4607 τῆς
1678 4545 1907 4615 φυσικῆς

270 4621 430 4676 αὐτῶν
466 4619 755 4696 ἐνεργείας.

328 4710 424 4766 Καὶ
455 4711 664 4785 ἀγαθὴν
700 4708 901 4785 ἔλαχον
937 4710 1274 4771 ούσίαν.”Οτι
1298 4714 1473 4790 ἀγαθή
1506 4721 1613 4773 τῶν
1639 4715 1909 4792 δαιμόνων

272 4800 299 4865 ἡ
328 4798 502 4855 ούσία.

331 4889 414 4950 Ὠς
454 4888 521 4943 τά
574 4887 751 4963 Λόγιά
799 4910 953 4966 φησι.
1013 4890 1329 4964 Σημείωσαι
1379 4899 1495 4957 πῶς
1539 4902 1651 4951 νοεῖ
1696 4897 1779 4967 τὸ,
1821 4899 1915 4974 ἀγ-

274 4976 449 5050 γέλους
496 4998 555 5033 τε
598 4977 724 5038 τοὺς
769 4978 843 5050 μὴ
897 4980 1240 5052 τηρήσαντας
1295 4983 1393 5051 τὴν
1450 4986 1649 5039 έαυτῶν
1715 4986 1912 5062 ἀρχήν·

276 5062 439 5138 ἀρχὴν
480 5066 582 5142 γὰρ
631 5066 811 5120 αύτῶν
862 5087 994 5144 φησι
1040 5069 1138 5137 τὴν
1188 5070 1263 5131 εἷς
1294 5071 1355 5125 τὸ
1388 5074 1522 5127 εἶναι
1555 5078 1913 5150 παραγωγήν·

276 5155 623 5228 παρήχθησαν
680 5154 784 5228 γὰρ
841 5154 931 5209 καὶ
989 5154 1141 5211 αὖτοί
1198 5157 1272 5220 εἷς
1319 5165 1422 5213 πᾶν
1485 5159 1637 5238 ἔργον
1697 5163 1915 5238 ἀγαθὸν,

282 5240 445 5316 ὥσπερ
474 5242 562 5297 καὶ
592 5244 781 5314 ἡμεῖς.
816 5243 909 5297 Ἐκ
950 5243 1159 5299 τούτων
1201 5248 1292 5300 οὗν
1348 5247 1479 5303 εἰσιν
1533 5252 1585 5305 οἱ
1635 5248 1918 5324 δαίμονες,

283 5324 327 5380 ἰν
352 5332 523 5403 τούτῳ
570 5331 725 5404 μόνῳ
768 5331 1147 5405 κακυνόμενοι,
1182 5334 1235 5389 ἐν
1281 5340 1349 5410 τῇ
1403 5338 1592 5395 παύσει
1633 5348 1731 5410 τῆς
1758 5338 1916 5411 ’ἕξεως

280 5422 375 5472 τῶν
403 5420 638 5495 ἀγαθῶν,
669 5418 759 5473 καὶ
811 5419 862 5475 ἰν
904 5425 984 5493 τῷ
1018 5423 1094 5493 μὴ
1149 5422 1385 5504 ἐνεργεῖν
1438 5429 1500 5484 τὸ
1533 5430 1745 5504 ἀγαθόν·
1783 5431 1921 5487 ὥστε

350 5718 367 5756 ¹
409 5715 594 5778 πάθος.

2003 3393 2104 3433 seu
2137 3392 2263 3448 quas
2296 3375 2418 3432 solo
2452 3376 2751 3432 intellectu
2776 3377 3201 3450 percipiuntur,
3227 3396 3292 3434 ac
3325 3378 3651 3450 intelligen-

2002 3468 2151 3520 tium
2194 3466 2500 3534 mentium,
2536 3469 2624 3521 est
2670 3467 2994 3521 secundum
3045 3476 3314 3522 naturam
3365 3484 3557 3539 agere,
3590 3467 3647 3522 id

2006 3558 2093 3610 est
2123 3572 2359 3609 sursum
2394 3556 2465 3610 ad
2506 3555 2687 3610 Deum
2728 3556 3001 3623 tendere;
3036 3556 3220 3612 virtus
3252 3560 3445 3612 autem
3482 3573 3649 3611 men-

2004 3644 2103 3712 tis,
2131 3645 2200 3699 ad
2224 3644 2607 3715 cogitationes
2630 3644 3000 3712 descendere,
3026 3645 3083 3699 in
3107 3663 3221 3717 quo
3255 3663 3322 3701 ea
3342 3663 3472 3717 qua:
3496 3646 3652 3700 dicta

2009 3738 2150 3790 sunt
2178 3734 2383 3791 vitiose
2427 3736 2667 3801 moveri,
2703 3753 2735 3790 a
2766 3735 2918 3791 bono
2948 3734 3253 3792 deﬁciunt.
3288 3734 3445 3791 Nihil
3478 3735 3659 3808 igitur

2010 3829 2221 3880 natura
2252 3824 2494 3880 malum.

2081 3914 2183 3970 Sed
2214 3914 2411 3970 bonum
2453 3915 2730 3984 deﬁciens.
2764 3915 2835 3971 Ut
2880 3933 2994 3971 non
3045 3916 3359 3988 perfectam
3412 3930 3658 3986 corrup-

2011 4002 2194 4059 tionis
2226 4004 2656 4076 corruptionem
2694 4005 3001 4060 inducens.

2082 4093 2345 4165 Denique,
2379 4094 2643 4164 quomodo
2674 4095 2769 4164 qui
2799 4111 2831 4147 a
2860 4096 2987 4149 Deo.
3020 4097 3229 4148 Contra
3261 4092 3521 4148 dicentes
3557 4108 3569 4146 :
3604 4091 3661 4145 Si

2013 4184 2305 4238 daemones
2337 4200 2370 4237 a
2399 4184 2512 4237 Deo
2559 4186 2697 4237 sunt
2746 4183 2985 4250 conditi,
3022 4182 3314 4251 quomodo
3368 4180 3527 4235 mali.
3560 4181 3662 4234 Est

2013 4272 2228 4328 solutio
2281 4271 2752 4340 interrogationis
2786 4287 2923 4325 num
2960 4270 3095 4325 mali
3143 4274 3283 4325 sunt
3320 4270 3611 4323 dmmones
3646 4282 3659 4322 :

2016 4361 2233 4432 aitque,
2260 4378 2375 4416 non
2398 4366 2688 4431 quatenus
2712 4360 2848 4414 boni
2871 4364 3009 4413 sunt
3039 4359 3098 4413 in
3132 4357 3510 4429 productione
3542 4371 3661 4409 suae

2016 4451 2304 4518 essentiae,
2361 4466 2497 4505 nam
2549 4466 2581 4504 a
2627 4449 2778 4504 bono
2830 4448 3096 4521 producti
3148 4451 3287 4502 sunt
3339 4445 3507 4513 boni;
3561 4444 3663 4499 sed

2018 4544 2310 4610 quatenus
2341 4538 2650 4594 debiliores
2672 4538 2861 4593 effecti
2894 4539 2948 4593 in
2981 4555 3087 4594 sua
3119 4536 3375 4592 naturali
3407 4534 3669 4590 efﬁcacia

1941 4640 1988 4705 D
2019 4646 2117 4685 seu
2153 4628 2511 4699 operatione.

2093 4719 2166 4772 Ac
2195 4718 2391 4773 bonam
2418 4717 2602 4773 sortiti
2628 4722 2758 4772 sunt
2787 4720 3100 4774 essentiam.
3137 4718 3358 4773 Bonam
3392 4730 3518 4771 esse
3549 4714 3667 4767 da:-

2025 4822 2266 4861 monum
2300 4807 2638 4861 essentiam.

2099 4898 2160 4952 Ut
2206 4896 2436 4967 Eloquia
2484 4899 2771 4951 testantur.
2822 4896 2970 4951 Nota
3028 4894 3317 4965 quomodo
3370 4890 3517 4947 155
3580 4888 3673 4942 in-

2028 4984 2247 5056 telligat
2296 4985 2464 5053 illud,
2512 4984 2748 5056 angelos
2800 5002 2913 5040 non
2966 4989 3264 5040 servantes
3315 4977 3672 5050 principium

2027 5091 2233 5143 suum;
2267 5073 2620 5146 principium
2661 5074 2816 5129 enim
2868 5089 3070 5129 eorum
3124 5069 3287 5135 dicit,
3340 5066 3677 5138 productio-

2028 5178 2161 5217 nem
2220 5180 2335 5234 qua
2391 5163 2741 5219 exstiterunt
2795 5181 2806 5217 :
2869 5158 3136 5232 producti
3198 5156 3354 5213 enim
3416 5158 3556 5210 sunt
3615 5154 3675 5208 in

2028 5268 2199 5307 omne
2231 5269 2378 5323 opus
2412 5254 2653 5319 bonum,
2679 5252 2832 5307 sicut
2856 5258 2906 5305 el
2936 5266 3068 5317 nos;
3103 5264 3169 5304 ex
3204 5246 3293 5301 his
3326 5244 3507 5317 igitur
3536 5246 3677 5299 sunt

2029 5344 2346 5409 daamones,
2379 5341 2437 5395 in
2489 5342 2597 5396 hoc
2630 5340 2753 5395 solo
2788 5338 2923 5394 mali
2955 5337 3142 5393 effecti
3174 5335 3326 5406 quod
3382 5334 3443 5389 in
3492 5334 3681 5388 bono-

2032 5450 2161 5487 rum
2207 5430 2409 5487 habitu
2468 5429 2777 5495 cessarint,
2828 5443 3017 5501 neque
3078 5428 3300 5483 bonum
3358 5421 3678 5486 effecerint,

1276 5608 1515 5667 VARIE
1549 5612 1935 5671 LECTIONES
1973 5614 2064 5671 ET
2104 5605 2657 5671 CORRECTIONES.
