4080 6366
413 451 516 506 291

1234 441 1597 495 APPENDIX
1636 441 1732 493 AD
1768 439 2009 493 OPERA
2045 438 2104 490 S.
2144 434 2458 492 DIONYSII
2499 437 2996 495 ABEOPAGITE.

3714 443 3823 495 29?.

416 577 617 648 sicque
663 570 960 628 voluntate
1004 569 1142 621 sunt
1190 562 1353 628 mali,
1386 580 1499 618 non
1552 567 1793 629 natura;
1834 560 2046 615 bonum

2172 557 2304 612 κατὰ
2348 557 2656 634 προαίρεσίν
2712 559 2813 613 εἰσι
2859 559 3040 628 κακοὶ,
3090 558 3216 616 ἀλλ’
3264 561 3325 615 οὐ
3368 564 3501 617 κατὰ
3548 563 3821 632 cpias/'16

413 682 550 723 vero
581 666 792 718 natura
834 657 990 712 inest
1035 653 1110 710 iis
1153 670 1278 726 quas
1310 651 1628 719 exsistunt;
1663 649 1852 706 multa
1880 648 2057 721 igitur

413 750 761 812 diﬂ'erentia.

484 844 805 901 Divinarum
836 836 1104 892 bonorum
1132 832 1370 889 habitus.
1401 830 1549 886 Nota
1570 827 1858 885 dictiones
1888 826 2056 883 babi-

408 940 505 990 tus
536 936 593 989 et
622 927 892 985 efficacia
919 942 932 982 :
958 940 1088 980 ecce
1108 922 1263 977 enim
1288 936 1463 992 quam
1497 927 1667 974 anlea
1697 918 1843 973 dixit
1870 918 2055 971 virtu-

408 1028 550 1094 tem,
580 1021 732 1076 hanc
780 1017 953 1073 modo
1001 1016 1167 1069 vocat
1217 1010 1507 1079 habitum,
1556 1011 1622 1063 ut
1673 1006 2054 1080 exposuimus

409 1111 683 1185 superius
714 1106 773 1162 in
806 1121 1020 1177 magno
1050 1099 1439 1174 paragrapho.

481 1184 542 1257 Si
570 1201 751 1272 itaque
778 1210 1008 1267 semper.
1036 1196 1159 1247 Non
1192 1204 1431 1262 prorsus
1460 1190 1725 1260 expertes
1754 1200 1882 1241 esse
1913 1184 2052 1241 boni

409 1293 724 1347 daemones.

481 1378 631 1450 Quod
667 1377 814 1435 enim
861 1388 1072 1445 semper
1118 1369 1262 1426 idem
1309 1374 1409 1423 est.
1441 1369 1677 1436 Semper
1718 1363 1875 1421 idem
1922 1380 2052 1420 esse

407 1470 546 1528 boni
578 1473 667 1526 est
695 1464 1018 1541 proprium.

477 1559 646 1617 Pravi
673 1566 855 1615 autem
887 1570 1020 1612 esse.
1055 1550 1166 1607 Cur
1196 1550 1491 1605 daemones
1522 1545 1801 1601 dicuntur
1831 1542 2015 1599 mali?

475 1741 596 1798 Illis
642 1737 894 1803 ἄεισι-ἰὼ,
941 1733 1039 1790 Gr.
1080 1722 1318 1788 ἔκϐασις.
1346 1718 1605 1782 Ἕκϐασιν
1654 1726 1818 1779 vocat
1864 1738 2048 1779 reces-

404 1848 538 1889 eum
570 1847 605 1885 ιι
634 1822 1031 1889 convenienti;
1083 1814 1325 1872 ἀτέλειαν
1357 1832 1491 1871 vero
1524 1829 1822 1870 recessum
1855 1829 1887 1867 a
1918 1827 2046 1883 per-

404 1923 575 1990 fecto,
606 1933 710 1975 seu
744 1908 1118 1987 perfectionis
1147 1906 1458 1962 defectum.

476 1989 817 2077 Imaginatie
841 2014 1104 2074 ρτκττσρς.
1129 1994 1277 2061 Quid
1309 1993 1385 2049 sit
1410 1989 1693 2069 φαντασία,
1716 1990 2049 2061 imaginatz'o

404 2099 661 2156 diximus
691 2094 752 2150 in
779 2090 968 2164 primo
997 2086 1208 2159 capite.

484 2189 681 2244 Verum
725 2184 849 2237 ista.
882 2183 968 2235 En
1016 2175 1192 2230 aliam
1242 2186 1475 2245 quoque
1524 2168 1898 2235 solutionem,
1929 2185 2047 2224 non

404 2291 535 2335 esse
582 2272 722 2345 quid
769 2266 1017 2332 malum,
1056 2267 1266 2318 natura
1314 2259 1558 2329 malum,
1590 2259 1691 2314 sed
1741 2257 2049 2345 delapsus

402 2365 586 2430 bono;
608 2344 767 2433 quod
790 2356 946 2413 enim
966 2356 1186 2409 naturas
1206 2350 1379 2417 inest,
1396 2363 1628 2419 semper
1647 2345 1850 2402 eodem
1874 2344 2046 2401 modo

403 2470 466 2513 se
513 2452 712 2512 habet,
746 2461 937 2517 neque
986 2440 1277 2513 dejicitur,
1326 2437 1482 2493 sicut
1538 2435 1734 2506 ipsum
1791 2433 2043 2501 bonum;

402 2542 626 2601 malum
656 2553 789 2594 vero
819 2551 933 2590 non
957 2535 1047 2588 est
1075 2527 1308 2593 stabile,
1333 2525 1612 2598 quoniam
1646 2523 1969 2594 corrumpit
1990 2525 2048 2576 et

401 2633 610 2689 alterat
652 2625 809 2699 quod
859 2626 949 2679 est
998 2618 1261 2684 obvium,
1294 2614 1447 2671 sicut
1494 2612 1771 2681 diximus;
1803 2611 2046 2667 minime

400 2722 583 2795 igitur
612 2721 703 2774 est
730 2716 789 2770 in
821 2716 1033 2768 natura
1054 2705 1300 2770 malum,
1324 2700 1823 2795 quemadmodum
1856 2715 2046 2795 neque

403 2788 467 2868 in
511 2804 878 2866 daemonibus
926 2815 1054 2856 esse
1100 2796 1188 2851 vir
1234 2793 1329 2849 hic
1377 2791 1609 2847 divinus
1655 2790 1944 2856 afﬁrmat;
1994 2788 2044 2844 si

402 2901 560 2957 enim
598 2913 714 2953 non
745 2905 978 2961 semper
1010 2884 1149 2941 mali
1179 2884 1495 2950 daemones,
1520 2894 1635 2934 non
1666 2881 1805 2934 sunt
1838 2880 2047 2933 natura

403 2988 569 3056 mali,
592 2984 747 3056 quod
769 2980 923 3036 enim
950 2981 1175 3031 natura:
1196 2973 1369 3037 inest,
1395 2985 1627 3040 semper
1647 2967 1849 3023 eodem
1875 2966 2046 3022 modo

403 3093 466 3134 se
497 3076 695 3131 habet.
726 3062 1160 3127 Demonstravit
1207 3060 1386 3131 igitur
1429 3059 1722 3113 dmmones
1752 3060 2046 3127 quatenus

402 3168 543 3222 sunt
570 3166 628 3218 et
655 3157 994 3229 intelligunt
1023 3167 1089 3208 ac
1118 3149 1319 3205 vivunt
1347 3145 1755 3217 desiderioque
1785 3144 1925 3200 boni
1954 3148 2045 3199 te-

402 3256 638 3322 nentur,
678 3263 795 3304 non
842 3260 971 3301 esse
1016 3242 1228 3296 natura
1272 3234 1480 3303 malos,
1514 3234 1614 3289 sed
1664 3232 1965 3289 aversione
2010 3249 2045 3289 α

400 3344 577 3408 bono,
612 3339 669 3395 in
703 3352 817 3410 quo
848 3333 1022 3389 etiam
1055 3329 1312 3383 luerunt.

474 3432 655 3502 Neque
682 3426 804 3498 ipsa
831 3438 928 3494 per
966 3434 1021 3475 se
1051 3425 1179 3472 sunt
1208 3415 1378 3470 mala.
1413 3415 1505 3468 Ira
1534 3411 1660 3468 sine
1689 3410 1918 3508 ratione
1945 3426 2047 3481 per

401 3535 485 3586 se,
520 3535 587 3575 ac
616 3529 821 3572 amens
852 3506 1146 3580 cupiditas
1177 3519 1277 3574 per
1306 3518 1388 3567 se,
1414 3506 1589 3571 atque
1620 3515 1875 3570 preceps
1905 3506 2047 3552 ima-

401 3608 645 3682 ginatio,
668 3620 783 3658 non
816 3612 1058 3671 prorsus
1087 3599 1145 3649 et
1175 3593 1235 3646 in
1266 3589 1542 3646 omnibus
1574 3588 1820 3652 malum,
1844 3604 2047 3642 secun-

401 3677 544 3754 dum
576 3711 639 3749 se
669 3689 1061 3750 considerata;
1096 3682 1213 3736 imo
1254 3678 1606 3751 quandoque
1654 3677 1918 3747 ipsorum
1951 3678 2045 3730 in-

400 3789 611 3844 teritus
663 3785 831 3838 nocet
887 3772 1127 3833 animali
1171 3771 1328 3842 quod
1359 3786 1427 3824 ea
1472 3768 1745 3833 habebat,
1781 3771 1843 3821 ut
1894 3773 2047 3821 recte

401 3876 543 3931 dicit
590 3870 778 3942 capite
826 3864 1077 3937 septimo
1125 3858 1262 3913 libri
1292 3858 1490 3927 hujus.
1525 3857 1696 3911 Recte
1740 3860 1934 3909 autem
1985 3855 2045 3908 in

403 3963 703 4021 habitibus
722 3957 816 4013 his
837 3949 1163 4011 calumnias
1187 3945 1655 4003 adversariorum
1686 3942 2048 4015 posuit,quia

400 4054 489 4109 ira
518 4051 693 4108 etiam
725 4062 860 4102 cum
893 4041 1117 4098 ratione
1148 4035 1548 4107 coniungitur,
1572 4032 1725 4087 sicut
1754 4048 1881 4101 quas
1915 4048 2046 4085 con-

400 4147 495 4198 tra
524 4142 852 4211 peccatum,
880 4138 937 4188 et
968 4130 1248 4186 adversus
1279 4124 1379 4180 Dei
1412 4124 1631 4188 hostes,
1659 4137 1726 4176 ac
1755 4119 2046 4189 cupiditas

401 4232 557 4288 156
589 4225 952 4301 prudens,ut
980 4220 1037 4273 id
1071 4216 1226 4287 quod
1271 4212 1485 4268 melius
1533 4214 1621 4265 est
1667 4224 1907 4279 cupere;
1940 4215 1997 4301 et
2027 4226 2041 4264 ε

401 4297 681 4378 Desiderio
726 4310 1033 4369 desideravi
1078 4306 1177 4361 hoc
1229 4301 1435 4373 pascha
1483 4302 1821 4353 manducare
1866 4297 2042 4352 vobis-

398 4408 670 4478 cum(n):
710 4405 795 4459 ita
842 4400 1019 4456 etiam
1069 4398 1159 4449 est
1205 4388 1551 4478 imaginatio
1600 4402 1716 4441 non
1767 4402 2041 4458 praeceps.

398 4515 512 4569 qua
533 4475 932 4562 i—ntelligibilia
950 4480 1472 4555 apprehendimus,
1496 4475 1605 4531 hoc
1628 4479 1821 4530 mente
1845 4480 2044 4531 nostra

400 4587 701 4642 facientes.

2165 643 2222 701 δὲ
2271 648 2465 721 ἀγαθὸν
2521 646 2775 724 πρόσεστι
2834 654 2949 712 τοῖς
3004 650 3123 705 οῦσι
3180 671 3315 705 κατα
3367 651 3562 729 φύσιν·
3623 652 3816 723 πολλή

2160 735 2337 791 τοίνυν
2371 733 2623 813 διαφορά.

2233 827 2356 882 Τῶν
2416 826 2573 880 θείων
2628 826 2842 901 ἀγαθῶν
2900 824 3100 897 ἕξεως.
3162 827 3477 901 Σημείωσαι
3534 830 3597 885 τὸ
3652 827 3818 902 ἕξεως

2161 914 2252 968 καὶ
2301 912 2587 991 ἐνεργείας·
2639 913 2757 970 ἰδοὺ
2806 917 2910 991 γὰρ
2958 918 3019 985 ἣν
3064 922 3293 991 προεῖπε
3334 914 3583 991 δύναμιν,
3615 920 3819 990 ταύτην

2160 1005 2251 1055 νῦν
2282 1000 2387 1073 ἕξιν
2417 1004 2602 1082 φησὶν,
2636 1005 2711 1067 ὡς
2742 1005 3163 1079 ἡρμηνεύσαμεν
3196 1009 3217 1042 ¹
3246 1005 3295 1061 ἐν
3327 1013 3441 1070 τοῖς
3475 1008 3730 1086 ἀνωτέρω
3761 1010 3815 1066 ἐν

2158 1094 2226 1166 τῇ
2263 1091 2472 1169 μεγάλῃ
2504 1098 2851 1171 παραγραφῇ.

2230 1180 2461 1250 Οὐκοῦν,
2495 1182 2540 1239 εἰ
2572 1182 2671 1238 ἀεί·
2704 1184 2827 1241 ’Ὀτι
2860 1182 2922 1239 οὗ
2966 1185 3139 1256 πάντη
3193 1186 3416 1263 ἄμοιροι
3462 1187 3513 1241 οἱ
3559 1185 3819 1261 δαίμονες

2158 1268 2257 1325 τοῦ
2284 1272 2507 1345 ἀγαθοῦ.

2230 1362 2307 1417 Τὸ
2337 1363 2441 1438 γὰρ
2490 1362 2571 1419 ἀεὶ
2622 1362 2838 1419 ταύτόν.
2890 1365 3014 1422 Ὅτι
3062 1365 3122 1421 τὸ
3172 1365 3252 1421 ἀεὶ
3294 1367 3515 1438 ταύτὸν,
3546 1366 3685 1424 ἴδιον
3717 1374 3817 1425 τοῦ

2160 1450 2383 1525 ἀγαθοῦ.

2231 1540 2397 1595 Κακοὶ
2454 1536 2512 1595 δὲ
2568 1541 2724 1598 εἶναι.
2777 1542 2873 1597 Διά
2904 1541 2957 1597 τί
3002 1543 3157 1599 κακοὶ
3208 1541 3456 1619 λέγονται
3514 1546 3567 1601 οἱ
3623 1545 3819 1622 δαίμο-

2156 1647 2288 1697 νες;

2231 1718 2431 1778 Δῦτοῖς
2480 1712 2721 1781 ἔκϐασις.
2795 1715 3052 1775 ’Ἑκόασιν
3127 1722 3226 1791 τήν
3300 1724 3651 1799 ἀναχώρησιν
3721 1730 3817 1781 τοῦ

2158 1804 2493 1878 ἁρμόζοντος
2530 1806 2697 1882 λέγει·
2744 1808 2985 1864 ἀτέλειαν
3042 1807 3099 1865 δὶ
3146 1811 3243 1879 τήν
3287 1813 3382 1867 τοῦ
3420 1810 3658 1883 τελείου,
3690 1811 3819 1884 ἤτοι

2156 1901 2257 1964 τῆς
2281 1894 2628 1967 τελειότητος
2658 1898 2759 1965 τήν
2788 1895 3056 1971 ἔλλειψιν.

2232 1984 2506 2040 Φαντασία
2551 1990 2857 2061 προπετής.
2901 1986 2967 2043 Τί
3015 1987 3125 2043 tm
3176 1991 3459 2067 φαντασία,
3508 1990 3560 2047 ἐν
3612 1994 3820 2069 πρώτῳ

2155 2072 2437 2146 κεφαλαίῳ
2468 2072 2715 2148 εἷ’πομεν.

2229 2160 2402 2219 Ἀλλά
2456 2168 2641 2219 ταῦτα.
2687 2162 2827 2220 Ἰδοὺ
2876 2165 2965 2221 καὶ
3016 2166 3171 2242 ἑτέρα
3219 2167 3372 2231 λύσις
3418 2173 3518 2226 τοῦ
3568 2173 3648 2244 μὴ
3680 2171 3818 2229 εἶναι

2154 2250 2217 2305 τὸ
2272 2252 2459 2323 κακὸν,
2520 2252 2675 2326 φύσει
2733 2255 2939 2325 κακὸν,
2994 2254 3140 2311 ἀλλὰ
3194 2259 3330 2312 κατᾶ
3386 2254 3652 2315 ἔκπτωσιν
3710 2267 3811 2316 τοῦ

2154 2338 2381 2413 ἀγαθοῦ’
2438 2342 2499 2396 τὸ
2557 2343 2661 2416 γὰρ
2711 2342 2761 2398 ἓν
2818 2347 2972 2417 φύσει
3024 2346 3080 2399 ὃν
3131 2345 3209 2401 ἀεὶ
3245 2346 3503 2411 ὡσαύτως
3545 2343 3682 2425 ἔχει,
3715 2351 3807 2405 καὶ

2156 2428 2217 2484 οὐ
2249 2425 2669 2500 καταϐάλλεται,
2714 2431 2893 2508 ὥσπερ
2945 2433 3072 2489 αὐτὸ
3118 2436 3181 2489 τὸ
3213 2436 3431 2510 ἀγαθόν’
3464 2442 3526 2492 τὸ
3558 2436 3615 2493 δὶ
3639 2440 3806 2494 κακὸν

2155 2516 2379 2572 ἄστατόν
2427 2517 2589 2590 ἐστιν,
2635 2518 2824 2590 ἔπειδή
2875 2521 3078 2599 φθείρει
3126 2524 3214 2578 καὶ
3263 2522 3488 2580 ἀλλοιοῖ
3533 2527 3594 2581 τὸ
3633 2547 3808 2600 προσ-

2153 2608 2341 2681 τυχὸν,
2374 2607 2689 2683 ὠςεῗπομεν
2723 2609 2852 2667 ἅνω.
2887 2611 3096 2668 Οὐκοῦν
3128 2612 3227 2668 οὐκ
3267 2613 3317 2668 ἑν
3351 2614 3502 2691 φύσει
3532 2617 3595 2670 τὸ
3618 2617 3807 2686 κακὸν,

2156 2691 2334 2770 ὥσπερ
2387 2697 2473 2751 ἐπὶ
2522 2703 2628 2753 τῶν
2668 2696 2943 2772 δαιμόνων
2995 2702 3156 2771 φησὶν
3207 2703 3234 2756 ὁ
3284 2704 3429 2765 θεῖος
3461 2705 3618 2769 οὗτος
3648 2705 3807 2777 ἀνήρ·

2155 2784 2201 2840 εί
2250 2786 2351 2860 γὰρ
2403 2786 2502 2840 οὐκ
2547 2788 2627 2842 ἀεὶ
2680 2788 2839 2842 κακοὶ
2888 2790 2939 2843 οἱ
2986 2787 3266 2863 δαίμονες,
3319 2791 3380 2846 οὐ
3430 2793 3582 2870 φύσει
3627 2794 3807 2848 κακοί·

2153 2874 2215 2928 τὸ
2243 2874 2344 2949 γὰρ
2376 2873 2426 2929 ἐν
2459 2874 2612 2952 φύσει
2663 2874 2720 2931 ὃν
2773 2877 2853 2932 ἀεὶ
2885 2877 3142 2941 ὡσαύτως
3178 2876 3315 2955 ἔχει.
3357 2879 3659 2953 Ἀπὲδειξεν
3690 2883 3810 2954 οὖν⁹

2157 2963 2238 3017 ὅτι
2269 2962 2358 3016 καὶ
2392 2960 2645 3036 δαίμονες
2673 2966 2804 3020 καθὸ
2835 2965 2962 3034 εἰσὶ,
3002 2967 3091 3020 καὶ
3140 2972 3349 3036 νοοῦσι,
3388 2970 3478 3024 καὶ
3532 2975 3683 3041 ζῶσι,
3717 2973 3811 3025 καὶ

2156 3048 2330 3127 ἔφεσιν
2390 3050 2579 3127 ἔχουσι
2636 3057 2732 3108 τοῦ
2791 3056 3016 3129 ἂγαθοῦ,
3078 3055 3176 3110 οὐκ
3232 3056 3335 3112 εἰσί
3395 3057 3546 3134 φύσει
3597 3059 3809 3130 κακοὶ,

2155 3138 2301 3194 ἀλλὰ
2366 3141 2501 3195 κατὰ
2563 3145 2919 3217 παρατροπήν
3002 3147 3099 3198 τοῦ
3165 3143 3415 3218 ἀγαθοῦ,
3484 3145 3536 3202 ἐν
3610 3148 3656 3218 ᾧ
3717 3146 3811 3205 καὶ

2154 3225 2417 3303 ἐγένοντο.

2226 3411 2303 3482 [α]
2369 3406 2508 3466 Οὐδὲ
2569 3407 2703 3464 αὐτά
2774 3411 2893 3464 καθ’
2963 3410 3098 3466 αὑτὰ
3166 3414 3348 3468 κακά.
3407 3414 3468 3470 Ὀ
3537 3414 3708 3487 θυμὸς
3779 3416 3809 3470 ὁ

2155 3496 2359 3572 ἄλογος
2402 3499 2520 3553 καθ’
2569 3498 2777 3570 ἑαυτὸν,
2836 3500 2925 3553 καὶ
2974 3497 3198 3570 ἠᾶνους
3246 3500 3506 3575 ἐπιθυμία
3533 3505 3652 3567 καθ’
3683 3501 3807 3559 ἑαυ-

2153 3589 2275 3654 τὴν,
2309 3587 2396 3641 καὶ
2444 3588 2478 3656 ἠ
2525 3589 2805 3662 προπετὴς
2855 3589 3135 3661 φαντασία,
3198 3589 3260 3645 οὐ
3318 3592 3532 3653 πάντως
3577 3593 3664 3646 καὶ
3718 3592 3810 3646 ἐπὶ

2154 3677 2368 3730 πάντων
2403 3676 2585 3745 κακὸν,
2630 3677 2746 3730 καθ’
2794 3676 2953 3731 ἑαυτὰ
3006 3679 3369 3751 σκοπούμενα,
3420 3676 3544 3735 ἀλλ’
3578 3675 3688 3743 ἔσθ’
3717 3680 3812 3735 ὅτε

2154 3765 2243 3819 καὶ
2292 3767 2326 3835 ἠ
2373 3765 2636 3840 ἀναίρεσις
2683 3765 2860 3820 αὐτῶν
2900 3764 3221 3837 λυμαίνεται
3264 3773 3343 3839 τῷ
3401 3773 3569 3823 ταῦτα
3620 3768 3811 3844 ἔχοντι

2160 3855 2301 3925 ζώῳ,
2334 3850 2407 3916 ὥς
2452 3875 2583 3931 φησι
2638 3851 2860 3916 τελείως
2909 3854 2959 3909 ἐν
3008 3860 3088 3927 τῷ
3143 3862 3181 3925 ζ’
3231 3856 3511 3934 κεφαλαίῳ
3556 3858 3754 3913 τούτου
3786 3861 3810 3894 ³

2152 3947 2250 3995 τοῦ
2282 3941 2469 4016 λόγου.
2507 3940 2697 4004 Καλῶς
2719 3940 2775 3996 δὲ
2805 3943 2856 3997 ἓν
2886 3949 3005 4005 ταῖς
3060 3945 3275 4019 σχέσεσι
3322 3945 3540 4006 ταύταις
3586 3946 3653 4000 τὰ
3683 3944 3806 4001 δια-

2155 4027 2433 4087 ϐάλλοντα
2480 4033 2735 4099 τέθεικεν,
2770 4031 2885 4086 ἐπεί
2927 4032 3038 4088 ἔστι
3086 4034 3175 4088 καὶ
3226 4036 3394 4107 θυμὸς
3445 4036 3581 4107 μετὰ
3612 4034 3805 4111 λόγου,

2154 4120 2228 4181 ὡς
2270 4120 2297 4175 ὀ
2349 4120 2484 4175 κατά
2531 4128 2631 4190 τῆς
2682 4121 2966 4195 ἁμαρτίας,
3012 4121 3101 4176 καὶ
3149 4124 3285 4176 κατᾶ
3324 4127 3433 4176 τῶν
3464 4124 3674 4199 ἐχθρῶν
3705 4128 3807 4178 τοῦ

2155 4214 2307 4265 Θεοῦ³
2366 4210 2455 4264 καὶ
2514 4211 2775 4281 ἒπιθυμία
2840 4205 3043 4277 ἔννους,
3102 4212 3174 4273 ὠς
3230 4213 3291 4266 τὸ
3346 4213 3626 4286 ἐπιθυμεῖν
3705 4218 3808 4267 τοῦ

2158 4296 2467 4372 βελτίονος·
2544 4298 2634 4351 καὶ
2704 4296 2801 4351 τό·
2874 4298 3166 4370 Ἐπιθυμίᾳ
3234 4299 3548 4373 ἐπεθύμησα
3616 4308 3805 4379 φαγεῖν

2149 4387 2212 4441 τὸ
2259 4386 2446 4460 πάσχα
2499 4390 2660 4440 τοῦτο
2716 4386 2830 4457 μεθ’
2878 4386 3028 4458 ὑμῶν
3056 4430 3069 4443 .
3118 4386 3306 4451 Οὕτως
3361 4388 3470 4443 ἐστὶ
3514 4388 3603 4444 καὶ
3671 4411 3805 4467 φαν-

2148 4476 2306 4531 τασία
2336 4476 2400 4530 οὐ
2427 4476 2727 4549 προπετὴς,
2767 4476 2883 4530 καθ’
2927 4477 2986 4543 ἣν
3031 4476 3377 4554 ἒφαπτόμεθα
3422 4484 3531 4533 τῶν
3564 4485 3805 4550 νοητῶν,

2148 4571 2228 4638 τῷ
2254 4571 2333 4639 νῷ
2360 4567 2519 4638 ἡμῶν
2550 4569 2711 4620 τοῦτο
2742 4570 3045 4630 ποιοῦντες.

471 4676 587 4730 Νοη
616 4669 857 4742 απσειίο,
885 4668 981 4718 Gr.
1014 4662 1049 4729 ἡ
1084 4656 1289 4732 σχέσις.
1326 4653 1521 4727 Σχέσιν
1575 4652 1844 4708 habitum
1875 4658 2043 4709 vocat

2220 4657 2342 4732 Οὐχ
2388 4659 2422 4727 ἠ
2470 4655 2673 4742 σχέσις.
2726 4655 2951 4742 ΣχίσινΔ
2990 4659 3082 4729 μέν
3139 4679 3300 4734 φησιν
3347 4658 3477 4715 αὐτὸ
3524 4660 3587 4715 τὸ
3652 4655 3805 4737 ἔχειν

398 4764 587 4836 ipsam
620 4771 855 4831 quoquo
887 4752 1059 4808 modo
1092 4744 1550 4836 possessionem;
1585 4758 1712 4836 quas
1744 4758 1874 4798 vero
1904 4749 2039 4836 ante

399 4832 576 4920 dicta,
609 4849 717 4913 ira,
743 4847 1005 4915 inquam,
1032 4843 1089 4894 et
1123 4852 1253 4908 qum
1292 4834 1607 4901 conjuncta
1638 4832 1892 4900 fuerunt,
1926 4832 2043 4887 vim

398 4943 618 4997 habent
655 4929 1052 4992 constituendi
1099 4922 1442 4981 animalium
1488 4922 1878 4990 quorumdam
1913 4938 2044 4991 pro-

399 5031 710 5101 prietatem
741 5029 799 5079 et
828 5023 887 5075 in
920 5035 985 5073 eo
1017 5015 1156 5071 talia
1187 5030 1301 5068 non
1334 5016 1475 5101 sunt
1504 5010 1749 5101 malum.

472 5117 577 5173 Sed
605 5118 881 5187 quatenus
910 5124 1025 5162 non
1068 5112 1162 5160 est.
1194 5098 1671 5156 Subaudiendum
1703 5098 1837 5151 κατὰ
1868 5096 2046 5174 φύσιν,

399 5206 702 5262 secundum
728 5208 1009 5257 naturam.

470 5299 771 5363 Nunquam
808 5290 975 5359 ipsas.
1010 5284 1091 5338 En
1124 5280 1277 5337 clare
1325 5277 1434 5334 hoc
1480 5275 1607 5331 loco
1638 5274 1799 5341 dicit,
1833 5277 2047 5333 daemo-

469 5469 555 5543 (η)
585 5466 723 5524 Luc.
756 5479 851 5534 xx,
888 5462 975 5518 15.

2150 4744 2358 4807 ἁπλῶςο
2407 4744 2472 4798 τὰ
2539 4740 2595 4797 δὲ
2642 4739 3035 4819 προειρημένα,
3080 4742 3222 4822 λέγω
3265 4743 3330 4816 δὴ
3390 4748 3563 4820 θυμὸς
3600 4748 3692 4803 καὶ
3740 4750 3809 4805 τὰ

2155 4834 2495 4906 συνημμένα,
2548 4839 2645 4901 τῆς
2706 4829 2758 4887 ἔν
2809 4854 2917 4888 τισι
2962 4836 3122 4903 ζώοις
3156 4832 3433 4906 ἰδιότητος
3488 4840 3803 4894 συστατικαὶ

2157 4922 2412 4995 δυνάμεις
2455 4921 2577 4993 eiei,
2624 4922 2712 4976 καὶ
2768 4922 2901 4977 κατὰ
2951 4929 3113 4979 τοῦτο
3140 4924 3200 4979 οὐ
3251 4928 3416 4981 κακὸν
3458 4928 3525 4982 τὰ
3556 4929 3803 4989 τοιαῦτα,

2228 5099 2385 5158 Ἀλλ’
2508 5099 2607 5155 οὐκ
2644 5094 2774 5157 ἔστι.
2816 5099 2967 5159 Κατὰ
3004 5107 3190 5158 κοινοῦ
3228 5104 3290 5158 τὸ
3329 5106 3463 5159 κατὰ
3502 5104 3685 5183 φύσιν.

2228 5280 2305 5354 [γ]
2372 5278 2447 5333 Οὐ
2531 5278 2746 5348 μήποτε
2812 5276 2974 5343 αὐτάς
3008 5321 3022 5338 .
3090 5278 3231 5339 Ἰδοὺ
3312 5281 3539 5348 ἐνταῦθα
3619 5289 3814 5365 σαφῶς

1399 5580 1638 5640 νιιιω
1678 5579 2071 5645 LECTIONES
2110 5585 2197 5646 ET
2235 5585 2799 5649 CORRECTIONBS.

470 5755 493 5789 ²
521 5750 627 5827 πρὸ
662 5747 879 5824 μικροῦ.
956 5743 977 5779 ³
1018 5740 1116 5795 τοῦ
1152 5729 1549 5813 προϐλήματος
1590 5731 1814 5793 τούτου.
