4080 6366
192 430 286 484 293
933 426 992 478 S.
1033 423 1302 476 MAXIMI
1344 421 1650 475 SCHOLIA
1690 422 1762 472 IN
1803 421 1934 473 LIB.
1979 423 2073 473 DE
2111 423 2382 476 DIVINIS
2420 422 2831 475 NOMINIBUS.

3477 424 3583 476 294

192 570 360 628 φησιν,
395 549 478 602 ὅτι
513 545 563 615 ἐξ
594 541 844 619 ἀγγέλων
878 543 930 597 οἱ
980 539 1257 615 δαίμονες·
1290 540 1385 602 τὰς
1435 540 1539 616 γὰρ
1581 537 1824 602 δοθείσας

1960 557 2044 596 ies
2076 558 2204 597 esse
2235 559 2303 596 ex
2332 541 2587 614 angelis;
2612 560 2726 597 non
2749 543 2902 597 enim
2933 544 3149 599 donata
3181 543 3292 599 sibi
3323 545 3588 614 angelica

191 623 361 698 αὐτοῖς
421 633 712 710 ἁγγελικὰς
766 629 971 705 δωρεὰς
1022 630 1121 685 οὐκ
1184 623 1585 701 ἀποϐάλλουσι,
1646 625 1828 682 τουτὲ-

195 748 293 782 στιν
343 726 474 797 ὅπερ
537 722 596 777 ἐκ
652 720 863 799 φύσεως
912 716 1130 794 ἔχουσιν
1183 717 1410 793 ἀγαθὸν,
1457 717 1520 772 οὐ
1583 714 1834 790 μετατρέ-

195 835 392 882 πουσιν,
429 811 475 867 εἰ
507 811 597 866 καὶ
629 810 782 865 αὐτοὶ
826 810 902 882 μὴ
960 806 1249 885 βούλονται
1303 806 1430 882 ὄρᾷν
1473 809 1533 860 τὸ
1567 805 1618 861 ἰν
1648 804 1831 866 αὐτοῖς

197 909 316 982 φῶς,
374 901 638 975 μύσαντες
684 900 856 953 αὐτῶν
899 897 994 959 τὰς
1041 897 1410 971 ἁγαθοπτικάς
1442 892 1719 968 δυνάμεις,
1760 894 1835 954 ὡς

195 981 248 1048 τὸ
295 992 585 1068 εἰρημένον
643 989 764 1064 περὶ
814 991 922 1041 τῶν
971 985 1327 1062 Ἰσραηλιτῶν
1366 1027 1379 1040 .
1433 983 1567 1047 Τοὺς
1628 981 1834 1061 ὀφθαλ-

199 1081 318 1155 μοὺς
401 1078 580 1134 αὐτῶν
666 1077 1008 1150 ἐκάμμυσαν,
1089 1074 1179 1129 καὶ
1255 1080 1374 1136 τοῖς
1451 1072 1583 1127 ὠσίν
1660 1071 1837 1127 αὐτῶν

199 1171 391 1245 βαρέως
488 1165 730 1236 ἤκουσαν
789 1210 803 1234 ,
911 1166 1125 1238 μήποτε
1213 1162 1576 1236 ἐπιστρέψωσι
1627 1207 1640 1230 ,
1743 1160 1834 1215 καὶ

195 1259 412 1330 ἰάσωμαι
465 1253 682 1316 αὐτούς.
737 1251 1056 1326 Σημείωσαι
1108 1250 1185 1321 δὲ,
1238 1251 1320 1307 ὅτι
1371 1247 1689 1329 φωτοειδεῖς
1743 1249 1833 1304 καὶ

195 1349 239 1402 oi
268 1345 544 1418 δαίμονες,
581 1341 794 1417 μᾶλλον
848 1339 906 1396 δι
935 1346 1088 1419 φῶτα
1137 1342 1252 1396 κατ’
1294 1339 1500 1413 οὐσίαν,
1544 1340 1618 1402 ὡς
1665 1338 1754 1393 καὶ
1783 1339 1835 1393 οἱ

192 1434 363 1490 λοιποὶ
394 1432 644 1510 ἄγγελον
692 1430 834 1486 οὕτω
881 1432 972 1486 καὶ
1023 1427 1076 1486 ἐν
1121 1428 1499 1505 Εὖαγγελίοις·
1532 1429 1835 1503 Ἐθεώρουν

194 1525 275 1579 τὸν
306 1527 548 1581 Σατανᾶν
579 1522 654 1583 ὡς
683 1522 986 1596 ἀστραπήν.

255 1609 323 1686 [δ]
373 1609 640 1685 Λὲγοντασ.
716 1607 897 1666 κακοί.
966 1606 1089 1683 Οὐχ
1147 1605 1338 1670 ἁπλῶς
1412 1607 1477 1661 τὸ
1537 1605 1836 1681 λέγεσθαι,

195 1699 323 1757 ἀλλὰ
348 1700 409 1755 τὸ
439 1700 502 1754 ’ὀν
536 1702 608 1773 τῇ
641 1697 792 1778 φύσει
826 1697 1113 1768 ζητητέον.
1145 1696 1224 1754 Τὸ
1273 1695 1352 1766 δὲ,
1385 1697 1519 1751 καθὸ
1552 1696 1651 1752 οὐκ
1680 1694 1836 1763 εἷ’σὶν,

196 1790 321 1845 οὕτω
380 1786 613 1858 νοητέον
646 1806 659 1820 ο
721 1785 798 1844 Οὐ
856 1786 1140 1862 γεγόνασιν
1200 1784 1288 1841 ἐπὶ
1344 1788 1671 1860 παρατροπῇ
1729 1788 1836 1839 τῶν

196 1879 352 1943 θεόθεν
384 1877 580 1939 αὐτοῖς
627 1872 932 1977 δεδομένων
984 1875 1216 1977 ἀγαθῶν,
1264 1871 1424 1946 ἓξεών
1467 1894 1525 1977 τε
1568 1873 1659 1928 καὶ
1690 1873 1840 1977 ενερ-
1871 1913 1918 1977 Β

194 1972 358 2045 γειῶν,
406 1966 608 2036 ἤντινα
660 1963 1010 2038 ἀποθέμενοι,
1057 1963 1311 2039 γεγόνασι
1361 1964 1542 2037 κακοὶ,
1599 1965 1717 2028 καθ’
1773 1965 1834 2032 ἣν

195 2058 277 2114 οὔκ
305 2055 400 2114 sic?
430 2055 501 2112 τὸ
547 2055 681 2111 εἶναι
713 2053 1000 2131 λαχόντες.

251 2239 318 2311 [α]
377 2236 492 2291 Καὶ
546 2239 644 2290 τοῦ
706 2235 781 2308 μὴ
841 2228 997 2297 ὄντος
1031 2277 1042 2290 .
1100 2235 1223 2294 Πῶς
1281 2233 1334 2287 οἱ
1389 2235 1486 2288 τοῦ
1550 2232 1625 2304 μὴ
1686 2227 1841 2297 ὄντος

190 2326 458 2403 ἐσιέμενοι
514 2329 611 2380 τοῦ
669 2326 840 2378 κακοῦ
901 2321 1155 2398 ἐφίενται,
1218 2320 1434 2376 λεκτέον
1487 2321 1730 2395 [οὕτως].
1778 2323 1838 2378 Ὁ

189 2417 299 2478 Θεὸς
355 2415 410 2471 ὅν
482 2415 624 2468 ἐστιν
657 2412 791 2482 ὑπὲρ
846 2413 914 2466 τᾶ
965 2407 1114 2465 ὅντα³
1165 2411 1254 2465 καὶ
1306 2413 1340 2480 ἡ
1383 2409 1613 2480 ἀλήθεια
1656 2411 1747 2465 οὖν
1778 2410 1840 2465 τὸ

193 2501 240 2559 ὅν
270 2504 442 2574 ἐστιν,
479 2501 668 2572 ἐπειδὴ
701 2503 788 2557 καὶ
840 2503 874 2571 ἡ
908 2499 1136 2572 ἀλήθεια
1166 2501 1193 2555 ὁ
1241 2499 1369 2554 Θεός
1417 2499 1581 2554 ἐστιν·
1615 2499 1840 2562 εἰκότως

194 2597 272 2652 οὖν
321 2595 381 2649 τὸ
447 2592 814 2666 ἀντικείμενον
874 2594 942 2664 τῇ
986 2588 1214 2660 ἀληθείᾳ
1263 2586 1458 2663 ψεῦδός
1507 2589 1640 2660 ἐστι,
1702 2591 1843 2662 μήτε

194 2681 261 2738 ὄν·
320 2681 429 2754 ἔξω
490 2681 592 2757 γάρ
645 2679 756 2735 ἐστι
806 2683 902 2734 τοῦ
951 2683 1085 2733 Θεοῦ
1135 2677 1436 2742 παντελῶςο
1494 2679 1633 2751 μήτε
1681 2678 1838 2732 εἰκὼν

195 2773 454 2844 ἀληθείας
504 2767 585 2825 ἔν’
642 2767 792 2824 οὐδὲν
848 2767 948 2845 γὰρ
1009 2767 1204 2844 ἀγαθὸν
1253 2765 1310 2822 ἐκ
1363 2771 1460 2822 τοῦ
1517 2771 1651 2822 Θεοῦ
1701 2764 1842 2843 ἔχει.

193 2859 408 2931 Ἐπειδῆ
451 2859 508 2915 δὲ
546 2859 719 2923 πείθει
751 2859 899 2920 τινὰς
933 2858 1082 2919 ὅμως
1113 2857 1244 2911 εἶναί
1275 2877 1350 2925 τι,
1393 2850 1539 2910 ἔσται
1569 2857 1842 2911 σκοτεινὸν

193 2952 270 3006 καὶ
319 2948 575 3026 ἀμυδρὸν
626 2953 735 3004 τῶν
786 2949 1036 3002 ὁπωσοῦν
1082 2941 1251 3001 ὄντων
1294 2944 1548 3002 εἷ’δωλον.
1602 2946 1695 3001 Διὸ
1753 2945 1844 3001 καὶ

189 3040 423 3117 ἐνεργείᾳ
483 3035 759 3110 ε’ίδωλον,
817 3036 907 3091 καὶ
966 3035 1210 3111 ἐνεργείᾳ
1262 3032 1457 3108 ψεῦδος
1495 3080 1507 3102 ,
1569 3037 1845 3090 τουτέστιν

187 3129 463 3200 ἀληθινῶς
494 3128 631 3182 δκαὶ
680 3124 847 3188 ὅντως
901 3123 1117 3199 ψεῦδος·
1175 3123 1293 3188 ὅθεν
1342 3124 1433 3178 καὶ
1481 3122 1721 3200 ἐνεργείᾳ
1768 3125 1843 3197 μὴ

189 3216 258 3291 ὃν,
305 3221 419 3274 οὐκ
465 3212 527 3272 ὅν
576 3215 711 3284 ἐστι,
759 3215 847 3270 καὶ
881 3210 1048 3276 ὅντως
1085 3214 1159 3287 μὴ
1194 3208 1275 3270 ὃν.
1309 3217 1616 3288 Τοιγαροῦν
1662 3209 1843 3288 ὥσπερ

189 3279 268 3363 xuii
299 3308 393 3364 ἐπὶ
429 3311 540 3360 τῶν
563 3303 775 3379 ψευδῶς
826 3299 1019 3372 ὄντων,
1051 3318 1142 3358 και
1171 3304 1233 3357 τὸ
1283 3301 1410 3358 ὅλον
1454 3307 1616 3357 τοῦτο
1648 3300 1843 3376 ψεῦδος
1877 3279 1920 3347 C

194 3395 382 3468 ὄντων,
439 3397 503 3450 τὸ
548 3391 768 3468 ψεῦδος,
817 3393 1117 3467 ἀναιρεθὶν,
1162 3397 1334 3446 πᾶσαν
1378 3392 1478 3460 τὴν
1522 3390 1706 3444 οὐσίαν
1754 3396 1851 3446 τοῦ

195 3489 517 3561 πράγματος
574 3484 803 3558 ἀναιρεῖ·
866 3482 1009 3536 οὕτω
1065 3480 1153 3535 καὶ
1188 3482 1216 3534 ὁ
1259 3485 1356 3534 τοῦ
1413 3478 1642 3552 ψεύδους
1690 3479 1850 3556 ἐρῶ-ι,

199 3573 376 3651 ὥσπερ
435 3575 486 3628 οἱ
538 3570 794 3645 δαίμονες
824 3617 838 3643 ,
886 3574 984 3624 τοῦ
1037 3570 1114 3642 μὴ
1164 3564 1315 3630 ὄντος
1368 3569 1483 3645 ἐρᾷ,
1531 3571 1618 3623 καὶ
1673 3568 1724 3623 ἐν
1774 3574 1854 3641 τῷ

199 3663 324 3734 ὄντι,
377 3662 660 3718 τουτέστιν
695 3660 745 3714 ἐν
798 3663 868 3734 τῇ
916 3657 1150 3729 ἀληθείᾳ
1197 3657 1304 3732 οὐχ
1331 3654 1578 3727 ἕστηκεν,
1613 3656 1686 3720 ὠς
1714 3657 1849 3727 αὐτῆ

197 3752 517 3823 ἡΑλ-ιςθειά
561 3771 745 3826 φησιν.
801 3750 869 3806 Οἱ
918 3747 1010 3802 οὖν
1063 3745 1337 3820 δαίμονες,
1387 3747 1566 3808 καθώς
1610 3767 1770 3823 φησιν
1825 3748 1853 3801 ὁ

198 3845 432 3914 Ἰησοῦς,
489 3843 712 3913 ψεῦσται
769 3834 953 3909 ὅντες,
1011 3838 1102 3891 καὶ
1159 3838 1387 3911 πατέρες
1441 3835 1539 3890 τοῦ
1597 3833 1854 3909 ψεύδους,

199 3929 314 3985 οὔτε
349 3929 482 3998 εἰσὶ,
518 3929 605 3982 καὶ
637 3931 733 3981 τοῦ
769 3927 845 3999 μὴ
898 3923 1051 3987 ὄντος
1101 3924 1357 4003 ἐφίενται,
1391 3926 1515 3979 ὅταν
1566 3923 1656 3978 καὶ
1686 3929 1854 3979 κακοῦ

199 4019 436 4098 ἐφίενται
464 4020 564 4072 τοῦ
594 4012 847 4088 ψεύδους.

263 4110 348 4183 [β]
414 4111 442 4176 §
499 4107 692 4163 XXIV.
759 4102 827 4160 Ei’
884 4100 941 4157 δὲ
995 4102 1056 4157 τὸ
1111 4099 1452 4164 κακύνεσθαι.
1513 4100 1853 4173 Σημείωσαι,

202 4197 278 4251 ὅτι
337 4197 405 4250 τὸ
468 4193 809 4268 συγγίνεσθαι
865 4195 1055 4251 κακοῖς
1142 4188 1227 4245 ἐπὶ
1304 4188 1536 4263 προνοίᾳ
1607 4193 1706 4243 τοῦ
1765 4189 1855 4244 καὶ

202 4285 331 4340 αὖτὰ
388 4281 740 4358 ἀγαθῦνεσθαι
777 4282 798 4318 ⁸
849 4280 910 4335 οὐ
967 4279 1153 4348 κακὸν,
1215 4280 1351 4333 κατὰ
1403 4280 1464 4332 τὸ
1516 4277 1803 4353 εἰρημένον
1839 4295 1853 4310 ·

203 4373 506 4450 Ἑγενόμην
580 4375 699 4432 τοῖς
777 4368 1056 4442 ἀνόμοις,
1117 4367 1194 4430 ὠς
1266 4368 1520 4440 ἄνομος,
1595 4365 1688 4421 (ίνα
1764 4369 1854 4422 καὶ

202 4462 441 4536 ἀνόμους
496 4456 769 4534 κερδήσω.
801 4459 1048 4532 ’Έφημεν
1106 4453 1164 4511 ὃὶ
1218 4457 1307 4510 καὶ
1362 4454 1616 4530 ἀνωτέρω
1665 4454 1715 4509 ἐν
1775 4460 1855 4528 τῷ

206 4558 239 4606 ε’
291 4549 600 4629 κεφαλαίῳ,
651 4548 726 4620 μὴ
803 4545 1046 4617 παντελῆ
1120 4546 1371 4618 στέρησιν
1445 4544 1690 4619 γενέσθαι
1757 4549 1854 4598 τοῦ

1943 645 2190 686 munera
2245 631 2549 702 abjiciunt,
2583 631 2640 686 id
2685 636 2774 686 est
2821 632 3040 687 bonum
3090 634 3245 703 quod
3295 649 3328 688 a
3379 638 3590 690 natura

1943 717 2180 790 habent,
2224 737 2338 775 non
2379 723 2668 788 evertunt,
2702 720 2969 792 quamvis
3018 721 3131 792 ipsi
3179 721 3365 777 nolint
3393 723 3589 780 videre

1943 807 2138 862 iumen
2194 825 2390 873 suum,
2439 810 2581 863 dum
2637 825 2775 863 suas
2832 810 3028 864 videre
3083 810 3344 867 valentes
3403 812 3588 868 facul-

1944 900 2096 952 tates
2136 897 2472 962 obstruunt,
2506 901 2571 952 ut
2623 897 2928 968 Scriptura
2958 899 3029 953 de
3061 898 3364 968 Israelitis,
3398 901 3590 957 Oculos

1943 1001 2072 1039 suos
2120 986 2466 1050 clauserunt,
2497 990 2550 1040 et
2578 987 2809 1041 auribus
2855 989 3104 1057 graviter
3145 988 3460 1058 audierunt,
3489 1005 3588 1044 ne-

1945 1074 2154 1144 quando
2201 1079 2618 1145 convertantur,
2648 1085 2698 1130 ει
2744 1092 2934 1131 sanem
2981 1078 3122 1146 ipsos
3150 1078 3244 1147 (ο).
3277 1076 3426 1132 Nota
3455 1094 3590 1133 vero

1946 1165 2239 1218 daemones
2300 1168 2510 1219 natura
2570 1181 2679 1220 sua
2736 1165 2913 1220 etiam
2972 1165 3201 1222 lucidos
3257 1182 3408 1238 esse,
3452 1168 3590 1236 quin

1946 1252 2142 1325 potius
2175 1253 2402 1307 lumina
2431 1257 2494 1308 ut
2524 1253 2716 1309 caeteri
2748 1253 2970 1324 angeli;
3007 1256 3090 1310 sic
3122 1255 3185 1310 in
3213 1255 3543 1328 Evangeliis
3578 1273 3591 1310 :

1953 1341 2206 1398 Videbam
2238 1342 2506 1397 Satanam
2535 1347 2800 1413 tanquam
2827 1344 3019 1414 fulgur
3040 1345 3138 1414 (p).

2019 1611 2169 1667 Μαιί
2197 1611 2580 1667 nominantur.
2605 1614 2728 1666 Non
2762 1611 3109 1684 simpliciter
3135 1615 3272 1684 quid
3303 1615 3599 1684 dicantur,

1950 1701 2049 1756 sed
2091 1699 2232 1771 quid
2283 1704 2495 1754 natura
2543 1700 2686 1768 sint,
2717 1701 3119 1771 quaerendum.
3174 1703 3327 1758 Illud
3376 1711 3598 1774 autem,

1950 1793 2245 1861 quatenus
2295 1804 2410 1844 non
2447 1791 2605 1855 sunt,
2639 1788 2720 1842 ita
2767 1789 3212 1861 intelligendum
3246 1808 3258 1848 :
3293 1793 3418 1848 Non
3470 1795 3599 1850 fue-

1949 1881 2088 1933 runt
2118 1877 2297 1932 creati
2334 1877 2393 1930 in
2426 1877 2840 1948 depravatione
2870 1878 3140 1934 datorum
3175 1881 3288 1936 sibi
3320 1883 3600 1940 divinitus

1948 1968 2259 2034 bonorum,
2309 1965 2741 2037 habituumque
2789 1971 2848 2022 et
2896 1968 3215 2040 actionum,
3246 1986 3422 2042 quam
3465 1989 3599 2027 cum

1949 2059 2368 2128 apposuerunt,
2405 2053 2542 2109 mali
2576 2059 2912 2127 evaserunt,
2946 2055 3005 2111 in
3037 2072 3155 2128 qua
3185 2063 3457 2115 naturam
3492 2061 3600 2116 mi-

1950 2146 2110 2200 nime
2140 2147 2510 2215 acceperunt.

2021 2237 2268 2306 Dumque
2297 2233 2355 2288 id
2383 2231 2525 2303 quod
2553 2248 2664 2288 non
2694 2242 2790 2289 est.
2825 2234 3126 2298 Quomodo
3159 2236 3259 2308 qui
3295 2239 3451 2310 quod
3485 2256 3600 2296 non

1951 2327 2040 2379 est
2095 2325 2404 2396 appetunt,
2465 2321 2683 2376 malum
2744 2329 3025 2394 appetant
3081 2325 3396 2383 dicendum
3448 2330 3601 2401 [sic].

1952 2413 2106 2468 Deus
2141 2417 2228 2466 est
2258 2427 2361 2467 ens
2392 2427 2572 2482 supra
2617 2411 2795 2482 entia,
2820 2417 2875 2467 et
2904 2413 3119 2468 veritas
3151 2415 3331 2487 igitur
3357 2422 3448 2472 est
3478 2433 3605 2486 ens,

1953 2501 2227 2573 quoniam
2263 2505 2416 2555 Deus
2440 2504 2529 2555 est
2559 2499 2803 2568 veritas;
2838 2503 3044 2557 merito
3075 2519 3212 2576 ergo
3245 2505 3474 2562 veritati
3506 2525 3604 2578 op-

1953 2590 2192 2662 ponitur
2238 2587 2485 2654 falsitas,
2533 2605 2660 2660 qum
2711 2594 2803 2645 est
2851 2607 2964 2645 non
3016 2607 3147 2663 ens,
3177 2609 3316 2649 nam
3364 2611 3605 2666 prorsus

1953 2683 2114 2734 extra
2143 2678 2327 2733 Deum
2361 2682 2470 2743 est,
2503 2694 2694 2749 neque
2726 2684 2814 2734 est
2842 2680 3114 2736 veritatis
3139 2680 3353 2755 imago,
3377 2684 3603 2740 nullum

1955 2767 2112 2824 enim
2145 2785 2178 2822 a
2209 2771 2320 2822 Deo
2347 2767 2567 2821 bonum
2600 2766 2800 2834 habet;
2838 2769 3117 2840 quoniam
3141 2776 3338 2827 autem
3365 2790 3606 2845 persua-

1956 2857 2053 2913 det
2084 2857 2445 2928 quibusdam
2478 2872 2720 2924 prorsus
2743 2873 2873 2913 esse
2897 2856 3141 2929 aliquid,
3164 2859 3477 2918 obscurum
3502 2865 3612 2919 erit

1957 2963 2024 3003 ac
2056 2950 2228 3002 tenue
2253 2962 2452 3000 rerum
2487 2945 2578 3001 vix
2597 2944 3007 3002 exsistentium
3032 2947 3419 3006 simulacrum
3445 2968 3458 3006 :
3487 2970 3612 3022 pro-

1957 3041 2155 3109 pterea
2185 3039 2241 3090 et
2269 3033 2530 3090 efﬁcacia
2560 3034 2968 3105 simulacrum,
2993 3042 3052 3092 et
3080 3038 3340 3095 efﬁcacia
3370 3040 3609 3111 falsum,

1957 3125 2014 3180 id
2045 3129 2134 3180 est
2166 3139 2296 3179 vere
2318 3140 2385 3178 ac
2409 3123 2642 3178 realiter
2670 3123 2918 3192 falsum;
2954 3126 3104 3180 unde
3131 3132 3189 3181 et
3214 3128 3474 3186 efﬁcacia
3495 3148 3608 3187 non

1955 3231 2081 3284 ens,
2109 3230 2176 3268 ac
2206 3212 2442 3268 realiter
2473 3229 2588 3267 non
2623 3229 2750 3282 ens,
2773 3229 2908 3268 cum
2943 3231 3057 3270 non
3089 3215 3168 3271 sit
3197 3221 3287 3272 est
3317 3223 3609 3290 tamen,et

1959 3303 2195 3358 realiter
2238 3318 2353 3357 non
2399 3305 2507 3357 est.
2541 3304 2744 3372 Itaque
2773 3302 2926 3358 sicut
2954 3303 3128 3359 etiam
3160 3304 3220 3360 in
3252 3305 3418 3373 falso,
3451 3309 3608 3364 exsi-

1961 3391 2252 3448 stentibus
2283 3407 2349 3446 ac
2389 3390 2655 3446 omnium
2687 3390 2902 3445 falsum
2936 3391 3044 3447 hoc
3075 3395 3222 3450 I57
3267 3396 3608 3453 exsistenti-

1960 3483 2094 3546 bus,
2117 3480 2334 3535 falsum
2367 3478 2649 3547 ablatum,
2675 3496 2909 3535 omnem
2935 3481 3016 3536 rei
3043 3484 3362 3540 essentiam
3386 3488 3605 3545 aufert:

1963 3571 2047 3627 sic
2079 3586 2312 3640 quoque
2365 3567 2640 3623 falsitatis
2688 3585 2894 3624 amans
2929 3575 2990 3624 ut
3018 3572 3329 3643 daemones,
3363 3582 3519 3630 amat
3549 3577 3607 3632 id

1963 3660 2118 3730 quod
2152 3675 2267 3714 non
2289 3661 2396 3725 est,
2421 3674 2486 3712 ac
2515 3656 2572 3711 in
2604 3674 2670 3712 eo
2698 3659 2853 3727 quod
2885 3663 2974 3713 est
3002 3675 3106 3714 seu
3138 3659 3198 3714 in
3216 3663 3462 3720 veritate
3492 3683 3606 3721 non

1963 3754 2096 3819 stat,
2139 3748 2288 3803 sicut
2316 3747 2546 3802 Veritas
2594 3747 2723 3818 ipsa
2765 3746 2906 3802 dicit
2931 3749 3024 3820 (q).
3062 3749 3362 3808 Daemones
3403 3754 3607 3827 igitur,

1963 3836 2117 3894 sicut
2146 3836 2318 3891 Jesus
2362 3835 2466 3899 ait,
2501 3836 2811 3890 mendaces
2843 3837 3189 3893 exsistentes
3222 3856 3288 3894 ac
3319 3843 3609 3899 mendacii

1963 3932 2180 3998 patres,
2216 3941 2403 3995 neque
2434 3928 2592 3994 sunt,
2627 3941 2692 3979 ac
2736 3924 2794 3978 id
2829 3927 2984 3997 quod
3036 3944 3152 3983 non
3183 3934 3272 3984 est
3300 3937 3606 4004 appetunt,

1964 4015 2200 4087 quando
2233 4013 2455 4068 malum
2489 4013 2761 4068 falsitatis
2792 4020 3094 4085 appetunt.

2033 4106 2061 4172 §
2109 4102 2308 4158 XXIV.
2359 4105 2459 4155 Sin
2513 4117 2637 4156 vero
2693 4101 3004 4172 depravari.
3057 4104 3228 4171 Nota,
3277 4111 3609 4165 conversari

1966 4209 2100 4248 cum
2150 4191 2346 4258 malis,
2381 4189 2759 4262 providendo,
2796 4194 2858 4244 ut
2906 4192 3082 4246 etiam
3139 4194 3292 4249 bona
3341 4198 3610 4271 evadant,

1965 4298 2079 4337 non
2113 4280 2356 4345 malum,
2383 4280 2554 4349 juxta
2593 4278 2956 4348 Scripturam
2991 4294 3004 4333 :
3038 4283 3237 4336 Factus
3264 4299 3386 4338 sum
3412 4287 3483 4340 iis
3514 4291 3614 4356 qui

1962 4371 2081 4424 sine
2129 4370 2246 4439 lege
2275 4375 2450 4437 erant,
2495 4371 2761 4438 tanquam
2791 4367 2910 4423 sine
2954 4369 3093 4441 lege,
3130 4375 3190 4425 ut
3230 4372 3611 4442 lucrifacerem

1962 4475 2049 4534 eos
2097 4459 2193 4530 qui
2241 4460 2362 4513 sine
2409 4459 2522 4528 lege
2545 4458 2638 4528 (r).
2673 4457 2938 4512 Diximus
2980 4463 3177 4514 autem
3226 4462 3499 4531 superius
3551 4463 3610 4518 in

1963 4549 2153 4619 capite
2183 4547 2386 4617 quinto
2408 4562 2522 4600 non
2546 4563 2675 4601 esse
2704 4546 3038 4602 absolutam
3062 4549 3196 4604 boni
3223 4550 3608 4621 privationem

205 4639 400 4714 ἀγαθοῦ
440 4638 493 4692 ἐν
539 4641 654 4697 τοῖς
703 4637 874 4705 οὗσιν,
925 4633 1039 4689 ἐπεὶ
1084 4633 1172 4689 καὶ
1223 4631 1495 4702 παντελὴς
1547 4632 1749 4709 ἰγὲνετο
1794 4630 1843 4687 ἂι

1962 4634 2023 4688 in
2055 4649 2250 4688 rerum
2298 4639 2528 4701 natura,
2555 4633 2695 4703 quia
2737 4633 3006 4688 absoluta
3036 4652 3268 4707 quoque
3297 4644 3455 4695 esset
3485 4657 3612 4696 cor.

207 4731 375 4805 φθορὰ
422 4727 515 4782 καὶ
573 4724 740 4794 αὐτῆς
786 4730 886 4793 τῆς
940 4725 1167 4801 φθορᾶς,
1237 4720 1382 4776 ἀλλὰ
1433 4724 1548 4776 κατ’
1604 4720 1852 4796 ἔλλειψιν

203 4822 290 4871 τοῦ
320 4818 530 4893 ἀγαθοῦ
576 4815 830 4888 μερικήν.
877 4812 1084 4870 Οὐκοῦν
1117 4812 1253 4866 κατα
1282 4817 1444 4865 τοῦτο
1473 4809 1597 4865 οὔτε
1627 4814 1660 4878 ἡ
1695 4812 1849 4886 ψυχὴ

207 4905 461 4967 παντελὲς
493 4898 609 4979 ἔχει
654 4902 716 4957 τὸ
763 4903 947 4970 κακὸν,
982 4899 1128 4956 ἀλλὰ
1172 4901 1234 4955 τὸ
1267 4901 1357 4973 μὲν
1404 4897 1529 4970 ἕξει,
1561 4901 1622 4954 τὸ
1655 4897 1713 4954 δὲ
1745 4899 1853 4974 οὐχ

427 4993 439 5010 .
529 4993 541 5008 ι
643 4993 659 5010 κ
877 4991 892 5008 ς
1021 4989 1033 5008 ,
1109 4987 1180 5006 ..κ
1332 4989 1346 5006 ε
1436 4989 1451 5006 κ
1621 4989 1634 5006 κ
1717 4984 1740 5008 ,μ

206 4992 315 5066 ἕξει·
350 5015 444 5049 και
489 5011 551 5047 το
605 5011 699 5064 μεν
731 4990 931 5065 ἀγαθον
979 5007 1261 5057 ουσιωοες,
1292 5010 1356 5043 το
1406 4986 1462 5042 δε
1509 5009 1671 5042 κακον
1716 4987 1851 5058 εεω-

209 5094 304 5145 θεν.
335 5079 518 5138 Ἀλλὰ
569 5081 660 5135 καὶ
702 5079 874 5141 οὕτως
926 5077 1036 5154 ἐρεῖ
1082 5099 1163 5140 τις
1197 5077 1359 5132 κακὸν
1407 5077 1538 5131 εἶναι
1591 5081 1658 5150 τῇ
1693 5078 1848 5152 ψυχῇ

207 5174 285 5226 τὸν
344 5167 689 5246 ἐμποδισμὸν
747 5172 846 5232 τῆς
907 5167 1109 5231 οἷ’κείας
1155 5166 1290 5222 κατᾶ
1347 5166 1503 5245 φύσιν
1562 5164 1846 5240 ἐνεργείας.

210 5260 264 5317 Εἰ
291 5262 376 5317 καὶ
430 5259 623 5332 ἔξωθεν
670 5257 848 5313 τοίνυν
892 5257 958 5326 ἦν
993 5257 1021 5311 ὁ
1053 5254 1421 5330 ἐμποδισμὸς,
1454 5253 1579 5310 ἀλλ’
1627 5254 1723 5308 οὗν
1775 5254 1850 5317 ὠς

1964 4723 2156 4794 ruptio
2186 4722 2374 4793 ipsius
2407 4723 2580 4777 etiam
2618 4723 3045 4791 corruptionis;
3079 4741 3276 4780 verum
3325 4727 3383 4782 in
3428 4731 3611 4800 parti-

1964 4811 2147 4867 culari
2180 4812 2316 4866 boni
2349 4812 2575 4866 defectu
2607 4810 2855 4881 (malum
2889 4813 3250 4883 consistere).
3285 4819 3487 4886 Itaque
3519 4835 3610 4874 se-

1964 4901 2224 4957 cundum
2244 4900 2353 4954 hoc
2377 4915 2565 4970 neque
2586 4899 2782 4954 anima
2805 4899 3140 4956 absolutum
3163 4903 3339 4958 habet
3361 4905 3608 4973 malum,

1965 4990 2062 5045 sed
2097 5005 2281 5044 unum
2315 4988 2550 5058 quidem
2593 4987 2851 5055 habebit,
2885 4987 3133 5043 alterum
3185 5007 3300 5044 non
3339 4991 3608 5059 habebit;

1963 5083 2017 5133 et
2049 5077 2201 5147 quod
2238 5078 2476 5141 bonum,
2501 5075 2812 5132 essentiale
2835 5083 2942 5144 est,
2961 5078 3112 5147 quod
3138 5081 3330 5132 autem
3365 5080 3610 5151 malum,

1964 5168 2330 5222 extrinsecus
2377 5165 2608 5220 accidit.
2660 5168 2750 5234 At,
2801 5165 2894 5219 his
2947 5165 3120 5219 etiam
3171 5167 3406 5237 positis,
3461 5170 3613 5227 dicet

1966 5254 2099 5325 quis
2129 5253 2348 5308 malum
2383 5270 2508 5309 esse
2560 5253 2767 5308 animae
2816 5251 3330 5328 impedimentum,
3364 5259 3610 5332 propriae

277 5441 346 5514 (0)
374 5439 581 5500 Matth.
615 5454 742 5507 xm,
775 5437 862 5495 15.
936 5437 1019 5510 (ρ)
1049 5436 1186 5495 Luc.
1219 5451 1279 5504 κ,
1309 5435 1403 5493 18.
1479 5436 1556 5509 (q)
1584 5435 1755 5495 Joan.
1784 5453 1843 5493 vI

1960 5435 2032 5493 ιιι.
2110 5434 2183 5507 (r)
2217 5433 2241 5488 Ι
2271 5431 2401 5489 Cor.
2433 5449 2510 5500 IX,
2541 5431 2633 5486 21.

1212 5615 1455 5676 VARIIE
1491 5615 1878 5675 LECTIONES
1916 5613 2007 5674 ET
2045 5607 2600 5672 GOBRECTIONES.

279 5716 298 5751 ⁸
325 5709 605 5787 ἆληθινὸν.
683 5714 705 5752 ⁸
724 5711 1002 5790 ἆγαθῦναι.
