4080 6366
466 392 575 445 295

1278 386 1641 439 APPENDIX
1682 386 1778 436 AD
1818 384 2057 436 OPERA
2095 382 2155 434 S.
2197 380 2514 437 DIONYSII
2556 385 3063 442 AREOPAGITE.

3769 393 3878 445 206

469 520 795 576 secundum
824 520 1095 571 naturam
1128 510 1513 584 operationis;
1545 527 1679 581 ergo
1712 508 1980 579 quamvis
2011 523 2098 562 ex-

2226 504 2280 560 έν
2326 506 2503 580 σκότῳ
2556 506 2778 583 βλέπειν
2827 510 3149 584 κωλυομένη
3201 513 3391 588 ψυχὴ,
3442 535 3668 585 ποιησει
3720 517 3876 573 κακοὶ.

467 609 759 664 trinsecus
800 607 902 661 ﬁat
946 602 1461 675 impedimentum,
1495 597 1881 655 nihilominus
1912 602 2109 652 tamen

469 701 665 752 anima
685 696 844 751 velut
879 695 937 750 in
959 692 1217 748 tenebris
1238 690 1432 745 videre
1462 688 1778 761 prohibita,
1804 686 1958 741 mala
1988 703 2113 757 per-

464 786 740 857 petrabit.
790 785 873 839 Ad
929 783 1080 855 quod
1135 780 1474 848 dicendum,
1524 794 1592 833 ex
1640 777 1809 833 dictis
1858 774 2109 830 inveniri

464 874 954 946 impedimentum
984 887 1112 927 esse
1145 870 1281 925 mali
1314 868 1665 936 ell'ectivum,
1699 882 1812 920 non
1846 880 1978 919 vero
2012 880 2111 934 per

464 982 527 1020 se
560 964 804 1018 malum.
840 961 1061 1018 Malitia
1091 960 1247 1015 enim
1295 975 1410 1012 non
1442 960 1529 1013 est
1572 956 1828 1027 primum
1864 953 2108 1021 malum,

463 1054 566 1110 sed
600 1051 823 1124 species
865 1049 1026 1117 mali,
1060 1050 1212 1103 sicut
1240 1048 1428 1102 virtus
1471 1050 1560 1100 est
1609 1044 1749 1116 quid
1782 1043 1851 1099 ad
1886 1043 2109 1098 bonum

467 1143 776 1211 adjuvans,
807 1156 920 1194 non
954 1139 1211 1211 primum
1247 1138 1487 1191 bonum.

540 1231 709 1299 Quasi
754 1227 973 1283 malum
1003 1227 1075 1283 sit
1104 1243 1186 1281 res
1232 1226 1445 1295 aliqua.
1480 1224 1540 1279 Id
1572 1226 1680 1289 est,
1716 1221 1939 1276 malum
1992 1237 2108 1275 non

462 1325 550 1376 est
582 1320 842 1390 quadam
876 1316 1154 1381 essentia,
1185 1314 1325 1386 quin
1360 1328 1551 1383 neque
1598 1312 1659 1366 in
1710 1310 1884 1365 rebus
1912 1310 1981 1363 ad
2013 1326 2108 1365 es-

462 1408 712 1464 sentiam
759 1405 1190 1479 pertinentibus
1240 1402 1520 1467 cernitur,
1554 1405 1835 1471 tanquam
1884 1398 2106 1469 aliquid

462 1499 612 1570 quod
658 1498 806 1552 hanc
840 1493 1131 1565 complere
1175 1490 1384 1561 valeat,
1416 1491 1570 1546 sicut
1611 1489 1796 1543 virtus
1830 1492 1883 1543 et
1914 1488 2107 1544 effica-

461 1588 547 1643 cia
582 1586 834 1653 malum;
869 1601 934 1639 ac
967 1600 1106 1638 sane
1146 1583 1205 1636 in
1250 1580 1353 1637 tali
1401 1578 1700 1636 sententiae
1750 1578 2107 1650 expositione

458 1677 772 1731 universus
822 1673 1013 1730 Patris
1067 1673 1219 1727 circa
1273 1671 1381 1726 hoc
1431 1672 1843 1742 argumentum
1894 1684 2106 1739 scopus

459 1767 708 1820 videtur.
1400 1801 1406 1807 .

528 1854 632 1911 Sed
664 1861 725 1907 ut
752 1853 1012 1920 de/ectus.
1046 1849 1346 1915 Quomodo
1380 1846 1599 1901 malum
1631 1844 2013 1917 intelligatur.

526 1944 555 2016 Ξ
588 1942 748 1997 XXV.
787 1942 983 1995 Verum
1013 1956 1111 1993 nec
1160 1938 1214 1991 in
1263 1936 1620 1991 animalibus.
1655 1935 1851 2006 Neque
1885 1936 1940 1988 in
1975 1933 2100 1990 ani-

459 2032 713 2087 malibus
746 2028 987 2084 rationis
1019 2026 1351 2099 expertibus
1385 2024 1607 2079 malum
1641 2040 1788 2091 esse,
1824 2023 2100 2094 quoniam

459 2141 572 2179 non
608 2127 746 2177 sunt
776 2126 984 2175 natura
1018 2121 1193 2186 mala,
1218 2117 1357 2189 quin
1384 2131 1572 2186 neque
1599 2114 1835 2170 illorum
1865 2114 2101 2169 habitus

457 2213 619 2282 mali,
651 2212 830 2267 veluti
861 2211 968 2275 ira,
1001 2208 1314 2279 cupiditas,
1346 2206 1690 2277 imaginatio
1724 2221 1998 2276 praeceps.

529 2304 589 2357 Si
645 2302 793 2357 enim
848 2300 1155 2354 sustuleris.
1190 2294 1625 2353 Irrationalium
1676 2294 1916 2349 habitus
1973 2310 2100 2348 esse

459 2390 780 2457 naturales,
814 2389 965 2444 sicut
1004 2386 1155 2443 leoni
1188 2391 1244 2441 et
1275 2385 1584 2457 reptilibus
1629 2383 1734 2447 ira,
1768 2388 1823 2438 et
1852 2382 2100 2437 canibus

455 2480 709 2537 latrandi
769 2478 1044 2545 facultas;
1102 2476 1254 2531 unde
1311 2480 1377 2529 ut
1426 2472 1743 2529 naturalem
1794 2489 1907 2527 non
1960 2477 2101 2527 sunt

457 2569 621 2626 mali.

528 2662 557 2732 §
588 2660 788 2714 XXVI.
820 2657 929 2714 Sed
956 2672 1128 2727 neque
1158 2656 1217 2710 in
1246 2658 1378 2710 toto.
1412 2652 1630 2707 Natura
1661 2654 1749 2706 est
1779 2648 2099 2705 habitualis

456 2767 551 2805 ars
585 2749 777 2804 divina
811 2748 880 2803 ad
912 2745 1348 2819 generationem
1382 2741 1779 2814 progrediens,
1811 2740 1977 2809 cujus
2008 2739 2098 2793 di-

454 2839 599 2894 vinae
650 2840 792 2894 artis
842 2838 1104 2900 effectus,
1158 2833 1301 2890 I58
1353 2832 1562 2904 plantae
1616 2834 1671 2885 et
1720 2827 1997 2884 animalia
2045 2832 2101 2883 et

456 2929 705 2996 fructus,
730 2926 1271 2993 elementorumque
1304 2922 1455 2976 inter
1476 2936 1536 2975 se
1564 2919 1939 2986 mutationes,
1964 2922 2019 2972 et
2039 2917 2098 2971 in

456 3016 792 3070 universum
819 3012 1074 3069 essentia
1104 3011 1431 3067 secundum
1456 3008 1712 3081 seipsam
1734 3023 1936 3062 eorum
1970 3023 2097 3077 quae

453 3106 876 3176 producuntur,
900 3119 1024 3173 quae
1050 3106 1140 3156 est
1169 3099 1524 3172 principium
1572 3102 1767 3153 motus
1797 3100 1854 3152 et
1884 3100 2097 3151 status.

455 3193 619 3249 Sicut
659 3193 835 3264 igitur
864 3192 921 3246 in
952 3191 1023 3246 iis
1055 3189 1156 3261 qui
1201 3205 1393 3245 ceram
1425 3189 1581 3243 varie
1630 3188 1879 3258 ﬁngunt,
1914 3189 2096 3240 artes-

451 3298 565 3353 que
595 3255 855 3353 ﬁngendi
903 3255 1194 3346 exercent,
1228 3294 1467 3334 necesse
1515 3280 1604 3332 est
1650 3255 1873 3346 aliquid
1915 3273 2094 3328 inbze-
2127 3255 2168 3322 C

452 3387 598 3437 rere,
634 3371 692 3425 id
724 3374 814 3425 est
847 3369 1131 3425 rationem
1166 3384 1233 3423 ac
1265 3370 1520 3422 mentem
1554 3382 1682 3436 qua:
1736 3381 1837 3436 per
1886 3380 2100 3419 manus

450 3476 558 3514 sua
588 3458 861 3530 exprimit
890 3475 1093 3529 opera;
1126 3457 1210 3511 sic
1241 3456 1418 3511 etiam
1458 3457 1517 3509 in
1554 3454 1957 3509 universorum
1990 3468 2099 3506 na-

448 3553 601 3611 tura,
635 3547 853 3619 aliquid
890 3548 945 3601 in
981 3546 1126 3617 ipsis
1179 3554 1396 3614 manet,
1431 3544 1485 3598 id
1520 3549 1611 3599 est
1642 3544 1828 3598 virtus
1877 3560 1975 3597 seu
2011 3541 2096 3595 fa-

448 3637 655 3703 cultas,
690 3654 805 3691 non
840 3636 1114 3690 manibus
1145 3651 1415 3705 operans,
1440 3634 1541 3688 sed
1575 3632 1845 3687 voluntas
1876 3636 1934 3686 et
1966 3647 2097 3685 con-

449 3726 648 3780 silium
689 3725 809 3791 Dei,
846 3724 1225 3795 progrediens
1255 3722 1416 3777 velut
1464 3739 1560 3776 ars
1610 3722 1679 3775 ad
1733 3736 1933 3776 eorum
1968 3736 2095 3788 quae

448 3815 723 3868 oriuntur
758 3812 1228 3884 generationem;
1264 3816 1473 3864 natura
1503 3810 1657 3865 enim
1712 3827 1823 3864 non
1872 3808 2097 3877 indiget

446 3903 803 3972 quibusdam
841 3900 1240 3967 manentibus,
1274 3899 1405 3954 aliis
1451 3916 1583 3953 vero
1619 3904 1683 3952 ut
1714 3898 1923 3963 motis;
1958 3913 2092 3950 nam

446 3991 693 4046 materia
728 3996 815 4046 est
867 4006 997 4062 quae
1043 3989 1101 4043 in
1156 3989 1532 4060 generatione
1584 3993 1869 4053 movetur,
1903 3986 2093 4056 ipsam

446 4087 641 4135 autem
694 4095 955 4144 movens,
987 4078 1227 4133 verbum
1286 4085 1371 4132 est
1422 4094 1523 4132 seu
1575 4075 1721 4130 ratio
1774 4074 2094 4128 immobilis

446 4186 573 4238 quze
606 4173 695 4223 est
732 4168 789 4222 in
842 4173 985 4235 toto,
1019 4169 1170 4237 quod
1204 4171 1295 4222 est
1327 4182 1422 4221 ars
1471 4164 1687 4229 divina,
1714 4179 1891 4232 quam
1943 4162 2092 4216 dixi-

447 4275 582 4312 mus
617 4263 910 4325 naturam,
946 4256 1135 4311 forma
1164 4257 1475 4320 cxsistcns,
1508 4270 1623 4307 non
1654 4268 1786 4305 VL'I‘O
1818 4267 1886 4305 ex
1918 4256 2094 4305 mate-

447 4348 535 4401 ria
582 4352 639 4402 et
688 4347 904 4412 forma;
938 4344 1081 4416 quid
1142 4344 1298 4399 enim
1361 4342 1445 4395 illi
1493 4358 1641 4411 opus
1698 4344 1787 4394 est
1842 4336 2094 4394 materiae

445 4435 645 4489 calidae
703 4440 806 4489 aut
864 4434 1125 4505 frigidae?
1174 4435 1367 4486 creata
1419 4430 1623 4499 utique
1671 4430 1935 4495 materia,
1987 4428 2094 4483 hoc

444 4522 558 4577 fert
589 4523 647 4576 in
680 4524 903 4592 seipse;
941 4538 1054 4577 non
1089 4521 1247 4575 enim
1287 4519 1482 4591 ignem
1533 4518 1806 4572 accedere
1857 4533 2096 4572 necesse

2219 594 2361 670 Πρὸς
2410 596 2437 649 ὃ
2484 596 2724 667 λεκτέον,
2759 598 2841 654 ὅτι
2892 598 2951 654 έκ
2996 606 3102 655 τῶν
3154 600 3456 675 εἰρημένων
3516 603 3819 680 εὑρίσκεται
3853 608 3879 661 6

2219 682 2563 758 ἐμποδισμὸς
2612 688 2898 757 ποιητικὸν
2949 695 3138 760 κακοῦ,
3198 690 3259 744 οὐ
3310 692 3415 762 μὴν
3464 693 3784 749 αὐτόκακον·
3819 696 3878 751 οὐ

2218 774 2320 848 γὰρ
2352 776 2386 844 ἡ
2419 777 2582 830 κακία
2634 781 2850 849 πρῶτον
2903 779 3091 847 κακὸν,
3127 777 3254 835 ἀλλ’
3286 777 3425 842 εἶδος
3472 787 3661 852 κακοῦ,
3697 783 3878 859 ὥσπερ

2218 864 2251 931 ἡ
2287 863 2449 938 ἀρετή
2485 866 2741 942 συνεργόν
2773 868 2824 920 τί
2876 866 2986 923 ἐστι
3036 868 3171 945 πρὸς
3203 869 3424 944 ἀγαθὸν,
3459 869 3613 926 οῦτοι
3661 879 3878 947 πρῶτον

2220 950 2442 1027 ἀγαθόν.

2290 1224 2365 1296 [γ]
2416 1224 2492 1278 Τὸ
2545 1225 2729 1296 κακὸν,
2782 1223 2855 1285 ὡς
2905 1224 2961 1279 ’ὀν
3012 1225 3199 1283 κακόν.
3249 1228 3536 1283 Τουτέστιν
3584 1228 3684 1283 οὐκ
3733 1230 3885 1286 οὐσία

2215 1331 2297 1371 τις
2325 1311 2388 1365 τὸ
2418 1312 2603 1385 κακὸν,
2638 1310 2763 1367 ἀλλ’
2796 1311 2921 1368 οὐδὲ
2976 1313 3026 1368 έν
3069 1320 3187 1377 τοῖς
3234 1316 3349 1370 κατ’
3404 1317 3589 1372 οὐσίαν
3645 1316 3765 1372 οὖσι
3807 1321 3880 1381 ὡς

2216 1398 2682 1476 συμπληρωτικὸν
2737 1402 2938 1472 ταύτης
3000 1405 3209 1479 ὁρᾶται,
3272 1405 3451 1481 ὥσπερ
3505 1404 3737 1479 δύναμις
3793 1410 3879 1462 καὶ

2216 1487 2456 1565 ἐνέργεια
2494 1491 2556 1545 τὸ
2615 1491 2797 1545 κακόν·
2854 1492 2942 1546 καὶ
2993 1506 3127 1568 προς
3178 1495 3275 1563 τήν
3326 1493 3583 1565 τοιαύτην
3633 1504 3732 1565 τῆς
3793 1497 3878 1551 έν-

2214 1579 2366 1642 νοίας
2397 1577 2656 1635 ἀπόδοσιν
2693 1582 2719 1635 ὁ
2752 1586 2853 1643 πᾶς
2901 1582 3023 1657 περῖ
3072 1581 3266 1637 τούτου
3320 1584 3521 1648 σκοπὸς
3562 1586 3752 1659 ὁρᾶται
3784 1592 3877 1640 τοῦ

2216 1670 2447 1745 Πατρός.

2288 1846 2448 1903 Ἀλλ’
2471 1850 2544 1910 ὡς
2574 1845 2839 1923 ἔλλειψις.
2876 1854 2998 1911 Πῶς
3028 1857 3225 1905 νοεῖται
3255 1852 3317 1905 τὸ
3348 1852 3533 1908 κακόν.

2284 1935 2357 2010 [ὃ]
2408 1942 2435 2009 §
2490 1940 2650 1995 XXV.
2713 1938 2866 1996 Ἀλλ’
2927 1937 3044 1993 οὐδ’
3100 1939 3150 1995 έν
3213 1942 3400 2009 ζώοις.
3458 1943 3580 1999 ’Ότι
3638 1941 3764 1998 οὕτε
3822 1942 3873 1999 έν

2215 2028 2374 2095 ζώοις
2407 2026 2628 2103 ἀλόγοις
2678 2027 2788 2083 ἐστὶ
2837 2029 2899 2083 τὸ
2955 2030 3142 2101 κακὸν,
3193 2030 3307 2085 ἐπεὶ
3360 2033 3498 2103 μήτε
3529 2032 3682 2108 φύσει
3735 2033 3871 2088 κακά

2211 2116 2366 2185 εἷ’σιν,
2399 2115 2524 2171 ἀλλ’
2570 2114 2693 2171 οὔτε
2739 2118 2791 2171 αἱ
2842 2117 3053 2192 σχέσεις
3086 2120 3259 2174 αὐτῶν
3306 2119 3487 2187 κακαὶ,
3520 2124 3636 2175 οἷον
3671 2123 3866 2194 θυμὸς,

2208 2203 2488 2278 ἐπιθυμία,
2523 2205 2785 2283 φαντασία
2818 2210 3118 2280 προπεττςς.

2282 2293 2815 2365 [ε]Εἰ“’έλ
2978 2298 2999 2314 “
3293 2297 3480 2327 “”

2526 2315 2629 2369 γαρ
2688 2316 2777 2349 αν.
2822 2317 2923 2356 οις,
3004 2299 3099 2352 Οτι
3161 2318 3379 2370 φυσικαι
3438 2319 3569 2351 εισιν
3628 2318 3683 2352 αι
3742 2320 3863 2373 σιε-

2208 2403 2317 2444 σεις
2347 2387 2452 2437 τῶν
2503 2382 2744 2457 ἀλόγων,
2796 2385 2974 2456 ὥσπερ
3027 2384 3205 2439 λέοντι
3250 2386 3339 2439 καὶ
3390 2386 3636 2459 ἑρπετοῖς
3687 2389 3716 2441 ὁ
3772 2391 3861 2442 θυ-

2212 2471 2332 2543 μὸς,
2372 2470 2461 2525 καὶ
2512 2473 2629 2525 κυσὶ
2683 2473 2743 2526 τὸ
2798 2472 3107 2527 ὑλακτικόν·
3158 2473 3277 2537 ὅθεν
3328 2474 3402 2536 ὡς
3453 2476 3698 2551 φυσικαὶ,
3744 2474 3868 2530 οὔτε

2208 2562 2365 2614 κακαί
2379 2605 2389 2617 .

2282 2652 2354 2721 [ς]
2390 2651 2637 2722 ΞΧΧνΙ.
2670 2648 2825 2706 Ἀλλ’
2879 2648 2993 2705 οὐδ’
3052 2651 3102 2705 ἐν
3178 2656 3245 2724 τῇ
3308 2650 3441 2726 ὅλῃ,
3529 2653 3698 2715 Φύσις
3757 2654 3870 2708 ἐστὶ

2207 2740 2325 2802 καθ’
2369 2736 2473 2809 ἕξιν
2522 2739 2635 2809 θείᾳ
2678 2738 2846 2813 τέχνῃ
2901 2740 2974 2801 εἷς
3025 2741 3227 2814 γένεσιν
3278 2746 3567 2813 προϊοῦσα,
3609 2744 3675 2810 ἧς
3724 2744 3871 2806 θείας

2205 2826 2408 2901 τέχνης
2456 2830 2520 2881 τὰ
2566 2826 2979 2901 ἀποτελέσματα
3029 2831 3167 2904 φυτά
3214 2851 3272 2884 τε
3319 2831 3406 2883 καὶ
3455 2836 3567 2899 ζῶα
3613 2832 3701 2885 καὶ
3734 2854 3871 2905 καρ-

2207 2916 2301 2970 ποὶ
2332 2917 2420 2971 καὶ
2469 2922 2573 2971 τῶν
2634 2918 2925 2992 στοιχείων
2988 2917 3063 2981 εἷς
3116 2916 3338 2988 ἄλληλα
3394 2914 3718 2991 μεταϐολαὶ,
3774 2925 3869 2976 καὶ

2208 3004 2352 3066 ὅλως
2407 3007 2522 3060 καθ’
2578 3006 2769 3073 έαυτὴν
2830 3009 2863 3075 ἡ
2926 3005 3087 3060 οὐσία
3152 3010 3258 3060 τῶν
3320 3008 3599 3081 φυομένων
3638 3051 3651 3075 ,
3712 3009 3869 3084 ἀρχὴ

2206 3096 2472 3165 κινήσεως
2544 3093 2675 3149 οὖσα
2731 3094 2819 3148 καὶ
2879 3096 3136 3155 στάσεως.
3200 3098 3400 3171 Ὥσπερ
3460 3095 3555 3149 οῦν
3611 3096 3698 3151 ἐπὶ
3755 3104 3873 3153 τῶν

2206 3182 2609 3257 κηροπλάστων
2686 3184 2775 3237 καὶ
2847 3188 2953 3237 τῶν
3036 3185 3132 3247 τὰς
3201 3181 3505 3247 πλαστικὰς
3565 3186 3869 3257 μετιόντων

2206 3274 2400 3347 τέχνας
2448 3270 2530 3327 δεῖ
2577 3272 2713 3327 εἷναί
2760 3294 2811 3327 τι
2859 3270 2911 3326 έν
2957 3272 3141 3334 αὐτοῖς
3195 3272 3371 3346 μένον,
3416 3276 3661 3329 τουτέστι
3694 3273 3872 3350 λόγον

2206 3363 2293 3416 καὶ
2356 3366 2501 3429 νοῦν,
2544 3362 2594 3415 οἳ
2654 3359 2742 3415 διὰ
2801 3366 3004 3437 χειρῶν
3057 3363 3273 3415 ποιοῦσι
3333 3364 3397 3415 τὰ
3450 3362 3651 3417 ἑαυτῶν
3712 3360 3871 3440 ἔργαο

2207 3450 2349 3504 οὕτω
2380 3452 2466 3505 καὶ
2503 3449 2589 3505 ἐπὶ
2619 3456 2718 3519 τῆς
2748 3448 2957 3527 φύσεως
2987 3455 3094 3504 τῶν
3150 3450 3316 3521 ὅλων,
3351 3449 3459 3505 ἔστι
3510 3473 3564 3505 τι
3596 3451 3649 3507 έν
3682 3453 3877 3518 αὐτοῖς

2210 3540 2392 3612 μένον,
2442 3541 2683 3593 τουτέστι
2732 3542 2765 3607 ἡ
2822 3536 3073 3611 δύναμις,
3131 3538 3192 3593 οὐ
3238 3537 3325 3593 διὰ
3381 3545 3583 3615 χειρῶν
3637 3540 3873 3615 ἐργαζο-

2209 3630 2366 3701 μένη,
2440 3627 2586 3683 ἀλλᾶ
2661 3626 2925 3703 βούλησις
3000 3629 3087 3682 καὶ
3150 3625 3428 3697 διανόησις
3504 3628 3637 3684 οὖσα
3704 3637 3872 3699 Θεοῦ,

2204 3730 2471 3792 προϊουσα
2529 3718 2643 3771 οἱον
2682 3718 2849 3791 τέχνη
2904 3715 2978 3777 εἷς
3026 3716 3227 3792 γένεσιν
3273 3722 3380 3772 τῶν
3432 3720 3737 3794 φυομένων’
3806 3720 3873 3776 οὐ

2203 3808 2301 3882 γὰρ
2352 3805 2519 3861 δεῖται
2651 3806 2804 3882 φύσις
2856 3810 3018 3859 τινῶν
3072 3806 3363 3877 μενόντων,
3426 3807 3621 3879 ἑτέρων
3680 3806 3740 3863 δὲ
3792 3810 3875 3870 ὡς

2202 3894 2552 3967 κινουμένων·
2614 3898 2647 3963 ἡ
2682 3897 2783 3968 γὰρ
2844 3894 2945 3959 ὕλη
3000 3894 3139 3947 έστίν
3201 3897 3232 3962 ἡ
3294 3894 3368 3956 εἰς
3421 3896 3626 3969 γένεσιν
3677 3919 3874 3952 κινου-

2207 3985 2362 4055 μένη·
2395 3984 2455 4037 τὸ
2489 3981 2546 4038 δέ
2584 3988 2765 4037 κινοῦν
2816 3982 2981 4049 αὐτὴν
3017 3984 3044 4036 ὁ
3076 3983 3331 4052 ἀκίνητός
3376 3985 3486 4038 ἔστι
3531 3982 3701 4057 λόγος
3747 3988 3776 4040 6
3816 3986 3869 4041 ἐν

2202 4077 2279 4143 τῷ
2325 4072 2459 4144 ὅλῳ,
2513 4073 2570 4133 ὅς
2625 4070 2764 4125 ἐστιν
2812 4074 2845 4139 ἡ
2891 4070 3003 4124 Θεία
3048 4072 3216 4145 τέχνη
3248 4114 3261 4137 ,
3304 4074 3364 4139 ἢν
3418 4071 3622 4148 ἔφημεν
3676 4074 3871 4147 φύσιν,

2205 4158 2343 4220 εἶδος
2375 4160 2526 4229 οῦσα,
2560 4161 2621 4215 οὗ
2677 4163 2785 4231 μὴν
2828 4160 2875 4231 ἐξ
2923 4158 3059 4227 ὕλης
3108 4160 3196 4214 καὶ
3250 4158 3451 4222 εἷ’δους·
3495 4162 3547 4216 τί
3586 4163 3691 4237 γὰρ
3726 4163 3874 4233 αῦτή

2204 4249 2343 4319 ὕλης
2378 4247 2478 4319 δεῖ,
2514 4256 2720 4321 θερμῆς
2750 4249 2783 4317 ἢ
2819 4252 3034 4322 ψυχρᾶς
3070 4269 3081 4317 ;
3115 4252 3148 4317 ἡ
3183 4249 3285 4323 γάρ
3338 4247 3873 4327 δεδημιουργημένη

2205 4337 2309 4407 ὕλη
2360 4343 2519 4391 τοῦτο
2571 4340 2719 4412 φέρει
2764 4339 2813 4391 έν
2867 4338 3049 4409 ἑαυτῇ
3086 4338 3146 4390 οὐ
3190 4338 3290 4411 γὰρ
3341 4335 3427 4392 δεῖ
3472 4344 3579 4412 πῦρ
3628 4341 3879 4414 προσελ-

2205 4433 2333 4496 θεῖν,
2360 4425 2449 4480 ’ἱνα
2480 4430 2585 4499 πῦρ
2621 4430 2653 4495 ἡ
2688 4424 2792 4495 ῦλη
2840 4426 3083 4500 γένηται,
3138 4426 3283 4481 ἀλλὰ
3332 4426 3515 4502 λόγον·
3569 4430 3597 4482 '0
3645 4429 3740 4483 καὶ
3779 4452 3881 4502 ση-

2209 4517 2357 4589 μεῖόν
2392 4514 2530 4570 έστιν
2567 4515 2626 4569 οὐ
2682 4516 2873 4587 μικρὸν
2927 4519 3022 4568 τοῦ
3067 4515 3157 4569 καὶ
3189 4515 3240 4569 έν
3274 4522 3389 4577 τοῖς
3425 4522 3587 4584 ζωοις
3628 4520 3720 4572 καὶ
3750 4526 3878 4583 τοῖς

446 4615 556 4677 est,
590 4617 654 4664 ut
686 4610 929 4664 materia
972 4610 1073 4663 ﬁat
1123 4608 1298 4679 ignis,
1336 4608 1436 4663 sed
1470 4606 1711 4661 verbum
1764 4623 1865 4661 seu
1917 4607 2093 4661 ratio-

2215 4611 2416 4678 :puroiq,
2448 4603 2572 4664 τοὺς
2623 4602 2823 4677 λόγους
2858 4604 2991 4657 εἶναι
3039 4604 3169 4664 τοὺς
3201 4605 3523 4674 ποιητικοὺς
3580 4608 3718 4661 κατά
3766 4610 3879 4677 τήν

450 4716 617 4765 nem;
649 4698 805 4769 quod
837 4698 1013 4753 etiam
1042 4698 1272 4768 signum
1308 4702 1397 4750 est
1428 4712 1544 4750 non
1588 4712 1854 4766 parvum,
1877 4712 2006 4750 esse
2037 4697 2095 4750 in

451 4788 813 4844 animalibus
843 4792 901 4841 et
935 4786 1153 4858 plantis
1196 4786 1450 4841 rationes
1484 4801 1609 4855 qua:
1659 4785 1917 4839 efﬁciant
1945 4789 2009 4839 ut
2038 4786 2096 4839 in

452 4883 663 4933 natura
694 4876 843 4931 ratio
867 4876 1109 4942 haereat;
1145 4875 1400 4929 rationes
1422 4890 1553 4929 vero
1576 4891 1701 4943 quae
1729 4890 1861 4928 cum
1896 4874 2101 4929 formis

450 4983 651 5022 eorum
714 4982 845 5036 quae
891 4966 1181 5033 videntur,
1216 4969 1433 5018 naturae
1485 4979 1614 5018 esse
1672 4964 1939 5034 germina
1995 4980 2096 5018 seu

450 5055 775 5111 immobilis
807 5070 873 5109 ac
904 5053 963 5107 in
1005 5053 1134 5125 ipsa
1168 5052 1439 5107 haerentis
1471 5052 1632 5107 verbi
1682 5068 1780 5105 seu
1834 5051 2097 5106 rationis.

453 5144 754 5207 Quomodo
800 5143 979 5214 igitur
1008 5142 1064 5196 in
1099 5142 1375 5197 universa
1427 5144 1639 5195 natura
1687 5139 1931 5205 malum,
1965 5157 2100 5196 cum

453 5232 753 5287 naturales
785 5232 905 5287 sint
954 5230 1209 5287 rationes
1241 5230 1296 5283 in
1333 5228 1637 5294 creaturis,
1671 5244 1775 5283 nec
1816 5228 1873 5283 in
1904 5228 2101 5299 aliquo

452 5320 560 5376 toti
592 5330 833 5387 naturae,
867 5337 994 5390 quae
1022 5336 1090 5375 ex
1122 5320 1274 5374 bono
1306 5323 1414 5385 est,
1448 5317 1898 5372 contrarientur.
1923 5319 1976 5370 Si
2013 5334 2101 5372 er-

454 5424 527 5481 go
559 5408 1027 5462 demonstratum
1060 5412 1149 5462 est
1178 5408 1509 5462 universam
1550 5411 1822 5460 naturam
1854 5422 1923 5460 ex
1951 5406 2104 5461 bono

452 5512 603 5563 esse,
635 5494 1007 5567 singularum
1039 5500 1235 5551 autem
1266 5500 1665 5551 creaturarum
1700 5493 1956 5550 rationes
1987 5511 2101 5549 non

2208 4693 2361 4769 φύσιν
2397 4694 2528 4746 εἶναι
2560 4691 2726 4765 λόγον
2776 4692 2866 4745 τὸν
2923 4693 3173 4763 μένοντα’
3222 4692 3422 4767 λόγους
3474 4691 3530 4748 δὲ
3572 4694 3699 4757 τοὺς
3733 4699 3883 4754 κατὰ

2205 4783 2299 4841 τὰς
2353 4781 2564 4857 μορφὰς
2606 4784 2712 4834 τῶν
2759 4782 3052 4854 ὁρωμένων
3102 4788 3202 4849 τῆς
3242 4781 3448 4857 φύσεως
3494 4784 3624 4837 εἶναι
3668 4790 3879 4859 γεννή-

2213 4892 2374 4943 ματα,
2427 4867 2549 4938 ἧ¹τοι
2606 4873 2702 4923 τοῦ
2759 4871 2875 4923 κατ’
2932 4869 3097 4937 αὐτὴν
3160 4872 3415 4940 ἀκινήτου
3466 4872 3555 4926 καὶ
3605 4874 3881 4944 μένοντος

2211 4958 2402 5034 λόγου.
2440 4961 2561 5019 [Hoc
2593 4959 2683 5012 οὖν
2717 4957 2770 5012 έν
2801 4960 2869 5029 τῇ
2918 4958 3157 5022 καθόλου
3212 4960 3364 5036 φύσει
3418 4960 3481 5014 τὸ
3529 4963 3719 5031 κακὸν,
3763 4971 3881 5019 τῶν

2209 5048 2262 5103 έν
2303 5053 2417 5109 τοῖς
2449 5045 2906 5122 δημιουργήμασι
2956 5044 3133 5122 λόγων
3186 5053 3427 5126 φυσικῶν
3464 5045 3655 5120 ὅντων,
3691 5055 3789 5107 καὶ
3823 5053 3882 5109 έν

2211 5135 2383 5192 οὐδενὶ
2416 5135 2835 5208 ἐναντιουμένων
2884 5139 2952 5209 τῇ
3002 5133 3105 5210 ὅλῃ
3154 5136 3307 5213 φύσει
3358 5136 3407 5208 ἐξ
3440 5138 3641 5214 ἀγαθοῦ
3690 5139 3883 5216 οὗσῃς

2210 5227 2274 5284 Εἰ
2304 5226 2485 5281 τοίνυν
2514 5222 2888 5280 ἀποδέδεικται
2936 5226 3036 5294 τὴν
3085 5222 3325 5289 καθόλου
3352 5227 3507 5304 φύσιν
3545 5227 3605 5283 ἐκ
3631 5229 3886 5305 τάγαθοῦ

2212 5316 2365 5371 εἶναι’
2412 5315 2537 5376 τοὺς
2590 5312 2647 5368 δὲ
2702 5315 2821 5367 καθ’
2864 5311 3087 5369 ἕκαστον
3140 5314 3189 5369 έν
3244 5321 3359 5378 τοῖς
3412 5314 3885 5393 δημιουργήμασι

2213 5402 2408 5477 λόγους
2444 5402 2520 5473 μὴ
2574 5400 2939 5465 ἐναντιοῦσθαι
2969 5404 3037 5473 τῇ
3068 5398 3309 5465 καθόλου
3358 5401 3536 5476 φύσει,
3584 5402 3885 5479 πρόδηλον

2213 5492 2287 5553 ὡς
2320 5488 2445 5545 οὐδὶ
2476 5488 2527 5544 έν
2562 5489 2715 5563 φύσει
2764 5490 2826 5544 τὸ
2868 5489 3054 5544 κακόν·
3087 5493 3249 5545 τοῦτο
3281 5486 3339 5545 δὲ
3366 5496 3445 5545 τῶ
3477 5489 3644 5565 καλῷ
3669 5495 3691 5529 ⁸
3722 5493 3885 5549 ἐναν-

1430 5638 1672 5695 VARIz’E
1713 5638 2099 5695 LECTIONES
2138 5638 2226 5695 ΒΤ
2264 5635 2831 5694 CORRECTIONES.

523 5710 544 5745 ⁸
572 5712 678 5763 τῶν
712 5706 915 5766 καλῶν.
