4080 6366
232 397 321 452 297

980 398 1038 450 S.
1079 397 1348 450 MAXIMI
1385 396 1689 450 SCHOLIA
1727 397 1801 448 IN
1841 393 1970 446 LIB.
2012 395 2108 446 DE
2147 395 2417 449 DIVINIS
2454 395 2870 450 NOMINIBUS.

3525 398 3630 450 298

229 521 342 577 τίον·
374 518 571 574 οὐκοῦν
605 518 706 574 οὐκ
753 513 864 573 ἔστι
912 518 973 573 τὸ
1019 518 1205 588 κακὸν,
1241 515 1366 573 οὐδὲ
1413 517 1464 572 ἐν
1496 522 1576 590 τῷ
1605 515 1865 573 καθόλου.

1990 518 2328 573 contrariari
2363 518 2644 575 universae
2676 523 2896 575 naturae
2941 521 3316 577 manifestum
3364 525 3473 588 est,
3525 539 3631 578 ne-

231 611 299 668 Τὰ
333 607 384 664 δὲ
426 608 480 663 ἐν
539 615 658 670 τοῖς
712 609 830 663 κατ’
886 605 1028 670 εἶδος
1085 615 1183 676 τῆς
1232 605 1596 684 δημιουργίας
1631 606 1866 677 ἐναντία,

231 697 321 755 εἴτε
373 697 425 753 ἐν
471 700 747 774 κράσεσιν,
800 696 905 753 εἷ’τε
958 696 1010 752 ἐν
1073 697 1255 766 ζώοις,
1304 699 1394 751 καὶ
1453 696 1695 766 λοιποῖς,
1758 698 1868 772 οὐχ

230 791 416 847 ἑαυτοῖς
463 787 566 843 εἶσι
619 787 764 862 παρὰ
811 787 992 866 φύσιν,
1025 785 1173 842 ἀλλὰ
1219 792 1336 848 τοῖς
1387 785 1582 848 ἄλλοις
1609 789 1647 822 ⁷·
1683 787 1733 840 έν
1789 788 1868 848 οἷς

231 878 276 935 δὲ
301 879 440 951 παρὰ
471 876 630 952 φύσιν
681 875 1038 951 πλημμελῶς
1091 877 1362 953 φέρονται,
1391 879 1487 930 τοῦ
1535 876 1670 930 κατὰ
1709 876 1862 953 φύσιν

229 968 344 1022 ἐστὶν
371 966 646 1034 ἀσθένεια,
681 965 742 1021 οὐ
778 966 887 1040 μὴν
937 970 1099 1021 τοῦτο
1141 966 1326 1020 κακόν·
1362 965 1524 1020 κακία
1571 963 1627 1020 δὲ
1665 967 1864 1038 τάξεως

231 1054 424 1130 μᾶλλόν
460 1055 598 1112 ἐστι.

283 1236 386 1304 Τῆς
417 1232 668 1289 καθόλου
691 1234 921 1310 φύσεως.
951 1230 1204 1290 Καθόλου
1231 1231 1386 1310 φύσιν
1407 1232 1506 1300 τὴν
1541 1229 1680 1295 θείαν
1705 1231 1859 1308 φύσιν

224 1324 384 1380 καλεῖ.

283 1413 349 1488 [ζ]
380 1412 456 1470 Εἴ
503 1414 608 1489 γάρ
651 1413 703 1466 oi
752 1413 971 1474 πάντες.
1022 1409 1242 1483 Πάντες,
1293 1409 1478 1489 φησὶν,
1531 1410 1581 1464 οἳ
1619 1413 1718 1475 τῆς
1759 1408 1862 1488 (ἴδ’

221 1523 335 1564 σεως
384 1501 571 1576 λόγοι,
622 1501 789 1576 ἤγουν
843 1502 897 1555 αἱ
947 1500 1110 1555 αἷῖτίαι
1177 1502 1296 1564 καθ’
1354 1498 1414 1562 ἃς
1464 1498 1717 1575 γεγόνασι
1773 1501 1865 1554 καὶ

222 1591 329 1660 sici,
378 1591 532 1666 παρὰ
577 1597 677 1659 τῆς
727 1590 872 1654 θείας
925 1589 1135 1668 φύσεως
1181 1589 1537 1665 ὑπάρχουσιν,
1569 1590 1648 1659 ἢν,
1683 1589 1754 1649 ὡς
1795 1587 1863 1643 εἷ’-

223 1701 387 1757 ρηται,
434 1678 678 1734 καθόλου
727 1678 905 1748 καλεῖ,
959 1677 1144 1748 ἐπειδὴ
1196 1677 1245 1748 ἐξ
1294 1679 1464 1747 αὐτῆς
1514 1673 1610 1752 ἔφυ
1639 1679 1706 1731 τὰ
1737 1677 1859 1732 ὅλα·

222 1769 340 1839 ὅλην
399 1766 459 1824 δί
515 1767 670 1846 φύσιν
729 1769 904 1822 πάντα
957 1767 1024 1821 τὰ
1079 1768 1180 1822 ὑπὸ
1247 1771 1342 1821 τοῦ
1395 1771 1528 1822 Θεοῦ
1586 1768 1864 1821 κτισθέντα

221 1857 476 1914 ἐκάλεσεν.
529 1854 698 1914 Οὐδὲν
752 1857 842 1910 οὗν
889 1855 1028 1911 ἐστιν
1089 1855 1141 1910 ἐν
1189 1859 1257 1930 τῇ
1309 1856 1484 1934 φύσει,
1541 1855 1671 1930 ὅπερ
1731 1856 1860 1911 ὅλον
1895 1895 1939 1960 Β

417 1947 431 1960 η
515 1945 526 1960 ,
819 1946 832 1960 .
951 1948 960 1960 .
1244 1951 1267 1960 ..
1367 1942 1390 1960 ,μ
1687 1946 1700 1960 ι
1805 1947 1819 1960 ι

223 1946 357 2008 ὅλοις
406 1945 724 2001 ἀντίκειται·
780 1946 842 2000 τὸ
900 1948 1001 2022 γάρ
1049 1967 1156 2000 τινι
1203 1951 1310 2001 τῶν
1363 1942 1532 2000 ὄντων
1565 1946 1710 2021 παρὰ
1759 1947 1858 2014 τήν

222 2037 372 2091 αὐτοῦ
434 2036 592 2112 φύσιν
655 2035 820 2108 ἑτέρῳ
878 2034 1038 2109 φύσις
1111 2034 1242 2090 ἱστί’
1305 2040 1464 2090 τοῦτο
1525 2034 1582 2090 δὲ
1637 2036 1857 2109 ἀγαθόν.

221 2124 356 2198 litim
389 2125 482 2178 οὖν
512 2125 668 2202 φῦσιι
699 2123 762 2178 τὸ
813 2124 889 2195 μὴ
943 2123 1122 2197 μένειν
1173 2123 1252 2202 ἐφ’
1303 2124 1381 2186 οἷς
1423 2124 1634 2200 γέγονε,
1674 2123 1857 2178 κακόν·

219 2219 367 2269 τοῦτο
397 2213 501 2289 γὰρ
534 2212 634 2291 ἔφη
666 2213 914 2288 στέρησιν
946 2217 1054 2267 τῶν
1086 2219 1186 2281 τῆς
1217 2213 1448 2290 φύσεως,
1479 2214 1541 2267 τὸ
1593 2214 1666 2287 μή
1713 2212 1860 2268 ἐκτε-

221 2301 320 2358 λεῖν
370 2303 491 2357 καθ’
533 2303 825 2357 ὁποιανοῦν
860 2300 1034 2356 αἷτίαν
1065 2303 1129 2356 τὰ
1161 2301 1240 2380 ἐφ’
1287 2305 1368 2365 οἷς
1414 2303 1676 2377 παρήχθη
1727 2303 1863 2376 πρὸς

219 2394 475 2467 γέννησιν.

281 2572 418 2644 [7,]§
465 2570 692 2626 XXVII.
752 2567 908 2625 Ἀλλ’
969 2567 1082 2624 οὐδ’
1135 2569 1186 2623 ἐν
1248 2569 1481 2642 σώματι.
1541 2571 1743 2645 Ὥσπερ
1800 2570 1861 2626 τὸ

219 2659 416 2721 κάλλος
485 2657 794 2733 συμμετρία
871 2657 981 2713 ἐστὶ
1061 2657 1240 2730 μελῶν
1313 2659 1403 2713 καὶ
1481 2663 1660 2735 μερῶν
1729 2661 1864 2732 μετά

220 2747 491 2823 εὖχροίας,
552 2747 726 2811 οὕτως
782 2747 975 2822 αἶσχος
1032 2747 1374 2823 ἀσυμμετρία
1429 2746 1539 2802 ἐστὶ
1592 2751 1700 2803 τῶν
1767 2748 1861 2803 αὐ-

217 2842 338 2893 τῶν.

281 2929 358 3001 [θ]
405 2924 592 2983 Ατίτιον
637 2929 706 2999 τῇ
758 2928 934 3000 ψυχῇ.
987 2923 1207 2996 Ἐπειδή
1267 2946 1410 2987 τινες
1465 2931 1572 2980 τῶν
1635 2924 1860 3004 φιλοσό-

219 3036 328 3088 φων
382 3015 565 3092 φασὶν,
618 3015 677 3068 ἐκ
722 3018 818 3068 τοῦ
870 3012 1075 3087 ἀλόγου
1122 3013 1221 3080 τῆς
1275 3017 1459 3089 ψυχῆς
1512 3013 1725 3087 μέρους,
1759 3012 1862 3089 ὕλῃ

215 3105 297 3158 καὶ
358 3105 570 3177 σώματι
652 3101 1037 3178 μεμιγμένου,
1102 3102 1371 3179 ῥεπούσης
1437 3102 1518 3158 ἐπ’
1577 3104 1706 3158 αὐτὸ
1761 3113 1861 3173 τῆς

218 3197 414 3268 ψυχῆς,
445 3195 514 3249 τὰ
542 3193 684 3247 κακᾶ
712 3197 987 3267 πράττειν,
1032 3192 1105 3254 ὡς
1137 3193 1391 3266 ἀνωτέρω
1425 3191 1666 3264 διῆλθεν,
1717 3215 1860 3266 παγ·

1980 623 2092 677 que
2121 607 2179 661 in
2216 612 2424 663 natura
2451 609 2673 664 malum
2705 610 2975 677 esse,hoc
2998 615 3191 666 autem
3224 609 3468 682 pulchro
3492 628 3632 667 con-

1978 698 2224 752 trarium
2262 715 2273 751 :
2309 715 2445 770 ergo
2477 716 2592 754 non
2624 703 2713 753 cst
2740 698 2975 766 malum,
3019 716 3207 771 neque
3241 701 3297 754 in
3332 700 3629 757 universo.

1977 785 2111 848 Quae
2145 791 2338 842 autem
2394 789 2450 841 in
2497 789 2806 858 speciebus
2855 793 3257 851 creaturarum
3311 790 3624 857 contraria,

1976 875 2094 930 sive
2127 876 2186 930 in
2225 877 2655 946 temperie.sive
2681 877 2740 932 in
2768 877 3208 944 animalibus,et
3236 879 3624 950 reliquis,non

1976 965 2238 1020 suntsibi
2261 970 2467 1036 praeter
2484 967 2886 1036 naturam,sed
2904 966 3064 1034 aliis;
3082 967 3138 1021 in
3159 983 3286 1038 qua
3302 973 3624 1038 praeterna-

1975 1059 2032 1106 tu
2043 1070 2166 1107 ram
2182 1053 2390 1108 vitiose
2405 1055 2994 1122 feruntur,naturalis
3010 1055 3246 1127 quidem
3262 1054 3624 1111 estimbecil-

1974 1140 2150 1210 litas;
2185 1149 2243 1197 at
2266 1143 2375 1197 hoc
2408 1160 2522 1198 non
2550 1143 2902 1208 malum,sed
2920 1145 3115 1216 potius
3150 1144 3620 1201 ordinisvitium.

2047 1232 2323 1289 Universae
2353 1237 2598 1289 naturas.
2637 1231 2976 1289 Universam
3020 1237 3312 1303 naturam,
3356 1233 3622 1290 divinam

1971 1325 2137 1375 vocat
2168 1327 2463 1376 naturam.

2042 1410 2105 1465 Si
2131 1412 2281 1466 enim
2309 1427 2513 1466 omnes.
2548 1411 2787 1481 Omnes,
2818 1411 3032 1484 inquit,
3087 1416 3319 1468 naturae
3368 1413 3623 1469 rationes

1973 1514 2074 1553 seu
2109 1500 2618 1563 causae,scundum
2643 1517 2790 1572 quas
2824 1501 3062 1556 fuerunt
3093 1506 3149 1556 et
3185 1506 3341 1572 sunt,
3375 1503 3626 1558 adivina

1972 1593 2186 1643 natura
2232 1593 2459 1660 (quam,
2508 1594 2574 1643 ut
2630 1590 2851 1644 dictum
2903 1595 3014 1656 est,
3065 1593 3385 1646 universam
3431 1592 3621 1662 vocat)

1973 1676 2143 1744 ﬁunt,
2177 1677 2452 1747 quoniam
2498 1695 2566 1732 ex
2600 1678 2727 1749 ipsa
2777 1679 3062 1750 producta
3111 1685 3249 1735 sunt
3307 1681 3620 1749 universa;

1973 1765 2310 1820 universam
2336 1783 2473 1821 vero
2503 1771 2775 1822 naturam
2809 1769 3009 1822 omnia
3051 1785 3084 1822 8
3133 1769 3248 1824 D60
3297 1773 3491 1824 creata
3519 1786 3623 1824 V0-

1972 1855 2142 1909 cavit.
2176 1855 2330 1909 Nihil
2365 1855 2546 1927 igitur
2573 1860 2662 1911 est
2693 1855 2748 1910 in
2783 1861 3012 1927 natura,
3044 1859 3196 1914 I59
3239 1861 3394 1929 quod
3433 1864 3617 1913 totum

1970 1943 2109 1998 totis
2168 1951 2538 2016 opponatur;
2591 1947 2742 2016 quod
2805 1946 2961 2001 enim
3009 1945 3181 2001 alicui
3237 1953 3443 2019 praeter
3490 1950 3617 2018 ejus

1971 2041 2236 2088 naturam
2271 2039 2378 2100 est,
2415 2033 2577 2090 alteri
2613 2040 2822 2089 natura
2855 2039 2961 2099 est,
2997 2035 3104 2090 hoc
3128 2040 3322 2090 autem
3354 2038 3615 2092 bonum:

1971 2123 2128 2176 omni
2161 2139 2297 2194 ergo
2331 2127 2554 2178 naturae
2581 2123 2798 2179 malum
2822 2128 2911 2180 est
2930 2142 3043 2180 non
3075 2125 3290 2181 hierere
3320 2125 3376 2179 in
3404 2126 3621 2196 quibus

1969 2213 2254 2283 producta
2294 2217 2418 2280 est;
2453 2213 2562 2267 hoc
2607 2213 2765 2268 enim
2814 2214 3176 2270 naturalium
3231 2215 3616 2286 privationem

1976 2301 2144 2370 dixit,
2184 2319 2298 2356 non
2332 2319 2768 2372 consummare,
2802 2321 3155 2375 quacunque
3203 2321 3268 2359 ex
3336 2320 3516 2359 causa
3562 2306 3621 2360 id

1971 2390 2217 2462 accidat,
2245 2407 2312 2446 ea
2344 2396 2579 2464 propter
2629 2409 2756 2463 quae
2802 2393 2860 2447 in
2913 2394 3287 2465 generatione
3337 2395 3624 2465 producta

1970 2481 2225 2534 fuerunt.

2040 2570 2068 2636 §
2111 2569 2341 2624 XXVII.
2399 2572 2593 2625 Verum
2639 2587 2740 2625 nec
2785 2572 2844 2625 in
2892 2572 3230 2642 corporibus.
3282 2571 3446 2627 Sicut
3494 2571 3620 2644 pul-

1970 2656 2240 2712 chritudo
2271 2663 2360 2714 est
2391 2660 2785 2714 membrorum
2814 2665 2870 2714 et
2903 2661 3158 2731 partium
3191 2677 3323 2715 cum
3357 2661 3510 2715 bono
3530 2678 3622 2716 co-

1974 2744 2094 2801 lore
2143 2749 2421 2818 symetria
2470 2765 2571 2805 seu
2623 2749 2940 2820 prOportio,
2996 2750 3076 2804 ita
3141 2751 3482 2805 deformitas
3531 2755 3622 2806 est

1969 2838 2308 2891 eorumdem
2345 2837 2739 2909 proportionis
2771 2840 3056 2894 defectus.

2042 2926 2219 2981 Causa
2243 2929 2464 2983 animae.
2501 2927 2784 2991 Quoniam
2821 2927 3302 3000 philosophorum
3336 2929 3622 3000 aliquidi-

1969 3020 2128 3082 cunt,
2163 3031 2231 3070 ex
2261 3015 2584 3071 irrationali
2618 3021 2779 3088 parte
2813 3017 3044 3081 animae,
3090 3018 3346 3073 materia
3386 3035 3450 3073 ac
3483 3035 3615 3073 cor-

1971 3105 2094 3175 pori
2128 3105 2409 3174 permista
2441 3106 2637 3160 anima
2668 3105 2726 3159 in
2762 3106 2817 3159 id
2849 3111 3144 3177 vergente,
3194 3106 3349 3161 mala
3381 3107 3524 3174 fieri,
3553 3111 3618 3161 ut

1969 3194 2242 3263 superius
2276 3193 2704 3261 disseruimus;
2741 3195 2976 3249 divinus
3008 3194 3322 3266 Dionysius
3355 3195 3624 3266 pulcher-

216 3263 389 3344 κάλ-ως
420 3284 448 3337 ὁ
499 3287 646 3345 θεῖος
696 3263 976 3344 Διονύσιος
1020 3280 1138 3335 λύει
1191 3280 1252 3334 τὸ
1285 3263 1618 3357 ἐπαπόρημα
1666 3280 1725 3336 ἐκ
1752 3286 1858 3336 τῶν

1990 3283 2120 3335 ’ἱωο
2151 3281 2397 3337 dubium
2431 3282 2602 3337 solvit
2633 3299 2702 3337 ex
2734 3283 2867 3337 aliis
2899 3283 3259 3354 incorporeis
3290 3289 3347 3339 et
3377 3303 3620 3356 prorsus

219 3372 392 3426 ἄλλων
437 3374 458 3406 ⁸
498 3369 805 3442 ἀσωμάτων
857 3370 946 3424 καὶ
997 3369 1207 3445 ἀμιγῶν
1265 3370 1518 3442 σώματος
1563 3372 1760 3441 πάντη,
1808 3371 1858 3425 οἳ

216 3463 298 3515 καὶ
353 3459 482 3536 δίχα
539 3461 817 3533 σώματος,
879 3456 1124 3532 ἐλλείψει
1175 3462 1272 3513 τοῦ
1330 3458 1530 3534 ἀγαθοῦ
1596 3459 1862 3532 πλημμε-

223 3548 388 3607 λοῦσι.

286 3639 716 3718 Παρυφίστασθαι
784 3636 998 3694 κακίαν.
1073 3639 1196 3695 Ὅτι
1275 3635 1493 3692 δυνατὸν
1567 3638 1656 3691 καί

227 3731 468 3801 σώματος
526 3727 959 3806 παρυφίστασθαι
1026 3727 1242 3796 κακίαν,
1300 3726 1374 3788 ὡς
1452 3724 1503 3780 ἐν
1576 3731 1690 3787 τοῖς
1749 3723 1866 3780 δαί-

237 3839 371 3889 μοσι.

297 3907 388 3960 Καὶ
420 3907 641 3978 σώμασι
670 3906 858 3962 κακόν.
884 3904 948 3959 Τί
979 3904 1090 3959 ἰστι
1119 3904 1306 3959 κακόν.

295 3996 592 4064 δΧΧνΙιι.
625 3994 695 4047 ⁸Η
759 3991 899 4065 μηδὲ
949 3993 1012 4046 τὸ
1063 3993 1292 4066 πάσχειν
1350 3990 1604 4056 δύνασθαι
1652 3994 1770 4047 καθ’
1818 3993 1870 4047 έ-

238 4087 409 4154 αυτήν.
445 4081 698 4157 Εὸλογον
732 4078 1108 4156 ἰπιδρομάδην
1149 4081 1393 4145 ἐκθέσθαι
1440 4081 1534 4142 τὰς
1585 4079 1737 4151 δόξας
1765 4086 1870 4137 τῶν

240 4167 491 4246 λεγόντων
519 4173 618 4239 τὴν
653 4168 792 4239 ὕλην
826 4173 902 4240 μὴ
935 4168 1114 4238 ὃν,καὶ
1146 4175 1263 4231 πῶς
1291 4169 1550 4225 καλοῦσιν
1594 4170 1761 4239 αὐτὴν
1799 4172 1873 4242 μὴ

240 4261 307 4328 ὃν,
331 4259 419 4315 ’ἱνα
447 4260 540 4314 καὶ
591 4261 643 4313 οἱ
697 4257 1063 4334 συλλογισμοὶ
1107 4263 1203 4312 τοῦ
1252 4259 1399 4312 θείου
1431 4259 1712 4314 Διονυσίου
1741 4281 1876 4329 νοη-

244 4349 380 4406 θῶσι.
433 4348 705 4404 Καλοῦσιν
757 4346 848 4401 οὖν
897 4348 996 4415 τὴν
1038 4347 1176 4416 ὕλην
1223 4351 1298 4420 μὴ
1351 4347 1408 4401 ὃν
1457 4349 1514 4402 ἐκ
1558 4353 1655 4403 τοῦ
1697 4349 1877 4403 τοιού-

242 4458 340 4492 του·
375 4440 504 4516 φασὶ
536 4438 664 4512 γάρ,
699 4437 783 4491 ὅτι
811 4439 873 4491 τὸ
913 4437 991 4508 ὃν,
1025 4435 1054 4490 ὅ
1085 4436 1223 4491 ἐστιν
1273 4437 1324 4490 έν
1352 4442 1469 4498 τοῖς
1514 4444 1730 4506 νοητοῖς
1765 4436 1880 4492 δια-

244 4527 476 4600 κόσμοις,
514 4526 575 4580 ἐκ
600 4530 698 4580 τοῦ
726 4527 949 4596 πρώτου
978 4531 1076 4580 τοῦ
1109 4526 1212 4580 ὑπὸ
1260 4527 1321 4580 τὸ
1372 4527 1429 4582 ’ὸν
1465 4523 1618 4588 ὄντος
1653 4527 1879 4600 ἐγένετο.

1740 3637 1799 3693 ἄν
1808 3659 1864 3692 ευ

1973 3369 2271 3425 mistionis
2301 3371 2659 3440 expertibus,
2693 3371 2791 3442 qui
2825 3372 2999 3427 etiam
3033 3371 3158 3427 sine
3190 3389 3450 3445 corpore,
3488 3375 3621 3430 boni

1973 3457 2200 3513 defectu
2237 3463 2498 3529 peccant.

2045 3635 2337 3692 Adhaerere
2390 3637 2683 3692 malitiam.
2747 3637 3037 3693 Possibile
3089 3655 3218 3694 esse
3265 3639 3440 3696 etiam
3491 3642 3618 3696 sine

1975 3740 2215 3796 corpore
2245 3725 2527 3782 malitiam
2563 3726 2882 3782 subsistere
2913 3727 3109 3796 videri,
3146 3729 3300 3784 sicut
3328 3730 3387 3784 in
3413 3730 3620 3787 daemo-

1979 3814 2176 3870 nibus.

2051 3905 2116 3958 Et
2149 3905 2468 3973 corporibus
2494 3905 2734 3960 malum.
2769 3905 2915 3968 Quid
2950 3906 3027 3962 sit
3057 3906 3300 3962 malum.

2052 3993 2362 4060 §XXVIIL
2432 3995 2561 4062 Qua:
2610 4011 2708 4050 nec
2753 3995 2811 4049 id.
2858 3996 3038 4065 ipsum
3086 3997 3246 4051 habet
3312 3997 3453 4067 quod
3496 3998 3628 4066 pati

1980 4085 2166 4152 possit.
2200 4085 2661 4139 Consentaneum
2695 4087 2786 4138 est
2817 4083 3028 4138 rationi
3068 4101 3270 4140 eorum
3319 4086 3627 4158 opiniones

1987 4173 2203 4227 cnrsim
2237 4187 2545 4242 exponere,
2579 4171 2678 4242 qui
2711 4172 2915 4227 dicunt
2951 4175 3259 4229 materiam
3296 4192 3406 4230 non
3439 4181 3632 4242 ens,ct

1988 4260 2282 4330 quomodo
2312 4263 2520 4313 vocent
2565 4260 2752 4329 ipsam
2789 4275 2902 4313 non
2952 4275 3079 4324 ens,
3131 4266 3194 4314 ut
3242 4261 3416 4316 etiam
3449 4263 3630 4333 syllo-

1991 4349 2163 4419 gismi
2196 4348 2373 4401 divini
2407 4347 2666 4419 Dionysii
2710 4347 3130 4419 intelligantur.
3179 4349 3402 4403 Vocant
3450 4350 3634 4420 igitur

1995 4438 2298 4491 materiam
2329 4453 2442 4490 non
2472 4452 2576 4491 ens
2605 4436 2706 4490 tali
2739 4437 2809 4490 de
2840 4453 3017 4491 causa
3049 4455 3061 4492 :
3097 4438 3300 4491 dicunt
3347 4438 3525 4507 enim,
3575 4439 3633 4493 id

1994 4543 2098 4581 ens
2127 4527 2279 4598 quod
2315 4531 2405 4580 est
2435 4526 2492 4579 in
2527 4525 2997 4596 intelligibilibus
3039 4531 3400 4582 ornamentis
3442 4545 3545 4583 seu
3578 4545 3638 4584 a-

247 4617 380 4671 Ἐπεὶ
411 4617 504 4671 οὗν
538 4614 744 4678 ἐκεῖνος
777 4614 907 4688 ὑπὲρ
936 4614 998 4669 τὸ
1047 4612 1105 4668 ὅν
1160 4614 1293 4681 ἐστι,
1341 4615 1403 4669 τὸ
1435 4610 1491 4669 ὅν
1547 4614 1597 4685 ἐξ
1630 4616 1793 4669 αὑτοῦ
1823 4616 1870 4670 ὃι

1995 4616 2154 4681 stris,
2188 4632 2220 4668 a
2251 4615 2441 4686 primo
2473 4621 2604 4669 ente
2636 4616 2787 4686 quod
2821 4632 2925 4671 ens
2970 4621 3228 4686 superat,
3281 4619 3638 4688 productum

248 4704 439 4776 ἆκλήθη
489 4702 673 4778 ἕτερον
724 4704 782 4758 ὃν
832 4707 928 4758 τοῦ
978 4699 1134 4765 ὄντος
1181 4705 1299 4767 καθ’
1355 4699 1641 4758 ὑπόϐασιψ
1673 4705 1736 4759 τὸ
1783 4705 1882 4781 γὰρ

248 4794 318 4861 ὃν,
349 4797 376 4849 ὃ
407 4793 658 4868 λέγουσι,
689 4793 788 4860 τὴν
819 4797 926 4846 τῶν
954 4797 1164 4861 νοητῶν
1193 4793 1330 4861 ὕλην
1365 4792 1888 4868 ὀνομάζουσι,λόγῳ

256 4883 391 4955 μόνῳ
421 4884 728 4959 θεωρητὴν,
761 4883 822 4950 ἣν
868 4883 955 4936 καὶ
999 4881 1164 4951 αὑτὴν
1212 4880 1358 4943 εἶδος
1403 4884 1491 4937 καὶ
1526 4885 1670 4952 ζωήν
1707 4904 1888 4960 φασιν,

255 4972 407 5026 οἱονεὶ
454 4972 520 5027 τὸ
571 4970 930 5042 ὑποκείμενον
966 4975 1084 5032 ταῖς
1135 4975 1360 5040 νοηταῖς
1409 4970 1638 5032 οὐσίαις’
1685 4974 1783 5041 τὴν
1835 4970 1892 5026 δὲ

258 5059 301 5112 ἰν
349 5067 462 5124 τοῖς
519 5059 806 5129 αἲσθητοῖς
863 5057 1018 5130 ὕλην,
1078 5061 1152 5122 ὡς
1203 5057 1358 5128 ἐνδεῆ
1406 5059 1616 5114 πάντων
1673 5061 1781 5114 τῶν
1838 5062 1890 5115 ἒν

258 5154 358 5209 τοῖς
386 5153 622 5215 νοητοῖς’
660 5144 784 5203 οὔτε
831 5147 933 5222 γὰρ
987 5144 1153 5216 εἶδος,
1200 5147 1322 5203 οὕτε
1372 5150 1485 5218 ζωὴ
1537 5147 1696 5218 αὐτή.
1746 5150 1894 5224 Ἐγέ-

261 5257 364 5292 νετο
395 5237 449 5293 δὲ
492 5237 651 5307 αὕτη,
704 5237 779 5299 ὥς
830 5258 1010 5314 φασιν,
1068 5239 1171 5291 ὑπὸ
1214 5242 1311 5292 τοῦ
1360 5233 1533 5307 ὄντος,
1576 5238 1632 5291 ὃν
1693 5235 1893 5315 ἔφησαν

261 5327 482 5398 γενέσθαι
544 5327 649 5380 ἀπὸ
716 5330 813 5380 τοῦ
886 5326 1105 5401 πρώτου
1176 5326 1266 5381 καὶ
1340 5326 1680 5403 ὑπερόντος’
1762 5323 1899 5383 ὥστε

261 5410 425 5489 ἕτερον
458 5415 624 5484 αὐτὴν
659 5415 820 5470 οὖσαν
859 5419 956 5470 τοῦ
993 5410 1150 5477 ὄντος
1198 5417 1262 5470 οὑ
1319 5414 1566 5490 λέγουσιν
1618 5415 1783 5485 αὐτὴν
1833 5419 1901 5472 εἶτ

1995 4708 2123 4770 est;
2157 4703 2436 4774 quoniam
2468 4703 2648 4772 igitur
2677 4702 2776 4756 ille
2817 4707 2906 4757 est
2935 4720 3117 4775 supra
3164 4719 3288 4770 ens,
3340 4705 3485 4760 illud
3536 4722 3642 4759 ens

1999 4794 2150 4861 quod
2183 4795 2254 4847 ab
2285 4792 2412 4863 ipso
2449 4791 2726 4863 procedit,
2742 4797 3010 4847 vocatum
3047 4793 3157 4847 fuit
3186 4794 3482 4848 diversum
3514 4811 3642 4861 ens,

2001 4883 2074 4935 ab
2106 4887 2238 4936 ente
2269 4882 2324 4934 in
2352 4881 2616 4951 subjecto
2646 4898 2659 4936 :
2693 4897 2797 4936 ens
2815 4881 2972 4937 enim
2996 4882 3150 4952 quod
3179 4882 3401 4948 dicunt,
3435 4881 3645 4937 intelli«

2001 4971 2267 5041 gibilium
2303 4969 2609 5025 materiam
2643 4969 2963 5041 appellant,
2999 4969 3224 5025 ratione
3277 4969 3403 5025 sola
3439 4970 3645 5026 visibi-

2002 5059 2115 5115 lem
2144 5080 2155 5127 ;
2190 5076 2362 5129 quam
2396 5060 2571 5114 etiam
2609 5060 2854 5114 formam
2889 5064 2944 5114 et
2974 5059 3153 5113 vitam
3204 5058 3424 5129 dicunt,
3470 5059 3646 5115 veluti

2006 5151 2157 5220 quod
2189 5149 2662 5220 intelligibilibus
2693 5148 3007 5219 subjicitur
3026 5149 3646 5218 essentiis,materiam

2006 5256 2138 5293 vero
2169 5237 2536 5292 sensibilium
2574 5241 2640 5292 ut
2670 5237 2934 5308 indigam
2953 5236 3219 5292 omnium
3245 5255 3368 5308 qua:
3395 5239 3646 5295 inintel-

2010 5327 2371 5400 ligibilibus;
2405 5344 2473 5383 ea
2504 5327 2658 5382 enim
2691 5343 2878 5398 neque
2912 5327 3097 5382 forma
3135 5343 3326 5400 neque
3368 5329 3486 5384 vita
3539 5334 3648 5386 est.

2007 5419 2137 5474 Haec
2167 5422 2364 5473 autem
2398 5417 2681 5488 producta
2712 5417 2845 5487 fuit,
2877 5419 2943 5472 ut
2974 5417 3160 5486 aiunt,
3194 5419 3266 5475 ab
3297 5424 3450 5487 ente,
3476 5436 3650 5492 quem

1262 5596 1495 5654 VARle
1533 5596 1920 5655 LECTIONES
1961 5597 2049 5653 ET
2085 5594 2644 5655 CORRECTIONES.

331 5720 348 5753 "
381 5717 594 5795 ἀλόγοις
669 5719 691 5755 ⁸
723 5717 980 5797 ἀγγέλων.

573 5849 837 5912 ΡΑτιιοι..
883 5848 996 5911 Gn.
1040 5848 1141 5914 IV.
