4080 6366
427 381 533 435 290

1266 379 1633 433 APPENDIX
1676 380 1771 431 AD
1808 377 2049 431 OPERA
2087 377 2145 429 S.
2187 376 2501 431 DIONYSII
2538 372 3041 430 AREOPAGITE.

3740 373 3842 429 300

433 505 706 559 dixerunt
736 519 769 558 a
799 501 989 575 primo
1019 505 1075 557 et
1106 517 1382 573 supremo
1416 504 1547 556 ante
1603 500 1868 573 genitum
1894 519 1908 568 ;
1949 514 2078 570 pro-

2203 516 2302 565 ναι,
2334 496 2416 566 ὃν,
2449 494 2597 553 ἀλλὰ
2651 497 2726 568 μὴ
2783 489 2862 548 ἔν’
2893 492 3018 570 φασὶ
3067 492 3167 570 γὰρ
3198 499 3400 569 χρῆναι
3442 495 3542 564 τὴν
3578 490 3843 550 ὑπόϐασιν

435 599 631 665 pterea
662 609 813 658 eam,
845 590 1066 646 scilicet
1116 590 1446 661 materiam,
1498 606 1633 645 cum
1683 590 1761 645 sit
1820 588 1977 644 aliud
2007 587 2080 644 ab

433 687 585 748 ente,
620 698 731 736 non
765 680 971 735 dicunt
1000 681 1184 751 ipsam
1220 696 1346 735 esse
1375 696 1479 735 ens
1528 679 1630 734 sed
1665 696 1777 733 non
1811 694 1954 745 ens;
1988 677 2079 731 di-

434 775 575 826 cunt
603 770 760 825 enim
793 774 1059 841 oportere
1091 769 1423 839 subjectum
1473 769 1648 824 etiam
1701 768 1769 822 ad
1822 772 2083 822 extrema

442 859 795 933 pertingere,
829 859 1075 930 ideoque
1106 858 1308 913 dicunt
1342 858 1651 913 materiam
1684 857 1821 927 quid
1856 857 1927 911 ab
1950 860 2083 911 ente

434 954 491 1004 et
523 949 766 1020 pulchro
815 948 1133 1014 diversum,
1186 964 1317 1002 cum
1367 962 1556 1017 neque
1605 945 1918 1017 pulchrum
1966 945 2078 1012 sit;

438 1040 603 1094 aiunt
632 1038 814 1110 igitur
844 1036 991 1091 nihil
1021 1038 1280 1091 efﬁcacia
1311 1052 1409 1090 seu
1433 1035 1770 1107 operatione
1793 1049 1919 1089 esse
1940 1054 1953 1101 ;
1978 1035 2080 1089 sed

438 1128 716 1182 omnibus
745 1143 872 1198 quae
903 1126 1108 1196 inipsa
1142 1124 1519 1189 conveniunt,
1540 1125 1691 1179 180
1726 1129 1789 1179 ut
1820 1124 2007 1179 forma
2028 1127 2085 1178 et

437 1216 723 1291 qualitate
750 1215 1001 1287 privari;
1039 1230 1226 1285 neque
1260 1216 1417 1269 enim
1450 1214 1707 1285 seipsam
1743 1214 1801 1268 in
1824 1214 2082 1284 aliquam

436 1308 691 1381 speciem
723 1306 1011 1373 eﬂ'ormat,
1045 1306 1203 1360 velut
1240 1305 1393 1372 ccsli,
1441 1311 1631 1372 terras,
1684 1304 1859 1372 aeris,
1895 1321 2081 1375 aquae,

438 1396 805 1465 animalium,
838 1401 1155 1462 astrorum,
1190 1410 1379 1465 neque
1410 1393 1690 1465 qualitate
1750 1393 1950 1462 afﬁcit,
1983 1394 2082 1448 sed

440 1488 510 1543 ab
538 1486 650 1541 alio
681 1486 753 1543 ad
779 1485 900 1540 haec
947 1483 1320 1555 disponitur;
1353 1488 1415 1538 ut
1463 1483 1640 1554 igitur
1684 1482 1833 1537 nihil
1888 1500 2083 1537 rerum

440 1575 803 1633 exsistensin
824 1572 1269 1645 seipsa,scilicet
1301 1574 1499 1627 formas
1532 1577 1588 1627 et
1619 1572 2083 1642 qualitatis,cum

437 1670 669 1721 tantum
700 1665 914 1719 virtute
966 1662 1085 1718 haec
1118 1662 1347 1727 habeat,
1398 1662 1453 1715 id
1508 1665 1595 1716 est
1644 1663 1713 1716 ad
1752 1662 1996 1716 formam
2032 1667 2089 1715 et

440 1754 784 1826 qualitatem
817 1752 1026 1809 elevari
1061 1750 1287 1824 possit;
1322 1767 1438 1805 non
1465 1766 1599 1806 vero
1623 1750 1958 1821 Operatione
1991 1749 2088 1805 ali-

440 1844 583 1916 quid
616 1844 827 1898 horum
860 1842 1170 1912 sit,merito
1201 1845 1291 1895 est
1322 1856 1434 1894 non
1467 1855 1732 1903 ens,cum
1766 1856 1867 1910 per
1892 1857 1953 1895 se
1970 1840 2089 1894 efﬁ-

442 1932 599 1988 cacia
647 1949 750 1987 seu
801 1931 1136 2001 operatione
1186 1945 1301 1983 non
1352 1928 1466 1995 sit;
1527 1933 1887 1999 quapropter
1937 1928 2093 1983 velut

447 2024 633 2077 forma
665 2037 730 2076 ac
763 2018 1047 2090 qualitate
1078 2034 1307 2087 carens,
1340 2021 1396 2071 et
1425 2034 1538 2071 non
1573 2034 1675 2072 ens
1711 2017 2093 2088 omniumque

446 2111 744 2181 indigens,
776 2109 847 2162 ab
881 2108 1027 2179 ipsis
1066 2111 1269 2162 vocata
1319 2110 1410 2162 est
1440 2106 1683 2162 malum.
1736 2108 1865 2161 Haec
1914 2107 2095 2178 igitur

451 2199 683 2254 solvens
715 2198 947 2252 divinus
973 2195 1283 2266 Dionysius
1320 2196 1398 2250 ait
1440 2212 1451 2249 :
1498 2196 1795 2258 Quomodo
1849 2197 2095 2249 materia

452 2285 674 2341 malum
710 2286 1009 2357 producet,
1045 2301 1171 2355 quae
1206 2299 1447 2354 prorsus
1492 2299 1606 2336 non
1649 2286 1736 2336 est
1787 2282 2094 2336 efﬁcacia?

449 2376 772 2447 producere
822 2373 978 2429 enim
1030 2378 1117 2429 est
1167 2370 1478 2439 efﬁcacia;
1533 2370 1675 2442 quin
1744 2387 1933 2441 neque
1984 2370 2093 2425 ali-

451 2465 592 2535 quid
628 2464 748 2534 pati
779 2462 953 2530 valet,
987 2479 1087 2533 per
1109 2461 1361 2531 seipsam
1407 2460 1600 2515 solum
1648 2460 1937 2515 exsistens
1972 2476 1984 2514 :
2021 2462 2093 2515 ab

447 2553 561 2608 alio
592 2552 750 2607 enim
784 2568 886 2622 per
916 2568 1022 2606 nos
1054 2550 1114 2605 in
1157 2551 1392 2604 formam
1429 2552 1485 2603 et
1523 2547 1862 2618 qualitatem
1897 2548 2091 2619 dispo-

448 2643 644 2707 nitur;
679 2658 793 2696 non
827 2641 1044 2711 patitur
1076 2655 1380 2718 ergo_cum
1413 2643 1503 2694 est
1535 2637 1817 2693 solitaria.
1852 2637 1911 2692 Si
1959 2654 2092 2693 vero

446 2748 572 2787 eam
604 2748 719 2785 non
752 2746 880 2785 esse
914 2727 1128 2797 dicitis,
1163 2743 1295 2782 cum
1329 2726 1475 2781 nihil
1498 2744 1736 2798 prorsus
1771 2726 1870 2792 sit,
1907 2742 2095 2797 neque

447 2820 670 2875 malum
702 2819 812 2874 erit
836 2834 1022 2888 neque
1045 2818 1264 2871 bonum
1293 2833 1305 2871 :
1340 2816 1389 2871 si
1412 2820 1606 2870 autem
1636 2816 1711 2869 sit
1729 2831 1833 2870 ens
1855 2814 2093 2886 aliquod

449 2915 552 2964 aut
582 2926 650 2964 ex
685 2911 794 2964 Deo
827 2912 934 2975 est,
969 2910 1070 2961 aut
1100 2922 1167 2961 ex
1198 2905 1411 2976 seipsa,
1432 2909 1532 2959 aut
1563 2920 1633 2958 ex
1666 2904 1778 2959 alio
1808 2904 2093 2975 principio

2188 586 2277 640 καὶ
2313 585 2616 661 μέχριτῶν
2671 584 2915 659 ἐσχάτων
2960 580 3119 651 ἱέναι,
3168 582 3258 636 καὶ
3311 580 3401 637 διὰ
3447 588 3610 638 τοῦτο
3661 581 3841 652 ἕτερόν

2191 697 2317 753 φασι
2370 676 2469 744 τὴν
2522 672 2659 744 ὕλην
2708 678 2804 728 τοῦ
2849 668 3027 739 ὄντος,
3076 671 3165 726 καὶ
3212 676 3308 727 τοῦ
3359 670 3553 741 καλοῦ,
3588 674 3665 736 ὡς
3702 672 3844 746 μηδέ

2189 764 2355 819 καλὸν
2398 764 2553 822 εἶναι.
2605 760 2770 820 Οὐδὲν
2824 763 2913 817 οὖν
2966 782 3121 839 φασιν
3173 761 3338 830 αὐτὴν
3390 762 3631 837 ἐνεργείᾳ
3680 762 3839 831 εἶναι,

2192 851 2337 907 ἀλλά
2379 854 2592 907 πάντων
2652 853 2967 927 ἐστερῆσθαι
3015 855 3122 905 τῶν
3170 851 3251 904 ἐπ’
3302 850 3469 921 αὐτῆς
3518 846 3845 923 συμϐαινόν-

2190 963 2321 1010 των,
2380 945 2493 996 οἴον
2545 939 2720 1003 ε⁸ίδους
2784 941 2871 995 καὶ
2930 939 3247 1011 ποιότητος*
3299 938 3422 995 οὔτε
3480 942 3585 1016 γὰρ
3647 943 3841 1010 ἑαυτὴν

2195 1036 2405 1107 μορφοῖ
2436 1031 2512 1093 είς
2555 1028 2715 1097 εἶδος,
2764 1032 2879 1084 οἷον
2929 1027 3182 1104 οὐρανοῦ,
3224 1036 3350 1103 γῆς,
3394 1028 3576 1104 ἀέρος,
3626 1028 3844 1102 ὕδατος,

2198 1122 2377 1189 ζώων,
2410 1120 2669 1195 ἀστέρων,
2710 1117 2835 1174 οὔτε
2886 1124 3061 1190 ποιοῖ,
3114 1117 3242 1174 ἀλλ’
3290 1118 3339 1190 ἐξ
3389 1119 3575 1194 ἐτέρου
3619 1125 3848 1192 κοσμεῖ-

2192 1231 2278 1265 ται
2338 1209 2411 1272 εἷς
2467 1215 2655 1267 ταῦτα.
2711 1210 2797 1271 Ὠς
2830 1210 2919 1263 οὖν
2980 1205 3131 1262 οὐδὲν
3184 1208 3316 1262 οὖσα
3372 1212 3481 1262 τῶν
3541 1204 3712 1263 ὄντων
3764 1210 3847 1263 ἐπ’

2193 1298 2353 1372 αὐτῇ,
2387 1296 2564 1361 ε’ίδους
2610 1298 2736 1374 φασὶ
2785 1297 2876 1352 καὶ
2924 1297 3240 1367 ποιότητος,
3291 1296 3455 1369 μόνον
3512 1294 3569 1352 δὲ
3619 1295 3849 1371 δυνάμει

2195 1389 2327 1442 οὖσα
2382 1392 2569 1455 ταῦτα,
2630 1388 2902 1442 τουτέστιν
2961 1386 3036 1448 εἰς
3080 1384 3221 1447 εἶδος
3268 1386 3358 1441 καὶ
3410 1387 3682 1457 ποιότητα
3742 1388 3849 1442 ἐνε-

2195 1483 2398 1551 χθῆναι
2449 1473 2743 1547 δυναμένη,
2800 1475 2860 1529 οὐ
2905 1477 3011 1547 μὴν
3060 1473 3298 1549 ἐνεργείᾳ
3340 1496 3392 1529 τι
3444 1476 3575 1530 οὖσα
3612 1474 3852 1545 τούτων,

2196 1564 2419 1628 εἰκότως
2452 1566 2527 1637 μή
2582 1561 2639 1619 ὅν
2692 1566 2824 1636 ἐστι,
2865 1566 2985 1628 καθ’
3034 1562 3227 1633 ἑαυτὴν
3278 1562 3515 1638 ἕνεργείᾳ
3561 1566 3638 1637 μὴ
3695 1566 3857 1619 οὖσα-

2198 1652 2282 1708 διὸ
2312 1654 2399 1707 καὶ
2433 1654 2505 1715 ὡς
2536 1650 2768 1715 ἀνείδεος
2816 1654 2903 1707 καὶ
2958 1653 3033 1715 ὡς
3083 1651 3294 1726 ἄποιος,
3339 1654 3430 1707 καὶ
3486 1654 3561 1725 μή
3609 1652 3707 1722 ὢν,
3760 1653 3852 1708 καὶ

2198 1744 2272 1806 ὡς
2301 1746 2511 1799 πάντων
2546 1742 2755 1816 ἐνδεὴς,
2790 1742 2996 1813 ἐκλήθη
3030 1744 3191 1797 κακὸν
3241 1744 3366 1817 παρ’
3418 1742 3617 1800 αὐτῶν.
3668 1746 3855 1800 Ταῦτα

2199 1835 2290 1888 οὗν
2344 1833 2489 1887 λύων
2541 1835 2568 1888 ὁ
2621 1838 2763 1896 θεῖος
2815 1832 3090 1894 Διονύσιός
3145 1854 3298 1910 φησι.
3333 1837 3454 1894 Πῶς
3483 1834 3702 1903 ποιήσει
3757 1853 3852 1887 κα-

2201 1924 2292 1977 κὸν
2325 1924 2359 1991 ἠ
2392 1921 2522 1992 ὕλη,
2554 1924 2587 1992 ἡ
2630 1922 2908 1983 παντελῶς
2959 1923 3033 1994 μὴ
3077 1923 3209 1976 οὖσα
3237 1924 3303 1995 τῇ
3350 1920 3608 1997 ἐνεργείᾳ,
3641 1922 3704 1976 τὸ
3750 1924 3855 1997 γὰρ

2202 2017 2377 2067 ποιεῖν
2426 2010 2689 2086 ἐνεργείας
2740 2010 2902 2066 ἐστίν·
2953 2009 3099 2065 ἀλλά
3151 2008 3290 2083 μηδέ
3338 2012 3569 2086 πάσχειν
3607 2032 3659 2065 τι
3694 2008 3859 2066 δυνα-

2209 2102 2367 2174 μένη,
2416 2102 2532 2155 καθ’
2582 2100 2775 2167 ἑαυτὴν
2832 2100 2994 2171 μόνον
3058 2100 3205 2153 οὗσα”
3260 2098 3310 2169 ἐξ
3352 2098 3532 2175 ἑτέρου
3579 2102 3682 2175 γὰρ
3739 2102 3861 2164 καθ’

2206 2193 2352 2263 ἡμᾶς
2393 2194 2675 2262 κοσμεῖται
2728 2188 2801 2250 είς
2858 2186 3000 2249 εἶδος
3048 2187 3137 2242 καὶ
3196 2187 3483 2258 ποιότητα’
3543 2189 3604 2242 οὐ
3652 2190 3861 2263 πάσχει

2204 2280 2293 2333 οὖν
2322 2280 2439 2341 καθ’
2474 2279 2665 2345 ἐαυτήν
2719 2277 2872 2332 οὖσα.
2907 2276 2975 2333 Ei’
3019 2274 3075 2330 δὲ
3122 2277 3198 2349 μὴ
3249 2274 3307 2330 ὃν
3338 2277 3508 2345 αὐτὴν
3544 2275 3755 2351 λέγετε,
3788 2278 3862 2340 ὡς

2202 2366 2480 2428 παντελῶς
2530 2364 2683 2421 οὐδὲν
2736 2366 2919 2435 οὖσαν,
2972 2362 3095 2419 οὔτε
3144 2366 3304 2420 κακὸν
3364 2364 3510 2420 ἔσται
3561 2364 3685 2421 οὔτε
3726 2366 3861 2441 ἀγα-

2202 2457 2318 2511 θόν’
2368 2457 2413 2510 εί
2454 2454 2509 2510 δέ
2552 2455 2662 2510 ἐστί
2709 2477 2763 2510 τι
2811 2454 2892 2523 ὃν,
2926 2456 2959 2525 ἢ
2997 2454 3055 2509 ἐκ
3108 2459 3242 2509 Θεοῦ
3289 2454 3427 2509 ἐστιν
3478 2454 3514 2523 ἢ
3552 2454 3603 2525 ἐξ
3637 2457 3859 2525 ἐαυτῆς,

2201 2548 2234 2615 ἢ
2266 2547 2314 2618 ἐξ
2347 2546 2529 2620 ἐτέρας
2579 2544 2782 2619 ἀρχῆς,
2823 2544 2913 2597 καὶ
2960 2544 3094 2612 αὑτὴ
3145 2544 3235 2598 καὶ
3268 2545 3294 2597 ὁ
3328 2543 3478 2606 Θεός’
3513 2544 3557 2599 εἷ
3608 2542 3666 2598 δέ
3694 2546 3860 2619 ἀναγ-

2201 2636 2420 2705 καῖον-ἠ
2474 2633 2603 2705 ὕλη,
2647 2634 2719 2695 ὠς
2767 2632 3232 2708 συμπληρωτικὸν
3262 2636 3283 2669 ⁹
3312 2633 3546 2706 κόσμου,
3596 2638 3719 2695 πῶς
3768 2655 3864 2688 κα-

2201 2724 2293 2778 κὸν
2328 2724 2361 2792 ἡ
2397 2721 2502 2790 ὕλη
2536 2743 2549 2791 ;
2583 2724 2751 2798 ’⁷ορος
2782 2722 2883 2798 γὰρ
2917 2721 3232 2798 ἀναγκαίου,
3277 2719 3475 2791 ἀίδιον,
3524 2721 3754 2793 ἀληθὲς,
3789 2723 3865 2784 ὠς

2204 2812 2510 2891 ὠφέλιμον,
2545 2812 2631 2868 θ’ία
2662 2814 2804 2868 ἐστὶν
2834 2816 2868 2882 ἡ
2898 2812 3060 2887 ἀρετὴ
3095 2812 3404 2891 ὠφελοῦσα.
3448 2812 3626 2870 ’Άλλο
3674 2817 3767 2870 οὖν
3804 2818 3867 2871 τὸ

2205 2904 2391 2975 κακὸν,
2424 2903 2514 2958 καὶ
2548 2902 2687 2959 ἄλλο
2717 2903 2779 2957 τὸ
2812 2904 3128 2977 ἀναγκαῖον.

454 3005 512 3054 et
537 2999 667 3070 ipsa
696 3003 752 3052 et
800 2999 1066 3061 Deusest
1098 3014 1116 3049 :
1147 2996 1194 3050 si
1224 3012 1355 3050 vero
1405 2995 1804 3049 necessarium
1849 2994 1926 3049 sit
1976 2995 2219 3051 materia
2269 3001 2335 3051 ut
2384 2994 2605 3067 aliquid
2656 2995 2810 3065 quod
2863 2996 3153 3050 mundum
3204 2994 3516 3067 compleat,
3569 2998 3871 3068 quomodo

453 3088 698 3142 materia
728 3090 817 3141 est
848 3085 1068 3139 malum
1093 3085 1121 3138 ‘I
1151 3083 1412 3139 definitio
1440 3083 1595 3139 enim
1622 3085 1956 3150 necessarii,
1991 3088 2296 3154 aeternum,
2328 3101 2555 3156 verum,
2588 3088 2872 3156 tanquam
2899 3082 3063 3155 utile,
3107 3084 3259 3139 sicut
3288 3084 3475 3141 virtus
3525 3090 3616 3141 est
3650 3085 3821 3142 utilis
3856 3102 3871 3141 :

452 3192 589 3249 ergo
622 3174 778 3230 aliud
821 3179 911 3231 est
942 3173 1165 3229 malum
1197 3179 1254 3229 et
1283 3172 1441 3228 aliud
1475 3174 1897 3229 necessarium.

524 3292 728 3346 Malum
764 3291 913 3345 enim
944 3306 1055 3361 qua
1094 3292 1251 3360 parte
1298 3289 1530 3343 malum.
1574 3292 1846 3344 Evertens
1895 3305 2093 3345 eorum

2283 3290 2361 3346 Τὸ
2415 3289 2517 3363 γὰρ
2575 3288 2737 3342 κακὸν
2797 3287 2834 3362 ᾖ
2888 3288 3075 3346 κακόν.
3137 3289 3478 3364 Ἀνατρέπων
3550 3290 3645 3352 τὰς
3710 3288 3872 3363 δόξας

455 3380 758 3451 opiniones
785 3380 883 3450 qui
916 3380 1140 3446 dicunt,
1194 3377 1495 3433 materiam
1529 3392 1658 3433 esse
1690 3379 1933 3445 malum,
1969 3378 2050 3432 ait
2082 3394 2095 3432 :

455 3468 2099 3539 Quomodoigiturexmateriageneraturetnutriturquod

455 3576 523 3614 ex
552 3565 706 3613 terra
728 3557 1239 3628 nascitur,plantaz
1270 3562 1326 3611 et
1353 3556 1631 3612 animalia
1663 3558 1685 3611 ?
1716 3561 1772 3612 et
1803 3556 1923 3610 haec
1946 3556 2099 3610 enim

456 3666 523 3703 ex
555 3649 740 3703 forma
774 3652 831 3702 et
883 3647 1125 3701 materia
1174 3651 1310 3701 sunt
1342 3665 1353 3701 :
1389 3647 1682 3717 quomodo
1732 3646 1915 3718 igitur
1946 3647 2099 3715 quod

458 3753 560 3806 per
590 3753 650 3791 se
682 3735 903 3793 malum
937 3739 1025 3789 est
1054 3739 1293 3806 generat
1323 3740 1379 3788 et
1432 3735 1616 3790 nutrit
1665 3751 1851 3805 neque
1901 3735 2100 3789 statim

459 3824 785 3895 corrumpit
808 3841 873 3879 ac
889 3823 1333 3895 corrumpitur?
1366 3823 1483 3878 haec
1514 3828 1601 3877 est
1631 3824 1785 3877 enim
1818 3822 2101 3878 habitudo

462 3913 602 3969 mali
637 3931 649 3967 :
681 3929 881 3969 verum
916 3929 1106 3985 neque
1136 3914 1225 3981 (ut
1255 3914 1545 3983 quosdam
1570 3913 1785 3968 sentire
1833 3912 2102 3981 superius

461 4002 739 4074 diximus)
766 4002 1012 4057 materia
1044 4001 1101 4055 in
1137 4000 1426 4056 malitiam
1478 4002 1702 4056 animas
1728 4001 1969 4055 attrahit
2004 4016 2105 4070 per

460 4092 799 4146 irrationem
835 4092 1046 4145 animae
1079 4094 1327 4161 partem,
1354 4091 1507 4161 quod
1556 4091 1731 4144 mista
1778 4090 1855 4143 sit
1886 4090 1943 4143 in
1978 4106 2103 4144 cor-

460 4197 597 4251 pore
629 4180 777 4251 parti
798 4178 1006 4235 animae
1032 4180 1253 4235 ratione
1275 4179 1493 4235 carenti
1521 4198 1532 4239 ;
1570 4178 1736 4233 multi
1768 4178 1924 4233 enim
1952 4179 2103 4235 hanc

457 4274 679 4340 partem
710 4270 1083 4335 domuerunt,
1118 4272 1181 4322 ut
1212 4269 1399 4323 sancti
1432 4268 1531 4324 Dei
1558 4286 1571 4335 ;
1605 4267 1884 4338 quoniam
1904 4273 2099 4323 autem

454 4358 694 4429 quidam
718 4357 1241 4430 gentiliumdicunt
1280 4362 1587 4427 propterea
1617 4356 1826 4411 cmlum
1858 4360 1913 4411 et
1943 4362 2103 4413 astra

454 4465 569 4502 non
602 4448 922 4516 corrumpi,
957 4446 1095 4515 quia
1145 4461 1212 4499 ex
1260 4445 1480 4515 puriori
1529 4445 1810 4515 producta
1867 4447 2103 4501 fuerunt

455 4537 721 4602 materia,
756 4551 823 4589 ea
866 4538 1062 4588 autem
1114 4550 1241 4604 quin
1286 4534 1768 4603 corruptibilibus
1814 4536 2103 4592 inhaerent

455 4624 819 4695 corporibus,
850 4640 918 4679 ex
948 4623 1214 4692 subjecta
1261 4633 1317 4676 et
1364 4622 1648 4678 crassiore
1690 4625 1933 4680 materia
1964 4642 2101 4695 pro-
2133 4664 2178 4727 D

457 4714 612 4779 duci,
646 4729 777 4766 cum
812 4712 1142 4767 necessario
1175 4711 1232 4765 in
1267 4712 1648 4766 fundamento
1679 4718 2004 4768 creatorum
2028 4715 2103 4769 sit

456 4808 734 4868 extrema,
784 4801 961 4856 talem
1026 4800 1297 4867 evadere;
1350 4801 1597 4871 ideoque
1658 4802 1931 4857 inferiora
1980 4820 2101 4857 cor-

458 4896 836 4964 rumpuntur,
875 4889 1234 4957 minimeque
1276 4894 1454 4955 stant,
1503 4891 1658 4960 quod
1709 4908 1823 4945 non
1871 4893 2102 4963 possint

459 4981 689 5035 fundari
754 4980 1117 5050 ﬁrmiterque
1183 4994 1316 5033 cum
1366 4979 1577 5049 seipsis
1642 4979 1876 5047 haerere,
1947 4982 2099 5035 sicut

456 5070 665 5125 ccelum
698 5074 753 5125 et
784 5074 960 5123 astra.
996 5068 1050 5123 Si
1086 5067 1267 5140 igitur
1302 5070 1629 5123 necessario
1674 5069 1756 5124 sic
1788 5071 1909 5138 ﬁat,
1944 5071 2091 5124 1‘81

456 5159 749 5227 quomodo
780 5157 1026 5213 materia
1060 5163 1151 5212 est
1182 5156 1427 5227 malum,
1460 5174 1591 5212 cum
1635 5161 1958 5215 secundum
1992 5176 2097 5215 nos

456 5248 515 5302 in
568 5263 630 5301 se
670 5246 1072 5303 necessarium
1139 5246 1393 5301 habeat?
1441 5250 1567 5301 Non
1622 5248 1804 5318 igitur
1851 5249 2099 5303 materia

458 5334 702 5392 malum.

2211 3382 2317 3432 τῶν
2357 3376 2625 3453 λεγόντων
2672 3378 2833 3432 κακὸν
2887 3378 3021 3433 εἶναι
3062 3379 3162 3447 τὴν
3204 3377 3366 3448 ὕλην,
3409 3380 3563 3456 φησί’
3600 3384 3728 3444 Πῶς
3779 3382 3870 3435 οὖν

2212 3467 2263 3536 ἐξ
2313 3465 2452 3536 ὕλης
2504 3472 2749 3542 γεννᾶται
2801 3468 2890 3521 καὶ
2937 3468 3186 3545 τρέφεται
3228 3468 3260 3536 ἠ
3318 3462 3536 3544 ἔκφυσις
3598 3472 3707 3522 τῶν
3762 3468 3873 3523 ἀπὸ

2211 3562 2335 3629 γῆς,
2390 3555 2527 3631 φυτά
2579 3558 2667 3610 καὶ
2730 3561 2841 3625 ζῶα
2875 3586 2888 3626 ;
2919 3556 3009 3611 καὶ
3057 3561 3223 3612 ταῦτα
3267 3559 3368 3633 γὰρ
3424 3558 3474 3627 ἐξ
3532 3555 3715 3620 εἶ’δους
3775 3561 3869 3613 καὶ

2212 3644 2351 3715 ὕλης
2397 3644 2518 3702 εἰσί.
2551 3646 2621 3699 Τὸ
2674 3646 2763 3700 οὗν
2816 3646 3112 3701 αὑτόκακον
3145 3651 3259 3708 πῶς
3306 3651 3463 3720 γεννᾷ
3510 3647 3602 3700 καὶ
3653 3649 3870 3723 τρέφει,

2210 3735 2299 3789 καὶ
2331 3735 2429 3789 οὑκ
2478 3734 2633 3798 εὐθὺς
2675 3735 2881 3813 φθείρει
2928 3736 3018 3791 καὶ
3067 3736 3336 3814 φθείρεται
3373 3754 3385 3805 ;
3420 3736 3555 3806 αὕτη
3601 3736 3706 3811 γὰρ
3758 3734 3873 3807 ἕξις

2209 3829 2306 3878 τοῦ
2332 3828 2518 3878 κακοῦ·
2562 3822 2689 3879 ἀλλ’
2736 3822 2878 3896 οὕτε,
2930 3826 3002 3887 ὠς
3051 3821 3256 3903 ἔφημεν
3304 3826 3415 3881 ἄνω
3460 3824 3639 3899 λέγειν
3689 3828 3871 3897 τινὰς,

2213 3913 2496 3987 ἐφέλκεται
2530 3914 2607 3976 είς
2638 3914 2825 3969 κακίαν
2858 3915 2952 3978 τὰς
2981 3917 3151 3989 ψυκάς
3186 3918 3219 3985 ἠ
3253 3914 3359 3986 ὕλη
3397 3914 3485 3971 διὰ
3528 3921 3624 3970 τοῦ
3660 3915 3873 3992 ἀλόγου

2218 4001 2415 4075 μέρους
2454 4008 2555 4070 τῆς
2600 4006 2804 4077 ψυχῆς,
2851 4000 2936 4057 διὰ
2982 4008 3077 4057 τοῦ
3132 4004 3388 4075 σώματος
3442 4005 3755 4079 μεμιγμένη
3794 4009 3875 4075 τῷ

2212 4089 2398 4165 ἀλόγῳ
2427 4097 2525 4160 τῆς
2577 4094 2782 4165 ψυχῆς
2828 4090 3034 4147 πολλοὶ
3073 4092 3175 4167 γὰρ
3208 4092 3507 4165 ἐκράτησαν
3552 4090 3649 4146 τοῦ
3681 4095 3875 4147 τοιοῦ-

2210 4200 2307 4233 του
2360 4180 2574 4255 μέρους,
2617 4179 2690 4241 ὡς
2739 4181 2790 4233 οἱ
2840 4180 2982 4255 ἅγιοι
3030 4184 3125 4234 τοῦ
3163 4184 3319 4236 Θεοῦ.
3352 4178 3572 4249 Ἐπειδὴ
3626 4178 3685 4235 δὶ
3726 4176 3872 4237 ἕτιοι

2210 4274 2316 4323 τῶν
2365 4267 2641 4339 Ἑλλήνων
2694 4270 2843 4345 φασὶ,
2897 4267 2987 4324 διὰ
3036 4274 3198 4325 τοῦτο
3254 4270 3344 4323 τὸν
3396 4270 3626 4343 οὐρανὸν
3665 4269 3760 4324 καί
3809 4273 3876 4325 τὰ

2210 4360 2376 4432 ἄστρα
2424 4360 2498 4431 μὴ
2565 4359 2893 4436 φθείρεσθαι,
2945 4356 3035 4413 διά
3096 4360 3158 4413 τὸ
3219 4357 3279 4413 ἐκ
3322 4363 3420 4413 τοῦ
3478 4358 3875 4433 καθαρωτέρου

2208 4455 2308 4517 τῆς
2364 4447 2500 4519 ὕλης
2544 4449 2791 4524 γενέσθαι
2864 4448 2930 4503 τὰ
2985 4446 3042 4503 δέ
3098 4455 3349 4523 προσεχῆ
3408 4453 3525 4510 τοῖς
3600 4450 3874 4525 φθαρτοῖς

2211 4537 2456 4609 σώμασιν
2513 4536 2573 4591 ἐκ
2618 4544 2717 4606 τῆς
2789 4537 3144 4609 ὑποστάθμης
3208 4536 3296 4591 καὶ
3352 4535 3665 4611 παχυτέρας
3726 4536 3876 4607 ὕλης

2212 4625 2428 4701 λέγουσι
2498 4628 2761 4702 γενέσθαι’
2843 4629 3147 4701 ἀναγκαίως
3221 4628 3340 4681 καθ’
3419 4621 3682 4681 ὑπόϐασιν
3762 4633 3879 4682 τῶν

2210 4718 2531 4770 κτισθέντων
2579 4717 2813 4791 ἐσχάτην
2870 4718 3052 4787 οὖσαν,
3113 4712 3387 4785 ἀποϐῆναι
3439 4716 3719 4787 τοιαύτην·
3787 4716 3876 4773 διὸ

2210 4806 2297 4859 καὶ
2357 4806 2659 4882 φθείρονται
2737 4808 2798 4861 τὰ
2869 4808 3171 4881 κατώτερα,
3230 4806 3319 4860 καὶ
3400 4804 3709 4871 ἀπατοῦσι,
3795 4811 3873 4881 μή

2212 4891 2476 4965 δυνάμενα
2524 4893 2773 4968 ἱδρῦσθαι
2827 4894 2915 4949 καὶ
2980 4890 3213 4970 βεϐαίως
3276 4892 3422 4969 ἔχειν
3490 4894 3573 4963 ἐφ’
3628 4897 3875 4973 ἐαυτοῖς,

2210 4982 2283 5042 ὠς
2335 4984 2361 5036 ὁ
2422 4983 2649 5057 οὐρανὸς
2706 4984 2795 5038 καὶ
2870 4985 2938 5037 τά
3004 4984 3219 5058 ἄστρα.
3275 4983 3340 5036 Εἴ
3399 4983 3489 5037 οὖν
3555 4984 3875 5059 ἀναγκαίως

2209 5071 2350 5125 οὕτω
2410 5074 2620 5146 γέγονε,
2679 5076 2797 5135 πῶς
2844 5073 2877 5141 ἡ
2912 5071 3017 5142 ὕλη
3068 5072 3253 5139 κακὸν,
3313 5068 3518 5147 ἔχουσα
3548 5074 3668 5126 καθ’
3719 5076 3878 5147 ἡμᾶς

2209 5160 2259 5213 ἐν
2312 5161 2472 5234 ἐαυτῇ
2513 5162 2573 5215 τὸ
2624 5163 2909 5235 ἀναγκαῖον
2948 5180 2960 5229 ;
2995 5162 3112 5218 Οὐκ
3161 5161 3249 5215 οὖν
3302 5159 3602 5234 [οὐδαμῶς]
3666 5164 3702 5232 ἠ
3757 5162 3873 5235 ὕλη

2205 5250 2391 5305 κακόν.

1447 5518 1687 5575 VARI/E
1726 5516 2126 5577 LECTIONES
2167 5520 2257 5577 ET
2298 5520 2857 5579 CORRECTIONES.

526 5698 547 5733 9
578 5690 1041 5767 συμπληρωτική.
