4080 6366
265 385 364 440 301

331 509 590 578 ἓΧΧΙΧ.
652 510 716 565 Ἡ
768 509 1017 582 στέρησις
1075 509 1212 562 κατὰ
1269 507 1492 582 δύναμιν
1530 550 1543 564 .

267 618 346 660 σις
375 598 479 653 οὐκ
508 594 652 653 ἐστιν
689 598 982 662 ὑπόστασίς
1029 619 1136 666 τις,
1168 597 1314 654 ἀλλά
1361 598 1485 668 περὶ
1515 598 1574 652 τὸ
1621 595 1919 671 ἰστερημό-

265 707 349 741 νον
381 690 480 740 τοῦ
512 693 768 762 παρεῖναι
809 686 1112 765 πεφυκότος
1160 687 1250 741 καὶ
1299 682 1694 750 ἐπιϐάλλοντος
1742 683 1919 746 εἷ’δους

267 776 492 850 γίνεται,
557 776 632 838 ὡς
687 775 776 830 καὶ
827 775 1067 840 ἐνταῦθα·
1131 781 1370 852 μερικῶς
1425 778 1528 852 γὰρ
1583 783 1683 845 τῆς
1734 777 1921 849 στερή-

270 885 402 927 σεως
437 863 606 935 οῦσης
638 864 688 920 ἐν
721 870 788 940 τῇ
840 864 947 940 ὕλῃ
998 869 1096 920 τοῦ
1147 863 1345 932 εἴδους,
1393 861 1544 921 ἔσται
1593 871 1689 920 τοῦ
1719 866 1920 941 ἀγαθοῦ

268 975 316 1008 τι
349 953 399 1008 ἐν
434 954 596 1028 αὐτῇ,
629 955 763 1019 καθὸ
812 955 901 1009 καὶ
957 952 1134 1016 εἶ’δους
1182 955 1272 1010 καὶ
1302 956 1510 1028 κόσμου
1554 953 1668 1026 ἐρᾷ,
1712 955 1801 1009 καὶ
1836 952 1920 1008 δὲ-

268 1064 421 1119 χεται
456 1049 627 1100 ταῦτα
675 1046 748 1107 ὡς
803 1045 995 1120 ἀγαθά.
1028 1045 1097 1099 Τὸ
1131 1041 1189 1100 δὲ
1221 1043 1522 1100 αὐτόκακον
1569 1044 1690 1098 οὔτε
1721 1043 1920 1120 ἀγαθοῦ

274 1133 561 1206 μετουσίαν
616 1131 853 1210 δέχεται,
906 1133 990 1188 διὸ
1039 1130 1164 1188 οὔτε
1219 1133 1375 1188 ἐστίν’
1428 1135 1598 1210 ἡγὰρ
1648 1132 1922 1202 παντελὴς

273 1224 522 1296 στέρησις
578 1224 668 1278 καὶ
719 1223 849 1279 αὐτὸ
888 1225 950 1278 τὸ
998 1222 1353 1296 ὑποκείμενον
1388 1228 1547 1297 σῶμα
1590 1223 1813 1300 φθείρει,
1849 1223 1924 1285 ὡς

275 1311 414 1387 μηδὲ
443 1314 602 1369 νόσον
647 1316 692 1352 ¹⁰
720 1309 797 1368 ἔτι
845 1314 1151 1386 ὑπομεῖναι·
1205 1312 1324 1377 ὅθεν
1373 1313 1463 1368 καὶ
1511 1310 1780 1386 ἀδύναμον
1827 1311 1921 1366 αὐ-

269 1403 365 1471 τὴν
417 1403 587 1458 εἶπενο
636 1405 670 1472 ἡ
725 1399 783 1458 δὲ
836 1404 1056 1479 μερική,
1088 1403 1161 1465 ὡς
1205 1401 1409 1477 ἔχουσά
1452 1424 1504 1457 τι
1551 1406 1649 1457 τοῦ
1695 1402 1920 1476 ἀγαθοῦ,

273 1489 499 1566 δύναμιν
530 1490 746 1568 λέγεται
778 1489 948 1568 ἔχειν.

337 1583 566 1652 ςΧΧΧ.
625 1581 801 1638 Ἀλλὰ
848 1582 981 1646 καθὸ
1044 1580 1104 1636 οὗ
1159 1578 1454 1651 παντελής.
1507 1581 1674 1654 ’Ὁρος
1735 1579 1921 1634 σύντο-

275 1693 372 1744 μος
404 1676 508 1726 τοῦ
536 1675 728 1742 κακοῦ,
763 1669 846 1725 ὅτι
895 1671 957 1726 οὐ
1008 1672 1146 1726 κατὰ
1197 1670 1376 1748 φύσιν,
1410 1668 1556 1725 ἀλλὰ
1600 1670 1736 1724 κατά
1769 1689 1919 1745 μερι-

271 1763 366 1829 κὴν
397 1758 646 1834 ἔλλειψιν
679 1765 775 1815 τοῦ
805 1761 1007 1836 ἀγαθοῦ
1030 1761 1163 1818 ἐστι.

1018 387 1076 438 S.
1118 386 1392 441 MAXIM!
1429 387 1736 442 SCHOLIA
1775 387 1848 439 IN
1887 385 2020 438 LIB.
2062 387 2159 438 DE
2197 385 2470 439 DlVINIS
2509 383 2920 442 NOMINIBUS.

3575 392 3684 447 302

1603 510 1664 566 Ἡ
1732 509 1922 580 στὲρη-
1953 506 2008 574 Α
2107 509 2135 575 §
2165 507 2362 565 XXIV.
2396 510 2644 566 Privatio
2675 511 2735 565 vi
2760 527 2882 566 sua.
2918 512 3170 570 Privatio
3201 530 3316 570 non
3362 519 3452 570 est
3480 515 3681 589 aliqua

2029 598 2436 669 subsistentia,
2489 601 2590 655 sed
2634 604 2726 655 est
2753 599 2810 654 in
2845 618 2910 656 eo
2954 603 3107 674 quod
3160 603 3425 674 privatur
3472 605 3675 677 forma,

2030 704 2156 758 quae
2193 705 2448 760 praesens
2481 705 2608 745 esse
2645 695 2834 760 potest
2875 697 2931 746 et
2963 691 3188 761 nititur,
3242 697 3306 748 ut
3335 694 3510 750 etiam
3545 696 3671 764 hic;

2031 778 2078 831 si
2113 777 2268 832 enim
2301 777 2544 848 privatio
2577 779 2773 833 formae
2807 780 2864 834 in
2898 781 3142 836 materia
3169 783 3245 838 sit
3275 785 3672 855 particularis,

2031 866 2248 936 aliquid
2281 866 2339 921 in
2376 883 2443 922 ea
2474 868 2609 922 boni
2643 869 2776 934 erit,
2810 874 3103 940 quatenus
3133 877 3190 925 et
3222 872 3467 928 formam
3494 879 3549 929 et
3571 891 3668 930 or-

2031 961 2235 1010 natum
2263 955 2451 1027 capit;
2486 963 2660 1028 atque
2686 958 2805 1012 haec
2824 963 2890 1012 ut
2924 960 3074 1014 bona
3099 960 3540 1032 suscipit.Quod
3563 981 3670 1019 au-

2029 1049 2146 1099 tem
2173 1062 2273 1116 per
2301 1063 2360 1100 se
2392 1046 2876 1111 malum,nullam
2913 1047 3044 1102 boni
3064 1051 3540 1106 communionem
3569 1055 3670 1108 ad-

2033 1135 2418 1206 mittit,quare
2448 1151 2637 1206 neque
2669 1140 2759 1191 est
2787 1153 2798 1199 ;
2832 1136 3104 1192 absoluta
3135 1139 3293 1192 enim
3327 1140 3572 1210 privatio
3597 1141 3678 1196 ita

2032 1225 2207 1280 etiam
2241 1241 2412 1279 suum
2447 1226 2776 1295 subjectum
2809 1241 3024 1297 corpus
3069 1229 3416 1299 corrumpit,
3468 1233 3531 1283 ut
3579 1247 3678 1286 ne-

2033 1319 2205 1383 queat
2222 1313 2475 1384 amplius
2495 1315 2765 1369 morbum
2789 1315 3080 1370 sustinere
3111 1333 3124 1372 :
3149 1318 3302 1371 unde
3326 1318 3513 1387 ipsam
3537 1335 3677 1390 quov

2033 1421 2146 1474 que
2177 1403 2397 1458 viribus
2427 1420 2622 1458 carere
2653 1404 2961 1472 dixerunt;
3009 1406 3381 1475 particularis
3434 1424 3567 1463 vero
3616 1413 3681 1464 ut

2033 1493 2254 1564 aliquid
2285 1493 2422 1548 boni
2457 1493 2786 1564 possidens,
2819 1493 2938 1548 vim
2971 1494 3185 1550 habere
3216 1495 3450 1550 dicitur.

2102 1583 2333 1651 §XXX.
2367 1583 2471 1638 Sed
2507 1584 2811 1638 secundum
2858 1583 2996 1653 quod
3055 1599 3166 1638 non
3209 1588 3285 1639 est
3334 1586 3674 1642 omni-macta.

2029 1672 2227 1727 Brevis
2259 1673 2520 1727 deﬁnitio
2554 1671 2877 1744 mali,quod
2911 1689 3024 1728 non
3059 1673 3138 1729 sit
3167 1673 3224 1727 in
3259 1676 3673 1740 natura,sedin

2031 1761 2372 1832 particulari
2406 1760 2542 1817 boni
2575 1761 2827 1817 defectu.

342 1852 417 1921 [α]
464 1851 560 1904 Καὶ
623 1852 722 1918 τῆς
777 1849 915 1920 ὅλης
954 1848 1150 1912 αἷτίας.
1199 1851 1373 1919 ’Όλην
1423 1848 1594 1903 αἰτίαν
1653 1849 1751 1917 τήν
1809 1852 1916 1902 τῶν

2103 1853 2165 1906 Ει
2195 1867 2264 1906 ex
2294 1852 2506 1918 integra
2526 1851 2964 1907 causa.Causam
2997 1854 3176 1907 totam
3205 1857 3372 1908 vocat
3396 1870 3524 1924 quas
3543 1854 3672 1908 uni-

273 1935 414 1991 ὅλων
466 1938 621 2015 φησί.
673 1939 750 1994 Τὸ
803 1937 860 1993 δὲ
911 1940 1131 2010 μερικὸν
1185 1937 1415 2014 ε’ίρηκεν,
1461 1936 1554 1992 *ίνα
1581 1939 1642 1992 τὸ
1682 1937 1921 2000 καθόλου

274 2027 454 2101 ἀνέλῃ’
487 2029 768 2097 παντελὴς
827 2028 931 2104 γὰρ
987 2025 1236 2102 ἔλλειψις
1264 2029 1327 2083 τὸ
1382 2029 1456 2102 μή
1505 2028 1636 2082 εἶναι
1670 2027 1922 2096 συνίστη-

275 2137 374 2173 σιν,

340 2202 496 2260 Οἶδεν
549 2207 577 2260 ὁ
627 2206 755 2266 Θεὸς
810 2227 872 2260 το
931 2206 1117 2262 κακόν.
1175 2205 1272 2260 Καὶ
1328 2207 1392 2260 τὰ
1452 2204 1727 2280 λεγόμενα
1782 2206 1921 2260 κακὰ

270 2291 402 2349 οἶδεν
459 2295 486 2349 ὁ
543 2296 672 2357 Θεὸς
706 2289 812 2350 ἔσθ’
847 2297 934 2350 ὅτε
966 2295 1038 2356 ὠς
1090 2294 1279 2370 ἀγαθά.
1315 2297 1460 2350 Κατὰ
1509 2293 1567 2350 δὲ
1609 2300 1697 2349 νῦν
1731 2317 1915 2372 φησιν,

270 2385 380 2438 οἷον
413 2381 722 2458 πολέμους,
772 2385 968 2447 νόσους
1011 2383 1379 2452 παιδευτικᾶς,
1425 2385 1680 2447 θανάτους
1731 2387 1821 2439 καὶ
1853 2385 1918 2439 τὰ

265 2477 501 2528 τοιαῦτα·
537 2475 854 2546 νομίζονται
885 2475 985 2548 γὰρ
1037 2476 1172 2547 ἡμῖν
1214 2476 1373 2529 κακά’
1406 2473 1507 2528 εἰσί
1558 2471 1614 2528 δὲ
1661 2471 1916 2546 δυνάμεις

270 2564 594 2636 ἁγαθοποιοῦ
625 2563 825 2626 αἰτίας·
859 2564 948 2618 καὶ
979 2565 1080 2639 γὰρ
1114 2562 1202 2618 διὰ
1252 2569 1359 2618 τῶν
1407 2562 1709 2636 εἰρημένων
1747 2565 1914 2634 μετάο

266 2672 379 2706 νοια
407 2652 498 2707 καὶ
533 2651 819 2727 ἐπίγνωσις
855 2657 1014 2722 Θεοῦ,
1044 2653 1132 2708 καὶ
1183 2649 1450 2715 εὐσεϐείας
1498 2659 1617 2714 τοῖς
1659 2651 1909 2707 πλείοσιν

266 2739 466 2816 ἐγένετο
526 2742 820 2820 πρόφασις,
869 2742 958 2797 καὶ
1018 2742 1068 2797 ἐν
1127 2748 1244 2804 τοῖς
1305 2745 1611 2819 προφήταις
1659 2745 1694 2813 ἡ
1752 2742 1911 2797 κακία

264 2829 476 2885 παιδεία
507 2831 742 2906 Λέγεται.
776 2833 1077 2907 Ἀνάγνωθι
1107 2832 1170 2887 τὸ
1199 2827 1282 2886 κδ’
1308 2830 1622 2906 κεφάλαιον.

444 3010 578 3081 Παρ’
631 3009 778 3081 αὐτῷ
823 3011 879 3064 αἱ
933 3009 1119 3065 αἴτίαι.
1171 3009 1332 3068 Αἷτία
1375 3015 1470 3064 τοῦ
1520 3010 1571 3066 ἐν
1619 3015 1698 3082 τῷ
1749 3009 1908 3066 ἀσελ-

266 3096 458 3172 γαίνειν
487 3103 663 3153 κακοῦ
689 3101 724 3167 ἡ
759 3099 1018 3172 ἐπιθυμία
1047 3100 1193 3175 παρά
1229 3099 1390 3174 λόγον
1422 3102 1722 3169 κινηθεῖσα.
1758 3098 1909 3155 Ἀλλ’

268 3185 393 3254 αὐτὴ
441 3189 477 3254 ἡ
539 3185 800 3258 ἐπιθυμία
849 3184 1078 3260 δύναμις
1130 3187 1455 3261 ἀγαθοποιὸς
1507 3186 1753 3261 λογικοῖς
1813 3189 1907 3259 μὲν

269 3275 394 3348 πρὸς
427 3275 490 3329 τὸ
525 3273 595 3329 δι’
644 3276 814 3345 αὐτῆς
872 3276 1008 3351 πρὸς
1054 3277 1116 3331 τὸ
1166 3273 1334 3338 ὅντως
1381 3277 1739 3331 ἀνατείνεσθαι
1773 3277 1909 3350 ἁγα-
1941 3256 1984 3323 C

271 3363 372 3426 θόν·
406 3363 631 3440 ἀλόγοις
671 3362 727 3419 δὲ
773 3367 908 3439 πρὸς
958 3361 1128 3441 ὄρεξιν
1169 3363 1278 3420 τῶν
1327 3363 1645 3436 ἂπιτηδείων
1695 3371 1794 3433 τῆς
1824 3367 1907 3418 oi-

269 3452 404 3515 κείας
439 3451 728 3525 διαμονῆς.

333 3634 402 3706 [γ]
466 3632 528 3688 Εἰ
588 3630 646 3688 δὲ
702 3634 763 3688 τὸ
818 3635 979 3689 κακὸν
1038 3631 1248 3690 ἀίδιον.
1308 3638 1485 3689 Ταῦτα
1541 3637 1677 3689 κατὰ
1734 3637 1907 3691 Μανι-

268 3722 430 3794 χαίων
459 3717 716 3798 ἔλεγχος,
748 3723 836 3778 καὶ
866 3731 965 3792 τῆς
996 3721 1157 3794 δόξης
1188 3725 1365 3778 αὐτῶν
1399 3724 1778 3799 ἀνατροπεΈῖ
1807 3725 1906 3798 γὰρ

267 3811 348 3864 καὶ
383 3812 554 3884 μήπω
587 3815 621 3879 ὴ
655 3809 879 3887 αἵρεσις,
906 3811 1054 3868 ἀλλὰ
1099 3810 1556 3890 προφυλακτικῶς
1588 3813 1904 3884 ἐνεπνεόσθη

267 3901 327 3952 τὰ
353 3901 452 3968 τήν
486 3898 704 3970 πλάνην
738 3902 918 3956 αὐτῶν
950 3901 1334 3974 ἀνατρέποντα.
1369 3903 1526 3966 Ἴσως
1553 3899 1609 3956 δὲ
1639 3904 1726 3958 καὶ
1771 3903 1908 3980 πρός

267 4011 407 4051 τινας
436 3995 548 4044 τῶν
575 3987 769 4062 ἔξωθεν
804 3987 958 4061 δόξας
988 3990 1053 4045 τὰ
1080 3995 1322 4046 τοιαῦτα.

333 4165 412 4240 [ὃ]
461 4171 570 4220 [Ιᾶν
630 4167 692 4220 τὸ
750 4169 887 4221 κατά
944 4168 1122 4244 φύσιν.
1181 4169 1472 4224 Τουτέστιν
1536 4171 1638 4224 οὐκ
1695 4167 1915 4224 ἄτακτοι

268 4262 368 4311 τῶν
404 4257 617 4332 φύσεων
672 4257 723 4309 οἱ
781 4256 958 4330 λόγοι·
1009 4253 1192 4311 ἕπεται
1241 4257 1296 4312 δὲ
1344 4257 1423 4331 τῷ
1469 4280 1603 4314 κατα
1647 4261 1801 4337 φύσιν
1856 4261 1917 4313 τὸ

266 4346 594 4419 ὡρισμένον
648 4346 774 4420 ὅρος
826 4345 927 4420 γάρ
981 4345 1088 4400 ἐστι
1140 4347 1227 4400 καὶ
1263 4349 1290 4402 ὁ
1323 4346 1708 4420 ἑρμηνευτικὸς
1755 4348 1917 4424 λόγος

266 4442 359 4504 τῆς
392 4435 581 4496 οὐσίας
611 4439 720 4488 τῶν
752 4437 1109 4510 πραγμάτιον,
1143 4437 1231 4491 καὶ
1272 4437 1334 4490 τὸ
1363 4438 1414 4491 τί
1447 4437 1510 4504 ἦν
1542 4437 1676 4492 εἶναι
1710 4435 1916 4510 δηλῶν,

267 4528 356 4577 τοῦ
379 4525 431 4578 τί
462 4525 531 4593 ἦν
579 4523 712 4578 εἶναι
763 4529 842 4596 τῷ
891 4525 942 4577 τί
976 4525 1114 4580 ἐστιν
1169 4525 1256 4579 ἰσα
1307 4523 1620 4598 δυναμένου.
1669 4532 1778 4580 Πᾶν
1828 4525 1918 4580 οὖν

2032 1957 2328 1997 versorum
2373 1945 2483 1995 est.
2532 1941 2687 1996 Dixit
2752 1945 2947 1996 autem
2998 1941 3370 2011 particulare,
3427 1949 3493 1997 ut
3542 1943 3675 1997 uni-

2030 2029 2252 2086 versale
2279 2031 2537 2086 auferret
2569 2047 2581 2084 :
2619 2030 2888 2086 absoluta
2906 2030 3062 2086 enim
3087 2031 3334 2086 defectio
3357 2032 3675 2088 exsistendi

2031 2120 2417 2192 privationem
2449 2119 2776 2175 constituit.

2101 2210 2362 2278 Cognovit
2393 2210 2534 2263 Deus
2565 2209 2796 2263 malum.
2831 2209 2986 2264 Deus
3035 2209 3211 2264 etiam
3259 2225 3327 2264 ea
3359 2227 3485 2281 qua:
3523 2211 3677 2266 mala

2028 2299 2306 2354 dicuntur
2325 2299 2484 2353 novit
2512 2299 2897 2369 ;quandoque
2922 2297 3074 2353 mala
3096 2304 3377 2369 tanquam
3403 2300 3555 2355 bona
3575 2318 3674 2371 ap-

2025 2389 2223 2461 pellat,
2258 2392 2320 2442 ut
2349 2386 2527 2452 bella,
2559 2387 2925 2458 morbos,qui
2958 2404 3150 2442 mores
3181 2387 3670 2459 corrigant,mor-

2023 2483 2110 2532 tes
2142 2484 2197 2534 et
2227 2476 2847 2547 similia.Ruputantur
2877 2475 3083 2531 enima
3109 2477 3280 2532 nobis
3314 2477 3468 2533 mala
3497 2495 3510 2545 ;
3535 2483 3675 2534 sunt

2025 2572 2222 2624 autem
2243 2567 2396 2620 vires
2419 2582 2608 2621 causae
2629 2567 2847 2621 bonum
2868 2568 3197 2637 praestantis
3223 2584 3235 2634 ;
3259 2584 3390 2621 nam
3409 2585 3510 2638 per
3533 2585 3674 2638 prse-

2021 2659 2177 2712 dicta
2207 2656 2552 2728 pcenitentia
2583 2659 2640 2709 et
2673 2654 2767 2709 Dei
2800 2654 3054 2725 cognitio
3104 2655 3448 2726 acquiritur,
3483 2655 3670 2728 pluri-

2021 2747 2247 2817 busque
2291 2744 2524 2816 pietatis
2568 2744 2796 2798 occasio
2846 2744 2976 2808 fuit,
3029 2750 3205 2816 atque
3252 2745 3312 2799 in
3364 2745 3666 2817 prophetis

2018 2835 2266 2901 malitia,
2301 2833 2613 2904 disciplina
2643 2850 2746 2888 seu
2774 2831 3074 2904 castigatio
3107 2834 3342 2888 dicitur.
3387 2834 3534 2906 Lege
3567 2850 3666 2890 ca-

2019 2928 2126 2997 put
2153 2926 2243 2978 22.

2089 3020 2264 3070 Penes
2295 3015 2470 3083 ipsum
2505 3028 2701 3068 causae.
2736 3011 2926 3070 Causa
2948 3011 3086 3066 mali
3118 3011 3177 3065 in
3210 3011 3564 3067 lasciviendo
3583 3015 3672 3067 est

2019 3101 2497 3174 concupiscentia
2529 3106 2739 3172 prsetcr
2768 3101 3056 3156 rationem
3093 3106 3270 3155 mota.
3306 3104 3438 3171 Ipsa
3469 3104 3665 3156 tamen

2019 3191 2496 3263 concupiscentia
2525 3195 2615 3244 est
2656 3189 2904 3244 facultas
2954 3189 3091 3244 boni
3135 3190 3396 3245 effectrix
3439 3190 3667 3245 ratione

2018 3282 2255 3353 quidem
2290 3279 2609 3348 utentibus,
2647 3282 2709 3332 ut
2737 3294 2838 3350 per
2869 3280 3056 3348 ipsam
3090 3295 3328 3333 sursum
3363 3279 3434 3334 ad
3466 3295 3663 3334 verum

2019 3373 2238 3426 bonum
2271 3369 2552 3437 tendant;
2586 3365 2810 3421 ratione
2839 3382 2972 3420 vero
3023 3366 3280 3437 privaiis,
3315 3370 3380 3422 ut
3423 3384 3488 3423 ea
3535 3385 3663 3439 quae

2019 3462 2089 3515 ad
2125 3459 2420 3532 propriam
2451 3473 2621 3512 suam
2667 3455 3165 3510 conservationem
3207 3455 3450 3525 faciunt,
3481 3474 3660 3528 appe-

2017 3554 2163 3605 tant.

2092 3637 2240 3706 Quod
2268 3638 2322 3690 ,ςί
2350 3636 2558 3690 malum
2585 3639 2854 3689 aeternum
2882 3633 3103 3689 est.Hoc
3134 3638 3548 3705 argumentum
3572 3636 3662 3690 est

2019 3732 2222 3783 contra
2254 3723 2625 3789 Manichaeos,
2661 3721 3120 3794 opinionemque
3161 3739 3364 3778 eorum
3415 3724 3621 3780 evertit
3654 3740 3668 3778 :

2020 3815 2127 3870 etsi
2161 3815 2317 3870 enim
2342 3830 2446 3868 nec
2471 3813 2612 3867 dum
2646 3811 2889 3867 haeresis
2921 3817 3271 3877 orta,tamen
3308 3814 3378 3868 ad
3413 3830 3669 3884 praecau-

2019 3906 2238 3960 tionem
2274 3902 2660 3972 inspiratione
2687 3901 2912 3972 accepit
2942 3918 3069 3971 quas
3120 3903 3383 3972 ipsorum
3415 3919 3672 3958 errorem

2023 3997 2368 4050 everterent.
2403 3992 2691 4046 Fortassis
2722 3990 2902 4045 etiam
2933 3990 3054 4045 haec
3099 3995 3236 4046 sunt
3267 3996 3468 4046 contra
3499 4008 3676 4062 quas-

2028 4087 2164 4140 dam
2199 4081 2569 4137 etbnicorum
2602 4078 2932 4149 opiniones.

2100 4172 2269 4227 Omne
2301 4169 2442 4240 quod
2473 4170 2550 4222 est
2573 4167 2869 4222 secundum
2897 4176 3184 4222 naturam.
3210 4169 3271 4222 Id
3305 4171 3394 4222 est
3425 4168 3679 4222 rationes

2029 4265 2374 4317 naturarum
2405 4275 2520 4311 non
2545 4255 2892 4310 inordinata:
2919 4274 2932 4324 ;
2966 4257 3119 4328 quod
3141 4262 3336 4312 autem
3371 4257 3678 4311 definitum

2029 4356 2139 4420 est,
2168 4347 2435 4418 sequitur
2463 4346 2519 4400 id
2557 4344 2707 4416 quod
2749 4344 3017 4400 naturale
3067 4349 3191 4411 est,
3226 4344 3489 4398 definitio
3522 4344 3680 4398 enim

2029 4444 2118 4494 est
2150 4438 2298 4492 ratio
2330 4433 2647 4490 essentiam
2683 4449 2877 4487 rerum
2910 4432 3230 4504 explicans,
3265 4439 3322 4487 et
3353 4434 3506 4503 quod
3540 4432 3680 4504 quid

2032 4532 2121 4582 est
2170 4525 2502 4584 declarans,
2553 4523 2706 4578 162
2756 4521 2857 4578 illo
2907 4523 2959 4576 τί
3010 4523 3076 4590 ἧν
3111 4520 3246 4575 είναι
3298 4522 3452 4577 idem
3501 4521 3683 4594 signi-

267 4614 325 4666 τὸ
355 4613 492 4668 κατὰ
523 4612 682 4690 φύσιν
716 4612 767 4682 ἐξ
799 4612 972 4675 αἰτίας
1021 4613 1332 4687 ὡρισμένης
1363 4613 1496 4687 ἐστὶ,
1531 4613 1600 4669 δι’
1651 4617 1711 4684 ἣν
1745 4615 1916 4670 αἰτίαν

2036 4617 2241 4672 ficante
2274 4614 2427 4686 quod
2460 4610 2512 4665 τί
2545 4611 2708 4666 ἐστιν.
2743 4614 2924 4666 Omne
2957 4611 3138 4683 igitur
3169 4612 3320 4682 quod
3357 4617 3444 4665 est
3475 4628 3683 4666 secun-

271 4703 469 4774 γίνεται
501 4703 563 4756 τὸ
591 4701 896 4778 γενόμενον.
926 4701 990 4759 Εἰ
1025 4703 1116 4756 οὗν
1147 4705 1208 4757 τὸ
1247 4705 1434 4775 κακὸν,
1484 4704 1715 4759 ἀναίτιόν
1758 4704 1919 4774 ἐστιν,

276 4793 338 4844 οὐ
367 4791 472 4865 γὰρ
506 4788 595 4845 διά
641 4813 694 4845 τι
738 4795 984 4867 γὲγονεν,
1035 4792 1259 4855 εἰκότως
1309 4793 1397 4847 καὶ
1450 4793 1500 4847 ἐν
1553 4792 1816 4870 ἀοριστίᾳ’
1861 4796 1922 4849 οὐ

277 4880 372 4955 γάρ
403 4880 515 4935 ἐστι
559 4881 722 4936 αὐτοῦ
774 4881 953 4955 λόγος,
986 4883 1048 4936 τὸ
1096 4882 1147 4936 τί
1200 4882 1264 4951 ἦν
1316 4882 1451 4937 εἶναι
1503 4883 1838 4958 ἑρμηνεύων,
1871 4884 1920 4954 ἐξ

279 4968 534 5044 ἀνάγκης,
586 4968 711 5025 οὐδὲ
750 4972 886 5026 κατὰ
942 4977 1119 5048 φύσιν.
1164 4973 1227 5026 Εἰ
1279 4971 1370 5027 οῦν
1421 4975 1566 5047 παρὰ
1607 4973 1782 5051 φύσιν,
1816 4974 1924 5048 οὐχ

281 5054 378 5129 ’ἕξει
425 5058 476 5113 ἐν
526 5063 593 5133 τῇ
645 5059 797 5139 φύσει
851 5061 1013 5136 λόγος
1069 5068 1136 5132 ¹¹,
1189 5062 1262 5124 ὡς
1311 5059 1434 5117 οὕτε
1482 5062 1536 5116 ἐν
1587 5066 1652 5136 τῇ
1684 5063 1852 5137 τέχνῃ
1886 5066 1920 5132 ἡ

288 5145 517 5224 ἀτεχνία.

349 5417 412 5490 [ε]
445 5417 506 5472 Ei”
554 5418 650 5490 μὲν
705 5417 896 5494 φύσει.
947 5417 1016 5477 Εἰ
1078 5429 1154 5492 μή
1204 5418 1342 5475 κατά
1390 5421 1640 5493 στέρησιν
1695 5425 1925 5495 μερικὴν

2033 4709 2172 4762 dum
2208 4708 2503 4771 naturam,
2540 4719 2608 4757 ex
2651 4701 2931 4756 distincta
2975 4719 3153 4755 causa
3203 4707 3310 4767 est,
3360 4717 3462 4771 per
3511 4717 3684 4772 quam

2033 4811 2270 4850 causam
2303 4809 2450 4864 opus
2482 4791 2821 4862 perﬁcitur;
2855 4792 2902 4845 si
2939 4791 3116 4861 igitur
3135 4789 3355 4845 malum
3391 4806 3567 4843 causa
3591 4806 3684 4843 ca-

2034 4889 2140 4951 ret,
2164 4902 2194 4938 a
2227 4881 2388 4937 nullo
2421 4881 2579 4935 enim
2610 4881 2963 4950 productum
2997 4879 3326 4945 est,merito
3352 4894 3454 4932 nec
3478 4877 3686 4932 deﬁni-

2032 4980 2156 5029 tum
2193 4977 2442 5040 est,cum
2467 4969 2630 5025 nulla
2655 4969 2732 5024 sit
2761 4971 2887 5036 ejus
2906 4969 3053 5023 ratio
3088 4986 3213 5040 qua:
3245 4966 3562 5022 essentiam
3586 4967 3689 5022 de-

2033 5066 2217 5120 claret
2248 5079 2259 5116 :
2299 5059 2628 5116 necessario
2663 5059 2949 5128 sequitur,
2998 5075 3183 5127 neque
3231 5056 3555 5109 secundum
3587 5073 3689 5110 na-

2032 5159 2233 5208 turam
2256 5150 2576 5219 exsistere;
2608 5148 2657 5204 si
2684 5147 2878 5203 aulem
2898 5151 3100 5201 contra
3121 5149 3548 5211 naturam,tum
3569 5162 3686 5200 non

2039 5241 2276 5298 habebit
2306 5240 2364 5295 in
2400 5243 2614 5294 natura
2644 5238 2958 5304 rationem,
2991 5234 3142 5290 sicut
3172 5250 3362 5306 neque
3394 5233 3537 5290 artis
3568 5234 3691 5306 pri-

2034 5333 2189 5389 vatio
2219 5332 2279 5385 in
2311 5335 2453 5386 arte.

2106 5421 2389 5494 Siquidem
2417 5415 2779 5475 natura.Nisi
2812 5415 3008 5470 anima
3041 5415 3382 5488 particulari
3413 5415 3552 5471 boni
3575 5415 3691 5487 pri-

1278 5593 1512 5651 VARI/E
1554 5595 1950 5654 LEOTIONES
1990 5596 2082 5653 ET
2124 5587 2681 5653 CORRECTIONES.

355 5709 396 5745 ¹⁰
424 5706 503 5764 δν.
581 5711 626 5747 ¹¹
659 5703 843 5784 λόγον.
