4080 6366
389 398 493 451 303

1207 396 1575 448 ΔΡΡΕΝΟΙΧ
1614 396 1709 447 AD
1747 393 1988 447 OPERA
2024 394 2081 445 S.
2126 391 2442 447 DIONYSII
2483 394 2980 449 AREOPOGITE.

3704 398 3809 453 304

389 522 616 577 vatione
648 522 1017 592 depravatur,
1050 518 1120 574 ab
1153 521 1315 574 extra
1355 517 1623 574 essentiaa
1678 534 1796 573 sum
1847 516 2037 571 alieno

2174 517 2247 567 :05
2277 513 2477 590 ἀγαθοῦ
2522 516 2804 573 κακύνεται
2854 518 3030 593 ψυχὴ,
3079 514 3271 587 ἔξωθεν
3322 524 3422 588 τῆς
3475 519 3666 582 οὐσίας
3715 521 3810 575 αὕ-

392 611 588 681 aliquo
602 608 1071 675 adveniente,sed
1095 608 1245 661 bono
1267 606 1536 662 essentia:
1554 624 1674 662 sua:
1689 605 2040 678 privabitur,

395 704 571 771 atque
607 697 827 753 malum
862 698 973 752 erit
1003 696 1111 768 ipsi
1145 696 1479 761 essentiale,
1523 700 1579 751 et
1611 696 1901 766 quomodo
1934 692 2045 749 erit

398 790 596 844 anima
623 789 650 843 ?
681 804 869 858 neque
887 784 1046 841 enim
1078 787 1393 855 vivet,nam
1421 785 1599 840 vitam
1631 802 1745 839 non
1778 784 2040 852 habebit;

397 877 515 932 vita
545 881 739 932 autem
773 882 862 930 est
895 878 1109 930 bonum
1141 892 1152 929 :
1190 875 1239 930 si
1272 892 1404 930 vero
1437 876 1513 930 sit
1544 874 1761 943 anima,
1798 874 2045 942 bonum,

398 967 457 1023 id
485 970 573 1021 est
600 967 800 1031 vitam,
834 964 1144 1036 participat
1176 982 1188 1019 :
1223 980 1358 1035 ergo
1392 964 1567 1019 etiam
1592 964 1812 1018 bonum
1841 979 2045 1018 essen-

399 1055 537 1111 tiale
568 1055 826 1121 habebit,
863 1071 974 1108 non
1002 1059 1194 1109 autem
1222 1054 1718 1122 malum,ideoque
1750 1053 1885 1108 boni
1910 1069 2044 1124 spe-

401 1146 551 1203 ciem
565 1162 675 1216 prae
709 1161 770 1199 se
794 1144 940 1199 ferre
960 1142 1613 1198 dicitur.Imbecillitate
1634 1159 1765 1197 vero
1791 1142 2046 1214 propria,

404 1234 732 1291 secundum
766 1236 1037 1287 naturam
1071 1233 1365 1303 operando
1398 1233 1841 1303 depravatur,ut
1870 1230 2050 1286 imbe-

402 1323 536 1379 cilla
566 1327 744 1394 atque
768 1322 837 1377 ad
856 1322 1161 1393 passiones
1186 1337 1477 1393 propensa
1501 1340 1513 1378 :
1547 1320 1921 1375 imbecillitas
1945 1338 2047 1375 au-

404 1422 514 1468 tem
550 1411 780 1479 animae,
817 1428 932 1466 non
960 1415 1050 1465 est
1081 1410 1231 1466 sicut
1262 1410 1321 1465 in
1363 1412 1706 1482 corporibus
1758 1411 2049 1482 pinguedo

402 1507 504 1557 aut
534 1501 760 1557 exilitas
795 1501 851 1555 in
884 1502 1012 1570 ejus
1044 1500 1320 1569 essentia,
1354 1500 1452 1555 sed
1486 1500 1788 1554 inclinatio
1821 1502 1888 1555 ad
1927 1518 2049 1554 ma-

401 1591 630 1647 terialia
670 1594 727 1645 et
782 1589 1176 1660 temporaria;
1211 1605 1323 1643 une
1370 1589 1541 1644 etiam
1592 1588 1802 1643 vitiose
1849 1594 2052 1659 postea

405 1684 668 1735 movetur
716 1678 943 1750 Ἐκγονα
992 1693 1125 1733 vero
1179 1678 1304 1748 ejus
1353 1695 1455 1733 seu
1508 1679 1682 1744 fetus,
1737 1694 1912 1749 opera
1944 1677 2050 1732 hoc

400 1768 526 1823 loco
558 1771 723 1823 vocat
754 1786 767 1836 ;
805 1772 939 1823 nota
968 1782 1100 1822 vero
1133 1766 1453 1821 efﬁcaciam
1487 1766 1933 1838 animaa,utpote
1955 1783 2049 1821 ac-

2150 610 2270 672 τῆς,
2304 602 2431 659 ἀλλ’
2468 604 2767 681 ἀλλοτρίου
2797 607 2939 668 τινὸς
2968 600 3479 679 ἕπισυμϐαίνοντος,
3512 603 3660 664 ἔσται
3712 618 3813 681 τῆς

2152 693 2337 754 οὐσίας
2371 693 2538 763 αὐτῆς
2569 698 2602 763 ἡ
2636 700 2885 771 στέρησις
2908 699 3003 749 τοῦ
3048 696 3274 770 ἀγαθοῦ,
3305 696 3395 750 καὶ
3438 692 3587 753 ἔσται
3616 699 3814 754 οὐσιῶ-

2154 778 2240 845 δες
2269 782 2404 847 αὐτῆ
2449 785 2509 837 τὸ
2554 785 2739 839 κακόν’
2769 785 2857 838 καὶ
2917 789 3035 848 πῶς
3084 781 3231 840 ἔσται
3284 788 3437 860 ψυχή
3475 806 3488 854 ;
3523 784 3647 843 οὔτε
3704 790 3807 865 γὰρ

2154 866 2296 925 ἔσται
2352 876 2515 940 (Char
2560 874 2625 927 οὑ
2676 875 2776 949 γὰρ
2825 870 2926 944 ἕξει
2981 876 3142 944 ζωήν·
3193 876 3387 951 ἀγαθὸν
3444 873 3501 930 δὲ
3551 880 3689 948 ζωή.
3748 878 3810 934 El

2157 958 2213 1014 δὲ
2243 963 2395 1035 ψυχή
2430 962 2563 1031 ἐστι,
2598 962 2816 1037 μετέχει
2847 968 2942 1017 τοῦ
2976 965 3202 1037 ἀγαθοῦ,
3233 966 3477 1019 τουτέστι
3516 970 3686 1035 ζωῆςο
3724 967 3812 1021 οό-

2158 1047 2345 1111 σιῶδες
2377 1051 2466 1104 οὗν
2500 1048 2603 1120 ἕξει
2652 1052 2714 1105 τὸ
2763 1051 2985 1126 ἀγαθὸν,
3016 1053 3105 1107 καὶ
3157 1052 3218 1107 οὐ
3262 1055 3325 1108 τὸ
3372 1054 3560 1109 κακόν
3606 1054 3692 1110 διὸ
3722 1058 3813 1111 καὶ

2159 1137 2486 1213 ἀγαθοειδής
2534 1138 2773 1215 λέγεται.
2826 1140 3102 1213 Ἀσθενείᾳ
3154 1140 3211 1196 δὲ
3258 1147 3327 1217 τῇ
3360 1145 3583 1218 περὶτὰ
3615 1144 3813 1216 οἰκεῖα,

2158 1229 2292 1283 κατὰ
2321 1228 2477 1306 φύσιν
2527 1228 2760 1305 ἐνεργεῖν
2811 1230 3116 1299 κακύνεται,
3148 1232 3224 1293 ὦς
3274 1233 3503 1301 ἀσθενὴς
3545 1233 3635 1287 καὶ
3669 1233 3815 1289 εὐκί-

2161 1338 2321 1386 νητος
2352 1316 2482 1372 οὖσα
2528 1319 2663 1393 πρὸς
2712 1319 2777 1373 τὰ
2825 1319 2991 1389 πάθη.
3043 1320 3311 1376 Ἀσθὲνεια
3364 1318 3421 1375 δὲ
3472 1324 3657 1397 ψυχῆς
3706 1322 3814 1399 οὐχ

2160 1405 2232 1467 ὠς
2260 1406 2345 1461 ἐπὶ
2379 1409 2647 1480 σωμάτιον
2692 1409 2945 1483 παχύτης
2993 1410 3027 1479 ἢ
3076 1407 3336 1483 ἷσχνότης
3369 1410 3448 1471 είς
3476 1411 3573 1479 τήν
3629 1411 3815 1466 οὐσίαν

2159 1496 2349 1565 αὐτῆς,
2408 1494 2536 1550 ἀλλ’
2588 1495 2676 1551 ἐπὶ
2732 1498 2798 1551 τὰ
2859 1496 3020 1552 ὑλικὰ
3076 1497 3163 1552 καὶ
3221 1497 3524 1574 πρόσκαιρα
3580 1496 3812 1562 ἔνδοσις

2161 1584 2277 1648 ὅθεν
2313 1586 2399 1638 καὶ
2436 1582 2791 1659 πλημμελῶς
2822 1585 3017 1641 λοιπὸν
3048 1591 3296 1643 κινεῖται.
3328 1590 3563 1662 Ἔκγονοι
3594 1587 3653 1643 δὲ
3691 1590 3817 1643 ταύ-

2159 1696 2258 1745 της
2309 1674 2531 1738 ἐνταῦθα
2570 1676 2635 1729 τὰ
2684 1678 2967 1747 ποιήματα
3007 1676 3175 1750 λέγει.
3215 1677 3529 1749 Σημείωσαι
3564 1675 3622 1733 δὲ
3664 1678 3749 1733 ὅτι
3777 1682 3812 1748 ἡ

2160 1764 2400 1839 ἐνέργεια
2427 1771 2526 1833 τῆς
2559 1768 2745 1839 ψυχῆς
2779 1764 2877 1818 οὐκ
2905 1763 3022 1840 ἔχει
3051 1766 3113 1820 τὸ
3145 1761 3551 1840 ἀμετάϐλητον,
3576 1767 3650 1828 ὡς
3674 1789 3815 1841 συμ-

404 1859 708 1913 cedentem
741 1861 796 1913 et
827 1857 1215 1926 recedentem,
1260 1872 1374 1912 non
1410 1856 1625 1911 habere
1659 1855 2050 1912 immutabili-

2174 1848 2419 1908 3aivooca
2447 1854 2534 1908 καὶ
2572 1849 3067 1927 ἀποσυμϐαίνουσα.

406 1951 585 2002 tatem
598 1988 610 2000 .

477 2036 575 2090 Sin
605 2050 704 2106 per
732 2036 991 2089 actiones.
1023 2032 1096 2089 Ut
1129 2033 1330 2105 paucis
1354 2033 1752 2103 absolvamus,
1784 2034 1907 2090 hzec
1930 2035 2058 2104 ejus

409 2130 499 2180 est
530 2123 860 2179 sententia:
895 2128 1164 2177 naturam
1198 2122 1406 2177 animae
1440 2138 1567 2178 esse
1600 2124 1835 2189 bonam,
1870 2140 2056 2195 quan-

406 2213 721 2283 doquidem
748 2229 780 2267 a
802 2212 952 2267 bono
977 2212 1260 2283 producta
1282 2211 1632 2282 sit,ejusque
1656 2212 1913 2267 actiones
1932 2229 2062 2267 esse

408 2303 595 2359 bonas
623 2320 635 2356 :
657 2302 923 2356 videmus
946 2302 1100 2356 enim
1115 2300 1267 2356 viros
1282 2300 1497 2373 probos
1521 2301 1631 2355 sibi
1658 2302 2063 2357 convenientia

408 2391 633 2463 operari
662 2409 677 2460 ;
710 2406 776 2446 ex
810 2390 1107 2446 eversione
1129 2395 1184 2444 et
1207 2390 1437 2446 defectu
1456 2390 1587 2445 boni
1616 2390 1777 2446 subit
1811 2390 2063 2449 malum:

415 2497 551 2553 ergo
585 2479 805 2535 malum
838 2495 1031 2551 neque
1059 2483 1145 2535 est
1177 2479 1236 2534 in
1271 2487 1506 2550 natura,
1542 2497 1729 2551 neque
1771 2480 2061 2536 subsistit.

481 2660 507 2725 §
536 2657 771 2713 XXXII.
799 2658 858 2713 Si
882 2658 1016 2714 bono
1047 2659 1280 2713 malum.
1317 2658 1503 2714 Multa
1534 2663 1675 2714 sunt
1707 2659 1804 2714 uni
1831 2663 2063 2715 contra-

411 2747 533 2816 ria;
568 2764 705 2818 ergo
739 2748 787 2802 si
849 2747 949 2802 uni
999 2751 1055 2803 et
1099 2748 1267 2803 bonze
1311 2764 1499 2804 causae
1552 2748 1911 2804 contrarium
1946 2749 2063 2803 sint

411 2836 621 2908 multa,
646 2836 797 2892 malo
832 2837 1027 2891 multae
1060 2842 1478 2909 eruntcausaz;
1513 2843 1686 2909 atque
1719 2839 1862 2905 si,ut
1884 2855 2063 2909 supra

411 2925 695 2994 diximus,
730 2926 986 2981 rationes
1018 2933 1075 2981 et
1099 2925 1403 2981 facultates
1429 2932 1570 2982 sunt
1602 2943 1793 2982 rerum
1828 2932 2061 2981 natura-

414 3014 561 3069 lium
595 3014 1066 3070 convenientium
1095 3016 1639 3081 eli‘ectrices,vitiosi
1675 3017 1929 3087 profecto
1959 3034 2062 3071 na-

416 3103 699 3158 turalium
734 3110 928 3159 motus
950 3120 1017 3159 ex
1039 3104 1442 3161 imbecillitate
1470 3104 1885 3177 facultatisque
1906 3106 2062 3161 defe-

412 3197 508 3247 ctu
543 3194 972 3263 provenientes,
1005 3195 1300 3250 contraria
1333 3199 1556 3250 naturae
1574 3196 2060 3267 producunt,qui-

2239 2027 2388 2086 Εἷδὶ
2432 2034 2551 2095 ταῖς
2598 2029 2909 2106 ἐνεργείαις.
2960 2033 3076 2088 Ἵνα
3204 2033 3231 2086 ὁ
3280 2037 3406 2094 νοῦς
3459 2033 3510 2088 ἐν
3563 2031 3820 2108 συντόμῳ

2171 2119 2363 2182 οὕτως·
2399 2122 2433 2188 ἡ
2491 2120 2646 2196 φύσις
2701 2126 2801 2189 τῆς
2858 2124 3045 2195 ψυχῆς
3104 2121 3303 2196 ἀγαθὴ,
3364 2120 3551 2192 ἐπειδή
3611 2123 3669 2179 ἐκ
3726 2128 3823 2178 τοῦ

2172 2210 2370 2283 ἀγαθοῦ
2402 2211 2688 2285 παρήχθη,
2721 2209 2811 2263 καὶ
2843 2210 2897 2262 αἱ
2947 2209 3203 2285 ἐνέργειαι
3252 2209 3416 2280 αὐτῆς
3452 2211 3661 2286 ἀγαθαί·
3688 2214 3827 2287 ὁρῶ-

2177 2319 2270 2370 μεν
2300 2298 2403 2374 γὰρ
2451 2297 2575 2359 τοὺς
2625 2297 2858 2373 ἀγαθοὺς
2889 2295 3086 2371 ἄνδρας
3130 2300 3478 2375 ἐνεργοῦντας
3526 2302 3594 2355 τὰ
3626 2301 3824 2356 οἰκεῖα·

2173 2385 2232 2441 ἐκ
2261 2394 2618 2462 παρατροπῆς
2648 2386 2704 2441 δὲ
2751 2388 2838 2442 καὶ
2889 2387 3185 2461 ἐλλείψεως
3232 2393 3328 2443 τοῦ
3370 2389 3571 2464 ἀγαθοῦ
3602 2412 3830 2467 παρεισ-

2176 2473 2314 2531 δύνιι
2355 2476 2436 2532 τὸ’
2471 2478 2655 2534 κακόν.
2688 2475 2895 2535 Οὒκοῦν
2947 2476 3045 2531 οὐκ
3092 2476 3143 2531 ἐν
3195 2477 3369 2555 φύσει,
3404 2476 3532 2534 οὑδὲ
3581 2478 3827 2535 ἐνοιᾶσιον

2172 2566 2235 2621 τὸ
2265 2566 2448 2621 κακόν.

2244 2658 2530 2723 ἓΧΧΧΙΙ.
2586 2657 2662 2727 [ς]
2720 2653 2787 2711 Εἴ
2838 2658 2919 2727 τῷ
2975 2655 3162 2729 ἀγαθῷ
3220 2654 3279 2709 τὸ
3335 2654 3542 2713 κακόν,
3600 2660 3687 2728 Τῷ
3745 2656 3830 2711 ἑνὶ

2173 2742 2383 2797 ἐναντία
2410 2742 2477 2797 τὰ
2504 2741 2712 2797 πολλά·
2746 2744 2941 2798 οὗκοῦν
2993 2743 3041 2797 εἴ
3082 2748 3162 2815 τῷ
3201 2742 3277 2797 ἑνὶ
3327 2743 3418 2797 καὶ
3448 2743 3635 2820 ἀγαθῴ
3667 2743 3832 2816 αἰτίῳ

2173 2830 2410 2887 ἐναντίον
2440 2832 2508 2887 τὰ
2537 2831 2741 2890 πολλὰ,
2775 2830 2919 2886 α’ίτια
2950 2830 3141 2888 πολλὰ
3169 2837 3250 2904 τῷ
3279 2838 3447 2905 κακῷ·
3481 2834 3595 2904 καὶ,
3626 2833 3671 2888 εί
3716 2838 3826 2887 τῶν

2172 2920 2510 2999 κατὰφύσιν,
2561 2922 2635 2984 ὡς
2685 2919 2794 2975 ἅνω
2841 2920 2996 2998 ἔφην,
3056 2920 3215 2996 λόγοι
3267 2922 3356 2977 καὶ
3412 2920 3667 2994 δυνάμεις
3722 2923 3828 2978 εἶσὶ

2170 3010 2235 3065 τὰ
2265 3011 2547 3081 ποιητικὰ,
2597 3015 2704 3063 τῶν
2756 3011 2900 3085 παρὰ
2949 3010 3104 3085 φύσιν
3137 3012 3401 3080 ποιητικᾶ
3444 3014 3498 3065 αἱ
3547 3012 3829 3085 πλημμε-

2172 3100 2289 3164 λεῖς
2313 3106 2420 3157 τῶν
2452 3101 2587 3155 κατὰ
2618 3102 2770 3179 φύσιν
2802 3104 3041 3172 κινήσεις
3073 3102 3123 3172 ἐξ
3169 3102 3434 3166 ἀσθενείας
3489 3105 3577 3158 καὶ
3631 3101 3831 3159 ἀδυνα-

2176 3192 2299 3264 μίας
2339 3186 2755 3265 συμϐαίνουσαν
2811 3189 2879 3245 δι’
2922 3189 2994 3245 ὧν
3044 3191 3137 3245 καὶ
3182 3191 3578 3270 παρυφίσταται
3626 3192 3690 3248 τὸ
3739 3214 3835 3247 κα-

412 3283 524 3336 bus
555 3283 731 3337 etiam
758 3282 978 3337 malum
1004 3284 1442 3355 quodammodo
1460 3263 1785 3340 subsistere
1802 3263 2058 3353 videt—ur;

2174 3263 2287 3336 κόν.
2319 3263 2473 3335 Ποιεῖ
2501 3278 2557 3335 δὲ
2586 3280 2723 3334 κακὰ
2770 3278 2877 3334 ἔσθ’
2933 3278 3022 3335 ὅτι
3068 3280 3160 3335 καὶ
3214 3263 3357 3352 μίξις
3403 3286 3509 3336 τῶν
3544 3281 3825 3353 ἀνομοίων

416 3388 589 3440 porro
621 3373 973 3445 quandoque
1008 3374 1185 3428 etiam
1237 3373 1461 3428 malum
1496 3379 1772 3445 operatur
1803 3374 2064 3428 dissimi-

410 3459 554 3516 lium
590 3461 717 3516 sine
747 3478 1091 3518 commensu
1127 3462 1345 3528 mistio,
1379 3479 1515 3517 cum
1548 3467 1648 3517 aut
1678 3462 2066 3527 calidum,aut

414 3552 718 3623 frigidum,
753 3557 855 3607 aut
900 3554 1141 3621 siccum,
1189 3554 1343 3608 163
1392 3558 1493 3608 aut
1541 3553 1877 3623 humidum,
1931 3554 2064 3622 plus

416 3639 544 3694 aliis
567 3642 907 3696 dominatur
925 3660 937 3709 ;
955 3643 1109 3697 unde
1122 3647 1177 3697 et
1196 3643 1381 3697 morbi
1400 3644 2066 3713 frequentes.Quomodo

416 3732 612 3783 autem
648 3729 1072 3795 malum,rebus
1106 3730 1379 3785 omnibus
1403 3731 1556 3786 sicut
1589 3734 1750 3787 facta:
1784 3738 1923 3786 sunt
1948 3748 2064 3785 ma-

416 3818 1048 3887 nentibus,consistat?
1071 3818 1155 3873 hae
1178 3820 1331 3874 enim
1355 3836 1421 3874 ex
1444 3825 1603 3874 motu
1635 3820 1735 3876 Dei
1766 3820 2063 3875 voluntate

416 3908 715 3976 productas
746 3912 977 3976 sunt,ac
1010 3908 1069 3962 in
1100 3909 1370 3963 terminis
1404 3909 1656 3981 propriis
1690 3913 1928 3963 manent
1952 3909 2064 3963 im-

414 3999 747 4065 motae,cum
768 4000 923 4052 stent
946 4000 1002 4052 et
1034 3997 1421 4052 terminentur
1454 3998 1510 4052 in
1544 3998 1679 4053 Deo.
1716 3997 1934 4052 Harum
1960 4014 2062 4051 au-

412 4088 529 4138 tem
562 4086 945 4154 contrarium,
984 4101 1195 4157 nempe
1227 4087 1420 4157 ipsum
1450 4102 1553 4158 per
1584 4103 1644 4141 se
1668 4086 1913 4157 malum,
1949 4103 2062 4141 non

414 4177 501 4228 est
531 4172 760 4243 stabile,
796 4190 901 4230 nec
927 4175 1247 4231 terminum
1279 4176 1476 4245 habet,
1511 4191 1703 4247 neque
1751 4174 2062 4230 definitum

413 4267 523 4327 est,
556 4279 807 4334 quorum
841 4264 1068 4320 nullum
1093 4266 1151 4319 in
1177 4265 1387 4321 creatis
1418 4264 1687 4319 videmus
1725 4281 1738 4319 :
1773 4266 2067 4336 quomodo

414 4351 597 4423 igitur
628 4353 849 4408 malum
881 4356 1204 4409 subsistere
1239 4356 1475 4425 potest?

488 4441 743 4497 Rationes
768 4458 832 4496 ac
858 4443 1171 4512 facultates.
1220 4442 1278 4496 Id
1331 4447 1419 4497 est
1450 4459 1563 4496 non
1616 4444 1939 4498 secundum
1973 4460 2063 4498 ra-

416 4525 632 4581 tionem
668 4528 926 4598 aliquam
960 4532 1179 4583 natura:
1213 4528 1736 4596 necessariam,aut
1775 4531 2063 4585 essentia-

2175 3370 2541 3444 ἀσύμμετρος,
2574 3369 2697 3423 ὅταν
2732 3369 2767 3438 ἢ
2797 3370 2858 3424 τὸ
2900 3371 3097 3443 θερμὸν
3132 3369 3167 3438 ἢ
3198 3371 3259 3424 τὸ
3305 3370 3541 3444 ψυχρὸν,
3576 3370 3612 3439 ἢ
3645 3371 3706 3425 τὸ
3738 3372 3834 3441 ξηο

2177 3460 2289 3533 ρὸν,
2323 3460 2357 3528 ἢ
2388 3459 2450 3512 τὸ
2505 3458 2668 3533 ὑγρόν
2700 3455 2866 3513 πλέον
2898 3462 3004 3512 τῶν
3047 3457 3234 3513 ἄλλων
3267 3461 3535 3535 κρατήσῃ’
3570 3459 3694 3514 ὅθεν
3741 3459 3834 3516 καὶ

2174 3546 2322 3601 νόσοι
2350 3545 2641 3607 πολλάκις.
2668 3551 2789 3607 Πῶς
2821 3543 2879 3600 δὲ
2909 3546 3129 3617 συσταίη
3162 3547 3348 3616 κακὸν,
3380 3552 3486 3602 τῶν
3516 3547 3832 3622 γενομένων

2176 3637 2449 3706 ἁπάντων,
2482 3636 2555 3697 ὠς
2603 3634 2963 3705 ἐποιήθησαν,
3015 3635 3282 3707 μενόντων
3318 3658 3332 3707 ς
3364 3641 3530 3691 ταῦτα
3586 3637 3680 3709 μὶν
3728 3638 3831 3713 γὰρ

2175 3725 2233 3779 ἐκ
2261 3728 2526 3795 κινήσεως
2581 3724 2894 3800 βουλήματι
2947 3722 3080 3780 Θεοῦ
3130 3727 3418 3800 παρήχθη,
3470 3725 3561 3780 καὶ
3602 3726 3835 3795 ἀκίνητα

2173 3813 2225 3868 ἐν
2264 3820 2381 3878 τοῖς
2421 3812 2584 3876 ἰδίοις
2633 3812 2783 3889 ὅροις
2834 3813 2979 3887 μένει
3029 3815 3235 3869 ἑστῶτα
3280 3814 3370 3869 καὶ
3442 3817 3835 3890 πεπερασμένα

2175 3903 2228 3958 ἐν
2270 3908 2347 3975 τῷ
2396 3908 2531 3975 Θειῖν
2582 3905 2643 3957 τὸ
2694 3901 2751 3957 δὲ
2792 3904 2999 3958 τούτων
3053 3902 3318 3961 ἐναντίον.
3383 3903 3447 3957 τὸ
3500 3905 3831 3974 αὑτόκακον,

2173 3990 2421 4056 ἄστατον,
2453 3993 2542 4046 καὶ
2572 3993 2737 4066 πὲρας
2765 3994 2868 4046 οὑκ
2897 3988 3025 4067 ἕχον
3059 3991 3180 4047 οὕτε
3212 3991 3541 4064 ὡρισμένον,
3568 3994 3643 4047 ὧν
3673 3991 3833 4049 οὐδὲν

2172 4080 2222 4134 ἒν
2272 4085 2340 4154 τῇ
2396 4079 2725 4156 δημιουργίᾳ
2765 4082 3002 4157 ὁρῶμεν.
3046 4085 3169 4143 Ηῶς
3225 4081 3315 4135 οὗν
3370 4080 3734 4137 ἰνυπόστατον
3768 4083 3832 4137 τὸ

2177 4169 2340 4224 κακόν
2380 4190 2393 4240 ;

2250 4442 2316 4513 [ζ]
2355 4439 2521 4512 Λόγοι
2579 4437 2667 4491 καὶ
2724 4434 3002 4509 δυνάμεις.
3062 4435 3350 4494 Τουτέστιν
3413 4438 3477 4492 οὑ
3538 4437 3676 4493 κατὰ
3733 4437 3839 4493 λό-

2175 4550 2269 4603 γον
2312 4529 2598 4602 ἀναγκαῖον
2638 4530 2706 4600 τῇ
2766 4525 2941 4603 φύσει,
3002 4527 3037 4594 ἢ
3096 4526 3216 4580 τινὰ
3273 4523 3514 4595 οὑσιώδη
3581 4525 3839 4598 ἰδιότητα

418 4612 530 4668 lem
555 4616 874 4684 quamdam
900 4618 1315 4686 proprietatem
1338 4617 1458 4671 hanc
1489 4620 1687 4673 animo
1706 4624 1845 4674 sunt
1868 4620 2058 4675 conci-

2174 4622 2337 4672 ταῦτα
2386 4615 2689 4692 λογίζεσθαι
2740 4618 2873 4689 χρή.
2907 4614 3065 4685 Μίξιν
3118 4613 3175 4669 δὲ
3202 4619 3308 4670 τῶν
3356 4615 3639 4687 ἀνομοίων
3675 4616 3839 4689 οἶμαι

416 4701 657 4773 pienda;
688 4703 942 4758 arbitror
968 4709 1296 4775 autem,per
1325 4706 1639 4761 mistionem
1672 4708 2061 4778 dissimilium,

416 4790 741 4863 intelligere
772 4792 1133 4847 naturalium
1186 4792 1559 4862 facultatum,
1586 4797 1654 4850 ad
1690 4812 1757 4852 ea
1787 4814 1914 4868 quea
1948 4816 2063 4853 non

416 4881 792 4951 conveniunt,
818 4882 1316 4953 motionem,quod
1351 4884 1729 4956 intemperies
1762 4892 2063 4957 operatur,

416 4985 548 5023 cum
582 4976 775 5026 motus
805 4988 919 5025 non
946 4975 1237 5041 coguntur
1258 4973 1481 5027 ratione
1516 4974 1668 5029 intra
1694 4976 2063 5041 terminos,in

416 5059 628 5127 quibus
662 5060 927 5129 producti
960 5063 1118 5128 sunt,
1154 5076 1409 5116 manere.

488 5149 751 5203 Omnium
793 5152 959 5203 etiam
1008 5149 1306 5203 malorum.
1362 5149 1638 5205 Omnium
1689 5153 1975 5208 bonorum
2010 5158 2066 5209 et

418 5234 706 5290 malorum
730 5237 1083 5307 principium
1108 5243 1164 5291 et
1182 5238 1355 5292 finem
1378 5254 1507 5294 esse
1529 5240 2063 5312 bonum,quoniam

418 5322 704 5392 quidquid
745 5325 1013 5391 facimus,
1069 5327 1287 5381 bonum
1340 5328 1525 5384 facere
1577 5330 1973 5399 arbitramur;
2010 5334 2066 5385 et

418 5410 638 5466 malum
674 5429 789 5467 non
813 5414 1027 5467 habere
1059 5415 1532 5485 subsistentiam,
1585 5419 1684 5474 sed
1722 5419 1838 5494 fere
1864 5420 2065 5475 subsi-

2172 4714 2361 4775 νοῆσαι
2391 4707 2487 4773 τήν
2516 4710 2621 4759 τῶν
2669 4709 2906 4781 φυσικῶν
2958 4702 3236 4775 δυνάμεων
3267 4704 3356 4759 ἐπὶ
3401 4706 3467 4759 τὰ
3510 4706 3586 4777 μὴ
3619 4710 3837 4781 προσή-

2173 4817 2337 4851 κοντα
2375 4794 2608 4865 κίνησιν,
2655 4794 2785 4868 ὅπερ
2818 4795 2851 4861 ἠ
2886 4792 3113 4867 ἀμετρία
3170 4798 3340 4862 ποιεῖ,
3376 4795 3450 4865 μὴ
3488 4791 3664 4868 λόγῳ,
3697 4814 3833 4870 κρα-

2171 4884 2447 4956 τουμένων
2486 4887 2592 4937 τῶν
2642 4884 2907 4952 κινήσεων
2959 4878 3087 4935 ε’ίσω
3143 4880 3321 4954 μὲνιιν
3372 4885 3479 4935 τῶν
3537 4881 3706 4955 ὅρων,
3751 4880 3837 4959 ἐφ’

2174 4975 2257 5037 οἷς
2286 4972 2374 5027 καὶ
2404 4971 2672 5047 γεγόνασι.

2248 5150 2464 5205 Ηάντων
2524 5150 2614 5203 καὶ
2669 5152 2780 5203 τῶν
2835 5151 3014 5202 κακῶν
3052 5190 3063 5203 .
3114 5149 3238 5204 "Ott
3298 5148 3512 5203 πάντων
3575 5150 3664 5205 καὶ
3726 5154 3835 5203 τῶν

2172 5240 2350 5293 κακῶν
2401 5240 2545 5312 ἀρχὴ
2597 5237 2684 5290 καὶ
2728 5236 2890 5298 τέλος
2940 5234 3049 5290 ἐστὶ
3096 5236 3159 5289 τὸ
3217 5237 3437 5311 ἀγαθὸν,
3489 5235 3681 5307 ἐπειδὴ
3739 5247 3833 5300 καὶ

2174 5334 2275 5381 πᾶν
2329 5332 2608 5390 ποιοῦντες
2656 5328 2720 5394 1’,
2755 5324 2955 5399 ἀγαθὸν
3007 5324 3557 5397 ποιεῖνίνομίζομεν·
3607 5326 3698 5380 καὶ
3755 5326 3839 5381 ὅτι

2176 5416 2461 5471 ὑπόστασιν
2520 5415 2618 5469 οὑκ
2674 5409 2790 5488 ἕχιι
2846 5414 2908 5467 τὸ
2959 5413 3142 5484 κακὸν,
3200 5412 3347 5468 ἀλλὰ
3394 5414 3833 5488 παρυπόστασιν,

1420 5590 1657 5647 VARl/E
1697 5591 2085 5651 LECTlONES
2125 5590 2210 5647 ET
2250 5588 2807 5646 GORREC'I‘IONES.

488 5708 530 5742 ¹²
558 5708 717 5763 κακὸν
752 5712 1052 5773 ποιοῦντες.
