  <div class='ocr_page' id='page_1' title='image "/cluster/home/n/w/nwhite01/storage/ocr_20150623/4/mdp.39015078384529/162.png"; bbox 0 0 4080 6366; ppageno 0'>
   <div class='ocr_carea' id='block_1_1' title="bbox 268 427 2898 492">
    <p class='ocr_par' dir='ltr' id='par_1_1' title="bbox 268 427 2898 492">
     <span class='ocr_line' id='line_1_1' title="bbox 268 427 2898 492; baseline 0.003 -13"><span class='ocrx_word' id='word_1_1' title='bbox 268 427 352 480; x_wconf 86' lang='grc'>305</span> <span class='ocrx_word' id='word_1_2' title='bbox 1002 434 1062 486; x_wconf 82' lang='grc' dir='ltr'>Β.</span> <span class='ocrx_word' id='word_1_3' title='bbox 1104 433 1378 488; x_wconf 75' lang='lat' dir='ltr'><strong>MAXIM!</strong></span> <span class='ocrx_word' id='word_1_4' title='bbox 1416 433 1720 489; x_wconf 86' lang='lat' dir='ltr'>SCHOLIA</span> <span class='ocrx_word' id='word_1_5' title='bbox 1760 435 1831 487; x_wconf 80' lang='lat' dir='ltr'>IN</span> <span class='ocrx_word' id='word_1_6' title='bbox 1873 434 2005 486; x_wconf 86' lang='lat' dir='ltr'>LIB.</span> <span class='ocrx_word' id='word_1_7' title='bbox 2046 435 2142 486; x_wconf 86' lang='lat' dir='ltr'><strong>DE</strong></span> <span class='ocrx_word' id='word_1_8' title='bbox 2179 435 2450 489; x_wconf 81' lang='lat' dir='ltr'>DIVINIS</span> <span class='ocrx_word' id='word_1_9' title='bbox 2487 435 2898 492; x_wconf 75' lang='lat' dir='ltr'>NOMINIBUS.</span> 
     </span>
    </p>
   </div>
   <div class='ocr_carea' id='block_1_2' title="bbox 3557 437 3667 494">
    <p class='ocr_par' dir='ltr' id='par_1_2' title="bbox 3557 437 3667 494">
     <span class='ocr_line' id='line_1_2' title="bbox 3557 437 3667 494; baseline 0.018 -3"><span class='ocrx_word' id='word_1_10' title='bbox 3557 437 3667 494; x_wconf 78' lang='lat'>306</span> 
     </span>
    </p>
   </div>
   <div class='ocr_carea' id='block_1_3' title="bbox 264 545 1887 629">
    <p class='ocr_par' dir='ltr' id='par_1_3' title="bbox 264 545 1887 628">
     <span class='ocr_line' id='line_1_3' title="bbox 264 545 1887 628; baseline 0.004 -27"><span class='ocrx_word' id='word_1_11' title='bbox 264 553 340 602; x_wconf 82' lang='grc' dir='ltr'>τοῦ</span> <span class='ocrx_word' id='word_1_12' title='bbox 365 548 563 623; x_wconf 84' lang='grc' dir='ltr'>ἀγαθοῦ</span> <span class='ocrx_word' id='word_1_13' title='bbox 593 545 768 618; x_wconf 69' lang='grc' dir='ltr'>ἕνεκα,</span> <span class='ocrx_word' id='word_1_14' title='bbox 803 551 890 604; x_wconf 84' lang='grc' dir='ltr'>καὶ</span> <span class='ocrx_word' id='word_1_15' title='bbox 926 551 1037 627; x_wconf 82' lang='grc' dir='ltr'>οὐχ</span> <span class='ocrx_word' id='word_1_16' title='bbox 1066 553 1259 608; x_wconf 71' lang='grc' dir='ltr'>ἑαυτοῦ</span> <span class='ocrx_word' id='word_1_17' title='bbox 1287 554 1594 628; x_wconf 77' lang='grc' dir='ltr'>γινόμενον.</span> <span class='ocrx_word' id='word_1_18' title='bbox 1631 557 1808 611; x_wconf 90' lang='grc' dir='ltr'>Τοῦτο</span> <span class='ocrx_word' id='word_1_19' title='bbox 1842 549 1887 608; x_wconf 75' lang='grc' dir='ltr'>δί</span> 
     </span>
    </p>
   </div>
   <div class='ocr_carea' id='block_1_4' title="bbox 2012 545 3665 629">
    <p class='ocr_par' dir='ltr' id='par_1_4' title="bbox 2013 555 3665 629">
     <span class='ocr_line' id='line_1_4' title="bbox 2013 555 3665 629; baseline 0.003 -20"><span class='ocrx_word' id='word_1_20' title='bbox 2013 555 2310 625; x_wconf 85' lang='lat' dir='ltr'>stentiam,</span> <span class='ocrx_word' id='word_1_21' title='bbox 2335 556 2475 612; x_wconf 89' lang='lat' dir='ltr'>boni</span> <span class='ocrx_word' id='word_1_22' title='bbox 2499 574 2676 613; x_wconf 89' lang='lat' dir='ltr'>causa</span> <span class='ocrx_word' id='word_1_23' title='bbox 2715 575 2830 613; x_wconf 90' lang='lat' dir='ltr'>non</span> <span class='ocrx_word' id='word_1_24' title='bbox 2868 574 3000 614; x_wconf 90' lang='lat' dir='ltr'>vero</span> <span class='ocrx_word' id='word_1_25' title='bbox 3027 558 3116 614; x_wconf 89' lang='lat' dir='ltr'>sui</span> <span class='ocrx_word' id='word_1_26' title='bbox 3143 557 3384 629; x_wconf 82' lang='lat' dir='ltr'>factum,</span> <span class='ocrx_word' id='word_1_27' title='bbox 3409 557 3520 614; x_wconf 87' lang='lat' dir='ltr'>hoc</span> <span class='ocrx_word' id='word_1_28' title='bbox 3559 577 3665 614; x_wconf 89' lang='lat' dir='ltr'>au-</span> 
     </span>
    </p>
   </div>
   <div class='ocr_carea' id='block_1_5' title="bbox 264 635 1894 719">
    <p class='ocr_par' dir='ltr' id='par_1_5' title="bbox 264 635 1894 719">
     <span class='ocr_line' id='line_1_5' title="bbox 264 635 1894 719; baseline 0.004 -28"><span class='ocrx_word' id='word_1_29' title='bbox 264 636 334 691; x_wconf 78' lang='grc' dir='ltr'>καὶ</span> <span class='ocrx_word' id='word_1_30' title='bbox 364 635 614 712; x_wconf 81' lang='grc' dir='ltr'>ἀνωτέρω</span> <span class='ocrx_word' id='word_1_31' title='bbox 647 638 966 713; x_wconf 75' lang='grc' dir='ltr'>εἰρήκαμεν,</span> <span class='ocrx_word' id='word_1_32' title='bbox 1000 641 1081 695; x_wconf 77' lang='grc' dir='ltr'>ὅτι</span> <span class='ocrx_word' id='word_1_33' title='bbox 1113 641 1174 697; x_wconf 76' lang='grc' dir='ltr'>οὐ</span> <span class='ocrx_word' id='word_1_34' title='bbox 1198 643 1334 719; x_wconf 82' lang='grc' dir='ltr'>πρὸς</span> <span class='ocrx_word' id='word_1_35' title='bbox 1366 645 1428 697; x_wconf 82' lang='grc' dir='ltr'>τὸ</span> <span class='ocrx_word' id='word_1_36' title='bbox 1467 643 1630 699; x_wconf 85' lang='grc' dir='ltr'>κακὸν</span> <span class='ocrx_word' id='word_1_37' title='bbox 1662 644 1894 719; x_wconf 74' lang='grc' dir='ltr'>ὁρῶντες</span> 
     </span>
    </p>
   </div>
   <div class='ocr_carea' id='block_1_6' title="bbox 264 727 1893 810">
    <p class='ocr_par' dir='ltr' id='par_1_6' title="bbox 264 727 1893 810">
     <span class='ocr_line' id='line_1_6' title="bbox 264 727 1893 810; baseline 0.005 -32"><span class='ocrx_word' id='word_1_38' title='bbox 264 730 398 780; x_wconf 78' lang='grc' dir='ltr'>τοῦτο</span> <span class='ocrx_word' id='word_1_39' title='bbox 428 727 765 800; x_wconf 82' lang='grc' dir='ltr'>πράττομεν,</span> <span class='ocrx_word' id='word_1_40' title='bbox 796 727 941 784; x_wconf 85' lang='grc' dir='ltr'>ἀλλά</span> <span class='ocrx_word' id='word_1_41' title='bbox 997 727 1279 794; x_wconf 85' lang='grc' dir='ltr'>δοκοῦντες</span> <span class='ocrx_word' id='word_1_42' title='bbox 1337 733 1534 810; x_wconf 82' lang='grc' dir='ltr'>ἀγαθὸν</span> <span class='ocrx_word' id='word_1_43' title='bbox 1592 738 1793 802; x_wconf 81' lang='grc' dir='ltr'>ποιεῖν,</span> <span class='ocrx_word' id='word_1_44' title='bbox 1849 731 1893 786; x_wconf 83' lang='grc' dir='ltr'>εἷ</span> 
     </span>
    </p>
   </div>
   <div class='ocr_carea' id='block_1_7' title="bbox 263 812 1309 884">
    <p class='ocr_par' dir='ltr' id='par_1_7' title="bbox 263 812 1309 884">
     <span class='ocr_line' id='line_1_7' title="bbox 263 812 1309 884; baseline 0.009 -14"><span class='ocrx_word' id='word_1_45' title='bbox 263 816 334 870; x_wconf 77' lang='grc' dir='ltr'>καὶ</span> <span class='ocrx_word' id='word_1_46' title='bbox 361 817 394 884; x_wconf 79' lang='grc' dir='ltr'>ἡ</span> <span class='ocrx_word' id='word_1_47' title='bbox 427 812 647 878; x_wconf 76' lang='grc' dir='ltr'>ἔκϐασις</span> <span class='ocrx_word' id='word_1_48' title='bbox 672 817 988 874; x_wconf 82' lang='grc' dir='ltr'>τούναντίον</span> <span class='ocrx_word' id='word_1_49' title='bbox 1024 818 1309 880; x_wconf 80' lang='grc' dir='ltr'>δείκνυσιν.</span> 
     </span>
    </p>
   </div>
   <div class='ocr_carea' id='block_1_8' title="bbox 320 905 1892 988">
    <p class='ocr_par' dir='ltr' id='par_1_8' title="bbox 320 905 1892 988">
     <span class='ocr_line' id='line_1_8' title="bbox 320 905 1892 988; baseline 0.003 -26"><span class='ocrx_word' id='word_1_50' title='bbox 320 907 433 962; x_wconf 87' lang='grc' dir='ltr'>Ὅτι</span> <span class='ocrx_word' id='word_1_51' title='bbox 467 910 565 960; x_wconf 89' lang='grc' dir='ltr'>τοῦ</span> <span class='ocrx_word' id='word_1_52' title='bbox 597 908 797 982; x_wconf 84' lang='grc' dir='ltr'>ἀγαθοῦ</span> <span class='ocrx_word' id='word_1_53' title='bbox 827 905 998 966; x_wconf 75' lang='grc' dir='ltr'>ἕνεκα.</span> <span class='ocrx_word' id='word_1_54' title='bbox 1033 912 1100 967; x_wconf 81' lang='grc' dir='ltr'>Ὀ</span> <span class='ocrx_word' id='word_1_55' title='bbox 1134 912 1247 966; x_wconf 72' lang='grc' dir='ltr'>εἶπε</span> <span class='ocrx_word' id='word_1_56' title='bbox 1270 913 1358 966; x_wconf 82' lang='grc' dir='ltr'>καὶ</span> <span class='ocrx_word' id='word_1_57' title='bbox 1392 911 1442 967; x_wconf 85' lang='grc' dir='ltr'>έν</span> <span class='ocrx_word' id='word_1_58' title='bbox 1487 917 1566 985; x_wconf 77' lang='grc' dir='ltr'>τῷ</span> <span class='ocrx_word' id='word_1_59' title='bbox 1616 915 1721 988; x_wconf 90' lang='grc' dir='ltr'>πρὸ</span> <span class='ocrx_word' id='word_1_60' title='bbox 1767 911 1892 967; x_wconf 63' lang='grc' dir='ltr'>τοῦ-</span> 
     </span>
    </p>
   </div>
   <div class='ocr_carea' id='block_1_9' title="bbox 263 993 1895 1076">
    <p class='ocr_par' dir='ltr' id='par_1_9' title="bbox 263 993 1895 1076">
     <span class='ocr_line' id='line_1_9' title="bbox 263 993 1895 1076; baseline 0.006 -29"><span class='ocrx_word' id='word_1_61' title='bbox 263 1014 339 1048; x_wconf 74' lang='grc' dir='ltr'>του</span> <span class='ocrx_word' id='word_1_62' title='bbox 367 993 672 1071; x_wconf 69' lang='grc' dir='ltr'>κεφαλαίῳ,</span> <span class='ocrx_word' id='word_1_63' title='bbox 708 994 798 1052; x_wconf 83' lang='grc' dir='ltr'>διὰ</span> <span class='ocrx_word' id='word_1_64' title='bbox 819 999 883 1053; x_wconf 84' lang='grc' dir='ltr'>τὸ</span> <span class='ocrx_word' id='word_1_65' title='bbox 915 999 1136 1076; x_wconf 89' lang='grc' dir='ltr'>ἀγαθὸν,</span> <span class='ocrx_word' id='word_1_66' title='bbox 1169 998 1358 1071; x_wconf 74' lang='grc' dir='ltr'>ἐπειδὴ</span> <span class='ocrx_word' id='word_1_67' title='bbox 1390 1003 1688 1076; x_wconf 85' lang='grc' dir='ltr'>νομίζομεν</span> <span class='ocrx_word' id='word_1_68' title='bbox 1721 1002 1749 1056; x_wconf 87' lang='grc' dir='ltr'><strong>’ὀ</strong></span> <span class='ocrx_word' id='word_1_69' title='bbox 1800 1023 1895 1056; x_wconf 89' lang='grc' dir='ltr'>πο-</span> 
     </span>
    </p>
   </div>
   <div class='ocr_carea' id='block_1_10' title="bbox 268 1085 1822 1158">
    <p class='ocr_par' dir='ltr' id='par_1_10' title="bbox 268 1085 1822 1158">
     <span class='ocr_line' id='line_1_10' title="bbox 268 1085 1822 1158; baseline 0.004 -21"><span class='ocrx_word' id='word_1_70' title='bbox 268 1087 430 1155; x_wconf 86' lang='grc' dir='ltr'>ιοῦμεν</span> <span class='ocrx_word' id='word_1_71' title='bbox 461 1085 688 1158; x_wconf 79' lang='grc' dir='ltr'>ἀγαθόν.</span> <span class='ocrx_word' id='word_1_72' title='bbox 1814 1097 1822 1106; x_wconf 89' lang='grc'><strong>’</strong></span> 
     </span>
    </p>
   </div>
   <div class='ocr_carea' id='block_1_11' title="bbox 315 1167 1891 1258">
    <p class='ocr_par' dir='ltr' id='par_1_11' title="bbox 315 1167 1891 1258">
     <span class='ocr_line' id='line_1_11' title="bbox 315 1167 1891 1258; baseline 0.003 -30"><span class='ocrx_word' id='word_1_73' title='bbox 315 1174 400 1244; x_wconf 81' lang='grc' dir='ltr'>Τῷ</span> <span class='ocrx_word' id='word_1_74' title='bbox 455 1167 574 1227; x_wconf 74' lang='grc' dir='ltr'>ὅντι</span> <span class='ocrx_word' id='word_1_75' title='bbox 607 1171 663 1228; x_wconf 80' lang='grc' dir='ltr'>δὲ</span> <span class='ocrx_word' id='word_1_76' title='bbox 714 1174 814 1230; x_wconf 82' lang='grc' dir='ltr'>οὐκ</span> <span class='ocrx_word' id='word_1_77' title='bbox 865 1176 1048 1251; x_wconf 83' lang='grc' dir='ltr'>ὀρθόν.</span> <span class='ocrx_word' id='word_1_78' title='bbox 1092 1177 1396 1257; x_wconf 79' lang='grc' dir='ltr'>Ἐφιέμενοι</span> <span class='ocrx_word' id='word_1_79' title='bbox 1441 1181 1542 1255; x_wconf 71' lang='grc' dir='ltr'>γὰρ</span> <span class='ocrx_word' id='word_1_80' title='bbox 1602 1181 1739 1235; x_wconf 84' lang='grc' dir='ltr'>κατά</span> <span class='ocrx_word' id='word_1_81' title='bbox 1793 1179 1891 1258; x_wconf 78' lang='grc' dir='ltr'>φύ-</span> 
     </span>
    </p>
   </div>
   <div class='ocr_carea' id='block_1_12' title="bbox 258 1260 1892 1345">
    <p class='ocr_par' dir='ltr' id='par_1_12' title="bbox 258 1260 1892 1345">
     <span class='ocr_line' id='line_1_12' title="bbox 258 1260 1892 1345; baseline 0.006 -31"><span class='ocrx_word' id='word_1_82' title='bbox 258 1283 324 1314; x_wconf 91' lang='grc' dir='ltr'>σιν</span> <span class='ocrx_word' id='word_1_83' title='bbox 354 1263 440 1316; x_wconf 84' lang='grc' dir='ltr'>καὶ</span> <span class='ocrx_word' id='word_1_84' title='bbox 473 1260 703 1336; x_wconf 75' lang='grc' dir='ltr'>δύναμιν</span> <span class='ocrx_word' id='word_1_85' title='bbox 731 1270 827 1320; x_wconf 92' lang='grc' dir='ltr'>τοῦ</span> <span class='ocrx_word' id='word_1_86' title='bbox 856 1269 1063 1341; x_wconf 66' lang='grc' dir='ltr'>ιργαθοῦ</span> <span class='ocrx_word' id='word_1_87' title='bbox 1122 1268 1360 1342; x_wconf 78' lang='grc' dir='ltr'>ἐκτικήν,</span> <span class='ocrx_word' id='word_1_88' title='bbox 1422 1271 1728 1345; x_wconf 79' lang='grc' dir='ltr'>πράττομεν</span> <span class='ocrx_word' id='word_1_89' title='bbox 1785 1267 1892 1323; x_wconf 71' lang='grc' dir='ltr'>ἔσθ’</span> 
     </span>
    </p>
   </div>
   <div class='ocr_carea' id='block_1_13' title="bbox 258 1349 1893 1431">
    <p class='ocr_par' dir='ltr' id='par_1_13' title="bbox 258 1349 1893 1431">
     <span class='ocr_line' id='line_1_13' title="bbox 258 1349 1893 1431; baseline 0.006 -28"><span class='ocrx_word' id='word_1_90' title='bbox 258 1349 333 1404; x_wconf 75' lang='grc' dir='ltr'>ὅτε</span> <span class='ocrx_word' id='word_1_91' title='bbox 361 1351 681 1426; x_wconf 77' lang='grc' dir='ltr'>ἀγνοοῦντες</span> <span class='ocrx_word' id='word_1_92' title='bbox 711 1354 772 1408; x_wconf 88' lang='grc' dir='ltr'>τὸ</span> <span class='ocrx_word' id='word_1_93' title='bbox 817 1357 1004 1428; x_wconf 77' lang='grc' dir='ltr'>κακὸν,</span> <span class='ocrx_word' id='word_1_94' title='bbox 1062 1358 1091 1412; x_wconf 81' lang='grc' dir='ltr'>ὃ</span> <span class='ocrx_word' id='word_1_95' title='bbox 1149 1359 1284 1431; x_wconf 83' lang='grc' dir='ltr'>ἡμῖν</span> <span class='ocrx_word' id='word_1_96' title='bbox 1322 1359 1415 1431; x_wconf 72' lang='grc' dir='ltr'>μὲν</span> <span class='ocrx_word' id='word_1_97' title='bbox 1467 1358 1744 1431; x_wconf 76' lang='grc' dir='ltr'>νομίζεται</span> <span class='ocrx_word' id='word_1_98' title='bbox 1793 1379 1893 1412; x_wconf 83' lang='grc' dir='ltr'>κα·-</span> 
     </span>
    </p>
   </div>
   <div class='ocr_carea' id='block_1_14' title="bbox 257 1438 1891 1522">
    <p class='ocr_par' dir='ltr' id='par_1_14' title="bbox 257 1438 1891 1522">
     <span class='ocr_line' id='line_1_14' title="bbox 257 1438 1891 1522; baseline 0.006 -29"><span class='ocrx_word' id='word_1_99' title='bbox 257 1439 356 1509; x_wconf 85' lang='grc' dir='ltr'>λὸν,</span> <span class='ocrx_word' id='word_1_100' title='bbox 413 1445 482 1514; x_wconf 78' lang='grc' dir='ltr'>τῇ</span> <span class='ocrx_word' id='word_1_101' title='bbox 515 1438 573 1496; x_wconf 75' lang='grc' dir='ltr'>δὶ</span> <span class='ocrx_word' id='word_1_102' title='bbox 603 1441 839 1516; x_wconf 79' lang='grc' dir='ltr'>ἀληθείᾳ</span> <span class='ocrx_word' id='word_1_103' title='bbox 873 1445 983 1500; x_wconf 83' lang='grc' dir='ltr'>ἐστῖ</span> <span class='ocrx_word' id='word_1_104' title='bbox 1023 1447 1211 1502; x_wconf 75' lang='grc' dir='ltr'>κακόν·</span> <span class='ocrx_word' id='word_1_105' title='bbox 1276 1446 1330 1502; x_wconf 88' lang='grc' dir='ltr'>τί</span> <span class='ocrx_word' id='word_1_106' title='bbox 1375 1451 1514 1522; x_wconf 83' lang='grc' dir='ltr'>γάρ;</span> <span class='ocrx_word' id='word_1_107' title='bbox 1558 1449 1662 1517; x_wconf 78' lang='grc' dir='ltr'>ὅτι,</span> <span class='ocrx_word' id='word_1_108' title='bbox 1711 1469 1891 1520; x_wconf 91' lang='grc' dir='ltr'>τιμω-</span> 
     </span>
    </p>
   </div>
   <div class='ocr_carea' id='block_1_15' title="bbox 257 1530 1892 1610">
    <p class='ocr_par' dir='ltr' id='par_1_15' title="bbox 257 1530 1892 1610">
     <span class='ocr_line' id='line_1_15' title="bbox 257 1530 1892 1610; baseline 0.006 -28"><span class='ocrx_word' id='word_1_109' title='bbox 257 1533 455 1602; x_wconf 83' lang='grc' dir='ltr'>ροῦντες</span> <span class='ocrx_word' id='word_1_110' title='bbox 485 1535 565 1602; x_wconf 82' lang='grc' dir='ltr'>τῷ</span> <span class='ocrx_word' id='word_1_111' title='bbox 595 1530 938 1607; x_wconf 74' lang='grc' dir='ltr'>ἠδικημένῳ,</span> <span class='ocrx_word' id='word_1_112' title='bbox 973 1535 1272 1610; x_wconf 79' lang='grc' dir='ltr'>φονεύομεν</span> <span class='ocrx_word' id='word_1_113' title='bbox 1319 1536 1422 1591; x_wconf 80' lang='grc' dir='ltr'>ἔσθ’</span> <span class='ocrx_word' id='word_1_114' title='bbox 1479 1536 1568 1592; x_wconf 79' lang='grc' dir='ltr'>ὅτε</span> <span class='ocrx_word' id='word_1_115' title='bbox 1620 1537 1713 1592; x_wconf 88' lang='grc' dir='ltr'>τὸν</span> <span class='ocrx_word' id='word_1_116' title='bbox 1774 1535 1892 1591; x_wconf 85' lang='grc' dir='ltr'>ἀδι-</span> 
     </span>
    </p>
   </div>
   <div class='ocr_carea' id='block_1_16' title="bbox 254 1618 1891 1696">
    <p class='ocr_par' dir='ltr' id='par_1_16' title="bbox 254 1618 1891 1696">
     <span class='ocr_line' id='line_1_16' title="bbox 254 1618 1891 1696; baseline 0.005 -25"><span class='ocrx_word' id='word_1_117' title='bbox 254 1620 475 1687; x_wconf 72' lang='grc' dir='ltr'>κήσαντα</span> <span class='ocrx_word' id='word_1_118' title='bbox 509 1621 586 1693; x_wconf 83' lang='grc' dir='ltr'><strong>μή</strong></span> <span class='ocrx_word' id='word_1_119' title='bbox 623 1619 769 1692; x_wconf 69' lang='grc' dir='ltr'>ἄξιον</span> <span class='ocrx_word' id='word_1_120' title='bbox 809 1618 940 1679; x_wconf 71' lang='grc' dir='ltr'>ὄντα</span> <span class='ocrx_word' id='word_1_121' title='bbox 994 1627 1247 1685; x_wconf 78' lang='grc' dir='ltr'>θανάτου.</span> <span class='ocrx_word' id='word_1_122' title='bbox 1306 1625 1465 1683; x_wconf 76' lang='grc' dir='ltr'>Οὕτω</span> <span class='ocrx_word' id='word_1_123' title='bbox 1494 1627 1624 1696; x_wconf 77' lang='grc' dir='ltr'>νόει,</span> <span class='ocrx_word' id='word_1_124' title='bbox 1681 1625 1770 1682; x_wconf 79' lang='grc' dir='ltr'>καὶ</span> <span class='ocrx_word' id='word_1_125' title='bbox 1829 1625 1891 1681; x_wconf 78' lang='grc' dir='ltr'>οὗ</span> 
     </span>
    </p>
   </div>
   <div class='ocr_carea' id='block_1_17' title="bbox 258 1705 484 1784">
    <p class='ocr_par' dir='ltr' id='par_1_17' title="bbox 258 1705 484 1784">
     <span class='ocr_line' id='line_1_17' title="bbox 258 1705 484 1784; baseline 0.018 -24"><span class='ocrx_word' id='word_1_126' title='bbox 258 1705 459 1784; x_wconf 75' lang='grc' dir='ltr'>σφάλλῃ</span> <span class='ocrx_word' id='word_1_127' title='bbox 471 1752 484 1764; x_wconf 94' lang='grc'><strong>.</strong></span> 
     </span>
    </p>
   </div>
   <div class='ocr_carea' id='block_1_18' title="bbox 316 1798 1889 1876">
    <p class='ocr_par' dir='ltr' id='par_1_18' title="bbox 316 1798 1889 1876">
     <span class='ocr_line' id='line_1_18' title="bbox 316 1798 1889 1876; baseline 0.006 -26"><span class='ocrx_word' id='word_1_128' title='bbox 316 1799 596 1873; x_wconf 82' lang='grc' dir='ltr'>Στέρησις,</span> <span class='ocrx_word' id='word_1_129' title='bbox 650 1798 752 1876; x_wconf 79' lang='grc' dir='ltr'>ἄρα</span> <span class='ocrx_word' id='word_1_130' title='bbox 783 1801 918 1859; x_wconf 73' lang='grc' dir='ltr'>ἐστί.</span> <span class='ocrx_word' id='word_1_131' title='bbox 963 1806 1290 1876; x_wconf 84' lang='grc' dir='ltr'>Θαυμασίως</span> <span class='ocrx_word' id='word_1_132' title='bbox 1340 1800 1534 1876; x_wconf 79' lang='grc' dir='ltr'>ἔδειξεν</span> <span class='ocrx_word' id='word_1_133' title='bbox 1584 1805 1889 1860; x_wconf 84' lang='grc' dir='ltr'>ἀνυπόστα-</span> 
     </span>
    </p>
   </div>
   <div class='ocr_carea' id='block_1_19' title="bbox 252 1886 1967 1994">
    <p class='ocr_par' dir='ltr' id='par_1_19' title="bbox 252 1886 1967 1994">
     <span class='ocr_line' id='line_1_19' title="bbox 252 1886 1967 1994; baseline 0.007 -56"><span class='ocrx_word' id='word_1_134' title='bbox 252 1905 330 1939; x_wconf 87' lang='grc' dir='ltr'>τον</span> <span class='ocrx_word' id='word_1_135' title='bbox 359 1886 448 1940; x_wconf 89' lang='grc' dir='ltr'>τὸν</span> <span class='ocrx_word' id='word_1_136' title='bbox 501 1888 689 1958; x_wconf 87' lang='grc' dir='ltr'>κακὸν,</span> <span class='ocrx_word' id='word_1_137' title='bbox 743 1891 992 1966; x_wconf 77' lang='grc' dir='ltr'>στέρησιν</span> <span class='ocrx_word' id='word_1_138' title='bbox 1023 1891 1312 1966; x_wconf 79' lang='grc' dir='ltr'>ἀποδείξας</span> <span class='ocrx_word' id='word_1_139' title='bbox 1352 1899 1458 1950; x_wconf 81' lang='grc' dir='ltr'>τῶν</span> <span class='ocrx_word' id='word_1_140' title='bbox 1493 1893 1544 1949; x_wconf 79' lang='grc' dir='ltr'>έν</span> <span class='ocrx_word' id='word_1_141' title='bbox 1597 1895 1740 1966; x_wconf 77' lang='grc' dir='ltr'>τάξει</span> <span class='ocrx_word' id='word_1_142' title='bbox 1797 1894 1887 1950; x_wconf 81' lang='grc' dir='ltr'>καὶ</span> <span class='ocrx_word' id='word_1_143' title='bbox 1923 1931 1967 1994; x_wconf 77' lang='grc' dir='ltr'>Β</span> 
     </span>
     <span class='ocr_line' id='line_1_20' title="bbox 296 1974 1854 1994; baseline 0 0"><span class='ocrx_word' id='word_1_144' title='bbox 296 1974 307 1993; x_wconf 74' lang='grc' dir='ltr'>ι</span> <span class='ocrx_word' id='word_1_145' title='bbox 443 1977 505 1994; x_wconf 65' lang='grc' dir='ltr'>ετ.</span> <span class='ocrx_word' id='word_1_146' title='bbox 536 1974 578 1994; x_wconf 59' lang='grc' dir='ltr'>ιη</span> <span class='ocrx_word' id='word_1_147' title='bbox 707 1978 718 1994; x_wconf 89' lang='grc'><em>.</em></span> <span class='ocrx_word' id='word_1_148' title='bbox 982 1982 994 1994; x_wconf 83' lang='grc'>.</span> <span class='ocrx_word' id='word_1_149' title='bbox 1133 1983 1146 1994; x_wconf 83' lang='lat'>.</span> <span class='ocrx_word' id='word_1_150' title='bbox 1315 1984 1325 1994; x_wconf 97' lang='lat'>.</span> <span class='ocrx_word' id='word_1_151' title='bbox 1607 1985 1619 1994; x_wconf 93' lang='lat'>.</span> <span class='ocrx_word' id='word_1_152' title='bbox 1843 1984 1854 1994; x_wconf 95' lang='lat'>.</span> 
     </span>
    </p>
   </div>
   <div class='ocr_carea' id='block_1_20' title="bbox 252 1974 1882 2059">
    <p class='ocr_par' dir='ltr' id='par_1_20' title="bbox 252 1974 1882 2059">
     <span class='ocr_line' id='line_1_21' title="bbox 252 1974 1882 2059; baseline 0.007 -30"><span class='ocrx_word' id='word_1_153' title='bbox 252 1974 409 2032; x_wconf 62' lang='grc' dir='ltr'>ὤσει.</span> <span class='ocrx_word' id='word_1_154' title='bbox 443 1974 588 2031; x_wconf 82' lang='grc' dir='ltr'>Ἡδὲ</span> <span class='ocrx_word' id='word_1_155' title='bbox 636 1978 885 2055; x_wconf 78' lang='grc' dir='ltr'>στέρησις</span> <span class='ocrx_word' id='word_1_156' title='bbox 936 1982 1040 2036; x_wconf 83' lang='grc' dir='ltr'>οὐκ</span> <span class='ocrx_word' id='word_1_157' title='bbox 1087 1983 1540 2057; x_wconf 80' lang='grc' dir='ltr'>αὐτοϋπόστασις,</span> <span class='ocrx_word' id='word_1_158' title='bbox 1591 1985 1666 2045; x_wconf 84' lang='grc' dir='ltr'>ὡς</span> <span class='ocrx_word' id='word_1_159' title='bbox 1725 1984 1882 2059; x_wconf 86' lang='grc' dir='ltr'>προέ-</span> 
     </span>
    </p>
   </div>
   <div class='ocr_carea' id='block_1_21' title="bbox 251 2064 1883 2149">
    <p class='ocr_par' dir='ltr' id='par_1_21' title="bbox 251 2064 1883 2149">
     <span class='ocr_line' id='line_1_22' title="bbox 251 2064 1883 2149; baseline 0.007 -32"><span class='ocrx_word' id='word_1_160' title='bbox 251 2085 438 2141; x_wconf 75' lang='grc' dir='ltr'>φημεν,</span> <span class='ocrx_word' id='word_1_161' title='bbox 473 2064 621 2121; x_wconf 82' lang='grc' dir='ltr'>ἀλλά</span> <span class='ocrx_word' id='word_1_162' title='bbox 649 2069 710 2121; x_wconf 84' lang='grc' dir='ltr'>τὸ</span> <span class='ocrx_word' id='word_1_163' title='bbox 739 2071 976 2147; x_wconf 74' lang='grc' dir='ltr'>πεφυκὸς</span> <span class='ocrx_word' id='word_1_164' title='bbox 1006 2071 1095 2126; x_wconf 84' lang='grc' dir='ltr'>καὶ</span> <span class='ocrx_word' id='word_1_165' title='bbox 1135 2067 1434 2128; x_wconf 75' lang='grc' dir='ltr'>ἐπιϐάλλον</span> <span class='ocrx_word' id='word_1_166' title='bbox 1497 2078 1744 2149; x_wconf 80' lang='grc' dir='ltr'>παρεῖναι</span> <span class='ocrx_word' id='word_1_167' title='bbox 1808 2075 1883 2146; x_wconf 79' lang='grc' dir='ltr'>μὴ</span> 
     </span>
    </p>
   </div>
   <div class='ocr_carea' id='block_1_22' title="bbox 249 2153 1885 2235">
    <p class='ocr_par' dir='ltr' id='par_1_22' title="bbox 249 2153 1885 2235">
     <span class='ocr_line' id='line_1_23' title="bbox 249 2153 1885 2235; baseline 0.005 -27"><span class='ocrx_word' id='word_1_168' title='bbox 249 2153 402 2226; x_wconf 83' lang='grc' dir='ltr'>παρόν</span> <span class='ocrx_word' id='word_1_169' title='bbox 441 2174 454 2186; x_wconf 90' lang='grc'><strong>·</strong></span> <span class='ocrx_word' id='word_1_170' title='bbox 519 2156 638 2218; x_wconf 75' lang='grc' dir='ltr'>ὅθεν</span> <span class='ocrx_word' id='word_1_171' title='bbox 683 2159 771 2212; x_wconf 77' lang='grc' dir='ltr'>καὶ</span> <span class='ocrx_word' id='word_1_172' title='bbox 828 2159 1118 2235; x_wconf 80' lang='grc' dir='ltr'>ἁμαρτίαν,</span> <span class='ocrx_word' id='word_1_173' title='bbox 1177 2163 1452 2216; x_wconf 87' lang='grc' dir='ltr'>τουτέστιν</span> <span class='ocrx_word' id='word_1_174' title='bbox 1507 2163 1749 2234; x_wconf 80' lang='grc' dir='ltr'>ἀτευξίαν</span> <span class='ocrx_word' id='word_1_175' title='bbox 1795 2162 1885 2216; x_wconf 78' lang='grc' dir='ltr'>καὶ</span> 
     </span>
    </p>
   </div>
   <div class='ocr_carea' id='block_1_23' title="bbox 249 2243 1886 2323">
    <p class='ocr_par' dir='ltr' id='par_1_23' title="bbox 249 2243 1886 2323">
     <span class='ocr_line' id='line_1_24' title="bbox 249 2243 1886 2323; baseline 0.008 -28"><span class='ocrx_word' id='word_1_176' title='bbox 249 2243 550 2298; x_wconf 83' lang='grc' dir='ltr'>ἀπόπτωσίν</span> <span class='ocrx_word' id='word_1_177' title='bbox 589 2267 711 2300; x_wconf 84' lang='grc' dir='ltr'>τινα</span> <span class='ocrx_word' id='word_1_178' title='bbox 760 2252 856 2302; x_wconf 83' lang='grc' dir='ltr'>τοῦ</span> <span class='ocrx_word' id='word_1_179' title='bbox 906 2252 1308 2323; x_wconf 60' lang='grc' dir='ltr'>προσήκοντος,</span> <span class='ocrx_word' id='word_1_180' title='bbox 1358 2251 1488 2306; x_wconf 79' lang='grc' dir='ltr'>αὐτὸ</span> <span class='ocrx_word' id='word_1_181' title='bbox 1538 2252 1600 2306; x_wconf 86' lang='grc' dir='ltr'>τὸ</span> <span class='ocrx_word' id='word_1_182' title='bbox 1641 2256 1741 2318; x_wconf 80' lang='grc' dir='ltr'>τῆς</span> <span class='ocrx_word' id='word_1_183' title='bbox 1766 2273 1886 2306; x_wconf 85' lang='grc' dir='ltr'>στε-</span> 
     </span>
    </p>
   </div>
   <div class='ocr_carea' id='block_1_24' title="bbox 251 2333 1884 2412">
    <p class='ocr_par' dir='ltr' id='par_1_24' title="bbox 251 2333 1884 2412">
     <span class='ocr_line' id='line_1_25' title="bbox 251 2333 1884 2412; baseline 0.007 -27"><span class='ocrx_word' id='word_1_184' title='bbox 251 2334 448 2406; x_wconf 77' lang='grc' dir='ltr'>ρήσεως</span> <span class='ocrx_word' id='word_1_185' title='bbox 476 2333 657 2404; x_wconf 86' lang='grc' dir='ltr'>καλεῖ,</span> <span class='ocrx_word' id='word_1_186' title='bbox 707 2338 796 2390; x_wconf 76' lang='grc' dir='ltr'>καὶ</span> <span class='ocrx_word' id='word_1_187' title='bbox 843 2335 1103 2408; x_wconf 72' lang='grc' dir='ltr'>ἄσκοπον,</span> <span class='ocrx_word' id='word_1_188' title='bbox 1148 2340 1263 2394; x_wconf 87' lang='grc' dir='ltr'>ἀντί</span> <span class='ocrx_word' id='word_1_189' title='bbox 1293 2345 1412 2410; x_wconf 87' lang='grc' dir='ltr'>τοῦ,</span> <span class='ocrx_word' id='word_1_190' title='bbox 1444 2343 1591 2412; x_wconf 86' lang='grc' dir='ltr'>παρά</span> <span class='ocrx_word' id='word_1_191' title='bbox 1619 2343 1709 2396; x_wconf 86' lang='grc' dir='ltr'>τὸν</span> <span class='ocrx_word' id='word_1_192' title='bbox 1761 2363 1884 2396; x_wconf 83' lang='grc' dir='ltr'>σκο-</span> 
     </span>
    </p>
   </div>
   <div class='ocr_carea' id='block_1_25' title="bbox 247 2420 1884 2505">
    <p class='ocr_par' dir='ltr' id='par_1_25' title="bbox 247 2420 1884 2505">
     <span class='ocr_line' id='line_1_26' title="bbox 247 2420 1884 2505; baseline 0.007 -31"><span class='ocrx_word' id='word_1_193' title='bbox 247 2422 333 2475; x_wconf 88' lang='grc' dir='ltr'>πὸν</span> <span class='ocrx_word' id='word_1_194' title='bbox 394 2420 630 2495; x_wconf 72' lang='grc' dir='ltr'>βάλλον,</span> <span class='ocrx_word' id='word_1_195' title='bbox 663 2423 724 2479; x_wconf 80' lang='grc' dir='ltr'>ἐκ</span> <span class='ocrx_word' id='word_1_196' title='bbox 765 2433 1072 2504; x_wconf 75' lang='grc' dir='ltr'>μεταφορᾶς</span> <span class='ocrx_word' id='word_1_197' title='bbox 1129 2434 1236 2484; x_wconf 80' lang='grc' dir='ltr'>τῶν</span> <span class='ocrx_word' id='word_1_198' title='bbox 1296 2429 1642 2500; x_wconf 72' lang='grc' dir='ltr'>τοξευόντων·</span> <span class='ocrx_word' id='word_1_199' title='bbox 1704 2431 1884 2505; x_wconf 84' lang='grc' dir='ltr'>ὥσπερ</span> 
     </span>
    </p>
   </div>
   <div class='ocr_carea' id='block_1_26' title="bbox 247 2509 1885 2590">
    <p class='ocr_par' dir='ltr' id='par_1_26' title="bbox 247 2509 1885 2590">
     <span class='ocr_line' id='line_1_27' title="bbox 247 2509 1885 2590; baseline 0.007 -28"><span class='ocrx_word' id='word_1_200' title='bbox 247 2510 334 2584; x_wconf 72' lang='grc' dir='ltr'>γὰρ</span> <span class='ocrx_word' id='word_1_201' title='bbox 365 2509 586 2581; x_wconf 84' lang='grc' dir='ltr'>ἐκεῖνοι,</span> <span class='ocrx_word' id='word_1_202' title='bbox 620 2513 1076 2590; x_wconf 70' lang='grc' dir='ltr'>ἐπιτυγχάνοντες</span> <span class='ocrx_word' id='word_1_203' title='bbox 1129 2516 1225 2572; x_wconf 81' lang='grc' dir='ltr'>τοῦ</span> <span class='ocrx_word' id='word_1_204' title='bbox 1257 2523 1482 2590; x_wconf 79' lang='grc' dir='ltr'>σκοποῦ,</span> <span class='ocrx_word' id='word_1_205' title='bbox 1519 2519 1758 2574; x_wconf 69' lang='grc' dir='ltr'>τουτέστι</span> <span class='ocrx_word' id='word_1_206' title='bbox 1790 2524 1885 2574; x_wconf 89' lang='grc' dir='ltr'>τοῦ</span> 
     </span>
    </p>
   </div>
   <div class='ocr_carea' id='block_1_27' title="bbox 253 2599 1884 2684">
    <p class='ocr_par' dir='ltr' id='par_1_27' title="bbox 253 2599 1884 2684">
     <span class='ocr_line' id='line_1_28' title="bbox 253 2599 1884 2684; baseline 0.006 -32"><span class='ocrx_word' id='word_1_207' title='bbox 253 2600 466 2670; x_wconf 78' lang='grc' dir='ltr'>σημείου</span> <span class='ocrx_word' id='word_1_208' title='bbox 501 2599 582 2678; x_wconf 70' lang='grc' dir='ltr'>ἐφ’</span> <span class='ocrx_word' id='word_1_209' title='bbox 610 2601 637 2655; x_wconf 79' lang='grc' dir='ltr'>ὃ</span> <span class='ocrx_word' id='word_1_210' title='bbox 668 2603 1002 2676; x_wconf 75' lang='grc' dir='ltr'>τοξεύουσιν,</span> <span class='ocrx_word' id='word_1_211' title='bbox 1034 2606 1062 2660; x_wconf 81' lang='grc' dir='ltr'><strong>’ὀ</strong></span> <span class='ocrx_word' id='word_1_212' title='bbox 1114 2605 1180 2676; x_wconf 81' lang='grc' dir='ltr'>δὴ</span> <span class='ocrx_word' id='word_1_213' title='bbox 1239 2608 1328 2661; x_wconf 86' lang='grc' dir='ltr'>καὶ</span> <span class='ocrx_word' id='word_1_214' title='bbox 1388 2609 1588 2671; x_wconf 85' lang='grc' dir='ltr'>σκοπὸς</span> <span class='ocrx_word' id='word_1_215' title='bbox 1645 2608 1884 2684; x_wconf 86' lang='grc' dir='ltr'>λέγεται,</span> 
     </span>
    </p>
   </div>
   <div class='ocr_carea' id='block_1_28' title="bbox 248 2685 1890 2768">
    <p class='ocr_par' dir='ltr' id='par_1_28' title="bbox 248 2685 1890 2768">
     <span class='ocr_line' id='line_1_29' title="bbox 248 2685 1890 2768; baseline 0.008 -28"><span class='ocrx_word' id='word_1_216' title='bbox 248 2685 415 2749; x_wconf 78' lang='grc' dir='ltr'>καλῶς</span> <span class='ocrx_word' id='word_1_217' title='bbox 445 2687 725 2763; x_wconf 69' lang='grc' dir='ltr'>προίασιν·</span> <span class='ocrx_word' id='word_1_218' title='bbox 761 2691 937 2755; x_wconf 79' lang='grc' dir='ltr'>οὕτως</span> <span class='ocrx_word' id='word_1_219' title='bbox 977 2694 1028 2748; x_wconf 75' lang='grc' dir='ltr'>οἱ</span> <span class='ocrx_word' id='word_1_220' title='bbox 1061 2692 1162 2764; x_wconf 78' lang='grc' dir='ltr'>ἔξω</span> <span class='ocrx_word' id='word_1_221' title='bbox 1192 2699 1288 2750; x_wconf 90' lang='grc' dir='ltr'>τοῦ</span> <span class='ocrx_word' id='word_1_222' title='bbox 1330 2701 1535 2752; x_wconf 88' lang='grc' dir='ltr'>σκοποῦ</span> <span class='ocrx_word' id='word_1_223' title='bbox 1578 2697 1890 2768; x_wconf 79' lang='grc' dir='ltr'>τοξεύοντες</span> 
     </span>
    </p>
   </div>
   <div class='ocr_carea' id='block_1_29' title="bbox 250 2777 1226 2857">
    <p class='ocr_par' dir='ltr' id='par_1_29' title="bbox 250 2777 1226 2857">
     <span class='ocr_line' id='line_1_30' title="bbox 250 2777 1226 2857; baseline 0.011 -28"><span class='ocrx_word' id='word_1_224' title='bbox 250 2777 605 2851; x_wconf 78' lang='grc' dir='ltr'>ἁμαρτάνουσι</span> <span class='ocrx_word' id='word_1_225' title='bbox 625 2782 668 2816; x_wconf 84' lang='grc'>¹³</span> <span class='ocrx_word' id='word_1_226' title='bbox 699 2784 796 2835; x_wconf 90' lang='grc' dir='ltr'>τοῦ</span> <span class='ocrx_word' id='word_1_227' title='bbox 826 2784 1226 2857; x_wconf 76' lang='grc' dir='ltr'>προσήκοντος.</span> 
     </span>
    </p>
   </div>
   <div class='ocr_carea' id='block_1_30' title="bbox 310 2868 1887 2952">
    <p class='ocr_par' dir='ltr' id='par_1_30' title="bbox 310 2868 1887 2952">
     <span class='ocr_line' id='line_1_31' title="bbox 310 2868 1887 2952; baseline 0.008 -31"><span class='ocrx_word' id='word_1_228' title='bbox 310 2868 403 2922; x_wconf 76' lang='grc' dir='ltr'>Καὶ</span> <span class='ocrx_word' id='word_1_229' title='bbox 460 2869 720 2944; x_wconf 74' lang='grc' dir='ltr'>ἁμαρτία.</span> <span class='ocrx_word' id='word_1_230' title='bbox 774 2873 846 2926; x_wconf 89' lang='grc' dir='ltr'>Τὸ</span> <span class='ocrx_word' id='word_1_231' title='bbox 904 2873 1144 2949; x_wconf 79' lang='grc' dir='ltr'>ἁμαρτία</span> <span class='ocrx_word' id='word_1_232' title='bbox 1177 2877 1253 2948; x_wconf 85' lang='grc' dir='ltr'>μή</span> <span class='ocrx_word' id='word_1_233' title='bbox 1305 2879 1512 2952; x_wconf 73' lang='grc' dir='ltr'>νοήσῃς</span> <span class='ocrx_word' id='word_1_234' title='bbox 1538 2879 1636 2947; x_wconf 80' lang='grc' dir='ltr'>τήν</span> <span class='ocrx_word' id='word_1_235' title='bbox 1663 2879 1887 2951; x_wconf 85' lang='grc' dir='ltr'>γενομέ-</span> 
     </span>
    </p>
   </div>
   <div class='ocr_carea' id='block_1_31' title="bbox 247 2956 1889 3038">
    <p class='ocr_par' dir='ltr' id='par_1_31' title="bbox 247 2956 1889 3038">
     <span class='ocr_line' id='line_1_32' title="bbox 247 2956 1889 3038; baseline 0.008 -30"><span class='ocrx_word' id='word_1_236' title='bbox 247 2977 334 3025; x_wconf 79' lang='grc' dir='ltr'>νην</span> <span class='ocrx_word' id='word_1_237' title='bbox 385 2956 435 3011; x_wconf 86' lang='grc' dir='ltr'>ἐν</span> <span class='ocrx_word' id='word_1_238' title='bbox 487 2961 649 3031; x_wconf 79' lang='grc' dir='ltr'>ἡμῖν,</span> <span class='ocrx_word' id='word_1_239' title='bbox 711 2963 825 3015; x_wconf 82' lang='grc' dir='ltr'>οἷον</span> <span class='ocrx_word' id='word_1_240' title='bbox 878 2963 1157 3038; x_wconf 76' lang='grc' dir='ltr'>μοιχείαν,</span> <span class='ocrx_word' id='word_1_241' title='bbox 1205 2966 1240 3033; x_wconf 83' lang='grc' dir='ltr'>ἣ</span> <span class='ocrx_word' id='word_1_242' title='bbox 1294 2964 1528 3037; x_wconf 78' lang='grc' dir='ltr'>ἀδικίαν,</span> <span class='ocrx_word' id='word_1_243' title='bbox 1577 2970 1611 3038; x_wconf 81' lang='grc' dir='ltr'>ἣ</span> <span class='ocrx_word' id='word_1_244' title='bbox 1667 2965 1807 3023; x_wconf 76' lang='grc' dir='ltr'>ἄλλο</span> <span class='ocrx_word' id='word_1_245' title='bbox 1837 2988 1889 3021; x_wconf 91' lang='grc' dir='ltr'>τι</span> 
     </span>
    </p>
   </div>
   <div class='ocr_carea' id='block_1_32' title="bbox 249 3046 1888 3132">
    <p class='ocr_par' dir='ltr' id='par_1_32' title="bbox 249 3046 1888 3132">
     <span class='ocr_line' id='line_1_33' title="bbox 249 3046 1888 3132; baseline 0.008 -34"><span class='ocrx_word' id='word_1_246' title='bbox 249 3049 503 3101; x_wconf 87' lang='grc' dir='ltr'>τοιοῦτον·</span> <span class='ocrx_word' id='word_1_247' title='bbox 561 3046 689 3103; x_wconf 76' lang='grc' dir='ltr'>ἀλλ’</span> <span class='ocrx_word' id='word_1_248' title='bbox 744 3051 773 3104; x_wconf 85' lang='grc' dir='ltr'>’ὸ</span> <span class='ocrx_word' id='word_1_249' title='bbox 825 3049 991 3125; x_wconf 88' lang='grc' dir='ltr'>λέγει,</span> <span class='ocrx_word' id='word_1_250' title='bbox 1046 3055 1292 3108; x_wconf 85' lang='grc' dir='ltr'>τοιοῦτόν</span> <span class='ocrx_word' id='word_1_251' title='bbox 1353 3055 1484 3109; x_wconf 78' lang='grc' dir='ltr'>ἐστι’</span> <span class='ocrx_word' id='word_1_252' title='bbox 1546 3058 1658 3112; x_wconf 89' lang='grc' dir='ltr'>Τοῦ</span> <span class='ocrx_word' id='word_1_253' title='bbox 1689 3056 1888 3132; x_wconf 82' lang='grc' dir='ltr'>ἀγαθοῦ</span> 
     </span>
    </p>
   </div>
   <div class='ocr_carea' id='block_1_33' title="bbox 246 3135 1890 3220">
    <p class='ocr_par' dir='ltr' id='par_1_33' title="bbox 246 3135 1890 3220">
     <span class='ocr_line' id='line_1_34' title="bbox 246 3135 1890 3220; baseline 0.007 -33"><span class='ocrx_word' id='word_1_254' title='bbox 246 3135 322 3187; x_wconf 79' lang='grc' dir='ltr'>καὶ</span> <span class='ocrx_word' id='word_1_255' title='bbox 376 3143 475 3205; x_wconf 77' lang='grc' dir='ltr'>τῆς</span> <span class='ocrx_word' id='word_1_256' title='bbox 532 3137 669 3193; x_wconf 82' lang='grc' dir='ltr'>κατά</span> <span class='ocrx_word' id='word_1_257' title='bbox 724 3139 879 3214; x_wconf 75' lang='grc' dir='ltr'>φύσιν</span> <span class='ocrx_word' id='word_1_258' title='bbox 939 3144 1206 3212; x_wconf 76' lang='grc' dir='ltr'>κινήσεως</span> <span class='ocrx_word' id='word_1_259' title='bbox 1248 3141 1373 3213; x_wconf 69' lang='grc' dir='ltr'>ἤτοι</span> <span class='ocrx_word' id='word_1_260' title='bbox 1401 3145 1600 3215; x_wconf 82' lang='grc' dir='ltr'>τάξεως</span> <span class='ocrx_word' id='word_1_261' title='bbox 1656 3144 1890 3220; x_wconf 82' lang='grc' dir='ltr'>ἀποτυγ-</span> 
     </span>
    </p>
   </div>
   <div class='ocr_carea' id='block_1_34' title="bbox 249 3225 1887 3312">
    <p class='ocr_par' dir='ltr' id='par_1_34' title="bbox 249 3225 1887 3312">
     <span class='ocr_line' id='line_1_35' title="bbox 249 3225 1887 3312; baseline 0.009 -37"><span class='ocrx_word' id='word_1_262' title='bbox 249 3225 516 3297; x_wconf 67' lang='grc' dir='ltr'>χάνοντες,</span> <span class='ocrx_word' id='word_1_263' title='bbox 565 3227 840 3304; x_wconf 71' lang='grc' dir='ltr'>φερόμεθα</span> <span class='ocrx_word' id='word_1_264' title='bbox 872 3230 948 3292; x_wconf 82' lang='grc' dir='ltr'>εἷς</span> <span class='ocrx_word' id='word_1_265' title='bbox 974 3232 1072 3300; x_wconf 77' lang='grc' dir='ltr'>τήν</span> <span class='ocrx_word' id='word_1_266' title='bbox 1123 3232 1270 3308; x_wconf 85' lang='grc' dir='ltr'>παρά</span> <span class='ocrx_word' id='word_1_267' title='bbox 1318 3234 1473 3312; x_wconf 71' lang='grc' dir='ltr'>φύσιν</span> <span class='ocrx_word' id='word_1_268' title='bbox 1524 3233 1746 3307; x_wconf 88' lang='grc' dir='ltr'>ἀλογον,</span> <span class='ocrx_word' id='word_1_269' title='bbox 1798 3228 1887 3289; x_wconf 66' lang='grc' dir='ltr'>καὶ</span> 
     </span>
    </p>
   </div>
   <div class='ocr_carea' id='block_1_35' title="bbox 2004 645 3659 719">
    <p class='ocr_par' dir='ltr' id='par_1_35' title="bbox 2004 645 3659 719">
     <span class='ocr_line' id='line_1_36' title="bbox 2004 645 3659 719; baseline 0.004 -21"><span class='ocrx_word' id='word_1_270' title='bbox 2004 649 2123 699; x_wconf 80' lang='lat' dir='ltr'>tem</span> <span class='ocrx_word' id='word_1_271' title='bbox 2145 645 2322 700; x_wconf 90' lang='lat' dir='ltr'>etiam</span> <span class='ocrx_word' id='word_1_272' title='bbox 2358 646 2633 717; x_wconf 81' lang='lat' dir='ltr'>superius</span> <span class='ocrx_word' id='word_1_273' title='bbox 2658 646 2938 714; x_wconf 80' lang='lat' dir='ltr'>diximus,</span> <span class='ocrx_word' id='word_1_274' title='bbox 2970 648 3250 703; x_wconf 79' lang='lat' dir='ltr'>nimirum</span> <span class='ocrx_word' id='word_1_275' title='bbox 3275 649 3431 719; x_wconf 90' lang='lat' dir='ltr'>quod</span> <span class='ocrx_word' id='word_1_276' title='bbox 3463 650 3659 704; x_wconf 87' lang='lat' dir='ltr'>nonad</span> 
     </span>
    </p>
   </div>
   <div class='ocr_carea' id='block_1_36' title="bbox 2014 734 3666 808">
    <p class='ocr_par' dir='ltr' id='par_1_36' title="bbox 2014 734 3666 808">
     <span class='ocr_line' id='line_1_37' title="bbox 2014 734 3666 808; baseline 0.002 -18"><span class='ocrx_word' id='word_1_277' title='bbox 2014 734 2237 790; x_wconf 85' lang='lat' dir='ltr'>malum</span> <span class='ocrx_word' id='word_1_278' title='bbox 2267 735 2648 807; x_wconf 81' lang='lat' dir='ltr'>respicientes</span> <span class='ocrx_word' id='word_1_279' title='bbox 2673 736 2893 808; x_wconf 87' lang='lat' dir='ltr'>aliquid</span> <span class='ocrx_word' id='word_1_280' title='bbox 2922 754 3186 808; x_wconf 79' lang='lat' dir='ltr'>agamus,</span> <span class='ocrx_word' id='word_1_281' title='bbox 3212 739 3666 808; x_wconf 85' lang='lat' dir='ltr'>sedjudicantes</span> 
     </span>
    </p>
   </div>
   <div class='ocr_carea' id='block_1_37' title="bbox 2005 824 3582 895">
    <p class='ocr_par' dir='ltr' id='par_1_37' title="bbox 2005 824 3582 895">
     <span class='ocr_line' id='line_1_38' title="bbox 2005 824 3582 895; baseline 0.003 -17"><span class='ocrx_word' id='word_1_282' title='bbox 2005 824 2226 878; x_wconf 85' lang='lat' dir='ltr'>bonum</span> <span class='ocrx_word' id='word_1_283' title='bbox 2260 825 2506 895; x_wconf 87' lang='lat' dir='ltr'>operari,</span> <span class='ocrx_word' id='word_1_284' title='bbox 2543 826 2652 881; x_wconf 90' lang='lat' dir='ltr'>etsi</span> <span class='ocrx_word' id='word_1_285' title='bbox 2684 826 2876 881; x_wconf 85' lang='lat' dir='ltr'>exitus</span> <span class='ocrx_word' id='word_1_286' title='bbox 2905 826 3260 881; x_wconf 88' lang='lat' dir='ltr'>contrarium</span> <span class='ocrx_word' id='word_1_287' title='bbox 3294 827 3582 884; x_wconf 75' lang='lat' dir='ltr'>ostendat.</span> 
     </span>
    </p>
   </div>
   <div class='ocr_carea' id='block_1_38' title="bbox 2077 913 3659 986">
    <p class='ocr_par' dir='ltr' id='par_1_38' title="bbox 2077 913 3659 986">
     <span class='ocr_line' id='line_1_39' title="bbox 2077 913 3659 986; baseline 0.003 -19"><span class='ocrx_word' id='word_1_288' title='bbox 2077 913 2215 980; x_wconf 84' lang='lat' dir='ltr'>Quia</span> <span class='ocrx_word' id='word_1_289' title='bbox 2248 916 2377 968; x_wconf 78' lang='lat' dir='ltr'>boni</span> <span class='ocrx_word' id='word_1_290' title='bbox 2404 914 2630 986; x_wconf 81' lang='lat' dir='ltr'>gratia.</span> <span class='ocrx_word' id='word_1_291' title='bbox 2656 915 2819 982; x_wconf 87' lang='lat' dir='ltr'>Quod</span> <span class='ocrx_word' id='word_1_292' title='bbox 2845 915 2988 969; x_wconf 81' lang='lat' dir='ltr'>dixit</span> <span class='ocrx_word' id='word_1_293' title='bbox 3019 913 3266 969; x_wconf 88' lang='lat' dir='ltr'>etiamin</span> <span class='ocrx_word' id='word_1_294' title='bbox 3298 916 3659 986; x_wconf 77' lang='lat' dir='ltr'>praecedente</span> 
     </span>
    </p>
   </div>
   <div class='ocr_carea' id='block_1_39' title="bbox 2005 998 3658 1076">
    <p class='ocr_par' dir='ltr' id='par_1_39' title="bbox 2005 998 3658 1076">
     <span class='ocr_line' id='line_1_40' title="bbox 2005 998 3658 1076; baseline 0.002 -19"><span class='ocrx_word' id='word_1_295' title='bbox 2005 1003 2214 1074; x_wconf 81' lang='lat' dir='ltr'>capite,</span> <span class='ocrx_word' id='word_1_296' title='bbox 2241 998 2328 1055; x_wconf 79' lang='grc' dir='ltr'>διὰ</span> <span class='ocrx_word' id='word_1_297' title='bbox 2350 1001 2410 1055; x_wconf 89' lang='grc' dir='ltr'>τὸ</span> <span class='ocrx_word' id='word_1_298' title='bbox 2446 1003 2667 1076; x_wconf 77' lang='grc' dir='ltr'>ἀγαθόν,</span> <span class='ocrx_word' id='word_1_299' title='bbox 2701 1009 2939 1076; x_wconf 77' lang='lat' dir='ltr'>propter</span> <span class='ocrx_word' id='word_1_300' title='bbox 2961 1005 3202 1074; x_wconf 88' lang='lat' dir='ltr'>bonum,</span> <span class='ocrx_word' id='word_1_301' title='bbox 3229 1003 3366 1076; x_wconf 85' lang='lat' dir='ltr'>quia</span> <span class='ocrx_word' id='word_1_302' title='bbox 3417 1005 3658 1061; x_wconf 86' lang='lat' dir='ltr'>arbitra-</span> 
     </span>
    </p>
   </div>
   <div class='ocr_carea' id='block_1_40' title="bbox 2004 1092 3133 1164">
    <p class='ocr_par' dir='ltr' id='par_1_40' title="bbox 2004 1092 3133 1164">
     <span class='ocr_line' id='line_1_41' title="bbox 2004 1092 3133 1164; baseline -0.001 -16"><span class='ocrx_word' id='word_1_303' title='bbox 2004 1109 2140 1148; x_wconf 92' lang='lat' dir='ltr'>mur</span> <span class='ocrx_word' id='word_1_304' title='bbox 2170 1092 2226 1147; x_wconf 88' lang='lat' dir='ltr'>id</span> <span class='ocrx_word' id='word_1_305' title='bbox 2264 1093 2418 1164; x_wconf 89' lang='lat' dir='ltr'>quod</span> <span class='ocrx_word' id='word_1_306' title='bbox 2455 1093 2700 1149; x_wconf 82' lang='lat' dir='ltr'>facimus</span> <span class='ocrx_word' id='word_1_307' title='bbox 2735 1111 2863 1149; x_wconf 89' lang='lat' dir='ltr'>esse</span> <span class='ocrx_word' id='word_1_308' title='bbox 2894 1095 3133 1149; x_wconf 89' lang='lat' dir='ltr'>bonum.</span> 
     </span>
    </p>
   </div>
   <div class='ocr_carea' id='block_1_41' title="bbox 2074 1181 3656 1255">
    <p class='ocr_par' dir='ltr' id='par_1_41' title="bbox 2074 1181 3656 1255">
     <span class='ocr_line' id='line_1_42' title="bbox 2074 1181 3656 1255; baseline 0.001 -18"><span class='ocrx_word' id='word_1_309' title='bbox 2074 1184 2278 1237; x_wconf 82' lang='lat' dir='ltr'>Revera</span> <span class='ocrx_word' id='word_1_310' title='bbox 2307 1186 2495 1238; x_wconf 84' lang='lat' dir='ltr'>autem</span> <span class='ocrx_word' id='word_1_311' title='bbox 2517 1199 2626 1237; x_wconf 79' lang='lat' dir='ltr'>non</span> <span class='ocrx_word' id='word_1_312' title='bbox 2659 1187 2887 1238; x_wconf 80' lang='lat' dir='ltr'>rectum.</span> <span class='ocrx_word' id='word_1_313' title='bbox 2908 1183 3219 1255; x_wconf 83' lang='lat' dir='ltr'>Cupientes</span> <span class='ocrx_word' id='word_1_314' title='bbox 3245 1182 3397 1238; x_wconf 83' lang='lat' dir='ltr'>enim</span> <span class='ocrx_word' id='word_1_315' title='bbox 3434 1181 3656 1254; x_wconf 89' lang='lat' dir='ltr'>aliquid</span> 
     </span>
    </p>
   </div>
   <div class='ocr_carea' id='block_1_42' title="bbox 2006 1271 3659 1343">
    <p class='ocr_par' dir='ltr' id='par_1_42' title="bbox 2006 1271 3659 1343">
     <span class='ocr_line' id='line_1_43' title="bbox 2006 1271 3659 1343; baseline 0.001 -17"><span class='ocrx_word' id='word_1_316' title='bbox 2006 1271 2332 1326; x_wconf 88' lang='lat' dir='ltr'>secundum</span> <span class='ocrx_word' id='word_1_317' title='bbox 2389 1277 2660 1328; x_wconf 90' lang='lat' dir='ltr'>naturam</span> <span class='ocrx_word' id='word_1_318' title='bbox 2695 1277 2751 1328; x_wconf 91' lang='lat' dir='ltr'>et</span> <span class='ocrx_word' id='word_1_319' title='bbox 2778 1273 3055 1328; x_wconf 81' lang='lat' dir='ltr'>virtutem</span> <span class='ocrx_word' id='word_1_320' title='bbox 3091 1274 3228 1328; x_wconf 87' lang='lat' dir='ltr'>boni</span> <span class='ocrx_word' id='word_1_321' title='bbox 3268 1272 3659 1343; x_wconf 84' lang='lat' dir='ltr'>habitualem,</span> 
     </span>
    </p>
   </div>
   <div class='ocr_carea' id='block_1_43' title="bbox 2004 1359 3660 1433">
    <p class='ocr_par' dir='ltr' id='par_1_43' title="bbox 2004 1359 3660 1433">
     <span class='ocr_line' id='line_1_44' title="bbox 2004 1359 3660 1433; baseline 0.001 -18"><span class='ocrx_word' id='word_1_322' title='bbox 2004 1359 2324 1431; x_wconf 81' lang='lat' dir='ltr'>aliquando</span> <span class='ocrx_word' id='word_1_323' title='bbox 2350 1361 2525 1416; x_wconf 85' lang='lat' dir='ltr'>nescii</span> <span class='ocrx_word' id='word_1_324' title='bbox 2561 1361 2784 1416; x_wconf 86' lang='lat' dir='ltr'>malum</span> <span class='ocrx_word' id='word_1_325' title='bbox 2814 1362 3310 1433; x_wconf 83' lang='lat' dir='ltr'>operamur,quod</span> <span class='ocrx_word' id='word_1_326' title='bbox 3336 1361 3506 1416; x_wconf 89' lang='lat' dir='ltr'>nobis</span> <span class='ocrx_word' id='word_1_327' title='bbox 3531 1363 3660 1432; x_wconf 87' lang='lat' dir='ltr'>qui-</span> 
     </span>
    </p>
   </div>
   <div class='ocr_carea' id='block_1_44' title="bbox 2005 1449 3658 1519">
    <p class='ocr_par' dir='ltr' id='par_1_44' title="bbox 2005 1449 3658 1519">
     <span class='ocr_line' id='line_1_45' title="bbox 2005 1449 3658 1519; baseline 0.001 -16"><span class='ocrx_word' id='word_1_328' title='bbox 2005 1450 2137 1504; x_wconf 88' lang='lat' dir='ltr'>dem</span> <span class='ocrx_word' id='word_1_329' title='bbox 2169 1451 2389 1506; x_wconf 88' lang='lat' dir='ltr'>bonum</span> <span class='ocrx_word' id='word_1_330' title='bbox 2421 1450 2673 1519; x_wconf 90' lang='lat' dir='ltr'>videtur,</span> <span class='ocrx_word' id='word_1_331' title='bbox 2708 1455 3109 1506; x_wconf 82' lang='lat' dir='ltr'>verumtamen</span> <span class='ocrx_word' id='word_1_332' title='bbox 3143 1455 3232 1505; x_wconf 89' lang='lat' dir='ltr'>est</span> <span class='ocrx_word' id='word_1_333' title='bbox 3264 1449 3524 1506; x_wconf 90' lang='lat' dir='ltr'>malum:</span> <span class='ocrx_word' id='word_1_334' title='bbox 3553 1468 3658 1505; x_wconf 92' lang='lat' dir='ltr'>cur</span> 
     </span>
    </p>
   </div>
   <div class='ocr_carea' id='block_1_45' title="bbox 2003 1539 3656 1610">
    <p class='ocr_par' dir='ltr' id='par_1_45' title="bbox 2003 1539 3656 1610">
     <span class='ocr_line' id='line_1_46' title="bbox 2003 1539 3656 1610; baseline 0.001 -18"><span class='ocrx_word' id='word_1_335' title='bbox 2003 1540 2158 1592; x_wconf 88' lang='lat' dir='ltr'>enim</span> <span class='ocrx_word' id='word_1_336' title='bbox 2187 1539 2214 1594; x_wconf 70' lang='lat'>‘2</span> <span class='ocrx_word' id='word_1_337' title='bbox 2242 1541 2394 1610; x_wconf 92' lang='lat' dir='ltr'>quod</span> <span class='ocrx_word' id='word_1_338' title='bbox 2430 1540 2647 1610; x_wconf 85' lang='lat' dir='ltr'>injuria</span> <span class='ocrx_word' id='word_1_339' title='bbox 2676 1540 2946 1595; x_wconf 77' lang='lat' dir='ltr'>affectum</span> <span class='ocrx_word' id='word_1_340' title='bbox 2979 1539 3370 1610; x_wconf 78' lang='lat' dir='ltr'>vindicantes,</span> <span class='ocrx_word' id='word_1_341' title='bbox 3395 1540 3656 1610; x_wconf 90' lang='lat' dir='ltr'>quando-</span> 
     </span>
    </p>
   </div>
   <div class='ocr_carea' id='block_1_46' title="bbox 2002 1627 3654 1701">
    <p class='ocr_par' dir='ltr' id='par_1_46' title="bbox 2002 1627 3654 1701">
     <span class='ocr_line' id='line_1_47' title="bbox 2002 1627 3654 1701; baseline 0 -19"><span class='ocrx_word' id='word_1_342' title='bbox 2002 1645 2115 1699; x_wconf 88' lang='lat' dir='ltr'>que</span> <span class='ocrx_word' id='word_1_343' title='bbox 2148 1645 2280 1684; x_wconf 87' lang='lat' dir='ltr'>eum</span> <span class='ocrx_word' id='word_1_344' title='bbox 2313 1629 2411 1701; x_wconf 88' lang='lat' dir='ltr'>qui</span> <span class='ocrx_word' id='word_1_345' title='bbox 2447 1630 2720 1701; x_wconf 88' lang='lat' dir='ltr'>iujuriam</span> <span class='ocrx_word' id='word_1_346' title='bbox 2749 1629 2882 1684; x_wconf 83' lang='lat' dir='ltr'>fecit</span> <span class='ocrx_word' id='word_1_347' title='bbox 2917 1633 3098 1684; x_wconf 89' lang='lat' dir='ltr'>morte</span> <span class='ocrx_word' id='word_1_348' title='bbox 3128 1628 3439 1700; x_wconf 83' lang='lat' dir='ltr'>indignum</span> <span class='ocrx_word' id='word_1_349' title='bbox 3471 1627 3654 1683; x_wconf 86' lang='lat' dir='ltr'>inter-</span> 
     </span>
    </p>
   </div>
   <div class='ocr_carea' id='block_1_47' title="bbox 2000 1717 3174 1790">
    <p class='ocr_par' dir='ltr' id='par_1_47' title="bbox 2000 1717 3174 1790">
     <span class='ocr_line' id='line_1_48' title="bbox 2000 1717 3174 1790; baseline 0 -20"><span class='ocrx_word' id='word_1_350' title='bbox 2000 1717 2246 1772; x_wconf 80' lang='lat' dir='ltr'>fecimus</span> <span class='ocrx_word' id='word_1_351' title='bbox 2282 1735 2294 1772; x_wconf 91' lang='lat'>:</span> <span class='ocrx_word' id='word_1_352' title='bbox 2331 1717 2414 1773; x_wconf 89' lang='lat' dir='ltr'>sic</span> <span class='ocrx_word' id='word_1_353' title='bbox 2445 1717 2729 1790; x_wconf 84' lang='lat' dir='ltr'>intellige,</span> <span class='ocrx_word' id='word_1_354' title='bbox 2762 1723 2818 1773; x_wconf 90' lang='lat' dir='ltr'>et</span> <span class='ocrx_word' id='word_1_355' title='bbox 2848 1735 2961 1773; x_wconf 94' lang='lat' dir='ltr'>non</span> <span class='ocrx_word' id='word_1_356' title='bbox 2997 1734 3174 1772; x_wconf 88' lang='lat' dir='ltr'>erras.</span> 
     </span>
    </p>
   </div>
   <div class='ocr_carea' id='block_1_48' title="bbox 2069 1806 3650 1879">
    <p class='ocr_par' dir='ltr' id='par_1_48' title="bbox 2069 1806 3650 1879">
     <span class='ocr_line' id='line_1_49' title="bbox 2069 1806 3650 1879; baseline 0 -19"><span class='ocrx_word' id='word_1_357' title='bbox 2069 1808 2296 1862; x_wconf 78' lang='lat' dir='ltr'>Privato</span> <span class='ocrx_word' id='word_1_358' title='bbox 2332 1823 2459 1879; x_wconf 86' lang='lat' dir='ltr'>ergo</span> <span class='ocrx_word' id='word_1_359' title='bbox 2493 1811 2588 1863; x_wconf 81' lang='lat' dir='ltr'>est.</span> <span class='ocrx_word' id='word_1_360' title='bbox 2616 1807 2885 1862; x_wconf 86' lang='lat' dir='ltr'>Ostendit</span> <span class='ocrx_word' id='word_1_361' title='bbox 2908 1806 3256 1862; x_wconf 84' lang='lat' dir='ltr'>mirabiliter</span> <span class='ocrx_word' id='word_1_362' title='bbox 3278 1806 3500 1861; x_wconf 90' lang='lat' dir='ltr'>malum</span> <span class='ocrx_word' id='word_1_363' title='bbox 3534 1823 3650 1860; x_wconf 89' lang='lat' dir='ltr'>non</span> 
     </span>
    </p>
   </div>
   <div class='ocr_carea' id='block_1_49' title="bbox 1998 1894 3651 1967">
    <p class='ocr_par' dir='ltr' id='par_1_49' title="bbox 1998 1894 3651 1967">
     <span class='ocr_line' id='line_1_50' title="bbox 1998 1894 3651 1967; baseline -0.001 -17"><span class='ocrx_word' id='word_1_364' title='bbox 1998 1896 2344 1964; x_wconf 83' lang='lat' dir='ltr'>subsistere,</span> <span class='ocrx_word' id='word_1_365' title='bbox 2368 1896 2830 1952; x_wconf 85' lang='lat' dir='ltr'>demonstrando</span> <span class='ocrx_word' id='word_1_366' title='bbox 2853 1913 2980 1951; x_wconf 82' lang='lat' dir='ltr'>esse</span> <span class='ocrx_word' id='word_1_367' title='bbox 2999 1894 3383 1967; x_wconf 85' lang='lat' dir='ltr'>privationem</span> <span class='ocrx_word' id='word_1_368' title='bbox 3415 1895 3651 1950; x_wconf 86' lang='lat' dir='ltr'>ordina-</span> 
     </span>
    </p>
   </div>
   <div class='ocr_carea' id='block_1_50' title="bbox 1998 1984 3650 2056">
    <p class='ocr_par' dir='ltr' id='par_1_50' title="bbox 1998 1984 3650 2056">
     <span class='ocr_line' id='line_1_51' title="bbox 1998 1984 3650 2056; baseline -0.001 -17"><span class='ocrx_word' id='word_1_369' title='bbox 1998 1990 2190 2040; x_wconf 87' lang='lat' dir='ltr'>torum</span> <span class='ocrx_word' id='word_1_370' title='bbox 2213 1989 2269 2040; x_wconf 87' lang='lat' dir='ltr'>et</span> <span class='ocrx_word' id='word_1_371' title='bbox 2293 1984 2655 2040; x_wconf 86' lang='lat' dir='ltr'>naturalium</span> <span class='ocrx_word' id='word_1_372' title='bbox 2685 2004 2699 2041; x_wconf 89' lang='lat'><strong>:</strong></span> <span class='ocrx_word' id='word_1_373' title='bbox 2725 1985 2973 2056; x_wconf 85' lang='lat' dir='ltr'>privatio</span> <span class='ocrx_word' id='word_1_374' title='bbox 2995 1989 3190 2040; x_wconf 84' lang='lat' dir='ltr'>autem</span> <span class='ocrx_word' id='word_1_375' title='bbox 3218 2002 3329 2040; x_wconf 89' lang='lat' dir='ltr'>nou</span> <span class='ocrx_word' id='word_1_376' title='bbox 3362 1988 3451 2039; x_wconf 90' lang='lat' dir='ltr'>est</span> <span class='ocrx_word' id='word_1_377' title='bbox 3472 1984 3650 2056; x_wconf 87' lang='lat' dir='ltr'>(sicut</span> 
     </span>
    </p>
   </div>
   <div class='ocr_carea' id='block_1_51' title="bbox 1997 2073 3650 2146">
    <p class='ocr_par' dir='ltr' id='par_1_51' title="bbox 1997 2073 3650 2146">
     <span class='ocr_line' id='line_1_52' title="bbox 1997 2073 3650 2146; baseline -0.001 -17"><span class='ocrx_word' id='word_1_378' title='bbox 1997 2073 2172 2129; x_wconf 84' lang='lat' dir='ltr'>etiam</span> <span class='ocrx_word' id='word_1_379' title='bbox 2206 2079 2339 2130; x_wconf 87' lang='lat' dir='ltr'>ante</span> <span class='ocrx_word' id='word_1_380' title='bbox 2369 2075 2651 2144; x_wconf 85' lang='lat' dir='ltr'>diximus)</span> <span class='ocrx_word' id='word_1_381' title='bbox 2685 2093 2788 2146; x_wconf 91' lang='lat' dir='ltr'>per</span> <span class='ocrx_word' id='word_1_382' title='bbox 2836 2076 2912 2130; x_wconf 86' lang='lat' dir='ltr'>se&#39;</span> <span class='ocrx_word' id='word_1_383' title='bbox 2943 2074 3300 2141; x_wconf 87' lang='lat' dir='ltr'>substantia,</span> <span class='ocrx_word' id='word_1_384' title='bbox 3352 2074 3452 2128; x_wconf 86' lang='lat' dir='ltr'>sed</span> <span class='ocrx_word' id='word_1_385' title='bbox 3499 2073 3650 2141; x_wconf 90' lang='lat' dir='ltr'>quod</span> 
     </span>
    </p>
   </div>
   <div class='ocr_carea' id='block_1_52' title="bbox 1999 2161 3656 2236">
    <p class='ocr_par' dir='ltr' id='par_1_52' title="bbox 1999 2161 3656 2236">
     <span class='ocr_line' id='line_1_53' title="bbox 1999 2161 3656 2236; baseline -0.002 -20"><span class='ocrx_word' id='word_1_386' title='bbox 1999 2169 2202 2234; x_wconf 86' lang='lat' dir='ltr'>aptum</span> <span class='ocrx_word' id='word_1_387' title='bbox 2245 2169 2301 2218; x_wconf 86' lang='lat' dir='ltr'>et</span> <span class='ocrx_word' id='word_1_388' title='bbox 2339 2164 2535 2218; x_wconf 89' lang='lat' dir='ltr'>nitens</span> <span class='ocrx_word' id='word_1_389' title='bbox 2570 2166 2778 2220; x_wconf 86' lang='lat' dir='ltr'>adesse</span> <span class='ocrx_word' id='word_1_390' title='bbox 2811 2180 2922 2219; x_wconf 90' lang='lat' dir='ltr'>non</span> <span class='ocrx_word' id='word_1_391' title='bbox 2958 2164 3125 2218; x_wconf 85' lang='lat' dir='ltr'>adest</span> <span class='ocrx_word' id='word_1_392' title='bbox 3157 2181 3169 2217; x_wconf 92' lang='lat'>:</span> <span class='ocrx_word' id='word_1_393' title='bbox 3202 2163 3454 2234; x_wconf 89' lang='lat' dir='ltr'>ideoque</span> <span class='ocrx_word' id='word_1_394' title='bbox 3484 2161 3656 2236; x_wconf 82' lang='grc' dir='ltr'>ἁμαρ-</span> 
     </span>
    </p>
   </div>
   <div class='ocr_carea' id='block_1_53' title="bbox 1996 2250 3656 2324">
    <p class='ocr_par' dir='ltr' id='par_1_53' title="bbox 1996 2250 3656 2324">
     <span class='ocr_line' id='line_1_54' title="bbox 1996 2250 3656 2324; baseline -0.001 -19"><span class='ocrx_word' id='word_1_395' title='bbox 1996 2250 2134 2320; x_wconf 83' lang='grc' dir='ltr'>τίαν,</span> <span class='ocrx_word' id='word_1_396' title='bbox 2169 2252 2225 2307; x_wconf 92' lang='lat' dir='ltr'>id</span> <span class='ocrx_word' id='word_1_397' title='bbox 2259 2258 2347 2308; x_wconf 89' lang='lat' dir='ltr'>est</span> <span class='ocrx_word' id='word_1_398' title='bbox 2380 2253 2808 2308; x_wconf 89' lang='lat' dir='ltr'>aberrationem</span> <span class='ocrx_word' id='word_1_399' title='bbox 2834 2269 2900 2307; x_wconf 88' lang='lat' dir='ltr'>ac</span> <span class='ocrx_word' id='word_1_400' title='bbox 2941 2251 3376 2324; x_wconf 81' lang='lat' dir='ltr'>prolapsionem</span> <span class='ocrx_word' id='word_1_401' title='bbox 3401 2267 3656 2306; x_wconf 88' lang='lat' dir='ltr'>aconve-</span> 
     </span>
    </p>
   </div>
   <div class='ocr_carea' id='block_1_54' title="bbox 1998 2336 3654 2412">
    <p class='ocr_par' dir='ltr' id='par_1_54' title="bbox 1998 2336 3654 2412">
     <span class='ocr_line' id='line_1_55' title="bbox 1998 2336 3654 2412; baseline 0 -18"><span class='ocrx_word' id='word_1_402' title='bbox 1998 2340 2202 2409; x_wconf 87' lang='lat' dir='ltr'>nienti,</span> <span class='ocrx_word' id='word_1_403' title='bbox 2237 2343 2624 2412; x_wconf 88' lang='lat' dir='ltr'>privationem</span> <span class='ocrx_word' id='word_1_404' title='bbox 2657 2346 2844 2409; x_wconf 87' lang='lat' dir='ltr'>vocat,</span> <span class='ocrx_word' id='word_1_405' title='bbox 2870 2345 2925 2396; x_wconf 89' lang='lat' dir='ltr'>et</span> <span class='ocrx_word' id='word_1_406' title='bbox 2948 2336 3183 2393; x_wconf 69' lang='grc' dir='ltr'>ἄσκοπον</span> <span class='ocrx_word' id='word_1_407' title='bbox 3209 2357 3310 2412; x_wconf 90' lang='lat' dir='ltr'>pro</span> <span class='ocrx_word' id='word_1_408' title='bbox 3347 2340 3502 2394; x_wconf 88' lang='lat' dir='ltr'>ultra</span> <span class='ocrx_word' id='word_1_409' title='bbox 3531 2357 3654 2395; x_wconf 89' lang='lat' dir='ltr'>sco-</span> 
     </span>
    </p>
   </div>
   <div class='ocr_carea' id='block_1_55' title="bbox 1997 2429 3653 2502">
    <p class='ocr_par' dir='ltr' id='par_1_55' title="bbox 1997 2429 3653 2502">
     <span class='ocr_line' id='line_1_56' title="bbox 1997 2429 3653 2502; baseline -0.001 -19"><span class='ocrx_word' id='word_1_410' title='bbox 1997 2447 2137 2501; x_wconf 91' lang='lat' dir='ltr'>pum</span> <span class='ocrx_word' id='word_1_411' title='bbox 2175 2431 2517 2501; x_wconf 85' lang='lat' dir='ltr'>jacieutem,</span> <span class='ocrx_word' id='word_1_412' title='bbox 2561 2435 2801 2502; x_wconf 88' lang='lat' dir='ltr'>sumpta</span> <span class='ocrx_word' id='word_1_413' title='bbox 2847 2448 2881 2485; x_wconf 86' lang='lat' dir='ltr'>a</span> <span class='ocrx_word' id='word_1_414' title='bbox 2927 2430 3247 2501; x_wconf 86' lang='lat' dir='ltr'>sagittariis</span> <span class='ocrx_word' id='word_1_415' title='bbox 3307 2429 3653 2500; x_wconf 86' lang='lat' dir='ltr'>metaphora</span> 
     </span>
    </p>
   </div>
   <div class='ocr_carea' id='block_1_56' title="bbox 1997 2517 3650 2591">
    <p class='ocr_par' dir='ltr' id='par_1_56' title="bbox 1997 2517 3650 2591">
     <span class='ocr_line' id='line_1_57' title="bbox 1997 2517 3650 2591; baseline -0.002 -18"><span class='ocrx_word' id='word_1_416' title='bbox 1997 2519 2150 2574; x_wconf 89' lang='lat' dir='ltr'>sicut</span> <span class='ocrx_word' id='word_1_417' title='bbox 2177 2521 2334 2575; x_wconf 90' lang='lat' dir='ltr'>enim</span> <span class='ocrx_word' id='word_1_418' title='bbox 2368 2520 2452 2574; x_wconf 89' lang='lat' dir='ltr'>illi</span> <span class='ocrx_word' id='word_1_419' title='bbox 2481 2521 2840 2591; x_wconf 84' lang='lat' dir='ltr'>attingentes</span> <span class='ocrx_word' id='word_1_420' title='bbox 2899 2535 3166 2588; x_wconf 87' lang='lat' dir='ltr'>scopum,</span> <span class='ocrx_word' id='word_1_421' title='bbox 3203 2518 3258 2572; x_wconf 88' lang='lat' dir='ltr'>id</span> <span class='ocrx_word' id='word_1_422' title='bbox 3295 2522 3383 2572; x_wconf 90' lang='lat' dir='ltr'>est</span> <span class='ocrx_word' id='word_1_423' title='bbox 3414 2517 3650 2588; x_wconf 87' lang='lat' dir='ltr'>signum</span> 
     </span>
    </p>
   </div>
   <div class='ocr_carea' id='block_1_57' title="bbox 1996 2603 3652 2682">
    <p class='ocr_par' dir='ltr' id='par_1_57' title="bbox 1996 2603 3652 2682">
     <span class='ocr_line' id='line_1_58' title="bbox 1996 2603 3652 2682; baseline -0.002 -20"><span class='ocrx_word' id='word_1_424' title='bbox 1996 2609 2152 2664; x_wconf 76' lang='lat'>164</span> <span class='ocrx_word' id='word_1_425' title='bbox 2181 2609 2239 2663; x_wconf 93' lang='lat' dir='ltr'>in</span> <span class='ocrx_word' id='word_1_426' title='bbox 2273 2610 2424 2682; x_wconf 90' lang='lat' dir='ltr'>quod</span> <span class='ocrx_word' id='word_1_427' title='bbox 2451 2609 2812 2679; x_wconf 85' lang='lat' dir='ltr'>jaculantur,</span> <span class='ocrx_word' id='word_1_428' title='bbox 2846 2608 3000 2679; x_wconf 92' lang='lat' dir='ltr'>quod</span> <span class='ocrx_word' id='word_1_429' title='bbox 3050 2608 3226 2662; x_wconf 88' lang='lat' dir='ltr'>etiam</span> <span class='ocrx_word' id='word_1_430' title='bbox 3259 2603 3460 2665; x_wconf 81' lang='grc' dir='ltr'>σκοπός</span> <span class='ocrx_word' id='word_1_431' title='bbox 3509 2605 3652 2660; x_wconf 84' lang='lat' dir='ltr'>dici-</span> 
     </span>
    </p>
   </div>
   <div class='ocr_carea' id='block_1_58' title="bbox 1997 2694 3654 2771">
    <p class='ocr_par' dir='ltr' id='par_1_58' title="bbox 1997 2694 3654 2771">
     <span class='ocr_line' id='line_1_59' title="bbox 1997 2694 3654 2771; baseline -0.002 -19"><span class='ocrx_word' id='word_1_432' title='bbox 1997 2703 2116 2770; x_wconf 87' lang='lat' dir='ltr'>tur,</span> <span class='ocrx_word' id='word_1_433' title='bbox 2150 2699 2294 2754; x_wconf 90' lang='lat' dir='ltr'>bene</span> <span class='ocrx_word' id='word_1_434' title='bbox 2326 2699 2672 2771; x_wconf 88' lang='lat' dir='ltr'>procedunt,</span> <span class='ocrx_word' id='word_1_435' title='bbox 2695 2698 2778 2752; x_wconf 89' lang='lat' dir='ltr'>ita</span> <span class='ocrx_word' id='word_1_436' title='bbox 2801 2697 2899 2769; x_wconf 91' lang='lat' dir='ltr'>qui</span> <span class='ocrx_word' id='word_1_437' title='bbox 2926 2702 3090 2752; x_wconf 81' lang='lat' dir='ltr'>extra</span> <span class='ocrx_word' id='word_1_438' title='bbox 3116 2713 3358 2768; x_wconf 90' lang='lat' dir='ltr'>scopum</span> <span class='ocrx_word' id='word_1_439' title='bbox 3384 2694 3654 2766; x_wconf 88' lang='lat' dir='ltr'>jaculan-</span> 
     </span>
    </p>
   </div>
   <div class='ocr_carea' id='block_1_59' title="bbox 1998 2787 2912 2858">
    <p class='ocr_par' dir='ltr' id='par_1_59' title="bbox 1998 2787 2912 2858">
     <span class='ocr_line' id='line_1_60' title="bbox 1998 2787 2912 2858; baseline -0.001 -16"><span class='ocrx_word' id='word_1_440' title='bbox 1998 2792 2117 2858; x_wconf 90' lang='lat' dir='ltr'>tur,</span> <span class='ocrx_word' id='word_1_441' title='bbox 2151 2805 2184 2842; x_wconf 88' lang='lat' dir='ltr'>a</span> <span class='ocrx_word' id='word_1_442' title='bbox 2214 2787 2581 2843; x_wconf 79' lang='lat' dir='ltr'>convenienti</span> <span class='ocrx_word' id='word_1_443' title='bbox 2615 2787 2912 2842; x_wconf 86' lang='lat' dir='ltr'>aberrant.</span> 
     </span>
    </p>
   </div>
   <div class='ocr_carea' id='block_1_60' title="bbox 2068 2873 3651 2949">
    <p class='ocr_par' dir='ltr' id='par_1_60' title="bbox 2068 2873 3651 2949">
     <span class='ocr_line' id='line_1_61' title="bbox 2068 2873 3651 2949; baseline -0.002 -17"><span class='ocrx_word' id='word_1_444' title='bbox 2068 2879 2134 2932; x_wconf 82' lang='lat' dir='ltr'>Et</span> <span class='ocrx_word' id='word_1_445' title='bbox 2163 2882 2472 2949; x_wconf 83' lang='lat' dir='ltr'>peccatum.</span> <span class='ocrx_word' id='word_1_446' title='bbox 2515 2877 2622 2932; x_wconf 92' lang='lat' dir='ltr'>Per</span> <span class='ocrx_word' id='word_1_447' title='bbox 2666 2881 2948 2947; x_wconf 83' lang='lat' dir='ltr'>peccatum</span> <span class='ocrx_word' id='word_1_448' title='bbox 2995 2892 3111 2930; x_wconf 89' lang='lat' dir='ltr'>non</span> <span class='ocrx_word' id='word_1_449' title='bbox 3161 2874 3461 2946; x_wconf 86' lang='lat' dir='ltr'>intelligas</span> <span class='ocrx_word' id='word_1_450' title='bbox 3503 2873 3651 2929; x_wconf 89' lang='lat' dir='ltr'>illud</span> 
     </span>
    </p>
   </div>
   <div class='ocr_carea' id='block_1_61' title="bbox 2000 2964 3649 3038">
    <p class='ocr_par' dir='ltr' id='par_1_61' title="bbox 2000 2964 3649 3038">
     <span class='ocr_line' id='line_1_62' title="bbox 2000 2964 3649 3038; baseline -0.003 -16"><span class='ocrx_word' id='word_1_451' title='bbox 2000 2968 2151 3038; x_wconf 81' lang='lat' dir='ltr'>quod</span> <span class='ocrx_word' id='word_1_452' title='bbox 2197 2968 2255 3021; x_wconf 91' lang='lat' dir='ltr'>in</span> <span class='ocrx_word' id='word_1_453' title='bbox 2289 2968 2459 3023; x_wconf 87' lang='lat' dir='ltr'>nobis</span> <span class='ocrx_word' id='word_1_454' title='bbox 2493 2968 2706 3022; x_wconf 84' lang='lat' dir='ltr'>factum</span> <span class='ocrx_word' id='word_1_455' title='bbox 2756 2970 2866 3035; x_wconf 90' lang='lat' dir='ltr'>est,</span> <span class='ocrx_word' id='word_1_456' title='bbox 2916 2965 3097 3021; x_wconf 90' lang='lat' dir='ltr'>veluti</span> <span class='ocrx_word' id='word_1_457' title='bbox 3130 2964 3515 3026; x_wconf 83' lang='lat' dir='ltr'>adulterium,</span> <span class='ocrx_word' id='word_1_458' title='bbox 3546 2967 3649 3017; x_wconf 86' lang='lat' dir='ltr'>aut</span> 
     </span>
    </p>
   </div>
   <div class='ocr_carea' id='block_1_62' title="bbox 1999 3052 3653 3126">
    <p class='ocr_par' dir='ltr' id='par_1_62' title="bbox 1999 3052 3653 3126">
     <span class='ocr_line' id='line_1_63' title="bbox 1999 3052 3653 3126; baseline -0.004 -15"><span class='ocrx_word' id='word_1_459' title='bbox 1999 3056 2378 3126; x_wconf 88' lang='lat' dir='ltr'>injustitiam,</span> <span class='ocrx_word' id='word_1_460' title='bbox 2413 3060 2512 3110; x_wconf 86' lang='lat' dir='ltr'>aut</span> <span class='ocrx_word' id='word_1_461' title='bbox 2530 3055 2687 3111; x_wconf 90' lang='lat' dir='ltr'>aliud</span> <span class='ocrx_word' id='word_1_462' title='bbox 2718 3055 2854 3126; x_wconf 88' lang='lat' dir='ltr'>quid</span> <span class='ocrx_word' id='word_1_463' title='bbox 2883 3053 3107 3122; x_wconf 87' lang='lat' dir='ltr'>simile;</span> <span class='ocrx_word' id='word_1_464' title='bbox 3155 3054 3255 3109; x_wconf 91' lang='lat' dir='ltr'>sed</span> <span class='ocrx_word' id='word_1_465' title='bbox 3282 3053 3392 3108; x_wconf 87' lang='lat' dir='ltr'>hoc</span> <span class='ocrx_word' id='word_1_466' title='bbox 3413 3053 3536 3106; x_wconf 88' lang='lat' dir='ltr'>vult</span> <span class='ocrx_word' id='word_1_467' title='bbox 3559 3052 3653 3107; x_wconf 90' lang='lat' dir='ltr'>di-</span> 
     </span>
    </p>
   </div>
   <div class='ocr_carea' id='block_1_63' title="bbox 2000 3142 3649 3202">
    <p class='ocr_par' dir='ltr' id='par_1_63' title="bbox 2000 3142 3649 3202">
     <span class='ocr_line' id='line_1_64' title="bbox 2000 3142 3649 3202; baseline -0.002 -2"><span class='ocrx_word' id='word_1_468' title='bbox 2000 3162 2164 3202; x_wconf 89' lang='lat' dir='ltr'>cere:</span> <span class='ocrx_word' id='word_1_469' title='bbox 2192 3163 2225 3201; x_wconf 90' lang='lat' dir='ltr'>a</span> <span class='ocrx_word' id='word_1_470' title='bbox 2246 3145 2398 3201; x_wconf 91' lang='lat' dir='ltr'>bono</span> <span class='ocrx_word' id='word_1_471' title='bbox 2425 3150 2480 3201; x_wconf 88' lang='lat' dir='ltr'>et</span> <span class='ocrx_word' id='word_1_472' title='bbox 2520 3144 2772 3200; x_wconf 86' lang='lat' dir='ltr'>naturali</span> <span class='ocrx_word' id='word_1_473' title='bbox 2809 3149 2968 3199; x_wconf 91' lang='lat' dir='ltr'>motu</span> <span class='ocrx_word' id='word_1_474' title='bbox 3001 3161 3102 3199; x_wconf 91' lang='lat' dir='ltr'>seu</span> <span class='ocrx_word' id='word_1_475' title='bbox 3133 3143 3337 3198; x_wconf 89' lang='lat' dir='ltr'>ordine</span> <span class='ocrx_word' id='word_1_476' title='bbox 3370 3142 3649 3198; x_wconf 87' lang='lat' dir='ltr'>aberran-</span> 
     </span>
    </p>
   </div>
   <div class='ocr_carea' id='block_1_64' title="bbox 2000 3231 3656 3305">
    <p class='ocr_par' dir='ltr' id='par_1_64' title="bbox 2000 3231 3656 3305">
     <span class='ocr_line' id='line_1_65' title="bbox 2000 3231 3656 3305; baseline -0.002 -17"><span class='ocrx_word' id='word_1_477' title='bbox 2000 3239 2110 3305; x_wconf 88' lang='lat' dir='ltr'>tes,</span> <span class='ocrx_word' id='word_1_478' title='bbox 2146 3234 2388 3291; x_wconf 77' lang='lat' dir='ltr'>ferimur</span> <span class='ocrx_word' id='word_1_479' title='bbox 2420 3235 2476 3289; x_wconf 91' lang='lat' dir='ltr'>in</span> <span class='ocrx_word' id='word_1_480' title='bbox 2503 3252 2628 3290; x_wconf 87' lang='lat' dir='ltr'>eam</span> <span class='ocrx_word' id='word_1_481' title='bbox 2660 3251 2786 3305; x_wconf 80' lang='lat' dir='ltr'>quae</span> <span class='ocrx_word' id='word_1_482' title='bbox 2814 3239 3016 3288; x_wconf 88' lang='lat' dir='ltr'>contra</span> <span class='ocrx_word' id='word_1_483' title='bbox 3042 3236 3312 3286; x_wconf 88' lang='lat' dir='ltr'>naturam</span> <span class='ocrx_word' id='word_1_484' title='bbox 3346 3235 3456 3300; x_wconf 87' lang='lat' dir='ltr'>est,</span> <span class='ocrx_word' id='word_1_485' title='bbox 3503 3231 3656 3285; x_wconf 86' lang='lat' dir='ltr'>irra—</span> 
     </span>
    </p>
   </div>
   <div class='ocr_carea' id='block_1_65' title="bbox 248 3303 1887 3402">
    <p class='ocr_par' dir='ltr' id='par_1_65' title="bbox 248 3315 1879 3402">
     <span class='ocr_line' id='line_1_66' title="bbox 248 3315 1879 3402; baseline 0.009 -35"><span class='ocrx_word' id='word_1_486' title='bbox 248 3315 497 3387; x_wconf 83' lang='grc' dir='ltr'>παντελῆ,</span> <span class='ocrx_word' id='word_1_487' title='bbox 522 3320 607 3373; x_wconf 81' lang='grc' dir='ltr'>καὶ</span> <span class='ocrx_word' id='word_1_488' title='bbox 644 3320 892 3376; x_wconf 77' lang='grc' dir='ltr'>ἀνούσιον</span> <span class='ocrx_word' id='word_1_489' title='bbox 927 3323 1275 3402; x_wconf 74' lang='grc' dir='ltr'>ἀνυπαρξίανο</span> <span class='ocrx_word' id='word_1_490' title='bbox 1327 3328 1446 3382; x_wconf 80' lang='grc' dir='ltr'>ὅθεν</span> <span class='ocrx_word' id='word_1_491' title='bbox 1495 3327 1584 3382; x_wconf 78' lang='grc' dir='ltr'>καὶ</span> <span class='ocrx_word' id='word_1_492' title='bbox 1647 3324 1879 3401; x_wconf 81' lang='grc' dir='ltr'>μηδαμῆ</span> 
     </span>
    </p>
   </div>
   <div class='ocr_carea' id='block_1_66' title="bbox 2012 3303 3653 3402">
    <p class='ocr_par' dir='ltr' id='par_1_66' title="bbox 2012 3320 3653 3393">
     <span class='ocr_line' id='line_1_67' title="bbox 2012 3320 3653 3393; baseline -0.003 -16"><span class='ocrx_word' id='word_1_493' title='bbox 2012 3324 2298 3393; x_wconf 87' lang='lat' dir='ltr'>.ionalem,</span> <span class='ocrx_word' id='word_1_494' title='bbox 2332 3329 2388 3378; x_wconf 86' lang='lat' dir='ltr'>et</span> <span class='ocrx_word' id='word_1_495' title='bbox 2418 3325 2772 3393; x_wconf 88' lang='lat' dir='ltr'>absolutam,</span> <span class='ocrx_word' id='word_1_496' title='bbox 2803 3339 2867 3378; x_wconf 89' lang='lat' dir='ltr'>ac</span> <span class='ocrx_word' id='word_1_497' title='bbox 2900 3322 3025 3376; x_wconf 86' lang='lat' dir='ltr'>sine</span> <span class='ocrx_word' id='word_1_498' title='bbox 3049 3321 3383 3377; x_wconf 74' lang='lat' dir='ltr'>substantia</span> <span class='ocrx_word' id='word_1_499' title='bbox 3404 3320 3653 3374; x_wconf 85' lang='lat' dir='ltr'>existen-</span> 
     </span>
    </p>
   </div>
   <div class='ocr_carea' id='block_1_67' title="bbox 251 3403 986 3484">
    <p class='ocr_par' dir='ltr' id='par_1_67' title="bbox 251 3403 986 3484">
     <span class='ocr_line' id='line_1_68' title="bbox 251 3403 986 3484; baseline 0.015 -27"><span class='ocrx_word' id='word_1_500' title='bbox 251 3403 404 3475; x_wconf 75' lang='grc' dir='ltr'>μηδὲν</span> <span class='ocrx_word' id='word_1_501' title='bbox 437 3405 496 3461; x_wconf 76' lang='grc' dir='ltr'>ὅν</span> <span class='ocrx_word' id='word_1_502' title='bbox 529 3406 674 3484; x_wconf 75' lang='grc' dir='ltr'>λέγει</span> <span class='ocrx_word' id='word_1_503' title='bbox 705 3410 768 3465; x_wconf 87' lang='grc' dir='ltr'>τὸ</span> <span class='ocrx_word' id='word_1_504' title='bbox 799 3412 986 3468; x_wconf 78' lang='grc' dir='ltr'>κακόν.</span> 
     </span>
    </p>
   </div>
   <div class='ocr_carea' id='block_1_68' title="bbox 309 3586 1888 3670">
    <p class='ocr_par' dir='ltr' id='par_1_68' title="bbox 309 3586 1888 3670">
     <span class='ocr_line' id='line_1_69' title="bbox 309 3586 1888 3670; baseline 0.004 -27"><span class='ocrx_word' id='word_1_505' title='bbox 309 3587 385 3643; x_wconf 80' lang='grc' dir='ltr'>Οὐ</span> <span class='ocrx_word' id='word_1_506' title='bbox 416 3586 590 3644; x_wconf 72' lang='grc' dir='ltr'>πάντα</span> <span class='ocrx_word' id='word_1_507' title='bbox 620 3595 776 3658; x_wconf 77' lang='grc' dir='ltr'>πᾶσι,</span> <span class='ocrx_word' id='word_1_508' title='bbox 840 3591 1006 3654; x_wconf 86' lang='grc' dir='ltr'>Θείως</span> <span class='ocrx_word' id='word_1_509' title='bbox 1057 3591 1150 3654; x_wconf 77' lang='grc' dir='ltr'>τὰς</span> <span class='ocrx_word' id='word_1_510' title='bbox 1205 3588 1496 3656; x_wconf 78' lang='grc' dir='ltr'>ὑποϐάσεις</span> <span class='ocrx_word' id='word_1_511' title='bbox 1550 3599 1656 3649; x_wconf 79' lang='grc' dir='ltr'>τῶν</span> <span class='ocrx_word' id='word_1_512' title='bbox 1713 3595 1763 3649; x_wconf 80' lang='grc' dir='ltr'>ἐν</span> <span class='ocrx_word' id='word_1_513' title='bbox 1818 3596 1888 3670; x_wconf 69' lang='grc' dir='ltr'>τῇ</span> 
     </span>
    </p>
   </div>
   <div class='ocr_carea' id='block_1_69' title="bbox 248 3672 1891 3757">
    <p class='ocr_par' dir='ltr' id='par_1_69' title="bbox 248 3672 1891 3757">
     <span class='ocr_line' id='line_1_70' title="bbox 248 3672 1891 3757; baseline 0.007 -29"><span class='ocrx_word' id='word_1_514' title='bbox 248 3672 579 3752; x_wconf 76' lang='grc' dir='ltr'>δημιουργίᾳ</span> <span class='ocrx_word' id='word_1_515' title='bbox 629 3675 902 3734; x_wconf 77' lang='grc' dir='ltr'>διέσωσεν·</span> <span class='ocrx_word' id='word_1_516' title='bbox 956 3683 983 3734; x_wconf 90' lang='grc' dir='ltr'>ὁ</span> <span class='ocrx_word' id='word_1_517' title='bbox 1023 3683 1116 3754; x_wconf 78' lang='grc' dir='ltr'>μὲν</span> <span class='ocrx_word' id='word_1_518' title='bbox 1167 3683 1268 3757; x_wconf 75' lang='grc' dir='ltr'>γὰρ</span> <span class='ocrx_word' id='word_1_519' title='bbox 1311 3688 1458 3753; x_wconf 90' lang='grc' dir='ltr'>νοῦς,</span> <span class='ocrx_word' id='word_1_520' title='bbox 1507 3685 1627 3747; x_wconf 86' lang='grc' dir='ltr'>καθ’</span> <span class='ocrx_word' id='word_1_521' title='bbox 1684 3685 1740 3738; x_wconf 82' lang='grc' dir='ltr'>’ὸν</span> <span class='ocrx_word' id='word_1_522' title='bbox 1803 3685 1891 3741; x_wconf 74' lang='grc' dir='ltr'>οὖ-</span> 
     </span>
    </p>
   </div>
   <div class='ocr_carea' id='block_1_70' title="bbox 245 3763 1887 3848">
    <p class='ocr_par' dir='ltr' id='par_1_70' title="bbox 245 3763 1887 3848">
     <span class='ocr_line' id='line_1_71' title="bbox 245 3763 1887 3848; baseline 0.007 -31"><span class='ocrx_word' id='word_1_523' title='bbox 245 3763 453 3821; x_wconf 83' lang='grc' dir='ltr'>σίωνται</span> <span class='ocrx_word' id='word_1_524' title='bbox 488 3769 542 3820; x_wconf 77' lang='grc' dir='ltr'>οἱ</span> <span class='ocrx_word' id='word_1_525' title='bbox 587 3769 726 3822; x_wconf 85' lang='grc' dir='ltr'>θεῖοι</span> <span class='ocrx_word' id='word_1_526' title='bbox 775 3769 894 3831; x_wconf 79' lang='grc' dir='ltr'>νόες</span> <span class='ocrx_word' id='word_1_527' title='bbox 933 3770 1021 3825; x_wconf 83' lang='grc' dir='ltr'>καὶ</span> <span class='ocrx_word' id='word_1_528' title='bbox 1069 3773 1241 3838; x_wconf 76' lang='grc' dir='ltr'>πᾶντη</span> <span class='ocrx_word' id='word_1_529' title='bbox 1271 3771 1451 3843; x_wconf 80' lang='grc' dir='ltr'>ἄϋλοι,</span> <span class='ocrx_word' id='word_1_530' title='bbox 1487 3773 1756 3848; x_wconf 85' lang='grc' dir='ltr'>ἀνώτερος</span> <span class='ocrx_word' id='word_1_531' title='bbox 1787 3779 1887 3848; x_wconf 79' lang='grc' dir='ltr'>ψυ-</span> 
     </span>
    </p>
   </div>
   <div class='ocr_carea' id='block_1_71' title="bbox 244 3853 1887 3938">
    <p class='ocr_par' dir='ltr' id='par_1_71' title="bbox 244 3853 1887 3938">
     <span class='ocr_line' id='line_1_72' title="bbox 244 3853 1887 3938; baseline 0.007 -31"><span class='ocrx_word' id='word_1_532' title='bbox 244 3856 345 3927; x_wconf 76' lang='grc' dir='ltr'>χῆς</span> <span class='ocrx_word' id='word_1_533' title='bbox 399 3853 566 3912; x_wconf 85' lang='grc' dir='ltr'>ἐστιν.</span> <span class='ocrx_word' id='word_1_534' title='bbox 614 3858 669 3910; x_wconf 91' lang='grc' dir='ltr'>Ὁ</span> <span class='ocrx_word' id='word_1_535' title='bbox 709 3857 798 3911; x_wconf 79' lang='grc' dir='ltr'>οῦν</span> <span class='ocrx_word' id='word_1_536' title='bbox 850 3857 1100 3934; x_wconf 74' lang='grc' dir='ltr'>ἄγγελος,</span> <span class='ocrx_word' id='word_1_537' title='bbox 1159 3861 1186 3914; x_wconf 88' lang='grc' dir='ltr'><strong>ὁ</strong></span> <span class='ocrx_word' id='word_1_538' title='bbox 1247 3863 1395 3937; x_wconf 86' lang='grc' dir='ltr'>παρά</span> <span class='ocrx_word' id='word_1_539' title='bbox 1453 3864 1546 3917; x_wconf 84' lang='grc' dir='ltr'>τὸν</span> <span class='ocrx_word' id='word_1_540' title='bbox 1597 3862 1887 3938; x_wconf 80' lang='grc' dir='ltr'>ἀγαθοειδῆ</span> 
     </span>
    </p>
   </div>
   <div class='ocr_carea' id='block_1_72' title="bbox 241 3940 1892 4028">
    <p class='ocr_par' dir='ltr' id='par_1_72' title="bbox 241 3940 1892 4028">
     <span class='ocr_line' id='line_1_73' title="bbox 241 3940 1892 4028; baseline 0.008 -33"><span class='ocrx_word' id='word_1_541' title='bbox 241 3940 357 3996; x_wconf 77' lang='grc' dir='ltr'>νοῦν</span> <span class='ocrx_word' id='word_1_542' title='bbox 410 3947 679 4017; x_wconf 80' lang='grc' dir='ltr'>κινηθεὶς,</span> <span class='ocrx_word' id='word_1_543' title='bbox 712 3944 922 4020; x_wconf 85' lang='grc' dir='ltr'>δαίμων</span> <span class='ocrx_word' id='word_1_544' title='bbox 956 3944 1154 4020; x_wconf 78' lang='grc' dir='ltr'>ἀπέϐη·</span> <span class='ocrx_word' id='word_1_545' title='bbox 1209 3953 1243 4020; x_wconf 83' lang='grc' dir='ltr'>ἡ</span> <span class='ocrx_word' id='word_1_546' title='bbox 1280 3949 1337 4006; x_wconf 64' lang='grc' dir='ltr'>δὲ</span> <span class='ocrx_word' id='word_1_547' title='bbox 1367 3953 1544 4026; x_wconf 76' lang='grc' dir='ltr'>ψυχὴ,</span> <span class='ocrx_word' id='word_1_548' title='bbox 1572 3952 1705 4006; x_wconf 82' lang='grc' dir='ltr'>καθὸ</span> <span class='ocrx_word' id='word_1_549' title='bbox 1731 3954 1892 4028; x_wconf 78' lang='grc' dir='ltr'>νοερά</span> 
     </span>
    </p>
   </div>
   <div class='ocr_carea' id='block_1_73' title="bbox 239 4031 1889 4114">
    <p class='ocr_par' dir='ltr' id='par_1_73' title="bbox 239 4031 1889 4114">
     <span class='ocr_line' id='line_1_74' title="bbox 239 4031 1889 4114; baseline 0.007 -30"><span class='ocrx_word' id='word_1_550' title='bbox 239 4031 320 4085; x_wconf 75' lang='grc' dir='ltr'>καὶ</span> <span class='ocrx_word' id='word_1_551' title='bbox 348 4031 578 4108; x_wconf 85' lang='grc' dir='ltr'>λογική,</span> <span class='ocrx_word' id='word_1_552' title='bbox 613 4035 676 4088; x_wconf 85' lang='grc' dir='ltr'>οὐ</span> <span class='ocrx_word' id='word_1_553' title='bbox 709 4037 848 4090; x_wconf 85' lang='grc' dir='ltr'>κατά</span> <span class='ocrx_word' id='word_1_554' title='bbox 897 4035 1197 4112; x_wconf 69' lang='grc' dir='ltr'>λόγονυ·ιις</span> <span class='ocrx_word' id='word_1_555' title='bbox 1246 4039 1536 4114; x_wconf 78' lang='grc' dir='ltr'>ἐνεργοῦσα</span> <span class='ocrx_word' id='word_1_556' title='bbox 1562 4043 1653 4097; x_wconf 87' lang='grc' dir='ltr'>τὸν</span> <span class='ocrx_word' id='word_1_557' title='bbox 1692 4037 1889 4096; x_wconf 71' lang='grc' dir='ltr'>ὑποϐε-</span> 
     </span>
    </p>
   </div>
   <div class='ocr_carea' id='block_1_74' title="bbox 240 4114 1891 4203">
    <p class='ocr_par' dir='ltr' id='par_1_74' title="bbox 240 4114 1891 4203">
     <span class='ocr_line' id='line_1_75' title="bbox 240 4114 1891 4203; baseline 0.008 -32"><span class='ocrx_word' id='word_1_558' title='bbox 240 4114 443 4188; x_wconf 74' lang='grc' dir='ltr'>ϐηκὸτα</span> <span class='ocrx_word' id='word_1_559' title='bbox 475 4126 600 4176; x_wconf 89' lang='grc' dir='ltr'>νοῦν</span> <span class='ocrx_word' id='word_1_560' title='bbox 631 4124 721 4177; x_wconf 90' lang='grc' dir='ltr'>τὸν</span> <span class='ocrx_word' id='word_1_561' title='bbox 754 4126 972 4198; x_wconf 79' lang='grc' dir='ltr'>νοητὸν,</span> <span class='ocrx_word' id='word_1_562' title='bbox 1006 4127 1067 4181; x_wconf 80' lang='grc' dir='ltr'>οὐ</span> <span class='ocrx_word' id='word_1_563' title='bbox 1107 4126 1307 4203; x_wconf 83' lang='grc' dir='ltr'>ένεργεῖ</span> <span class='ocrx_word' id='word_1_564' title='bbox 1351 4130 1418 4184; x_wconf 75' lang='grc' dir='ltr'>τὰ</span> <span class='ocrx_word' id='word_1_565' title='bbox 1467 4130 1661 4184; x_wconf 82' lang='grc' dir='ltr'>οἷ’κεῖα·</span> <span class='ocrx_word' id='word_1_566' title='bbox 1714 4131 1782 4185; x_wconf 74' lang='grc' dir='ltr'>τὰ</span> <span class='ocrx_word' id='word_1_567' title='bbox 1833 4128 1891 4185; x_wconf 59' lang='grc' dir='ltr'>δέ</span> 
     </span>
    </p>
   </div>
   <div class='ocr_carea' id='block_1_75' title="bbox 240 4207 1886 4296">
    <p class='ocr_par' dir='ltr' id='par_1_75' title="bbox 240 4207 1886 4296">
     <span class='ocr_line' id='line_1_76' title="bbox 240 4207 1886 4296; baseline 0.009 -35"><span class='ocrx_word' id='word_1_568' title='bbox 240 4209 460 4280; x_wconf 83' lang='grc' dir='ltr'>σώματα</span> <span class='ocrx_word' id='word_1_569' title='bbox 492 4211 560 4265; x_wconf 82' lang='grc' dir='ltr'>τὰ</span> <span class='ocrx_word' id='word_1_570' title='bbox 587 4207 970 4284; x_wconf 76' lang='grc' dir='ltr'>ὑποϐεϐηκότα</span> <span class='ocrx_word' id='word_1_571' title='bbox 1000 4216 1090 4270; x_wconf 87' lang='grc' dir='ltr'>τὸν</span> <span class='ocrx_word' id='word_1_572' title='bbox 1123 4219 1307 4291; x_wconf 80' lang='grc' dir='ltr'>νοερὸν</span> <span class='ocrx_word' id='word_1_573' title='bbox 1343 4218 1506 4295; x_wconf 86' lang='grc' dir='ltr'>λόγον</span> <span class='ocrx_word' id='word_1_574' title='bbox 1536 4220 1681 4296; x_wconf 83' lang='grc' dir='ltr'>παρά</span> <span class='ocrx_word' id='word_1_575' title='bbox 1729 4220 1886 4295; x_wconf 77' lang='grc' dir='ltr'>φύσιν</span> 
     </span>
    </p>
   </div>
   <div class='ocr_carea' id='block_1_76' title="bbox 238 4296 1423 4378">
    <p class='ocr_par' dir='ltr' id='par_1_76' title="bbox 238 4296 1423 4378">
     <span class='ocr_line' id='line_1_77' title="bbox 238 4296 1423 4378; baseline 0.013 -29"><span class='ocrx_word' id='word_1_576' title='bbox 238 4296 544 4373; x_wconf 74' lang='grc' dir='ltr'>εὑρεθέντα,</span> <span class='ocrx_word' id='word_1_577' title='bbox 573 4300 672 4355; x_wconf 74' lang='grc' dir='ltr'>οὐκ</span> <span class='ocrx_word' id='word_1_578' title='bbox 699 4299 961 4378; x_wconf 72' lang='grc' dir='ltr'>ἔρρωνται</span> <span class='ocrx_word' id='word_1_579' title='bbox 995 4304 1070 4367; x_wconf 81' lang='grc' dir='ltr'>εἰς</span> <span class='ocrx_word' id='word_1_580' title='bbox 1100 4307 1168 4360; x_wconf 80' lang='grc' dir='ltr'>τὰ</span> <span class='ocrx_word' id='word_1_581' title='bbox 1198 4307 1423 4365; x_wconf 68' lang='grc' dir='ltr'>ἑαυτῶν.</span> 
     </span>
    </p>
   </div>
   <div class='ocr_carea' id='block_1_77' title="bbox 305 4475 1888 4561">
    <p class='ocr_par' dir='ltr' id='par_1_77' title="bbox 305 4475 1888 4561">
     <span class='ocr_line' id='line_1_78' title="bbox 305 4475 1888 4561; baseline 0.008 -32"><span class='ocrx_word' id='word_1_582' title='bbox 305 4479 428 4538; x_wconf 82' lang='grc' dir='ltr'>Πῶς</span> <span class='ocrx_word' id='word_1_583' title='bbox 463 4475 614 4542; x_wconf 80' lang='grc' dir='ltr'>ὅλως</span> <span class='ocrx_word' id='word_1_584' title='bbox 643 4479 712 4534; x_wconf 80' lang='grc' dir='ltr'>τὰ</span> <span class='ocrx_word' id='word_1_585' title='bbox 764 4482 922 4539; x_wconf 82' lang='grc' dir='ltr'>κακά.</span> <span class='ocrx_word' id='word_1_586' title='bbox 971 4483 1034 4538; x_wconf 83' lang='grc' dir='ltr'>Εἰ</span> <span class='ocrx_word' id='word_1_587' title='bbox 1087 4482 1320 4560; x_wconf 86' lang='grc' dir='ltr'>πρόνοια</span> <span class='ocrx_word' id='word_1_588' title='bbox 1351 4483 1402 4540; x_wconf 79' lang='grc' dir='ltr'>ἐν</span> <span class='ocrx_word' id='word_1_589' title='bbox 1434 4491 1588 4558; x_wconf 81' lang='grc' dir='ltr'>πᾶσι,</span> <span class='ocrx_word' id='word_1_590' title='bbox 1643 4484 1888 4561; x_wconf 74' lang='grc' dir='ltr'>οὐδαμοῦ</span> 
     </span>
    </p>
   </div>
   <div class='ocr_carea' id='block_1_78' title="bbox 238 4562 702 4638">
    <p class='ocr_par' dir='ltr' id='par_1_78' title="bbox 238 4562 702 4638">
     <span class='ocr_line' id='line_1_79' title="bbox 238 4562 702 4638; baseline 0.015 -22"><span class='ocrx_word' id='word_1_591' title='bbox 238 4562 385 4638; x_wconf 68' lang='grc' dir='ltr'>φύσει</span> <span class='ocrx_word' id='word_1_592' title='bbox 417 4567 481 4621; x_wconf 87' lang='grc' dir='ltr'>τὸ</span> <span class='ocrx_word' id='word_1_593' title='bbox 513 4567 679 4622; x_wconf 84' lang='grc' dir='ltr'>κακόν</span> <span class='ocrx_word' id='word_1_594' title='bbox 691 4613 702 4624; x_wconf 94' lang='grc'><strong>.</strong></span> 
     </span>
    </p>
   </div>
   <div class='ocr_carea' id='block_1_79' title="bbox 1997 3408 3646 3484">
    <p class='ocr_par' dir='ltr' id='par_1_79' title="bbox 1997 3408 3646 3484">
     <span class='ocr_line' id='line_1_80' title="bbox 1997 3408 3646 3484; baseline -0.004 -18"><span class='ocrx_word' id='word_1_595' title='bbox 1997 3414 2089 3468; x_wconf 72' lang='lat' dir='ltr'>tiae</span> <span class='ocrx_word' id='word_1_596' title='bbox 2140 3413 2525 3484; x_wconf 88' lang='lat' dir='ltr'>privationem</span> <span class='ocrx_word' id='word_1_597' title='bbox 2577 3430 2588 3468; x_wconf 92' lang='lat'>:</span> <span class='ocrx_word' id='word_1_598' title='bbox 2638 3412 2889 3482; x_wconf 90' lang='lat' dir='ltr'>ideoque</span> <span class='ocrx_word' id='word_1_599' title='bbox 2925 3411 3066 3464; x_wconf 88' lang='lat' dir='ltr'>dicit</span> <span class='ocrx_word' id='word_1_600' title='bbox 3096 3408 3317 3464; x_wconf 89' lang='lat' dir='ltr'>malum</span> <span class='ocrx_word' id='word_1_601' title='bbox 3350 3424 3646 3479; x_wconf 86' lang='lat' dir='ltr'>nusquam</span> 
     </span>
    </p>
   </div>
   <div class='ocr_carea' id='block_1_80' title="bbox 1997 3502 2505 3557">
    <p class='ocr_par' dir='ltr' id='par_1_80' title="bbox 1997 3502 2505 3557">
     <span class='ocr_line' id='line_1_81' title="bbox 1997 3502 2505 3557; baseline -0.004 -1"><span class='ocrx_word' id='word_1_602' title='bbox 1997 3502 2119 3556; x_wconf 85' lang='lat' dir='ltr'>ullo</span> <span class='ocrx_word' id='word_1_603' title='bbox 2153 3504 2324 3557; x_wconf 93' lang='lat' dir='ltr'>modo</span> <span class='ocrx_word' id='word_1_604' title='bbox 2356 3519 2505 3557; x_wconf 90' lang='lat' dir='ltr'>esse.</span> 
     </span>
    </p>
   </div>
   <div class='ocr_carea' id='block_1_81' title="bbox 2070 3587 3645 3660">
    <p class='ocr_par' dir='ltr' id='par_1_81' title="bbox 2070 3587 3645 3660">
     <span class='ocr_line' id='line_1_82' title="bbox 2070 3587 3645 3660; baseline -0.004 -16"><span class='ocrx_word' id='word_1_605' title='bbox 2070 3591 2186 3645; x_wconf 84' lang='lat' dir='ltr'>Non</span> <span class='ocrx_word' id='word_1_606' title='bbox 2216 3593 2405 3646; x_wconf 82' lang='lat' dir='ltr'>omnia</span> <span class='ocrx_word' id='word_1_607' title='bbox 2434 3590 2704 3646; x_wconf 79' lang='lat' dir='ltr'>omnibus.</span> <span class='ocrx_word' id='word_1_608' title='bbox 2757 3588 2962 3643; x_wconf 83' lang='lat' dir='ltr'>Divina</span> <span class='ocrx_word' id='word_1_609' title='bbox 2993 3587 3210 3660; x_wconf 87' lang='lat' dir='ltr'>gradus</span> <span class='ocrx_word' id='word_1_610' title='bbox 3244 3587 3645 3641; x_wconf 81' lang='lat' dir='ltr'>creaturarum</span> 
     </span>
    </p>
   </div>
   <div class='ocr_carea' id='block_1_82' title="bbox 1999 3674 3648 3749">
    <p class='ocr_par' dir='ltr' id='par_1_82' title="bbox 1999 3674 3648 3749">
     <span class='ocr_line' id='line_1_83' title="bbox 1999 3674 3648 3749; baseline -0.005 -15"><span class='ocrx_word' id='word_1_611' title='bbox 1999 3679 2271 3737; x_wconf 87' lang='lat' dir='ltr'>servavit:</span> <span class='ocrx_word' id='word_1_612' title='bbox 2296 3679 2695 3746; x_wconf 89' lang='lat' dir='ltr'>mensenim,a</span> <span class='ocrx_word' id='word_1_613' title='bbox 2710 3677 3153 3749; x_wconf 88' lang='lat' dir='ltr'>quaessentiam</span> <span class='ocrx_word' id='word_1_614' title='bbox 3171 3674 3465 3747; x_wconf 86' lang='lat' dir='ltr'>accipiunt</span> <span class='ocrx_word' id='word_1_615' title='bbox 3480 3689 3648 3728; x_wconf 87' lang='lat' dir='ltr'>men-</span> 
     </span>
    </p>
   </div>
   <div class='ocr_carea' id='block_1_83' title="bbox 1998 3763 3654 3840">
    <p class='ocr_par' dir='ltr' id='par_1_83' title="bbox 1998 3763 3654 3840">
     <span class='ocr_line' id='line_1_84' title="bbox 1998 3763 3654 3840; baseline -0.005 -16"><span class='ocrx_word' id='word_1_616' title='bbox 1998 3773 2088 3824; x_wconf 86' lang='lat' dir='ltr'>tes</span> <span class='ocrx_word' id='word_1_617' title='bbox 2141 3769 2347 3823; x_wconf 65' lang='lat' dir='ltr'>divina:</span> <span class='ocrx_word' id='word_1_618' title='bbox 2395 3773 2452 3823; x_wconf 85' lang='lat' dir='ltr'>et</span> <span class='ocrx_word' id='word_1_619' title='bbox 2498 3784 2742 3840; x_wconf 91' lang='lat' dir='ltr'>prorsus</span> <span class='ocrx_word' id='word_1_620' title='bbox 2781 3764 3222 3830; x_wconf 86' lang='lat' dir='ltr'>immateriales,</span> <span class='ocrx_word' id='word_1_621' title='bbox 3258 3763 3525 3835; x_wconf 90' lang='lat' dir='ltr'>superior</span> <span class='ocrx_word' id='word_1_622' title='bbox 3563 3766 3654 3817; x_wconf 81' lang='lat' dir='ltr'>est</span> 
     </span>
    </p>
   </div>
   <div class='ocr_carea' id='block_1_84' title="bbox 1999 3852 3648 3930">
    <p class='ocr_par' dir='ltr' id='par_1_84' title="bbox 1999 3852 3648 3930">
     <span class='ocr_line' id='line_1_85' title="bbox 1999 3852 3648 3930; baseline -0.004 -18"><span class='ocrx_word' id='word_1_623' title='bbox 1999 3862 2218 3928; x_wconf 87' lang='lat' dir='ltr'>anima;</span> <span class='ocrx_word' id='word_1_624' title='bbox 2252 3857 2496 3930; x_wconf 83' lang='lat' dir='ltr'>angelus</span> <span class='ocrx_word' id='word_1_625' title='bbox 2527 3858 2732 3930; x_wconf 87' lang='lat' dir='ltr'>igitur,</span> <span class='ocrx_word' id='word_1_626' title='bbox 2765 3857 2864 3928; x_wconf 90' lang='lat' dir='ltr'>qui</span> <span class='ocrx_word' id='word_1_627' title='bbox 2898 3859 3105 3927; x_wconf 69' lang='lat' dir='ltr'>praeter</span> <span class='ocrx_word' id='word_1_628' title='bbox 3139 3857 3395 3908; x_wconf 88' lang='lat' dir='ltr'>mentem</span> <span class='ocrx_word' id='word_1_629' title='bbox 3426 3852 3648 3906; x_wconf 88' lang='lat' dir='ltr'>bonum</span> 
     </span>
    </p>
   </div>
   <div class='ocr_carea' id='block_1_85' title="bbox 2001 3941 3654 4025">
    <p class='ocr_par' dir='ltr' id='par_1_85' title="bbox 2001 3941 3654 4025">
     <span class='ocr_line' id='line_1_86' title="bbox 2001 3941 3654 4025; baseline -0.008 -18"><span class='ocrx_word' id='word_1_630' title='bbox 2001 3970 2116 4025; x_wconf 69' lang='lat' dir='ltr'>pra:</span> <span class='ocrx_word' id='word_1_631' title='bbox 2141 3968 2202 4006; x_wconf 91' lang='lat' dir='ltr'>se</span> <span class='ocrx_word' id='word_1_632' title='bbox 2230 3951 2508 4004; x_wconf 89' lang='lat' dir='ltr'>ferentem</span> <span class='ocrx_word' id='word_1_633' title='bbox 2526 3951 2810 4016; x_wconf 86' lang='lat' dir='ltr'>movetur,</span> <span class='ocrx_word' id='word_1_634' title='bbox 2836 3946 3063 3999; x_wconf 71' lang='lat' dir='ltr'>daemon</span> <span class='ocrx_word' id='word_1_635' title='bbox 3090 3942 3301 4007; x_wconf 87' lang='lat' dir='ltr'>evadit;</span> <span class='ocrx_word' id='word_1_636' title='bbox 3326 3941 3523 3996; x_wconf 86' lang='lat' dir='ltr'>anima</span> <span class='ocrx_word' id='word_1_637' title='bbox 3555 3957 3654 3994; x_wconf 87' lang='lat' dir='ltr'>au-</span> 
     </span>
    </p>
   </div>
   <div class='ocr_carea' id='block_1_86' title="bbox 1997 4033 3655 4111">
    <p class='ocr_par' dir='ltr' id='par_1_86' title="bbox 1997 4033 3655 4111">
     <span class='ocr_line' id='line_1_87' title="bbox 1997 4033 3655 4111; baseline -0.008 -14"><span class='ocrx_word' id='word_1_638' title='bbox 1997 4046 2113 4097; x_wconf 90' lang='lat' dir='ltr'>tem</span> <span class='ocrx_word' id='word_1_639' title='bbox 2131 4045 2424 4111; x_wconf 88' lang='lat' dir='ltr'>quatenus</span> <span class='ocrx_word' id='word_1_640' title='bbox 2449 4036 2781 4107; x_wconf 86' lang='lat' dir='ltr'>intelligens</span> <span class='ocrx_word' id='word_1_641' title='bbox 2806 4051 2870 4088; x_wconf 90' lang='lat' dir='ltr'>ac</span> <span class='ocrx_word' id='word_1_642' title='bbox 2897 4033 3224 4101; x_wconf 89' lang='lat' dir='ltr'>rationalis,</span> <span class='ocrx_word' id='word_1_643' title='bbox 3242 4049 3355 4086; x_wconf 91' lang='lat' dir='ltr'>non</span> <span class='ocrx_word' id='word_1_644' title='bbox 3380 4045 3655 4085; x_wconf 83' lang='lat' dir='ltr'>exercens</span> 
     </span>
    </p>
   </div>
   <div class='ocr_carea' id='block_1_87' title="bbox 1999 4118 3660 4193">
    <p class='ocr_par' dir='ltr' id='par_1_87' title="bbox 1999 4118 3660 4193">
     <span class='ocr_line' id='line_1_88' title="bbox 1999 4118 3660 4193; baseline -0.009 -7"><span class='ocrx_word' id='word_1_645' title='bbox 1999 4131 2328 4186; x_wconf 89' lang='lat' dir='ltr'>secundum</span> <span class='ocrx_word' id='word_1_646' title='bbox 2357 4127 2645 4182; x_wconf 87' lang='lat' dir='ltr'>rationem</span> <span class='ocrx_word' id='word_1_647' title='bbox 2674 4125 2999 4193; x_wconf 86' lang='lat' dir='ltr'>subjectam</span> <span class='ocrx_word' id='word_1_648' title='bbox 3037 4126 3289 4176; x_wconf 89' lang='lat' dir='ltr'>mentem</span> <span class='ocrx_word' id='word_1_649' title='bbox 3318 4118 3660 4190; x_wconf 84' lang='lat' dir='ltr'>intelligibi-</span> 
     </span>
    </p>
   </div>
   <div class='ocr_carea' id='block_1_88' title="bbox 1999 4207 3658 4289">
    <p class='ocr_par' dir='ltr' id='par_1_88' title="bbox 1999 4207 3658 4289">
     <span class='ocr_line' id='line_1_89' title="bbox 1999 4207 3658 4289; baseline -0.01 -13"><span class='ocrx_word' id='word_1_650' title='bbox 1999 4219 2136 4289; x_wconf 86' lang='lat' dir='ltr'>lem,</span> <span class='ocrx_word' id='word_1_651' title='bbox 2170 4235 2285 4275; x_wconf 87' lang='lat' dir='ltr'>non</span> <span class='ocrx_word' id='word_1_652' title='bbox 2318 4219 2588 4288; x_wconf 87' lang='lat' dir='ltr'>operatur</span> <span class='ocrx_word' id='word_1_653' title='bbox 2621 4212 2894 4284; x_wconf 89' lang='lat' dir='ltr'>propria;</span> <span class='ocrx_word' id='word_1_654' title='bbox 2947 4226 3193 4281; x_wconf 90' lang='lat' dir='ltr'>corpora</span> <span class='ocrx_word' id='word_1_655' title='bbox 3247 4224 3382 4262; x_wconf 82' lang='lat' dir='ltr'>vero</span> <span class='ocrx_word' id='word_1_656' title='bbox 3434 4207 3658 4261; x_wconf 88' lang='lat' dir='ltr'>intelli-</span> 
     </span>
    </p>
   </div>
   <div class='ocr_carea' id='block_1_89' title="bbox 1997 4296 3656 4382">
    <p class='ocr_par' dir='ltr' id='par_1_89' title="bbox 1997 4296 3656 4382">
     <span class='ocr_line' id='line_1_90' title="bbox 1997 4296 3656 4382; baseline -0.01 -17"><span class='ocrx_word' id='word_1_657' title='bbox 1997 4310 2159 4382; x_wconf 85' lang='lat' dir='ltr'>genti</span> <span class='ocrx_word' id='word_1_658' title='bbox 2195 4307 2416 4363; x_wconf 88' lang='lat' dir='ltr'>ratione</span> <span class='ocrx_word' id='word_1_659' title='bbox 2466 4303 2765 4372; x_wconf 82' lang='lat' dir='ltr'>inferiora,</span> <span class='ocrx_word' id='word_1_660' title='bbox 2817 4303 3025 4372; x_wconf 68' lang='lat' dir='ltr'>praeter</span> <span class='ocrx_word' id='word_1_661' title='bbox 3075 4303 3346 4354; x_wconf 87' lang='lat' dir='ltr'>naturam</span> <span class='ocrx_word' id='word_1_662' title='bbox 3401 4296 3656 4361; x_wconf 87' lang='lat' dir='ltr'>inventa,</span> 
     </span>
    </p>
   </div>
   <div class='ocr_carea' id='block_1_90' title="bbox 2000 4392 2697 4464">
    <p class='ocr_par' dir='ltr' id='par_1_90' title="bbox 2000 4392 2697 4464">
     <span class='ocr_line' id='line_1_91' title="bbox 2000 4392 2697 4464; baseline -0.013 -9"><span class='ocrx_word' id='word_1_663' title='bbox 2000 4417 2116 4455; x_wconf 88' lang='lat' dir='ltr'>non</span> <span class='ocrx_word' id='word_1_664' title='bbox 2147 4396 2343 4453; x_wconf 89' lang='lat' dir='ltr'>valent</span> <span class='ocrx_word' id='word_1_665' title='bbox 2372 4395 2429 4448; x_wconf 89' lang='lat' dir='ltr'>in</span> <span class='ocrx_word' id='word_1_666' title='bbox 2464 4392 2697 4464; x_wconf 86' lang='lat' dir='ltr'>seipsis.</span> 
     </span>
    </p>
   </div>
   <div class='ocr_carea' id='block_1_91' title="bbox 2072 4474 3659 4556">
    <p class='ocr_par' dir='ltr' id='par_1_91' title="bbox 2072 4474 3659 4556">
     <span class='ocr_line' id='line_1_92' title="bbox 2072 4474 3659 4556; baseline -0.01 -13"><span class='ocrx_word' id='word_1_667' title='bbox 2072 4485 2343 4556; x_wconf 84' lang='lat' dir='ltr'>Quomodo</span> <span class='ocrx_word' id='word_1_668' title='bbox 2372 4485 2490 4540; x_wconf 74' lang='lat' dir='ltr'>sint</span> <span class='ocrx_word' id='word_1_669' title='bbox 2519 4484 2714 4539; x_wconf 82' lang='lat' dir='ltr'>animo</span> <span class='ocrx_word' id='word_1_670' title='bbox 2744 4480 2916 4536; x_wconf 86' lang='lat' dir='ltr'>mala.</span> <span class='ocrx_word' id='word_1_671' title='bbox 2952 4479 3011 4534; x_wconf 92' lang='lat' dir='ltr'>Si</span> <span class='ocrx_word' id='word_1_672' title='bbox 3044 4474 3412 4550; x_wconf 89' lang='lat' dir='ltr'>providentia</span> <span class='ocrx_word' id='word_1_673' title='bbox 3441 4474 3500 4528; x_wconf 92' lang='lat' dir='ltr'>in</span> <span class='ocrx_word' id='word_1_674' title='bbox 3533 4489 3659 4529; x_wconf 90' lang='lat' dir='ltr'>om-</span> 
     </span>
    </p>
   </div>
   <div class='ocr_carea' id='block_1_92' title="bbox 2001 4569 3051 4645">
    <p class='ocr_par' dir='ltr' id='par_1_92' title="bbox 2001 4569 3051 4645">
     <span class='ocr_line' id='line_1_93' title="bbox 2001 4569 3051 4645; baseline -0.01 -13"><span class='ocrx_word' id='word_1_675' title='bbox 2001 4577 2198 4642; x_wconf 85' lang='lat' dir='ltr'>nibus,</span> <span class='ocrx_word' id='word_1_676' title='bbox 2232 4589 2528 4645; x_wconf 90' lang='lat' dir='ltr'>nusquam</span> <span class='ocrx_word' id='word_1_677' title='bbox 2562 4576 2776 4626; x_wconf 89' lang='lat' dir='ltr'>natura</span> <span class='ocrx_word' id='word_1_678' title='bbox 2808 4569 3051 4624; x_wconf 89' lang='lat' dir='ltr'>malum.</span> 
     </span>
    </p>
   </div>
   <div class='ocr_carea' id='block_1_93' title="bbox 303 4653 1887 4740">
    <p class='ocr_par' dir='ltr' id='par_1_93' title="bbox 303 4657 1887 4738">
     <span class='ocr_line' id='line_1_94' title="bbox 303 4657 1887 4738; baseline 0.007 -29"><span class='ocrx_word' id='word_1_679' title='bbox 303 4657 616 4721; x_wconf 75' lang='lat' dir='ltr'>§XXXIIL</span> <span class='ocrx_word' id='word_1_680' title='bbox 681 4657 862 4714; x_wconf 83' lang='grc' dir='ltr'>Ἀλλά</span> <span class='ocrx_word' id='word_1_681' title='bbox 915 4660 1006 4714; x_wconf 88' lang='grc' dir='ltr'>καὶ</span> <span class='ocrx_word' id='word_1_682' title='bbox 1060 4666 1178 4724; x_wconf 85' lang='grc' dir='ltr'>τοῖς</span> <span class='ocrx_word' id='word_1_683' title='bbox 1227 4665 1564 4738; x_wconf 87' lang='grc' dir='ltr'>γινομένοις.</span> <span class='ocrx_word' id='word_1_684' title='bbox 1624 4667 1744 4722; x_wconf 75' lang='grc' dir='ltr'>⁸Ὀτι</span> <span class='ocrx_word' id='word_1_685' title='bbox 1800 4665 1887 4720; x_wconf 79' lang='grc' dir='ltr'>καὶ</span> 
     </span>
    </p>
   </div>
   <div class='ocr_carea' id='block_1_94' title="bbox 2012 4653 3657 4740">
    <p class='ocr_par' dir='ltr' id='par_1_94' title="bbox 2072 4653 3657 4738">
     <span class='ocr_line' id='line_1_95' title="bbox 2072 4653 3657 4738; baseline -0.01 -17"><span class='ocrx_word' id='word_1_686' title='bbox 2072 4663 2345 4738; x_wconf 81' lang='lat' dir='ltr'>§XXIIL</span> <span class='ocrx_word' id='word_1_687' title='bbox 2380 4663 2524 4731; x_wconf 86' lang='lat' dir='ltr'>Quin</span> <span class='ocrx_word' id='word_1_688' title='bbox 2572 4662 2748 4717; x_wconf 79' lang='lat' dir='ltr'>etiam</span> <span class='ocrx_word' id='word_1_689' title='bbox 2788 4661 2860 4714; x_wconf 77' lang='lat' dir='ltr'>iis</span> <span class='ocrx_word' id='word_1_690' title='bbox 2914 4658 3009 4730; x_wconf 83' lang='lat' dir='ltr'>qui</span> <span class='ocrx_word' id='word_1_691' title='bbox 3039 4667 3187 4712; x_wconf 69' lang='lat' dir='ltr'>sunt.</span> <span class='ocrx_word' id='word_1_692' title='bbox 3243 4656 3425 4712; x_wconf 89' lang='lat' dir='ltr'>Deum</span> <span class='ocrx_word' id='word_1_693' title='bbox 3481 4653 3657 4708; x_wconf 89' lang='lat' dir='ltr'>etiam</span> 
     </span>
    </p>
   </div>
   <div class='ocr_carea' id='block_1_95' title="bbox 233 4745 1890 4830">
    <p class='ocr_par' dir='ltr' id='par_1_95' title="bbox 233 4745 1890 4830">
     <span class='ocr_line' id='line_1_96' title="bbox 233 4745 1890 4830; baseline 0.01 -37"><span class='ocrx_word' id='word_1_694' title='bbox 233 4746 348 4830; x_wconf 83' lang='grc' dir='ltr'>τοῖς</span> <span class='ocrx_word' id='word_1_695' title='bbox 376 4745 690 4817; x_wconf 84' lang='grc' dir='ltr'>γινομένοις</span> <span class='ocrx_word' id='word_1_696' title='bbox 733 4747 824 4802; x_wconf 89' lang='grc' dir='ltr'>καὶ</span> <span class='ocrx_word' id='word_1_697' title='bbox 854 4752 1240 4824; x_wconf 76' lang='grc' dir='ltr'>νομιζομένοις</span> <span class='ocrx_word' id='word_1_698' title='bbox 1271 4759 1460 4814; x_wconf 82' lang='grc' dir='ltr'>κακοῖς</span> <span class='ocrx_word' id='word_1_699' title='bbox 1492 4754 1890 4830; x_wconf 80' lang='grc' dir='ltr'>ἀγαθοπρεπῶς</span> 
     </span>
    </p>
   </div>
   <div class='ocr_carea' id='block_1_96' title="bbox 236 4829 1891 4972">
    <p class='ocr_par' dir='ltr' id='par_1_96' title="bbox 236 4829 1891 4972">
     <span class='ocr_line' id='line_1_97' title="bbox 236 4829 1891 4972; baseline 0.009 -88"><span class='ocrx_word' id='word_1_700' title='bbox 236 4829 503 4972; x_wconf 53' lang='grc' dir='ltr'>ζέῖρηται</span> <span class='ocrx_word' id='word_1_701' title='bbox 537 4836 566 4889; x_wconf 90' lang='grc' dir='ltr'>ὁ</span> <span class='ocrx_word' id='word_1_702' title='bbox 600 4836 731 4899; x_wconf 85' lang='grc' dir='ltr'>Θεὸς</span> <span class='ocrx_word' id='word_1_703' title='bbox 761 4837 897 4913; x_wconf 84' lang='grc' dir='ltr'>πρὸς</span> <span class='ocrx_word' id='word_1_704' title='bbox 941 4835 1229 4916; x_wconf 83' lang='grc' dir='ltr'>διόρθωσιν</span> <span class='ocrx_word' id='word_1_705' title='bbox 1280 4843 1313 4911; x_wconf 87' lang='grc' dir='ltr'>ἣ</span> <span class='ocrx_word' id='word_1_706' title='bbox 1369 4841 1635 4920; x_wconf 76' lang='grc' dir='ltr'>ὠφέλειαν</span> <span class='ocrx_word' id='word_1_707' title='bbox 1668 4845 1830 4916; x_wconf 79' lang='grc' dir='ltr'>ἡμῶν</span> <span class='ocrx_word' id='word_1_708' title='bbox 1858 4845 1891 4913; x_wconf 79' lang='grc' dir='ltr'>ἣ</span> 
     </span>
     <span class='ocr_line' id='line_1_98' title="bbox 264 4937 458 4972; baseline 0.015 -3"><span class='ocrx_word' id='word_1_709' title='bbox 264 4937 292 4969; x_wconf 84' lang='grc' dir='ltr'>τ</span> <span class='ocrx_word' id='word_1_710' title='bbox 326 4941 458 4972; x_wconf 81' lang='grc' dir='ltr'>οων-</span> 
     </span>
    </p>
   </div>
   <div class='ocr_carea' id='block_1_97' title="bbox 264 4937 458 4993">
    <p class='ocr_par' dir='ltr' id='par_1_97' title="bbox 264 4937 458 4993">
     <span class='ocr_line' id='line_1_99' title="bbox 264 4937 458 4993; baseline 0.036 -21"><span class='ocrx_word' id='word_1_711' title='bbox 264 4937 458 4993; x_wconf 75' lang='grc' dir='ltr'>τερων.</span> 
     </span>
    </p>
   </div>
   <div class='ocr_carea' id='block_1_98' title="bbox 306 5010 1887 5096">
    <p class='ocr_par' dir='ltr' id='par_1_98' title="bbox 306 5010 1887 5096">
     <span class='ocr_line' id='line_1_100' title="bbox 306 5010 1887 5096; baseline 0.006 -30"><span class='ocrx_word' id='word_1_712' title='bbox 306 5010 374 5066; x_wconf 87' lang='grc' dir='ltr'><strong>Ἤ</strong></span> <span class='ocrx_word' id='word_1_713' title='bbox 409 5010 596 5067; x_wconf 80' lang='grc' dir='ltr'>ἄλλων</span> <span class='ocrx_word' id='word_1_714' title='bbox 629 5015 662 5083; x_wconf 82' lang='grc' dir='ltr'><strong>ἢ</strong></span> <span class='ocrx_word' id='word_1_715' title='bbox 694 5012 901 5086; x_wconf 49' lang='lat' dir='ltr'>{sum</span> <span class='ocrx_word' id='word_1_716' title='bbox 933 5017 1080 5094; x_wconf 88' lang='grc' dir='ltr'>Ηρὸς</span> <span class='ocrx_word' id='word_1_717' title='bbox 1112 5019 1241 5081; x_wconf 74' lang='grc' dir='ltr'>τοὺς</span> <span class='ocrx_word' id='word_1_718' title='bbox 1271 5019 1559 5094; x_wconf 81' lang='grc' dir='ltr'>λέγοντας,</span> <span class='ocrx_word' id='word_1_719' title='bbox 1603 5022 1684 5075; x_wconf 80' lang='grc' dir='ltr'>ὅτι</span> <span class='ocrx_word' id='word_1_720' title='bbox 1717 5021 1887 5096; x_wconf 78' lang='grc' dir='ltr'>ἐχρῆν</span> 
     </span>
    </p>
   </div>
   <div class='ocr_carea' id='block_1_99' title="bbox 242 5095 1221 5182">
    <p class='ocr_par' dir='ltr' id='par_1_99' title="bbox 242 5095 1221 5182">
     <span class='ocr_line' id='line_1_101' title="bbox 242 5095 1221 5182; baseline 0.012 -31"><span class='ocrx_word' id='word_1_721' title='bbox 242 5095 390 5167; x_wconf 72' lang='grc' dir='ltr'>ἡμᾶς</span> <span class='ocrx_word' id='word_1_722' title='bbox 418 5102 505 5155; x_wconf 81' lang='grc' dir='ltr'>καὶ</span> <span class='ocrx_word' id='word_1_723' title='bbox 538 5103 768 5166; x_wconf 75' lang='grc' dir='ltr'>ἄκοντας</span> <span class='ocrx_word' id='word_1_724' title='bbox 802 5106 931 5160; x_wconf 75' lang='grc' dir='ltr'>εἶναι</span> <span class='ocrx_word' id='word_1_725' title='bbox 965 5107 1221 5182; x_wconf 76' lang='grc' dir='ltr'>ἀγαθούς.</span> 
     </span>
    </p>
   </div>
   <div class='ocr_carea' id='block_1_100' title="bbox 309 5187 1888 5272">
    <p class='ocr_par' dir='ltr' id='par_1_100' title="bbox 309 5187 1888 5272">
     <span class='ocr_line' id='line_1_102' title="bbox 309 5187 1888 5272; baseline 0.01 -32"><span class='ocrx_word' id='word_1_726' title='bbox 309 5187 586 5264; x_wconf 75' lang='grc' dir='ltr'>οἳχρῆναί</span> <span class='ocrx_word' id='word_1_727' title='bbox 649 5215 777 5268; x_wconf 78' lang='grc' dir='ltr'>φασι</span> <span class='ocrx_word' id='word_1_728' title='bbox 847 5197 946 5265; x_wconf 73' lang='grc' dir='ltr'>τὴν</span> <span class='ocrx_word' id='word_1_729' title='bbox 1030 5199 1312 5272; x_wconf 86' lang='grc' dir='ltr'>πρόνοιαν.</span> <span class='ocrx_word' id='word_1_730' title='bbox 1394 5198 1712 5272; x_wconf 84' lang='grc' dir='ltr'>Σημείωσαι</span> <span class='ocrx_word' id='word_1_731' title='bbox 1771 5205 1888 5264; x_wconf 80' lang='grc' dir='ltr'>πῶς</span> 
     </span>
    </p>
   </div>
   <div class='ocr_carea' id='block_1_101' title="bbox 243 5269 1891 5362">
    <p class='ocr_par' dir='ltr' id='par_1_101' title="bbox 243 5269 1891 5362">
     <span class='ocr_line' id='line_1_103' title="bbox 243 5269 1891 5362; baseline 0.012 -36"><span class='ocrx_word' id='word_1_732' title='bbox 243 5269 396 5362; x_wconf 64' lang='grc' dir='ltr'>έπιπ)</span> <span class='ocrx_word' id='word_1_733' title='bbox 415 5279 563 5347; x_wconf 72' lang='grc' dir='ltr'>ήττει</span> <span class='ocrx_word' id='word_1_734' title='bbox 612 5287 732 5344; x_wconf 85' lang='grc' dir='ltr'>τοῖς</span> <span class='ocrx_word' id='word_1_735' title='bbox 787 5281 1027 5360; x_wconf 86' lang='grc' dir='ltr'>λέγουσι·</span> <span class='ocrx_word' id='word_1_736' title='bbox 1074 5269 1188 5340; x_wconf 65' lang='grc' dir='ltr'>⁷Διᾶι</span> <span class='ocrx_word' id='word_1_737' title='bbox 1243 5286 1294 5340; x_wconf 84' lang='grc' dir='ltr'>τί</span> <span class='ocrx_word' id='word_1_738' title='bbox 1339 5287 1441 5362; x_wconf 76' lang='grc' dir='ltr'>γὰρ</span> <span class='ocrx_word' id='word_1_739' title='bbox 1487 5269 1581 5360; x_wconf 17' lang='grc' dir='ltr'>Ὕμή</span> <span class='ocrx_word' id='word_1_740' title='bbox 1642 5287 1891 5356; x_wconf 79' lang='grc' dir='ltr'>ἐποίησεν</span> 
     </span>
    </p>
   </div>
   <div class='ocr_carea' id='block_1_102' title="bbox 240 5361 1890 5454">
    <p class='ocr_par' dir='ltr' id='par_1_102' title="bbox 240 5361 1890 5454">
     <span class='ocr_line' id='line_1_104' title="bbox 240 5361 1890 5454; baseline 0.004 -27"><span class='ocrx_word' id='word_1_741' title='bbox 240 5361 384 5433; x_wconf 69' lang='grc' dir='ltr'>ἡμεῖς</span> <span class='ocrx_word' id='word_1_742' title='bbox 417 5367 444 5420; x_wconf 86' lang='grc' dir='ltr'>ὁ</span> <span class='ocrx_word' id='word_1_743' title='bbox 474 5370 603 5433; x_wconf 84' lang='grc' dir='ltr'>Θεὸς</span> <span class='ocrx_word' id='word_1_744' title='bbox 633 5368 826 5445; x_wconf 73' lang='grc' dir='ltr'>οὕτως,</span> <span class='ocrx_word' id='word_1_745' title='bbox 854 5371 965 5443; x_wconf 53' lang='grc' dir='ltr'>τίνα,</span> <span class='ocrx_word' id='word_1_746' title='bbox 1023 5372 1120 5428; x_wconf 72' lang='grc' dir='ltr'>κᾶν</span> <span class='ocrx_word' id='word_1_747' title='bbox 1168 5361 1439 5448; x_wconf 77' lang='grc' dir='ltr'>θέλωμεν,</span> <span class='ocrx_word' id='word_1_748' title='bbox 1507 5379 1582 5449; x_wconf 76' lang='grc' dir='ltr'>μὴ</span> <span class='ocrx_word' id='word_1_749' title='bbox 1643 5379 1890 5454; x_wconf 79' lang='grc' dir='ltr'>ἁμαρτά-</span> 
     </span>
    </p>
   </div>
   <div class='ocr_carea' id='block_1_103' title="bbox 238 5459 1893 5542">
    <p class='ocr_par' dir='ltr' id='par_1_103' title="bbox 238 5459 1893 5542">
     <span class='ocr_line' id='line_1_105' title="bbox 238 5459 1893 5542; baseline 0.01 -36"><span class='ocrx_word' id='word_1_750' title='bbox 238 5468 453 5527; x_wconf 77' lang='grc' dir='ltr'>νωμενς</span> <span class='ocrx_word' id='word_1_751' title='bbox 501 5462 664 5514; x_wconf 91' lang='grc' dir='ltr'>τοῦτο</span> <span class='ocrx_word' id='word_1_752' title='bbox 699 5461 798 5536; x_wconf 82' lang='grc' dir='ltr'>γὰρ</span> <span class='ocrx_word' id='word_1_753' title='bbox 832 5459 985 5518; x_wconf 73' lang='grc' dir='ltr'>οὐδὲν</span> <span class='ocrx_word' id='word_1_754' title='bbox 1033 5460 1214 5540; x_wconf 69' lang='grc' dir='ltr'>ἕτερόν</span> <span class='ocrx_word' id='word_1_755' title='bbox 1269 5463 1406 5520; x_wconf 77' lang='grc' dir='ltr'>ἐστιν</span> <span class='ocrx_word' id='word_1_756' title='bbox 1453 5466 1487 5534; x_wconf 77' lang='grc' dir='ltr'><strong>ἢ</strong></span> <span class='ocrx_word' id='word_1_757' title='bbox 1535 5463 1733 5542; x_wconf 81' lang='grc' dir='ltr'>λέγειν’</span> <span class='ocrx_word' id='word_1_758' title='bbox 1795 5469 1893 5522; x_wconf 78' lang='grc' dir='ltr'>Διὰ</span> 
     </span>
    </p>
   </div>
   <div class='ocr_carea' id='block_1_104' title="bbox 2003 4743 3660 4826">
    <p class='ocr_par' dir='ltr' id='par_1_104' title="bbox 2003 4743 3660 4826">
     <span class='ocr_line' id='line_1_106' title="bbox 2003 4743 3660 4826; baseline -0.01 -16"><span class='ocrx_word' id='word_1_759' title='bbox 2003 4755 2076 4810; x_wconf 90' lang='lat' dir='ltr'>iis</span> <span class='ocrx_word' id='word_1_760' title='bbox 2099 4754 2201 4826; x_wconf 89' lang='lat' dir='ltr'>qui</span> <span class='ocrx_word' id='word_1_761' title='bbox 2232 4756 2490 4808; x_wconf 88' lang='lat' dir='ltr'>suntaut</span> <span class='ocrx_word' id='word_1_762' title='bbox 2511 4753 2831 4806; x_wconf 86' lang='lat' dir='ltr'>censentur</span> <span class='ocrx_word' id='word_1_763' title='bbox 2849 4747 3013 4816; x_wconf 88' lang='lat' dir='ltr'>mali,</span> <span class='ocrx_word' id='word_1_764' title='bbox 3049 4747 3145 4818; x_wconf 79' lang='lat' dir='ltr'>pia</span> <span class='ocrx_word' id='word_1_765' title='bbox 3168 4763 3278 4801; x_wconf 87' lang='lat' dir='ltr'>sua</span> <span class='ocrx_word' id='word_1_766' title='bbox 3295 4743 3660 4814; x_wconf 82' lang='lat' dir='ltr'>benignitate</span> 
     </span>
    </p>
   </div>
   <div class='ocr_carea' id='block_1_105' title="bbox 2001 4830 3655 4899">
    <p class='ocr_par' dir='ltr' id='par_1_105' title="bbox 2001 4830 3655 4899">
     <span class='ocr_line' id='line_1_107' title="bbox 2001 4830 3655 4899; baseline -0.01 0"><span class='ocrx_word' id='word_1_767' title='bbox 2001 4845 2071 4899; x_wconf 87' lang='lat' dir='ltr'>ad</span> <span class='ocrx_word' id='word_1_768' title='bbox 2106 4841 2526 4898; x_wconf 86' lang='lat' dir='ltr'>correctionem</span> <span class='ocrx_word' id='word_1_769' title='bbox 2559 4843 2614 4894; x_wconf 91' lang='lat' dir='ltr'>et</span> <span class='ocrx_word' id='word_1_770' title='bbox 2641 4837 2956 4894; x_wconf 89' lang='lat' dir='ltr'>utilitatem</span> <span class='ocrx_word' id='word_1_771' title='bbox 2982 4839 3242 4891; x_wconf 87' lang='lat' dir='ltr'>nostram</span> <span class='ocrx_word' id='word_1_772' title='bbox 3277 4837 3378 4887; x_wconf 85' lang='lat' dir='ltr'>aut</span> <span class='ocrx_word' id='word_1_773' title='bbox 3408 4830 3655 4886; x_wconf 88' lang='lat' dir='ltr'>aliorum</span> 
     </span>
    </p>
   </div>
   <div class='ocr_carea' id='block_1_106' title="bbox 2003 4933 2110 4987">
    <p class='ocr_par' dir='ltr' id='par_1_106' title="bbox 2003 4933 2110 4987">
     <span class='ocr_line' id='line_1_108' title="bbox 2003 4933 2110 4987; baseline 0 0"><span class='ocrx_word' id='word_1_774' title='bbox 2003 4933 2110 4987; x_wconf 91' lang='lat' dir='ltr'>uti.</span> 
     </span>
    </p>
   </div>
   <div class='ocr_carea' id='block_1_107' title="bbox 2072 5007 3660 5090">
    <p class='ocr_par' dir='ltr' id='par_1_107' title="bbox 2072 5007 3660 5090">
     <span class='ocr_line' id='line_1_109' title="bbox 2072 5007 3660 5090; baseline -0.011 -13"><span class='ocrx_word' id='word_1_775' title='bbox 2072 5022 2175 5076; x_wconf 81' lang='lat' dir='ltr'>Aut</span> <span class='ocrx_word' id='word_1_776' title='bbox 2204 5021 2466 5084; x_wconf 85' lang='lat' dir='ltr'>aliorum,</span> <span class='ocrx_word' id='word_1_777' title='bbox 2507 5019 2591 5073; x_wconf 76' lang='lat' dir='ltr'>vel</span> <span class='ocrx_word' id='word_1_778' title='bbox 2619 5015 2926 5090; x_wconf 83' lang='lat' dir='ltr'>propriam.</span> <span class='ocrx_word' id='word_1_779' title='bbox 2961 5013 3176 5068; x_wconf 88' lang='lat' dir='ltr'>Contra</span> <span class='ocrx_word' id='word_1_780' title='bbox 3205 5026 3304 5065; x_wconf 93' lang='lat' dir='ltr'>eos</span> <span class='ocrx_word' id='word_1_781' title='bbox 3335 5007 3434 5079; x_wconf 88' lang='lat' dir='ltr'>qui</span> <span class='ocrx_word' id='word_1_782' title='bbox 3454 5007 3660 5061; x_wconf 88' lang='lat' dir='ltr'>dicunt</span> 
     </span>
    </p>
   </div>
   <div class='ocr_carea' id='block_1_108' title="bbox 2001 5102 3191 5166">
    <p class='ocr_par' dir='ltr' id='par_1_108' title="bbox 2001 5102 3191 5166">
     <span class='ocr_line' id='line_1_110' title="bbox 2001 5102 3191 5166; baseline -0.01 0"><span class='ocrx_word' id='word_1_783' title='bbox 2001 5128 2106 5166; x_wconf 87' lang='lat' dir='ltr'>nos</span> <span class='ocrx_word' id='word_1_784' title='bbox 2140 5111 2348 5166; x_wconf 91' lang='lat' dir='ltr'>debere</span> <span class='ocrx_word' id='word_1_785' title='bbox 2382 5107 2557 5164; x_wconf 88' lang='lat' dir='ltr'>etiam</span> <span class='ocrx_word' id='word_1_786' title='bbox 2591 5107 2805 5162; x_wconf 80' lang='lat' dir='ltr'>invitos</span> <span class='ocrx_word' id='word_1_787' title='bbox 2829 5120 2958 5159; x_wconf 86' lang='lat' dir='ltr'>esse</span> <span class='ocrx_word' id='word_1_788' title='bbox 2984 5102 3191 5156; x_wconf 87' lang='lat' dir='ltr'>bonos.</span> 
     </span>
    </p>
   </div>
   <div class='ocr_carea' id='block_1_109' title="bbox 2073 5185 3658 5268">
    <p class='ocr_par' dir='ltr' id='par_1_109' title="bbox 2073 5185 3658 5268">
     <span class='ocr_line' id='line_1_111' title="bbox 2073 5185 3658 5268; baseline -0.011 -13"><span class='ocrx_word' id='word_1_789' title='bbox 2073 5201 2177 5268; x_wconf 88' lang='lat' dir='ltr'>Qui</span> <span class='ocrx_word' id='word_1_790' title='bbox 2205 5201 2366 5254; x_wconf 82' lang='lat' dir='ltr'>aiunt</span> <span class='ocrx_word' id='word_1_791' title='bbox 2394 5197 2588 5253; x_wconf 81' lang='lat' dir='ltr'>debere</span> <span class='ocrx_word' id='word_1_792' title='bbox 2613 5194 3044 5268; x_wconf 76' lang='lat' dir='ltr'>providentiam.</span> <span class='ocrx_word' id='word_1_793' title='bbox 3081 5189 3230 5244; x_wconf 86' lang='lat' dir='ltr'>Nota</span> <span class='ocrx_word' id='word_1_794' title='bbox 3251 5186 3542 5256; x_wconf 89' lang='lat' dir='ltr'>quomodo</span> <span class='ocrx_word' id='word_1_795' title='bbox 3565 5185 3658 5239; x_wconf 84' lang='lat' dir='ltr'>in-</span> 
     </span>
    </p>
   </div>
   <div class='ocr_carea' id='block_1_110' title="bbox 2000 5275 3659 5361">
    <p class='ocr_par' dir='ltr' id='par_1_110' title="bbox 2000 5275 3659 5361">
     <span class='ocr_line' id='line_1_112' title="bbox 2000 5275 3659 5361; baseline -0.01 -17"><span class='ocrx_word' id='word_1_796' title='bbox 2000 5295 2201 5361; x_wconf 90' lang='lat' dir='ltr'>crepat</span> <span class='ocrx_word' id='word_1_797' title='bbox 2223 5289 2506 5354; x_wconf 89' lang='lat' dir='ltr'>dicentes,</span> <span class='ocrx_word' id='word_1_798' title='bbox 2532 5287 2646 5342; x_wconf 89' lang='lat' dir='ltr'>Cur</span> <span class='ocrx_word' id='word_1_799' title='bbox 2675 5285 2832 5340; x_wconf 89' lang='lat' dir='ltr'>Deus</span> <span class='ocrx_word' id='word_1_800' title='bbox 2864 5298 2980 5335; x_wconf 90' lang='lat' dir='ltr'>non</span> <span class='ocrx_word' id='word_1_801' title='bbox 3007 5280 3088 5334; x_wconf 91' lang='lat' dir='ltr'>ita</span> <span class='ocrx_word' id='word_1_802' title='bbox 3114 5277 3246 5332; x_wconf 87' lang='lat' dir='ltr'>fecit</span> <span class='ocrx_word' id='word_1_803' title='bbox 3269 5293 3395 5341; x_wconf 86' lang='lat' dir='ltr'>nos,</span> <span class='ocrx_word' id='word_1_804' title='bbox 3428 5280 3514 5342; x_wconf 90' lang='lat' dir='ltr'>ut,</span> <span class='ocrx_word' id='word_1_805' title='bbox 3548 5275 3659 5329; x_wconf 87' lang='lat' dir='ltr'>etsi</span> 
     </span>
    </p>
   </div>
   <div class='ocr_carea' id='block_1_111' title="bbox 1998 5364 3660 5448">
    <p class='ocr_par' dir='ltr' id='par_1_111' title="bbox 1998 5364 3660 5448">
     <span class='ocr_line' id='line_1_113' title="bbox 1998 5364 3660 5448; baseline -0.011 -14"><span class='ocrx_word' id='word_1_806' title='bbox 1998 5379 2270 5448; x_wconf 89' lang='lat' dir='ltr'>velimus,</span> <span class='ocrx_word' id='word_1_807' title='bbox 2299 5393 2414 5432; x_wconf 86' lang='lat' dir='ltr'>non</span> <span class='ocrx_word' id='word_1_808' title='bbox 2444 5389 2790 5448; x_wconf 90' lang='lat' dir='ltr'>peccemus;</span> <span class='ocrx_word' id='word_1_809' title='bbox 2837 5371 2947 5425; x_wconf 87' lang='lat' dir='ltr'>hoc</span> <span class='ocrx_word' id='word_1_810' title='bbox 2979 5368 3132 5424; x_wconf 84' lang='lat' dir='ltr'>enim</span> <span class='ocrx_word' id='word_1_811' title='bbox 3184 5367 3342 5421; x_wconf 88' lang='lat' dir='ltr'>aliud</span> <span class='ocrx_word' id='word_1_812' title='bbox 3391 5364 3538 5419; x_wconf 86' lang='lat' dir='ltr'>nihil</span> <span class='ocrx_word' id='word_1_813' title='bbox 3571 5369 3660 5418; x_wconf 82' lang='lat' dir='ltr'>est</span> 
     </span>
    </p>
   </div>
   <div class='ocr_carea' id='block_1_112' title="bbox 2000 5456 3660 5540">
    <p class='ocr_par' dir='ltr' id='par_1_112' title="bbox 2000 5456 3660 5540">
     <span class='ocr_line' id='line_1_114' title="bbox 2000 5456 3660 5540; baseline -0.01 -16"><span class='ocrx_word' id='word_1_814' title='bbox 2000 5485 2177 5540; x_wconf 88' lang='lat' dir='ltr'>quam</span> <span class='ocrx_word' id='word_1_815' title='bbox 2208 5467 2419 5532; x_wconf 90' lang='lat' dir='ltr'>dicere,</span> <span class='ocrx_word' id='word_1_816' title='bbox 2453 5465 2641 5528; x_wconf 87' lang='lat' dir='ltr'>Quare</span> <span class='ocrx_word' id='word_1_817' title='bbox 2665 5478 2771 5518; x_wconf 86' lang='lat' dir='ltr'>nos</span> <span class='ocrx_word' id='word_1_818' title='bbox 2796 5459 3016 5515; x_wconf 79' lang='lat' dir='ltr'>mentis</span> <span class='ocrx_word' id='word_1_819' title='bbox 3039 5461 3096 5513; x_wconf 85' lang='lat' dir='ltr'>et</span> <span class='ocrx_word' id='word_1_820' title='bbox 3126 5456 3372 5513; x_wconf 86' lang='lat' dir='ltr'>rationis</span> <span class='ocrx_word' id='word_1_821' title='bbox 3394 5457 3660 5525; x_wconf 87' lang='lat' dir='ltr'>expertes</span> 
     </span>
    </p>
   </div>
   <div class='ocr_carea' id='block_1_113' title="bbox 1257 5647 2644 5710">
    <p class='ocr_par' dir='ltr' id='par_1_113' title="bbox 1257 5647 2644 5710">
     <span class='ocr_line' id='line_1_115' title="bbox 1257 5647 2644 5710; baseline -0.006 0"><span class='ocrx_word' id='word_1_822' title='bbox 1257 5652 1490 5710; x_wconf 68' lang='grc' dir='ltr'>νΑΗΙιΕ</span> <span class='ocrx_word' id='word_1_823' title='bbox 1529 5653 1916 5710; x_wconf 89' lang='lat' dir='ltr'>LECTIONES</span> <span class='ocrx_word' id='word_1_824' title='bbox 1954 5651 2044 5708; x_wconf 94' lang='lat' dir='ltr'>ET</span> <span class='ocrx_word' id='word_1_825' title='bbox 2081 5647 2644 5707; x_wconf 82' lang='lat' dir='ltr'>CORRECTIONES.</span> 
     </span>
    </p>
   </div>
   <div class='ocr_carea' id='block_1_114' title="bbox 319 5775 2794 5862">
    <p class='ocr_par' dir='ltr' id='par_1_114' title="bbox 319 5775 2794 5862">
     <span class='ocr_line' id='line_1_116' title="bbox 319 5775 2794 5862; baseline 0.001 -29"><span class='ocrx_word' id='word_1_826' title='bbox 319 5778 363 5812; x_wconf 80' lang='grc'>¹³</span> <span class='ocrx_word' id='word_1_827' title='bbox 397 5775 565 5844; x_wconf 68' lang='grc' dir='ltr'>οὕτως</span> <span class='ocrx_word' id='word_1_828' title='bbox 598 5781 651 5837; x_wconf 72' lang='grc' dir='ltr'>οἱ</span> <span class='ocrx_word' id='word_1_829' title='bbox 681 5781 783 5855; x_wconf 79' lang='grc' dir='ltr'>ἔξω</span> <span class='ocrx_word' id='word_1_830' title='bbox 811 5789 912 5855; x_wconf 86' lang='grc' dir='ltr'>τῆς</span> <span class='ocrx_word' id='word_1_831' title='bbox 949 5779 1206 5854; x_wconf 76' lang='grc' dir='ltr'>ἀληθείας</span> <span class='ocrx_word' id='word_1_832' title='bbox 1241 5781 1565 5858; x_wconf 86' lang='grc' dir='ltr'>βάλλοντες,</span> <span class='ocrx_word' id='word_1_833' title='bbox 1600 5785 1985 5862; x_wconf 75' lang='grc' dir='ltr'>ἁμαρτάνουσι.</span> <span class='ocrx_word' id='word_1_834' title='bbox 2065 5784 2189 5826; x_wconf 73' lang='grc'>¹⁴-¹⁵</span> <span class='ocrx_word' id='word_1_835' title='bbox 2215 5779 2412 5856; x_wconf 76' lang='grc' dir='ltr'>λογικὴ</span> <span class='ocrx_word' id='word_1_836' title='bbox 2443 5779 2577 5838; x_wconf 78' lang='grc' dir='ltr'>κατὰ</span> <span class='ocrx_word' id='word_1_837' title='bbox 2608 5777 2794 5856; x_wconf 87' lang='grc' dir='ltr'>λόγον.</span> 
     </span>
    </p>
   </div>
  </div>
