4080 6366
403 411 512 467 307

1230 416 1593 471 APPENDIX
1631 417 1728 470 AD
1767 414 2004 468 OPERA
2042 415 2100 467 S.
2138 411 2453 468 DIONYSII
2492 412 2999 469 AREOPAGITE.

3715 411 3822 466 308

377 555 523 594 .non
549 537 790 608 creavit;
835 539 884 596 si
926 539 1082 597 enim
1110 540 1438 598 necessario
1463 541 1532 597 ad
1568 540 1843 596 virtutem
1875 539 2047 594 duce-

2177 533 2215 590 εί
2249 537 2323 609 μὴ
2357 535 2560 609 ἀνόητα
2606 538 2695 592 καὶ
2746 535 2918 614 ἂὶλογα
2971 537 3120 609 ἡμᾶς
3169 532 3431 606 ἐποίησε;
3481 535 3542 590 τὸ
3603 536 3710 611 γάρ
3771 533 3822 606 ἐξ

409 645 629 698 remur,
646 646 834 702 neque
861 648 964 687 nos
987 631 1372 704 imperatores
1395 633 1680 704 quosdam
1705 646 1904 686 eorum
1928 645 2054 700 quas

409 717 468 771 in
497 718 662 773 nobis
691 723 830 775 sunt
862 723 1234 789 ostendisset,
1263 738 1451 794 neque
1496 725 1766 776 naturam
1791 722 2054 774 nostram

411 806 834 880 intelligentem
859 826 986 864 esse
1012 812 1396 882 permisisset,
1426 811 1479 865 id
1503 813 1591 865 est
1631 807 2054 880 intelligentem

412 896 703 967 animam;
737 900 925 954 aufert
948 901 1102 955 enim
1129 899 1456 955 libertatem
1483 903 1766 963 nostram,
1791 903 1846 951 et
1869 912 2058 967 neque

411 984 510 1040 Dei
544 986 734 1057 imago
765 989 1007 1056 erimus,
1043 1005 1231 1060 neque
1262 989 1460 1044 anima
1490 987 1720 1043 ratione
1750 992 1806 1041 et
1836 984 2060 1040 intelle-

412 1080 507 1128 ctu
541 1077 806 1146 praedita,
836 1082 892 1133 et
937 1083 1149 1133 natura
1180 1095 1421 1149 prorsus
1453 1081 1883 1148 corrumpetur,
1915 1076 2056 1129 dum

412 1181 526 1218 non
561 1170 651 1220 est
683 1169 835 1238 quod
870 1168 1060 1238 ipsam
1119 1185 1249 1223 esse
1300 1168 1628 1240 oportebat.
1671 1167 1831 1233 Quod
1865 1171 2058 1221 autem

412 1253 512 1322 ait,
538 1252 928 1324 αὐτοκινήτων,
955 1257 1172 1312 dictum
1208 1274 1337 1312 esse
1368 1275 1470 1329 pro
1504 1257 1578 1313 iis
1610 1275 1737 1328 qua:
1769 1273 1890 1312 suae
1921 1257 2060 1310 sunt

411 1344 720 1414 potestatis
749 1352 800 1400 cl
821 1345 1054 1418 imperii
1078 1346 1548 1419 intelligendum;
1575 1364 1691 1403 non
1713 1351 1908 1402 autem
1956 1361 2058 1417 pro

413 1431 485 1487 iis
517 1432 617 1504 qui
647 1433 870 1505 seipsos
914 1444 1165 1504 movent,
1201 1435 1376 1492 veluti
1429 1436 1709 1492 animalia
1739 1437 1809 1491 ad
1854 1436 2060 1490 distin-

413 1521 662 1577 ctionem
691 1522 1109 1594 immobilium,
1133 1529 1198 1580 ut
1221 1525 1529 1581 domorum
1555 1529 1612 1580 et
1644 1525 2063 1591 montium,aut

415 1625 617 1665 eorum
634 1628 759 1682 quae
777 1613 846 1668 ab
863 1611 994 1668 aliis
1018 1619 1348 1682 moventur,
1387 1618 1451 1669 ut
1486 1614 1751 1684 lapidum
1786 1619 1842 1670 et
1870 1614 2060 1684 ligno-

413 1717 543 1754 rum
571 1717 583 1755 :
609 1701 904 1757 disserens
946 1703 1102 1758 enim
1126 1705 1195 1759 de
1218 1705 1428 1759 virtute
1460 1702 1873 1772 αὐτοκινήτους,
1905 1703 2054 1759 ’165

412 1804 517 1844 seu
539 1790 638 1860 qui
668 1791 902 1862 proprio
935 1797 1244 1846 moventur
1277 1793 1517 1848 arbitrio
1540 1793 1890 1864 assumpsit,
1913 1809 2059 1864 quo-

412 1894 544 1932 rum
581 1878 661 1932 ait
690 1880 1193 1935 accommodatam
1232 1881 1681 1952 providentiam,
1723 1887 1786 1936 ut
1823 1886 1880 1937 et
1927 1898 2055 1937 eam

413 1984 538 2037 quae
568 1966 628 2021 in
650 1966 776 2039 lege
807 1984 873 2024 ac
903 1968 1226 2040 prophetis,
1255 1974 1311 2024 et
1343 1970 1672 2040 beneficiis,
1707 1971 1860 2027 sicut
1881 1971 2056 2026 etiam

408 2055 727 2126 Apostolus
758 2058 909 2128 apud
943 2057 1325 2114 Athenienses
1358 2060 1716 2115 conoionans
1747 2060 2021 2117 declarat.

482 2148 689 2202 Invitos
717 2163 833 2201 nos.
869 2146 1116 2202 Pulchre
1147 2164 1348 2204 eorum
1380 2150 1666 2204 rationem
1701 2149 1924 2215 evertit,
1957 2149 2059 2220 qui

410 2235 613 2290 dicunt
643 2240 910 2306 oportere
943 2254 1049 2292 nos
1080 2237 1253 2294 etiam
1283 2238 1496 2294 invitos
1527 2245 1585 2294 et
1614 2256 1681 2295 ex
1712 2240 2058 2294 necessitate

410 2340 539 2379 esse
572 2324 792 2392 bonos;
822 2325 931 2381 hoc
963 2326 1119 2382 enim
1159 2333 1311 2383 esset
1352 2328 1619 2384 essentias
1669 2333 1882 2384 nostra;
1930 2345 2054 2384 cor-

409 2413 628 2484 ruptio,
656 2414 985 2470 auferretur
1013 2415 1166 2471 enim
1203 2416 1451 2472 liberum
1483 2418 1816 2473 arbitrium.

482 2504 589 2558 Per
615 2520 671 2558 se
699 2506 1006 2561 mobilium.
1041 2506 1137 2561 GP.
1188 2508 1296 2558 τῶν
1327 2503 1719 2576 αὐτοκινήτων.
1784 2508 1889 2564 Ρτο
1928 2504 2056 2568 τοὺς

410 2589 787 2663 αὐτεξουσίων,
822 2593 894 2648 iis
927 2593 1024 2665 qui
1060 2611 1166 2650 suo
1195 2594 1398 2650 vivunt
1442 2596 1704 2666 arbitrio,
1751 2597 1903 2654 sicut
1950 2598 2056 2652 ad-

403 2683 611 2752 jacens
641 2682 900 2739 declarat
930 2685 1358 2755 paragraphus.

480 2770 510 2843 §
542 2771 784 2826 XXXIV.
810 2773 874 2826 Et
903 2775 1154 2828 mutatio.
1189 2777 1338 2828 Nota
1395 2774 1736 2846 incorporea
1784 2780 1841 2830 et
1874 2780 2055 2832 mate-

409 2860 506 2913 ria:
539 2860 797 2930 expertia
828 2861 1068 2926 mutari,
1103 2861 1244 2915 dum
1278 2879 1391 2916 non
1426 2867 1664 2918 manent
1713 2864 1952 2920 omnino
1993 2865 2051 2920 in

407 2947 546 3002 boni
578 2948 916 3008 identitate:
943 2949 1160 3004 bonum
1191 2952 1371 3020 enim,
1420 2956 1482 3006 ut
1522 2969 1752 3024 semper
1802 2958 1970 3009 stans
1999 2959 2055 3010 et

406 3036 637 3106 ﬁmum,
661 3037 816 3092 idem
836 3045 1055 3106 manet;
1083 3039 1236 3110 quod
1262 3056 1395 3096 vero
1429 3046 1719 3110 mutatur,
1755 3059 1869 3098 non
1897 3043 2050 3099 idem

407 3131 628 3181 manet.

479 3217 541 3269 In
572 3216 811 3271 scicntia
849 3233 973 3272 vero
1013 3226 1316 3287 peccantes.
1366 3219 1510 3274 Vide
1542 3221 1834 3290 quomodo
1893 3221 2050 3278 istud

2165 624 2400 701 ἀνάγκης
2455 629 2604 700 ἡμᾶς
2633 628 2849 699 ἄγεσθαι
2902 625 2986 681 ἐπ’
3044 625 3240 702 ἀρετὴν
3302 622 3426 680 οῦτε
3483 625 3818 699 αὐτοκράτο-

2167 716 2262 790 ράς
2293 735 2437 775 τινας
2478 718 2624 788 ἡμᾶς
2657 714 2864 770 ἐδείκνυ
2902 719 3009 769 τῶν
3057 716 3176 778 καθ’
3228 714 3473 782 ἑαυτοὺς,
3535 711 3662 769 οὔτε
3718 715 3817 782 τήν

2167 807 2354 878 νοερὰν
2396 807 2556 874 ἡμῶν
2609 805 2763 880 φύσιν
2826 807 2959 860 εἶναι
3019 805 3358 880 συνεχώρει,
3411 810 3657 858 τουτέστι
3719 805 3818 872 τήν

2164 895 2353 968 νοεράν
2400 897 2606 968 ψυχήν·
2657 893 2814 949 ἄνελε
2853 895 2955 970 γὰρ
2995 897 3154 968 ἡμῶν
3207 894 3270 948 τὸ
3301 893 3671 964 αὐτεξούσιον,
3730 892 3822 946 καὶ

2168 979 2290 1037 οὕτε
2348 983 2507 1037 εἰκὼν
2567 988 2700 1039 Θεοῦ
2760 983 3032 1056 ἐσόμεθα,
3093 980 3216 1037 οὔτε
3263 983 3416 1058 ψυχὴ
3469 982 3667 1058 λογική
3730 982 3820 1036 καὶ

2167 1072 2346 1146 νοερὰ,
2400 1071 2486 1126 καὶ
2518 1077 2596 1144 τῷ
2654 1069 2765 1127 ὄντι
2827 1075 3157 1150 φθαρήσεται
3209 1075 3242 1141 ἡ
3306 1072 3484 1148 φύσις,
3536 1069 3636 1124 οὐκ
3687 1069 3823 1125 οὐσα

2169 1161 2300 1236 ὅπερ
2352 1159 2457 1216 ἔδει
2490 1161 2657 1231 αὐτὴν
2693 1164 2848 1219 εἴναι.
2890 1166 3061 1237 ’Όπερ
3089 1159 3145 1216 δέ
3177 1183 3359 1239 φησιν,
3422 1162 3823 1230 αὐτοκινήτῶν,

2170 1250 2286 1304 ἀντὶ
2348 1255 2444 1305 τοῦ
2502 1250 2901 1322 αὐτεξουσίων,
2953 1251 3043 1306 καὶ
3103 1249 3513 1326 αὐτοκρατόρων
3572 1249 3825 1324 εἰρῆσθαι

2168 1339 2414 1409 νοητέον·
2468 1340 2528 1395 οὐ
2574 1341 2676 1415 γάρ
2718 1345 2824 1394 τῶν
2859 1338 3081 1400 ἑαυτοὺς
3110 1339 3426 1407 κινούντων,
3473 1340 3586 1393 οἷον
3647 1337 3823 1411 ἐμψύ-

2171 1447 2312 1503 χων,
2368 1428 2504 1500 πρὸς
2560 1426 2976 1498 ἀντιδιαστολήν
3036 1432 3142 1482 τῶν
3189 1427 3485 1499 ἀκινήτων,
3535 1427 3611 1488 ὡς
3658 1423 3823 1481 οἴκων

2169 1517 2259 1571 καὶ
2315 1519 2477 1593 ὁρῶν⁶
2537 1519 2571 1587 ἢ
2634 1519 3058 1593 ὲτεροκινήτων,
3117 1517 3190 1578 ὡς
3247 1514 3417 1580 λίθων
3473 1515 3562 1570 καὶ
3624 1514 3823 1586 ξύλων.

2169 1607 2299 1681 Περὶ
2358 1606 2460 1682 γάρ
2528 1607 2722 1682 ἀρετῆς
2795 1604 3182 1681 διαλεγόμενος
3228 1603 3358 1668 τοὺς
3429 1603 3826 1676 αὐτοκινήτους

2169 1692 2496 1768 παρέλαϐεν,
2555 1698 2628 1750 ῶν
2660 1717 2790 1771 φησι
2849 1697 3158 1773 πρόσφορον
3217 1696 3315 1764 τήν
3376 1695 3659 1770 πρόνοιαν,
3709 1696 3823 1749 οἷον

2167 1785 2266 1852 τήν
2329 1781 2417 1839 διὰ
2472 1784 2644 1858 νόμου
2692 1783 2780 1840 καὶ
2829 1789 3147 1862 προφητῶν,
3192 1785 3290 1854 τὴν
3345 1780 3434 1838 διὰ
3470 1788 3579 1837 τῶν
3610 1782 3826 1859 εὐεργε-

2173 1878 2327 1943 σιῶν,
2372 1874 2446 1936 ὡς
2490 1875 2577 1928 καὶ
2629 1875 2656 1928 ὁ
2707 1873 3047 1938 Ἀπόστολος
3082 1872 3268 1946 δηλοῖ,
3304 1871 3640 1950 δημηγορῶν
3697 1863 3828 1947 παρ’

2171 1964 2508 2034 Ἀθηναίοις.

2237 2146 2503 2206 ’Ἅκοντας
2552 2147 2736 2217 ἡμᾶς.
2784 2143 2979 2206 Καλῶς
3039 2142 3293 2220 ἀνέτρεψε
3345 2143 3440 2198 τὸν
3485 2140 3650 2218 λόγον
3708 2147 3817 2197 τῶν

2170 2231 2466 2307 λεγόντων,
2515 2232 2598 2288 ὅτι
2647 2234 2816 2308 ἐχρῆν
2866 2236 3013 2306 ἡμᾶς
3055 2233 3144 2288 καὶ
3191 2231 3415 2295 ἄκοντας
3457 2232 3546 2287 καὶ
3581 2233 3822 2308 ἀνάγκης

2168 2323 2302 2375 εἴναι
2335 2321 2560 2385 καλούς⁶
2589 2327 2749 2376 τοῦτο
2779 2323 2878 2398 γὰρ
2911 2321 3086 2397 φθορά
3128 2321 3193 2391 ἦν
3247 2324 3408 2396 ἡμῶν
3457 2325 3557 2386 τῆς
3609 2321 3817 2382 οὐσίας·

2167 2410 2409 2485 ἀνῄρητο
2439 2410 2538 2486 γὰρ
2570 2408 2631 2464 ἂν
2662 2413 2722 2466 τὸ
2755 2411 3116 2481 αὐτεξούσιον.

2239 2503 2360 2557 Τῶν
2392 2500 2780 2571 αὐτοκινήτων.
2813 2502 2962 2556 Ἀντὶ
2995 2505 3092 2556 τοῦ
3123 2505 3256 2569 τῶν,
3285 2499 3661 2571 αὐτεξουσίων,
3689 2498 3762 2561 ὠς
3785 2501 3820 2568 ἡ

2168 2591 2538 2666 παρακειμένη
2574 2588 2740 2662 δηλοῖ
2768 2592 3122 2669 παραγραφή.

2237 2774 2263 2840 §
2311 2771 2577 2827 XXXIV.
2638 2769 2737 2823 Καὶ
2796 2766 3097 2833 ἀλλοίωσις
3133 2813 3143 2825 .
3205 2770 3522 2841 Σημείωσαι
3581 2766 3666 2822 ὅτι
3725 2767 3820 2822 καὶ

2163 2860 2230 2914 τὰ
2260 2859 2522 2931 ἀσώματα
2570 2857 2749 2913 καὶτὰ
2782 2857 2922 2914 ἄϋλα
2952 2857 3293 2926 ἀλλοιοῦται,
3351 2859 3426 2931 μὴ
3475 2859 3703 2931 μένοντα
3762 2856 3816 2912 ἐν

2163 2952 2230 3021 τῇ
2257 2953 2353 3002 τοῦ
2386 2948 2585 3023 ἀγαθοῦ
2617 2946 2894 3010 ὁλοτελῶς
2916 2947 3224 3018 ταύτότητι·
3249 2948 3312 3002 τὸ
3346 2948 3440 3020 μὲν
3475 2948 3579 3023 γὰρ
3612 2946 3817 3022 ἀγαθὸν

2162 3037 2381 3107 ταύτὸν,
2413 3039 2487 3101 ὡς
2515 3037 2597 3092 ἀεὶ
2626 3037 2791 3099 ἱστὼς
2834 3037 2924 3092 καὶ
2979 3032 3214 3112 βέϐαιον·
3267 3036 3330 3091 τὸ
3370 3033 3428 3091 δὶ
3474 3037 3817 3112 τρεπόμενον

2164 3126 2224 3181 οὐ
2255 3127 2470 3184 ταύτόν.

2234 3218 2318 3270 Ἐν
2367 3218 2564 3290 γνώσει
2623 3215 2679 3272 δὲ
2719 3217 3150 3293 ἁμαρτάνοντας.
3199 3219 3340 3290 “Ὀροι
3379 3219 3496 3279 πῶς
3527 3213 3821 3288 ἐρμηνεύει

407 3303 860 3374 interpretetur:
894 3306 989 3359 Vae
1021 3307 1186 3362 vobis
1219 3324 1352 3362 cum
1394 3309 1723 3379 cognitione
1757 3311 2049 3380 peccanti-

2177 3306 2244 3360 τό·
2281 3305 2417 3362 Οὐαὶ
2445 3311 2561 3368 τοῖς
2595 3306 2646 3361 ἐν
2678 3309 2875 3382 γνώσει
2910 3307 3299 3382 ἁμαρτάνουσι,
3329 3305 3417 3360 καὶ
3449 3305 3530 3359 τὸο
3569 3305 3630 3361 Ὁ
3687 3301 3822 3359 δοῦ-

408 3394 540 3448 bus.
575 3395 684 3449 Et:
731 3394 930 3450 Servus
983 3397 1160 3450 sciens
1217 3398 1530 3452 voluntaten
1577 3397 1794 3454 domini
1841 3403 1948 3470 sui,
2009 3406 2060 3458 et

409 3499 522 3538 non
550 3484 766 3555 faciens
795 3500 936 3555 eam,
968 3486 1250 3555 vapulabit
1279 3487 1468 3541 multis
1499 3489 1635 3558 (si).

485 3572 608 3628 Sive
652 3575 921 3640 scientiis,
975 3573 1072 3630 Gr.
1121 3572 1156 3641 ἢ
1203 3580 1305 3642 τῆς
1350 3574 1603 3648 γνώσεως
1661 3578 1828 3635 Forte
1887 3583 2057 3636 vocat

407 3665 603 3735 γνῶσιν
626 3663 1015 3733 cognitionem
1050 3679 1178 3733 quas
1211 3665 1476 3719 doctrina
1498 3667 1842 3736 acquiritur,
1877 3686 2055 3739 quam

407 3750 622 3805 oblivio
657 3751 989 3821 frequenter
1033 3753 1349 3807 obscurare
1409 3759 1612 3824 potesl,
1647 3773 1825 3826 quam
1875 3759 2052 3813 etiam

405 3840 678 3910 superius
707 3841 850 3894 dixit
891 3858 958 3896 ex
1012 3841 1215 3896 auditu
1257 3842 1420 3913 gigni
1448 3861 1462 3913 ;
1494 3846 1888 3915 cognitionem
1920 3863 2052 3902 vero

404 3929 693 3984 oblivione
725 3935 1042 3997 carentem,
1069 3932 1427 3986 censendum
1464 3948 1588 3987 eam
1623 3951 1747 4003 qua:
1781 3949 1846 3989 ex
1882 3941 2050 3990 natu-

402 4018 511 4074 rali
546 4019 943 4090 meditatione,
978 4025 1082 4075 aut
1107 4019 1504 4077 illustratione
1535 4022 1662 4076 sine
1692 4023 1926 4078 doclore
1959 4024 2052 4080 in-

401 4106 599 4163 haeret.

483 4198 675 4252 Verum
706 4198 826 4255 haec
855 4199 1073 4270 quidem
1104 4199 1282 4255 nobis.
1316 4199 1463 4254 Nota
1493 4198 1652 4253 aliud
1685 4215 1920 4270 quoque
1961 4201 2051 4272 ip-

2170 3393 2266 3457 λος
2300 3397 2327 3449 ὁ
2387 3393 2544 3458 εἷ’δὼς
2600 3398 2661 3452 τὸ
2718 3396 2933 3469 Θὲλημα
2976 3400 3072 3450 τοῦ
3121 3395 3311 3471 κυρίου
3356 3394 3545 3465 αὐτοῦ,
3598 3395 3690 3449 καὶ
3737 3397 3820 3468 μὴ

2166 3488 2337 3538 ποιῶν
2372 3484 2522 3555 αὐτὸ,
2557 3483 2845 3561 δαρήσεται
2872 3484 3106 3549 πολλάς.

2239 3575 2309 3629 Ἠ
2356 3581 2454 3644 τῆς
2498 3575 2770 3650 γνώσεως.
2823 3576 3022 3629 Γνῶσίν
3077 3595 3237 3651 φησιν
3289 3571 3422 3636 ἴσως
3469 3575 3568 3642 τήν
3615 3571 3678 3627 ἐκ
3740 3571 3827 3628 δι-

2167 3660 2460 3728 δασκαλίας
2488 3665 2948 3741 προσγινομένην,
2980 3663 3044 3733 ἦν
3078 3665 3167 3718 καὶ
3213 3661 3357 3733 λήθη
3392 3661 3667 3725 πολλάκις
3721 3661 3824 3717 δύ-

2163 3775 2314 3808 ναται
2364 3754 2708 3830 ἀμαυρῶσαι,
2761 3756 2821 3823 ἣν
2875 3756 2962 3809 καὶ
3024 3753 3273 3830 ἀνωτέρω
3323 3753 3485 3828 φησὶν
3537 3751 3588 3825 ἐξ
3638 3753 3822 3824 ἀκοῆς

2164 3841 2502 3917 ἐγγίνεσθαι·
2549 3843 2784 3913 ἄληστον
2835 3841 2891 3898 δὶ
2937 3844 3034 3912 τὴν
3080 3847 3275 3918 γνῶσιν
3336 3843 3550 3913 οίητὲον
3596 3844 3696 3912 τήν
3760 3842 3826 3899 ἐκ

2161 3937 2391 4006 φυσιγῆς
2421 3931 2644 4006 θεωρίας
2673 3934 2707 4002 ἣ
2737 3931 3065 4006 ἐλλᾶμψεως
3097 3930 3398 3995 ἀδιδάκτως
3442 3933 3822 4008 προσγινομέ-

2155 4042 2216 4089 νη
2226 4043 2250 4074 ν
2260 4063 2272 4076 .

2230 4199 2403 4257 Ἀλλά
2429 4205 2596 4257 ταῦτα
2647 4201 2739 4275 μὶν
2785 4203 2944 4274 ἡμῖν.
3009 4199 3352 4273 Σημείωσαι,
3383 4198 3466 4255 ὅτι
3515 4199 3605 4254 καὶ
3669 4197 3823 4256 ἄλλο

402 4288 528 4344 sius
549 4305 678 4345 esse
708 4307 857 4362 opus
880 4291 1128 4361 dejusto
1151 4295 1206 4346 et
1241 4290 1437 4344 divino
1455 4288 1680 4359 judicio
1703 4331 1716 4357 ,
1752 4297 1890 4345 nota
1918 4308 2050 4348 vero

402 4382 579 4449 caput
608 4378 716 4433 hoc
746 4378 1043 4434 continere
1071 4380 1142 4434 23
1162 4378 1556 4450 syllogismos,
1582 4378 2052 4438 demonstrantes

402 4465 623 4520 malum
654 4483 771 4522 non
803 4483 932 4522 esse
963 4483 1092 4522 ens.

2159 4289 2298 4346 ἐστὶν
2329 4289 2493 4346 αὐτοῦ
2525 4290 2799 4366 σύνταγμα
2824 4291 2946 4366 περὶ
2983 4288 3190 4345 δικαίου
3221 4289 3310 4345 καὶ
3343 4289 3489 4354 θείου
3520 4286 3829 4361 δικαιωτη-

2160 4379 2300 4451 ρίου’
2335 4381 2640 4452 σημείωσαι
2673 4379 2750 4452 δὲ,
2781 4379 2870 4434 καὶ
2919 4381 3000 4435 ὅτι
3048 4377 3217 4434 εἷ’κοσι
3269 4380 3360 4434 καὶ
3405 4384 3554 4453 τρεῖς
3604 4377 3825 4434 συλλο-

2156 4468 2388 4544 γισμοὺς
2419 4465 2536 4544 ἔχει
2564 4470 2626 4524 τὸ
2654 4467 2947 4547 κεφάλαιον
2997 4473 3182 4539 τοῦτο,
3229 4465 3677 4539 ἀποδεικνύντας,
3734 4471 3828 4524 ὅτι

2205 4559 2218 4579 ἳ
2314 4553 2338 4578 Ἰ
2373 4579 2400 4592 ρ
2487 4556 2518 4612 8
2615 4558 2629 4577 ἱ
2774 4559 2800 4613 ό

2161 4579 2264 4614 ουκ
2313 4578 2453 4613 εστιν
2519 4581 2543 4613 ν
2575 4579 2637 4612 το
2667 4579 2770 4614 κακ
2805 4580 2851 4616 ν.

2653 4671 2767 4720 ΕΙΣ
2806 4667 2890 4722 ΤΟ
2930 4671 3189 4723 ΚΕΦΑΛ,
3220 4671 3296 4724 Ε’.

2226 4756 2332 4828 §I.
2397 4754 2469 4808 Οὐ
2515 4755 2613 4823 τὴν
2656 4754 2998 4830 ὑπερούσιον.
3047 4756 3142 4811 Ἕν
3190 4753 3476 4826 ὠνόμασαν
3529 4754 3624 4809 τὸν
3680 4758 3828 4811 Θεὸν

2156 4845 2207 4898 oi
2237 4841 2407 4898 πάλαι
2439 4843 2546 4918 οὐχ
2575 4844 2648 4905 ὡς
2680 4843 2924 4916 ἀριθμῶν
2959 4843 3160 4918 ἀρχὴν,
3206 4841 3351 4898 ἀλλά
3376 4841 3466 4897 διὰ
3494 4843 3558 4898 τὸ
3589 4845 3827 4900 πάντων

2155 4933 2486 5008 ἐξῃρῆσθαι,
2536 4933 2625 4987 καὶ
2684 4929 2853 5004 μηδὲν
2910 4927 3054 5006 ἔχειν
3130 4933 3635 5006 συναριθμούμενον
3701 4940 3824 4990 τῶν

2161 5023 2270 5096 μετ’
2317 5021 2500 5088 αὐτὸν,
2551 5021 2696 5077 ἀλλὰ
2738 5020 2828 5076 καὶ
2875 5018 2964 5075 διὰ
3003 5022 3066 5076 τὸ
3095 5020 3380 5085 ἀσύνθετον
3431 5021 3522 5076 καὶ
3575 5023 3833 5080 ἁπλοῦν·

2157 5112 2217 5166 οὐ
2247 5117 2411 5167 τοῦτο
2444 5109 2501 5165 δὲ
2529 5111 2842 5184 παρίστησι,
2882 5110 2966 5174 τίς
3013 5112 3047 5178 ἡ
3077 5109 3236 5165 οὐσία
3265 5115 3362 5165 τοῦ
3394 5115 3547 5166 Θεοῦ·
3608 5113 3839 5184 κυρίως

2153 5206 2252 5276 γᾶρ
2281 5200 2437 5256 οὐσία
2481 5199 2566 5254 ἐπὶ
2625 5203 2758 5255 Θεοῦ
2816 5199 2916 5254 οὐκ
2963 5199 3021 5253 ’ἀν
3057 5197 3294 5276 λέγοιτοο
3331 5196 3576 5274 ἔστιγὰρ
3647 5201 3841 5279 ὑπερ-

1040 4663 1114 4719 IN
1153 4664 1309 4720 CAP.
1350 4665 1412 4721 V.
2080 4661 2128 4726 D

473 4753 578 4822 §l.
609 4752 724 4807 Non
770 4753 1386 4823 supersubstantialcm.
1433 4755 1671 4827 Antiqui
1712 4758 1892 4813 Deum
1942 4775 2044 4814 vo-

406 4842 620 4896 cabant
653 4858 848 4907 unum,
899 4859 1012 4897 non
1069 4848 1349 4915 tanquam
1393 4846 1620 4900 numeri
1655 4846 2042 4920 principium;

404 4931 506 4985 sed
540 4931 679 5001 quia
710 4931 781 4985 ab
805 4931 1080 4986 omnibus
1123 4937 1382 4988 secretus
1415 4938 1522 5003 est,
1557 4935 1819 5006 nihilque
1871 4937 2045 4993 habet

402 5035 604 5073 eorum
638 5037 763 5090 qua:
797 5024 930 5091 post
960 5019 1154 5092 ipsum
1191 5022 1535 5078 fueruntcui
1567 5031 2043 5098 connumeretur,

403 5108 545 5178 quin
579 5109 754 5164 etiam
788 5110 940 5178 quod
975 5111 1419 5182 compositionis
1453 5128 1656 5184 expers
1688 5132 1753 5170 ac
1799 5116 2046 5188 simplex

402 5196 506 5260 sit;
543 5196 652 5251 hoc
676 5203 872 5253 autem
902 5216 1017 5253 non
1051 5205 1424 5270 repraesentat
1453 5219 1582 5274 quae
1607 5204 1683 5259 sit
1713 5205 1808 5260 Dei
1843 5223 2047 5261 essen—

399 5285 502 5351 tia;
527 5287 786 5341 essentia
816 5287 968 5341 enim
1002 5287 1317 5361 improprie
1348 5291 1420 5346 de
1451 5292 1566 5348 Deo
1600 5292 1854 5362 dicatur,
1907 5312 2043 5351 nam

401 5375 915 5446 superessentialis
949 5381 1054 5432 est.

481 5464 824 5520 Subslantiae
851 5464 1064 5537 dei/ica?
1089 5469 1430 5540 principum,
1466 5469 1562 5525 Gr.
1597 5471 1893 5545 θεαρχικῆς
1951 5470 2046 5526 οὐ-

403 5553 682 5626 σιαρχίας.
706 5550 1040 5629 Οὐσιαρχίαν
1075 5571 1178 5614 seu
1209 5558 1476 5616 essentias
1499 5559 1855 5634 principium
1878 5566 2043 5619 vocat

2157 5293 2359 5353 ούσιος.

2225 5475 2533 5545 Θεαρχικῆς
2606 5467 2970 5544 οὐσιαρχίας.
3059 5466 3392 5542 Οὐσιαρχίαν
3480 5468 3613 5545 φησὶ
3700 5473 3820 5542 τὴν

2153 5561 2330 5630 πάσης
2361 5559 2536 5634 ἀρχὴν
2573 5555 2760 5622 οὐσίας
2812 5557 2900 5614 καὶ
2943 5556 3140 5614 αἰτίαν·
3193 5557 3332 5627 αὐτή
3385 5557 3486 5633 γὰρ
3529 5561 3564 5628 ἡ
3606 5561 3839 5633 Θεό-της

474 5736 589 5810 (ιι)
620 5741 756 5794 Luc.
787 5752 890 5809 xu,
921 5737 1010 5797 47.
