4080 6366
260 442 343 497 309
946 445 1007 495 S.
1049 442 1321 495 MAXIM!
1363 444 1667 497 SCHOLIA
1705 444 1777 494 IN
1818 443 1947 494 LIB.
1990 444 2083 495 DE
2122 444 2392 497 DIVINIS
2431 445 2840 499 NOMINIBUS.

3494 446 3598 499 310

262 568 363 639 ὑπὲρ
391 569 537 619 πᾶσαν
567 563 777 631 οὐσίαν,
810 561 1051 640 Πρόοδον
1096 562 1153 619 δὲ
1208 566 1306 634 τὴν
1368 565 1512 621 θείαν
1571 563 1837 641 ἐνέργειαν

1966 583 2192 622 :ausam
2225 572 2280 623 et
2318 568 2674 640 principium
2703 570 2894 625 omnis
2925 572 3190 627 essentize
3220 589 3232 640 ;
3265 572 3397 642 ipsa
3438 570 3594 626 enim

259 654 390 730 λέγει,
420 653 525 723 ἥτις
550 660 717 709 πᾶσαν
746 652 928 709 οὐσίαν
963 656 1263 731 παρήγαγε.

307 923 382 977 Καὶ
412 923 499 996 γὰρ
528 923 559 991 ἡ
594 921 829 996 τάγαθοῦ
881 922 1176 995 θεωνυμία.
1212 926 1333 984 Πῶς
1386 922 1580 996 ἀγαθὸς
1626 921 1836 997 λέγεται

251 1010 415 1071 ὁΘεός.
443 1011 571 1085 Ὅρα
604 1008 659 1064 δὲ
690 1015 805 1072 πῶς
837 1032 966 1087 φησι
998 1011 1059 1065 τὸ
1111 1010 1326 1084 ἀγαθὸν,
1359 1007 1485 1079 ἤτοι
1532 1011 1630 1079 τὴν
1677 1009 1838 1063 αὐτοῦ

248 1099 519 1173 θεωνυμέαν,
547 1100 869 1155 ἐκτείνεσθαι
912 1100 988 1163 εἷς
1018 1100 1085 1154 τὰ
1116 1097 1242 1155 ὄντα
1289 1100 1477 1167 πάντα,
1510 1099 1597 1153 καὶ
1651 1099 1724 1161 εἰς
1773 1099 1839 1153 τᾶ

248 1192 324 1244 οὐκ
362 1185 467 1244 ὄντα
514 1191 645 1244 εἶναι
684 1208 696 1221 ·
730 1189 791 1244 τὸ
851 1187 907 1245 δὲ
961 1190 1017 1245 ἓν
1079 1191 1210 1264 ὑπερ
1263 1189 1329 1243 τὰ
1377 1185 1502 1243 ὄντα
1563 1190 1716 1255 εἶναι,
1749 1186 1836 1242 καὶ

246 1278 654 1353 ὕπερεκτείνεσθαι
686 1276 815 1335 αὗτὸ
849 1299 861 1311 ·
907 1281 1004 1348 τήν
1058 1277 1114 1334 δὲ
1170 1281 1312 1348 ζωὴν
1364 1278 1495 1352 ὑπὲρ
1543 1277 1610 1333 τὰ
1668 1282 1841 1347 ζῶντα

243 1367 347 1422 εἶναι
378 1387 387 1399 ·
416 1369 493 1423 καὶ
522 1370 624 1437 τὴν
660 1368 847 1447 σοφίαν
882 1369 1015 1444 ὗπὶρ
1060 1368 1126 1423 τὸ.
1172 1369 1331 1443 νοερὰ
1371 1367 1460 1422 καὶ
1506 1364 1701 1443 λογικᾶ
1748 1365 1837 1420 καὶ

238 1456 475 1525 αἴσθητικά
504 1456 854 1524 ἐκτείνεσθαι,
886 1458 960 1521 ὡς
995 1459 1126 1511 εἶναι
1160 1455 1355 1526 δῆλον,
1390 1458 1471 1511 ὅτι
1509 1457 1571 1510 τὸ
1617 1456 1838 1530 ἀγαθὸν,

236 1546 460 1600 τουτέστιν
491 1547 522 1600 6
558 1546 705 1617 Θεὸς,
738 1548 950 1602 καὶτοῦ
982 1543 1161 1618 ὄντος,
1193 1546 1282 1601 καὶ
1316 1552 1481 1618 ζωῆς,
1514 1545 1603 1599 καὶ
1645 1544 1838 1619 σοφίας

234 1633 371 1690 αἴτιον
401 1657 413 1669 ·
441 1637 503 1691 τὸ
553 1634 608 1691 δὲ
662 1634 739 1705 ὃν,
777 1640 923 1706 ζωῆς
961 1636 1050 1691 καὶ
1083 1635 1271 1715 σοφίας
1328 1634 1522 1708 αἶ’τιον,
1553 1639 1670 1699 τοῖς
1721 1632 1839 1689 οὖσι

231 1726 317 1780 νόει
344 1725 649 1789 ἀκολούθως
682 1728 817 1799 [τοῖς
850 1726 1117 1800 λοιποῖς].

287 1993 367 2046 Καὶ
420 1992 496 2055 εἵς
554 1994 621 2048 τὰ
653 1996 696 2031 1⁸
754 1993 853 2048 οὐκ
909 1989 1037 2048 ὄντα
1091 1993 1405 2049 έκτείνεται.
1465 1991 1570 2047 Καὶ
1647 1990 1726 2054 εἷς
1779 1993 1845 2045 τὰ

230 2082 306 2133 οὐκ
331 2079 443 2135 ὄντα
475 2080 766 2136 ἐκτείνεται
796 2082 857 2136 τὸ
890 2081 1112 2155 ἀγαθὸν,
1145 2080 1218 2143 ὠς
1247 2080 1322 2142 εἷς
1366 2081 1429 2135 τὸ
1475 2081 1607 2135 εἶναι
1639 2080 1840 2136 καλοῦν

228 2168 333 2223 αότά
362 2190 372 2202 ·
403 2168 435 2239 ἢ
468 2171 561 2224 καὶ
605 2172 742 2224 κατᾶ
769 2171 831 2225 τὸ
864 2170 1151 2244 εἰρημένον
1202 2169 1350 2241 αὖτῷ
1404 2173 1482 2240 τῷ
1536 2169 1724 2244 Πατρὶ,
1760 2170 1843 2222 ὅτι

224 2260 293 2312 καὶ
320 2257 434 2313 αὐτὸ
467 2259 535 2313 τὸ
561 2259 637 2332 μὴ
672 2258 728 2314 ὃν
762 2257 953 2326 καλὸν,
982 2258 1105 2313 ὅταν
1160 2258 1211 2313 ἐν
1263 2262 1378 2330 Θεῷ
1428 2256 1518 2312 διὰ
1563 2258 1625 2312 τὸ
1678 2258 1842 2331 ὑπερ-

224 2347 371 2402 οὗσιον
400 2355 699 2424 θεωρῆται.
731 2351 900 2406 "Ov-ra
934 2346 991 2402 δὶ
1020 2349 1087 2404 τὰ
1120 2347 1219 2402 οὐκ
1249 2343 1378 2401 ὅντα
1439 2345 1603 2402 ὑλικά
1653 2368 1838 2424 φησιν,

219 2437 278 2499 ὡς
304 2437 573 2501 πολλάκις
623 2436 978 2512 ἐδηλώσαμεν
1031 2435 1142 2492 ἄνω
1177 2455 1189 2468 ·
1223 2436 1259 2505 ἢ
1306 2436 1502 2507 οὕτως,
1536 2435 1723 2505 ἐπειδή
1778 2436 1838 2490 οὐ

220 2528 580 2605 περιγραφεται
637 2528 794 2600 τόπῳ
848 2529 875 2581 6
932 2527 1086 2595 Θεὸς,
1118 2526 1344 2589 εἷ’κότως
1393 2526 1523 2603 φησὶ
1574 2525 1662 2579 καὶ
1708 2526 1839 2600 ὑπὲρ

215 2616 267 2669 τᾶ
289 2616 374 2671 οὐκ
410 2614 547 2672 ὄντα
589 2617 748 2672 αὐτὸν
806 2617 957 2689 εῖναι,
1004 2614 1097 2671 τίνα
1138 2614 1280 2690 δείξῃ
1326 2615 1389 2669 τὸ
1444 2613 1840 2691 ἀπερίγραπτον

217 2704 373 2766 αὐτοῦ,

273 2886 358 2940 Καὶ
422 2886 553 2961 ὑπὶρ
611 2887 678 2940 τὰ
738 2889 931 2954 ζῶντα.
984 2885 1454 2957 Ἑπισημήνασθαι
1513 2882 1650 2958 χρὴ,
1703 2885 1844 2953 πῶς,

219 2975 320 3029 ὅταν
381 2975 480 3048 μὶν
536 2974 660 3049 περὶ
718 2973 966 3051 ἀγγέλων
1018 2975 1145 3052 φησὶ
1206 2972 1296 3028 καὶ
1355 2972 1674 3046 ἀνθρώπων,
1721 2970 1848 3034 τοὺς

218 3064 463 3139 ἀγγέλους
491 3066 663 3134 νοητά
694 3086 824 3142 φησι
862 3083 874 3097 ο
906 3065 1000 3127 τὰς
1032 3061 1088 3117 δὲ
1118 3064 1385 3138 ἡμετέρας
1418 3061 1599 3136 ψυχὰς
1638 3060 1845 3135 νοερᾶς,

218 3153 276 3216 ὡς
303 3153 575 3216 πολλάκις
626 3155 881 3231 ἀνωτέρω
931 3154 1365 3227 παριπήσαμεν,
1396 3152 1485 3206 καὶ
1531 3152 1625 3211 τὰς
1673 3151 1845 3225 ἑρμη-

214 3243 335 3305 νείας
372 3243 655 3316 ἐκθέμενοι
681 3248 777 3298 τοῦ
807 3247 1009 3312 νοητοῦ
1046 3241 1136 3296 καὶ
1179 3245 1389 3315 νοεροῦ.
1425 3244 1528 3294 Νῦν
1584 3237 1627 3294 δ’
1659 3236 1847 3307 ἐπειδὴ

214 3333 316 3406 περὶ
355 3337 456 3387 τοῦ
506 3336 640 3387 Θεοῦ
670 3332 886 3407 πρῶτόν
939 3352 1122 3408 φησιν,
1158 3330 1381 3391 εἶ’κότως
1429 3329 1518 3385 καὶ
1568 3328 1694 3390 τοὺς
1750 3329 1844 3402 ἀγ·
1879 3317 1920 3382 Ο

212 3418 390 3494 γέλους
422 3423 536 3494 μεθ’
567 3423 729 3494 ἡμῶν
760 3419 982 3495 νοερούς
1012 3442 1198 3494 φησιν,
1232 3421 1321 3474 ἅτε
1368 3418 1458 3473 καὶ
1504 3417 1698 3495 αὐτοὺς
1760 3415 1847 3471 διά

211 3514 291 3563 τοῦ
345 3516 490 3564 νοεῖν
550 3510 641 3565 τὸν
700 3511 851 3579 Θεὸν,
886 3508 1010 3564 ὅσον
1070 3510 1187 3564 οἶόν
1245 3530 1323 3579 τε,
1354 3494 1721 3584 τρεφομένους
1777 3510 1845 3580 τῇ

213 3602 403 3670 νοήσει,
437 3604 515 3671 τῷ
542 3598 904 3678 ἐπεστράφθαι
936 3597 1021 3653 ἐπὶ
1056 3599 1155 3667 τήν
1207 3597 1349 3662 θείαν
1394 3597 1607 3674 σοφίαν,
1640 3597 1713 3657 ὡς
1760 3597 1848 3651 καὶ

214 3689 257 3741 αἱ
285 3690 619 3764 ἀνθρώπιναι
651 3688 826 3763 ψυχαί
861 3706 874 3720 ⁸
918 3688 1007 3742 καὶ
1037 3688 1103 3742 τὰ
1159 3686 1445 3757 αίσθητικὰ
1484 3683 1560 3754 δὲ,
1609 3685 1849 3739 τουτέστι

212 3776 267 3831 τὰ
289 3775 481 3854 ἄλογα.
508 3780 773 3853 Ἔμψυχα
823 3774 879 3832 δὲ
910 3775 1062 3850 ὅμως
1093 3776 1265 3832 πάντα
1323 3775 1512 3853 σοφίας
1562 3775 1850 3849 μετέχουσι

214 3865 370 3937 θείοις⁹
423 3868 513 3921 καὶ
563 3867 613 3921 ἐν
673 3872 790 3922 ταῖι
848 3872 1098 3941 φυσικαῖς
1148 3866 1323 3920 αὐτῶν
1379 3866 1598 3938 ὁρμαῖς,
1634 3864 1706 3924 ὡς
1762 3863 1852 3917 καὶ

216 3955 237 4007 ὁ
285 3956 427 4009 Baio:
487 3954 774 4017 Βασίλειος
826 3955 877 4009 ἐν
946 3958 1014 4028 τῇ
1071 3954 1393 4027 Ἑξαημέρῳ
1450 3952 1704 4023 δείκνυσι,
1762 3951 1852 4005 καὶ

216 4044 336 4097 αὐτὸ
394 4041 450 4098 δὲ
504 4046 567 4099 τὸ
627 4045 679 4100 ἰν
729 4043 890 4122 σοφίᾳ
946 4042 1186 4117 γενέσθαι
1239 4046 1411 4098 πάντα
1448 4042 1583 4097 κατὰ
1610 4043 1672 4095 τὸ
1704 4041 1853 4117 εἴρη-

219 4132 384 4200 μένον⁸
420 4134 603 4188 Πάντα
633 4133 685 4188 ἐν
720 4132 879 4211 σοφίᾳ
908 4131 1188 4203 ἐποίησας,
1216 4134 1275 4189 Ἥ
1329 4130 1387 4187 δὲ
1429 4130 1588 4208 σοφία
1635 4130 1775 4185 ἐστὶν
1827 4130 1855 4182 6

216 4220 325 4283 Υἱὸς
375 4224 404 4278 ὁ
437 4220 511 4277 ὥν
548 4241 561 4255 ·
596 4224 771 4278 πάντα
803 4220 893 4276 οὖν
928 4220 979 4276 ἐν
1010 4223 1089 4293 τῷ
1124 4222 1233 4294 Υἱῷ
1283 4226 1362 4293 τῷ
1417 4216 1527 4276 ὄντι
1585 4218 1853 4295 ἐγένοντο,

214 4308 385 4382 φησίν.

277 4582 303 4648 §
333 4586 399 4636 Il.
432 4581 874 4656 Ἐκφαντορικάς.
910 4576 1331 4656 Ἐκφαντορικάς
1363 4598 1494 4654 φησι
1533 4577 1629 4639 τὰς
1675 4576 1858 4653 ἐκφαι-

214 4667 398 4731 νούσας
426 4669 553 4738 ἤτοι
585 4668 941 4746 παριστάσας.

282 4850 395 4918 Τῆς
430 4848 563 4924 ὑπὲρ
622 4854 794 4902 πᾶσαν
830 4845 1157 4921 ἆγαθότητα.
1203 4843 1521 4916 Σημείωσαι
1552 4842 1635 4899 ὅτι
1674 4844 1859 4908 καλῶς

218 4936 467 5011 Λίγομεν,
488 4938 571 4993 δτι
603 4936 743 4991 ἐστὶν
779 4937 909 5011 ὑπὲρ
941 4941 1111 4990 πᾶσαν
1145 4934 1457 5009 ἀγαθότητα
1484 4932 1573 4987 καὶ
1607 4933 1855 5002 θεότητα’

216 5021 609 5098 ὑποϐεϐηκυίας
642 5024 733 5080 οὖν
768 5024 1023 5091 θεότητας
1067 5025 1268 5094 νόησον
1324 5020 1566 5098 ἀγγέλων
1621 5023 1710 5076 καὶ
1766 5022 1854 5076 ἀν-

212 5116 438 5187 θρώπων
470 5114 693 5170 δικαίων
705 5157 718 5170 .

276 5204 364 5260 Ἐν
446 5203 803 5281 ἀποκρύφοις.
862 5209 949 5266 Ὡς
1019 5201 1081 5257 τό
1134 5219 1147 5232 ·
1196 5203 1391 5264 ’Ἑθετο
1461 5201 1653 5264 σκότος
1690 5201 1856 5256 ἀπο-

209 5296 416 5367 κρυφὴν
473 5294 638 5350 αὐτοῦ
672 5314 685 5328 ο
734 5293 825 5347 καὶ
882 5289 1089 5346 πάλιν
1153 5293 1238 5346 Ἐν
1300 5291 1600 5367 ἀποκρύφῳ
1663 5310 1855 5345 καται-

210 5377 385 5452 γίδος.

280 5528 363 5601 (u)
393 5527 543 5586 Psal.
577 5544 702 5600 cm,
731 5526 821 5582 24.
901 5523 975 5599 (υ)
1007 5524 1164 5581 Psal.
1198 5540 1338 5594 xvn,
1372 5525 1458 5581 12.

1947 655 2232 712 Divinitas
2258 662 2347 713 est
2377 675 2556 729 supra
2578 675 2809 714 omnem
2834 660 3173 715 essentiam.
3199 654 3440 732 Πρὸοδον
3463 677 3596 715 vero

1949 762 2050 799 seu
2084 748 2519 816 progressionem
2568 753 2729 802 vocat
2776 748 3035 803 divinam
3069 750 3417 818 efﬁcaciam,
3467 765 3595 820 qua:

1950 834 2284 891 universam
2319 837 2636 891 essentiam
2671 838 2963 909 produxit.

2020 926 2173 980 166
2231 925 2515 997 Siquidem
2568 942 2767 982 nomen
2817 928 2944 983 boni
2991 928 3055 983 de
3106 934 3233 984 Deo.
3295 929 3594 991 Quomodo

1948 1014 2103 1069 Deus
2125 1015 2354 1070 dicatur
2374 1016 2584 1071 bonus.
2610 1017 2753 1072 Vide
2784 1026 2981 1072 autem
3013 1018 3304 1089 quomodo
3338 1018 3479 1071 dicit
3513 1019 3597 1071 bo-

1947 1120 2083 1158 num
2132 1122 2233 1159 seu
2280 1105 2542 1159 divinum
2597 1108 2725 1175 ejus
2775 1123 2988 1161 nomen
3021 1107 3252 1162 extendi
3297 1107 3367 1160 ad
3402 1107 3599 1160 omnia

1950 1210 2076 1264 quae
2108 1204 2247 1249 sunt
2300 1198 2357 1249 et
2414 1211 2540 1265 quae
2590 1212 2705 1249 non
2750 1201 2909 1264 sunt,
2944 1200 3118 1267 atque
3167 1212 3346 1267 supra
3375 1212 3442 1250 ea
3473 1212 3599 1265 quae

1950 1300 2067 1337 non
2100 1288 2239 1337 sunt
2270 1300 2431 1353 esse;
2465 1301 2639 1338 unum
2663 1302 2795 1339 vero
2828 1302 2959 1340 esse
2981 1302 3159 1355 supra
3188 1302 3255 1339 ea
3286 1302 3412 1355 qua:
3436 1288 3596 1351 sunt,

1949 1371 2265 1443 ipsumque
2298 1372 2547 1429 ulterius
2580 1375 2848 1444 protendi
2872 1390 2884 1428 :
2907 1373 3082 1429 vitam
3105 1379 3295 1429 autem
3321 1388 3599 1444 superare

1948 1461 2149 1517 omnia
2170 1479 2295 1533 qua:
2326 1462 2547 1532 vivunt,
2589 1466 2645 1517 et
2664 1462 2999 1533 sapientiam
3032 1480 3211 1534 supra
3244 1462 3441 1517 omnia
3472 1478 3596 1533 quae

1949 1549 2309 1622 intelligunt,
2341 1556 2397 1607 et
2427 1568 2553 1622 qua:
2605 1553 2828 1607 ratione
2881 1557 2935 1607 et
2967 1569 3091 1623 quae
3139 1569 3317 1607 sensu
3350 1557 3599 1607 utuntur

1951 1642 2207 1705 extendi,
2242 1642 2323 1696 ita
2353 1646 2417 1695 ut
2448 1641 2825 1695 manifestum
2862 1640 2939 1696 sit
2968 1643 3117 1712 quod
3153 1644 3377 1707 bonum,
3410 1641 3467 1695 id
3510 1648 3599 1696 est

1951 1732 2126 1796 Deus,
2152 1731 2229 1785 sit
2246 1747 2424 1785 causa
2440 1734 2496 1784 et
2527 1732 2654 1799 ejus
2686 1731 2839 1800 quod
2872 1736 2981 1797 est,
3014 1736 3070 1786 et
3091 1732 3217 1786 vitae
3266 1737 3322 1785 et
3370 1729 3599 1801 sapien-

1951 1821 2077 1887 tiae;
2114 1819 2257 1873 illud
2291 1823 2487 1873 autem
2522 1820 2676 1890 quod
2710 1824 2819 1884 est,
2851 1818 2982 1873 vita:
3013 1824 3069 1874 et
3121 1819 3421 1891 sapientiae
3468 1836 3599 1873 cau-

1877 1944 1922 2007 B
1955 1924 2103 1975 sam,
2128 1906 2389 1977 intellige
2419 1906 2489 1961 ad
2524 1922 2614 1961 res
2643 1908 3098 1962 accommodate.

2024 1997 2194 2066 Atque
2218 1995 2287 2049 ad
2315 2012 2379 2049 ea
2410 2011 2525 2066 quae
2553 2010 2664 2050 non.
2692 2003 2821 2050 sunt
2848 1994 3179 2051 extenditur.
3212 2000 3400 2067 Atque
3432 1996 3504 2051 ad
3532 2013 3598 2051 ea

1954 2102 2081 2156 quae
2116 2102 2231 2139 non
2264 2084 2759 2140 suntextenditur
2786 2085 3027 2155 bonum,
3064 2091 3345 2156 tanquam
3380 2085 3508 2157 ipsa
3536 2090 3601 2140 ut

1954 2176 2075 2229 sint
2101 2191 2341 2240 vocans,
2368 2178 2469 2228 aut
2490 2174 2661 2244 juxta
2691 2174 2857 2242 illud,
2884 2175 3039 2245 quod
3065 2174 3233 2229 Pater
3262 2174 3401 2229 alibi
3434 2174 3597 2241 dixit,

1953 2264 2091 2333 quia
2120 2262 2296 2318 etiam
2332 2263 2389 2317 id
2424 2264 2580 2333 quod
2633 2280 2746 2316 non
2781 2263 3017 2318 exsistit
3066 2270 3153 2318 est
3185 2263 3428 2329 bonum,
3466 2279 3598 2317 cum

1951 2353 2008 2407 in
2055 2358 2164 2407 Deo
2207 2358 2445 2422 propter
2483 2353 2753 2407 essentia:
2810 2368 3114 2407 excessum
3174 2352 3598 2407 consideratur.

1951 2441 2117 2497 Ὄντα
2149 2458 2281 2495 vero
2310 2444 2473 2496 vocat
2495 2458 2562 2496 ea
2588 2457 2717 2510 qua:
2751 2457 2866 2495 non
2900 2445 3038 2495 sunt
3072 2440 3421 2509 materialia,
3449 2440 3603 2495 sicut

1954 2546 2106 2601 saepe
2163 2529 2437 2601 superius
2495 2528 2965 2598 deelaravimus;
3024 2534 3126 2584 aut
3181 2530 3287 2596 sic,
3321 2529 3598 2600 quoniam

1952 2619 2108 2675 Deus
2165 2619 2289 2675 loco
2340 2636 2455 2674 non
2512 2617 3044 2685 circumscribitur,
3079 2619 3286 2673 merito
3337 2619 3415 2673 ait
3464 2634 3598 2672 eum

1953 2709 2132 2764 etiam
2156 2724 2335 2779 supra
2359 2724 2426 2763 ea
2456 2724 2582 2779 quae
2611 2724 2724 2763 non
2754 2694 2897 2762 sunt
2926 2723 3074 2774 esse,
3108 2710 3172 2761 ut
3213 2706 3483 2762 ostendat
3532 2705 3601 2759 il-

1953 2798 2075 2853 lum
2104 2798 2346 2853 minime
2368 2796 2775 2852 circumscribi
2802 2813 2989 2868 posse.

2024 2891 2090 2943 Et
2120 2904 2288 2958 supra
2317 2888 2577 2941 viventia.
2630 2886 2939 2941 Advertere
2989 2890 3237 2957 oportet,
3288 2886 3603 2957 quomodo,

1957 2978 2194 3049 quando
2220 2977 2290 3031 de
2320 2976 2545 3046 angelis
2576 2980 2635 3030 et
2665 2974 3009 3029 hominibus
3053 2974 3334 3045 loquitur,
3368 2974 3607 3046 angelos

1954 3071 2118 3122 vocet
2134 3062 2301 3133 νοητά
2324 3082 2425 3120 seu
2450 3080 2577 3135 quae
2608 3065 2997 3134 intelliguntur
3021 3080 3035 3129 ;
3070 3068 3302 3119 nostras
3325 3080 3458 3118 vero
3481 3062 3608 3118 ani-

1957 3172 2085 3211 mas
2108 3152 2296 3228 νοεράς
2326 3171 2428 3208 seu
2460 3169 2585 3225 quae
2602 3154 2942 3223 intelligunt,
2966 3152 3119 3208 sicut
3150 3154 3484 3223 frequenter
3509 3169 3606 3207 su-

1959 3246 2157 3317 perius
2190 3244 2761 3315 repraesentavimus,
2795 3244 2938 3297 dum
2981 3242 3488 3313 interpretaliones
3511 3244 3607 3293 τοῦ

1958 3336 2154 3402 νοητοῦ
2185 3338 2241 3389 et
2269 3335 2462 3405 νοεροῦ
2484 3332 2920 3403 exponebamus
2947 3348 2959 3386 :
2993 3348 3149 3385 nunc
3171 3347 3302 3384 vero
3328 3330 3605 3400 quoniam

1957 3424 2146 3495 primo
2179 3429 2235 3477 et
2267 3421 2626 3493 pricipaliter
2654 3423 2721 3474 de
2773 3419 2888 3474 Deo
2921 3419 3211 3490 loquitur,
3255 3419 3462 3473 merito
3504 3436 3605 3472 an-

1958 3511 2119 3584 gelos
2151 3511 2304 3566 sicut
2335 3514 2390 3565 et
2418 3527 2523 3564 nos
2554 3509 2697 3563 dicit
2750 3505 2993 3581 νοεροῦς,
3048 3507 3217 3579 quasi
3267 3508 3441 3562 etiam
3493 3506 3607 3577 ipsi

1959 3602 2142 3656 Deum
2174 3598 2576 3670 intelligendo,
2610 3602 2896 3669 quantum
2929 3597 3050 3652 ﬁeri
3085 3601 3294 3668 potest,
3340 3594 3606 3651 intellec-

1958 3690 2114 3745 tione
2142 3688 2550 3759 alantur,quia
2580 3688 2650 3742 ad
2683 3686 2939 3741 divinam
2970 3685 3317 3757 sapientiam
3344 3685 3608 3740 conversi

1964 3784 2122 3849 sunt,
2156 3778 2308 3834 sicut
2355 3782 2411 3832 et
2455 3777 2759 3832 hominum
2818 3776 3047 3842 animae,
3107 3780 3282 3845 atque
3330 3772 3395 3827 τὰ
3424 3774 3612 3842 αἰσθη-

1962 3867 2106 3935 τικὰ,
2139 3868 2195 3922 id
2230 3872 2319 3922 est
2350 3867 2596 3923 rationis
2627 3866 2905 3937 expertia.
2941 3865 3210 3920 Animata
3237 3881 3374 3918 vero
3413 3865 3613 3919 omnia

1966 3958 2183 4031 pariter
2242 3957 2498 4012 divinam
2543 3956 2718 4011 etiam
2771 3955 3128 4026 participant
3166 3954 3517 4025 sapientiam
3551 3954 3610 4007 in

1965 4047 2091 4101 suis
2123 4045 2492 4102 naturalibus
2525 4044 3039 4115 propensionibus,
3064 4042 3219 4097 sicut
3250 4043 3484 4097 divinus
3508 4043 3610 4097 Ba-

1966 4135 2135 4191 silius
2166 4133 2423 4191 ostendit
2452 4134 2511 4187 in
2544 4135 2902 4201 Hexaemero,
2944 4136 3119 4201 atque
3142 4131 3286 4185 illud
3310 4131 3526 4201 ipsum,
3553 4134 3611 4185 in

1966 4224 2253 4295 sapientia
2276 4225 2425 4278 facta
2446 4236 2574 4277 esse
2606 4220 2823 4286 omnia,
2846 4220 3171 4275 secundum
3205 4220 3570 4291 Scripturam
3596 4237 3610 4275 :

1967 4315 2168 4369 Omnia
2200 4312 2260 4367 in
2288 4313 2541 4383 sapienta
2568 4311 2752 4381 fecisti
2782 4310 2880 4381 (τι).
2936 4308 3233 4380 Sapientia
3282 4313 3473 4363 autem
3526 4313 3613 4363 est

1964 4402 2167 4467 Filius,
2200 4400 2300 4471 qui
2330 4405 2453 4468 est;
2488 4400 2689 4455 omnia
2710 4398 2909 4470 igitur,
2931 4398 3147 4468 inquit,
3179 4402 3345 4453 erant
3373 4397 3432 4452 in
3468 4398 3612 4454 Filio

1966 4491 2061 4563 qui
2095 4495 2206 4546 est.
2495 4532 2501 4537 .

2038 4580 2168 4651 §II.
2201 4578 2688 4651 Manifestatorias.
2749 4577 2848 4633 Gr.
2909 4573 3320 4653 ἐκφαντορικάς.
3382 4576 3614 4653 Ἐκφαν-

1886 4690 1931 4755 D
1963 4666 2184 4742 τορικάς
2239 4671 2405 4723 vocat
2435 4684 2533 4724 eas
2591 4684 2716 4739 qua:
2774 4665 3076 4724 declarant
3130 4682 3232 4722 seu
3292 4683 3614 4738 repraasen-

1961 4762 2111 4814 tant.

2042 4849 2174 4915 Qua)
2202 4864 2375 4918 supra
2405 4846 2621 4902 omnem
2652 4846 2965 4902 bonitatem.
3001 4846 3148 4901 Nota
3190 4862 3296 4900 nos
3340 4850 3501 4898 recte
3532 4846 3614 4899 di-

1968 4952 2095 4991 cere
2126 4937 2278 5005 quod
2311 4951 2547 4991 omnem
2580 4939 2818 5006 superet
2851 4935 3169 4989 bonitatem
3202 4926 3257 4987 et
3301 4933 3610 5001 deitatem;

1968 5041 2103 5096 ergo
2130 5042 2233 5097 per
2258 5025 2526 5081 subditas
2557 5025 2802 5079 deitates
2833 5022 3093 5094 intellige
3115 5020 3455 5092 angelorum
3481 5023 3613 5091 jus-

1966 5118 2280 5185 torumque
2307 5114 2567 5168 virorum
2594 5113 2859 5168 deitates.

2038 5204 2187 5258 167
2242 5205 2306 5258 In
2354 5201 2710 5260 absconditis.
2763 5201 2835 5255 Ut
2894 5199 3038 5253 illud
3075 5216 3086 5253 :
3119 5199 3309 5253 Posuit
3363 5202 3618 5256 tenebras

1968 5293 2261 5348 latibulum
2280 5309 2439 5349 suum
2472 5293 2566 5364 (v);
2600 5295 2656 5347 et
2687 5305 2931 5345 rursus:
2958 5293 3026 5345 In
3055 5288 3379 5345 abscondito
3408 5295 3616 5363 tempe-

1966 5385 2125 5438 statis
2144 5382 2245 5455 (at).

1537 5524 1618 5597 (τε)
1648 5524 1801 5581 Psal.
1838 5541 2004 5593 Lxxv,
2034 5526 2087 5582 8.

1223 5666 1464 5725 VARIIE
1501 5666 1896 5726 LEGTIONES
1932 5666 2025 5723 ET
2064 5663 2606 5725 GORRECTIONES

286 5770 334 5807 ’⁸
362 5768 432 5828 τὰ
461 5769 615 5831 αὐτά.
