4080 6366
431 399 534 455 311

1253 403 1621 456 APPENDIX
1658 403 1756 455 AD
1792 400 2032 455 OPERA
2069 400 2127 451 S.
2170 397 2484 453 DIONYSII
2525 401 3027 457 AREOPAGITJE.

3753 401 3855 455 312

514 527 576 579 Et
604 540 792 580 sensus
819 523 1178 596 participant.
1213 524 1498 590 Quoniam
1523 524 1698 596 paulo
1739 526 1872 579 ante
1921 523 2085 576 visus

2272 517 2368 573 Καὶ
2436 520 2738 590 αἰσθήσεως
2791 519 3224 599 μετειληφότων.
3286 519 3507 589 Ἐπιιδὴ
3578 520 3686 594 πρὸ
3765 544 3854 594 μι-

437 616 527 667 est
557 613 766 683 dicere,
814 614 1034 669 bonum
1080 631 1211 669 esse
1249 614 1605 684 subjectum,
1639 630 1769 668 cum
1802 611 1947 667 dixit
1975 627 2088 666 esse

438 704 553 772 ejus
590 702 729 775 quod
761 707 836 758 est
865 719 1114 774 causam,
1140 708 1196 758 et
1221 703 1297 758 ita
1321 705 1622 774 deinceps,
1649 718 1718 757 ne
1741 702 1840 774 qui
1866 701 2088 772 absque

435 791 736 847 intellectu
762 792 1022 865 legerent
1046 794 1414 849 occaaionem
1440 793 1722 864 arguendi
1743 791 2086 862 reperirent,

437 881 519 934 ait
554 899 566 936 :
613 882 732 936 Non
762 889 948 937 autem
980 883 1137 937 aliud
1169 900 1279 937 esse
1333 884 1552 949 bonum,
1585 887 1639 936 et
1670 881 1828 936 alzud
1862 881 1917 934 id
1948 878 2088 950 quod

436 979 534 1025 est.
570 973 761 1041 Atque
787 972 1025 1042 iterum,
1070 972 1227 1026 aliud
1263 972 1461 1039 vitam;
1499 988 1678 1042 quam
1711 970 2086 1041 sapientiam,

437 1075 618 1114 unam
651 1059 942 1131 siquidem
976 1061 1241 1116 omnium
1275 1077 1404 1116 esse
1429 1077 1692 1126 causam,
1717 1063 1771 1115 et
1793 1077 1906 1114 non
1932 1057 2087 1114 mul-

435 1150 550 1214 tas,
576 1151 750 1220 atque
769 1149 974 1204 merito
1000 1167 1176 1205 unam
1204 1149 1488 1204 Deitatem
1514 1166 1642 1219 qua:
1668 1148 1942 1203 universa
1962 1164 2089 1218 pro-

441 1236 630 1308 duxit,
656 1243 918 1294 sanctam
943 1255 1049 1294 nec
1076 1256 1191 1293 non
1214 1239 1445 1294 beatam
1484 1237 1856 1308 Trinitatem,
1890 1241 1948 1292 et
1979 1236 2089 1291 mi-

441 1325 602 1381 nime
636 1327 851 1383 multas
877 1328 1214 1384 divinitates
1237 1328 1543 1383 creatrices
1571 1345 1584 1395 ;
1617 1327 1726 1383 hoc
1758 1332 1951 1381 autem
1977 1343 2090 1381 non

444 1433 874 1487 supervacanea
902 1417 1069 1485 dixit,
1104 1418 1204 1472 sed
1227 1421 1453 1472 Graecos
1477 1417 1773 1488 stringens
1795 1415 2091 1487 sapientes

443 1507 500 1558 et
528 1504 827 1561 haereticos
867 1506 1126 1562 Simonis
1178 1510 1521 1571 sectatores,
1556 1506 1654 1577 qui
1707 1505 1910 1560 dicunt
1954 1506 2093 1560 deos

443 1595 648 1649 mundi
681 1595 1078 1664 fabricatores,
1111 1605 1327 1668 quanto
1374 1596 1678 1651 inferiores
1721 1600 1881 1661 sunt,
1933 1598 2092 1648 tanto

445 1700 680 1755 quoque
734 1684 1091 1740 inﬁrmiores
1144 1687 1466 1756 producere
1519 1689 1858 1752 creaturas,
1915 1683 2094 1738 etiam

447 1789 636 1846 usque
670 1775 742 1828 ad
777 1775 1044 1834 omnium
1079 1775 1558 1844 fundamentum,
1592 1779 1653 1830 ut
1694 1774 1885 1840 aiunt,
1917 1773 1974 1828 id
2007 1777 2098 1828 est

448 1862 778 1919 materiam.

521 1953 583 2008 Et
607 1953 749 2009 hanc
777 1953 997 2024 quidem
1027 1970 1158 2009 esse.
1181 1953 1321 2009 Boni
1349 1953 1803 2025 appellationem
1831 1952 2097 2024 perfecta:

451 2042 690 2097 omnino
715 2043 1092 2113 providentiae
1116 2043 1552 2108 declarativam,
1574 2042 1818 2110 aitesse;
1841 2041 2098 2112 reliquas

449 2147 586 2186 vero
620 2131 1027 2202 particulares,
1059 2137 1122 2186 ut
1153 2133 1328 2188 vitam
1367 2135 1423 2186 et
1455 2132 1806 2204 sapientiam
1839 2137 1896 2186 et
1922 2130 2094 2185 ratio-

452 2235 609 2287 nem;
644 2236 776 2275 nam
810 2237 903 2276 res
935 2238 1133 2276 omnes
1167 2239 1267 2292 per
1295 2221 1396 2276 Dei
1449 2221 1769 2277 bonitatem
1803 2222 2096 2292 productae

451 2318 592 2363 sunt
625 2317 685 2364 ut
716 2309 1053 2380 existerent,
1086 2316 1341 2381 suntque
1373 2311 1534 2366 bonae
1567 2327 1668 2366 seu
1701 2309 1870 2364 valde
1901 2310 2094 2377 bonae;

449 2415 564 2453 non
598 2403 793 2454 autem
826 2417 1032 2455 omnes
1075 2400 1252 2455 vitam
1285 2403 1340 2455 et
1382 2399 1732 2471 sapientiam
1778 2403 1879 2455 aut
1922 2399 2095 2454 ratio-

447 2503 584 2542 nem
635 2487 1013 2560 participant,
1049 2489 1296 2560 ideoque
1333 2489 1624 2559 ejusmodi
1674 2488 2096 2560 appellationes

445 2575 516 2631 ad
550 2577 814 2648 perfectas
844 2577 1282 2633 distinctionem
1314 2579 1531 2649 posuit.
1565 2573 1936 2652 Ὁλικωτέρας
1964 2595 2096 2633 vero

445 2682 544 2721 seu
580 2667 972 2738 generaliores
990 2672 1162 2723 vocat
1180 2680 1436 2739 eas‘quae
1469 2668 1526 2721 in
1553 2667 1821 2738 pluribus
1855 2685 2099 2722 cernun-

443 2758 561 2816 tur,
585 2760 649 2809 ut
697 2757 898 2824 vitam;
942 2757 1203 2826 pervenit
1234 2757 1389 2810 enim
1446 2773 1633 2826 usque
1683 2757 1752 2810 ad
1790 2757 2020 2828 plantas
2043 2760 2100 2811 et

445 2843 724 2898 animalia
755 2844 1064 2899 rationalia
1097 2844 1456 2915 rationisque
1476 2846 1737 2916 expertia
1764 2863 1776 2903 :
1809 2846 2098 2917 sapientia

447 2937 642 2986 autem
675 2937 731 2988 et
762 2933 909 2988 ratio
942 2933 1328 3003 particulares
1362 2935 1588 3003 magis;
1633 2951 1769 2989 nam
1801 2935 1889 2990 hae
1922 2935 1980 2990 in
2006 2952 2096 2991 so-

445 3018 518 3076 lis
555 3021 798 3076 rationis
830 3021 1215 3093 participibus
1246 3023 1706 3094 conspiciuntur.

517 3112 672 3178 §III.
715 3112 789 3165 Ac
817 3113 950 3168 vita:
977 3113 1327 3182 sapientiam.
1379 3114 1520 3167 Cum
1573 3111 1745 3183 paulo
1797 3114 2101 3168 obscurior

445 3200 524 3255 sit
553 3217 766 3266 sermo,
792 3201 1240 3256 arbitrortalem
1284 3201 1583 3256 insinuare
1625 3202 2000 3267 sententiam,
2036 3207 2101 3257 ut

445 3289 1279 3362 aliquodubitanteacdicente
1314 3309 1326 3346 :
1361 3294 1494 3360 Cur,
1521 3291 1755 3345 nomine
1791 3291 1979 3363 ipsius
2000 3294 2096 3344 τοῦ
2129 3268 2172 3336 α

444 3372 597 3440 ὄντος
642 3396 743 3434 seu
793 3381 937 3435 enlis
993 3385 1310 3450 superante
1359 3381 1488 3436 vitae
1535 3379 2007 3452 appellationem,
2039 3384 2097 3436 et

442 3486 649 3524 rursus
674 3469 906 3524 nomine
931 3468 1056 3524 vitae
1082 3473 1394 3541 prastante
1417 3469 1899 3540 sapientiae,sicut
1919 3469 2094 3525 etiam

445 3559 587 3614 ordo
636 3558 762 3629 ipse
819 3558 929 3614 hoc
984 3558 1266 3628 postulat,
1299 3559 1795 3629 quemadmodum
1852 3559 2097 3630 ipsemet

453 3647 632 3719 paulo
684 3652 819 3702 ante
855 3647 1173 3702 declaravit
1214 3648 1480 3713 dicendo,
1513 3652 1568 3702 et
1589 3665 1691 3703 ens
1725 3652 1780 3703 et
1810 3649 2013 3716 vitam,
2043 3652 2100 3702 et

450 3736 798 3806 sapientiam
826 3737 1093 3791 essentize
1113 3737 1548 3804 effectricem,et
1578 3737 1704 3790 vitae
1728 3737 2095 3804 eﬂectricem,

447 3830 506 3880 et
527 3826 824 3896 sapientia:
849 3826 1156 3896 datricem,
1189 3826 1457 3880 essentia
1503 3830 1837 3890 causam,et
1856 3825 2007 3893 vitae,
2041 3830 2100 3881 et

447 3914 680 3982 mentis,
715 3918 773 3968 et
830 3914 1075 3970 rationis
1127 3915 1478 3986 participum
1514 3920 1684 3984 atque
1715 3931 1948 3978 sensus,
1983 3932 2094 3969 non

445 4003 701 4074 amplius
733 4003 996 4058 ordinem
1034 4004 1189 4059 hunc
1224 4004 1279 4057 in
1312 4004 1486 4058 rebus
1509 4004 1776 4057 videmus
1801 4003 1827 4056 ?
1860 4003 2096 4073 Oportet

443 4093 597 4147 enim
633 4093 957 4148 secundum
991 4094 1179 4148 dictos
1212 4098 1330 4147 ate
1371 4093 1612 4164 gradus,
1658 4109 1726 4147 ea
1775 4109 1900 4162 qua:
1953 4093 2100 4146 exsi-

442 4184 608 4237 stunt
627 4182 813 4253 magis
835 4181 908 4238 iis
933 4200 1058 4254 quas
1091 4183 1292 4237 vivunt
1312 4190 1363 4236 et
1385 4181 1652 4236 sentiunt
1675 4185 1732 4234 et
1763 4178 2101 4251 intelligunt

441 4275 499 4326 et
530 4271 974 4342 ratiocinantur,
1006 4271 1063 4325 id
1099 4275 1187 4326 est
1219 4273 1468 4324 mentem
1504 4285 1569 4322 ac
1603 4268 1882 4322 rationem
1919 4269 2099 4339 parti-

443 4359 803 4430 cipantibus,
832 4361 948 4415 Deo
980 4359 1221 4430 propius
1273 4358 1424 4411 168
1478 4357 1774 4424 accedere;
1809 4373 1923 4411 non
1975 4374 2096 4411 am-

443 4447 600 4517 plius
633 4453 830 4503 autem
864 4449 969 4516 sic,
1005 4448 1106 4502 sed
1138 4445 1499 4501 contrarium
1533 4449 1620 4499 est
1649 4463 1660 4511 ;
1721 4445 1898 4499 veluti
1933 4446 2096 4511 ccelo,

442 4540 499 4590 et
530 4535 724 4600 astris,
757 4540 813 4590 et
843 4539 1019 4601 terra,
1056 4539 1112 4589 et
1132 4551 1304 4606 aqua,
1337 4544 1389 4588 et.
1423 4550 1574 4597 aere,
1609 4537 1664 4587 et
1709 4533 1780 4587 iis
1838 4550 1964 4604 quae
2007 4551 2099 4590 ex-

2127 1898 2176 1963 B

2195 614 2328 684 κροῦ
2381 604 2526 683 ἔδοξέ
2574 633 2688 670 πως
2738 606 2999 666 ὑπόϐασιν
3056 609 3231 684 λέγειν
3293 609 3355 664 τὸ
3414 609 3632 684 ἀγαθὸν,
3689 609 3856 664 εἰπὼν

2193 704 2289 753 τοῦ
2348 695 2503 762 ὄντος
2565 699 2760 768 αἶ’τιον,
2817 701 2906 754 καὶ
2960 700 3102 754 οὕτω
3172 700 3422 769 καθεξῆς,
3480 699 3570 753 ἳνα
3657 701 3733 772 μὴ
3806 702 3854 753 οἱ

2197 787 2466 850 ἀσυνέτως
2500 789 2956 864 ἀναγινώσκοντες
3005 787 3199 864 εὕρωσι
3263 787 3522 862 μέμψεως
3569 789 3854 866 ἀφορμὴν,

2197 878 2380 953 φησίν·
2411 877 2525 934 Οὐκ
2580 877 2720 933 ἄλλο
2772 875 2828 932 δὲ
2876 878 3009 932 εἶναι
3057 879 3116 931 τὸ
3169 877 3396 952 ἀγαθὸν,
3455 877 3546 932 καὶ
3606 875 3751 932 ἄλλο
3796 880 3856 931 τὸ

2197 962 2254 1018 ὄν
2287 984 2299 996 ·
2327 967 2414 1020 καὶ
2447 965 2510 1020 αὖ
2543 965 2733 1032 πάλιν,
2768 965 2908 1022 ἄλλο
2947 967 3046 1035 τὴν
3093 972 3260 1037 ζωην,
3293 967 3327 1035 ἢ
3359 966 3458 1034 τὴν
3513 967 3703 1044 σοφίαν
3741 987 3753 999 ·
3801 966 3855 1020 ’ἐν

2195 1054 2295 1130 γὰρ
2356 1055 2488 1109 εἶναι
2539 1059 2643 1108 τῶν
2707 1056 2954 1110 ἁπάντων
3015 1052 3211 1123 αἴτιον,
3243 1053 3333 1108 καὶ
3392 1054 3452 1108 οὐ
3502 1053 3713 1123 πολλὰ,
3766 1055 3856 1109 καὶ

2201 1143 2330 1216 μίαν
2363 1142 2588 1206 εἷκότως
2621 1143 2852 1213 θεότητα
2901 1143 3076 1199 πάντα
3133 1144 3503 1218 παράγουσαν,
3536 1144 3638 1212 τὴν
3696 1143 3855 1218 ἁγίαν

2201 1233 2292 1287 καὶ
2349 1233 2614 1308 μακαρίαν
2652 1236 2692 1269 ¹⁷
2752 1230 2980 1307 Τριάὃα,
3033 1232 3124 1287 καὶ
3186 1233 3262 1305 μή
3323 1230 3538 1297 πολλὰς
3597 1232 3860 1304 θεότητας

2205 1319 2609 1398 δημιουργούς·
2647 1326 2808 1378 τοῦτο
2843 1319 2899 1377 δὲ
2932 1321 2992 1377 οὑ
3023 1325 3286 1398 περίττῶς
3335 1323 3501 1391 εἶπεν,
3533 1321 3680 1377 ἀλλὰ
3727 1334 3861 1386 καθ-

2203 1411 2510 1484 απτόμενος
2568 1416 2674 1465 τῶν
2736 1413 2863 1483 παρ’
2918 1410 3157 1482 Ἕλλησι
3220 1417 3422 1488 σοφῶν,
3455 1411 3545 1466 καί
3597 1416 3706 1466 τῶν
3755 1412 3861 1466 ἀπὸ

2206 1500 2459 1574 Σίμωνος
2516 1503 2823 1576 αἱρετικῶν,
2879 1503 2956 1570 οἳ,
3018 1501 3395 1574 κοσμοποιοῦς
3465 1523 3594 1580 φασι
3680 1501 3861 1571 θεοὺς,

2204 1592 2431 1646 καθόσον
2495 1586 2888 1662 ὑποϐεϐνςκασι,
2927 1596 3186 1646 τοσοῦτον
3243 1591 3334 1647 καὶ
3390 1593 3457 1646 τὰ
3508 1592 3863 1667 ἀσθενέστερα

2203 1685 2310 1736 τῶν
2340 1680 2649 1753 κτισμάτων
2673 1683 3034 1757 παράγοντας.
3067 1678 3170 1743 ἕως
3196 1681 3286 1736 καὶ
3319 1689 3417 1751 τῆς
3444 1683 3551 1736 τών
3605 1683 3859 1736 ἁπάντων

2208 1771 2586 1844 ὑποστάθμης,
2613 1769 2686 1834 ὥς
2719 1793 2864 1848 φασι,
2897 1773 3143 1827 τουτέστι
3171 1777 3272 1842 τῆς
3304 1769 3461 1843 ὕλης.

2279 1951 2384 2006 Καὶ
2440 1951 2541 2018 τὴν
2603 1950 2697 2022 μὲν
2758 1950 2916 2007 εἶναι.
2951 1951 3065 2020 Τὴν
3125 1954 3223 2005 τοῦ
3278 1948 3480 2024 ἀγαθοῦ
3540 1949 3860 2025 ἐπωνυμίαν

2206 2035 2504 2100 παντελοῦς
2534 2039 2795 2114 προνοίας
2829 2036 3080 2108 δεκτικὴν
3114 2038 3248 2094 εἶναί
3279 2061 3410 2115 φησι
3446 2061 3458 2073 ·
3493 2041 3590 2102 τὰς
3644 2037 3703 2095 δὶ
3751 2052 3868 2096 Λοι-

2205 2129 2329 2199 πὰς,
2367 2129 2611 2203 μερικάς,
2647 2131 2760 2182 οἷον
2797 2128 2940 2196 ζωὴν
2990 2127 3078 2182 καὶ
3131 2128 3348 2205 σοφίαν,
3381 2129 3470 2183 καὶ
3523 2129 3686 2205 λόγον
3726 2150 3738 2161 ·
3771 2130 3868 2184 καὶ

2207 2216 2376 2271 πάντα
2410 2217 2506 2290 μὲν
2537 2219 2637 2293 γὰρ
2669 2218 2735 2271 τὰ
2767 2213 2895 2272 ὄντα
2943 2214 3014 2271 δι’
3045 2218 3357 2293 ἀγαθότητα
3405 2221 3540 2274 Θεοῦ
3589 2221 3864 2295 παρήχθη

2205 2306 2341 2382 πρὸς
2373 2305 2621 2377 ὕπαρξιν,
2653 2306 2742 2361 καί
2791 2307 2922 2360 εἰσιν
2980 2307 3167 2380 ἀγαθὰ,
3203 2304 3326 2376 ἤτοι
3377 2305 3522 2362 καλᾶ
3567 2306 3692 2363 λίαν
3729 2329 3742 2342 ·
3800 2309 3866 2363 οὗ

2206 2396 2380 2450 πάντα
2413 2393 2471 2450 δὲ
2506 2398 2648 2465 ζωῆς
2677 2397 2713 2464 ἢ
2747 2395 2915 2472 λόγου
2946 2397 2980 2465 ἢ
3017 2394 3207 2473 σοφίας
3259 2397 3551 2470 μετέχουσι
3585 2416 3599 2429 '
3638 2395 3725 2452 διὸ
3768 2399 3870 2460 τὰς

2206 2485 2460 2549 τοιαύτας
2490 2484 2801 2558 ἐπωνυμίας
2832 2485 2967 2541 κατά
3025 2482 3440 2554 ἀντιδιαστολὴν
3499 2492 3600 2555 τῆς
3666 2507 3868 2542 παντε-

2207 2574 2340 2638 λοῦς
2380 2575 2638 2637 τέθεικεν.
2695 2573 3061 2651 Ὁλικωτέρας
3106 2572 3162 2630 δέ
3212 2596 3343 2652 φησι
3372 2574 3466 2636 τὰς
3527 2574 3614 2630 ἐπὶ
3669 2573 3870 2630 πλειό-

2206 2686 2311 2719 νων
2347 2663 2750 2738 θεωρουμένας,
2781 2669 2896 2720 οἷον
2928 2667 3073 2735 ζωήν
3110 2683 3123 2697 ·
3157 2665 3343 2739 φθάνει
3392 2665 3495 2741 γὰρ
3545 2664 3633 2720 ἰπὶ
3683 2671 3871 2743 φυτῶν

2206 2754 2296 2808 καὶ
2332 2755 2503 2823 ζώων,
2539 2753 2776 2829 λογικῶν
2807 2775 2865 2809 τε
2894 2754 2984 2808 καὶ
3014 2752 3228 2830 ἀλόγων
3265 2772 3277 2786 ’
3312 2754 3470 2830 σοφία
3515 2751 3572 2809 δί
3618 2755 3708 2809 καὶ
3764 2754 3869 2810 λό-

2208 2865 2306 2917 γος
2361 2842 2762 2918 μιρικώτεραι·
2815 2843 2902 2898 ἐπὶ
2961 2839 3139 2916 μόνων
3190 2842 3290 2919 γὰρ
3347 2840 3579 2919 λογικῶν
3633 2844 3871 2920 ὁρῶνται

2206 2953 2394 2988 ταυτα.

2282 3113 2439 3181 §IIL
2502 3113 2599 3165 Καὶ
2649 3119 2749 3180 τῆς
2813 3116 2959 3182 ζωῆς
3044 3113 3145 3181 τὴν
3201 3111 3416 3185 σοφίαν.
3478 3113 3875 3190 Ἀσαφέστερόν

2209 3221 2326 3261 πως
2409 3198 2733 3274 ἐγκειμένης
2788 3207 2886 3268 τῆς
2948 3199 3178 3275 ῥήσεως,
3241 3200 3395 3272 οἶμαι
3448 3200 3510 3254 τὸ
3564 3199 3872 3274 λεγόμενον

2207 3286 2452 3344 τοιοῦτόν
2479 3309 2599 3342 τινα
2629 3293 2749 3343 νοῦν
2787 3287 3100 3365 ὑποφαίνειν
3128 3307 3140 3320 ·
3177 3287 3251 3350 ὥς
3280 3309 3426 3350 τινος
3451 3288 3873 3364 έπαποροῦντος

2205 3378 2296 3433 καὶ
2339 3376 2592 3452 λέγοντος
2628 3397 2640 3409 ·
2675 3377 2773 3432 Διὰ
2801 3377 2875 3445 τί,
2907 3381 3004 3432 τοῖ’)
3039 3377 3304 3449 ὀνόματος
3335 3377 3500 3436 αὑτοῦ
3548 3377 3644 3432 τοῦ
3704 3375 3871 3442 ὄντος

2208 3465 2570 3541 ὑπερέχοντος
2616 3473 2715 3536 τῆς
2779 3472 2925 3535 ζωῆς
2971 3468 3069 3534 τὴν
3123 3465 3512 3541 προσηγορίαν,
3545 3467 3634 3521 καὶ
3695 3467 3873 3523 πάλιν

2207 3561 2302 3610 τοῦ
2333 3556 2601 3628 ὀνόματος
2626 3563 2724 3625 τῆς
2759 3559 2904 3625 ζωῆς
2938 3556 3332 3630 ὑπεραίροντος
3386 3556 3486 3623 τὴν
3519 3556 3736 3630 σοφίαν,
3775 3559 3873 3612 ἅτε

2206 3645 2296 3700 καὶ
2325 3651 2424 3713 τῆς
2457 3645 2656 3716 τάξεως
2687 3649 2848 3700 τοῦτο
2885 3645 3245 3715 ἀπαιτούσης,
3278 3646 3351 3706 ὡς
3399 3645 3489 3700 καὶ
3542 3645 3703 3708 αὐτὸς
3755 3649 3870 3723 πρὸ

2213 3735 2463 3809 βραχέως
2494 3731 2768 3804 ἐδήλωσεν
2818 3733 3009 3804 εἷ’πὼν,
3041 3733 3132 3789 καὶ
3183 3735 3266 3806 ὃν,
3297 3733 3386 3789 καὶ
3436 3737 3604 3806 ζωὴν,
3637 3735 3727 3790 καὶ
3787 3758 3881 3792 σο-

2209 3824 2332 3900 φίαν
2363 3823 2460 3891 τήν
2495 3823 2833 3890 οὐσιοποιὸν,
2863 3823 2954 3877 καὶ
2989 3824 3280 3894 ζωοποιὸν,
3312 3823 3402 3878 καὶ
3453 3821 3753 3900 σοφοδότιν
3795 3825 3884 3880 αἷ-

2206 3911 2320 3965 τίαν
2348 3915 2454 3966 τῶν
2491 3911 2697 3984 οὐσίας,
2728 3912 2815 3966 καὶ
2879 3916 3046 3982 ζωῆς,
3080 3911 3171 3966 καὶ
3224 3916 3337 3979 νοῦ,
3370 3912 3459 3967 καὶ
3516 3911 3692 3988 λόγου
3749 3936 3892 3986 μετ-

2209 3999 2538 4075 ειληφότων,
2587 4001 2677 4055 καὶ
2727 4001 3052 4071 αἰσθήσεως,
3085 4000 3264 4056 οὑκέτι
3309 4002 3409 4070 τὴν
3468 4003 3616 4073 τάξιν
3666 4003 3886 4073 ταύτην

2211 4090 2422 4163 ὁρῶμεν
2466 4088 2518 4143 ἐν
2579 4095 2696 4151 τοῖς
2729 4089 2845 4144 οὖσι
2876 4109 2889 4158 ;
2925 4088 3044 4144 δέον
3067 4089 3168 4166 γὰρ
3199 4091 3334 4145 κατά
3362 4089 3491 4154 τοὺς
3543 4090 3887 4164 εἰρημένους

2213 4179 2313 4232 ὑπὸ
2372 4183 2466 4232 σοῦ
2530 4177 2797 4253 βαθμοὺς,
2828 4181 2893 4233 τὰ
2954 4175 3082 4233 ὄντα
3133 4177 3300 4233 πλέον
3362 4184 3466 4233 τῶν
3503 4179 3753 4248 ζώντων,
3791 4182 3889 4236 καὶ

2207 4272 2314 4322 τῶν
2376 4267 2804 4340 αἰσθανομένων,
2853 4268 2943 4322 καὶ
3004 4272 3110 4322 τῶν
3171 4272 3394 4342 νοερῶν,
3454 4268 3546 4322 καὶ
3602 4265 3884 4343 λογικῶν,

2207 4357 2449 4410 τουτέστι
2479 4360 2575 4410 τοῦ
2608 4360 2708 4411 νοῦ
2737 4356 2828 4410 καὶ
2873 4354 3039 4431 λόγου
3076 4355 3512 4434 μιτειληφότων,
3540 4355 3883 4428 πλησιάζειν

2209 4449 2326 4515 Θεῷ
2359 4463 2372 4476 ·
2416 4445 2596 4499 οὐκέτι
2648 4446 2742 4518 μὶν
2805 4444 2999 4517 οὕτως,
3035 4445 3085 4516 ἐξ
3143 4445 3385 4500 έναντίοδ
3429 4443 3486 4500 δέ
3545 4445 3713 4516 ἔστιν,
3756 4452 3885 4502 οἷον

2209 4533 2456 4609 οὐρανοῦ,
2484 4534 2573 4589 καὶ
2608 4535 2848 4608 ἄστρων,
2879 4536 2970 4588 καὶ
3000 4541 3128 4609 γῆς,
3162 4534 3251 4589 καὶ
3297 4531 3514 4603 ὕδατος,
3546 4536 3638 4590 καὶ
3690 4536 3887 4613 ἀέρος,

444 4623 594 4695 ipsis
617 4624 904 4691 oriuntur,
937 4624 1237 4678 vicinioria
1268 4627 1408 4677 sunt
1438 4622 1591 4677 circa
1639 4623 1737 4677 Dei
1784 4625 2095 4695 providen-

2208 4623 2293 4677 καὶ
2351 4627 2459 4678 τῶν
2506 4623 2556 4692 ἐξ
2608 4623 2781 4677 αὐτῶν
2853 4623 3222 4698 πλησιαίτερα
3265 4625 3389 4698 περὶ
3447 4625 3550 4694 τήν
3603 4626 3887 4700 πρόνοιαν

444 4714 590 4768 tiam
623 4729 690 4767 ea
718 4729 843 4784 quae
875 4712 1096 4780 vivunt,
1131 4712 1238 4766 etsi
1266 4712 1383 4766 vita
1422 4713 1746 4783 vegetativa
1782 4714 1998 4779 vivant,
2035 4718 2098 4768 ut

444 4802 657 4875 plantae
684 4807 739 4856 et
761 4802 997 4871 similia,
1019 4801 1465 4872 viventibusque
1487 4802 1769 4856 viciniora
1800 4806 1938 4857 sunt
1969 4819 2096 4858 sen-

446 4892 598 4961 silia,
633 4892 688 4946 id
711 4895 801 4946 est
829 4891 1074 4946 rationis
1120 4892 1401 4961 expertia;
1449 4890 1666 4962 plantis
1692 4891 1847 4946 enim
1873 4909 1937 4947 ac
1962 4891 2095 4947 her-

443 4981 555 5048 bis,
591 4982 934 5053 pretiosiora
964 4985 1101 5036 sunt
1131 4980 1188 5035 in
1235 4980 1351 5034 vita
1383 4981 1609 5036 ratione
1640 4982 1916 5051 carentia,
1949 4998 2096 5052 qua-

443 5075 619 5125 tenus
654 5071 824 5126 etiam
849 5075 1079 5126 tantum
1114 5070 1376 5124 sentiunt
1411 5070 1629 5140 plantis
1661 5071 1805 5124 nihil
1840 5074 2095 5125 sentien-

444 5160 626 5228 tibus;
664 5177 792 5230 qua:
824 5165 1018 5216 autem
1055 5159 1279 5213 ratione
1331 5163 1578 5213 utuntur
1624 5159 1906 5214 viciniora
1955 5164 2096 5214 sunt

441 5253 558 5304 Deo
590 5249 932 5319 sensilibus,
982 5247 1397 5303 rationabilius
1439 5264 1572 5302 vero
1622 5253 1871 5314 mentes,
1905 5248 1961 5302 id
2007 5253 2098 5304 est

441 5337 774 5410 BUperiores
807 5339 1027 5392 mundo
1044 5336 1310 5404 virtutes,
1335 5341 1399 5393 ut
1421 5336 1589 5391 nobis
1611 5337 1710 5408 qui
1736 5337 1958 5392 ratione
1982 5338 2096 5392 uti-

443 5444 580 5484 mur
610 5427 966 5499 superiores,
989 5425 1487 5484 immaterialitate
1528 5431 1705 5497 atque
1727 5426 2093 5499 intelligendi

2206 4715 2302 4765 τοῦ
2335 4715 2468 4765 Θεοῦ
2508 4711 2575 4764 τὰ
2618 4715 2812 4780 ζῶντα,
2846 4711 2891 4765 εἷ
2930 4713 3018 4766 καὶ
3069 4713 3169 4780 τήν
3214 4713 3442 4789 φυτικὴν
3510 4717 3641 4781 ζῶσι
3697 4716 3890 4784 ζωὴν,

2208 4800 2295 4853 οἶα
2341 4800 2408 4852 τὰ
2450 4799 2586 4876 φυτὰ
2632 4799 2721 4854 καὶ
2767 4800 2833 4855 τὰ
2880 4805 3123 4871 τοιαῦτα,
3161 4801 3250 4855 καὶ
3301 4805 3408 4856 τῶν
3451 4801 3670 4869 ζώντων
3713 4821 3883 4874 πλη-

2207 4889 2448 4963 σιαίτερα
2476 4889 2542 4942 τὰ
2573 4887 2881 4961 αἰσθητικὰ,
2910 4888 3156 4943 τουτέστι
3218 4889 3286 4943 τὰ
3337 4887 3516 4963 ἄλογα
3550 4909 3563 4922 ·
3596 4894 3708 4945 τῶν
3771 4895 3884 4968 γὰρ

2207 4982 2384 5056 φυτῶν
2434 4977 2523 5031 καὶ
2588 4979 2829 5052 βοτανῶν
2880 4979 3184 5050 τιμιώτερα
3239 4976 3290 5032 ἐν
3363 4981 3476 5052 ζωῇ
3536 4977 3604 5033 τὰ
3657 4978 3881 5055 ἄλογα,

2204 5069 2322 5130 καθ’
2353 5065 2381 5119 ὃ
2411 5063 2506 5120 κᾶν
2545 5067 2706 5139 μόνον
2739 5066 3120 5137 αἰσθάνωνται,
3151 5071 3259 5121 τῶν
3301 5071 3481 5144 φυτῶν
3539 5068 3616 5140 μὴ
3676 5069 3892 5124 αῗσοα-

2204 5155 2443 5228 νομένων
2480 5175 2492 5186 ’
2525 5161 2632 5210 τῶν
2696 5153 2752 5209 δὲ
2808 5155 3136 5226 αἰσθητικῶν
3194 5155 3454 5231 ἐγγύτερα
3496 5161 3576 5228 τῷ
3631 5163 3758 5230 Θεῷ
3820 5159 3894 5215 τὰ

2207 5243 2400 5318 λογικά
2436 5264 2450 5278 ⁸
2478 5248 2584 5299 τῶν
2639 5242 2696 5299 δὲ
2749 5243 2982 5318 λογικῶν
3020 5247 3073 5299 o't
3101 5246 3244 5313 νόες,
3275 5245 3550 5300 τουτέστιν
3615 5246 3670 5300 αἱ
3731 5248 3882 5323 ὑπὲρ

2204 5333 2426 5405 κόσμιοι
2456 5332 2731 5407 δυνάμεις,
2766 5334 2841 5396 ὡς
2882 5336 3042 5405 ἡμῶν
3086 5339 3194 5388 τῶν
3259 5331 3500 5409 λογικῶν
3566 5335 3885 5414 ἀνώτεραι,

2205 5426 2341 5481 κατὰ
2368 5427 2431 5480 τὸ
2463 5424 2627 5481 ἅϋλον
2677 5426 2766 5480 καὶ
2816 5426 3002 5501 νοερὸν
3053 5424 3358 5505 έγγίζουσαι
3421 5423 3639 5500 μᾶλλον
3701 5429 3887 5501 ἡμῶν

1437 5606 1685 5664 νΑΡιιλΕ
1724 5607 2116 5666 LECTIONES
2155 5608 2244 5666 ET
2280 5607 2833 5672 CORRECTIONES.

517 5735 560 5772 ³⁷
592 5730 912 5808 ὁμοούσιον.
