4080 6366
221 382 316 436 313
957 387 1016 438 S.
1058 387 1328 440 MAXIMI
1365 383 1668 439 SCHOLIA
1706 385 1780 436 IN
1820 384 1952 436 LIB.
1993 386 2089 438 DE
2127 387 2401 441 DIVINIS
2439 388 2852 446 NOMINIBUS.

3506 397 3610 451 314

219 507 293 574 τῷ
324 505 438 573 Θεῷ
463 521 478 536 ⁸
512 501 686 556 καίτοι
719 499 829 556 ἔδει
854 503 917 557 τὸ
949 503 1188 559 ἐναντίον
1218 506 1285 559 τὰ
1324 502 1451 559 ὄντα
1479 503 1568 558 καὶ
1595 503 1854 576 μειζόνων

1974 507 2248 563 facultate
2281 516 2421 564 sunt
2445 510 2611 565 nobis
2635 513 2749 568 Deo
2771 513 2970 568 vicinae
2997 515 3213 587 magis;
3259 518 3423 589 atqui
3444 535 3612 590 opor-

223 589 429 665 δωρεῶν
485 589 831 646 ἀπολαύοντα
891 597 986 647 τοῦ
1039 597 1172 647 Θεοῦ
1225 593 1355 668 ὑπὲρ
1411 594 1478 648 τὸ.
1504 591 1648 647 ἄλλα
1702 592 1854 662 εἶναι,

223 683 327 735 οἷον
357 680 448 734 τὸν
483 680 734 754 οὐρανὸν,
763 683 829 736 τὰ
861 683 1027 758 ἄστρα
1065 682 1155 736 καὶ
1195 683 1262 736 τὰ
1302 687 1545 737 τοιαῦτα.
1577 683 1675 736 Καὶ
1719 680 1852 751 αὕτη

227 771 311 842 μὶν
355 772 388 838 ἡ
442 769 778 847 ἐπαπόρησις
815 790 826 802 ·
866 770 1059 826 λοιπὸν
1118 769 1208 826 οὖν
1261 771 1607 848 ἀποκρίνεται
1642 772 1668 825 ὁ
1712 777 1853 834 θεῖος

224 858 487 921 Διονύσιος
537 858 594 913 ἐκ
649 864 746 914 τοῦ
786 864 903 934 νοῦ,
934 861 1022 915 καὶ
1063 866 1157 916 τοῦ
1192 861 1388 936 λόγου,
1417 861 1506 916 καὶ
1536 867 1635 929 τῆς
1669 859 1858 929 αἰσθή-

224 969 344 1009 σεως
400 948 520 1001 καθ’
573 944 834 1004 ὑπόϐασιν
894 952 980 1005 καὶ
1043 952 1138 1012 τας
1193 953 1554 1025 προτιμήσεις
1601 952 1806 1004 τάττων
1839 968 1850 980 °

223 1037 378 1099 οὕτως
411 1037 660 1110 εὑρήσεις
696 1038 831 1112 μετᾶ
865 1039 987 1112 μίαν
1023 1038 1230 1097 σελίδα.

284 1126 466 1182 Καίτοι
526 1121 635 1182 ἔδει
695 1129 760 1182 τὰ
806 1133 914 1183 τῶν
977 1131 1265 1202 μειζόνων.
1316 1128 1576 1197 Μείζονας
1650 1125 1854 1202 δωρεάς

223 1235 340 1291 φησι
373 1214 465 1276 τὰς
497 1215 585 1270 ἐπὶ
637 1216 882 1272 πλεόνων
937 1217 1335 1294 Οεωρουμένας,
1371 1220 1484 1273 οἷον
1543 1218 1604 1271 τὸ
1657 1216 1714 1271 ὃν
1766 1215 1855 1270 καὶ

224 1306 311 1374 τὴν
345 1306 489 1375 ζωήν
527 1326 539 1338 ·
571 1303 718 1360 ἀλλά
765 1307 829 1361 τὰ
877 1307 1082 1363 τούτων
1144 1307 1307 1381 μόνον
1345 1309 1644 1382 μετέχοντα
1677 1306 1779 1360 οὐκ
1804 1305 1852 1359 ἐν

220 1393 445 1466 πρώτοις
476 1394 569 1448 καὶ
619 1395 943 1470 κρείττοσιν,
974 1395 1101 1452 ἀλλ’
1134 1397 1185 1451 ἐν
1239 1403 1355 1460 τοῖς
1405 1397 1624 1466 ἥττοσιν
1682 1397 1854 1471 ὁρῶν-

218 1502 316 1554 ται,
348 1479 536 1552 ἐπειδὴ
585 1484 653 1538 τὰ
713 1486 808 1558 μὲν
853 1487 1209 1562 ὑπερέχοντα,
1245 1487 1334 1541 καὶ
1389 1487 1486 1549 τὰς
1538 1491 1643 1541 τῶν
1707 1484 1854 1561 ὑιρει-

223 1572 383 1644 μένων
415 1567 641 1647 ἔχουσιν
674 1572 951 1646 ἰδιότητας
975 1581 1071 1630 τοῦ
1103 1577 1259 1646 εἶναι,
1289 1580 1386 1630 τοῦ
1429 1580 1547 1650 ζῇν,
1581 1574 1669 1629 καὶ
1722 1573 1858 1627 κατὰ

217 1664 363 1714 τοῦτο
393 1661 702 1734 κρείττονα,
735 1663 787 1717 εἴ
813 1665 900 1719 καὶ
952 1661 1040 1718 διὰ
1091 1663 1470 1739 μερικωτέρων
1529 1662 1854 1734 ἐπωνυμιῶν

219 1750 546 1822 σημαίνοντα
572 1770 584 1784 ⁸
617 1752 686 1806 τὰ
719 1750 774 1806 δὲ
803 1758 909 1807 τῶν
945 1752 1289 1830 ὁλικωτέρων
1324 1754 1388 1808 οὐ
1441 1755 1731 1827 μετέχουσι
1757 1757 1858 1834 τῆς

217 1843 311 1893 τῶν
361 1842 692 1914 κρειττόνων
738 1841 1037 1914 ἰδιότητος,
1086 1845 1329 1899 τουτέστι
1377 1843 1588 1920 σοφίας,
1620 1842 1706 1897 καὶ
1761 1837 1857 1893 λό-

218 1949 307 2002 γου
359 1930 451 1983 καὶ
528 1931 855 2005 νοερότητος
885 1952 896 1965 ·
957 1935 1048 1987 καὶ
1103 1932 1238 1988 κατὰ
1289 1937 1448 1988 τοῦτο
1497 1933 1720 2002 ἥττονα,
1781 1927 1854 1990 ὡς

217 2017 470 2090 ἡττόνων,
506 2017 683 2096 ἤγουν
716 2021 1066 2099 ὀλιγωτέρων
1123 2020 1341 2097 δωρεῶν
1395 2023 1717 2097 μετέχοντα,
1749 2017 1853 2074 ὥσ-

217 2128 304 2182 περ
351 2107 441 2162 οὖν
497 2110 567 2164 τὰ
609 2106 783 2188 ἔτερα,
835 2111 910 2174 ὠς
951 2111 1242 2182 πλειόνων,
1289 2113 1378 2166 καὶ
1426 2113 1714 2187 κρείττονα
1766 2108 1855 2163 καὶ

216 2201 318 2268 Θεῷ
347 2194 740 2272 πλησιαίτερα.

277 2286 372 2342 Καὶ
431 2292 600 2357 ζῶσιν
664 2292 793 2366 ὑπὲρ
839 2293 907 2347 τὰ
961 2289 1125 2347 ἄλλα.
1186 2294 1310 2348 ’Ότι
1369 2294 1436 2346 τὰ
1497 2288 1857 2366 ὑπερκείμενα

214 2377 292 2428 καὶ
326 2375 545 2448 μᾶλλον
580 2384 696 2451 Θεῷ
726 2380 1099 2453 πλησιάζοντα
1129 2382 1345 2456 λέγεται
1403 2379 1576 2436 πλέον
1629 2383 1723 2453 ζῇν
1751 2384 1858 2432 τῶν

218 2461 661 2539 ὕποϐεϐηκότων,
695 2473 810 2526 οἷον
841 2473 892 2527 οἱ
925 2474 1061 2527 θεῖοι
1111 2471 1227 2534 νόες
1280 2472 1409 2546 ὑπὲρ
1465 2473 1611 2543 ἡμᾶς
1669 2474 1852 2537 ζῶσιν,

219 2553 283 2616 ὠς
317 2555 535 2628 μᾶλλον
571 2558 688 2633 Θεῷ
716 2561 1131 2632 πΛησιάζοντες.
1167 2558 1338 2618 Πάλιν
1368 2563 1533 2633 ἡμεῖς
1582 2559 1657 2621 ὠς
1705 2555 1860 2633 λογι-

216 2644 312 2714 κοὶ,
342 2648 448 2699 τῶν
485 2645 704 2722 ἀλόγων
735 2650 901 2704 πλέον
927 2649 1201 2723 λεγόμεθα
1233 2653 1345 2723 ζῇν·
1371 2648 1537 2703 πάλιν
1567 2647 1634 2701 τὰ
1664 2645 1861 2721 ἄλογα,

219 2731 284 2794 ὠς
316 2733 570 2806 αἶ’σθησιν
601 2736 818 2812 ἔχοντα,
850 2736 1016 2793 πλέον
1054 2743 1118 2812 ζῇ
1150 2743 1256 2794 τῶν
1308 2742 1512 2816 φυτῶν,
1544 2735 1619 2798 ὠς
1672 2733 1861 2806 αἶ’σθη-

217 2843 288 2876 σιν
321 2824 395 2896 μὴ
427 2824 703 2901 ἐχόντων,
733 2826 877 2884 ἀλλά
910 2831 1081 2902 μόνην
1117 2830 1217 2898 τὴν
1252 2829 1479 2906 φυτικὴν
1514 2827 1680 2896 ζωήν.

276 2915 423 2982 §IV.
458 2917 527 2968 Ὅ
587 2914 659 2972 ὢν
718 2916 852 2972 ὅλου
897 2922 993 2973 τοῦ
1042 2918 1195 2975 εἶναι.
1230 2918 1305 2975 Τὸ
1337 2918 1418 2989 ὃν,
1453 2915 1539 2971 ἐπὶ
1585 2917 1681 2970 τοῦ
1731 2918 1862 2969 Θεοῦ

218 2999 538 3077 λεγόμενον,
575 3003 710 3061 ὅλου
739 3002 1064 3079 συλλήϐδην
1093 3011 1190 3062 τοῦ
1221 3007 1354 3062 εἶναι
1401 3007 1671 3082 ὑπέρεστι’
1703 3007 1863 3059 τοῦτο

218 3092 310 3166 γάρ
359 3117 527 3171 φησιν
583 3097 926 3171 ὑπερούσιον,
985 3097 1101 3152 ἀντὶ
1159 3101 1254 3152 τοῦ
1305 3096 1436 3173 ὑπὲρ
1465 3097 1527 3151 τὸ
1558 3095 1610 3150 ἐν
1663 3095 1862 3170 γενέσει

216 3176 314 3236 ὅν·
367 3186 430 3239 τὸ
495 3186 597 3260 γὰρ
675 3185 732 3240 ὃν
808 3186 1000 3241 οὐσία·
1064 3187 1168 3242 ἀπὸ
1244 3188 1345 3262 γὰρ
1428 3190 1525 3240 τοῦ
1609 3184 1863 3239 εἶναιτὸ

1965 596 2124 651 tebat
2155 597 2536 664 contrarium,
2570 599 2852 656 nimirum
2884 620 2975 658 res
3017 621 3143 676 qua:
3163 607 3488 674 majoribus
3512 609 3613 664 Dei

1965 686 2135 741 donis
2185 688 2462 743 fruuntur
2491 689 2625 744 aliis
2655 692 2933 756 eminere,
2967 693 3143 749 veluti
3191 697 3423 767 coelum,
3456 703 3614 753 astra

1965 791 2029 829 ac
2061 775 2300 844 similia,
2323 782 2498 848 atque
2519 778 2625 833 hoc
2645 779 2881 850 quidem
2906 782 3184 852 dubium;
3209 793 3410 855 postea
3433 786 3614 858 igitur

1965 864 2277 932 respondet
2307 865 2540 920 divinus
2572 866 2887 935 Dionysius
2937 884 3007 923 ex
3055 875 3270 935 mente,
3299 877 3357 927 et
3387 875 3612 930 ratione

1964 955 2021 1005 et
2047 968 2246 1017 sensu,
2281 953 2337 1007 in
2373 955 2660 1010 descensu
2692 956 2866 1010 etiam
2902 958 3270 1028 prastantias
3300 963 3612 1031 ordinans;

1964 1039 2049 1095 ita
2081 1041 2331 1112 reperies
2363 1051 2493 1113 post
2525 1061 2700 1099 unam
2733 1045 3030 1116 paginam.

2036 1129 2202 1202 Atqui
2227 1131 2447 1187 decebat
2470 1149 2539 1188 ea
2567 1149 2692 1206 quae
2721 1136 2955 1203 maiora.
3006 1137 3227 1209 Majora
3269 1139 3423 1196 dona
3450 1147 3618 1197 vocat

1968 1235 2098 1290 quae
2147 1220 2207 1274 in
2258 1221 2524 1293 pluribus
2563 1231 2898 1292 cernuntur,
2932 1230 2997 1280 ut
3027 1243 3156 1282 esse
3204 1231 3261 1282 et
3299 1230 3524 1298 vivere;
3559 1237 3619 1286 at

1969 1325 2094 1379 quae
2127 1309 2218 1364 his
2250 1314 2479 1365 tantum
2513 1312 2884 1387 participant,
2916 1331 3031 1368 non
3066 1319 3202 1369 sunt
3229 1316 3285 1371 in
3320 1318 3528 1388 primis
3560 1323 3619 1374 et

1967 1399 2492 1469 praestantioribus,
2525 1418 2727 1456 verum
2760 1402 2818 1456 in
2851 1402 3153 1467 vilioribus
3183 1407 3568 1462 advertuntur
3601 1427 3614 1463 :
3682 1419 3689 1425 '

1967 1489 2242 1559 quoniam
2292 1506 2423 1560 quae
2469 1490 2763 1545 excellunt
2789 1491 3006 1547 habent
3053 1494 3226 1548 etiam
3271 1495 3615 1552 inferiorum

1967 1579 2347 1650 prOprietates
2403 1582 2743 1651 exsistendi,
2777 1583 3028 1650 vivendi,
3061 1589 3118 1639 et
3165 1585 3222 1639 in
3274 1586 3382 1642 hoc
3431 1587 3617 1644 excel-

1971 1667 2120 1736 lunt,
2141 1669 2252 1724 etsi
2285 1669 2386 1724 illa
2417 1671 2604 1742 magis
2635 1672 3088 1743 particularibus
3119 1675 3490 1731 declarentur
3519 1695 3618 1746 ap-

1969 1757 2418 1829 pellationibus;
2445 1760 2564 1814 haec
2591 1777 2726 1816 vero
2757 1762 3216 1832 generalioribus
3240 1782 3353 1819 non
3377 1767 3619 1836 partici-

1969 1852 2111 1918 pant
2141 1849 2545 1920 superioribus
2590 1851 3070 1922 proprietatibus,
3103 1852 3159 1906 id
3191 1858 3281 1907 est
3310 1854 3617 1925 sapientia,

1967 1942 2023 1993 et
2043 1938 2268 1994 ratione
2289 1942 2347 1994 et
2367 1939 2881 2010 intellectu,atque
2901 1939 3116 1996 idcirco
3147 1941 3424 1998 inferiora
3455 1948 3615 2011 sunt,

1967 2031 2032 2083 ut
2064 2028 2395 2084 minoribus
2427 2045 2528 2084 seu
2562 2029 2940 2100 paucioribus
2972 2030 3142 2085 donis
3183 2031 3618 2103 participantia,

1967 2119 2463 2188 quemadmodum
2488 2118 2622 2187 alia,
2646 2118 2995 2189 utpluribus
3029 2118 3621 2193 participantia,pra3-

1969 2208 2254 2263 stautiora
2286 2213 2426 2264 sunt
2455 2213 2630 2280 atque
2662 2210 2776 2265 Deo
2807 2209 3108 2265 viciniora.

2043 2299 2412 2354 Excellentius
2459 2313 2584 2369 qua?
2630 2301 2816 2354 vivant
2846 2298 2995 2354 aliis.
3029 2299 3343 2370 Superiora
3390 2319 3455 2356 ac
3505 2303 3621 2358 Deo

1969 2385 2204 2458 propria
2234 2387 2376 2443 dicit
2408 2388 2598 2460 magis
2627 2388 2819 2443 vivere
2850 2387 3242 2457 inferioribus,
3276 2389 3451 2446 veluti
3483 2392 3624 2446 divi-

1973 2494 2059 2530 nae
2092 2482 2318 2532 mentes
2350 2478 2724 2548 praestantius
2745 2478 2913 2532 nobis
2936 2478 3231 2548 vivunt,ut
3249 2479 3364 2534 Deo
3385 2481 3623 2552 propio—

1972 2582 2086 2621 res.
2121 2565 2348 2621 Rursus
2389 2584 2496 2622 nos
2540 2572 2604 2621 ut
2651 2568 2876 2622 ratione
2907 2568 3155 2639 praediti,
3187 2570 3441 2624 dicimur
3490 2571 3622 2640 plus

1970 2657 2159 2713 vivere
2190 2658 2410 2724 brutis;
2445 2659 2654 2713 iterum
2687 2660 2880 2728 bruta,
2917 2664 2981 2713 ut
3006 2676 3183 2715 sensu
3216 2661 3623 2732 praedita,plus

1971 2744 2176 2800 vivunt
2233 2745 2470 2815 plantis,
2518 2749 2714 2817 utpote
2773 2762 2949 2801 sensu
3009 2747 3332 2818 destitutis,
3379 2749 3622 2819 solaque

1971 2833 2090 2889 vita
2117 2835 2444 2906 vegetativa
2472 2835 2800 2890 instructis.

2042 2924 2191 2993 §IV.
2227 2924 2333 2992 Qui
2379 2928 2458 2980 est
2506 2925 2671 2980 totius
2719 2941 2849 2981 esse.
2893 2926 3055 2991 Quod
3105 2930 3194 2981 est
3241 2928 3312 2981 de
3360 2927 3474 2982 Deo
3534 2929 3623 2982 di-

1974 3018 2412 3084 ctum,superat
2441 3017 2628 3069 totum
2664 3015 2815 3086 quod
2849 3019 2938 3068 est
2965 3013 3262 3070 collective
3292 3020 3623 3086 sumptum;

1974 3103 2084 3159 hoc
2139 3103 2294 3158 enim
2355 3103 2551 3174 inquit
2606 3103 3207 3175 supersubstantiale,
3271 3122 3374 3176 pro
3449 3122 3629 3176 supra

1976 3210 2082 3248 ens
2113 3194 2462 3264 productum
2490 3213 2502 3262 ;
2534 3210 2637 3248 ens
2669 3194 2825 3248 enim
2871 3193 3126 3248 essentia
3158 3210 3171 3248 :
3225 3211 3360 3249 nam
3394 3195 3466 3250 ab
3498 3211 3629 3250 esse

217 3271 380 3351 ὄνομα
469 3283 747 3354 παρῆκται
835 3284 934 3347 τῆς
1015 3277 1221 3340 οὐσίας.
1258 3259 1339 3333 *Ὁ
1419 3275 1508 3331 οὖν
1583 3276 1732 3346 Θεὸς,
1791 3272 1858 3336 ὠς

1977 3259 2188 3335 nomen
2220 3259 2834 3335 essentia-deductum
2864 3285 2972 3336 est.
2998 3281 3145 3351 Ergo
3177 3281 3351 3351 Deus,
3375 3283 3628 3338 utetiam

797 3365 1181 3441 ὑπερκείμενος
1261 3367 1342 3439 (τὸ
1423 3367 1525 3440 γὰρ
1612 3367 1747 3419 εἶναι
1808 3363 1858 3436 ἔξ

217 3455 379 3519 αῗτίας
409 3456 565 3518 τινὸς
600 3453 766 3527 δηλοῖ
812 3456 888 3518 εἰς
942 3457 1004 3511 τὸ
1037 3459 1169 3512 εἶναι
1202 3456 1476 3530 ἀχθῆναι),
1507 3453 1578 3508 ὣν
1627 3455 1862 3529 ὑπερθυ-

219 3545 336 3608 σίως
364 3551 594 3601 νοεῖται·
630 3543 714 3600 διὸ
744 3545 833 3601 καὶ
862 3544 996 3600 αἷὼν
1031 3544 1246 3621 λέγεται
1279 3548 1413 3599 εἷναι
1441 3548 1550 3600 τῶν
1579 3543 1863 3619 παρηγμέ-

221 3658 314 3691 νων
352 3638 443 3691 ὑπ⁹
479 3635 644 3690 αὐτοῦ
674 3634 906 3690 αΐώνωψ
930 3634 1060 3711 ὅπερ
1093 3637 1194 3711 γὰρ
1231 3636 1370 3707 μήὸε
1399 3634 1488 3704 ἦν,
1525 3635 1663 3706 μήτε
1693 3632 1861 3700 ἔσται,

216 3723 483 3781 ἀλλ’ἓστι
532 3726 721 3799 μόνον,
765 3725 924 3780 τοῦτο
983 3726 1149 3787 ἑστὼς
1203 3723 1330 3800 ἔχον
1386 3725 1448 3778 τὸ
1480 3726 1638 3792 εἶναι,
1667 3725 1728 3777 τὸ
1786 3723 1861 3795 μὴ

219 3812 594 3887 μεταϐάλλειν
618 3815 692 3879 εἷς
720 3817 782 3870 τὸ
817 3813 983 3887 ἔσται,
1017 3816 1146 3887 μήτ’
1177 3812 1240 3868 αὖ
1294 3808 1715 3886 μεταϐεϐηκέναι
1757 3812 1862 3866 ἀπὸ

212 3909 301 3957 τοῦ
331 3906 417 3975 [ἦν
457 3903 537 3966 εἷς
566 3906 648 3978 τὸ]
683 3899 816 3974 ἔστι,
849 3904 1011 3958 τοῦτό
1044 3903 1182 3959 ἐστιν
1218 3903 1351 3957 αἰών
1384 3922 1396 3935 ·
1435 3901 1494 3957 οὐ
1539 3902 1640 3977 γὰρ
1695 3902 1862 3974 μόνον

216 3369 295 3420 καὶ
378 3371 482 3421 τοῦ
571 3369 707 3420 εἶναι

213 3993 272 4047 τὰ
295 3990 422 4049 ὄντα
451 3995 628 4049 πάντα
655 3992 738 4049 δεῖ
768 3999 1017 4067 παρεῖναι
1066 3998 1144 4066 τῷ
1188 3994 1344 4048 παντὶ
1403 3993 1490 4047 καὶ
1544 3991 1680 4064 ὅλῳ,
1717 3990 1860 4046 ἀλλὰ

214 4084 385 4139 καὶτὸ
421 4081 594 4159 μηδὲν
629 4088 724 4138 τοῦ
755 4105 886 4138 ποτε
921 4084 994 4158 μὴ
1038 4080 1194 4145 ὄντος
1230 4105 1240 4116 ·
1270 4079 1396 4137 οὐδὲ
1442 4083 1544 4157 γάρ
1594 4102 1643 4135 τι
1688 4100 1859 4155 προσ-

215 4173 422 4248 γέγονεν
489 4173 658 4246 αὐτῷ,
811 4172 868 4228 ὃν
919 4173 1205 4250 πρότερον.
1235 4171 1385 4242 Αὕτη
1438 4169 1527 4226 οὗν
1557 4173 1591 4242 ἡ
1627 4168 1861 4234 διάθεσις

215 4264 291 4316 καὶ
338 4263 498 4342 φύσις
545 4261 775 4319 καλοῖτο
823 4261 905 4335 ἂν,
937 4265 1027 4318 καὶ
1073 4262 1155 4332 εἴη
1200 4261 1332 4333 αἰών
1370 4282 1382 4294 ·
1418 4261 1550 4316 αἷ¹ὼν
1602 4261 1704 4336 γὰρ
1753 4259 1859 4314 ἀπὸ

213 4357 303 4406 τοῦ
331 4353 414 4408 ἀεὶ
443 4350 601 4417 ὄντος
633 4349 865 4428 εἴρηται.
900 4350 972 4406 Ei’
992 4373 1076 4413 τις
1106 4351 1196 4406 οὖν
1231 4349 1372 4406 οὕτω
1414 4352 1505 4406 τὸν
1557 4349 1727 4405 αἰῶνα
1775 4347 1861 4404 λέ-

216 4463 293 4516 γοι
357 4443 506 4512 ζωὴν
567 4440 812 4518 ἄπειρον,
843 4447 921 4515 τῷ
977 4447 1150 4496 πᾶσαν
1211 4439 1319 4511 ἤδη
1349 4443 1507 4512 εἶναι,
1538 4440 1628 4494 καὶ
1691 4436 1860 4512 μηδὲν

219 4529 521 4586 ἀναλίσκειν
554 4531 721 4601 αὐτῆς
751 4536 828 4604 τῷ
871 4529 1332 4607 παρεληλυθέναι,
1372 4527 1502 4603 μηδ’
1541 4527 1604 4584 αὖ
1661 4529 1856 4602 μένειν,

1968 3354 2099 3441 ipso
2131 3385 2259 3424 esse
2291 3369 2557 3440 superior
2587 3372 2721 3438 (esse
2751 3370 2907 3424 enim
2961 3369 3219 3424 declarat
3275 3371 3626 3440 productum

1973 3460 2124 3514 169
2161 3459 2342 3514 fuisse
2373 3460 2445 3514 ab
2478 3457 2677 3529 aliqua
2707 3475 2886 3513 causa
2921 3459 2993 3513 ad
3043 3459 3490 3529 exsistendum),
3525 3459 3627 3530 qui

1974 3553 2083 3617 est,
2107 3565 2288 3620 supra
2305 3546 2626 3603 essentiam
2644 3546 3031 3618 intelligitur;
3065 3547 3195 3603 ideo
3213 3547 3388 3602 etiam
3412 3548 3629 3602 dicitur

1975 3653 2103 3692 esse
2129 3638 2424 3692 aeternitas
2454 3636 2800 3692 saeculorum
2826 3637 2898 3692 ab
2919 3653 2984 3692 eo
3005 3638 3443 3707 productorum;
3469 3640 3624 3709 quod

1975 3725 2128 3780 enim
2163 3744 2348 3798 neque
2373 3731 2518 3793 erat,
2555 3742 2740 3796 neque
2787 3730 2918 3795 erit,
2951 3727 3051 3782 sed
3100 3731 3326 3781 tantum
3375 3731 3484 3793 est,
3517 3727 3624 3782 ha-

1972 3814 2119 3871 bens
2149 3817 2259 3872 hoc
2290 3833 2418 3873 esse
2450 3817 2804 3882 consistens,
2835 3832 2950 3870 non
2999 3816 3212 3871 mutari
3245 3817 3302 3870 in
3336 3816 3622 3885 futurum,

1973 3924 2159 3978 neque
2185 3911 2388 3963 contra
2436 3907 2506 3962 ab
2554 3923 2682 3962 esse
2729 3906 2810 3977 [in
2844 3904 2955 3978 est]
3003 3906 3366 3975 transivisse,
3401 3907 3506 3962 hoc
3537 3913 3626 3962 est

1972 3997 2288 4054 aeternitas.
2323 3997 2447 4051 Non
2479 3997 2633 4050 enim
2665 4000 2898 4049 tantum
2945 3995 3104 4051 entia
3151 3996 3350 4050 omnia
3399 4000 3626 4066 oportet

1972 4088 2177 4142 adesse
2209 4086 2368 4140 omni
2401 4089 2458 4139 et
2486 4084 2614 4151 toti,
2637 4085 2737 4138 sed
2769 4084 2947 4138 etiam
2979 4083 3121 4138 nihil
3155 4085 3283 4153 ejus
3305 4085 3457 4155 quod
3484 4084 3622 4139 alibi

1971 4193 2085 4231 non
2120 4180 2240 4243 est;
2275 4171 2634 4244 nequeenim
2655 4171 2878 4240 aliquid
2912 4171 3025 4240 ipsi
3051 4170 3240 4225 adfuit
3269 4171 3425 4241 quod
3458 4171 3622 4243 prius

1971 4281 2085 4320 non
2115 4265 2346 4319 fuisset.
2382 4263 2510 4316 llaec
2536 4261 2717 4332 igitur
2748 4259 3056 4331 dispositio
3087 4265 3142 4314 et
3175 4264 3404 4328 natura,
3429 4261 3622 4315 vocari

1976 4358 2176 4425 posset
2206 4358 2379 4424 atque
2411 4355 2564 4406 esset
2593 4352 2912 4411 aeternitas;
2957 4346 3088 4400 αἰών
3123 4348 3277 4403 enim
3310 4349 3381 4402 ab
3415 4347 3495 4400 ἀεὶ
3530 4342 3621 4399 ὅν-

1968 4463 2058 4503 τος
2090 4459 2192 4498 seu
2222 4441 2371 4511 quod
2397 4456 2610 4511 semper
2627 4441 2718 4503 sit,
2743 4437 2977 4492 dicitur.
3003 4437 3060 4492 Si
3080 4437 3258 4508 igitur
3273 4435 3490 4508 aliquis
3508 4436 3623 4491 ista

1971 4532 2195 4588 ratione
2245 4530 2458 4587 dixerit
2488 4528 2872 4584 aeternitatem
2903 4529 3081 4583 vitam
3115 4526 3431 4598 infinitam,
3464 4527 3619 4597 quod

219 4621 314 4674 οὐκ
369 4621 429 4675 ἂν
488 4619 574 4690 εἴη
627 4627 770 4676 πᾶσα
797 4641 809 4653 ·
844 4621 1006 4696 ἐγγὺς
1067 4618 1124 4674 δέ
1167 4618 1231 4674 ἃυ
1265 4617 1347 4690 εἷή
1379 4623 1476 4674 τοῦ
1510 4617 1779 4694 ὁρίζεσθαί
1808 4617 1858 4672 τί

1974 4626 2088 4677 tota
2111 4622 2234 4692 jam
2265 4620 2362 4686 sit,
2397 4618 2659 4690 nihilque
2706 4619 2832 4689 ejus
2875 4623 3261 4673 consumatur
3306 4616 3618 4688 praeterito,

218 4708 367 4766 αἰών.
399 4713 609 4768 Ἐκεῖνο
639 4714 768 4785 γοῦν
823 4708 962 4764 ἐστιν
1015 4708 1258 4786 ἄπειρον,
1289 4709 1350 4763 τὸ
1403 4710 1478 4782 μὴ
1527 4708 1806 4764 ἐπιλεῖπον
1844 4729 1856 4742 ’

218 4799 492 4854 καὶτοῦτο
523 4801 748 4874 κυρίως,
782 4802 863 4855 ὅτι
900 4797 1068 4873 μηδὲν
1095 4801 1286 4854 ἑαυτοῦ
1328 4799 1605 4854 ἀναλίσκει
1640 4817 1652 4829 ·
1686 4798 1858 4862 οὕτως

222 4888 305 4943 οὖν
338 4892 365 4944 ὁ
397 4891 528 4952 Θεὸς
554 4890 646 4944 καὶ
698 4889 853 4958 αἰὼν,
884 4890 974 4944 καὶ
1007 4889 1210 4951 αἲῶνας
1256 4893 1454 4944 ποιῶν.
1490 4889 1631 4944 Αἷὼν
1678 4887 1857 4942 τοίνυν

222 4977 354 5034 ἐστὶν
389 4980 450 5035 οὐ
481 4981 543 5035 τὸ
575 4980 956 5053 ὑποκείμενον,
988 4977 1134 5034 ἀλλὰ
1169 4980 1231 5034 τὸ
1273 4977 1323 5049 ἐξ
1373 4978 1536 5032 αὐτοῦ
1579 4983 1674 5032 τοῦ
1723 4979 1860 5032 ὑπο-

222 5069 469 5141 κειμένου
501 5068 786 5142 ἐκλάμπον
821 5088 834 5101 ·
867 5069 936 5123 τὰ
966 5067 1055 5123 οὖν
1082 5069 1254 5138 νοητά
1280 5069 1370 5122 καὶ
1419 5068 1484 5122 τὰ
1526 5069 1601 5139 μὴ
1656 5067 1864 5142 ὁρώμε-

220 5179 280 5210 να
307 5160 440 5213 κατὰ
481 5159 573 5214 τὸν
607 5157 946 5214 ’Λπόστολον
983 5159 1197 5213 αἰώνια·
1232 5157 1450 5212 αἶ’ώνιον
1498 5154 1556 5210 δέ
1613 5157 1716 5211 οὐκ
1764 5157 1863 5210 αὐ-

220 5245 306 5309 τός
349 5246 487 5303 έστιν
535 5249 562 5303 ὁ
603 5247 761 5320 αἰὼν,
793 5245 938 5303 ἀλλὰ
984 5249 1045 5302 τὸ
1090 5247 1284 5309 αἰῶνος
1336 5246 1585 5320 μετέχον,
1617 5248 1861 5300 τουτέστι

219 5343 315 5405 τῆς
373 5335 694 5393 ἀδιαστάτου
745 5339 836 5392 καὶ
896 5335 1124 5413 ἀπείρου
1185 5342 1348 5407 ζωῆς.
1381 5337 1468 5398 Ὡς
1501 5335 1590 5390 οὖν
1622 5335 1708 5389 καὶ
1757 5340 1864 5390 τῶν

225 5426 435 5497 αῗῶνος,
493 5427 738 5483 τουτέστι
797 5432 893 5482 τοῦ
945 5427 1023 5482 ἀεὶ
1087 5422 1242 5489 ὄντος
1320 5425 1684 5502 μετεχόντων,
1743 5427 1864 5488 καθ’

225 5514 519 5588 ὁμοιότητα
538 5516 750 5572 αἰώνων
787 5515 1100 5593 λεγομένων
1133 5516 1369 5588 ποιητὴς
1401 5515 1428 5571 ὁ
1449 5516 1597 5585 Θεὸς,
1624 5534 1862 5585 πεποιη-

295 5731 374 5807 (y)
393 5731 560 5795 Rom.
591 5749 631 5807 ι,
660 5735 751 5792 20.

1970 4727 2159 4782 neque
2191 4715 2394 4765 contra
2427 4710 2624 4764 futuro
2651 4726 2663 4775 ;
2697 4725 2812 4763 non
2841 4707 2996 4763 enim
3021 4713 3177 4763 esset
3193 4711 3347 4762 tota:
3385 4707 3620 4762 accede-

1972 4804 2060 4856 ret
2091 4817 2220 4854 vero
2253 4801 2322 4854 ad
2357 4799 2751 4853 definiendum
2782 4796 2922 4868 quid
2955 4796 3034 4852 sit
3063 4794 3492 4851 aeternitasllla
3517 4794 3621 4863 igi-

1973 4895 2066 4945 tur
2098 4893 2186 4944 est
2217 4888 2470 4954 infinita,
2499 4904 2612 4942 non
2646 4885 2964 4953 deﬁciens;
3019 4891 3192 4956 atque
3223 4885 3332 4938 hoc
3366 4883 3618 4954 proprie,

1971 4979 2106 5049 quia
2137 4978 2282 5032 nihil
2317 4977 2407 5032 sui
2439 4977 2769 5033 consumit:
2800 4975 2882 5029 ita
2915 4975 3097 5046 igitur
3125 4974 3280 5028 Deus
3310 4977 3366 5026 et
3395 4972 3624 5026 aeterni-

1971 5072 2082 5134 tas,
2118 5066 2630 5136 aaternitatumque
2663 5065 2970 5131 conditor;
3011 5079 3146 5133 ergo
3195 5060 3489 5116 aeternitas
3533 5065 3624 5115 est

1971 5174 2088 5212 non
2120 5157 2476 5225 subjectum,
2509 5155 2605 5210 sed
2642 5155 2796 5225 quod
2831 5169 2898 5206 ex
2929 5152 3054 5222 ipso
3087 5151 3350 5220 subjecto
3393 5150 3617 5219 elucet;

1971 5263 2107 5318 ergo
2138 5240 3004 5317 inintelligibiliaetinvisibilia
3024 5239 3349 5295 secundum
3379 5241 3624 5310 Aposto-

1970 5334 2095 5391 lum
2127 5339 2340 5390 (eterna
2363 5335 2462 5406 (y);
2488 5339 2770 5388 alternum
2793 5335 2900 5396 est,
2926 5345 3038 5384 non
3071 5346 3204 5384 vero
3236 5327 3366 5400 ipsa
3396 5328 3625 5383 aeterni-

1971 5429 2085 5493 tas,
2112 5425 2210 5480 sed
2235 5423 2622 5479 aeternitatem
2647 5418 3027 5491 participans,
3052 5418 3109 5474 id
3142 5421 3233 5474 est
3264 5417 3509 5474 minime
3537 5417 3626 5472 di-

1972 5515 2184 5571 stantis
2216 5530 2320 5570 seu
2349 5510 2654 5584 praesentis
2702 5509 3066 5581 inﬁnitaeque
3117 5509 3245 5565 vita:
3306 5508 3620 5580 particeps.
