4080 6366
412 347 517 401 315

1240 351 1603 403 APPENDIX
1644 352 1738 403 AD
1779 350 2016 403 OPERA
2055 352 2113 402 S.
2156 350 2470 404 DIONYSII
2511 351 3009 406 AREOPAGITE.

3729 349 3837 404 316

413 473 924 536 Quemadmodum
961 472 1140 544 igitur
1168 473 1322 528 Deus
1355 475 1619 529 conditor
1660 489 1861 530 eorum
1895 475 2069 529 etiam

2195 473 2333 526 xévui
2389 472 2517 536 τοὺς
2573 471 2769 535 αῗῶνας
2833 475 3049 548 λέγεται
3097 472 3214 527 ἀντὶ
3248 477 3344 527 τοῦ
3382 473 3448 527 τὰ
3477 474 3670 543 νοητὰ,
3704 472 3837 528 αἰὼν

412 579 540 633 qua
563 562 971 632 aeternitatem,
997 562 1051 617 id
1085 568 1174 617 est
1202 562 1349 619 illud
1378 565 1533 637 quod
1567 580 1799 635 semper
1831 568 2075 635 est,par-

410 652 679 722 ticipant,
706 656 762 706 et
780 652 1169 707 similitudine
1202 654 1455 724 quadam
1489 652 2072 709 aaternitatesdicun-

410 745 527 807 tur,
564 742 947 796 aeternitatem
982 758 1213 798 creasse
1244 743 1460 798 dicitur
1510 759 1610 814 pro
1657 741 2071 813 intelligibilia.

412 846 543 885 cum
596 830 676 884 sit
722 846 922 884 eorum
976 834 1289 898 aeternitas,
1324 836 1496 899 atque
1529 836 1940 900 conservator;
1990 830 2076 885 ita

413 920 591 974 etiam
622 925 857 989 tempus
889 920 1106 975 dicitur
1138 921 1237 991 qui
1266 922 1550 992 temporis
1583 937 1813 990 expers,
1839 925 1903 974 ut
1930 925 2075 974 tem-

412 1026 621 1080 porum
654 1017 888 1076 auctor;
924 1012 1078 1080 quod
1113 1010 1267 1064 enim
1301 1010 1361 1064 in
1392 1009 1867 1080 intelligibilibus
1910 1014 2072 1065 aeter-

415 1099 568 1152 nitas
597 1114 698 1152 seu
732 1116 938 1165 aevum,
960 1098 1104 1153 illud
1141 1100 1333 1170 ipsum
1367 1104 1456 1154 est
1486 1099 1541 1153 in
1578 1099 1897 1154 sensilibus
1920 1104 2071 1154 tem-

413 1204 562 1258 pus:
598 1187 752 1241 sicut
782 1188 961 1259 igitur
991 1188 1246 1243 visibilia
1290 1194 1429 1243 sunt
1480 1189 1769 1261 imagines
1801 1187 2073 1243 invisibi-

412 1275 558 1331 lium
590 1282 647 1331 et
683 1276 1169 1347 intelligibilium,
1194 1295 1257 1333 ac
1282 1277 1665 1332 aeternitatem
1698 1276 1948 1332 dicimus
1970 1276 2072 1331 mi-

412 1367 567 1421 nime
600 1370 946 1421 trementem
982 1366 1143 1420 illam
1178 1372 1351 1437 atque
1386 1366 1564 1421 simul
1597 1371 1777 1421 totam
1796 1368 1984 1421 vitam
2008 1382 2074 1421 ac

412 1454 701 1511 inﬁnitam
756 1454 1028 1527 protinus
1074 1455 1432 1527 omninoque
1492 1456 1745 1521 ﬁrmam,
1780 1473 1845 1511 ac
1875 1456 1934 1510 in
1959 1472 2076 1511 uno

410 1548 587 1614 atque
634 1561 736 1615 per
787 1560 969 1599 unum
1000 1548 1253 1599 stantem
1283 1563 1294 1599 :
1330 1545 1413 1599 sic
1446 1545 1623 1599 etiam
1657 1550 1914 1616 tempus,
1948 1549 2076 1599 tum

412 1634 652 1703 quidem
684 1633 742 1688 in
777 1650 842 1688 eo
876 1635 1032 1704 quod
1058 1651 1292 1705 semper
1320 1639 1410 1690 est
1439 1636 2076 1706 requiescere,appare-

412 1738 473 1776 re
504 1739 637 1777 vero
672 1723 727 1777 in
763 1724 1046 1793 subjecto,
1084 1725 1318 1795 quando
1360 1724 1532 1779 etiam
1567 1728 1770 1795 postea
1802 1728 2074 1780 naturam

410 1810 705 1867 visibilem
739 1813 1050 1884 procedere
1079 1814 1401 1883 oportebat.
1437 1816 1640 1884 Itaque
1698 1830 2072 1884 progressum

411 1899 618 1955 divinas
651 1902 932 1955 bonitatis
964 1902 1035 1955 ad
1071 1901 1308 1957 sensilia
1352 1907 1416 1956 ut
1459 1919 1523 1956 ea
1570 1904 1878 1973 producat,
1906 1918 2076 1957 voca-

415 2006 549 2045 mus
578 1994 853 2061 tempus;
908 2007 1023 2044 non
1073 1991 1230 2045 enim
1286 1996 1483 2047 motus
1514 1991 1965 2047 interstitiorum
2003 1992 2074 2046 ad

415 2082 609 2150 partes
643 2083 699 2133 et
729 2084 1108 2151 tempestates
1134 2084 1190 2134 et
1212 2086 1414 2135 noctes
1437 2086 1494 2136 et
1517 2082 1664 2148 dies,
1692 2086 1780 2136 est
1814 2086 2075 2153 tempus,

414 2168 515 2221 sed
535 2167 797 2237 ejusdem
820 2184 953 2222 cum
973 2172 1234 2239 tempore
1254 2170 1547 2238 nominis;
1576 2170 2076 2240 quemadmodum

414 2256 570 2311 enim
624 2257 778 2327 quod
834 2263 1137 2313 mensurat
1166 2262 1222 2313 et
1254 2265 1650 2327 mensuratur,
1682 2260 1943 2315 solemus
1975 2275 2077 2314 eo—

415 2344 547 2399 dem
581 2345 877 2416 appellare
926 2346 1201 2401 nomine:
1256 2349 1333 2401 ita
1383 2348 1581 2414 etiam,
1633 2348 1748 2417 hic,
1800 2346 1977 2403 veluti
2030 2347 2080 2402 si

415 2434 574 2503 quod
608 2434 803 2489 cubito
834 2437 1306 2491 mensuravimus
1340 2439 1495 2493 170
1526 2438 1645 2493 sive
1676 2438 2076 2509 pavimentum

2184 562 2362 616 αὐτῶν
2398 560 2493 631 ὣν,
2528 562 2618 616 xui
2651 562 2944 637 συνοχεός·
2981 561 3124 616 οὕτω
3155 560 3243 615 καὶ
3276 561 3471 636 χρόνος
3527 563 3555 617 6
3602 559 3838 638 ἄχρονος

2185 648 2417 724 λέγεται,
2452 652 2544 706 ἅτε
2571 652 2660 705 καὶ
2689 651 2904 727 χρόνων
2941 650 3143 712 αἶ’τιος·
3179 652 3309 725 ὅπερ
3340 651 3439 725 γὰρ
3473 650 3524 706 ἐν
3556 656 3677 712 τοῖς
3708 672 3835 720 νοη-

2180 746 2299 803 τοῖς
2351 740 2505 809 αἷὼν,
2559 741 2720 795 τοῦτό
2779 740 2919 794 ἐστιν
2978 740 3027 794 ἐν
3082 746 3198 801 τοῖς
3271 738 3556 810 αἰσθητοῖς
3614 740 3837 815 χρόνος.

2182 831 2386 904 Ὥσπερ
2420 829 2509 884 οῦν
2539 831 2605 884 τὰ
2628 830 2879 903 ὁρώμενα
2906 829 3107 893 εἰκόνες
3137 829 3239 883 εἶσὶ
3281 834 3388 884 τῶν
3440 829 3685 903 ἀοράτων
3747 829 3837 884 καὶ

2181 924 2419 990 νοητῶν,
2450 920 2541 973 xui
2586 920 2758 974 αἰῶνα
2811 919 3044 994 λέγομεν
3088 921 3185 988 τὴν
3227 921 3436 995 ἀτρεμῆ
3489 918 3700 989 ἐκείνην
3746 919 3839 973 καὶ

2184 1008 2324 1081 ὁμοῦ
2352 1012 2525 1062 πᾶσαν
2562 1009 2729 1081 ζωὴν,
2762 1008 2850 1062 καὶ
2884 1006 3104 1083 ἄπειρον
3157 1006 3265 1077 ἤδη
3318 1008 3406 1062 καὶ
3456 1008 3651 1076 ἀκλινῆ
3702 1007 3839 1062 πάν-

2181 1118 2272 1168 τη,
2302 1096 2391 1151 καὶ
2441 1096 2491 1150 ἐν
2545 1097 2642 1166 ἑνὶ,
2676 1097 2764 1152 καὶ
2805 1101 3151 1173 προεστῶσαν
3188 1116 3199 1128 ⁸
3236 1096 3378 1151 οὕτω
3425 1096 3513 1151 καὶ
3558 1096 3651 1151 τὸν
3697 1096 3841 1171 χρό-

2182 1208 2296 1259 νον,
2328 1186 2453 1241 τότε
2488 1188 2583 1259 μὲν
2617 1186 2668 1242 ἐν
2697 1190 2776 1259 τῷ
2826 1186 2907 1241 ἀεὶ
2958 1183 3072 1240 ὄντι
3126 1185 3506 1253 ἀναπαύεσθαι,
3540 1184 3839 1262 ἐκφανῆναι

2184 1274 2241 1331 δὲ
2292 1278 2411 1340 καθ’
2469 1272 2754 1343 ὑπόϐασιν,
2809 1277 2898 1330 ὅτε
2943 1276 3033 1330 καὶ
3109 1275 3328 1351 ὕστερον
3395 1274 3551 1352 φύσιν
3633 1276 3836 1350 ὁρατήν

2184 1365 2357 1440 ἐχρῆν
2390 1364 2700 1440 προελθεῖν.
2734 1367 2850 1434 Τήν
2882 1362 2973 1418 οῦν
3007 1363 3082 1426 εἰς
3114 1364 3180 1418 τὰ
3212 1363 3442 1433 αἰσθητὰ
3464 1360 3707 1438 πρόοδον
3738 1366 3837 1427 τῆς

2186 1452 2262 1515 εἷς
2288 1454 2351 1508 τὸ
2388 1459 2549 1509 ταῦτα
2581 1451 2938 1528 δημιουργεῖν
2975 1453 3308 1529 ἀγαθότητος
3338 1453 3435 1507 τοῦ
3468 1456 3601 1508 Θεοῦ
3645 1451 3849 1507 καλοῦ-

2190 1564 2282 1617 μεν
2332 1542 2555 1620 χρόνον·
2610 1544 2673 1598 οὐ
2716 1564 2816 1620 γαρ
2864 1546 2899 1612 ἡ
2945 1543 3158 1613 κίνησις
3199 1547 3310 1598 τῶν
3361 1542 3438 1605 εἷς
3502 1541 3701 1618 μοίρας
3747 1543 3839 1596 xui

2188 1632 2330 1706 ὥρας
2368 1633 2458 1686 καὶ
2508 1632 2702 1694 νύκτας
2750 1632 2839 1687 καὶ
2876 1632 3088 1707 ἡμέρας
3128 1629 3481 1699 διαστάσεων,
3510 1634 3672 1685 τοῦτο
3706 1630 3843 1705 χρό-

2185 1742 2299 1789 νος,
2334 1719 2460 1775 ἀλλ’
2492 1723 2787 1795 ὁμώνυμον
2820 1726 2897 1793 τῷ
2927 1722 3115 1797 χρόνῳ
3145 1741 3156 1753 ·
3188 1719 3365 1794 ὥσπερ
3396 1721 3497 1795 γὰρ
3519 1722 3581 1775 τὸ
3612 1722 3844 1793 μετροῦν

2185 1811 2275 1864 καὶ
2337 1810 2702 1884 μετρούμενον
2755 1810 3022 1883 εἰώθαμεν
3084 1810 3395 1883 ὁμωνύμως
3442 1808 3653 1879 καλεῖν,
3702 1808 3845 1862 οὕτω

2186 1898 2276 1953 καὶ
2310 1897 2535 1952 ἐνταῦθα
2569 1919 2580 1931 ·
2618 1901 2756 1970 οἷον,
2791 1898 2877 1953 ἐὰν
2908 1900 2971 1953 τὸ
3016 1899 3117 1953 ὑπὸ
3165 1900 3394 1973 πήχεως
3448 1897 3843 1971 μετρούμενον,

2186 1985 2293 2042 εἷ’τε
2324 1983 2546 2065 ἔδαφος,
2578 1986 2685 2043 εἷ’τε
2714 1994 2926 2063 τεῖχος,
2950 1988 2985 2057 ἢ
3017 1986 3223 2063 ἕτερον,
3254 1994 3441 2063 πῆχυν
3486 1986 3739 2062 λέγομεν.
3774 1987 3841 2043 Ai

2186 2082 2316 2153 γοῦν
2344 2082 2451 2131 τῶν
2482 2077 2716 2152 ἀστὲρων
2762 2079 2947 2153 φοραὶ,
2979 2077 3113 2132 κατὰ
3163 2081 3226 2132 τὸ
3284 2077 3596 2150 εἰρημένον,
3627 2077 3841 2132 Ἔστω-

2187 2188 2279 2221 σαν
2338 2166 2415 2228 sic
2474 2172 2677 2239 σημεῖα
2733 2166 2821 2221 καὶ
2883 2167 2959 2228 εἷς
3017 2166 3262 2241 καιροὺς,
3295 2166 3384 2220 καὶ
3430 2164 3504 2227 εἷς
3536 2163 3838 2234 ἐνιαυτοὺς,

2187 2256 2326 2329 πρὸς
2360 2254 2645 2328 διορισμὸν
2677 2255 2764 2310 xui
2811 2252 3054 2326 δήλωσιν
3095 2258 3231 2328 ἡμῖν
3268 2256 3466 2331 ἐναργῆ
3514 2257 3660 2331 παρὰ
3707 2260 3845 2309 Θεοῦ

2189 2344 2457 2420 ἐγένοντο.
2490 2347 2551 2401 Ὀ
2606 2342 2697 2399 οὖν
2754 2344 2843 2399 καὶ
2901 2349 3068 2399 ταῦτα
3122 2342 3395 2414 διατάξας,
3428 2342 3586 2405 αὐτὸς
3636 2341 3696 2398 ἃν
3758 2342 3841 2412 εἴη

2192 2433 2563 2509 ὑπεραιωνίως
2595 2433 2683 2488 καὶ
2715 2433 2968 2509 ἀχρόνως
2997 2437 3165 2488 ταῦτα
3188 2434 3261 2495 ὡς
3292 2432 3489 2495 αἶ’τιος.

424 2523 548 2577 sive
576 2539 811 2579 murum
846 2530 947 2579 aut
976 2524 1132 2580 aliud
1166 2526 1429 2581 cubitum
1464 2526 1738 2581 dicimus.
1770 2526 1965 2582 Motus
2014 2525 2192 2597 igitur
2251 2530 2566 2590 astrorum,
2629 2526 2952 2579 secundum
3012 2524 3159 2580 illud
3218 2524 3534 2595 Scriptura;
3571 2540 3584 2579 :
3636 2523 3761 2578 Sint
3793 2523 3855 2578 in

420 2614 581 2681 signa
610 2620 665 2667 et
693 2614 752 2667 in
781 2618 1031 2686 tempora
1056 2621 1109 2670 et
1140 2617 1200 2670 in
1229 2632 1400 2672 annos
1433 2617 1523 2687 (ε),
1562 2615 1694 2671 facti
1727 2620 1868 2671 sunt
1900 2632 1933 2670 a
1962 2616 2079 2670 Deo
2112 2616 2183 2669 ad
2216 2614 2618 2669 deﬁnitionem
2648 2619 2704 2668 et
2735 2613 3264 2669 manifestationem
3296 2613 3467 2668 nobis
3498 2613 3853 2668 evidentem:

421 2700 472 2755 is
500 2718 637 2773 ergo
671 2702 772 2773 qui
806 2702 929 2759 haec
960 2704 1273 2774 disposuit,
1299 2710 1497 2775 posset
1527 2705 1649 2759 haec
1678 2721 1806 2761 esse
1837 2722 2017 2776 supra
2047 2705 2429 2760 mternitatem
2464 2709 2639 2773 atque
2669 2704 2795 2759 sine
2823 2709 3088 2775 tempore
3118 2709 3183 2757 ut
3212 2719 3409 2759 causa.

497 2796 562 2847 Et
590 2808 767 2863 neque
796 2797 935 2848 erat.
969 2795 1167 2865 Neque
1197 2798 1333 2862 erat,
1368 2810 1553 2865 neque
1606 2800 1701 2860 est,
1737 2810 1930 2866 neque
1977 2794 2083 2849 erit

426 2879 660 2950 proprie
690 2882 760 2936 de
792 2882 909 2937 Deo
958 2882 1195 2951 dicitur,
1224 2883 1378 2938 Deus
1421 2882 1577 2938 enim
1630 2883 1750 2937 haec
1804 2887 2081 2954 superat;

423 2968 642 3022 dicitur
669 2985 802 3024 vero
834 2970 1006 3025 etiam
1044 2971 1160 3025 haec
1209 2988 1357 3041 esse,
1392 2976 1697 3043 propterea
1750 2973 1904 3044 quod
1958 2972 2083 3043 ipse

426 3056 754 3111 secundum
786 3074 1021 3113 omnem
1050 3059 1461 3131 cogitationem
1509 3059 2084 3131 superessentialiter

423 3145 672 3200 exsistit.

2267 2791 2370 2847 Kui
2405 2788 2527 2846 οὔτε
2555 2792 2644 2860 ἦν·
2679 2795 2801 2849 Ὅτι
2833 2789 2956 2847 οὔτε
3001 2793 3062 2847 τὸ
3111 2792 3203 2860 ἦν,
3237 2788 3360 2845 οὔτε
3414 2792 3475 2845 τὸ
3532 2786 3697 2859 ἔστιν,
3728 2788 3853 2845 οὕτε

2192 2880 2253 2934 τὸ
2305 2878 2450 2934 ἔσται
2507 2879 2712 2953 κυρίως
2768 2879 2975 2954 λέγεται
3038 2879 3125 2934 ἐπὶ
3175 2883 3307 2934 Θεοῦ
3341 2900 3354 2913 ·
3391 2879 3523 2954 ὑπὲρ
3552 2879 3653 2954 γὰρ
3683 2882 3853 2932 ταῦτα

2195 2969 2222 3022 6
2282 2968 2434 3030 Θεός.
2467 2968 2691 3043 Λέγεται
2754 2965 2810 3022 δὲ
2867 2970 2956 3022 καὶ
3011 2972 3177 3023 ταῦτα
3236 2965 3325 3021 διὰ
3379 2968 3440 3021 τὸ
3494 2967 3628 3023 κατὰ
3671 2972 3847 3021 πᾶσαν

2193 3057 2431 3112 ἐπίνοιαν
2470 3056 2799 3132 ὑπερουσίως
2829 3057 2988 3112 αὐτὸν
3024 3058 3179 3113 εἶναι.

2263 3144 2400 3204 Οὔτε
2447 3148 2535 3216 ἦν.
2585 3144 2780 3210 Καλῶς
2838 3146 3002 3215 εἶπεν,
3036 3144 3159 3201 οὔτε
3206 3147 3273 3215 ἦν
3311 3165 3323 3178 ’
3356 3146 3418 3199 τὸ
3475 3145 3577 3219 γὰρ
3632 3145 3699 3212 ἦν
3745 3142 3844 3213 δη-

494 3235 674 3306 Neque
703 3244 843 3291 erat.
870 3236 1042 3292 Recte
1073 3237 1240 3304 dixit,
1272 3254 1443 3309 neque
1471 3242 1607 3294 erat.
1641 3239 1788 3294 Nam
1824 3246 1949 3294 erat
1980 3239 2078 3293 de-

2196 3234 2430 3291 λωτικόν
2460 3235 2569 3290 ἐστι
2603 3236 2825 3310 χρόνου.
2861 3236 3012 3291 Ἔστι
3047 3233 3103 3290 δὲ
3133 3235 3161 3290 6
3189 3235 3316 3296 Θεὸς
3364 3233 3454 3288 καὶ
3506 3234 3637 3309 ὑπὲρ
3667 3233 3728 3287 τὸ
3755 3234 3849 3301 ἦν,

424 3322 771 3379 clarativum
797 3330 887 3379 est
910 3327 1213 3398 temporis.
1241 3326 1395 3381 Deus
1425 3345 1558 3383 vero
1590 3333 1679 3383 est
1701 3328 1875 3383 etiam
1909 3344 2089 3398 supra

422 3416 567 3478 erat,
595 3413 648 3467 id
676 3418 765 3469 est
787 3430 966 3485 supra
990 3419 1247 3485 tempus.
1273 3418 1343 3470 At
1365 3417 1552 3472 dices:
1582 3419 1651 3470 Et
1672 3417 1967 3488 quomodo
1988 3416 2085 3470 lia-

425 3502 596 3557 betur
626 3503 695 3557 de
728 3503 827 3558 Dei
858 3503 1083 3559 Verbo:
1120 3507 1181 3559 In
1213 3505 1493 3577 principio
1524 3510 1641 3560 erat
1678 3508 1913 3561 Verbum
1960 3504 2088 3577 (a)?

424 3593 567 3646 Ecce
599 3593 751 3645 enim
786 3592 881 3646 hic
912 3592 1163 3647 habetur
1193 3603 1343 3648 erat:
1369 3610 1521 3665 saepe
1556 3594 1830 3661 dicimus,
1856 3595 2083 3649 Patrem

425 3696 555 3734 esse
586 3681 943 3751 principium
992 3686 1049 3736 et
1095 3699 1332 3736 causam
1367 3684 1668 3751 omnium;
1726 3685 1854 3738 ideo
1907 3684 2087 3755 igitur

427 3768 527 3833 ait,
554 3770 612 3821 In
646 3768 921 3840 principio
953 3774 1069 3824 erat
1096 3770 1346 3837 Verbum,
1378 3772 1654 3841 quoniam
1692 3772 1874 3826 Filius
1906 3778 1994 3826 est
2025 3772 2084 3826 in

428 3856 613 3911 Patre.
644 3858 791 3927 Ergo
826 3858 971 3912 bene
1004 3859 1187 3913 dixit:
1238 3861 1301 3914 In
1338 3859 1617 3931 principio
1649 3869 1773 3915 erat
1806 3861 2034 3915 Verbum
2062 3878 2080 3913 .-

427 3961 599 4016 porro
630 3946 757 4012 erit,
790 3946 1013 4002 clarum
1067 3951 1175 4013 est,
1218 3948 1328 4003 hoc
1381 3949 1536 4003 enim
1583 3949 1877 4019 signiﬁcat
1928 3950 2081 4021 quod

427 4051 584 4088 nunc
615 4052 730 4090 non
763 4035 859 4101 sit,
893 4036 993 4091 sed
1028 4036 1342 4108 aliquando
1396 4038 1525 4107 erit,
1559 4039 1715 4110 quod
1748 4038 1817 4093 de
1848 4037 1962 4094 Deo
1995 4038 2082 4093 di-

428 4138 557 4178 cere
586 4123 837 4195 impium
868 4130 925 4181 et
952 4125 1240 4197 ineptum.

498 4213 605 4267 Aut
650 4216 837 4285 potius
883 4232 992 4271 non
1042 4222 1139 4271 est.
1183 4216 1669 4271 Subaudiendum
1729 4216 1905 4272 etiam
1964 4216 2085 4272 haec

429 4303 643 4373 quibus
694 4305 926 4375 proprie
975 4305 1321 4376 adjungitur
1368 4314 1508 4372 erat,
1541 4309 1599 4360 et
1646 4321 1773 4376 qua:
1822 4305 1873 4361 ei
1921 4307 2082 4376 adja-

427 4396 599 4459 cent;
636 4399 739 4447 aut
775 4393 945 4449 aliter
1001 4394 1448 4464 intelligendum
1504 4398 1569 4448 ut
1610 4410 1791 4464 supra
1848 4412 2082 4452 omnem

426 4478 617 4548 ipsius
693 4497 805 4535 esse
878 4482 1295 4552 cogitationem
1369 4498 1434 4535 ac
1509 4482 1914 4553 imagitionem
1987 4501 2083 4539 ex-

2194 3325 2468 3379 τουτὲστιν
2526 3325 2656 3400 ὑπὲρ
2703 3324 2926 3398 χρόνον.
2972 3326 3143 3400 Ἐρεῖς
3192 3321 3304 3378 οὖν’
3360 3322 3457 3377 Καὶ
3502 3326 3617 3383 πῶς
3676 3327 3850 3376 κεῖται

2195 3414 2318 3486 περὶ
2368 3417 2463 3466 τοῦ
2514 3417 2646 3466 Θεοῦ
2700 3413 2904 3486 Λόγου·
2942 3414 3031 3469 Ἐν
3084 3413 3230 3487 ἀρχῇ
3282 3412 3346 3479 ἦν
3400 3414 3427 3465 6
3460 3411 3679 3485 Λόγος;
3713 3407 3852 3465 Ἰδοὺ

2195 3503 2298 3577 γὰρ
2332 3501 2555 3556 ἐνταῦθα
2584 3508 2758 3556 κεῖται
2785 3502 2849 3557 τὸ
2879 3503 2945 3570 ἦν
2982 3521 2993 3533 ·
3030 3500 3302 3562 πολλάκις
3334 3499 3587 3576 λέγομεν,
3621 3499 3706 3553 ὅτι
3756 3499 3854 3574 ἆρ-

2196 3593 2272 3666 χὴ
2304 3590 2394 3645 καὶ
2436 3590 2581 3645 αἰτία
2613 3591 2826 3645 πάντων
2860 3593 2887 3646 6
2920 3592 3105 3665 Πατήρ
3134 3610 3145 3621 '
3184 3588 3273 3644 διὰ
3302 3593 3467 3643 τοῦτο
3500 3588 3615 3660 οὖν,
3640 3589 3728 3642 Ἐν
3751 3589 3853 3661 ἀρ-

2194 3684 2273 3754 χῇ
2318 3682 2407 3749 ἦν,
2456 3679 2641 3757 φησῗν,
2677 3682 2703 3735 6
2746 3680 2941 3754 Λόγος,
2976 3677 3163 3747 ἐπειδή
3198 3680 3225 3733 6
3258 3679 3380 3739 Υἱὸς
3440 3676 3491 3731 ἐν
3552 3682 3629 3748 τῷ
3682 3677 3853 3752 ΙΙατρί

2196 3768 2328 3825 ἐστι.
2384 3769 2577 3831 Καλῶς
2629 3768 2719 3823 οῦν
2769 3769 2944 3824 εἶπεν·
2999 3770 3086 3825 Ἐν
3130 3768 3278 3844 ἀρχῇ
3319 3768 3385 3835 ἧν
3438 3767 3464 3820 6
3514 3767 3690 3840 Λόγος
3724 3786 3736 3798 ·
3787 3768 3848 3819 τὸ

2196 3856 2252 3911 δὶ
2313 3854 2458 3913 ἔσται
2518 3860 2679 3935 σαφές
2726 3856 3060 3914 ἐστι.Τοῦτο
3100 3857 3200 3933 γὰρ
3248 3854 3434 3926 δηλοῖ,
3469 3854 3551 3909 ὅτι
3606 3859 3698 3910 νῦν
3752 3853 3850 3908 οὑκ

2195 3942 2357 4013 ἔστιν,
2391 3945 2516 4000 ἀλλ’
2549 3940 2694 3999 ἔσται
2728 3945 2881 4018 ποτὶ,
2909 3944 3040 4022 ὅπερ
3073 3943 3161 3999 ἐπὶ
3202 3948 3334 3998 Θεοῦ
3393 3941 3573 4019 λέγειν
3632 3942 3849 3997 ἀνόσιον

2193 4034 2282 4087 καὶ
2315 4033 2662 4111 ἀπρόσφορον
2678 4076 2691 4092 .

2266 4210 2496 4270 Μᾶλλον
2530 4211 2611 4282 δὲ,
2644 4210 2766 4268 οὔτε
2795 4210 2929 4270 ἐστί.
2950 4213 3462 4287 Προσυπακουστέον
3490 4212 3580 4267 καὶ
3608 4216 3779 4267 ταῦτα
3804 4215 3846 4251 ¹⁸

2195 4303 2277 4365 οἷς
2315 4301 2625 4378 ἐπιλέγεται
2664 4301 2866 4377 κυρίως
2913 4303 2975 4356 τὸ
3028 4301 3256 4378 ἐγένετο,
3288 4301 3378 4356 xui
3434 4301 3500 4355 τὰ
3557 4300 3651 4355 σὺν
3702 4300 3849 4373 αὐτῷ

2191 4389 2419 4463 κείμενα
2453 4410 2465 4423 ·
2494 4392 2529 4462 ἢ
2562 4390 2651 4445 καὶ
2700 4390 2896 4465 ἑτέρως
2935 4390 3180 4460 νοητὲον,
3214 4390 3287 4452 ὡς
3342 4390 3473 4463 ὑπὲρ
3521 4393 3693 4444 πᾶσαν
3753 4393 3850 4444 τοῦ

2193 4480 2323 4534 εἶναι
2355 4475 2560 4535 ἔννοιάν
2592 4502 2650 4536 τε
2682 4480 2774 4535 καὶ
2825 4480 3115 4555 φαντασίαν
3172 4480 3459 4555 ὑπάρχων.
3488 4481 3587 4533 Διὰ
3635 4477 3693 4533 δὲ
3751 4482 3846 4533 τοῦ

427 4569 663 4622 sistens.
697 4569 951 4625 Dicendo
995 4575 1189 4625 autem
1238 4569 1306 4623 τὰ
1352 4564 1505 4637 ὄντα,
1535 4571 1793 4627 declarat
1838 4590 1905 4629 ea
1956 4590 2078 4629 om-

2195 4569 2361 4623 εἳπεῖν
2392 4570 2458 4623 τὰ
2489 4565 2618 4624 ὄντα
2645 4569 2706 4623 τὸ
2740 4568 2887 4632 ὅλως
2941 4569 3076 4624 αὐτά
3130 4569 3266 4643 πρὸς
3327 4568 3551 4644 ὕπαρξιν
3605 4569 3843 4643 ἀχθῆναι

425 4657 564 4711 nino
596 4657 668 4711 ad
701 4658 1095 4714 exsistentiam
1131 4660 1420 4714 adducta:
1460 4659 1603 4715 illud
1637 4677 1767 4716 vero
1807 4668 1860 4718 et
1900 4663 2080 4735 ipsum

423 4761 538 4801 esse
566 4761 758 4801 eorum
789 4763 907 4816 qum
936 4756 1067 4803 sunt
1098 4765 1422 4820 apponens,
1448 4748 1680 4805 illorum
1706 4766 2079 4821 perseveran-

424 4835 565 4890 tiam
600 4835 971 4905 signiﬁcavit.

499 4927 621 4998 ἓν.
653 4928 850 4996 Estque
897 4928 1080 4997 ipsum
1128 4944 1226 4999 per
1268 4944 1343 4982 .se.
1390 4927 1629 4984 Minime
1673 4930 2076 4985 arbitrandum

422 5019 529 5083 est,
564 5015 684 5070 haec
716 5016 829 5070 dici
865 5017 934 5071 de
966 5016 1230 5071 omnium
1280 5034 1478 5083 causa,
1508 5017 1608 5072 sed
1641 5020 1711 5073 de
1743 5020 1813 5074 iis
1846 5038 1971 5091 quae
2006 5022 2078 5077 ab

420 5102 548 5172 ipso
581 5122 681 5174 per
713 5106 1066 5161 creationem
1118 5105 1453 5160 subsistunt
1502 5105 1975 5178 intelligibilibus
2025 5115 2082 5166 et

420 5191 908 5265 intelligentibus,
980 5201 1157 5266 atque
1220 5193 1541 5249 sensilibus
1576 5212 1799 5251 necnon
1833 5200 2076 5255 caeteris.

420 5282 583 5337 Sicut
612 5284 768 5338 enim
793 5289 925 5340 ante
957 5284 1237 5353 diximus,
1262 5282 1417 5339 Deus
1448 5287 1538 5340 est
1569 5289 1703 5341 ante
1734 5301 1847 5343 esse
1868 5305 1887 5344 :
1940 5306 2078 5345 nam

493 5440 565 5514 (κ)
595 5440 739 5497 Gen.
774 5454 817 5511 ι,
849 5439 936 5495 14.
1014 5440 1280 5514 (a)Joan.
1314 5457 1354 5510 1,
1388 5439 1437 5496 Ι.

2196 4655 2381 4727 δηλοῖ.
2415 4658 2484 4712 T6
2532 4655 2589 4713 δὲ
2645 4658 2735 4713 καὶ
2795 4658 2924 4714 αὐτὸ
2972 4661 3035 4714 τὸ
3069 4660 3330 4714 εἶναιτῶν
3366 4654 3534 4713 ὄντων
3566 4657 3843 4734 προσθείς,

2186 4747 2286 4815 τὴν
2317 4744 2584 4821 διαμονὴν
2619 4746 2794 4803 αὐτῶν
2829 4748 3087 4821 ἐσήμαινε.

2260 4933 2386 4999 §V.
2421 4930 2525 4984 Καὶ
2573 4925 2713 4985 ἔστιν
2765 4930 2894 4985 αὐτὸ
2942 4931 3058 4984 καθ’
3085 4928 3236 4986 αὑτό.
3283 4932 3458 4983 Ταῦτα
3507 4928 3568 4983 οὐ
3619 4925 3703 4983 δεῖ
3751 4949 3839 4982 νο-

2194 5020 2368 5092 μίζειν
2424 5019 2548 5093 περὶ
2604 5024 2701 5075 τοῦ
2748 5023 2855 5074 τῶν
2898 5020 3142 5073 ἁπάντων
3186 5017 3359 5073 αἰτίου
3392 5015 3668 5093 λέγεσθαι,
3700 5016 3845 5073 ἀλλὰ

2187 5110 2452 5184 περὶτῶν
2488 5108 2538 5179 ἐξ
2571 5109 2734 5164 αὐτοῦ
2784 5106 3193 5185 δημιουργικῶς
3240 5106 3586 5163 ὑποστάντων
3637 5111 3845 5178 νοητῶν

2187 5219 2245 5252 τε
2276 5199 2366 5253 xui
2417 5205 2639 5273 νοερῶν,
2670 5201 2758 5253 καὶ
2800 5199 3096 5269 αἰσθητῶν,
3130 5198 3218 5253 xui
3279 5196 3512 5253 λοιπῶν·
3546 5197 3687 5252 καθὰ
3742 5198 3843 5273 γὰρ

2186 5292 2619 5364 προειρήκαμεν.
2657 5290 2684 5345 6
2712 5289 2840 5352 Θεὸς
2893 5290 2998 5365 πρὸ
3035 5293 3132 5344 τοῦ
3175 5288 3307 5344 εἶναι
3345 5307 3358 5320 ·
3416 5289 3505 5343 καὶ
3564 5287 3670 5363 γάρ
3732 5287 3840 5343 ἔστι

1421 5584 1671 5644 νΑΒΙιΕ
1711 5586 2110 5647 LECTIONES
2143 5589 2237 5646 ET
2275 5592 2829 5651 CORREGTIONES.

490 5687 534 5724 ⁸⁸
558 5685 691 5744 κατὰ
718 5690 904 5745 ταῦτα.
