4080 6366
255 380 337 433 317
954 379 1010 429 S.
1053 379 1320 434 MAXIMI
1357 381 1659 435 SCHOLIA
1699 383 1772 434 IN
1813 382 1945 433 LIB.
1988 383 2082 433 DE
2124 382 2393 434 DIVINIS
2431 381 2845 438 NOMINIBUS.

3505 384 3610 439 318

253 496 426 571 προών·
452 496 511 549 τὸ
564 494 618 549 δὲ
673 495 804 548 εἶναι
863 498 975 549 οἷον
1034 494 1263 575 ἔμφασιν
1312 497 1427 574 ἔχει
1476 500 1595 552 τινὰ
1637 510 1832 574 προυπ·

1960 504 2049 555 est
2079 500 2262 573 προών
2297 519 2396 557 seu
2426 503 2854 573 prwexsistens;
2898 522 3024 559 esse
3055 508 3247 559 autem
3282 504 3459 559 habet
3491 505 3610 560 vel-

254 588 376 647 όντος
426 583 605 639 αἰτίου.
653 584 842 659 Προὼν
895 586 989 658 μὲν
1033 587 1123 640 οὗν
1189 585 1401 663 λέγεται
1457 590 1485 643 6
1536 589 1662 649 Θεὸς
1694 632 1709 657 ,
1760 589 1849 641 καὶ

254 676 413 729 λοιπὸν
444 673 648 747 λέγεται
697 673 785 728 καὶ
831 671 925 743 ὣν,
978 676 1052 737 ὡς
1105 678 1353 732 ἁπάντων
1406 675 1599 739 α’ίτιος·
1636 678 1746 731 εἶτα
1788 677 1849 730 τὸ

253 763 442 816 εἶναιτά
491 759 657 816 πάντα
689 761 738 832 ἐξ
792 764 977 820 αὑτοῦ.
1020 765 1087 818 Τὸ
1138 766 1229 819 οὖν
1280 766 1411 821 εἶναι
1461 768 1577 821 κατ’
1609 766 1845 821 ἐπίνοιαν

253 854 296 905 ἐκ
324 859 540 927 μετοχῆς
576 853 773 922 ὑπέστη
824 858 919 907 τοῦ
966 861 1212 928 προεῖναι
1263 856 1449 925 αὑτοῦ,
1484 856 1589 931 οὐχ
1637 858 1711 919 ὡς
1752 878 1846 929 με-

251 942 477 1011 ρισθέντος
505 945 597 994 τοῦ
628 946 761 996 Θεοῦ
792 941 868 1005 εἷς
898 944 959 997 τὸ
993 944 1126 998 εἶναι
1176 944 1263 999 καὶ
1296 952 1563 1020 προεῖναι,
1598 945 1744 1001 ἀλλά
1784 947 1845 999 τὸ

249 1028 425 1101 θέλημα
473 1029 632 1084 αὐτοῦ
685 1034 749 1085 τὸ
807 1033 1115 1108 παρα-ταγὸν
1171 1034 1247 1096 εἷς
1291 1036 1353 1089 τὸ
1395 1037 1527 1089 εἶναι
1580 1036 1645 1089 τά
1697 1031 1843 1102 ὄντα,

247 1122 374 1171 τοῦτο
403 1117 605 1193 λέγεται
656 1122 791 1175 εἶναι
836 1125 1178 1197 προϋποστάν
1227 1126 1277 1179 ἐν
1310 1129 1389 1195 τῷ
1430 1129 1565 1196 Θεῷ,
1599 1124 1686 1179 καὶ
1716 1124 1841 1179 τού-

244 1227 319 1260 του
342 1212 427 1261 τοῦ
453 1208 588 1263 θείου
638 1210 951 1283 Θελήματος
998 1212 1073 1275 εἰς
1120 1214 1181 1267 τὸ
1234 1215 1363 1268 εἶναι
1393 1214 1562 1269 κτίσιν
1614 1235 1843 1290 προορι-

246 1296 444 1365 σθέντος,
476 1297 696 1361 εἰκότως
729 1301 834 1376 πρὸ
862 1306 971 1356 τῶν
1004 1300 1216 1371 ἄλλων,
1251 1303 1324 1357 ὧν
1361 1305 1577 1379 μετέχει
1608 1304 1673 1358 τὰ
1717 1300 1844 1358 ὄντα

238 1389 317 1439 τοῦ
342 1390 478 1453 Θεοῦ,
508 1383 843 1463 πρεσϐυτέρα
889 1411 971 1452 τις
1019 1390 1166 1466 ἀρχὴ
1195 1394 1229 1461 ἡ
1264 1397 1361 1447 τοῦ
1413 1394 1565 1459 εῖναι,
1616 1391 1844 1447 ἐπινοεῖς

239 1494 307 1526 ται
334 1472 471 1535 αὐτὸς
501 1476 527 1529 6
557 1478 717 1539 Θεός·
756 1483 973 1551 πρῶτον
1022 1479 1120 1554 γάρ
1173 1479 1282 1534 ἐστί
1331 1502 1405 1552 τι,
1438 1482 1526 1536 καὶ
1578 1483 1702 1536 τότε
1732 1481 1841 1535 ἐστὶ

238 1562 308 1617 καὶ
354 1565 471 1635 ζωή,
518 1566 603 1620 καί
661 1566 836 1645 σοφία.
879 1569 946 1625 Οἱ
992 1574 1120 1645 γοῦν
1171 1570 1392 1644 ἀόρατοι
1437 1572 1527 1625 καὶ
1576 1571 1844 1626 ἀνώτατοι

238 1654 333 1713 νὸες
360 1657 561 1727 πρῶτον
616 1660 716 1711 τοῦ
762 1658 893 1711 εἶναι
937 1659 1224 1734 μετέσχον,
1254 1660 1342 1714 καὶ
1392 1661 1534 1715 οὕτω
1578 1663 1721 1729 ζωῆς
1753 1660 1841 1715 καὶ

238 1740 412 1816 σοφίας.
439 1746 639 1818 Ὥσπερ
670 1746 771 1821 γὰρ
808 1747 885 1824 ἐφ’
912 1749 1075 1821 ἡμῶν
1109 1750 1300 1823 πρώτη
1345 1771 1425 1812 τις
1478 1750 1677 1821 ὑπέστη
1712 1749 1841 1822 ὕλη,

236 1830 305 1906 a?’
342 1832 399 1899 ἧς
443 1831 622 1905 ἐσμέν·
677 1835 821 1891 οὕτω
867 1837 959 1891 καὶ
1019 1837 1105 1892 ἐπὶ
1157 1844 1263 1893 τῶν
1316 1839 1618 1912 ἀσωμάτων
1676 1844 1839 1909 νοῶν,

237 1918 366 1973 οἷονεῖ
395 1920 517 1990 ὕλη,
547 1929 756 1979 νοεῖται
788 1925 918 1980 αὐτὸ
946 1928 1007 1981 τὸ
1040 1925 1098 1981 ὂν
1134 1927 1356 1983 ἑκάστου
1390 1926 1476 1983 διὰ
1507 1935 1651 1997 ζωῆς
1674 1928 1842 1997 εἶδος,

233 2010 299 2062 καὶ
323 2012 425 2063 καθ’
452 2012 479 2065 ’ὸ
507 2014 774 2068 οὑσίωται
826 2014 904 2078 εἷς
958 2018 1104 2086 ζωὴν
1153 2018 1243 2071 καὶ
1292 2017 1485 2077 σοφίαν
1520 2018 1607 2072 καὶ
1641 2018 1838 2090 ὁμοιό-

230 2119 350 2167 τητα.
384 2102 718 2175 Ὁμοιότητα
749 2103 806 2160 δὲ
836 2106 925 2160 καὶ
974 2104 1086 2161 ἄνω
1132 2105 1487 2180 διεξήλθομεν
1533 2108 1622 2163 καὶ
1652 2108 1841 2163 ταύτό-

228 2207 350 2258 τητα,
400 2192 491 2253 τὰς
547 2192 869 2268 ἀναγωγοὺς
930 2194 1017 2250 ἐπί
1077 2198 1205 2250 Θεὸν
1262 2194 1544 2271 δυνάμεις,
1604 2199 1722 2261 καθ’
1777 2199 1835 2259 ἃς

225 2278 496 2346 ὁμοιοῦνται
547 2283 697 2355 αὑτῷ
741 2291 1032 2360 προσεχεῖς
1084 2287 1232 2357 αύτῷ
1271 2287 1447 2354 οὖσαι,
1493 2288 1583 2341 καὶ
1630 2287 1837 2341 τούτων

220 2370 311 2429 καθ’
353 2365 613 2425 ὑπόϐασιν
670 2374 959 2448 μετέχουσι
1010 2374 1076 2429 τὰ
1111 2375 1244 2448 μετά
1289 2374 1456 2430 ταῦτα
1494 2380 1709 2449 πρῶτον
1743 2378 1831 2430 καὶ

219 2454 324 2509 αὐτὰ
363 2463 450 2513 τοῦ
497 2460 643 2514 εἶναι
696 2462 1017 2538 μετέχοντα.
1050 2465 1249 2539 Ἀρχὰς
1297 2462 1355 2519 δὲ
1396 2470 1503 2519 τῶν
1539 2461 1707 2519 ὄντων
1740 2465 1835 2526 τὰς

216 2546 398 2617 πρώτας
454 2550 769 2614 ὑποπάσας
819 2551 869 2607 ἐν
918 2556 987 2627 τῇ
1036 2554 1202 2609 κτίσει
1251 2553 1435 2615 οὐσίας
1483 2553 1704 2623 νόησον,
1738 2554 1828 2629 ἀρ-

218 2633 299 2705 χὰς
325 2633 641 2710 λεγομένας,
694 2640 817 2716 οὐχ’
871 2640 953 2696 ὅτι
1004 2641 1055 2712 ἐξ
1105 2641 1279 2697 αὐτῶν
1324 2644 1389 2697 τὰ
1442 2639 1586 2714 ὄντα,
1620 2642 1693 2705 ὠς
1725 2642 1831 2696 ἀπὸ

217 2725 485 2799 στοιχείων,
525 2726 651 2783 ἀλλ’
681 2728 785 2801 ὅτι,
829 2730 967 2794 καθὰ
1017 2729 1251 2806 ε’ίρηται,
1294 2733 1400 2805 πρὸ
1430 2736 1535 2785 τῶν
1592 2732 1705 2805 μετ’
1736 2730 1830 2785 αὖ·

211 2814 285 2875 τὰς
308 2812 847 2893 ἐδημιουργήθησαν·
883 2821 994 2876 οἷον
1030 2821 1117 2875 ἐπὶ
1152 2822 1245 2895 μὲν
1278 2826 1386 2876 τῶν
1414 2826 1627 2892 νοητῶν
1678 2821 1826 2896 ἀρχὴ

210 2901 396 2968 κτίσεως
424 2909 639 2982 θρόνοι,
671 2910 760 2963 καὶ
812 2911 954 2966 οὕτω
998 2911 1064 2966 τὰ
1112 2912 1257 2984 ἑξῆς·
1285 2912 1371 2967 ἐπὶ
1412 2910 1469 2967 δὲ
1497 2917 1604 2967 τῶν
1640 2911 1830 2981 αἰσθη-

207 2996 293 3045 τῶν
342 2994 489 3072 ἀρχὴ
542 2998 769 3061 κτίσεως
825 2999 1051 3074 οὐρανὸς
1109 3000 1197 3055 καὶ
1397 3002 1485 3058 Ἐν
1534 3003 1681 3076 ἀρχῇ
1728 3000 1829 3075 γὰρ

208 3079 420 3154 ὶποίησεν
486 3088 516 3142 6
566 3089 695 3152 Θεὸς
750 3090 841 3144 τὸν
921 3089 1145 3167 οὐρανὸν
1218 3091 1307 3146 καὶ
1381 3094 1480 3161 τὴν
1538 3098 1662 3167 γῆν·
1720 3094 1827 3145 τῶν

204 3172 283 3243 γὰρ
333 3175 603 3245 αἶσθητῶν
655 3179 1033 3253 πρωτόκτιστα
1086 3178 1271 3237 ταῦτα.
1335 3182 1461 3237 Εἶτα
1519 3182 1606 3235 καὶ
1640 3178 1831 3241 ἄλλως

206 3258 337 3314 αιιδι
505 3264 518 3284 ε
593 3266 607 3285 κ
810 3264 837 3321 δ
875 3267 887 3321 ί
1152 3269 1160 3286 ν
1342 3268 1354 3289 ’
1399 3269 1411 3286 ε
1530 3291 1539 3298 -
1778 3268 1790 3287 ν

318 3284 391 3317 ιαι
423 3286 521 3318 γαι
549 3286 616 3319 τα
660 3286 805 3335 παρα
843 3288 1091 3342 εγματα,
1127 3270 1260 3343 ἅπερ
1314 3290 1414 3322 εισι
1463 3270 1680 3338 νοήσεις
1732 3289 1826 3321 αυ-

1961 590 2046 645 uti
2074 592 2395 661 quamdam
2446 592 3006 648 demonstrationem
3056 610 3247 648 causae
3298 610 3425 665 quae
3476 600 3613 650 ante

1959 679 2251 734 subsistit.
2268 683 2468 751 Itaque
2483 680 3084 753 Deusdiciturnpodw,
3100 700 3164 737 ac
3188 684 3441 754 denique
3464 683 3611 737 dici-

1958 770 2054 820 tur
2083 768 2254 821 etiam
2288 764 2383 834 ὤν,
2421 774 2486 822 ut
2516 769 2779 824 omnium
2816 776 3039 837 auctor,
3075 772 3282 826 deinde
3314 772 3511 827 omnia
3542 789 3611 827 ex

1956 854 2083 927 ipso
2115 873 2260 911 esse.
2297 858 2443 929 Ergo
2475 874 2586 913 esse
2617 860 2942 913 secundum
3001 860 3433 929 cogitationem,
3469 862 3608 916 sub-

1956 944 2113 999 sistit
2145 962 2244 1015 pcr
2276 946 2784 1017 participationem
2832 948 2961 1017 ejus
3011 951 3165 1019 quod
3220 950 3559 1019 praeexstitit
3593 967 3605 1003 :

1957 1051 2072 1089 non
2104 1036 2257 1105 quod
2292 1036 2446 1090 Deus
2476 1037 2699 1092 divisus
2729 1038 2805 1091 sit
2835 1038 2894 1090 in
2927 1053 3054 1092 esse
3085 1054 3149 1091 ac
3182 1043 3315 1092 ante
3342 1040 3605 1107 esse,sed

1956 1123 2145 1193 ipsius
2177 1124 2446 1178 voluntas
2480 1142 2605 1195 quae
2652 1142 2743 1179 res
2794 1127 2848 1178 in
2900 1142 3029 1181 esse
3063 1127 3357 1197 produxit,
3393 1127 3611 1181 dicitur

1953 1212 2013 1267 in
2047 1213 2162 1268 Deo
2195 1218 2326 1267 ante
2357 1213 2717 1281 substitisse,
2752 1219 2929 1285 atque
2954 1216 3163 1269 divinae
3198 1216 3377 1286 hujus
3410 1216 3611 1270 volun-

1954 1301 2112 1367 tatis,
2162 1304 2233 1356 ad
2279 1309 2554 1357 creaturas
2610 1304 3013 1358 exsistentiam
3066 1305 3608 1376 prmdeterminataa,

1954 1391 2162 1445 merito
2194 1396 2328 1447 ante
2359 1391 2493 1455 alia,
2528 1391 2742 1462 quibus
2776 1410 2867 1447 res
2900 1398 3012 1448 Deo
3046 1394 3417 1464 participant,
3452 1395 3607 1448 anti-

1953 1482 2128 1551 quius
2160 1480 2390 1549 aliquod
2426 1482 2781 1553 principium
2816 1484 3005 1554 ipsius
3030 1485 3494 1556 esse,Deusipsc
3512 1501 3605 1539 co-

1953 1569 2203 1641 gitatur;
2239 1571 2427 1641 primo
2458 1571 2615 1626 enim
2649 1571 2869 1643 aliquid
2902 1578 3010 1640 est,
3036 1590 3101 1628 ac
3127 1579 3251 1629 tum
3284 1579 3374 1629 est
3405 1580 3461 1629 et
3490 1575 3607 1628 vita

1953 1663 2009 1714 et
2058 1659 2367 1729 sapientia.
2397 1662 2542 1715 171
2601 1660 2929 1716 Invisibiles
2974 1662 3156 1732 igitur
3202 1680 3269 1717 ac
3315 1679 3604 1733 supremae

1954 1754 2199 1815 mentes,
2235 1749 2422 1819 primo
2458 1749 2881 1820 participarunt
2937 1768 3073 1821 esse,
3106 1756 3283 1821 atque
3316 1751 3396 1806 ita
3425 1752 3603 1805 vitam

1956 1854 2018 1891 ac
2050 1838 2441 1909 sapientiam;
2475 1837 2625 1893 sicut
2656 1839 2810 1893 enim
2836 1839 2894 1892 in
2920 1839 3088 1894 nobis
3119 1840 3308 1910 prima
3338 1841 3601 1907 quaedam

1952 1927 2227 1981 subsistit
2256 1927 2498 1982 materia
2528 1942 2596 1981 ex
2628 1944 2741 1998 qua
2772 1930 3103 1995 sumus,ita
3134 1929 3309 1983 etiam
3344 1928 3605 1999 incorpo-

1952 2016 2065 2071 reis
2100 2018 2395 2071 mentibus
2426 2017 2585 2072 velut
2616 2017 2860 2071 materia
2891 2017 3241 2089 intelligitur
3270 2019 3464 2088 ipsum
3497 2035 3601 2073 ens

1950 2107 2127 2160 forma
2155 2108 2441 2177 cujusque
2475 2106 2531 2160 in
2566 2107 2701 2171 vita,
2736 2111 2791 2161 et
2821 2123 2933 2175 quo
2965 2108 3395 2161 substantiatur
3425 2107 3483 2161 in
3514 2110 3600 2163 vi-

1946 2200 2064 2251 tam
2100 2203 2156 2251 et
2186 2198 2533 2267 sapientiam
2559 2204 2613 2251 et
2638 2197 3107 2252 similitudinem.
3134 2198 3308 2252 Porro
3330 2197 3604 2252 similitu-

1945 2286 2143 2341 dinem
2167 2287 2341 2340 etiam
2376 2303 2557 2355 supra
2585 2285 2994 2356 explicuimus,
3016 2292 3190 2357 atque
3211 2286 3599 2353 identitatem,

1943 2377 2189 2430 virtutes
2220 2391 2347 2445 quae
2378 2376 2448 2429 ad
2482 2379 2664 2428 Deum
2697 2391 2933 2429 sursum
2964 2375 3209 2443 ducunt,
3243 2375 3459 2446 quibus
3488 2380 3598 2430 Deo

1943 2464 2350 2519 assimilantur
2372 2464 2511 2517 dum
2545 2464 2655 2533 ipsi
2688 2464 3005 2529 adhaerent,
3020 2480 3084 2517 ac
3109 2463 3200 2518 his
3224 2464 3281 2517 in
3311 2464 3596 2518 descensu

1942 2553 2293 2624 participant
2323 2569 2447 2623 quas
2471 2557 2820 2621 sequuntur,
2839 2567 2971 2605 cum
2993 2552 3119 2622 ipsa
3136 2552 3311 2607 etiam
3337 2552 3593 2622 primum

1940 2658 2068 2697 esse
2102 2642 2469 2712 participent.
2507 2641 2720 2695 Rerum
2752 2646 2945 2695 autem
3000 2639 3303 2710 principia,
3337 2640 3596 2711 intellige

1940 2730 2228 2785 essentias
2262 2747 2387 2800 quas
2424 2729 2609 2799 primo
2643 2731 2699 2783 in
2733 2730 3024 2784 creatione
3046 2730 3590 2800 substiterunt,quaa

1940 2821 2219 2875 dicuntur
2250 2818 2554 2889 principia,
2577 2835 2688 2873 non
2723 2820 2876 2889 quod
2913 2835 3003 2873 res
3035 2836 3103 2873 ex
3132 2819 3278 2890 ipsis
3310 2824 3589 2890 tanquam

1939 2910 2276 2977 elementis;
2309 2909 2411 2963 sed
2439 2908 2599 2978 quia,
2624 2907 2795 2962 sicuti
2823 2908 3047 2962 dictum
3080 2912 3190 2973 est,
3216 2914 3421 2963 creatae
3454 2914 3594 2963 sunt

1940 3004 2073 3054 ante
2107 2998 2497 3070 posteriores;
2528 2997 2688 3051 velut
2736 2997 2793 3051 in
2845 2997 3342 3069 intelligibilibus,
3376 2998 3593 3067 princi-

1941 3088 2102 3159 pium
2137 3086 2447 3142 crcationis
2498 3090 2637 3140 sunt
2688 3086 2904 3151 throni,
2939 3091 2995 3141 et
3042 3085 3123 3140 ita
3167 3085 3479 3157 deinceps;
3534 3088 3592 3139 in

1940 3176 2260 3232 sensilibus
2291 3181 2507 3241 autem,
2540 3176 2893 3245 principium
2946 3176 3259 3230 creationis
3298 3174 3505 3229 caalum
3540 3180 3593 3230 et

1941 3272 2091 3321 terra
2122 3282 2133 3319 :
2165 3267 2226 3320 In
2255 3264 2531 3336 prim-{pio
2561 3264 2715 3317 enim
2763 3264 2971 3319 creavit
3004 3266 3140 3319 Deus
3170 3266 3364 3319 caelum
3393 3270 3447 3319 et
3478 3269 3591 3319 ter-

198 3349 409 3416 τοτελεῖς
459 3352 630 3409 ἀΐδιοι
676 3361 773 3411 τοῦ
829 3354 1008 3412 ἀϊδίου
1058 3362 1213 3424 Θεοῦ,
1268 3358 1405 3411 καθά
1461 3360 1778 3434 προέφημεν
1810 3402 1823 3427 ,

1945 3372 2080 3411 ram.
2118 3356 2245 3409 Haec
2276 3354 2433 3407 enim
2468 3354 2759 3407 creatione
2811 3353 3117 3407 sensilium
3174 3355 3381 3424 prima.
3419 3353 3591 3407 Deni-

198 3435 511 3497 ὲπινοοῦνται
545 3446 713 3500 οἱονεὶ
747 3452 1015 3522 στοιχεῖα,
1047 3447 1136 3501 καὶ
1170 3447 1359 3523 ἀρχαὶ,
1390 3447 1479 3500 καὶ
1526 3446 1630 3515 ὕλη
1665 3443 1830 3508 ἄυλος

194 3529 265 3579 καὶ
294 3530 583 3604 ἀσώματος
614 3538 723 3589 τῶν
761 3536 1103 3612 μετεχόντων
1137 3536 1226 3591 καὶ
1258 3535 1432 3590 αὐτῶν
1488 3537 1592 3591 τῶν
1643 3533 1822 3603 ἰδεῶν,

197 3619 291 3672 οἷον
320 3625 428 3675 τῶν
464 3629 852 3698 παράχθεισῶν
902 3624 1209 3697 ἀσωμάτων
1257 3625 1478 3695 τάξεων*
1510 3626 1543 3693 ἡ
1581 3624 1679 3698 γὰρ
1731 3623 1823 3677 αὖ·

195 3710 375 3778 τοζωή,
434 3712 526 3765 καὶ
573 3712 895 3788 αὑτοσοφῖα,
930 3714 1019 3768 καὶ
1071 3714 1375 3784 αὑτόταξις,
1422 3714 1511 3767 καὶ
1557 3712 1734 3767 τᾶλλα
1761 3713 1828 3767 τὰ

193 3794 235 3849 ἐν
281 3804 393 3871 Θεῷ
437 3798 853 3878 παραδείγματά
895 3804 1051 3873 εἰσιν,
1104 3805 1175 3858 ὧν
1234 3804 1554 3879 μετέχουσιν
1614 3804 1668 3856 αἱ
1728 3800 1828 3872 δη-

196 3890 477 3963 μιουργίαι,
511 3891 586 3952 ὡς
636 3893 870 3964 σημείου
917 3890 1043 3961 ἤτοι
1075 3894 1301 3969 κέντρου
1351 3894 1407 3947 αἱ
1457 3894 1572 3947 κατ’
1622 3889 1825 3946 εὐθεῖαν

191 3978 422 4049 γραμμαὶ
457 3978 545 4033 ἐπὶ
576 3980 667 4034 τὸν
700 3980 904 4037 κύκλον
939 3981 1255 4059 φερόμεναι.

1940 3462 2051 3516 que
2082 3446 2257 3499 etiam
2290 3443 2457 3497 aliter
2488 3444 2643 3496 idem
2678 3447 2733 3496 et
2764 3443 3144 3513 exemplaria,
3177 3459 3299 3511 quae
3331 3447 3469 3496 sunt
3500 3444 3589 3497 in-

1937 3533 2297 3589 tellectiones
2334 3549 2434 3603 per
2465 3548 2526 3586 se
2555 3532 2823 3601 perfectas
2854 3535 3077 3584 aeternas
3112 3531 3307 3585 aeterni
3334 3530 3451 3599 Dei,
3476 3531 3591 3585 sic-

1940 3628 2189 3678 utantea
2220 3620 2711 3685 diximus,animo
2743 3619 3157 3690 concipiuntur
3190 3625 3254 3673 ut
3283 3618 3591 3686 elementa,

1938 3718 1995 3768 et
2028 3710 2331 3783 principia,
2364 3716 2421 3764 et
2470 3710 2727 3764 materia:
2758 3726 2962 3779 expers
2996 3714 3164 3778 atque
3198 3708 3323 3763 sine
3354 3724 3592 3778 corpore

1940 3799 2204 3868 materia,
2229 3799 2707 3870 participantium
2744 3798 3124 3869 ipsarumque
3154 3798 3441 3867 idearum,
3462 3802 3590 3852 tan-

1939 3907 2117 3963 quam
2174 3890 2648 3959 incorporeorum
2701 3889 3119 3959 productorum
3170 3887 3462 3941 ordinum.
3499 3886 3591 3941 Si-

1939 3980 2176 4051 quidem
2212 3979 2339 4050 ipsa
2365 3978 2504 4048 vita,
2540 3977 2782 4048 ipsaque
2813 3977 3119 4047 sapientia,
3154 3981 3211 4031 et
3251 3976 3375 4047 ipse
3422 3977 3589 4047 ordo,

200 4068 361 4137 atque
413 4068 531 4124 alia
583 4075 723 4126 sunt
779 4072 839 4126 in
898 4077 1012 4129 Deo
1068 4073 1443 4145 exemplaria,
1478 4088 1727 4145 quorum
1761 4073 2037 4128 creaturae
2065 4068 2399 4141 participes,
2434 4072 2499 4121 ut
2541 4067 2741 4138 puncti
2772 4083 2872 4121 seu
2908 4066 3092 4122 centri
3141 4082 3269 4137 quae
3318 4074 3473 4121 recta
3516 4066 3587 4120 ad

193 4154 465 4215 circulum
496 4161 766 4217 feruntur
793 4162 978 4218 lineas.

254 4246 467 4303 Πάντων
519 4247 611 4303 οὖν
655 4249 900 4315 εἰκότως.
950 4253 1157 4323 Ἑαυτῷ
1208 4252 1409 4323 ταύτην
1468 4254 1567 4322 τὴν
1617 4272 1827 4328 προση-

189 4336 362 4407 γορίαν
409 4336 561 4393 ἔθετο
590 4339 617 4393 6
650 4340 798 4412 Θεὸς,
833 4340 1023 4398 εἰπών.
1074 4343 1221 4417 Ἐγώ
1253 4353 1365 4414 ειμι
1399 4342 1425 4396 6
1459 4336 1552 4395 ὥν·
1590 4338 1675 4396 διὸ
1721 4340 1827 4415 πρὸ

190 4426 287 4477 τῶν
312 4423 519 4499 ἄλλων,
554 4429 651 4482 ὅσα
696 4430 819 4505 περὶ
868 4430 1033 4485 αὑτοῦ
1086 4428 1325 4505 λέγεται,
1377 4430 1488 4484 οἷον
1541 4435 1703 4499 ζωῆς,
1736 4430 1823 4483 καὶ

189 4516 389 4587 σοφίας,
419 4516 511 4571 καὶ
560 4522 666 4572 τῶν
698 4518 990 4587 τοιούτων,
1034 4518 1260 4580 εἷ’κότως
1300 4518 1698 4595 ἀναγορεύεται.
1733 4520 1827 4588 Τῷ

192 4598 243 4654 δὲ
294 4604 459 4659 εἰπεῖν
515 4611 763 4679 προεῖναι
819 4607 909 4661 καὶ
972 4609 1266 4683 ὑπερεῖναι,
1322 4608 1385 4662 τὸ
1442 4604 1676 4683 ἄναρχον
1738 4606 1825 4661 καὶ

191 4689 345 4763 πάντη
378 4692 749 4766 ἀκατανόητον
796 4699 894 4751 τοῦ
943 4698 1074 4751 εἶναι
1104 4697 1196 4752 τὸν
1230 4697 1357 4751 Θεὸν
1393 4696 1730 4772 ὑφηγήσατο,
1765 4697 1822 4757 ὃς

190 4782 269 4834 καὶ
321 4788 399 4855 τῷ
460 4790 791 4861 προορισμῷ
844 4793 944 4855 τῆς
1011 4786 1213 4848 οἰκείας
1269 4785 1509 4862 ἀρῥήτου
1567 4788 1822 4860 γνώσεως

190 4879 621 4944 προϋπεστησατο
670 4876 732 4929 τὸ
788 4874 935 4939 ὅλως
973 4877 1104 4931 εἶναι
1151 4876 1218 4931 τὰ
1261 4875 1454 4930 πάντα·
1498 4874 1677 4947 τούτῳ
1720 4875 1819 4948 γάρ

192 4956 353 5034 ἀθρόῳ
386 4966 430 4999 ¹⁹
454 4964 591 5018 κατά
621 4965 843 5039 πρώτην
876 4961 1193 5039 προσϐολὴν
1229 4960 1516 5019 ἐπιϐάλλει
1551 4965 1577 5018 ὁ
1599 4968 1723 5025 νοῦς
1745 4966 1821 5033 τῷ

190 5045 326 5103 εἶναι·
376 5052 469 5107 εἶθ’
520 5053 667 5107 οὕτω
710 5054 771 5108 τὸ
823 5055 1072 5109 ὁπωσοῦν
1125 5055 1256 5109 εἶναι
1302 5054 1438 5108 αὑτά
1487 5057 1699 5127 θεωρεῖ.
1750 5052 1819 5105 Τὸ

190 5136 264 5190 οὖν
311 5140 501 5203 ἀπλῶς
540 5142 693 5214 εἶναι,
736 5142 798 5196 οὑ
847 5144 909 5197 τὸ
952 5148 1068 5205 πῶς
1119 5143 1254 5197 εἶναι
1304 5140 1600 5213 ἐδήλωσεν,
1654 5140 1817 5194 εἰπὼν

189 5230 291 5282 καθ’
335 5230 467 5286 αὐτὸ
514 5232 576 5285 τὸ
630 5232 787 5304 εἶναι,
834 5230 1015 5309 ὥσπερ
1071 5232 1193 5303 ἑξῆς
1230 5233 1329 5301 τὴν
1386 5231 1689 5300 αύτοζωὴν,
1721 5231 1819 5298 τὴν

191 5318 631 5394 αὑτοομοιότητα,
662 5320 751 5376 καὶ
780 5322 846 5376 τὰ
893 5321 985 5377 σὺν
1029 5323 1216 5385 αὐτοῖς
1252 5321 1441 5392 εἷ’πὼν,
1473 5321 1536 5377 τὸ
1567 5318 1714 5383 ὅλως
1747 5322 1822 5374 εἴ·

254 5464 389 5539 (b-c)
417 5467 595 5524 Exod.
630 5484 714 5535 III,
747 5466 835 5524 44.

2006 4252 2193 4308 Merito
2224 4250 2405 4323 igitur
2434 4250 2705 4306 omnibus.
2744 4254 2891 4304 Deus
2926 4248 3037 4303 sibi
3070 4247 3177 4303 hoc
3209 4264 3423 4303 nomen
3474 4246 3585 4302 im-

1938 4342 2291 4412 posuit,cum
2315 4341 2487 4395 dixit:
2513 4340 2619 4410 Ego
2640 4356 2758 4394 sum
2778 4341 2875 4410 qui
2890 4338 3458 4410 est(b).(c):ideoante
3471 4336 3587 4391 alia

1938 4447 2065 4501 quae
2097 4431 2167 4484 de
2198 4430 2323 4500 ipso
2354 4429 2650 4493 dicuntur,
2676 4428 2855 4482 veluti
2886 4428 3063 4482 vitam
3085 4432 3141 4480 et
3162 4425 3510 4497 sapientiam
3530 4429 3586 4479 et

1937 4520 2099 4589 talia,
2125 4520 2259 4588 jure
2289 4518 2633 4590 appellatur.
2667 4517 2921 4572 Dicendo
2962 4522 3157 4571 autem
3206 4518 3452 4587 προεῖναι
3493 4512 3579 4566 καὶ

1857 4584 1906 4646 Ῑ)
1939 4609 2357 4681 ὐπερεῖναι,εθυ
2390 4607 2553 4680 prius
2586 4622 2714 4663 esse
2745 4610 2802 4662 et
2832 4624 3011 4679 supra
3041 4622 3191 4675 esse,
3212 4611 3388 4661 Deum
3422 4604 3583 4675 prin-

1935 4698 2087 4770 cipio
2156 4714 2377 4767 carere,
2425 4696 2782 4767 omninoque
2835 4713 2950 4751 non
2984 4694 3410 4765 intelligibilem
3457 4710 3586 4749 esse

1931 4787 2264 4854 declaravit,
2306 4786 2408 4857 qui
2461 4786 2635 4841 etiam
2689 4785 3290 4855 prmdeterminatione
3340 4783 3583 4855 propria:

1930 4874 2602 4946 inefi‘abiliscognitionis
2616 4874 2811 4930 omnia
2828 4875 3416 4944 produxitantequam
3433 4888 3587 4941 pror-

1931 4982 2033 5020 sus
2065 4972 2291 5031 essent;
2321 4981 2487 5019 mens
2518 4964 2675 5019 enim
2712 4964 2899 5034 primo
2935 4964 3152 5033 impetu
3175 4961 3379 5017 buicin
3401 4976 3583 5014 unum

1931 5054 2171 5108 collecto
2205 5069 2331 5108 esse
2360 5053 2684 5119 incumbit;
2733 5058 2934 5123 postea
2960 5052 3042 5105 sic
3071 5051 3200 5120 ipsa
3248 5049 3581 5119 aliquantu-

1930 5142 2052 5197 lum
2086 5159 2210 5197 esse
2239 5144 2442 5198 cernit.
2480 5145 2623 5215 Ergo
2657 5142 3005 5214 simpliciter
3052 5156 3202 5209 esse,
3236 5157 3350 5195 non
3388 5145 3581 5195 autem

1932 5231 2129 5303 aliquo
2163 5233 2334 5287 modo
2366 5249 2489 5288 esse
2519 5232 2853 5300 declaravit,
2876 5247 3009 5286 cum
3042 5230 3187 5285 dixit
3216 5246 3319 5301 per
3349 5247 3409 5286 se
3432 5246 3581 5298 esse;

1932 5322 2086 5379 sicut
2115 5322 2390 5394 deinceps
2423 5338 2556 5379 cum
2589 5322 2778 5393 ipsam
2809 5322 3007 5388 vitam,
3028 5320 3217 5393 ipsam
3251 5321 3584 5377 similitudi-

1195 5594 1426 5654 VARI/E
1465 5594 1859 5653 LECTIONES
1897 5595 1980 5651 ET
2019 5590 2574 5651 CORRECTIONES.

261 5714 304 5755 ¹⁹
329 5718 485 5774 τοῦτο
513 5713 614 5796 γὰρ
653 5712 882 5793 ἁθρόως.
