4080 6366
404 346 510 399 319

1224 344 1589 397 APPENDIX
1637 345 1730 395 AD
1770 341 2009 396 OPERA
2048 343 2104 394 S.
2148 340 2462 395 DIONYSII
2500 342 3003 399 AREOPAGITE.

3724 340 3833 395 320

407 484 564 533 nem,
586 471 641 521 st
672 484 798 538 quas
830 481 963 521 cum
998 464 1139 536 ipsis
1171 465 1336 532 dixit,
1361 481 1605 536 prorsus
1627 479 1756 518 esse
1786 462 1965 516 vitam
1996 477 2062 515 ac

2192 481 2260 513 ραι
2314 462 2479 531 ζωὴν,
2530 463 2618 516 καὶ
2668 462 2857 524 ἁπλῶς
2905 465 2965 517 τὸ
3017 466 3137 536 ζῇν,
3187 462 3315 538 οὐχὶ
3365 459 3421 516 δὲ
3467 462 3567 530 τήν
3616 459 3832 517 τοιάνδε

407 555 756 628 simpliciter
773 557 983 620 vivere,
1011 572 1125 609 non
1147 570 1276 609 vero
1311 553 1487 608 talem
1520 555 1697 607 vitam
1731 549 2060 622 explicavit,

408 653 463 703 et
495 647 610 701 alia
637 646 930 711 similiter,
966 647 1075 698 boc
1106 645 1363 715 primum
1398 641 1698 715 appellant
1728 657 1875 696 esse.

480 737 631 790 I12
667 738 730 789 Et
760 737 812 789 si
838 734 919 789 vis
952 736 1275 789 viventium.
1309 733 1472 787 Sicut
1508 733 1706 802 aliqua
1738 730 1960 785 ratione
2002 728 2061 782 in

406 825 793 897 qualitatibus
814 841 1023 895 nempe
1054 828 1185 877 ante
1217 822 1707 891 subsistuntipsa:
1726 819 2060 890 qualitates,

409 921 609 985 postea
642 915 972 969 accidentes
1005 910 1291 985 qualitate
1321 912 1615 977 afﬁciunt;
1650 910 1732 964 ita
1748 909 1923 963 etiam
1944 908 2063 962 haec

406 1004 668 1075 intellige
697 1004 864 1075 quasi
901 1020 1001 1074 per
1030 1017 1093 1057 se
1124 1017 1403 1073 corporea
1450 1000 1655 1055 albedo
1706 998 1934 1069 corpori
1976 998 2065 1051 in-

407 1094 656 1159 haerens,
694 1093 891 1163 ipsum
944 1090 1178 1145 dealbat
1213 1108 1224 1144 :
1276 1090 1362 1145 sic
1394 1089 1572 1143 etiam
1626 1104 1752 1159 quae
1785 1087 1879 1141 hic
1911 1087 2067 1140 dicta

409 1186 550 1237 sunt
581 1198 713 1236 cum
751 1181 1121 1253 proportione
1162 1178 1444 1249 intellige,
1478 1178 1630 1248 quod
1665 1178 1817 1231 Deus
1846 1192 2065 1247 prasex-

410 1272 646 1337 sistens,
683 1287 785 1325 seu
818 1270 955 1339 vita,
978 1273 1189 1323 cuncta
1217 1268 1473 1321 vivificat
1502 1283 1629 1337 quas
1662 1266 1850 1336 ipsam
1886 1263 2065 1335 parti-

411 1361 629 1430 cipant.

480 1450 585 1504 Per
614 1464 669 1503 se
698 1448 1183 1518 participationes.
1219 1444 1699 1516 Participationes
1739 1443 1898 1509 dicit,
1933 1441 2065 1513 qui-

406 1538 518 1592 bus
553 1555 643 1593 res
679 1537 1054 1609 participant,
1080 1541 1140 1590 ut
1171 1536 1363 1606 ipsum
1393 1552 1541 1601 esse,
1569 1538 1669 1589 aut
1689 1534 1824 1603 vita,
1849 1537 1950 1587 aut
1972 1549 2064 1586 sa-

408 1628 651 1699 pientia,
698 1630 800 1681 aut
848 1627 1010 1694 ordo,
1046 1631 1102 1680 et
1151 1630 1379 1695 caetera,
1412 1641 1537 1695 quas
1587 1622 2065 1695 participationes

408 1716 605 1771 divina
638 1720 778 1771 sunt
811 1716 1125 1785 dona,quae
1156 1715 1332 1769 etiam
1364 1713 1654 1784 principia
1687 1727 2067 1767 rerumvoca-

409 1806 513 1861 vit.

480 1898 507 1963 §
538 1896 627 1951 VI.
650 1900 846 1964 Estque
876 1911 947 1947 ex
978 1894 1096 1963 ipsa
1126 1896 1176 1946 et
1204 1894 1263 1946 in
1293 1894 1435 1962 ipsa.
1461 1895 1549 1944 Ita
1581 1889 2028 1961 intelligendum
2054 1904 2068 1944 :

406 2001 561 2040 mens
576 2001 708 2038 cum
726 1985 802 2038 sit
816 2000 916 2054 per
930 2000 990 2037 se
1004 1981 1290 2037 excellens
1305 1981 1800 2050 bonitas,totaque
1812 1978 2073 2034 efficacia

409 2075 469 2128 in
488 2075 741 2143 seipsam
759 2089 1056 2137 conversa,
1073 2072 1447 2126 efficaciaseu
1465 2074 1594 2125 actu
1613 2073 1847 2133 est,non
1863 2069 2071 2123 virtute

409 2180 510 2217 seu
528 2161 928 2231 habitu,prius
943 2162 1229 2216 exsistens
1245 2160 1523 2226 amentia,
1544 2164 1743 2229 postea
1756 2164 1887 2212 actu
1905 2174 2069 2212 mens

410 2250 640 2319 effecta;
664 2251 818 2304 unde
831 2249 1008 2304 etiam
1025 2254 1186 2303 tantu
1199 2254 1351 2304 mest
1373 2265 1537 2303 mens
1552 2264 1626 2318 pu
1639 2265 1721 2313 ra,
1738 2264 1851 2302 non
1869 2264 1935 2301 su
1949 2263 2070 2316 per-

412 2339 510 2393 ind
523 2345 714 2393 uctam
733 2338 957 2393 habens
971 2338 1448 2409 sapientiam,sed
1470 2353 1748 2407 prorsusa
1763 2336 1956 2407 seipsa
1978 2336 2067 2390 in-

410 2427 733 2499 telligit.Sit
751 2428 908 2482 enim
925 2427 1182 2482 essentia
1197 2428 1325 2496 ejus
1340 2427 1453 2481 alia
1468 2431 1700 2497 estquae
1713 2433 1901 2480 autem
1916 2425 2073 2479 intel-

415 2518 542 2587 ligit
573 2522 713 2572 sunt
744 2518 815 2572 ab
846 2517 973 2588 ipso
1007 2516 1256 2583 diversa,
1280 2516 1406 2585 ipse
1434 2515 1681 2586 intelligi
1716 2514 1921 2585 nequit
1946 2531 2070 2583 ,seu

416 2609 543 2677 ejus
575 2609 863 2675 essentia;
899 2604 949 2661 si
975 2623 1107 2661 vero
1137 2606 1358 2675 aliquid
1392 2606 1626 2674 habet,a
1644 2604 1837 2675 seipso
1869 2604 2065 2673 habet,

412 2714 527 2751 non
554 2697 623 2751 ab
646 2695 790 2761 alio;
811 2696 1073 2751 siautem
1102 2711 1135 2749 a
1159 2694 1374 2765 seipso,
1399 2699 1455 2748 et
1474 2710 1540 2748 ex
1561 2693 1754 2763 seipso
1777 2691 2072 2763 intelligit,

417 2786 542 2857 ipse
573 2790 659 2841 est
689 2803 817 2857 quae
847 2784 1158 2853 intelligit;
1194 2799 1331 2853 ergo
1364 2800 1498 2837 cum
1530 2782 1608 2837 sit
1637 2798 1825 2850 mens,
1862 2785 1927 2835 ut
1971 2780 2071 2850 qui

416 2880 524 2943 est,
548 2891 748 2929 revera
779 2890 869 2927 res
901 2871 1209 2942 intelligit;
1243 2872 1288 2925 si
1323 2875 1518 2925 autem
1550 2870 1811 2941 seipsum
1854 2867 2072 2923 intelli-

419 2979 562 3034 gens
594 2980 685 3019 res
718 2961 1015 3031 intelligit,
1050 2960 1174 3031 ipse
1204 2966 1293 3014 est
1322 2976 1435 3026 res,
1470 2964 1573 3013 aut
1617 2960 1775 3014 enim
1808 2957 1946 3013 alibi
1972 2974 2073 3012 ex-

421 3053 695 3107 sistentes
728 3052 887 3122 ipsas
907 3048 1215 3120 intelliget,
1242 3054 1343 3103 aut
1372 3050 1429 3102 in
1463 3048 1680 3119 seipso,
1706 3054 1914 3119 utque-3
1937 3051 2077 3103 sunt

420 3142 583 3209 ejus;
618 3139 757 3195 alibi
777 3139 1015 3211 quidem
1040 3155 1131 3194 res
1146 3138 1422 3194 exsistere
1446 3137 1774 3209 intelligere
1803 3136 2073 3208 impossi-

2099 1844 2146 1909 B

2174 550 2318 617 ζωὴν
2365 550 2720 625 εἰσηγήσατο,
2774 552 2863 606 καὶ
2921 554 2988 607 τὰ
3058 550 3204 607 ἄλλα
3262 549 3317 606 δὲ
3374 551 3608 624 ὁμοίως,
3666 555 3828 607 τοῦτο

2172 643 2386 713 πρῶτον
2423 646 2851 716 κατηγοροῦνται
2882 642 2943 696 τὸ
2978 643 3129 697 εἶναι.

2243 728 2343 782 Καὶ
2378 729 2423 782 εἰ
2459 729 2646 804 βούλει
2693 736 2800 785 τῶν
2853 734 3094 800 ζώντων.
3140 734 3340 804 ’Ὠσπερ
3389 730 3538 803 λόγῳ
3586 730 3695 784 τινὶ
3742 729 3830 783 ἐπὶ

2171 821 2275 870 τῶν
2312 821 2622 888 ποιοτήτων
2676 820 2843 874 οἱονεὶ
2897 818 3215 895 προΰπεισιν
3271 821 3325 873 αἱ
3378 820 3826 888 αὑτοποιότητες·

2174 906 2285 959 εἶτα
2342 902 2735 978 συμϐαίνουσαι
2794 914 3041 964 ποιοῦσιν
3106 906 3268 964 οὕτω·
3322 910 3411 963 καὶ
3469 914 3639 963 ταῦτα
3696 907 3830 975 νόει,

2179 995 2291 1048 οἷον
2325 998 2359 1064 ἡ
2408 998 2798 1071 αὑτοσώματος
2850 996 3135 1069 λευκότης,
3182 997 3539 1074 ἐπιγενομένη
3592 996 3833 1069 σώματι,

2175 1082 2443 1140 λευκαίνει
2488 1092 2671 1142 τοῦτο’
2722 1088 2865 1142 οὕτω
2913 1087 3002 1143 καὶ
3056 1088 3123 1141 τὰ
3170 1087 3431 1163 εἰρημένα
3477 1085 3584 1141 ὧδε
3631 1086 3832 1155 νόησον

2175 1170 2481 1248 ἀναλόγως,
2531 1176 2615 1230 ὅτι
2664 1178 2926 1252 προϋπὼν
2978 1178 3005 1230 ὁ
3056 1177 3207 1248 Θεὸς,
3264 1175 3387 1246 ἤτοι
3438 1180 3473 1246 ἡ
3527 1178 3667 1245 ζωὴ,
3703 1175 3838 1246 ξωοῖ

2174 1261 2349 1317 πάντα
2376 1266 2443 1319 τὰ
2472 1266 2639 1320 αὑτοῦ
2674 1266 2991 1341 μετέχοντα.

2248 1448 2362 1508 Τὰς
2395 1444 2801 1521 αὑτομετοχάς,
2834 1445 3087 1521 Μετοχάς
3119 1467 3303 1523 φησιν,
3339 1447 3412 1499 ὧν
3443 1446 3509 1500 τὰ
3538 1446 3665 1500 ὅντα
3713 1466 3836 1517 μετ-

2176 1535 2417 1611 έχουσιν,
2450 1535 2564 1589 οἷον
2616 1536 2747 1589 αὐτὸ
2793 1534 2857 1589 τὸ
2911 1535 3045 1589 εἶναι
3078 1537 3112 1604 ἢ
3149 1536 3284 1603 ζωὴ,
3314 1536 3349 1604 ἢ
3383 1534 3566 1609 σοφία,
3595 1536 3629 1600 ἢ
3664 1534 3831 1604 τάξις,

2174 1625 2361 1679 καὶτὰ
2392 1623 2584 1693 λοιπὰ,
2633 1622 2832 1686 α’ίτινες
2882 1626 3112 1699 μετοχαὶ
3161 1630 3298 1687 θεῖαι
3347 1623 3680 1699 τυγχάνουσι
3727 1621 3835 1677 δω-

2177 1716 2313 1789 ρεαὶ,
2343 1714 2402 1777 ἃς
2433 1714 2523 1769 καὶ
2556 1713 2731 1788 ἀρχὰς
2759 1717 2867 1768 τῶν
2897 1709 3065 1769 ὄντων
3094 1712 3334 1770 ἐκάλεσε.

2252 1896 2403 1963 §Vl.
2462 1892 2565 1948 Καὶ
2625 1889 2765 1947 ἔστιν
2839 1891 2890 1963 ἐξ
2950 1891 3118 1961 αὐτῆς
3181 1892 3270 1946 καὶ
3326 1890 3377 1945 ἐν
3428 1892 3564 1963 αὑτῇ
3599 1932 3612 1947 .
3676 1888 3837 1946 Οὕτω

2177 1984 2422 2052 νοητέον·
2472 1984 2506 2051 ἡ
2556 1982 3143 2057 αὖτοϋπεραγαθότης,
3190 1985 3318 2044 νοῦς
3370 1981 3522 2049 οὖσα,
3578 1978 3670 2034 καὶ
3729 1976 3835 2048 ὅλη

2180 2072 2437 2149 ἐνέργεια,
2498 2072 2573 2133 εἷς
2622 2074 2818 2141 ἓαυτὴν
2868 2071 3240 2147 ἐστραμμένη,
3286 2072 3525 2148 ἐνεργείᾳ
3569 2069 3733 2138 ἐστὶν,
3776 2070 3838 2123 οὑ

2181 2160 2428 2234 δυνάμει,
2460 2160 2723 2236 πρότερον
2775 2162 2907 2215 οὖσα
2961 2160 3261 2237 ἀφροσύνη,
3297 2162 3406 2216 εἶτα
3443 2164 3568 2220 νοῦς
3599 2159 3843 2233 ἐνεργείᾳ

2177 2250 2466 2326 γινομένη·
2529 2250 2645 2304 ὅθεν
2694 2249 2785 2305 καί
2846 2249 2954 2304 ἐστι
3008 2255 3131 2312 νοῦς
3192 2251 3355 2322 μόνον
3409 2249 3682 2323 καθαρὸς,
3744 2247 3843 2301 οὐκ

2180 2339 2492 2394 ἐπείσακτον
2546 2336 2693 2414 ἔχων
2723 2340 2786 2394 τὸ
2835 2346 3070 2416 φρονεῖν,
3105 2337 3252 2393 ἀλλὰ
3276 2341 3400 2412 παρ’
3454 2340 3646 2392 ἑαυτοῦ
3704 2339 3839 2391 πάν-

2178 2450 2287 2491 τως
2315 2434 2447 2484 νοεῖ.
2509 2427 2573 2485 Εἰ
2604 2430 2703 2505 γὰρ
2735 2431 2768 2497 ἡ
2807 2430 2902 2501 μὲν
2936 2427 3096 2482 οὐσία
3126 2429 3292 2482 αὐτοῦ
3339 2426 3487 2498 ἄλλη
3522 2425 3684 2494 ἐστὶν,
3720 2425 3751 2479 ἃ
3782 2423 3842 2479 δὲ

2179 2522 2296 2571 νοεῖ
2321 2515 2475 2591 ἵτερα
2513 2517 2699 2584 αὐτοῦ,
2731 2518 2889 2578 αὑτὸς
2938 2517 3169 2586 ἀνόητος
3222 2512 3389 2585 ἔσται,
3436 2517 3607 2590 ἤγουν
3659 2517 3692 2583 ἠ
3746 2513 3837 2568 οὐ-

2182 2606 2270 2660 σία
2318 2606 2507 2660 αὐτοῦ’
2555 2606 2599 2659 εί
2648 2628 2699 2660 τι
2747 2604 2805 2661 δί
2854 2604 2991 2680 ἔχει,
3044 2607 3170 2680 παρ’
3207 2606 3398 2659 ἑαυτοῦ
3429 2601 3568 2679 ἔχει,
3618 2604 3681 2658 οὐ
3711 2605 3839 2677 παρ’

2182 2695 2377 2749 ἄλλοιν
2426 2696 2471 2750 εί
2518 2693 2574 2749 δὲ
2618 2697 2744 2771 παρ’
2794 2696 3006 2761 ἑαυτοῦ,
3050 2694 3139 2750 καὶ
3187 2694 3238 2765 ἐξ
3284 2694 3446 2748 αὐτοῦ
3493 2699 3626 2765 νοεῖ,
3674 2694 3840 2754 αὑτός

2181 2783 2323 2838 ἐστιν
2352 2784 2382 2838 ἃ
2411 2789 2543 2840 νοεῖ.
2578 2784 2781 2839 Οὐκοῦν
2811 2788 2935 2846 νοῦς
2968 2782 3063 2855 ὣν,
3100 2781 3271 2845 ὅντως
3300 2788 3416 2838 νοεῖ
3459 2783 3526 2837 τὰ
3584 2779 3714 2837 ὄντα
3765 2784 3840 2843 ὡς

2183 2868 2278 2929 ὥν.
2312 2872 2379 2926 Εἴ
2425 2871 2515 2927 οῦν
2565 2878 2703 2928 νοῶν
2753 2875 2939 2927 ἑαυτὸν
2983 2876 3049 2927 τὰ
3096 2870 3219 2927 ὄντα
3249 2877 3384 2943 νοεῖ,
3416 2871 3575 2933 αὐτός
3604 2870 3718 2925 ἐστι
3766 2872 3833 2925 τὰ

2185 2958 2308 3016 ὄντα
2348 2979 2360 2994 °
2390 2962 2425 3030 ἢ
2482 2962 2582 3036 γὰρ
2640 2963 2862 3037 ἑτέρωθι
2915 2958 3044 3017 ὄντα
3096 2962 3229 3016 αὐτᾶ
3258 2964 3463 3031 νοήσει,
3496 2962 3530 3028 ἢ
3565 2959 3617 3014 ἐν
3644 2961 3840 3031 ὲα-γτῷ,

2185 3052 2260 3113 ὡς
2285 3052 2449 3105 αὐτοῦ
2482 3048 2610 3106 ὄντα
2643 3072 2655 3084 ·
2690 3052 2941 3127 ἀλλαχοῦ
2997 3052 3090 3123 μὶν
3151 3047 3281 3105 ὄντα
3338 3049 3428 3104 οῦν
3491 3050 3552 3104 οὗ
3612 3046 3841 3103 δυνατὸν

2185 3147 2381 3209 νοῆσαι
2415 3159 2428 3171 '
2462 3145 2571 3194 ποῦ
2596 3139 2697 3217 γὰρ
2730 3138 2859 3195 ὄντα
2901 3140 2953 3194 ἐν
3000 3141 3319 3210 αἰσθητοῖς;
3350 3140 3416 3194 τὰ
3458 3139 3561 3213 γὰρ
3612 3137 3847 3207 αἰσθητὰ

418 3230 554 3298 bile,
604 3230 702 3285 ubi
760 3230 917 3284 enim
962 3228 1253 3283 exsistunt
1304 3228 1366 3282 in
1425 3225 1789 3283 sensilibus?
1834 3225 2075 3281 sensilia

2192 3231 2288 3284 οὐκ
2346 3230 2477 3284 εἰσὶν
2534 3226 2681 3298 ὄντα,
2725 3232 2815 3284 ἅτε
2860 3230 3064 3305 τρεπτά
3112 3225 3261 3297 ὄντα,
3294 3228 3383 3283 καὶ
3432 3228 3716 3304 γινόμενα,
3751 3227 3841 3281 καὶ

416 3321 573 3375 enim
609 3337 722 3373 non
758 3323 917 3384 sunt,
951 3322 1150 3389 utpote
1181 3317 1493 3373 mutationi
1536 3316 1806 3381 obnoxia,
1838 3331 2078 3387 genera-

418 3410 557 3464 bilia
586 3414 644 3464 et
675 3407 1113 3480 corruptibilia;
1147 3424 1282 3478 ergo
1307 3407 1569 3477 seipsum
1602 3411 1656 3461 et
1686 3407 1744 3460 in
1778 3406 1971 3474 seipso
1995 3404 2077 3458 in-

416 3498 648 3569 telligit.
672 3499 957 3562 Quoniam
985 3501 1181 3551 autem
1216 3502 1366 3550 Deus
1396 3500 1486 3550 est
1514 3496 1691 3550 etiam
1721 3510 1916 3549 rerum
1944 3510 2078 3548 con-

418 3588 591 3654 diter,
627 3588 685 3642 in
720 3604 784 3642 eo
818 3587 972 3658 quod
1006 3587 1254 3641 necdum
1305 3588 1413 3645 est.
1448 3602 1548 3639 eas
1598 3589 1947 3655 cognoscet;
1979 3600 2073 3638 ve-

421 3693 552 3730 rum
601 3677 725 3745 ipse
756 3680 844 3730 est
878 3674 1135 3729 universi
1184 3673 1368 3743 hujus
1420 3672 1825 3743 archetypum,
1857 3676 1915 3726 et
1945 3689 2072 3741 quae

419 3764 693 3834 intelligit
722 3781 836 3818 non
881 3765 951 3818 ab
1004 3762 1134 3818 aliis
1185 3768 1395 3833 typum
1445 3762 1739 3832 accipiens
1786 3761 2085 3832 intelligit.

422 3870 555 3908 cum
589 3852 665 3907 sit
695 3869 893 3907 eorum
929 3869 1055 3922 quas
1089 3856 1227 3905 sunt
1258 3850 1584 3920 exemplar;
1620 3851 1705 3905 sic
1737 3867 1927 3921 neque
1957 3850 2084 3921 ipse

423 3943 482 3997 in
516 3943 660 4008 loco,
684 3958 872 4011 neque
904 3957 970 3997 ea
1006 3958 1128 4011 qua:
1164 3940 1223 3994 in
1255 3940 1383 4011 ipso
1409 3940 1566 3994 velut
1596 3940 1654 3993 in
1678 3938 1832 4007 loco;
1861 3940 1960 3995 sed
1990 3939 2089 3994 ha'

423 4032 517 4086 bet
546 4048 613 4086 ea
647 4035 709 4084 ut
739 4032 997 4102 seipsum
1043 4030 1286 4097 habens,
1314 4028 1577 4100 ipsisque
1610 4028 1925 4092 exsistens,
1961 4045 2087 4083 om-

427 4121 599 4175 nibus
633 4120 870 4191 quidem
897 4119 1075 4175 simul
1105 4118 1547 4187 exsistentibus,
1568 4122 1623 4172 et
1645 4116 2090 4172 indivisibiliter

424 4210 483 4264 in
516 4210 643 4281 ipso
676 4209 1127 4275 exsistentibus;
1163 4207 1462 4263 distinctis
1496 4211 1713 4272 autem,
1738 4206 1796 4260 in
1825 4205 2086 4262 indivisi-

426 4300 528 4354 bili
560 4298 1019 4354 indivisibilitcr.
1037 4298 1177 4367 Ejus
1197 4296 1378 4368 igitur
1406 4295 1792 4365 cogitationes
1815 4300 2086 4350 suntres.

431 4406 522 4443 res
549 4392 745 4443 autem
780 4393 920 4443 sunt
949 4385 1194 4457 species.
1242 4385 1616 4454 Cogitationes
1663 4399 1795 4440 vero
1844 4398 1961 4440 non
2011 4384 2089 4439 ita

429 4477 904 4548 intelligendum,
938 4475 1094 4545 quod
1130 4478 1444 4545 postquam
1488 4472 1726 4543 aliquod
1759 4477 1901 4528 certi
1934 4474 2092 4545 cogi-

2186 3318 2565 3393 ἀπολλύμενα.
2627 3322 2847 3376 Ἑαυτὸν
2911 3318 2999 3374 οῦν
3062 3319 3163 3395 ἄρα
3202 3319 3292 3374 καὶ
3356 3320 3406 3373 ἐν
3470 3320 3645 3389 ἑαυτῷ
3699 3322 3837 3372 νοεῖ.

2183 3407 2405 3477 Ἐπειδὴ
2467 3408 2523 3464 δὲ
2578 3409 2667 3464 καὶ
2719 3412 2956 3478 ποιητὴς
3003 3413 3111 3463 τῶν
3164 3405 3333 3464 ὅντων
3368 3408 3508 3463 ἐστὶν
3543 3408 3570 3461 ὁ
3603 3408 3757 3477 Θεὸς,
3786 3405 3839 3460 ἐν

2183 3504 2261 3570 τῷ
2297 3501 2464 3571 μήπω
2498 3496 2611 3553 ὄντι
2642 3502 2827 3569 νοήσει
2864 3498 3014 3553 αὐτὼ
3050 3498 3174 3553 ἀλλ’
3204 3498 3363 3559 αὐτὸς
3395 3496 3703 3573 ἀρχέτυπός
3727 3496 3839 3551 ἐστι

2182 3587 2377 3642 τούτου
2408 3593 2505 3642 τοῦ
2534 3588 2735 3649 παντός
2767 3608 2778 3619 ·
2814 3588 2901 3642 καὶ
2934 3587 2966 3640 ἃ
3006 3593 3139 3655 νοεῖ,
3176 3588 3240 3641 οὐ
3284 3587 3487 3647 τύπους
3538 3580 3838 3658 λαμϐάνων

2197 3678 2284 3753 ἀφ’
2343 3678 2560 3750 ἐτέρων,
2595 3676 2754 3739 αὐτὸς
2806 3676 2878 3730 ὣν
2929 3681 3036 3731 τῶν
3088 3672 3255 3730 ὄντων
3288 3673 3675 3751 παράδειγμα·
3715 3674 3857 3729 ὥστε

2199 3764 2321 3820 οὔτε
2352 3766 2510 3828 αὐτὸς
2544 3765 2598 3822 ἐν
2627 3766 2801 3838 τόπῳ,
2836 3763 2958 3820 οὔτε
3007 3766 3075 3819 τὰ
3119 3764 3170 3819 ἐν
3229 3766 3379 3835 αὐτῷ
3412 3765 3487 3825 ὡς
3539 3763 3591 3817 ἐν
3646 3763 3804 3834 τόπῳ
3840 3781 3853 3794 ·

2199 3853 2323 3909 ἀλλ’
2382 3850 2499 3931 ἔχει
2556 3856 2690 3909 αὐτὰ
2737 3856 2811 3916 ὡς
2866 3855 3052 3908 ἑαυτὸν
3115 3850 3283 3929 ἔχων,
3315 3852 3404 3907 καὶ
3462 3850 3594 3906 ἐνὼν
3643 3852 3855 3919 αὐτοῖς,

2196 3945 2409 3998 πάντων
2444 3945 2537 4015 μὲν
2567 3945 2709 4014 ὁμοῦ
2742 3940 2933 4014 ὄντων,
2966 3944 3053 3997 καὶ
3091 3942 3145 3997 ἐν
3185 3943 3379 4017 ἀμερεῖ
3428 3937 3597 3995 ὄντων
3655 3941 3705 3994 ἐν
3758 3939 3858 3993 αὖ-

2195 4037 2275 4103 τῷ
2310 4050 2326 4069 ο
2357 4030 2777 4107 διακεκριμένων
2841 4031 2919 4101 δὲ,
2953 4031 3004 4086 ἐν
3062 4033 3141 4103 τῷ
3206 4033 3399 4104 ἀμερεῖ
3427 4033 3470 4066 ²⁰
3518 4029 3756 4103 ἀμερῶς.
3790 4029 3860 4085 Al.

2196 4122 2372 4176 τοίνυν
2408 4124 2622 4191 νοήσεις
2654 4121 2817 4176 αὐτοῦ
2850 4120 2950 4176 εἶσι
2980 4123 3047 4175 τὰ
3078 4119 3206 4176 ὄντα
3239 4140 3252 4152 ·
3284 4120 3350 4175 τὰ
3382 4118 3439 4174 δὲ
3471 4116 3600 4174 ὅντα
3640 4118 3745 4172 εἰσὶ
3792 4117 3860 4171 τὰ

2200 4208 2343 4280 εἷ’δη.
2392 4213 2622 4279 Νοήσεις
2667 4208 2725 4265 δὶ
2773 4211 2885 4285 οὐχ
2929 4210 3103 4274 οὕτως
3153 4208 3465 4277 ἀκουστέον,
3511 4209 3619 4277 ὅτι,
3666 4204 3858 4274 ἐπειδὴ

2198 4297 2324 4354 τόδε
2356 4297 2596 4370 ἐνόησεν,
2632 4298 2844 4374 ἐγένετο
2872 4298 3017 4368 τόδε,
3051 4300 3085 4369 ἢ
3131 4299 3242 4353 ἐστὶ
3290 4297 3417 4353 τόδε
3450 4317 3462 4330 ’
3502 4298 3705 4367 ταύτης
3753 4296 3858 4371 γὰρ

2199 4396 2298 4457 τῆς
2342 4390 2583 4459 νοήσεως
2633 4394 2996 4463 προηγεῖσθαι
3046 4387 3128 4442 δεῖ
3156 4383 3453 4459 νοούμενόν
3479 4408 3553 4457 τι,
3580 4385 3674 4440 ’ίνα
3729 4385 3859 4440 αὐτὸ

2202 4480 2399 4547 νοήσας
2429 4479 2633 4551 ποιήσῃ
2661 4497 2674 4510 ·
2711 4476 2858 4532 ἀλλὰ
2886 4482 3002 4531 νοεῖ
3030 4498 3096 4531 τα
3135 4472 3283 4544 ὄντα,
3313 4478 3405 4531 ἅτε
3453 4476 3639 4530 ἑαυτὸν
3696 4480 3860 4542 νοῶν,

434 4566 595 4635 tavit,
615 4566 759 4619 illud
792 4565 988 4635 ipsum
1024 4563 1198 4617 fuerit
1228 4568 1330 4616 aut
1361 4562 1470 4628 sit;
1507 4561 1657 4616 hanc
1689 4562 1846 4617 enim
1879 4563 2076 4634 cogita

2202 4566 2293 4621 καὶ
2320 4572 2438 4630 τοῖς
2469 4567 2645 4621 ἐνοῦσι
2670 4565 3076 4639 συναπτόμενος
3107 4584 3119 4598 ⁶
3151 4565 3285 4635 αὐτὴ
3314 4566 3415 4640 γὰρ
3446 4565 3593 4635 αὐτῷ
3639 4567 3675 4633 ἡ
3726 4565 3863 4634 νόη-

432 4655 648 4710 tionem
686 4653 906 4723 aliquid
942 4652 1096 4723 quod
1132 4650 1486 4721 intelligitur
1516 4652 1838 4721 praecedere
1899 4652 2092 4721 debet,

438 4752 500 4799 ut
532 4750 846 4816 postquam
880 4743 1023 4797 illud
1059 4742 1419 4813 cogitaverit,
1441 4741 1646 4809 faciat;
1680 4742 1779 4797 sed
1814 4740 2093 4797 resintel-

430 4834 575 4903 ligit,
612 4839 677 4888 ut
707 4834 970 4904 seipsum
1006 4832 1157 4887 I73
1190 4830 1546 4901 intelligens,
1582 4848 1645 4885 ac
1678 4831 2093 4886 inexsistendi-

428 4925 541 4978 bus
576 4925 966 4994 conjunctus;
1003 4921 1131 4991 ipsa
1164 4920 1322 4973 enim
1356 4919 1484 4989 ejus
1507 4920 2096 4990 cogitatio,rebusest

430 5012 766 5084 generatio;
808 5012 959 5083 quod
991 5011 1172 5079 igitur
1207 5007 1352 5079 ipsis
1387 5008 1559 5073 inest,
1595 5008 1651 5062 id
1704 5013 1791 5064 est
1845 5011 2091 5081 species,

432 5106 608 5170 atque
638 5101 745 5157 hoc
776 5106 866 5155 est
898 5101 1067 5155 idea:
1100 5099 1225 5169 ipse
1259 5114 1389 5151 vero
1422 5113 1553 5151 cum
1604 5102 1765 5153 totus
1796 5098 1873 5153 sit
1904 5116 2091 5157 mens,

429 5196 585 5245 lotus
616 5195 705 5245 est
738 5191 1015 5246 scientia:
1050 5205 1175 5259 quae
1220 5204 1353 5242 vero
1377 5203 1443 5241 ex
1468 5186 1592 5257 ipso
1616 5190 1671 5241 et
1694 5187 1751 5241 in
1776 5188 1903 5258 ipso
1929 5206 2093 5244 men-

426 5282 516 5333 tes
548 5278 1147 5350 conlemplationibus
1176 5276 1441 5331 scienciaa
1475 5274 1879 5331 similes.Sunt
1900 5286 2094 5332 autem

430 5367 609 5423 simul
642 5368 815 5424 etiam
852 5369 1141 5423 distinctas
1192 5367 1250 5421 in
1300 5364 1451 5437 ipso,
1486 5368 1550 5420 ut
1591 5364 1789 5421 multae
1838 5366 2095 5422 scientias

2208 4676 2288 4716 σις
2345 4654 2551 4728 γένεσίς
2611 4654 2720 4709 ἐστι
2778 4660 2895 4717 τοῖς
2948 4652 3086 4711 οὖσι.
3118 4654 3189 4707 Τὸ
3216 4650 3307 4707 οὖν
3365 4652 3479 4707 ἐνὸν
3540 4652 3592 4707 ἐν
3650 4652 3861 4723 αὐτοῖς,

2204 4745 2367 4797 τοῦτό
2403 4743 2513 4798 ἐστι
2546 4745 2606 4798 τὸ
2640 4741 2806 4810 εἶδος,
2841 4743 2929 4797 καὶ
2961 4743 3125 4798 τοῦτό
3154 4741 3293 4796 ἐστιν
3314 4744 3348 4811 ἡ
3384 4739 3498 4796 ἰδέα
3531 4760 3543 4774 ⁸
3578 4742 3741 4803 αὐτὸς
3782 4740 3862 4808 δὲ,

2206 4837 2328 4893 νοῦς
2360 4830 2434 4886 ὣν
2460 4832 2610 4903 ὅλος,
2645 4830 2776 4895 ὅλος
2810 4830 2949 4886 ἐστίν
3001 4830 3275 4905 ἐπιστήμη
3314 4851 3327 4864 ·
3379 4831 3447 4886 τὰ
3495 4828 3552 4885 δὲ
3602 4830 3653 4901 ἐξ
3699 4830 3864 4886 αὗτοῦ

2206 4922 2296 4976 καὶ
2329 4920 2381 4975 ἐν
2406 4922 2551 4993 αὐτῷ
2582 4917 2702 4984 νὸες
2735 4922 2969 4982 ἐοικότες
3002 4922 3319 4995 θεωρήμασι
3378 4927 3477 4988 τῆς
3528 4919 3863 4993 ἐπιστήμης.

2206 5011 2328 5068 Εἱσί
2388 5009 2447 5065 δὲ
2497 5013 2639 5082 ὁμοῦ
2698 5011 2787 5065 καὶ
2830 5008 3213 5085 διακεκριμένα
3257 5008 3308 5064 ἐν
3339 5008 3504 5079 αὐτῷ,
3539 5010 3613 5070 ὡς
3668 5011 3757 5063 καὶ
3815 5010 3867 5064 ἐν

2205 5103 2359 5174 ψυχῇ
2408 5101 2548 5172 ὁμοῦ
2579 5098 2785 5155 πολλαὶ
2851 5098 3151 5171 ἐπιστῆμαι
3204 5096 3380 5167 οὖσαι,
3412 5096 3713 5173 ἀσύγχυτοι
3768 5099 3865 5170 μὲ-

2202 5210 2377 5259 νουσι,
2411 5188 2500 5243 καί
2533 5187 2804 5273 ἐνεργοῦσι
2834 5184 2936 5258 ἕξω
2967 5188 3103 5243 κατὰ
3134 5187 3283 5260 μίαν,
3309 5186 3432 5241 ὅταν
3463 5183 3554 5261 δὲῃ
3583 5206 3595 5220 ’
3631 5187 3723 5241 καὶ
3756 5189 3861 5241 πά-

2206 5297 2299 5339 σας
2332 5279 2474 5349 ὁμοῦ
2502 5271 2887 5349 τὰςήδυνάμεις
2918 5278 2951 5346 ἡ
2989 5279 3143 5351 ψυχὴ
3177 5274 3228 5329 ἐν
3263 5276 3425 5348 ἑαυτῇ
3478 5271 3618 5348 ἔχει,
3652 5279 3770 5340 καθ’
3805 5276 3864 5338 ἃς

2204 5371 2427 5442 προνοεῖ
2481 5371 2578 5422 τοῦ
2641 5365 2918 5440 σώματος,
2971 5367 3061 5421 καὶ
3115 5364 3268 5438 ὅμως
3332 5364 3655 5440 ἀσυγχύτως
3703 5364 3911 5429 αὐτὰς-

1449 5543 1692 5601 νΑΡιΙλΕ
1732 5544 2125 5602 LEGTIONES
2166 5546 2254 5602 ET
2292 5544 2844 5603 CORRECTIONES.

507 5676 552 5713 ’°
580 5675 859 5747 Pachym.
894 5671 943 5727 ἐν
979 5668 1127 5747 μέρει
1157 5672 1389 5743 vitiose,
1424 5671 1563 5745 quia
1593 5672 1788 5746 agitur
1812 5671 1883 5731 de
1909 5676 2123 5747 puncto
2157 5671 2518 5731 indivisibili.
