4080 6366
167 396 249 453 321
916 403 975 455 S.
1015 402 1284 455 MAXIMI
1324 398 1629 455 SCHOLIA
1668 398 1743 451 IN
1782 398 1915 450 LIB.
1956 398 2052 449 DE
2092 398 2359 454 DIVINIS
2398 401 2812 457 NOMINIBUS.

3466 406 3572 461 3‘22

169 520 286 575 κατὰ
326 520 521 595 καιρὸν
570 514 903 593 προϐάλλει,
952 521 1051 589 τὴν
1107 520 1201 592 μὶν
1244 520 1474 597 φυσικὴν
1520 517 1810 592 ἐνεργοῦσα

1941 519 2102 573 simul
2134 520 2192 573 in
2226 522 2424 576 anima
2461 523 2828 591 exsistentes,
2872 532 3112 580 manent
3151 544 3266 581 non
3292 532 3572 595 confusas,

167 611 270 681 περὶ
301 610 364 664 τὸ
399 615 563 682 σῶμα
595 607 850 681 δύναμιν,
899 611 1017 663 καθ’
1066 607 1131 678 ἤν
1163 611 1346 686 τρέφει
1380 612 1564 677 τοῦτο,
1598 606 1688 660 καὶ
1720 606 1816 660 αὕ-

168 704 252 772 ξει,
283 698 373 753 καὶ
400 700 540 772 πρὸς
576 702 766 773 γὲνναν
812 696 1117 769 ἔπιτήδειον
1166 704 1314 753 ποιεῖ
1350 716 1362 730 ’
1393 698 1491 765 τὴν
1530 694 1587 751 δὲ
1616 695 1814 764 αἴσθη-

164 790 305 856 τικήν
360 788 572 864 ἆνεργεῖ
641 786 867 860 δύναμιν
943 790 1063 862 περὶ
1122 783 1324 865 φλέϐας
1379 787 1468 841 καὶ
1529 784 1812 861 ἀρτηρίας,

165 881 243 934 καὶ
287 882 388 949 τήν
418 881 614 954 σάρκα,
658 879 748 933 καὶ
790 880 857 933 τά
904 884 1064 949 νεῦρα
1097 898 1109 910 ·
1161 880 1276 933 καθ’
1320 876 1384 947 ἤν
1442 876 1666 950 δύναμιν
1706 880 1812 930 τῶν

166 969 429 1039 αἰσθητῶν
462 964 984 1041 ἀντιλαμϐανόμεθα
1017 987 1029 1000 ’
1074 968 1175 1037 τὴν
1227 965 1284 1023 δὲ
1315 966 1665 1041 δοξαστικὴν,
1698 976 1816 1028 καθ’

165 1058 221 1126 ἤν
251 1058 427 1132 κρίνει
455 1058 525 1112 τά
554 1058 785 1127 αἰσθητά
816 1077 829 1090 ·
886 1056 975 1111 καὶ
1022 1059 1123 1127 τήν
1176 1058 1562 1134 φανταστικὴν,
1605 1055 1722 1118 καθ’
1752 1052 1817 1122 ἤν

167 1148 479 1223 φαντάζεται
509 1148 577 1201 τὰ
624 1146 890 1215 αἰσθητά⁹
944 1144 1401 1223 ἀναζωγραφικὴν
1453 1143 1530 1213 δὲ,
1585 1144 1702 1207 καθ’
1749 1142 1813 1210 ἥν

167 1235 487 1292 ἀναπλάττει
524 1255 536 1266 ·
571 1236 660 1290 καὶ
711 1236 1168 1307 μνημονευτικὴν,
1216 1236 1337 1297 καθ’
1379 1233 1445 1303 ἥν
1496 1231 1769 1305 μέμνηται
1804 1237 1817 1287 i

167 1327 446 1401 ὀρεκτικὴν
513 1323 591 1393 δὲ,
641 1326 759 1388 καθ’
806 1323 871 1392 ἥν
930 1322 1191 1400 ὀρέγεται,
1247 1323 1336 1379 καὶ
1393 1328 1532 1377 κινεῖ
1587 1325 1649 1376 τὸ
1685 1326 1820 1389 ζῶνν

164 1418 291 1470 κατὰ
317 1415 489 1470 τόπον
528 1433 541 1446 ·
592 1414 681 1468 καὶ
732 1412 1066 1485 εἷκαστικήν,
1112 1415 1201 1468 καὶ
1253 1410 1541 1485 θύμοειδῆ,
1574 1410 1663 1465 καὶ
1696 1410 1816 1464 ἐπι-

166 1506 492 1577 θυμητικήν.
528 1503 743 1563 Ταύτας
786 1503 889 1576 γὰρ
940 1496 1055 1576 ἔχει
1106 1499 1358 1574 δυνάμεις
1415 1503 1629 1573 σώματι
1660 1520 1813 1575 χρω-

170 1592 291 1665 μένη
325 1591 377 1646 ἐν
412 1596 493 1662 τῷ
542 1590 730 1666 ἀλόγῳ
777 1589 945 1658 αὐτῆς
999 1590 1171 1665 μέρει.
1220 1589 1372 1646 Μετὰ
1420 1586 1478 1643 δὲ
1531 1588 1811 1652 θάνατονὸ

165 1686 278 1742 νοῦς
311 1680 478 1752 μόνος
512 1675 660 1734 ἔσται
693 1678 944 1753 ἐνεργῶν,
969 1678 1175 1733 τοῦτων
1210 1678 1509 1753 ἀργουσῶν.

1928 614 1983 662 et
2016 608 2317 678 sigillatim
2343 611 2483 665 foris
2507 618 2985 682 cperantur,cum
3021 632 3260 671 necesse
3284 618 3483 686 fuerit;
3520 624 3575 673 et

1924 699 2122 752 anima
2153 715 2359 754 omnes
2391 699 2695 755 facultates
2720 701 2775 755 in
2810 702 3004 773 seipse.
3026 704 3202 759 simul
3225 705 3425 778 habet,
3450 709 3577 780 qui-

1926 785 2036 839 bus
2068 788 2292 857 corpori
2322 789 2828 859 providet,verum
2858 795 3055 846 tamen
3089 792 3245 863 ipsas
3278 795 3403 850 sine
3436 814 3575 851 con-

1923 874 2153 930 fusione
2175 878 2315 930 dum
2340 883 2574 948 tempus
2596 884 2705 948 est,
2727 880 2962 945 exserit,
2982 884 3306 937 naturalem
3334 886 3571 954 quidem

1926 964 2075 1019 circa
2109 982 2321 1037 corpus
2338 967 2992 1037 exercensfacultatem,
3014 987 3125 1039 qua
3144 971 3339 1042 ipsum
3366 978 3575 1045 nutrit,

1925 1060 2121 1125 auget,
2146 1061 2321 1126 atque
2342 1061 2543 1126 aptum
2569 1058 2637 1111 ad
2664 1059 3100 1127 generationem
3135 1061 3352 1129 efﬁcit;
3388 1066 3576 1129 sensi,-

1927 1141 2038 1196 lem
2072 1160 2203 1198 vero
2236 1149 2460 1200 exercet
2486 1145 2824 1200 facultatem
2858 1146 3015 1201 circa
3055 1165 3253 1216 venas,
3306 1153 3575 1223 arterias,

1932 1247 2165 1286 carnem
2195 1249 2261 1287 ac
2294 1249 2517 1300 nervos,
2553 1252 2669 1304 qua
2719 1235 2993 1290 facultate
3042 1238 3285 1293 sensilia
3325 1243 3575 1311 percipi-

1929 1338 2084 1381 mus:
2116 1322 2395 1392 cpinandi
2426 1328 2621 1377 autem
2648 1323 3005 1389 facultatem,
3027 1329 3577 1400 quasensiliajudi-

1928 1415 2039 1479 cat,
2064 1426 2129 1464 ac
2152 1411 2613 1481 imaginativam,
2653 1429 2770 1483 qua
2801 1413 3043 1467 sensilia
3070 1414 3451 1488 imaginatur,
3484 1421 3580 1475 de-

1926 1500 2204 1571 pingendi
2230 1500 2565 1555 facultatem
2595 1518 2711 1570 qua
2734 1502 2978 1572 effingit,
3005 1504 3422 1561 reminiscendi
3446 1525 3579 1564 vero

1924 1589 2262 1643 facultatem
2296 1606 2413 1660 qua
2444 1589 2733 1655 meminit,
2758 1591 3069 1661 appetendi
3096 1598 3287 1649 autem
3322 1613 3438 1667 qua
3469 1614 3578 1668 ap-

1922 1677 2085 1748 petit,
2114 1682 2171 1732 et
2203 1677 2421 1731 animal
2452 1676 2579 1732 loco
2619 1682 2831 1742 movet,
2861 1695 2926 1733 ac
2959 1680 3356 1755 assimilandi,
3382 1688 3439 1739 et
3460 1685 3576 1740 ira-

167 1769 425 1825 scibilem
457 1775 635 1841 atque
663 1767 1182 1838 concupiscibilem
1211 1786 1223 1836 ;
1258 1768 1365 1824 has
1386 1768 1542 1823 enim
1577 1767 1752 1823 habet
1784 1764 2089 1821 facultates
2121 1782 2254 1820 cum
2293 1782 2532 1837 corpore
2572 1765 2778 1832 utitur,
2812 1767 2869 1821 in
2902 1784 3011 1822 sua
3043 1770 3288 1826 rationis
3344 1779 3579 1845 experte

169 1866 317 1931 parte
343 1876 357 1926 ;
396 1862 529 1929 post
559 1861 806 1912 mortem
838 1872 971 1911 vero
999 1873 1165 1912 mens
1194 1856 1321 1912 sola
1348 1855 1710 1928 operabitur,
1743 1854 1835 1909 his
1865 1855 2260 1909 cessantibus.

231 1993 327 2046 Καὶ
388 1992 458 2045 τὰ
517 1991 764 2045 ὁπωσοῦν
846 1994 926 2061 τῷ
1002 1992 1159 2047 εἶναι.

184 2078 663 2154 ὗπεραγαθότητος
708 2100 892 2153 φησιν,
944 2077 1066 2147 ἥτις
1116 2077 1257 2131 ἐστὶν
1302 2076 1427 2132 αὐτὸ
1456 2078 1518 2132 τὸ
1552 2080 1687 2131 εἶναι
1722 2076 1821 2130 αύ-

172 2174 259 2224 τοῦ
287 2174 387 2223 τοῦ
434 2172 592 2235 Θεοῦ,
644 2169 679 2237 ἠ
732 2166 955 2241 ὕπαρξις
1004 2171 1112 2220 τῶν
1164 2162 1353 2235 ὄντων,
1412 2167 1499 2220 καὶ
1551 2165 1817 2235 ἡτούτων

170 2256 418 2331 διαμονή.
452 2256 704 2318 Ἑνῖαίως
747 2256 934 2332 φησὶν,
980 2255 1149 2330 ἥγουν
1200 2257 1339 2309 κατὰ
1370 2254 1549 2325 ἁπλῆν
1579 2276 1701 2309 τινα
1728 2256 1819 2309 καὶ

168 2348 506 2421 πριεκτικήν
564 2350 673 2399 τῶν
734 2344 878 2400 ὅλων
936 2344 1128 2411 αἰτίαν,
1171 2344 1261 2398 καὶ
1311 2342 1537 2419 ἄσχετον
1575 2364 1587 2377 ’
1640 2342 1818 2399 οὐδενὶ

165 2438 255 2511 γάρ
286 2435 468 2510 λόγῳ,
503 2435 536 2503 ἢ
569 2437 835 2507 νοήματι,
868 2435 954 2488 καὶ
989 2435 1271 2509 πράγματι
1307 2432 1421 2509 ἔχει
1448 2434 1509 2487 τὸ
1542 2438 1693 2487 Θεῖον
1717 2434 1814 2501 τὴν

168 2526 294 2598 πρὸς
338 2526 408 2579 τά
451 2522 579 2579 ὄντα
627 2524 814 2599 σχέσιν
866 2543 924 2577 τε
976 2523 1066 2577 καὶ
1114 2523 1401 2576 κοινωνίαν
1441 2541 1453 2555 ·
1520 2520 1643 2577 ἀλλ’
1706 2518 1815 2577 ἔστι

166 2614 326 2685 πάντη
360 2615 450 2668 καὶ
496 2612 631 2667 κατὰ
671 2612 843 2667 πάντα
893 2612 1289 2687 ὑπερηρμὲνον,
1335 2612 1487 2684 μόνῳ
1534 2616 1613 2682 τῷ
1663 2610 1817 2665 συνέ-

170 2724 276 2777 χειν
304 2703 399 2757 καὶ
444 2707 795 2777 προνοεῖσθαι
844 2700 1050 2756 τοότων
1100 2700 1494 2778 ἐφαπτόμενον,
1532 2701 1605 2761 ὡς
1640 2699 1697 2754 ἅν
1733 2721 1815 2761 τις

169 2789 322 2846 εἴποι.
355 2791 433 2845 Τὰ
464 2789 522 2845 δὲ
570 2792 692 2861 ἑξῆς
744 2788 1114 2864 ὑποδείγματα
1172 2790 1474 2844 πιστωτικὰ
1514 2787 1609 2844 τοῦ
1646 2788 1813 2864 λόγου

171 2886 254 2937 τοῦ
287 2882 423 2935 εἶναι
456 2879 631 2935 πάντα
659 2878 718 2934 ἐκ
748 2884 902 2949 Θεοῦ,
957 2880 1031 2941 ὡς
1062 2879 1238 2934 αἰτίου
1277 2886 1377 2948 τῆς
1402 2880 1608 2933 τούτων
1640 2879 1815 2954 ὑπάρ-

175 2972 310 3041 ξεως,
374 2968 519 3024 ἄλλο
578 2970 725 3043 παρά
771 2974 937 3022 ταῦτα
986 2965 1352 3043 ὕπάρχοντος,
1400 2968 1491 3022 καὶ
1540 2967 1591 3021 ἐν
1644 2967 1816 3039 ἑαυτῷ

174 3059 474 3115 συνεστάναι
501 3056 658 3130 ἄλλῳ
687 3057 834 3133 παρᾶ
859 3062 1028 3112 ταῦτα
1060 3058 1385 3131 ὑπάρχοντι.

234 3175 331 3232 Καὶ
365 3170 483 3250 ἔχει
517 3172 688 3228 πάντα
744 3172 997 3249 ἀριθμόν.
1047 3174 1107 3229 Ὀ
1153 3172 1252 3247 γὰρ
1306 3173 1537 3247 ἀριθμὸς
1588 3172 1647 3227 ἐκ
1676 3171 1815 3228 πολ-

172 3263 268 3319 λῶν
302 3261 555 3337 μονάδων
611 3264 1003 3335 συντιθεμένων
1056 3261 1131 3325 εἷς
1176 3263 1401 3335 μέγεθος
1442 3262 1696 3336 παραύξει
1732 3283 1743 3295 ’
1781 3266 1812 3332 ἡ

1238 1990 1330 2045 Ἐκ
1384 1990 1481 2057 τῆς
1529 1992 1625 2041 τοῦ
1683 1991 1818 2042 Θεοῦ

1997 1989 2060 2043 Et
2091 2004 2215 2059 qua?
2242 1988 2724 2061 quomodocunquc
2767 1992 3073 2047 existendo.
3118 1992 3194 2047 Ex
3236 1994 3579 2051 eminentis-

1936 2077 2340 2149 sima,inquit,
2375 2079 2475 2133 Dei
2508 2080 2789 2147 bonitate,
2817 2099 2947 2153 quae
2969 2086 3057 2137 est
3090 2082 3272 2152 ipsius
3297 2085 3389 2138 Dei
3425 2103 3577 2152 esse,

1934 2183 2126 2221 rerum
2156 2168 2498 2223 exsistentia
2529 2174 2584 2222 et
2614 2172 3065 2240 perseverantia.
3095 2171 3260 2226 Unitc
3285 2173 3365 2227 ait
3392 2190 3496 2229 seu
3520 2175 3579 2230 in

1933 2253 2183 2325 simplici
2220 2255 2472 2325 quadam
2507 2260 2561 2307 et
2592 2256 2858 2312 omnium
2892 2259 3354 2329 conprehensiva
3403 2268 3581 2331 atque

1932 2343 2148 2397 invicta
2176 2360 2383 2409 causa;
2420 2344 2580 2399 nulla
2612 2346 2768 2399 enim
2806 2347 3049 2417 ratione,
3079 2352 3178 2402 aut
3203 2350 3580 2420 cogitatione,

1931 2436 2031 2485 aut
2054 2432 2278 2487 actione
2300 2433 2561 2487 divinum
2594 2435 2818 2489 Numen
2848 2452 2979 2489 cum
3007 2437 3181 2491 rebus
3210 2440 3581 2508 conjunctio-

1929 2538 2059 2575 nem
2094 2526 2151 2575 et
2181 2523 2654 2577 communionem
2677 2523 2873 2590 habet,
2900 2526 2999 2578 sed
3024 2530 3109 2579 est
3134 2527 3351 2593 omnia,
3379 2533 3435 2583 ct
3456 2546 3582 2583 om-

1929 2610 2104 2665 nibus
2123 2611 2538 2682 supereminet,
2572 2611 2664 2665 his
2696 2612 2821 2667 sola
2867 2616 3311 2670 conservatione
3350 2633 3415 2671 ac
3450 2635 3580 2688 pro-

1928 2698 2205 2767 videntia,
2238 2705 2301 2752 ut
2324 2700 2780 2770 aliquisdixerit,
2804 2701 3130 2769 adhaerens;
3150 2710 3356 2760 caetera
3387 2712 3581 2760 autem

1926 2787 2190 2858 exempla
2249 2787 2421 2842 fidem
2476 2788 2697 2842 faciunt
2745 2791 3005 2844 sermoni
3069 2794 3353 2848 asserenti
3387 2796 3586 2850 omnia

1927 2892 2055 2930 esse
2087 2893 2119 2929 a
2155 2881 2285 2941 [)eo,
2321 2880 2384 2930 ut
2418 2876 2629 2931 horum
2665 2878 3019 2933 exsistentizr
3053 2898 3250 2946 causa,
3299 2881 3457 2936 aliud
3510 2885 3583 2938 ab

1929 2963 2043 3018 illis
2068 2964 2378 3019 exsistente
2406 2982 2471 3019 ac
2500 2966 2556 3020 in
2587 2967 2799 3038 seipso,
2862 2967 2973 3022 alio
3008 2969 3078 3023 ab
3116 2969 3231 3024 illis
3266 2970 3584 3027 exsistente

1928 3052 2270 3107 consistere.

1999 3168 2162 3223 Habet
2192 3184 2407 3223 omnem
2428 3186 2740 3231 numerum.
2790 3171 3080 3226 Numerus
3106 3172 3263 3227 enim
3289 3191 3358 3228 ex
3382 3174 3586 3231 multis

1929 3256 2281 3312 monadihus
2315 3258 2675 3329 compositus
2708 3260 2919 3314 crescit
2958 3261 3015 3315 in
3062 3263 3532 3333 magnitudinem
3570 3281 3581 3319 :

171 3352 250 3407 οῦν
278 3355 470 3426 μονάς,
504 3353 582 3413 ὡς
631 3351 776 3406 αἰτία
824 3352 1089 3426 ἀριθμῶν,
1143 3348 1392 3412 ὲνοειδῶς
1439 3350 1564 3412 τοὺς
1615 3353 1814 3414 πάντας

1941 3363 2135 3401 monas
2170 3346 2371 3417 igitur,
2409 3353 2468 3401 ut
2503 3365 2880 3403 numerorum
2915 3366 3114 3421 causa,
3138 3369 3254 3406 uno
3289 3354 3458 3407 modo
3484 3370 3588 3407 nu-

172 3442 511 3520 περιείληφεν
574 3440 837 3516 ἀριθμούς
872 3460 883 3470 ·
938 3440 1081 3495 οὕτω
1131 3440 1217 3494 καὶ
1283 3440 1345 3494 τὸ
1402 3441 1643 3516 κέντρον,
1700 3442 1825 3511 ἤτοι

174 3538 417 3605 σημεῖον,
448 3532 545 3592 τὰς
571 3528 659 3584 ἐπὶ
688 3529 779 3584 τὸν
813 3526 1013 3583 κύκλον
1048 3527 1251 3590 εὐθείας
1282 3528 1548 3604 περιέχει.

238 3726 332 3781 Καὶ
396 3726 449 3781 ἐν
536 3726 767 3799 κέντρῳ.
846 3729 1022 3779 Ταῦτα
1107 3720 1435 3799 βεϐαιωτικὰ
1505 3729 1602 3779 τοῦ
1660 3725 1827 3801 λόγου

176 3812 563 3891 ὑποδείγματα.
621 3812 941 3885 Σημείωσαι
999 3813 1072 3875 ὡς
1122 3812 1210 3867 καὶ
1262 3813 1367 3866 ἀπὸ
1423 3818 1531 3867 τῶν
1581 3835 1826 3888 γραμμι-

174 3909 273 3959 κῶν
322 3906 391 3959 τὰ
435 3904 559 3978 περῖ
620 3907 755 3958 Θεοῦ
813 3904 1117 3979 σαφηνίζει,
1170 3902 1377 3978 κέντρῳ
1436 3903 1597 3957 αὐτὸν
1637 3925 1824 3980 παρει-

174 3995 343 4062 κάζων
357 4037 370 4050 .

237 4096 525 4162 Ἐνοειδῶς
594 4098 904 4170 ἡνωμένας.
974 4097 1044 4151 Τὸ
1111 4097 1362 4161 ἒνοειδῶς
1439 4098 1662 4154 ἐνταῦθα
1735 4099 1828 4154 τέ-

176 4199 334 4251 θεικεν
387 4187 507 4243 ἀντὶ
564 4192 660 4243 τοῦ
708 4187 898 4249 ἁπλῶς
952 4188 1042 4242 καὶ
1102 4187 1310 4261 ὁμοίως
1347 4208 1358 4220 ·
1440 4190 1503 4244 οὐ
1560 4190 1659 4264 γὰρ
1713 4191 1826 4245 ἑτε-

181 4277 358 4349 ροίως.

244 4384 417 4442 Ἀ).λᾶ
466 4384 553 4439 καὶ
616 4384 666 4438 ἐν
725 4387 793 4457 τῇ
853 4382 956 4457 ὅλῃ
1003 4388 1112 4438 τῶν
1174 4384 1341 4439 ὅλων.
1404 4382 1691 4460 Πρόδηλον
1745 4388 1826 4440 ὅτι

176 4472 223 4527 ἓν
250 4480 327 4546 τῷ
357 4472 477 4545 ὅλῳ
501 4472 568 4527 τὰ
592 4473 729 4546 μέρη
768 4489 781 4503 ⁸
818 4471 1009 4527 οὐκοῦν
1071 4474 1121 4527 οἱ
1180 4472 1229 4526 ἐν
1288 4478 1405 4535 τοῖς
1453 4476 1572 4527 καθ’
1603 4472 1826 4529 ἕκαστον

173 4567 274 4617 τῶν
319 4560 493 4618 ὄντῶν
541 4566 781 4636 φυσικῶς
832 4560 1199 4637 θεωρούμενοι
1240 4567 1346 4616 τῶν
1408 4562 1827 4637 ἐνυπαρχουσῶν

178 4652 355 4714 αὐτοῖς
412 4650 695 4720 δυνάμεων
746 4652 781 4721 ἢ
832 4653 1097 4721 κινήσεων
1162 4649 1317 4727 λόγοι
1376 4650 1428 4706 ἐν
1478 4656 1545 4725 τῇ
1593 4651 1832 4716 καθόλου

1494 4744 1607 4795 οἷον
1654 4740 1704 4795 oi
1731 4749 1829 4811 τῆς
1867 4734 1911 4797 D
1944 4739 2075 4795 liter
2105 4744 2341 4810 sumpta
2372 4740 2840 4809 considerantur;
2869 4742 3047 4795 veluti
3076 4744 3299 4812 profani
3338 4743 3599 4812 philoso-

176 4826 271 4901 ἔξω
324 4829 659 4910 φιλοσοφίας
714 4830 885 4883 πάντα
944 4829 1010 4883 τὰ
1080 4831 1198 4893 καθ’
1256 4830 1455 4903 ἑαυτῶν
1519 4829 1834 4905 ὑπάρχοντα

172 4920 260 4973 καὶ
290 4920 345 4973 ἰν
392 4917 590 4981 ἄλλοις
638 4916 1007 4993 θεωρούμενα,
1056 4918 1087 4971 ἃ
1136 4915 1360 4994 ἔμψυχά
1410 4940 1468 4973 τε
1524 4919 1613 4973 καὶ
1646 4917 1832 4992 ἅψυχά

177 4738 571 4815 λαμϐανομένη
625 4739 776 4817 φύσει
829 4744 1179 4816 θεωροῦνται,
1228 4742 1389 4815 φησίν
1429 4761 1441 4773 ·

175 5029 344 5084 φαμεν
382 5028 395 5039 '
447 5011 614 5062 ταῦτα
667 5007 839 5060 πάντα
887 5007 990 5061 ὑπὸ
1053 5007 1178 5079 μίαν
1235 5028 1569 5082 κατηγοριαν
1603 5006 1830 5083 ἤγαγον,

176 5096 417 5158 εἶπόνυες
450 5094 657 5161 οὐσίαν,
710 5094 761 5148 ἐν
803 5099 882 5165 τῷ
918 5095 1141 5169 τοιαύτῃ
1201 5101 1354 5170 φωνῆ
1395 5090 1832 5169 περιλτμϐάνον-

173 5205 256 5238 ται
286 5186 378 5240 καὶ
410 5186 477 5239 τά
523 5191 621 5253 τῆς
652 5184 772 5247 καθ’
819 5179 1040 5238 ἕκαστον
1091 5184 1277 5247 οὐσίας
1332 5183 1625 5255 ἰδιώματα,
1658 5185 1748 5237 καὶ
1784 5185 1835 5237 οἱ

180 5271 333 5350 λόγοι
367 5274 670 5347 ἀσύγχυτοι
709 5272 958 5345 μένοντες
994 5293 1006 5305 ·
1055 5271 1236 5348 ἕτερος
1277 5275 1375 5350 γὰρ
1408 5279 1515 5357 τῷν
1546 5271 1833 5347 ἐμψύχων,

180 5364 265 5416 καὶ
298 5362 469 5424 ἄλλος
497 5367 604 5417 τῶν
640 5362 870 5436 ἀψύχων
904 5362 931 5415 ὁ
966 5361 1129 5437 λόγος
1165 5384 1175 5395 ·

1213 5364 1471 5424 ὡσαύτῶς
1497 5369 1585 5416 κάί
1616 5366 1721 5415 τῶν
1756 5362 1837 5414 αἰ-

188 5457 475 5521 σθητικῶν,
526 5450 771 5505 τουτέστι
830 5450 1073 5525 λογικῶν
1120 5472 1177 5506 τε
1226 5453 1316 5506 καὶ
1374 5450 1611 5526 ἀλόγων,
1661 5449 1837 5505 καίτοι

190 5542 323 5595 κατὰ
349 5541 440 5595 τὸν
472 5546 574 5610 τῆς
613 5538 815 5607 ούσίας,
866 5539 991 5609 ἤτοι
1038 5545 1135 5595 τοῦ
1195 5539 1384 5604 ἁπλῶς
1432 5541 1565 5596 εἶναι
1599 5561 1840 5610 συνηνω-

201 5628 349 5699 μὶνοι
398 5629 582 5705 λόγον,
635 5628 713 5686 Τὸ
764 5625 821 5684 δδ
860 5626 911 5683 ἐν
951 5633 1104 5705 ψυχῇ
1163 5630 1459 5704 μονοειδῶς
1514 5628 1717 5706 εἴρηκε,
1750 5650 1842 5699 ση-

209 5718 405 5789 μαίνων
440 5717 568 5793 μίαδ
600 5720 855 5788 εἶναιτὴν
900 5718 959 5775 ἐκ
1005 5723 1189 5795 ψυχῆς
1232 5719 1581 5796 ἰνδιδομᾶνην
1624 5717 1738 5791 ὅλῳ
1767 5723 1844 5790 τῷ

1940 3452 2130 3489 meros
2163 3452 2366 3490 omnes
2394 3436 2450 3489 in
2486 3453 2546 3491 se
2577 3437 2879 3508 complexa
2924 3444 3012 3493 est
3046 3457 3058 3494 :
3096 3440 3178 3494 ita
3223 3442 3397 3495 etiam
3450 3458 3587 3497 cen-

1938 3530 2096 3579 trum
2131 3542 2230 3579 seu
2260 3530 2567 3596 punctum,
2604 3532 2790 3582 rectas
2822 3527 2880 3581 in
2914 3528 3131 3583 circulo
3184 3529 3369 3586 lineas
3424 3547 3588 3586 com-

1938 3613 2233 3685 plectitur.
2900 3624 2903 3627 '

2007 3721 2176 3792 Atque
2204 3721 2264 3775 in
2294 3730 2499 3777 centro.
2548 3722 2675 3777 Haec
2719 3723 2986 3794 exempla
3038 3725 3323 3781 rationem
3377 3727 3590 3781 conﬁr-

1939 3816 2137 3877 mant;
2174 3816 2309 3865 nota
2338 3813 2629 3881 quomodo
2662 3812 2840 3868 etiam
2890 3828 2958 3867 ex
2992 3813 3166 3869 lineis
3221 3813 3479 3870 declaret
3525 3832 3592 3870 ea

1936 3915 2063 3970 quae
2095 3904 2277 3954 Deum
2311 3906 2597 3971 spectant,
2631 3901 2825 3973 ipsum
2857 3907 3055 3958 centro
3090 3903 3456 3960 assimilaus.

2008 4099 2162 4152 174
2196 4098 2557 4167 Uni/armiler
2594 4098 2895 4165 copulatas.
2930 4098 3080 4153 lllud
3135 4116 3241 4155 uno
3289 4101 3444 4156 modo
3498 4101 3593 4156 hic

1938 4187 2155 4256 posuit,
2188 4203 2292 4257 pro
2324 4186 2671 4257 simpliciter
2693 4192 2749 4240 et
2779 4186 3084 4255 similiter;
3128 4206 3241 4243 non
3285 4190 3441 4245 enim
3489 4191 3594 4246 ali-

1940 4281 2049 4331 ter.

2011 4384 2120 4438 Imo
2150 4391 2203 4438 et
2232 4386 2288 4437 in
2322 4389 2437 4437 tota
2467 4388 2679 4437 natura
2709 4386 2977 4439 universi.
3012 4384 3413 4449 Manifestum,
3452 4402 3591 4454 par-

1938 4478 2026 4527 tes
2058 4489 2185 4527 esse
2218 4474 2275 4525 in
2308 4477 2465 4527 toto:
2500 4489 2636 4543 ergo
2669 4474 2923 4528 rationes
2958 4491 3082 4545 qua:
3116 4475 3175 4528 in
3210 4474 3464 4544 singulis
3507 4492 3596 4530 re-

1941 4562 2051 4616 bus
2084 4560 2432 4615 naturaliter
2448 4562 2921 4625 considerantur,
2945 4562 3356 4618 inexsistentiu
3372 4580 3423 4618 m
3446 4564 3595 4636 ipsis

1942 4649 2284 4705 facultatum
2308 4655 2404 4704 aut
2431 4656 2719 4719 motuum,
2756 4654 2810 4705 in
2846 4656 3076 4717 natura,
3112 4652 3325 4723 inquit,
3348 4670 3597 4725 genera-

1949 4830 2043 4899 phi
2077 4828 2277 4883 omnia
2299 4844 2425 4899 quae
2450 4845 2549 4899 per
2573 4846 2633 4883 se
2656 4830 2949 4884 exsistunt
2992 4836 3048 4885 et
3094 4832 3151 4884 in
3179 4832 3307 4885 aliis
3331 4830 3597 4885 conside-

1946 4924 2173 4987 rantur,
2207 4935 2331 4989 quae
2364 4918 2621 4972 animata
2660 4924 2717 4973 et
2768 4920 2976 4973 animze
3025 4920 3285 4989 expertia
3317 4920 3595 4983 dicimus,

1942 5008 2062 5061 haec
2096 5007 2292 5062 omnia
2324 5008 2432 5062 sub
2466 5024 2641 5061 unam
2690 5007 3147 5078 appellationem
3202 5009 3595 5074 adduxerunt,

1945 5096 2204 5150 dicentes
2236 5097 2546 5150 essentiam
2576 5115 2587 5164 ;
2623 5097 2678 5148 in
2712 5097 2809 5149 tali
2852 5113 2989 5151 voce
3036 5097 3510 5167 complectuntur
3540 5102 3597 5151 et

1945 5186 2213 5239 essentia:
2238 5184 2604 5255 singulorum
2641 5186 3043 5255 proprietates,
3096 5190 3151 5239 et
3192 5184 3447 5239 rationes
3481 5203 3595 5240 non

1948 5276 2202 5328 confusae
2235 5280 2559 5339 manentes;
2608 5274 2723 5328 alia
2754 5275 2908 5327 enim
2946 5274 3364 5339 animatorum,
3403 5280 3457 5328 et
3482 5274 3597 5331 alia

1948 5363 2407 5418 inanimatorum
2430 5363 2876 5431 ratio,simi1iter
2896 5364 3069 5417 etiam
3095 5363 3488 5433 sensilium,id
3510 5370 3600 5419 est

1951 5450 2348 5516 rationalium,
2383 5456 2439 5505 et
2462 5451 2910 5519 irrationalium;
2935 5451 3045 5507 etsi
3072 5452 3340 5507 essentia;
3373 5469 3473 5507 seu
3508 5453 3601 5523 ip-

1952 5540 2076 5597 sius
2107 5540 2454 5611 simpliciter
2482 5540 2829 5596 exsistentiae
2881 5542 3107 5598 ratione
3157 5540 3337 5597 simul
3391 5541 3603 5596 unian-

1952 5634 2085 5685 tur:
2112 5630 2254 5684 illud
2294 5634 2487 5685 autem
2522 5628 2580 5684 in
2624 5629 2819 5686 anima
2851 5648 2968 5687 uno
3002 5632 3171 5687 modo
3204 5630 3367 5697 dixit,
3419 5629 3601 5701 signi-

1961 5721 2143 5777 ficans
2192 5736 2370 5776 unam
2402 5736 2531 5776 esse
2561 5719 2632 5775 ab
2674 5720 2872 5776 anima
2921 5721 3027 5777 toti
3084 5721 3313 5794 corpori
3362 5718 3599 5777 vitalem
