4080 6366
521 393 626 445 3‘23

1346 391 1712 443 APPENDIX
1753 390 1848 442 AD
1886 387 2125 442 OPERA
2162 389 2222 441 S.
2261 386 2576 442 DIONYBII
2614 387 3112 444 AREOPAGITE.

3833 387 3938 443 324

525 517 885 588 facultatem,
914 515 1070 570 varie
1100 515 1159 570 in
1194 513 1471 570 membris
1509 516 1871 586 operantem,
1924 512 2154 567 attribui

2288 511 2500 582 σώματι
2549 512 2784 580 ζωτικὴν
2845 510 3127 585 δύναμιον,
3179 509 3453 573 ποικίλως
3501 510 3822 588 ἐνεργοῦσαν
3881 513 3933 567 ἐν

521 614 666 666 tam.

593 700 620 770 ξ
648 696 763 752 VII.
797 695 1082 767 Siquidem
1111 695 1455 765 principium
1478 695 1556 748 cst
1589 709 1798 747 rerum.
1832 691 1892 746 Si
1945 690 2166 762 princi-

520 788 682 859 pium
717 791 824 851 est,
859 785 917 839 id
951 801 1065 855 quo
1100 801 1191 837 res
1239 783 1488 850 exsistit,
1524 781 1728 837 merito
1784 781 1839 834 in
1901 780 2167 835 omnium

520 874 806 948 principio
837 875 1036 928 omnia
1067 879 1201 926 ante
1233 872 1648 940 substiterunt,
1703 875 1766 924 ut
1812 870 1870 924 in
1927 870 2057 924 idea
2113 874 2170 924 et

517 963 855 1036 exemplari,
883 961 1037 1018 sicut
1073 966 1206 1017 ante
1245 960 1525 1027 diximus,
1556 958 1734 1015 simul
1755 964 1810 1014 et
1832 975 1948 1014 uno
1973 959 2166 1024 modo,

520 1071 585 1109 ac
608 1052 921 1121 contraria,
949 1051 1088 1106 utin
1116 1052 1252 1120 Deo,
1294 1049 1448 1105 sicut
1484 1049 1706 1104 dictum
1748 1053 1857 1113 est,
1898 1047 2166 1102 conside-

517 1149 645 1196 rata
687 1141 980 1212 quomodo
1013 1145 1207 1194 autem
1262 1139 1595 1207 conjuncte,
1630 1143 1688 1192 et
1737 1135 2053 1201 contraria,
2087 1137 2168 1190 ita

517 1230 810 1301 intelliges
843 1229 1035 1300 :quod
1069 1232 1342 1283 ornatum
1393 1232 1483 1282 est
1530 1227 1705 1281 habet
1738 1228 1985 1280 formam
2019 1224 2163 1279 divi-

518 1336 666 1388 sam,
703 1324 766 1373 ut
797 1317 855 1372 in
890 1318 1128 1382 munde,
1164 1316 1302 1372 alibi
1335 1322 1498 1371 astra
1545 1321 1601 1370 et
1641 1315 1779 1370 alibi
1813 1315 2108 1370 hominem
2147 1329 2160 1368 :

518 1410 852 1478 iterumque
879 1406 990 1461 alio
1023 1407 1082 1460 in
1101 1406 1226 1460 loco
1250 1406 1447 1477 ignem
1475 1422 1539 1461 ac
1554 1404 1666 1460 alio
1689 1405 1748 1458 in
1774 1403 1898 1459 loco
1921 1419 2160 1474 aquam;

516 1515 650 1552 cum
684 1497 839 1551 enim
876 1497 995 1552 sint
1034 1496 1348 1563 contraria,
1384 1494 1430 1548 si
1482 1493 1663 1548 simul
1695 1493 2000 1561 exsistent,
2032 1508 2162 1547 cor-

515 1592 906 1658 rumpuntur;
941 1585 999 1639 in
1024 1585 1121 1641 Dei
1149 1590 1344 1638 autem
1369 1581 1842 1654 cogitationibus,
1875 1587 1931 1637 et
1960 1598 2165 1636 omnes

516 1693 607 1732 res
641 1676 816 1731 simul
847 1680 1032 1741 erant,
1080 1678 1138 1729 et
1195 1691 1310 1728 non
1357 1673 1621 1741 confuse,
1653 1689 1844 1743 neque
1892 1672 1952 1727 in
1997 1671 2160 1737 loco;

515 1783 630 1822 non
665 1766 818 1821 enim
881 1769 1018 1818 sunt
1068 1780 1334 1834 corpora,
1396 1779 1501 1816 nec
1557 1762 1614 1815 in
1675 1777 1935 1832 corpore,
1971 1762 2068 1816 sed
2102 1759 2162 1814 in

2279 606 2394 662 τοῖς
2430 597 2672 672 μέλεσιν.

2349 696 2527 759 §VIL
2563 692 2743 766 Ἀρχή
2793 691 2896 765 γάρ
2941 689 3051 744 ἐστι
3097 695 3204 746 τῶν
3256 685 3448 746 ὄντων.
3502 691 3562 748 Ei
3615 688 3787 746 αἶ’τιὸν
3821 689 3930 746 ἐστι

2277 781 2338 834 τὸ
2371 779 2492 834 δι’ἱὶ
2521 780 2728 854 γίνεται
2760 782 2820 834 τὸ
2868 781 3184 854 γινόμενον,
3235 779 3458 842 εἶ’κότως
3502 779 3554 835 ἐν
3595 785 3672 852 τῷ
3717 778 3931 836 πάντων

2278 865 2435 940 αἶ’τίῳ
2465 867 2635 922 πάντα
2683 867 3112 945 προϋφέστηκεν,
3166 869 3239 928 ὡς
3287 866 3338 921 ἐν
3383 865 3500 938 ὶδέᾳ
3544 867 3635 922 καὶ
3675 865 3933 940 παραδεί-

2276 978 2466 1028 γματι,
2513 957 2650 1011 καθα
2706 957 3023 1034 προὲφημεν
3075 959 3216 1030 ὁμοῦ
3267 958 3353 1012 καὶ
3408 953 3682 1026 ἐνοειδῶς,
3737 957 3827 1010 καὶ
3868 957 3934 1011 τὰ

2278 1044 2509 1113 ἐναντία,
2545 1047 2618 1108 ὡς
2651 1045 2702 1100 ἐν
2753 1051 2830 1118 τῷ
2869 1051 2985 1118 Θεῷ
3043 1043 3254 1122 εἷίρηται
3309 1045 3770 1121 ἐπιθεωροόμενα.
3804 1051 3932 1109 Πῶς

2279 1132 2336 1189 δὲ
2365 1135 2452 1189 καὶ
2512 1135 2832 1207 ἡνωμένως,
2882 1136 2968 1190 καὶ
3024 1135 3234 1190 ἐναντία
3259 1139 3328 1208 ¹¹,
3386 1133 3530 1190 οὕτω
3573 1138 3790 1205 νοήσεις
3821 1152 3837 1168 ⁸
3869 1138 3934 1190 τὸ

2275 1225 2554 1296 κοσμηθὲν
2611 1219 2726 1300 ἔχει
2785 1224 2847 1279 τὸ
2919 1222 3063 1288 εἶδος
3131 1223 3551 1300 μεμερισμένον,
3612 1225 3686 1286 ὡς
3746 1223 3799 1278 ἐν
3854 1229 3935 1296 τῷ

2274 1313 2490 1386 κόσμῳ,
2526 1311 2778 1387 ἄλλαχοῦ
2829 1315 2894 1367 τα
2941 1311 3128 1386 ἄστρα,
3165 1315 3251 1368 καὶ
3308 1312 3562 1388 ἀλλαχοῦ
3599 1313 3690 1368 τὸν
3726 1311 3932 1387 ἄνθρω-

2274 1424 2374 1457 πον
2411 1422 2422 1433 ·
2457 1402 2546 1457 καί
2603 1404 2756 1466 αὖθις
2814 1403 2958 1478 ἄλλῃ
3017 1404 3080 1458 τὸ
3135 1407 3264 1479 πῦρ,
3323 1403 3412 1458 καὶ
3463 1402 3608 1478 ἄλλῃ
3651 1403 3716 1458 τὸ
3761 1402 3932 1478 ὕδωρ.

2275 1492 2520 1549 Ἐναντία
2547 1491 2654 1566 γὰρ
2695 1491 2844 1564 ὅντα,
2897 1491 2987 1547 ἐὰν
3041 1493 3181 1565 ὁμοῦ
3240 1493 3518 1568 γένωνται⁹
3570 1494 3936 1570 συμφθείρον-

2272 1602 2358 1636 ται
2395 1581 2494 1636 ’ἐν
2557 1579 2614 1636 δὲ
2669 1587 2790 1643 ταῖς
2847 1583 3068 1652 νοήσεσι
3112 1586 3210 1636 τοῦ
3259 1586 3392 1637 Θεοῦ
3443 1581 3534 1636 καὶ
3587 1583 3762 1636 πάντα
3793 1583 3939 1654 ὁμοῦ

2274 1672 2411 1740 ἦσαν
2445 1667 2569 1726 ὄντα
2599 1671 2689 1726 καὶ
2718 1672 3067 1746 ἆσυγχύτως,
3118 1671 3206 1726 καὶ
3259 1673 3358 1726 οὐκ
3406 1673 3458 1726 ἓν
3509 1670 3664 1743 τόπῳ
3690 1690 3702 1702 °
3738 1670 3800 1726 οὗ
3829 1672 3932 1745 γὰρ

2276 1761 2500 1834 σώματά
2533 1761 2683 1832 εἰσιν⁹
2719 1761 2841 1817 οὕτε
2874 1761 2926 1816 ἐν
2974 1760 3209 1834 σώματι,
3242 1760 3368 1816 ἀλλ’
3417 1759 3469 1816 ἐν
3501 1757 3703 1822 ἀϊδίοις
3733 1762 3935 1831 νοήσε-

513 1855 744 1910 aaternis
771 1853 1228 1923 cogitationibus
1261 1868 1390 1922 quas
1415 1855 1554 1906 sunt
1577 1850 1932 1920 exemplaria
1965 1867 1977 1905 :
2009 1850 2154 1904 unde

2276 1871 2378 1920 σιν,
2435 1848 2632 1912 ατίτινές
2689 1851 2790 1904 εἰσι
2869 1848 3321 1925 παραδείγματα·
3385 1851 3504 1914 ὅθεν
3561 1848 3652 1904 καὶ
3709 1851 3928 1905 πάντων

512 1946 685 2000 etiam
721 1944 902 1998 Deum
939 1944 1204 1996 omnium
1236 1945 1325 1996 est
1357 1941 1736 2011 principium;
1771 1957 1906 1994 nam
1941 1939 2158 2010 princi-

509 2033 672 2102 pium
700 2036 789 2085 est
818 2029 1096 2098 quidquid
1128 2032 1263 2083 ante
1297 2028 1564 2083 effectum
1591 2043 1761 2082 suum
1786 2027 2068 2094 substitit,
2093 2042 2159 2080 ac

508 2121 567 2174 in
619 2118 751 2174 aliis
784 2119 926 2173 ordo
957 2122 1047 2172 est
1077 2133 1280 2171 eorum
1315 2133 1440 2187 qua:
1491 2115 1646 2170 velut
1681 2115 1946 2170 ordinata
1978 2121 2154 2186 sunt;

514 2209 656 2263 ordo
687 2213 884 2261 autem
917 2213 1006 2261 est
1035 2205 1303 2261 efﬁcacia
1336 2204 1748 2260 similitudinis
1772 2207 2036 2260 omnium
2069 2223 2155 2261 re-

511 2314 638 2352 rum
671 2297 824 2350 inter
872 2312 954 2361 se,
987 2301 1044 2350 et
1091 2294 1587 2350 commensuratio
1645 2293 1932 2349 exsistens
1981 2311 2159 2350 causa

511 2385 946 2440 communionis
977 2401 1171 2439 rerum
1207 2383 1461 2438 universi
1491 2383 1642 2438 inter
1673 2399 1764 2451 se;
1797 2384 1937 2454 quin
1978 2384 2155 2438 etiam

507 2476 665 2530 D'eus
694 2479 784 2530 est
810 2478 999 2529 status
1031 2473 1225 2528 omnis
1250 2477 1306 2528 et
1337 2478 1532 2527 motus
1564 2472 1758 2528 omnis
1789 2489 2004 2528 rerum.
2026 2473 2155 2528 Hec

509 2569 704 2619 autem
737 2563 962 2618 diverse
995 2562 1376 2634 intelligenda
1410 2579 1422 2616 :
1457 2562 1750 2632 siquidem
1785 2563 1842 2616 in
1876 2561 2153 2633 intelligi-

507 2654 726 2709 bilibus
745 2658 802 2708 et
823 2651 1529 2723 intelligentibus,natura
1547 2668 1679 2705 cum
1704 2652 1780 2705 sit
1798 2651 2153 2722 principium

511 2748 704 2797 motus
735 2751 791 2796 et
817 2747 1026 2806 status,
1055 2756 1153 2796 seu
1177 2741 1412 2811 quietis,
1445 2740 1600 2794 idem
1622 2740 1778 2794 enim
1814 2745 1921 2807 est,
1956 2741 2149 2794 efﬁca-

507 2833 654 2886 ciam
688 2831 976 2896 declarat;
1012 2847 1145 2884 nam
1182 2835 1377 2883 motus
1409 2829 1508 2898 qui
1543 2829 1597 2881 in
1634 2829 1974 2884 ministeriis
2007 2829 2152 2883 divi-

506 2923 598 2976 nis
643 2922 782 2976 l75
822 2937 886 2974 ac
919 2919 1262 2972 inferiorum
1305 2917 1800 2972 instructionibus
1840 2917 2035 2973 vitalis
2066 2923 2155 2973 est

503 3009 785 3073 efﬁcacia,
818 3014 876 3063 et
897 3008 1064 3077 quies
1095 3012 1272 3076 atque
1302 3011 1514 3075 status,
1549 3023 1680 3060 cum
1716 3006 1793 3060 sit
1814 3012 2065 3061 aeternus
2096 3012 2154 3062 et

505 3097 751 3152 minime
793 3095 1122 3163 mutabilis,
1175 3095 1433 3149 declarat
1485 3099 1712 3150 mentes
1762 3095 1872 3150 sibi
1923 3097 2153 3168 propria

502 3186 752 3258 operari,
783 3203 849 3241 ac
881 3184 1092 3239 divinis
1123 3185 1373 3256 impleri;
1401 3185 1457 3240 in
1482 3184 1803 3240 sensilibus
1827 3189 2018 3242 autem
2045 3203 2151 3241 na-

2272 1940 2417 2014 ἀρχή
2453 1939 2480 1993 6
2512 1941 2640 2000 Θεός
2675 1958 2686 1971 ⁸

2265 2027 2557 2103 γινομένου
2591 2048 2603 2061 ·
2638 2029 2726 2083 καὶ
2759 2029 2895 2102 πρὸς
2948 2034 3065 2090 τοῖς
3112 2027 3328 2098 ἄλλοις,
3380 2029 3470 2083 καὶ
3501 2028 3648 2102 τάξις
3680 2029 3792 2083 ἐστῖ
3823 2034 3934 2084 τῶν

2269 2119 2342 2178 ὡς
2368 2117 2711 2192 τεταγμένων
2747 2137 2759 2149 ⁸
2819 2117 2967 2188 τάξις
3011 2115 3066 2172 δέ
3117 2117 3257 2172 ἐστιν
3321 2117 3537 2194 ἐργασία
3590 2115 3940 2191 ὁμοιότητος

2267 2207 2403 2280 πρὸς
2434 2205 2658 2276 ἄλληλα
2688 2207 2901 2260 πάντων
2936 2211 3043 2260 τῶν
3096 2202 3288 2275 ὄντων,
3321 2207 3410 2261 καὶ
3439 2207 3746 2279 συμμετρία
3774 2228 3926 2282 γινο-

2271 2293 2403 2366 μένη
2437 2293 2583 2348 αἰτία
2638 2293 2925 2355 κοινωνίας
2981 2299 3087 2348 τῶν
3149 2295 3283 2370 πρὸς
3331 2293 3556 2366 ἄλληλα
3599 2296 3798 2356 παντὸς
3824 2300 3924 2350 τοῦ

2266 2380 2443 2452 ὄντος,
2502 2381 2649 2438 ἀλλά
2705 2384 2792 2438 καὶ
2868 2389 3013 2438 πᾶσα
3083 2383 3284 2453 στάσις,
3361 2385 3452 2438 καὶ
3517 2391 3660 2438 πᾶσα
3710 2385 3926 2455 κίνησις

2271 2472 2383 2528 ἐστι
2416 2477 2522 2527 τῶν
2555 2472 2723 2527 ὄντων
2754 2474 2781 2526 6
2813 2473 2967 2534 Θεός.
3022 2469 3306 2551 Διαφόρως
3359 2471 3416 2528 δὲ
3445 2473 3642 2538 ταύτας
3669 2475 3921 2544 νοητέονο

2719 1940 2864 2015 ἀρχὴ
2899 1941 2998 2014 γάρ
3052 1940 3160 1994 ἐστι
3216 1945 3318 1994 πᾶν
3364 1940 3426 1994 τὸ
3457 1940 3814 2018 προϋφεστὼς
3842 1940 3941 1994 τοῦ

2263 2563 2353 2617 καὶ
2386 2562 2473 2616 ἐπὶ
2506 2563 2599 2634 μὲν
2633 2566 2739 2616 τῶν
2779 2565 2992 2631 νοητῶν
3050 2563 3141 2617 καὶ
3196 2567 3304 2616 τῶν
3363 2568 3585 2637 νοερῶν,
3645 2566 3672 2632 ἦ
3734 2562 3919 2640 φύσις,

2265 2651 2412 2725 ἀρχὴ
2472 2651 2604 2704 οὖσα
2661 2652 2925 2720 κινήσεως
2996 2650 3085 2704 καὶ
3143 2649 3402 2720 στάσεως,
3476 2651 3601 2720 ἤτοι
3662 2654 3924 2726 ἠρεμίας.

2262 2741 2454 2794 ταύτὸν
2485 2741 2588 2815 γάρ
2638 2737 2770 2807 ἐστι,
2820 2739 3092 2814 ἐγὲργειαν
3145 2737 3312 2810 δηλοῖ
3347 2759 3358 2772 ⁸
3393 2740 3427 2809 ἥ
3478 2762 3537 2795 τε
3575 2741 3679 2816 γὰρ
3708 2740 3926 2810 κίνησις

2267 2826 2465 2897 ἡεῖδ
2633 2830 2645 2882 ί
2787 2827 2829 2868 εί
3017 2825 3112 2845 κθ
3243 2829 3372 2860 ε’
3529 2824 3783 2854 ευρ

2384 2850 2407 2889 ς
2476 2849 2621 2882 ιακον
2654 2849 2714 2892 ας
2751 2839 2893 2891 θηας
2943 2849 3032 2882 και
3087 2825 3436 2891 οιδασκαλιας
3486 2850 3593 2883 των
3642 2825 3924 2900 υποοεεη-

2263 2917 2437 2972 κότων
2470 2915 2710 2994 ἐνέργειᾶ
2759 2917 2869 2971 ἐστι
2937 2919 3163 2987 ςωτικὴ,
3224 2917 3258 2987 ἦ
3311 2939 3370 2973 τε
3418 2918 3624 2993 ἠρεμία
3671 2919 3762 2972 καὶ
3795 2920 3922 2972 στά-

2264 3029 2346 3068 σις
2398 3008 2618 3070 αἰώνιος
2677 3007 2808 3061 οὖσα
2859 3007 2948 3060 καὶ
3003 3005 3287 3080 ἄτρεπτος,
3338 3007 3404 3062 τὰ
3457 3007 3630 3062 οἰκεῖα
3678 3007 3919 3082 ἐνεργεῖν

2264 3093 2428 3166 δηλοῖ
2451 3094 2576 3158 τοὺς
2601 3095 2745 3165 νόας,
2778 3094 2868 3150 xui
2927 3101 3033 3150 τῶν
3089 3096 3243 3160 θείων
3295 3095 3672 3174 ἐμφορεῖσθαι.
3707 3097 3834 3154 Ἐπὶ
3864 3094 3922 3150 δὲ

2260 3184 2367 3241 τῶν
2400 3185 2671 3255 αἰσθητῶν
2707 3188 2740 3256 ἡ
2788 3185 2942 3263 φύσις
2999 3186 3144 3262 ἀρχῆ
3198 3187 3330 3240 οὖσα
3372 3189 3635 3257 κινήσεως
3665 3187 3755 3241 καὶ
3791 3188 3922 3241 στά-

500 3281 633 3330 tura
657 3274 945 3330 exsistens
968 3273 1321 3344 principium
1350 3278 1542 3328 motus
1558 3278 1614 3327 et
1637 3279 1826 3329 status
1849 3291 1951 3329 seu
1983 3276 2146 3346 quie-

2268 3296 2418 3343 σεως,
2452 3276 2575 3343 ἦτοι
2629 3274 2883 3349 ἠρεμίας.
2935 3275 3034 3342 τήν
3095 3276 3188 3346 μὲν
3248 3274 3457 3344 κίνησιν
3515 3273 3682 3346 δηλοῖ
3737 3275 3818 3338 εἷς
3859 3277 3924 3330 τὸ

504 3366 580 3419 tis
608 3369 830 3418 metum
866 3365 1100 3434 quidem
1136 3362 1395 3418 declarat
1454 3363 1510 3417 in
1559 3363 1939 3435 productione
1977 3381 1989 3418 :
2033 3368 2148 3419 sta-

504 3458 628 3510 tum
661 3471 791 3509 vero
841 3470 942 3508 seu
999 3453 1279 3524 quietem,
1340 3469 1409 3507 ex
1466 3453 1839 3524 corruptione
1883 3455 2150 3510 essentia:

502 3547 604 3598 aut
661 3543 1052 3597 cessationem
1086 3545 1186 3596 aut
1219 3542 1623 3596 mutationem.
1686 3542 1911 3597 Dicitur
1952 3546 2149 3598 autem

501 3633 656 3687 Deus
684 3631 804 3685 haec
837 3648 986 3692 esse.
1013 3630 1163 3700 quod
1193 3629 1318 3700 ipse
1340 3631 1910 3702 superessentialitcr
1941 3631 2016 3686 sit
2047 3649 2148 3686 au-

503 3725 645 3776 ctor.
681 3721 870 3775 Motus
900 3724 1092 3773 autem
1131 3720 1264 3788 Deo,
1297 3726 1384 3773 est
1417 3720 1476 3774 in
1519 3721 1810 3792 benignus
1841 3721 2150 3791 providen-

501 3810 594 3863 tiae
618 3825 925 3879 processus
947 3808 1005 3862 in
1031 3825 1097 3862 ea
1138 3825 1266 3878 quae
1299 3825 1366 3861 ex
1400 3809 1525 3880 ipso
1556 3813 1612 3863 et
1644 3826 1744 3882 per
1777 3809 2001 3881 ipsum;
2038 3812 2151 3862 sta-

503 3903 597 3953 tus
628 3916 783 3965 vero,
813 3902 870 3952 et
903 3914 1130 3968 semper
1152 3899 1352 3952 eodem
1379 3899 1551 3952 modo
1575 3915 1637 3953 se
1656 3899 1889 3963 habere,
1927 3915 1993 3952 ac
2024 3897 2149 3952 sine

503 4005 762 4055 egressu,
798 3988 1155 4058 incognitam
1186 3987 1275 4040 sui
1311 3987 1498 4057 ipsius
1532 3991 1787 4057 quietem
1827 3988 1880 4040 in
1916 3987 2150 4057 intrepi-

501 4079 636 4132 dam
662 4077 849 4130 turbae
871 4076 1220 4131 vacuitatem
1247 4077 2145 4146 possidere.Netandumautem,

499 4183 634 4221 cum
657 4165 1056 4236 intelligibiles
1070 4165 1375 4220 facultates
1391 4171 1638 4220 aeternas
1652 4169 2148 4231 vocassc,utzeter-

501 4257 740 4310 nitatem
768 4254 1215 4326 participantes;
1243 4255 1549 4325 Scriptura
1571 4253 1724 4308 enim
1752 4254 1857 4307 hoc
1891 4253 2099 4307 asserit
2132 4270 2143 4308 :

503 4349 638 4414 Quae
659 4347 806 4400 enim
844 4344 1124 4410 videntur,
1150 4345 1479 4414 temporalia
1500 4347 1652 4403 sunt;
1686 4357 1810 4412 quae
1829 4349 2014 4396 autem
2039 4359 2148 4396 non

499 4435 780 4497 videntur,
810 4437 1020 4488 {eterna
1039 4437 1166 4488 sunt
1182 4433 1349 4503 (d).ln
1375 4431 1505 4486 aliis
1527 4448 1660 4486 vero
1683 4431 1988 4486 existentia
2010 4435 2149 4484 sunt

500 4525 675 4578 veluti
727 4521 1031 4588 sanctitas,
1067 4521 1477 4576 immortalitas
1527 4521 1660 4574 vitze
1706 4520 1991 4576 beatitas:
2028 4521 2146 4574 haec

2257 3364 2388 3417 εἶναι
2411 3366 2741 3439 παραγωγήν
2769 3383 2781 3395 ·
2814 3365 2911 3430 τὴν
2939 3361 2994 3417 δε
3020 3362 3224 3435 στάσιν,
3258 3364 3382 3434 ἥτοι
3415 3365 3669 3439 ἠρεμίαν,
3696 3367 3797 3434 την
3831 3363 3925 3419 διὸ⁴

2256 3460 2357 3521 τῆς
2384 3455 2585 3528 φθορᾶς
2615 3457 2710 3507 τοῦ
2735 3453 2865 3506 εἶναι
2894 3451 2928 3521 ἢ
2963 3457 3156 3506 παῦσιν
3247 3449 3581 3526 μεταϐολὴν.
3609 3456 3837 3529 Λέγεται
3863 3452 3922 3509 δὲ

2257 3546 2425 3596 ταῦτα
2456 3542 2589 3596 εἶναι
2624 3543 2651 3596 6
2704 3543 2857 3610 Θεὸς,
2901 3541 2975 3604 ὡς
3026 3539 3200 3605 αἶ’τιος
3243 3540 3400 3604 αὐτὸς
3457 3543 3724 3617 ὑπάρχων
3761 3543 3923 3618 ὑπερ-

2262 3629 2480 3690 ουσίως.
2516 3629 2737 3699 Κίνησις
2787 3627 2843 3683 δὲ
2887 3629 2972 3682 ἐπὶ
3029 3634 3162 3684 Θεοῦ
3219 3632 3253 3698 ἡ
3302 3630 3378 3693 εἰς
3424 3631 3491 3685 τά
3537 3631 3587 3701 ἐξ
3633 3631 3800 3686 αὒτοῦ
3829 3632 3922 3686 καὶ

2263 3716 2333 3771 δι’
2365 3720 2532 3772 αὑτοῦ
2590 3718 2641 3772 ἐν
2695 3719 2988 3794 ἀγαθότητι
3021 3721 3362 3792 προνοητική
3415 3718 3653 3794 πρόοδος
3688 3739 3701 3752 ·
3735 3723 3923 3782 στάσις

2265 3806 2320 3861 δέ
2349 3808 2411 3862 τὸ
2444 3808 2522 3861 ἀεὶ
2583 3807 2842 3869 ὡσαύτως
2896 3805 3064 3882 ἔχειν,
3117 3808 3208 3862 καὶ
3267 3807 3678 3886 ἀνεκφοιτήτως
3725 3809 3921 3864 ἐαυτοῦ

2258 3898 2356 3964 την
2417 3896 2813 3969 ἀνεπίγνωστον
2894 3896 3126 3970 ἠρεμίαν
3185 3897 3274 3951 καὶ
3332 3898 3541 3970 ἀτρεμῆ
3603 3897 3918 3973 ἀοχλησίαν

2256 3985 2565 4050 κεκτῆσθαι,
2612 3982 2960 4054 Σημειωτὲον
3008 3982 3086 4050 δὲ,
3137 3984 3220 4038 ὅτι
3274 3985 3367 4047 τὰς
3422 3989 3621 4056 νοητὰς
3655 3984 3921 4059 δυνάμεις

2256 4073 2479 4133 αἱωνίας
2507 4070 2775 4139 ἐκάλεσεν,
2828 4073 2903 4135 ὡς
2953 4073 3150 4134 αἰῶνος
3203 4073 3561 4148 μετεχούσας.
3612 4077 3674 4131 Ἡ
3708 4073 3768 4131 δὲ
3795 4081 3923 4131 τοῦ·

2255 4183 2318 4215 το
2347 4160 2578 4236 λέγουσα
2639 4159 2822 4235 Γρᾶφή
2873 4161 3030 4216 ἐστι·
3097 4163 3178 4218 Τὰ
3235 4162 3336 4238 γάρ
3403 4161 3715 4236 βλεπόμενα
3747 4166 3920 4241 πρόσ-

2256 4271 2460 4324 καιρα·
2528 4251 2594 4304 τὰ
2652 4248 2708 4304 δὲ
2795 4252 2871 4322 μη
2952 4251 3265 4326 βλεπόμενα
3337 4253 3552 4311 αἰώνια.
3616 4256 3697 4311 Τὸ.
3759 4253 3806 4310 δ’
3865 4257 3915 4310 ἐν

2257 4339 2457 4412 ἕτεροις
2520 4339 2836 4413 ὑπάρχοντά
2890 4341 3021 4394 εἷ’σιν
3107 4345 3223 4396 οἷον
3291 4344 3579 4418 ἁγιασμὸς,
3629 4345 3918 4408 ἀθανασία,

2258 4426 2458 4496 εὐζωῖἀ
2491 4447 2502 4459 ·
2538 4433 2704 4482 ταῦτα
2760 4431 2861 4505 γὰρ
2919 4429 2969 4484 ἐν
3023 4436 3245 4500 νοηταῖς
3302 4433 3387 4486 καὶ
3454 4439 3668 4500 νοεραῖς
3700 4436 3919 4496 οὐσίαις

2257 4516 2483 4571 τοιαῦτά
2515 4517 2616 4571 εῗσι
2656 4519 2771 4572 κατ’
2825 4517 3064 4574 ἐπίνοιαν
3119 4517 3174 4574 δὲ
3233 4521 3485 4596 λέγονται
3535 4521 3590 4576 ἐν
3639 4529 3757 4584 τοῖς
3788 4545 3920 4594 νοη-

501 4615 656 4668 enim
690 4612 744 4665 in
783 4609 1255 4679 intelligibilibus
1287 4627 1352 4664 ac
1386 4607 1848 4678 intelligentibus
1870 4609 2143 4664 essentiis

2268 4613 2372 4667 τοῖς
2403 4607 2496 4687 καὶ
2526 4610 2684 4678 ἡμῖν,
2733 4609 2806 4668 ὡς
2855 4608 2966 4662 Οεοὶ
3015 4609 3104 4663 καὶ
3155 4610 3332 4684 κύριοι
3373 4612 3463 4666 καὶ
3511 4609 3725 4667 δυνατοί
3763 4613 3921 4688 ἰσχύϊ

501 4700 640 4756 talia
671 4703 844 4754 sunt:
871 4699 1150 4753 dicuntur
1182 4705 1375 4753 autem
1411 4697 1760 4767 cogitatione
1787 4713 1916 4752 esse
1948 4698 2005 4751 in
2059 4698 2146 4750 in-

499 4788 907 4860 telligibilibus
927 4804 993 4843 ac
1017 4788 1208 4852 nobis,
1237 4793 1299 4842 ut
1332 4787 1412 4841 dii
1453 4792 1509 4841 et
1544 4785 1767 4840 domini
1791 4791 1846 4841 et
1882 4790 2148 4856 potentes

498 4881 711 4935 virtute
733 4878 946 4949 angeli,
980 4894 1044 4932 ac
1074 4876 1521 4948 participatione
1552 4875 1842 4930 homines.

571 4970 759 5024 Omnis
774 4968 1041 5037 deﬁnitio,
1067 4976 1118 5022 et
1148 4975 1343 5021 czetera
1364 4981 1716 5036 quacunque.
1741 4965 1875 5027 Quae
1902 4981 1967 5020 eo
1991 4965 2144 5035 quod

497 5059 784 5113 exsistant
817 5062 974 5121 sunt,
1009 5055 1150 5110 dicit
1184 5054 1302 5109 hac
1325 5054 1383 5107 in
1417 5052 1546 5108 aliis
1577 5053 1948 5108 considerata
2005 5053 2149 5109 exsi-

500 5152 616 5201 tere
638 5153 693 5201 et
726 5163 836 5201 non
873 5146 930 5199 in
965 5161 1026 5199 se
1055 5144 1222 5216 ipsis;
1249 5159 1383 5197 nam
1407 5143 1834 5212 essentiae(hcec
1862 5143 2018 5197 enim
2050 5160 2144 5198 vo-

498 5235 649 5288 cavit
678 5236 852 5305 entia)
880 5239 1018 5289 sunt
1046 5248 1248 5287 eorum
1282 5247 1404 5301 qua:
1437 5247 1539 5303 per
1565 5247 1628 5285 se
1659 5231 1971 5297 exsistunt,
1999 5247 2147 5302 quas

499 5321 831 5393 designant,
879 5320 1311 5390 immortalitas,
1363 5318 1674 5392 sapientia,
1724 5321 1889 5387 ordo,
1935 5335 2147 5376 conve-

575 5471 654 5544 (d)
687 5472 733 5528 ll
764 5476 894 5529 Cor.
930 5489 1007 5543 Iv,
1041 5473 1128 5526 18.

2260 4694 2482 4771 ἀγγελοι
2513 4696 2647 4750 κατὰ
2681 4695 2887 4768 μέθεξιν
2919 4698 3008 4752 καὶ
3040 4697 3336 4774 ἅνθρωποι.

2330 4969 2440 5024 Πᾶς
2474 4961 2619 5039 ὅρος,
2651 4967 2740 5018 καὶ
2799 4967 2864 5019 τὰ
2914 4964 3076 5022 ἄλλα·
3128 4971 3264 5023 Ὅσα
3315 4975 3396 5041 τῷ
3437 4971 3570 5024 εἶναι
3621 4967 3755 5025 ὄντα
3784 4969 3912 5038 εἷ’σι,

2253 5054 2423 5108 ταῦτά
2473 5074 2632 5126 φησιν
2697 5053 2750 5108 ἐν
2806 5050 3008 5129 ὲτέροις
3067 5057 3416 5132 θεωρούμενα
3475 5060 3769 5134 ὑπάρχειν,
3827 5061 3914 5114 xui

2259 5143 2320 5197 οὕ
2349 5143 2656 5196 καθ’ἓαυτά
2690 5161 2702 5174 ·
2763 5143 2816 5196 αἰ
2875 5145 2978 5220 γὰρ
3031 5145 3208 5200 οὐσίαι
3268 5150 3457 5219 (ταῦτα
3513 5148 3617 5223 γὰρ
3661 5148 3913 5204 ἐκάλεσεν

2257 5233 2430 5304 ὄντα),
2461 5235 2570 5286 τῶν
2603 5232 2719 5294 καθ’
2779 5233 2940 5287 ἑαυτά
3001 5233 3154 5304 εἰσιν,
3210 5235 3422 5300 ἅστινας
3477 5240 3916 5313 χαρακτηρίζου-

2256 5341 2358 5393 σιν,
2415 5319 2698 5394 ἀθανασία,
2774 5321 2956 5399 σοφία,
3031 5325 3202 5398 τάξις,
3257 5326 3519 5402 ἆρμονία,
3577 5327 3775 5385 καὶτὰ
3826 5329 3914 5382 σὺν

1494 5596 1739 5653 νΑΙιΙίΕ
1779 5596 2176 5654 LECTIONES
2216 5597 2306 5654 ET
2343 5597 2912 5658 CORRECTIONES.

576 5726 618 5762 ²ί
648 5722 709 5779 τὸ
742 5719 800 5778 δὲ
830 5719 1059 5779 ἐναντία.
