4080 6366
195 396 279 450 3‘25
930 394 988 446 S.
1029 393 1298 446 MAXIMI
1335 391 1643 447 BCHOLIA
1680 394 1755 446 IN
1794 392 1927 445 LIB.
1968 391 2064 442 DE
2102 390 2370 444 DIVINIS
2410 391 2820 444 NOMINIBUS.

3483 391 3588 445 3'26

192 520 368 585 αὐτοῖς,
430 518 568 591 ἅπερ
627 514 679 570 ἐν
740 513 945 591 ἑτέροις
989 515 1255 588 ὑπάρχειν
1303 512 1576 589 λεγονταιο
1640 511 1819 588 ὥσπερ

1956 513 2178 579 tientia,
2212 517 2270 568 et
2292 513 2365 567 iis
2387 513 2686 584 adjuncta,
2712 529 2838 584 quaa
2864 514 3144 569 dicuntur
3168 529 3298 571 esse
3334 515 3394 571 in
3423 514 3587 585 aliis;

191 607 260 661 καὶ
299 606 363 661 τὰ
409 606 529 660 κατ’
560 602 810 674 αἶ’σθησιν
837 601 962 679 περὶ
994 602 1061 657 τὰ
1099 601 1326 675 σώματα
1371 604 1644 677 ὁρώμενα·
1704 605 1817 656 οἷον

195 699 391 770 χρῶμα,
427 702 646 769 σχῆμα,
697 689 1028 763 πηλικὸτης,
1073 692 1160 745 καὶ
1211 692 1278 746 τὰ
1322 692 1510 764 ὅμοια,
1546 694 1679 765 ἅπερ
1715 712 1821 744 σω-

196 787 351 858 μάτων
399 784 553 845 ἐκτὸς
602 781 947 844 συνίστασθαι
998 778 1281 835 ἀδύνατον.
1336 780 1516 836 Διεῐλε
1575 778 1632 834 δὲ
1688 779 1825 833 αὐτὰ

193 875 435 949 ὁΠατὴρ
488 877 595 926 τῶν
640 872 755 926 κατ’
809 870 1067 925 ἐπίνοιαν·
1128 874 1293 924 ταῦτα
1352 868 1409 923 δὲ
1455 870 1585 924 εἶναί
1647 890 1818 945 φαμεν

192 966 244 1019 τὰ
266 968 328 1037 τῇ
366 964 555 1033 νοήσει
601 955 1152 1032 καταλαμϐανόμενα,
1202 963 1315 1014 οἷον
1366 959 1570 1031 νόημα,
1632 959 1819 1034 λόγον,

192 1053 441 1123 αῗσθησιν,
494 1051 585 1105 καὶ
632 1050 701 1104 τὰ
742 1052 1002 1103 τοιαῦταο
1076 1049 1229 1103 ἅτινα
1275 1052 1343 1121 τῇ
1408 1047 1621 1117 ἐπινοίᾳ
1680 1047 1820 1121 μόνῃ

192 1141 330 1198 οἱονεὶ
359 1145 431 1214 τῇ
492 1139 850 1212 ἐπενθυμήσει
908 1138 1247 1213 γνωρίζομεν
1287 1156 1300 1170 ’
1334 1139 1368 1207 ἢ
1403 1137 1494 1191 καὶ
1527 1138 1645 1191 κατ’
1704 1136 1821 1190 ἐπί-

190 1252 316 1287 νοιαν
349 1230 493 1305 λέγει
525 1230 591 1283 τὰ
621 1229 811 1299 νοητὰ,
844 1227 933 1282 καὶ
964 1227 1210 1298 αἰσθήσει
1244 1225 1621 1281 ὑποπίπτοντα
1646 1223 1821 1298 μηδα-

193 1324 310 1393 μῶς.

249 1409 458 1479 δνΙιΙ.
500 1408 569 1464 Αἱ
598 1406 787 1476 νοηταὶ
839 1405 929 1459 καὶ
985 1402 1186 1479 νοεραί.
1249 1402 1570 1477 Σημείωσαι
1633 1400 1709 1472 δὶ,
1746 1402 1829 1457 ὅτι

188 1498 243 1554 τὸ
269 1496 456 1568 νοηταὶ
488 1496 566 1559 ὡς
596 1496 732 1573 πρὸς
763 1496 932 1568 ἡμᾶς·
964 1495 1026 1549 τὸ
1077 1491 1134 1548 δὲ
1189 1494 1369 1569 νοεραὶ
1420 1492 1494 1556 ὡς
1543 1493 1678 1567 πρὸς
1735 1493 1828 1546 τὸν

193 1589 300 1645 Θεὸν
331 1592 561 1645 νοεῖται.

254 1676 345 1732 Καὶ
375 1677 438 1731 τὸ
474 1676 632 1732 εἶναι.
667 1674 765 1729 Καὶ
792 1674 854 1729 τὸ
887 1671 1139 1737 θιοειδῶς
1171 1676 1331 1729 εἶναι.

255 1766 346 1821 Καὶ
374 1767 445 1821 τὰ
492 1765 638 1820 ἄλλα
684 1765 878 1819 πάντα.
928 1765 1051 1820 "Ott
1098 1763 1262 1826 αὐτὸς
1308 1761 1483 1827 αἴτιος
1538 1765 1639 1817 τοῦ
1694 1764 1830 1816 εἶναι

1934 606 2077 657 sunt
2107 601 2284 657 etiam
2314 618 2444 673 quae
2476 618 2654 657 sensu
2688 603 2845 657 circa
2897 619 3141 674 corpora
3194 604 3486 671 videntur,
3524 610 3590 660 ut

1932 691 2109 761 color,
2142 692 2348 763 ﬁgura,
2385 690 2686 762 quantitas
2716 695 2775 745 et
2805 691 3048 759 similia,
3079 710 3207 763 quae
3247 698 3413 749 extra
3460 710 3588 749 cor—

1936 799 2045 853 pus
2068 781 2391 836 consistere
2411 784 2735 850 nequeunt.
2752 781 2929 835 Porro
2956 784 3128 835 Pater
3147 781 3266 835 haec
3293 783 3497 837 divisit
3519 784 3591 838 ab

1935 872 2030 940 iis,
2051 888 2179 943 quae
2206 874 2344 925 sunt
2365 870 2745 941 cogitatione;
2773 870 2893 925 haec
2944 876 3140 926 autem
3179 873 3437 929 dicimus
3464 891 3593 929 esse

1934 978 2061 1032 quas
2090 959 2493 1015 intellectione
2525 960 3131 1031 comprehenduntur,
3163 960 3343 1015 veluti
3387 966 3593 1035 cogni-

1934 1050 2175 1117 tionem,
2218 1050 2493 1115 verbum,
2526 1065 2779 1104 sensum
2815 1055 2871 1104 et
2902 1049 3070 1117 talia;
3100 1067 3227 1119 quae
3248 1051 3594 1121 cogitatione

1936 1138 2060 1195 sola
2088 1144 2371 1209 tanquam
2407 1138 2617 1193 reﬂexo
2656 1138 3076 1194 intellectionis
3117 1144 3249 1194 actu
3281 1141 3588 1212 cognosci-

1941 1245 2091 1295 mus;
2114 1228 2407 1282 autetiam
2440 1244 2570 1282 esse
2605 1229 2958 1299 cogitatione
2989 1229 3134 1283 dicit
3167 1229 3589 1301 intelligibilia,

1939 1323 1995 1374 et
2025 1317 2187 1372 nullo
2216 1317 2388 1371 modo
2420 1317 2695 1372 sensibus
2724 1319 3008 1386 subjecta.

2009 1410 2035 1475 §
2066 1406 2571 1461 VIlI.Intellectiles
2597 1422 2661 1461 ac
2688 1407 3081 1477 intellz’gentes.
3105 1407 3252 1462 Nota
3283 1423 3416 1462 vero
3441 1410 3593 1479 quod

1938 1493 2130 1564 νοηταί
2162 1500 2431 1565 respectu
2473 1494 2693 1563 nostri;
2742 1496 2895 1566 quod
2949 1493 3143 1567 νοηραί
3193 1500 3461 1569 respectu
3491 1496 3594 1553 Dei

1943 1584 2314 1655 intelligitur.

2012 1677 2086 1729 Et
2113 1690 2249 1729 esse.
2282 1674 2351 1728 Et
2382 1672 2575 1728 divine
2608 1689 2737 1728 esse
2767 1672 3005 1728 habent.

2012 1766 2076 1818 Et
2105 1764 2220 1817 alia.
2249 1762 2457 1818 omnia.
2504 1762 2703 1832 [psum
2737 1768 3040 1818 auctorem
3097 1780 3247 1831 esse,
3310 1781 3414 1819 cur
3472 1764 3592 1820 sint

192 1858 248 1911 τὰ
308 1855 503 1925 πάντα,
570 1854 660 1909 καὶ
724 1853 829 1928 πρὸ
868 1857 964 1907 τοῦ
1014 1855 1171 1921 εἴναι,
1232 1853 1323 1906 ἅτε
1368 1854 1455 1907 καὶ
1514 1849 1647 1918 ἰδέα,
1707 1850 1833 1920 ἤτοι

304 1942 348 1954 ..ι
563 1938 588 1954 ,ι
744 1946 769 1954 -
847 1943 868 1954 -
1039 1941 1051 1954 .
1161 1940 1173 1954 .
1274 1945 1329 1954 -_
1425 1939 1448 1954 εκ
1496 1938 1511 1954 ς
1570 1944 1594 1954 -
1810 1940 1821 1954 .

1956 1854 2161 1923 )mnia,
2196 1858 2253 1907 et
2284 1857 2418 1906 ante
2442 1868 2617 1922 quam
2650 1856 2868 1918 essent,
2905 1856 2970 1907 ut
3001 1852 3130 1907 idea
3159 1869 3262 1908 seu
3294 1854 3592 1925 exemplar

193 1942 519 2019 παράδειγμα
550 1938 624 1996 ὤν
676 1946 773 1996 τοῦ
822 1943 980 2008 εἶναι,
1023 1941 1097 2002 ὡς
1157 1940 1395 2004 ἐντεῦθεν
1422 1938 1710 2009 δηλοῦται·
1768 1940 1831 1993 τὸ

191 2036 279 2109 γὰρ
326 2033 459 2088 αὐτὸ
508 2035 669 2103 εἶναι,
719 2030 819 2085 οὐκ
847 2029 977 2084 αὐτό
1030 2030 1168 2085 ἐστιν
1200 2031 1227 2084 ὁ
1259 2030 1409 2097 Θεὸς,
1466 2027 1554 2084 διὰ
1579 2030 1642 2084 τὸ
1695 2032 1833 2084 εἶναι

191 2124 266 2177 τὸν
295 2123 449 2190 Θεὸν,
509 2120 656 2175 ἀλλὰ
704 2117 793 2174 διὰ
838 2121 929 2173 τὸν
976 2119 1129 2187 Θεὸν,
1179 2120 1266 2173 καὶ
1298 2119 1361 2173 τὸ
1393 2122 1531 2173 εἶναι
1561 2117 1693 2187 ἐστὶ,
1740 2118 1831 2172 καὶ

193 2212 408 2287 λέγεταιο
461 2209 547 2265 διὸ
596 2209 646 2264 ἐν
692 2214 772 2281 τῷ
822 2212 939 2279 Θεῷ
992 2207 1103 2263 ἐστι
1150 2208 1213 2262 τὸ
1255 2208 1408 2278 εῖναι,
1459 2208 1533 2269 ὡς
1585 2206 1717 2261 ἱδέαθ
1770 2206 1831 2261 οὐ

194 2305 287 2374 μὴν
319 2302 346 2355 ὁ
379 2300 536 2368 Θεὸς,
570 2297 622 2352 ἐν
654 2303 736 2371 τῷ
768 2300 905 2353 εἶναι
932 2297 1066 2351 ἐστι·
1118 2298 1225 2372 πρὸ
1274 2298 1378 2371 γὰρ
1406 2301 1503 2351 τοῦ
1554 2299 1685 2351 εἶναι
1740 2299 1828 2365 ἦν·

192 2391 329 2462 ὅμως
390 2386 479 2442 διὰ
536 2387 600 2442 τὸ
648 2386 864 2441 πάντων
908 2386 1081 2447 αἴτιος
1132 2388 1287 2456 εἶναι,
1338 2387 1429 2440 καὶ
1481 2383 1833 2460 παραγωγεὺς

193 2476 471 2545 δείκνυται,
505 2476 595 2531 καὶ
627 2472 727 2546 ἔξω
770 2477 982 2530 πάντων
1031 2474 1195 2547 ἐστὶν,
1238 2476 1311 2536 ὡς
1366 2474 1540 2538 αἶ’τιος
1593 2478 1833 2542 πάντων,

190 2568 267 2621 καὶ
295 2571 414 2627 τοῖς
443 2569 554 2620 τῶν
582 2566 798 2619 πάντων
831 2563 1171 2640 γνωρίσμασι
1219 2562 1706 2638 προσαγορεύεται,
1756 2563 1833 2625 ὡς

190 2656 248 2709 τὰ
275 2653 448 2709 πᾶντα
469 2654 819 2729 παραγαγών.

255 2751 297 2800 Κ
336 2746 351 2766 ‘
442 2743 456 2763 ’
538 2748 563 2758 ”
619 2741 642 2797 ἐ
818 2742 831 2759 ‘
916 2743 939 2793 ἴ
1162 2739 1175 2760 ’
1256 2744 1283 2754 “’
1498 2741 1513 2762 ‘
1715 2739 1727 2760 ’
1804 2743 1830 2753 ’⁸

301 2766 353 2799 αι
400 2764 567 2798 αυτου
648 2763 729 2795 στι
778 2763 840 2796 το
892 2761 1049 2796 εναι.
1105 2744 1286 2797 Αυτου
1335 2741 1453 2812 μὶν,
1482 2761 1555 2803 ως
1588 2740 1640 2810 ἐξ
1671 2761 1835 2794 αυτου

191 2842 289 2897 ἔστι
316 2842 381 2895 τὸ
414 2843 573 2895 εἶναι⁸
609 2838 660 2894 ἐν
694 2839 839 2910 αὖτῷ
872 2837 936 2893 δὲ
963 2844 1044 2911 τῷ
1075 2844 1449 2912 συντηρεῖσθαι
1491 2840 1618 2914 παρ’
1648 2838 1832 2892 αὐτοῦ’

190 2931 277 2985 οὐκ
304 2930 470 2992 αὐτὸς
504 2928 561 2984 δὲ
588 2933 686 2984 τοῦ
718 2930 871 2996 εἶναι,
901 2926 1026 2983 οὐδὲ
1072 2927 1125 2982 ἐν
1156 2932 1234 3000 τῷ
1279 2930 1410 2982 εἴναι
1444 2929 1831 3003 συνεχόμενος’

190 3020 311 3097 ὑπὲρ
344 3020 449 3096 γὰρ
481 3020 545 3073 τὸ
578 3022 714 3074 εἴναι
746 3020 774 3073 ὁ
808 3017 1149 3094 ὑπερούσιος.

249 3200 343 3255 Καὶ
407 3199 509 3253 οὐκ
565 3195 727 3260 αὐτὸς
781 3196 832 3251 ἐν
892 3200 970 3268 τῷ
1027 3199 1185 3252 εἶναι.
1229 3199 1741 3272 Προσυπακουστέον
1777 3198 1829 3254 ἐν

189 3288 516 3367 ἀμφοτέροις
546 3286 609 3341 τὸ
642 3284 836 3353 α’ἷτιον,
867 3287 1110 3340 τουτέστι
1140 3287 1204 3339 τὸ
1235 3288 1369 3340 εἶναι
1402 3286 1560 3341 αὐτὸν
1595 3282 1711 3361 ἔχει
1743 3284 1830 3341 αἶ’-

186 3400 316 3447 τιον,
366 3377 460 3432 καὶ
513 3376 645 3451 οὐχῖ
695 3374 877 3444 αὐτὸς,
930 3376 1004 3436 ὡς
1050 3373 1107 3429 ἐκ
1136 3377 1626 3449 προηγουμένης²²
1658 3377 1838 3439 αἶ’τίας

193 3466 298 3542 ἔχει
329 3467 394 3521 τὸ
429 3468 590 3520 εἶναι.

256 3556 412 3611 Κατᾶ
466 3559 640 3609 πᾶσαν
696 3557 802 3608 τῶν
864 3549 1030 3608 ὄντων
1077 3552 1336 3609 ἐπίνοιαν.
1388 3555 1453 3609 Ἠ
1506 3557 1615 3608 τῶν
1666 3551 1836 3608 ὄντων

193 3645 408 3720 Θεωρία,
441 3645 503 3713 ἣν
539 3642 765 3707 ἐνταῦθα
789 3642 1030 3697 ἐπίνοιαν
1060 3642 1300 3713 ἐκάλεσε,
1332 3642 1518 3713 πολλή
1570 3665 1653 3704 τις
1704 3642 1841 3698 οὖσα

187 3735 271 3787 καὶ
327 3732 561 3802 ποικίλη
597 3731 744 3806 πάσῃ
803 3728 1039 3805 ἐπιϐολῇ
1095 3735 1191 3786 τοῦ
1249 3737 1366 3799 νοῦ,
1416 3737 1842 3805 προϋπαντῶσαν

192 3823 423 3897 εὑρίσκει
457 3826 555 3876 τοῦ
585 3819 763 3875 αἰτίου
793 3821 892 3889 τὴν
920 3815 1145 3892 ἔννοιαν,
1173 3820 1339 3894 ἤγουν
1362 3826 1457 3874 τοῦ
1477 3818 1837 3896 δημιουργοῦ’

189 3912 242 3966 τὸ
274 3911 366 3966 οὖν
400 3909 981 3979 πολλαπλασιάζεσθαι
1014 3907 1200 3980 δηλοῖ,
1232 3911 1295 3965 τὸ
1341 3910 1390 3964 ἐν
1442 3916 1556 3972 τοῖς
1603 3910 1843 3975 πολλοῖς

192 4001 274 4055 τὸν
308 4001 473 4055 αὐτὸν
505 3996 679 4054 αἰίτιον
717 4001 1056 4075 θεωρεῖσθαι.

260 4091 355 4144 Καὶ
390 4090 454 4144 τὸ
504 4088 640 4155 ἐστὶ,
687 4089 776 4142 καὶ
819 4089 880 4142 τὸ
931 4086 1097 4143 ἔσται.
1149 4091 1325 4164 "Amp
1377 4088 1429 4143 ἐν
1476 4094 1552 4161 τῷ
1596 4090 1702 4164 πρὸ
1753 4089 1842 4143 αὐ-

196 4183 285 4233 τοῦ
315 4178 586 4256 ἀπέφησε,
614 4182 703 4231 νῦν
739 4177 974 4231 ἐπειπὼν
1026 4183 1105 4249 τῷ
1150 4182 1265 4248 Θεῷ
1301 4178 1603 4253 ἀναγκαίως
1654 4180 1838 4234 ἑαυτὸν

201 4265 509 4340 ἑρμηνεύων
546 4266 685 4321 κατᾶ
729 4268 828 4335 τὴν
861 4271 957 4320 τοῦ
1007 4266 1185 4321 αἶ’τίου
1215 4262 1421 4321 ἔννοιαν
1470 4272 1638 4322 ταῦτα
1694 4276 1839 4323 νοεῖν

200 4352 520 4412 ὑποϐάλλει.
555 4357 625 4410 Τὸ
660 4357 752 4428 μὲν
789 4354 878 4409 οὖν
928 4355 1160 4430 ἐγένετο,
1216 4356 1304 4410 καὶ
1360 4356 1557 4430 γίνεται
1609 4358 1699 4411 καί
1749 4380 1845 4434 γε·

196 4447 431 4514 νήσεται,
481 4445 570 4499 ἐπὶ
619 4446 713 4515 μὲν
764 4448 873 4499 τῶν
924 4444 1235 4517 κτισμάτων
1278 4446 1479 4520 κυρίως
1519 4453 1842 4522 κατηγορεῖ-

196 4554 298 4587 ται·
343 4536 412 4590 τὰ
465 4535 561 4607 μὲν
612 4535 713 4608 γὰρ
760 4533 896 4603 ἅπαξ
943 4532 1175 4607 ἐγένετο,
1224 4535 1337 4589 οἷον
1381 4535 1629 4610 οὐρανὸς,
1684 4536 1845 4612 ἄγγε-

1946 1942 2138 2013 ipsius
2161 1941 2543 2005 exsistentiae,
2581 1939 2732 1995 sicut
2758 1939 2893 1993 hinc
2916 1941 3281 1995 declaratur:
3307 1960 3441 1997 nam
3468 1943 3597 2014 ipsa

1942 2032 2283 2087 exsistentia
2304 2046 2421 2083 non
2451 2030 2867 2100 estipse’l76
2895 2029 3071 2096 Deus,
3105 2030 3243 2101 quia
3294 2032 3447 2086 Deus
3492 2049 3593 2086 ex-

1943 2121 2120 2187 sistit,
2156 2136 2257 2191 per
2287 2119 2471 2173 Deum
2521 2123 2715 2172 autem
2752 2124 2807 2172 et
2836 2119 3181 2175 exsistentia
3224 2124 3332 2189 es't,
3359 2124 3415 2175 et
3444 2121 3595 2175 dici-

1943 2216 2074 2276 tur;
2109 2209 2239 2263 ideo
2262 2207 2609 2262 exsistentia
2631 2212 2718 2262 est
2744 2207 2800 2261 in
2827 2208 2943 2262 Deo
2970 2213 3033 2262 ut
3056 2208 3208 2273 idea,
3249 2226 3361 2264 non
3399 2215 3593 2266 autem

1944 2303 2095 2353 Deus
2123 2302 2211 2353 est
2233 2297 2290 2350 in
2319 2296 2448 2367 ipsa
2481 2296 2825 2350 exsistentia
2851 2316 2863 2364 ;
2891 2301 3019 2352 erat
3048 2298 3205 2351 enim
3232 2302 3367 2352 ante
3401 2299 3592 2369 ipsam

1944 2386 2348 2443 exsistentiam
2377 2402 2390 2451 ;
2425 2389 2619 2439 tamen
2645 2385 2786 2454 quia
2806 2389 2893 2440 est
2925 2386 3191 2439 omnium
3213 2388 3435 2451 ductor,
3462 2404 3594 2456 pro-

1944 2477 2149 2531 ductor
2178 2489 2412 2545 quoque
2458 2475 2815 2541 declaratur,
2857 2477 2914 2527 et
2944 2473 3287 2529 nominibus
3327 2476 3593 2530 omnium

1943 2563 2293 2636 appellatur,
2330 2566 2393 2616 ut
2417 2562 2513 2631 qui
2546 2563 2746 2617 omnia
2777 2562 3071 2633 produxit.

2016 2746 2078 2798 Et
2107 2744 2223 2814 ejus
2251 2747 2328 2797 est
2348 2740 2696 2797 exsistentia.
2724 2740 2915 2811 Ipsius
2941 2742 3355 2813 quidem,quia
3376 2758 3445 2796 ex
3466 2743 3594 2813 ipso

1944 2837 2035 2888 est
2064 2832 2444 2886 exsistentia:
2480 2831 2537 2884 in
2571 2845 2637 2882 eo
2665 2846 2819 2896 vero,
2854 2831 3010 2901 quod
3055 2832 3125 2884 ab
3184 2832 3311 2902 ipso
3360 2848 3594 2887 conser-

1945 2926 2131 2991 vetur,
2157 2921 2282 2991 ipse
2314 2937 2428 2975 non
2446 2925 2536 2975 est
2557 2918 2920 2987 exsistentia,
2950 2936 3139 2990 neque
3163 2920 3220 2974 in
3251 2920 3596 2976 exsistentia

1945 3011 2320 3079 continetur;
2344 3013 2431 3065 est
2454 3008 2611 3064 enim
2636 3025 2816 3080 supra
2837 3008 3265 3077 exsistentiam,
3317 3010 3456 3081 quia
3497 3028 3594 3064 su-

1946 3099 2407 3172 peressentialis.

2016 3202 2081 3254 Et
2112 3215 2220 3254 non
2252 3201 2368 3268 ipse
2402 3200 2457 3252 in
2489 3196 2835 3252 exsistentia.
2888 3197 3371 3253 Subaudiendum
3417 3201 3505 3254 est
3532 3198 3592 3253 in

1946 3289 2230 3359 utrisque,
2253 3288 2609 3358 principium;
2636 3286 2691 3339 id
2715 3291 2804 3341 est
2827 3286 3171 3341 exsistentia
3191 3287 3368 3341 habet
3396 3287 3592 3357 ipsum

1947 3383 2265 3445 auctorem,
2301 3391 2490 3446 neque
2523 3375 2648 3445 ipse
2670 3374 2827 3429 velut
2857 3391 2921 3428 ex
2958 3374 3265 3447 principali
3298 3392 3476 3431 causa
3506 3392 3595 3430 ex-

1947 3465 2279 3522 sistentiam
2313 3464 2509 3520 habet.

2019 3564 2333 3619 Secundum
2363 3563 2608 3616 omnium
2659 3577 2873 3628 eaium,
2919 3575 3044 3632 quae
3099 3564 3248 3627 sunt,
3298 3563 3586 3630 cogitatio—

1948 3670 2092 3709 nem.
2123 3651 2549 3722 Contemplatio
2580 3667 2776 3705 rerum
2810 3666 2988 3722 quam
3022 3651 3130 3705 hoc
3172 3651 3298 3705 loco
3358 3648 3594 3703 ἐπίνοιαν

1948 3743 2347 3807 vocavit,cum
2394 3739 2580 3794 multa
2620 3740 2769 3794 sitet
2797 3740 2983 3808 varia,
3025 3739 3248 3794 invenit
3291 3741 3596 3812 cogitatio-

1950 3849 2085 3887 nem
2107 3847 2296 3886 causaa
2328 3846 2430 3884 seu
2465 3830 2744 3884 creatoris
2776 3828 2938 3883 omni
2971 3830 3187 3884 mentis
3218 3832 3453 3885 conatui
3478 3830 3598 3885 sive

1951 3920 2261 3976 intentioni
2295 3919 2765 3990 praevenientem,
2813 3918 2957 3972 illud
3008 3918 3188 3989 igitur
3233 3919 3601 3989 multiplicari

1952 4010 2265 4082 signiﬁcat,
2300 4024 2541 4063 causam
2592 4008 2860 4061 eamdem
2896 4007 2951 4060 in
2988 4007 3190 4061 multis
3221 4008 3599 4063 considerari.

2022 4101 2088 4153 Et
2112 4102 2212 4162 est,
2245 4102 2295 4152 et
2325 4100 2452 4152 crit.
2486 4099 2620 4160 Quae
2655 4099 2827 4149 antea
2859 4096 3111 4164 negavit,
3163 4114 3318 4151 nunc
3369 4099 3438 4151 de
3485 4098 3600 4154 Deo

1950 4190 2199 4259 loquens
2230 4189 2558 4241 necessario
2592 4182 2853 4253 Seipsum
2885 4182 3203 4253 explicans,
3255 4186 3496 4253 subjicit
3539 4202 3602 4241 se

1954 4280 2072 4333 haec
2095 4275 2441 4347 intelligere,
2474 4277 2768 4343 quatenus
2792 4277 2943 4325 Deus
2989 4289 3167 4326 causa
3214 4273 3598 4343 intelligitur;

1953 4382 2089 4436 ergo
2111 4372 2231 4418 erat
2252 4368 2307 4418 et
2328 4371 2408 4417 est
2435 4367 2491 4416 et
2519 4363 2621 4415 erit
2656 4360 2889 4431 pr0prie
2927 4360 3165 4431 quidem
3207 4363 3277 4416 de
3318 4364 3603 4419 creaturis

1953 4453 2314 4518 enuntiatur;
2345 4451 2544 4520 aliqua
2578 4450 2733 4504 enim
2772 4466 3014 4520 prorsus
3057 4458 3242 4518 erant,
3270 4456 3335 4506 ut
3365 4452 3601 4515 coelum,

1956 4541 2169 4613 angeli,
2196 4539 2302 4605 sol,
2328 4546 2381 4594 et
2405 4539 2565 4604 talia,
2588 4538 2645 4592 in
2685 4540 2897 4608 quibus
2949 4541 3141 4593 locum
3177 4557 3293 4595 non
3327 4540 3498 4596 habet
3528 4547 3604 4598 est

199 4622 307 4692 λοι,
354 4621 519 4692 ἥλιος
552 4624 643 4677 καὶ
674 4622 738 4676 τὰ
775 4626 1019 4692 τοιαῦτα,
1058 4620 1139 4700 ἐφ’
1169 4624 1241 4677 ὢν
1282 4624 1467 4698 χώραν
1516 4624 1615 4679 οὐκ
1645 4620 1834 4700 ἔχειτέ

1956 4635 2013 4685 et
2041 4629 2176 4690 erit;
2202 4629 2357 4699 quod
2382 4633 2579 4682 autem
2607 4644 2640 4681 a
2671 4626 2883 4681 Davide
2907 4628 3123 4682 dicitur
3151 4646 3163 4683 :
3189 4630 3299 4698 Qui
3327 4630 3468 4701 facit
3502 4648 3602 4685 an-

196 4711 470 4784 γίνεταιῖδ,
502 4714 807 4786 γενήσεται·
869 4712 932 4766 τὸ
991 4709 1049 4765 δὲ
1095 4714 1241 4785 παρὰ
1264 4717 1360 4767 τοῦ
1408 4712 1571 4767 Δαυὶδ
1628 4714 1843 4789 λεχθὲν,

198 4799 256 4855 Ὀ
310 4805 483 4855 ποιῶν
542 4799 671 4861 τοὺς
732 4799 998 4875 ἀγγέλους
1061 4800 1224 4855 αὐτοῦ
1281 4801 1651 4873 πνεύματα,ἣ
1713 4803 1848 4857 κατὰ

199 4888 258 4941 τὸ
314 4895 692 4965 ωντηρεῖσθαι
741 4887 1003 4958 ληπτέον,
1061 4891 1197 4944 καθὰ
1247 4889 1480 4965 εἷ’ρηται,
1539 4892 1601 4948 Ὀ
1662 4894 1846 4966 Πατήρ

204 4997 304 5045 μου
362 4976 464 5041 ἕως
498 4975 620 5051 ἄρτι
663 4978 965 5053 ἐργάζεται·
1024 4978 1058 5047 ἦ
1110 4982 1247 5033 κατὰ
1300 4981 1399 5047 τὴν
1433 4982 1716 5049 συνήθειαν
1747 4988 1847 5051 τῆς

201 5067 433 5143 Γραφῆς,
484 5065 915 5141 ἐνηλλαγμένως
958 5069 1058 5135 τήν
1111 5068 1379 5140 σημασίαν
1430 5070 1527 5137 τὴν
1578 5072 1846 5144 χρονικὴν

201 5154 471 5220 πολλάκις
499 5156 873 5233 προαγούσης,
905 5156 995 5211 καὶ
1013 5157 1128 5211 ἀντὶ
1156 5159 1559 5234 παρῳχηκότος
1587 5158 1846 5232 μέλλοντι

199 5245 570 5320 κεχρημένης,
620 5245 709 5301 καὶ
758 5246 820 5300 τὸ
865 5242 1126 5320 ἔμπαλιν.
1180 5247 1302 5303 Ἐπὶ
1351 5246 1559 5303 τούτων
1611 5248 1705 5321 μὲν
1757 5247 1849 5303 οὖν

268 5401 341 5469 (e)
372 5400 522 5460 Psal.
555 5417 678 5471 cm,
708 5402 761 5456 4.
838 5402 902 5474 (f)
939 5405 1106 5459 Joan.
1141 5418 1196 5472 ν,
1226 5403 1315 5459 17.

1957 4720 2102 4787 gelo:
2132 4733 2257 4773 suos
2279 4718 2507 4788 spiritus
2539 4720 2629 4786 (θ),
2656 4720 2757 4770 aut
2788 4716 3138 4786 capiendum
3171 4724 3281 4784 est,
3317 4725 3607 4789 quatenus

1959 4805 2683 4871 conservat,sicutdictum
2706 4811 2793 4859 est
2828 4824 2838 4860 :
2870 4807 3033 4860 Pater
3072 4824 3223 4861 meus
3264 4825 3429 4879 usque
3450 4810 3606 4864 modo

1958 4895 2316 4967 operatur(f);
2335 4896 2611 4965 autjuxta
2633 4895 3117 4950 consuetudinem
3140 4897 3455 4966 Scripturae
3476 4914 3603 4967 quae

1960 5002 2111 5056 saepe
2136 4984 2365 5039 inverso
2396 4983 2600 5037 ordine
2640 4983 2919 5053 temporis
2952 4984 3437 5052 signiﬁcationem
3473 5003 3604 5055 pro-

1961 5076 2071 5129 fert
2101 5084 2153 5129 et
2186 5090 2287 5144 pro
2314 5072 2603 5143 praeterito
2636 5072 2820 5126 utitur
2851 5072 3046 5127 futuro
3074 5078 3130 5127 et
3154 5078 3392 5141 contra;
3429 5075 3485 5128 in
3516 5077 3607 5131 his

1961 5162 2138 5234 igitur
2184 5161 2419 5231 proprie
2467 5160 2703 5230 quidem
2753 5169 2891 5215 erat.
2938 5160 3087 5215 Sunt
3144 5168 3341 5217 autem
3411 5167 3610 5220 omnia

1958 5268 2085 5323 quae
2107 5254 2463 5322 generantur
2480 5254 2537 5305 et
2557 5253 3041 5320 corrumpuntur,
3069 5254 3127 5305 et
3152 5267 3281 5321 quae
3315 5252 3428 5307 sibi
3462 5255 3609 5309 invi-

1236 5583 1477 5640 VARIlE
1516 5584 1907 5642 LECTIONES
1945 5584 2033 5640 ET
2071 5580 2613 5640 CORRECTIONES

277 5705 324 5739 ²²
350 5700 775 5780 προϐεϐλημένη
788 5726 833 5768 ς.
911 5708 957 5743 ²³
984 5706 1245 5780 γίνεσθαι.
