4080 6366
464 396 570 451 3'37

1279 384 1648 440 APPENDIX
1684 382 1783 434 AD
1819 377 2064 433 oram
2100 376 2161 429 s.
2203 374 2520 430 momen
2559 375 3064 433 ascraeum.
3756 390 3847 447 3.33

469 537 595 577 cem
615 518 962 584 succedunt,
988 517 1053 570 ut
1084 529 1218 581 nox,
1241 510 1389 580 dies,
1430 511 1602 564 aestas
1632 506 1688 561 et
1708 519 1825 572 ver,
1859 518 1926 557 ac
1956 499 2120 557 simi-

2243 496 2435 573 κυρίως
2461 496 2525 552 τὸ
2569 494 2803 573 ἐγένετο·
2846 497 3050 573 γίνεται
3110 498 3168 557 δὶ
3214 500 3305 558 καί
3359 503 3427 559 τὰ
3455 505 3506 560 ἐν
3537 509 3727 582 γενέσει
3767 516 3847 571 καὶ

471 611 579 679 lia;
601 613 831 665 tantum
883 622 1016 661 vero
1045 609 1227 671 erunt,
1250 617 1377 670 quae
1416 598 1669 653 necdum
1713 607 1957 666 prorsus
2001 590 2124 645 tue-

481 703 643 768 runt,
676 698 773 754 sed
794 697 1229 767 exspectantur,
1250 696 1316 745 ut
1334 683 1874 743 transelementatio
1897 678 2125 735 univer-

476 790 549 859 si,
582 767 638 844 et
667 804 796 859 quae
819 802 945 841 eam
966 782 1427 839 comitabuntur.
1460 777 1614 832 Deus
1639 773 1823 845 igitur
1838 768 1996 826 velut
2018 767 2120 823 ho-

469 896 601 933 rum
634 877 899 932 omnium
959 889 1140 929 causa
1189 870 1496 928 laudatur:
1553 881 1668 919 non
1709 861 1864 917 enim
1921 857 2116 914 dixit:

470 967 681 1024 Haecde
710 968 829 1038 ipso
878 964 1286 1021 enuntientur;
1344 956 1445 1011 sed
1502 950 1735 1025 proprie
1778 948 2117 1004 laudantur.

477 1036 952 1115 Verbumﬁautem
1004 1052 1142 1117 erat,
1184 1051 1242 1104 et
1272 1062 1399 1118 qua;
1431 1059 1566 1099 cum
1616 1041 1743 1112 ipso
1791 1036 2116 1095 secundum

469 1162 702 1204 omnem
750 1140 1208 1199 intellectionem
1258 1134 1427 1204 nulli,
1487 1131 1598 1188 nisi
1640 1130 1756 1186 Deo
1814 1129 2115 1198 congruct,

474 1238 623 1293 177
670 1233 811 1306 quia
850 1235 988 1300 erat,
1022 1226 1427 1284 consideratur
1475 1221 1534 1276 in
1574 1220 1704 1292 ipso
1736 1234 1916 1288 supra
1946 1230 2116 1272 omne

471 1303 825 1400 principium
850 1342 863 1389 ;
893 1328 972 1376 es!
990 1334 1123 1373 vero
1147 1320 1202 1371 et
1231 1316 1362 1381 erit,
1397 1316 1462 1366 ut
1491 1309 1730 1367 omnino
1762 1307 2012 1362 habente
2035 1303 2119 1359 al-

471 1399 773 1471 terationis
814 1427 878 1465 ac
924 1404 1334 1463 mutabilitatis
1377 1399 1780 1474 privationem,
1815 1399 2120 1468 propterea

474 1504 649 1562 etiam
685 1495 1198 1574 supercssentialis
1230 1491 1462 1548 dicitur.
1505 1486 1897 1561 [Quamobrem
1928 1484 2121 1539 omnia

469 1596 533 1652 de
563 1596 703 1666 ipso,
735 1571 785 1647 et
814 1587 976 1644 simul
1005 1586 1286 1641 dicuntur.
1320 1579 1656 1636 Secundum
1706 1592 1895 1630 causae
1928 1571 2119 1628 notio-

471 1664 605 1740 nern
637 1679 837 1737 omnia
866 1675 1062 1747 inquit
1117 1675 1187 1729 de
1241 1672 1357 1727 Deo
1409 1667 1544 1737 dici,
1578 1683 1645 1722 ac
1697 1665 1753 1718 in
1802 1664 1931 1735 ipso
1981 1678 2119 1716 con-

470 1770 738 1829 siderari.
801 1767 1056 1822 Verbum
1106 1763 1263 1818 enim
1326 1758 1734 1829 κατηγορεῖσθι,
1802 1750 2118 1822 prmdicari,

2237 590 2408 666 φθορᾷ
2436 590 2613 644 πάντα
2658 589 2748 644 καὶ
2798 588 2897 645 ὅσα
2938 591 3074 647 κατὰ
3102 593 3616 672 ἀντιπεριχώρησιν’
3670 604 3774 658 οἷον
3817 609 3847 677 ἡ

2234 677 2347 750 νὺξ,
2474 678 2676 755 ἡμέρα,
2709 679 2886 753 θέρος,
2917 682 3007 735 καὶ
3039 675 3156 756 ἔαρ,
3188 682 3279 738 καὶ
3324 684 3392 738 τὰ
3413 691 3647 743 τοιαῦτα·
3705 675 3849 767 γενήέ

2235 787 2381 822 σεται
2412 765 2477 856 δὲ,
2505 769 2692 840 μόνον,
2726 770 2881 823 ἅτινα
2911 767 3065 825 οὔπω
3097 770 3380 847 γεγόνασιν
3414 771 3580 846 ὅλως,
3634 765 3849 856 προσδο.

2231 862 2431 913 κῶνται
2465 855 2542 926 δὲ,
2575 859 2688 912 οἷον
2721 860 2756 927 ἡ
2787 863 2884 913 τοῦ
2914 861 3115 922 παντὸς
3159 863 3656 939 μεταστοιχὶίωσις,
3687 870 3768 924 καὶ
3793 873 3852 928 τὰ

2231 944 2323 1001 σὺν
2357 947 2517 1020 αὐτῇ.
2551 948 2640 1009 Ὡς
2664 946 2874 1002 τούτων
2901 949 2992 1002 οὖν
3013 949 3265 1005 ἁπάντων
3286 949 3456 1015 α’ίτιος
3489 954 3515 1008 6
3538 957 3662 1019 Θεὸς
3685 958 3850 1031 ὑμνεῖ-

2227 1055 2351 1089 ται·
2400 1036 2462 1090 οὐ
2521 1036 2624 1111 γὰρ
2673 1038 2814 1109 εἷπε,
2867 1039 3050 1094 Ταῦτα
3107 1037 3190 1094 ἐπ’
3254 1041 3422 1096 αὑτοῦ
3470 1054 3829 1120 κατηγορεῖται

2228 1122 2376 1180 ἀλλὰ
2419 1097 2621 1201 κυρίως
2654 1097 2918 1198 ὑμνεέται.
2961 1129 3040 1184 Τὸ
3071 1125 3129 1183 δὲ
3170 1128 3237 1198 ἦν
3269 1130 3358 1185 καὶ
3389 1131 3453 1185 τὰ
3485 1097 3574 1187 σὺν

2226 1215 2293 1269 τὰ
2318 1221 2487 1269 πᾶσαν
2546 1212 2784 1270 ἐπίνοιαν
2838 1216 2940 1271 οὐκ
2989 1214 3148 1291 ἄλλῳ
3177 1220 3283 1274 τινὶ
3312 1220 3346 1290 ἦ
3372 1225 3454 1293 τῷ
3482 1226 3597 1296 Θεῷ
3627 1225 3851 1299 ἁρμόσει,

2229 1301 2319 1358 διὰ
2363 1305 2425 1359 τὸ
2470 1304 2649 1373 πάσης
2694 1304 2876 1380 ἀρχῆς
2926 1305 3196 1382 ἀνώτερον
3238 1308 3320 1363 ἐπ’
3352 1309 3518 1365 αὐτοῦ
3566 1313 3853 1389 θεωρεῖσθαι

2227 1394 2288 1447 τὸ
2317 1394 2406 1463 ἧν.
2436 1395 2506 1448 Τὸ
2537 1390 2596 1448 δὲ
2625 1390 2736 1448 ἔστι
2766 1395 2856 1449 καί
2888 1396 2950 1450 τὸ
2982 1391 3133 1451 ἔσται
3163 1398 3238 1459 ὡς
3266 1399 3444 1468 πάντη
3476 1401 3539 1455 τὸ
3568 1400 3852 1460 ἀναλλοίω-

2227 1503 2339 1548 τον,
2371 1482 2460 1536 καὶ
2518 1484 2651 1537 κατὰ
2696 1484 2870 1538 πάντα
2914 1480 3298 1557 ἀμετάϐλητον
3350 1483 3596 1563 ἔχοντος·
3655 1489 3733 1547 διὸ
3778 1496 3855 1549 καὶ

2229 1570 2551 1644 ὀπερούσιος
2617 1570 2907 1647 λὲγεται²⁴.
2983 1573 3098 1646 [Διὸ
3176 1575 3265 1629 καὶ
3343 1576 3517 1632 πάντα
3573 1579 3728 1634 αὑτοῦ
3779 1584 3855 1638 καὶ

2231 1662 2344 1731 ἅμα
2374 1666 2783 1736 κατηγορεῖται.
2816 1663 2961 1717 Κατὰ
2987 1663 3086 1732 τὴν
3112 1668 3208 1718 τοῦ
3258 1664 3434 1720 αἰτίου
3483 1661 3692 1725 ἔννοιαν
3740 1670 3856 1726 πάν-

2228 1771 2293 1804 τα
2322 1750 2486 1804 αὑτοῦ
2532 1771 2665 1827 φησι
2716 1755 2814 1805 τοῦ
2860 1756 2995 1806 Θεοῦ
3046 1749 3322 1828 λέγεσθαι,
3355 1756 3389 1824 ἢ
3419 1755 3501 1810 ἐπ’
3534 1758 3696 1813 αὑτοῦ
3739 1766 3856 1816 νοεῖ-

473 1861 631 1933 apud
664 1855 1042 1930 philosophas
1075 1853 1184 1907 hoc
1215 1847 1532 1921 signiﬁcat.
1563 1846 1693 1916 Ipse
1723 1846 1923 1898 autem
1973 1837 2118 1894 nihil

2243 1851 2403 1937 Ioui.“
2425 1839 2634 1937 Τὺγάρ
2661 1846 3101 1937 *κατηγορεῖσθαι
3150 1843 3288 1897 κατὰ
3334 1843 3669 1921 φιλοσόφους
3714 1853 3857 1905 τοῦτο

473 1956 564 2009 est
592 1950 827 2006 illorum
858 1944 1126 2002 omnium
1187 1954 1436 2012 quorum
1496 1939 1587 1992 est
1644 1950 1843 2004 causa,
1887 1935 2124 2004 propter

477 2055 629 2109 esse,
662 2043 719 2092 et
748 2051 929 2107 supra
958 2048 1117 2098 esse;
1151 2029 1305 2103 quod
1343 2025 1672 2082 declaratur
1712 2019 2122 2093 negationibus

477 2127 598 2183 illis
632 2143 645 2183 :
679 2125 956 2195 informis,
976 2137 1089 2176 non
1116 2117 1368 2191 pulcher,
1389 2119 1447 2170 et
1480 2112 1714 2169 similia.
1748 2112 1892 2167 Cum
1927 2112 2118 2163 autem

478 2215 714 2281 dicitur,
748 2214 925 2269 omnis
954 2213 1172 2279 formae,
1205 2205 1383 2262 omnis
1413 2205 1629 2275 ﬁgurae,
1649 2200 1963 2272 signiﬁcat,
1996 2213 2126 2252 esse

479 2303 674 2361 omnis
696 2302 895 2372 ﬁgurae
931 2298 1244 2368 omnisque
1289 2295 1491 2349 forma:
1530 2305 1792 2347 causam.
1826 2287 2125 2352 Quomodo

478 2393 673 2464 aliqua
705 2389 881 2445 etiam
915 2384 1299 2457 intelligenda
1328 2380 1509 2454 sunt].
1536 2383 1597 2436 In
1622 2379 1799 2433 idem.
1824 2375 2126 2443 Quomodo

479 2497 613 2536 cum
643 2476 918 2550 superius
948 2474 1189 2531 dixerit:
1217 2472 1397 2543 Neque
1423 2473 1567 2535 erat,
1610 2482 1786 2539 neque
1813 2470 1915 2533 est,
1955 2479 2129 2536 neque

481 2571 665 2642 ﬁebat,
698 2582 873 2639 neque
899 2567 980 2635 ﬁt,
1020 2580 1195 2634 neque
1223 2563 1333 2632 ﬁet,
1380 2560 1497 2623 hic,
1548 2556 1713 2625 dicit,
1764 2560 1939 2627 atque
1972 2554 2029 2608 in
2062 2570 2128 2609 eo

481 2669 626 2724 erat,
658 2662 715 2713 et
744 2664 839 2722 est,
873 2660 930 2710 et
961 2655 1090 2720 erit,
1123 2658 1179 2708 et
1208 2650 1395 2719 ﬁebat,
1428 2657 1481 2704 et
1513 2646 1603 2718 ﬁt,
1638 2651 1694 2702 et
1732 2647 1844 2714 ﬁet,
1898 2642 2129 2714 proprie

481 2746 838 2804 laudantur?
866 2744 1018 2799 Num
1043 2745 1284 2797 sanctus
1310 2738 1625 2810 Dionysius
1675 2734 1787 2790 sibi
1838 2730 2127 2787 contradi-

489 2837 615 2893 cit?
664 2835 856 2891 Absit.
885 2833 1029 2888 Nam
1062 2846 1243 2901 supra
1273 2826 1510 2898 quidem
1543 2823 1690 2878 dixit
1743 2822 1938 2893 ipsum
1999 2836 2132 2874 esse

485 2925 678 2983 omnis
708 2920 1082 2988 exsistentiaa,
1105 2915 1524 2982 subsistentia,
1565 2911 1854 2975 essentiae,
1890 2917 2130 2976 naturae,

486 3021 544 3072 et
571 3014 853 3086 temporis
886 3014 1237 3074 creatorem;
1265 3007 1469 3062 merito
1493 3004 1673 3077 igitur
1698 3004 1754 3058 in
1778 3003 1907 3074 ipso
1939 3001 2136 3073 posuit

488 3104 692 3161 ordine
711 3106 837 3158 erat
863 3107 919 3155 et
945 3104 1169 3168 caetera,
1221 3102 1285 3151 ut
1316 3093 1610 3166 intelligas
1660 3093 1815 3164 quod
1857 3107 2046 3162 neque
2068 3107 2137 3145 ex

487 3199 771 3264 tempore,
821 3205 1011 3261 neque
1040 3189 1100 3242 in
1150 3192 1435 3257 tempore,
1488 3199 1674 3250 neque
1721 3186 1853 3253 post
1897 3185 2136 3252 tempus

2235 1925 2421 1998 δηλοῖ.
2451 1928 2625 1989 Αὑτὸς
2657 1926 2714 1983 δὲ
2744 1926 2896 1983 οὐδὲν
2926 1935 3034 1984 τῶν
3066 1932 3285 1987 πάντων
3318 1932 3483 2007 ἐστὶν,
3518 1932 3590 1989 ὧν
3622 1935 3753 1991 ἐστιν
3782 1937 3857 1993 α’ἷ-

2232 2036 2368 2083 τιος,
2396 2014 2485 2071 διὰ
2511 2016 2573 2071 τὸ
2604 2019 2854 2072 εἶναικαὶ
2888 2019 3183 2091 ὑπερεῖναι·
3219 2018 3303 2076 διὸ
3345 2022 3438 2077 καὶ
3489 2025 3543 2078 αἱ
3585 2024 3856 2101 ἀποφάσεις

2231 2109 2393 2159 τοῦτο
2447 2102 2731 2177 δηλοῦσιν,
2789 2106 2903 2160 οἷον
2952 2107 3015 2161 τὸ
3074 2108 3324 2184 ἄμορφος
3372 2111 3435 2165 τὸ
3497 2111 3738 2183 ἀκαλλής
3780 2114 3854 2167 καὶ

2231 2199 2301 2250 τὰ
2349 2195 2536 2266 ὅμοια·
2595 2194 2656 2248 τὸ
2701 2190 2758 2248 δὲ
2809 2194 3140 2270 πᾶνσχημος
3172 2196 3264 2251 καὶ
3308 2196 3592 2262 πανείδεος
3645 2200 3705 2255 τὸ
3742 2222 3858 2256 παν-

2234 2284 2326 2347 τὸς
2359 2280 2534 2344 ε’ίὸους
2560 2282 2651 2336 καὶ
2682 2284 2969 2357 σχήματος
3002 2282 3173 2339 α’ίτιον
3209 2288 3371 2344 αὐτὸν
3405 2287 3668 2365 ὑπάρχειν
3694 2287 3858 2360 δηλοῖ.

2237 2373 2378 2428 Καθὸ
2424 2371 2513 2427 καὶ
2560 2370 2627 2426 τὰ
2664 2371 2786 2443 ἑξῆς
2836 2372 3109 2446 vendam]
3140 2373 3237 2437 Εἰς
3283 2376 3345 2430 τό
3392 2377 3543 2435 αὑτό.
3578 2382 3697 2441 Πῶς
3739 2379 3860 2432 ἀνω-

2235 2464 2377 2534 τίρω
2435 2460 2620 2522 εἰπὼν,
2675 2459 2803 2516 οὔτε
2857 2462 2924 2531 ἦν
2959 2508 2974 2534 ,
3054 2460 3180 2518 οὔτε
3236 2463 3379 2519 ἐστὶν
3411 2511 3425 2535 ,
3492 2463 3616 2521 οὔτε
3671 2464 3861 2542 ἕγὲνετο

2240 2548 2362 2607 οὔτε
2427 2551 2652 2626 γίνεται,
2715 2546 2839 2606 οὔτε
2893 2551 3511 2627 γενήσεται,οένταῦθά
3566 2576 3746 2634 φησιν,
3789 2554 3861 2609 ἐπ’

2241 2641 2405 2696 αὑτοῦ
2452 2639 2543 2694 καὶ
2570 2639 2632 2694 τὸ
2681 2637 2814 2711 ἐστὶ,
2863 2639 2953 2694 καὶ
3010 2640 3071 2695 τὸ
3128 2634 3295 2712 ἔσται,
3327 2643 3415 2697 καὶ
3448 2644 3514 2699 τὸ
3540 2643 3757 2720 ἐγένετο,
3785 2645 3863 2698 καὶ

2239 2729 2301 2782 τὸ
2360 2728 2583 2803 γίνεται,
2641 2727 2730 2783 καὶ
2791 2730 3099 2803 γενήσεται,
3164 2730 3369 2807 κυρίως
3439 2732 3722 2806 ὑμνεῖταις
3778 2734 3864 2806 ἄρα

2241 2815 2496 2880 ἐναντίως
2541 2817 2714 2889 ἑαυτῷ
2761 2814 2905 2892 λέγει
2939 2819 2967 2873 6
2997 2818 3150 2894 ἅγιος
3179 2820 3494 2891 Διονύσιος
3529 2824 3604 2896 μή
3653 2821 3863 2899 γένοιτο.

2240 2908 2386 2963 ’Ἃνω
2422 2905 2515 2979 μὲν
2568 2905 2671 2980 γὰρ
2716 2905 2880 2961 αὑτὸν
2930 2903 3264 2984 δημιουργὸν
3317 2912 3435 2965 εἷπε
3488 2911 3665 2981 πάσης
3717 2909 3866 2983 ὑπάρ-

2244 2996 2399 3068 ξεως,
2452 2995 2818 3066 ὑποστάσεως,
2870 2996 3078 3064 οὐσίας,
3120 2998 3330 3075 φύσεως
3376 3000 3469 3054 καὶ
3517 3005 3615 3055 τοῦ
3661 2999 3865 3076 χρόνου·

2245 3081 2467 3146 εἳκὸτως
2499 3084 2591 3138 οὗν
2624 3083 2711 3139 ἐπὶ
2739 3085 2908 3140 αὑτοῦ
2932 3086 2996 3140 τὸ
3025 3087 3092 3156 ἦν
3121 3083 3290 3159 ἔταξε,
3342 3088 3432 3143 καὶ
3481 3089 3550 3145 τὰ
3575 3088 3744 3165 ἕτερα,
3791 3087 3870 3142 ἵνα

2246 3177 2478 3249 νοήσῃς,
2509 3173 2593 3228 ὅτι
2625 3171 2748 3229 οὔτε
2774 3174 2880 3230 ἀπὸ
2911 3175 3139 3252 χρόνου,
3172 3174 3296 3233 οὕτε
3323 3176 3376 3233 ἐν
3404 3178 3620 3253 χρόνῳ,
3642 3176 3758 3234 οὔτε
3788 3199 3871 3251 με·

494 3241 771 3264 η--ι-ν--ν
824 3241 1005 3261 --τη
1162 3241 1193 3242 η
1277 3241 1294 3257 .
1422 3241 1433 3251 .
1584 3241 1593 3250 .
1723 3241 1740 3253 .
2027 3241 2042 3252 ,

487 3280 914 3347 Deusexsistit;
943 3278 1043 3334 sed
1064 3276 1217 3348 quod
1237 3273 1503 3346 superior
1526 3273 1603 3328 sit
1636 3272 1763 3341 ipsa
1783 3269 2129 3334 existentia;

2248 3266 2314 3321 τὰ
2336 3241 2540 3341 ’χρόνον
2566 3262 2767 3340 ἤρξατο
2796 3267 2824 3320 6
2854 3241 3005 3335 Θέδξ,
3040 3241 3165 3323 ἀλλ’
3199 3266 3281 3323 ὅτι
3328 3241 3634 3325 καίηαὺτοίύ
3685 3241 3875 3325 106‘s?-

488 3371 634 3426 dixit
653 3369 808 3424 enim
834 3386 847 3424 :
874 3370 933 3424 In
963 3370 1078 3435 ipso
1107 3371 1186 3422 est
1217 3363 1579 3427 eminentia;
1613 3362 1708 3415 hic
1757 3376 1892 3414 vero
1942 3374 2136 3429 quan-

485 3461 801 3531 doquidem
830 3458 1038 3513 dixerit
1069 3455 1229 3512 omni
1260 3469 1461 3508 eorum
1487 3468 1615 3524 quae
1640 3453 1781 3505 sunt
1806 3446 2135 3518 intelligen-

487 3550 569 3605 tia
609 3547 1008 3620 mulliplicari,
1033 3549 1185 3601 recte
1207 3542 1375 3606 dixit,
1399 3541 1458 3596 in
1486 3542 1616 3610 ipso
1645 3544 1702 3594 et
1724 3540 1862 3603 erat,
1913 3540 1971 3591 et
2007 3534 2133 3601 erit,

488 3644 547 3695 et
577 3655 703 3709 qua:
728 3637 1026 3706 deinceps;
1053 3639 1119 3688 ut
1156 3633 1207 3689 si
1247 3630 1609 3687 occasionem
1640 3632 1741 3683 aut
1768 3631 2004 3698 tempus
2039 3641 2136 3680 co-

488 3725 784 3800 gitaveris,
819 3724 939 3779 illic
970 3724 1152 3779 Deum
1195 3719 1451 3792 reperies
1482 3723 1539 3774 et
1587 3733 1786 3789 supra,
1820 3720 1878 3771 et
1908 3718 2042 3770 ante
2069 3730 2137 3769 ea

488 3834 614 3888 qua:
645 3819 806 3884 sunt,
838 3818 1015 3884 atque
1046 3826 1241 3865 rerum
1274 3807 1683 3863 exsistentium
1718 3809 2018 3861 auctorem
2068 3819 2133 3858 ac

488 3904 872 3971 conditorem,
896 3905 953 3957 et
970 3898 1118 3955 nihil
1143 3914 1209 3952 ex
1233 3896 1378 3967 ipsis
1415 3896 1811 3960 exsistentem,
1863 3892 2016 3949 sicut
2046 3892 2135 3947 di-

489 3994 681 4049 cimus
700 3992 854 4064 quod
881 3989 1026 4044 nihil
1045 3987 1123 4045 sit
1144 4002 1364 4054 rerum,
1393 3990 1449 4040 et
1469 3985 1527 4038 in
1551 3983 1826 4039 omnibus
1848 3982 1943 4037 sit.

560 4081 821 4152 Nihilque
864 4084 943 4136 est
982 4078 1249 4134 omnium.
1278 4077 1491 4131 F0er
1536 4088 1732 4144 expers
1763 4071 2012 4126 refertur
2063 4070 2136 4125 ad

491 4173 645 4228 omni
675 4171 869 4241 ﬁgura
921 4166 1212 4239 praeditus,
1272 4168 1581 4236 propterea
1629 4160 1783 4232 quod
1833 4163 1923 4214 est
1960 4175 2141 4229 supra

494 4260 755 4331 corporis
786 4257 1194 4329 privationem,
1219 4258 1275 4309 et
1293 4269 1474 4323 supra
1493 4249 1746 4305 materiae
1768 4248 2139 4317 vacuitatem,

492 4350 679 4405 forma
701 4363 909 4402 carens
930 4348 1194 4416 respectu
1221 4342 1291 4397 ad
1317 4340 1572 4411 aliquam
1606 4352 1726 4392 rem
1760 4336 1981 4391 habito.
2004 4338 2138 4391 Pul-

492 4437 840 4493 chritudinis
889 4437 1083 4489 autem
1124 4446 1340 4501 expers,
1390 4428 1640 4482 refertur
1679 4426 1750 4481 ad
1774 4427 1927 4480 omni
1955 4428 2141 4494 forma

491 4526 776 4597 praBditus.
803 4524 980 4577 Porro
1013 4520 1208 4591 ipsum
1235 4515 1691 4589 pulchritudinis
1722 4519 2017 4586 expertem
2050 4515 2141 4570 di-

2244 3375 2330 3409 ναι
2361 3353 2628 3429 ἀνώτιρός
2654 3352 2785 3408 ἐστι·
2823 3357 2907 3410 Ἐν
2937 3357 3102 3427 αὑτῷ,
3133 3356 3234 3433 γὰρ
3266 3359 3403 3413 εἴπε-
3436 3359 3501 3414 τὸ
3528 3360 3683 3414 εἶναι’
3713 3357 3875 3413 ἐνταῦ-

2247 3454 2313 3506 ea
2343 3442 2418 3510 δὲ,
2470 3438 2657 3512 ἐπειδὴ
2708 3444 2845 3497 κατᾶ
2884 3448 3055 3498 πᾶσαν
3108 3443 3347 3500 ἐπίνοιαν
3380 3449 3531 3503 εἶπεν
3564 3447 3720 3503 αὑτὸν
3746 3446 3874 3501 πολ-

2247 3529 2730 3600 λαπλασιάζεσθαι,
2782 3529 3006 3596 δικαίως
3048 3535 3219 3606 εἶπεν,
3269 3533 3353 3589 ἄπ’
3390 3537 3564 3591 αὑτοῦ
3592 3536 3680 3592 καὶ
3707 3535 3765 3591 τὸ
3792 3534 3871 3607 ἦν,

2246 3621 2335 3677 καὶ
2363 3622 2426 3676 16
2456 3616 2624 3690 ἔσται,
2676 3621 2764 3676 καὶ
2796 3621 2863 3676 τὰ
2891 3621 3034 3695 ἒξῆςα
3082 3623 3171 3677 ’ἶνα
3202 3624 3315 3678 οἷον
3347 3626 3565 3702 καιρὸν,
3605 3625 3639 3695 ἦ
3691 3626 3870 3701 χρόνον

2249 3710 2559 3785 ἐπινοήσῃς,
2592 3710 2702 3766 ἐκεῖ
2742 3710 2833 3765 τὸν
2892 3713 3020 3766 θεὸν
3064 3713 3308 3786 εὑρήσεις
3339 3714 3429 3770 καὶ
3467 3716 3599 3791 ὑπὶρ
3627 3716 3696 3770 τὰ
3739 3710 3870 3790 ὄντα,

2247 3800 2336 3855 καὶ
2385 3800 2641 3875 προόντα,
2688 3800 2779 3855 καὶ
2826 3800 3002 3855 αὑτῶν
3052 3807 3160 3856 τῶν
3204 3804 3375 3858 ὄντων
3428 3802 3605 3860 α’ίτιον
3657 3805 3741 3860 καὶ
3790 3801 3875 3873 δη-

2254 3892 2539 3966 μιουργὸν,
2589 3890 2677 3946 καὶ
2723 3889 2878 3947 οὐδὲν
2926 3891 2975 3965 ἐξ
3025 3892 3201 3949 αὑτῶν
3238 3890 3384 3962 ὅντα,
3417 3895 3604 3971 ὥσπερ
3638 3895 3873 3970 λέγομεν,

2250 3976 2333 4035 ὅτι
2365 3978 2516 4036 οὐδὲν
2548 3985 2655 4036 τῶν
2688 3976 2854 4036 ὄντων
2886 3980 3018 4053 ἐστὶ,
3049 3982 3139 4037 καὶ
3171 3981 3222 4037 ἐν
3248 3989 3363 4047 τοῖς
3397 3986 3562 4041 πᾶσίν
3597 3984 3751 4043 ἐστιν.

2320 4070 2424 4126 Καὶ
2479 4068 2630 4125 οὐδὲν
2684 4070 2794 4126 ἔστι
2839 4076 2945 4126 τῶν
2996 4075 3252 4129 πάντων.
3312 4076 3456 4150 Πρὸς
3523 4077 3587 4132 τὸ
3648 4074 3878 4148 πάνσχη·

2256 4181 2354 4234 μσς
2402 4160 2465 4214 τὸ
2509 4156 2778 4235 ἄμορφος,
2833 4158 2923 4216 διὰ
2965 4163 3027 4217 16
3093 4163 3225 4239 ὑπὶρ
3256 4162 3598 4238 ἀσωματίαν,
3646 4166 3732 4221 καὶ
3764 4163 3879 4237 ὑπὲρ

2252 4248 2440 4304 ἆϋλίαν
2483 4250 2703 4323 [simu],
2766 4249 2828 4304 οὑ
2882 4251 3316 4329 μεμορφωμένον
3366 4254 3507 4331 πρός
3551 4277 3604 4311 τι
3660 4259 3763 4310 τῶν
3809 4248 3883 4306 ὅν-

2250 4340 2436 4393 τῶνπ·
2486 4336 2621 4412 πρὸς
2673 4334 2730 4391 δὲ
2774 4338 2837 4392 16
2886 4337 3162 4401 πανείδεὸς
3208 4341 3271 4396 τὸ
3327 4341 3603 4414 ἂκαλλής.
3657 4339 3881 4409 Ἃκαλλῆ

2256 4426 2314 4481 δὲ
2362 4424 2530 4502 λέγει,
2580 4426 2657 4488 ὡς
2704 4427 2793 4481 καὶ
2843 4432 2944 4482 τοῦ
3000 4427 3245 4492 κάλλους
3289 4430 3340 4503 ἐξ
3384 4431 3554 4488 αὐτοῦ
3601 4433 3884 4510 γεγονότος,

2256 4516 2420 4571 αὐτοῦ
2451 4513 2508 4570 δὲ
2537 4516 2625 4570 καὶ
2663 4517 2791 4590 ὑπὲρ
2823 4515 3031 4582 κάλλος
3061 4514 3238 4582 ὄντος.
3272 4521 3339 4577 Αἱ
3392 4519 3452 4576 δὲ
3504 4525 3751 4599 χρήσεις·
3796 4516 3885 4576 Καὶ

497 4614 594 4678 cit,
637 4612 779 4684 quia
813 4608 1191 4682 pulchritudo
1223 4607 1296 4662 ab
1348 4607 1475 4677 ipso
1524 4604 1759 4675 prodiit,
1792 4609 1850 4660 et
1895 4604 2020 4674 ipse
2052 4609 2129 4660 est

2250 4603 2465 4678 δίδομεν
2514 4604 2697 4674 αὐτὸν,
2740 4606 2829 4659 καὶ
2862 4604 2965 4661 οὐκ
2995 4610 3143 4683 εἶχεν
3177 4605 3343 4679 εἶδος,
3377 4607 3506 4666 οὐδὶ
3535 4609 3766 4679 κάλλος,
3808 4605 3887 4662 καὶ

498 4719 675 4775 supra
700 4697 1226 4771 pulchritudinem.
1251 4695 1564 4766 Scriptum
1592 4693 1747 4749 enim
1769 4709 1782 4749 :
1807 4695 1872 4749 Et
1902 4693 2144 4750 vidimus

497 4796 696 4867 ipsum,
729 4798 782 4846 et
811 4805 917 4844 non
951 4788 1153 4843 habeat
1181 4784 1435 4859 speciem,
1466 4799 1640 4855 neque
1666 4782 1909 4840 decorem
1951 4784 2058 4856 (g),
2092 4788 2149 4839 et

504 4900 631 4956 qua)
658 4879 954 4950 deinceps.

572 4973 635 5027 Si
662 4969 815 5026 enim
843 4968 923 5023 sol
971 4966 1068 5022 ille
1114 4968 1318 5020 noster.
1372 4962 1529 5018 Infra
1576 4961 1631 5016 in
1686 4962 1800 5017 fine
1848 4963 2152 5034 sequentis

2256 4694 2321 4749 τὰ
2352 4694 2441 4763 ἒξῆ
2451 4717 2493 4757 ς.

2332 4963 2396 5021 Εἰ
2458 4965 2560 5039 γὰρ
2628 4966 2656 5019 ὁ
2711 4967 2828 5020 καθ’
2872 4967 3021 5039 ἡμᾶς
3060 4964 3247 5036 ἥλιος.
3304 4968 3463 5025 Κάτω
3520 4969 3575 5025 ἐν
3636 4975 3715 5042 τῷ
3763 4965 3898 5023 τέλει

505 5059 796 5115 sermonis
854 5073 957 5112 seu
1013 5054 1159 5111 sexti
1224 5052 1453 5125 capitis,
1504 5051 1601 5105 ubi
1662 5051 1919 5106 ostendit
1967 5051 2129 5107 solen

2260 5058 2357 5109 τοῦ
2385 5054 2507 5126 ἑξῆς
2555 5052 2744 5128 λόγου,
2797 5050 2922 5124 ἤτοι
2962 5059 3058 5109 τοῦ
3098 5051 3257 5111 ’ἐκτου
3286 5055 3611 5135 κεφαλαίου,
3673 5057 3805 5113 ὅπου
3842 5055 3897 5109 τὸ

505 5148 649 5203 nihil
680 5165 747 5204 ex
779 5163 840 5202 se
872 5146 1000 5217 ipso
1033 5145 1238 5209 facere,
1298 5142 1395 5196 sed
1456 5157 1524 5195 ex
1579 5139 1843 5195 omnium
1891 5158 2066 5197 causa
2100 5159 2129 5197 ε

2265 5148 2498 5213 σημεῖον
2532 5140 2822 5216 δείκνυσιν,
2854 5141 2938 5197 ὅτι
2970 5140 3122 5198 οὐδὲν
3154 5143 3243 5221 ἀφ’
3270 5145 3461 5200 ἑαυτοῦ
3491 5153 3646 5202 ποιεῖ
3672 5150 3700 5203 6
3729 5146 3899 5217 ἥλιος,

508 5234 982 5307 principioquod
1014 5238 1102 5289 est
1143 5234 1323 5299 Deus;
1382 5228 1621 5301 pulchre
1666 5233 1859 5284 autem
1912 5230 2154 5286 demon-

583 5416 658 5487 (g)
691 5418 806 5470 Isa.
840 5428 959 5480 Lm,
983 5412 1040 5468 2.

2266 5229 2397 5285 ἀλλ’
2429 5230 2487 5285 ὲκ
2541 5236 2644 5300 τῆς
2691 5232 2907 5287 πάντων
2959 5231 3135 5296 αἰτίας
3180 5233 3268 5288 καὶ
3314 5232 3516 5309 ἀρχῆς,
3562 5235 3687 5306 ἥτις
3718 5233 3901 5291 ἐστίνὸ

1509 5560 1751 5617 VARIIE
1792 5559 2181 5621 LECTIONES
2222 5562 2307 5619 ET
2345 5562 2915 5623 CORRECTIONES.

591 5690 637 5725 ²⁴
668 5686 901 5763 ε’ίρηται.
978 5687 1025 5724 ³⁸
1054 5705 1290 5757 νοητων.
