4080 6366
178 410 280 465 3'29

941 411 998 463 S.
1040 408 1314 464 ΜΑΧΙΜΙ
1353 407 1661 461 SCHOLIA
1698 407 1770 459 IN
1811 405 1845 456 ι

1989 405 2083 456 DE
2123 403 2394 460 DIVI‘NIS
2433 406 2850 461 NOMINIBUS.

3494 407 3598 460 330

173 534 315 596 Θεός.
351 530 549 594 Καλῶς
586 529 645 586 δὲ
675 529 947 602 ἀπέδειξεν
973 531 1033 585 ἐκ
1059 534 1156 586 τοῦ
1193 527 1361 599 ἡλίου
1407 529 1470 582 τὸ
1526 528 1649 602 περῖ
1703 529 1835 580 Θεοῦ

1959 528 2160 584 stravit
2189 529 2451 602 exemplo
2496 528 2636 584 solis
2669 529 2806 600 quid
2843 531 2913 585 de
2949 531 3058 586 Deo
3091 529 3334 603 cogitari
3368 531 3594 586 debeat.

174 623 494 696 νοούμενον·
533 620 719 696 ὥσπερ
771 622 875 696 γὰρ
922 619 1081 682 αὐτὸς
1120 622 1195 681 εἰς
1249 617 1322 672 ὢν
1373 619 1400 672 6
1445 615 1628 686 ἥλιος,
1662 616 1836 670 πάντα

172 715 234 768 τὰ
291 711 531 782 αἰσθητά
591 716 872 785 ζωογονεῖ,
930 719 1021 764 καί
1103 709 1310 785 τρέφει,
1371 707 1460 762 καὶ
1541 703 1684 775 cii-325,
1745 703 1834 758 καὶ

174 800 514 870 έναλλάττει,
567 801 841 854 τουτέστιν
900 798 1005 852 ἀπὸ
1069 802 1278 872 μικρῶν
1337 793 1549 870 μεγάλα
1595 799 1765 862 ποιεῖ,
1800 792 1835 862 ἢ

172 890 254 945 καὶ
291 890 416 944 ’ἀπὸ
480 888 690 965 σπόρου
746 888 807 941 τὸ
867 887 918 958 ἐξ
978 887 1146 941 αὑτοῦ
1201 885 1469 962 φυόμενον
1533 883 1766 959 βλαστὸν
1799 882 1834 951 ἢ

179 977 418 1054 δένδρον,
448 977 540 1032 καὶ
591 977 643 1032 ἐν
695 983 824 1030 πᾶσι
854 981 972 1038 τοῖς
1031 976 1333 1050 ὁρωμένοις
1385 973 1519 1040 ἐστὶ,
1557 969 1726 1045 μηδὲν
1785 969 1836 1040 ἐξ

174 1069 340 1125 αὑτῶν
409 1066 677 1142 ὑπάρχων
715 1084 728 1097 ⁶
788 1065 930 1120 οὕτω
987 1066 1076 1118 καὶ
1110 1065 1137 1119 6
1188 1064 1318 1126 Θεὸς
1379 1064 1468 1117 καὶ
1527 1063 1694 1116 αὑτοῦ
1739 1065 1836 1115 τοῦ

176 1157 364 1230 ἡλίου,
397 1157 487 1211 καὶ
549 1157 767 1210 πάντων
823 1159 930 1210 τῶν
976 1153 1247 1224 αἰσθητῶν
1301 1153 1389 1207 καὶ
1442 1156 1545 1206 τῶν
1601 1155 1834 1221 νοητῶν,

183 1247 266 1303 καὶ
295 1250 406 1302 τῶν
441 1246 673 1321 νοερῶν,
705 1243 778 1298 ὣν
807 1241 1004 1314 αἴτιος,
1039 1240 1192 1298 οὐδὲν
1226 1241 1284 1297 ἐκ
1313 1246 1420 1297 τῶν
1477 1237 1648 1296 ὄντων
1701 1238 1834 1310 ἐστὶ,

175 1334 260 1391 καῖ
309 1335 363 1390 ἐν
415 1340 535 1396 τοῖς
580 1339 741 1389 πᾶσιν
793 1334 934 1388 ἐστίν
969 1352 981 1365 ·
1017 1333 1184 1388 αὐτοῦ
1233 1331 1333 1408 γὰρ
1366 1331 1431 1385 τὰ
1461 1330 1630 1386 πάντα
1683 1329 1834 1402 μετέ-

175 1445 259 1500 χει
294 1444 306 1456 °
345 1421 436 1478 διὸ
469 1423 560 1478 καὶ
593 1426 626 1492 ἡ
661 1423 845 1499 Γραφή
879 1419 1227 1490 δικαιοσύνης
1255 1420 1454 1477 ’Ἡλιον
1505 1417 1664 1474 αὐτὸν
1711 1419 1834 1472 ὀνο-

187 1515 360 1587 μάζει.

247 1598 692 1676 Παραδείγματα.
740 1602 816 1654 Τά
858 1596 1291 1675 παραδείγματα,
1342 1599 1494 1652 ἅτινα
1537 1597 1627 1651 καί
1691 1593 1835 1657 ἷδέας

173 1687 454 1761 καλοῦσιν,
510 1686 622 1760 ἤδη
683 1690 778 1762 μὲν
839 1689 931 1742 καὶ
981 1689 1236 1763 ἀνωτέρω
1269 1685 1650 1758 ἐδηλώσαμεν,
1686 1684 1834 1746 ὅπως

182 1777 475 1850 ὁρίζονται,
530 1777 615 1832 ὅτι
673 1778 894 1848 ποίησιν
949 1776 1215 1846 αὐτοτελῆ
1270 1773 1446 1830 ἀΐδιον
1506 1780 1600 1830 τοῦ
1657 1771 1834 1829 ἀϊδίου

1942 618 2105 675 Sicut
2138 619 2292 674 enim
2346 620 2471 692 ipse
2529 618 2615 674 sol
2669 636 2802 674 cum
2854 636 3009 674 unus
3059 619 3157 686 sit,
3197 621 3345 675 I78
3399 620 3598 676 omnia

1945 708 2187 764 sensilia
2246 710 2494 764 fecunda
2554 709 2743 765 reddit
2794 714 2850 764 et
2892 708 3013 775 alit,
3067 715 3244 780 atque
3295 715 3504 777 mutat,
3538 709 3595 764 id

1947 803 2036 853 est
2092 815 2159 853 ex
2211 815 2384 870 parvo
2435 815 2649 872 magna
2701 798 2868 868 facit,
2901 803 3002 852 aut
3041 799 3216 853 etiam
3249 815 3316 853 ex
3374 799 3598 855 semine

1946 886 2088 941 illud
2152 889 2304 958 quod
2370 890 2501 943 inde
2565 887 2910 958 producitur
2955 903 3222 959 germen,
3257 897 3354 943 aut
3404 889 3597 960 arbor,

1947 984 2121 1049 atque
2153 979 2210 1032 in
2245 979 2520 1034 omnibus
2553 977 2885 1034 visibilibus
2934 982 3044 1046 est,
3078 996 3212 1035 cum
3247 979 3391 1034 nihil
3424 981 3499 1034 sit
3529 997 3599 1036 ex

1946 1066 2123 1139 ipsis;
2158 1069 2243 1123 sic
2273 1069 2448 1123 etiam
2494 1073 2643 1124 Deus
2673 1073 2730 1124 et
2763 1069 2952 1139 ipsius
2999 1068 3140 1124 solis
3183 1073 3241 1124 et
3289 1069 3595 1124 sensilium

1947 1158 2211 1212 omnium
2265 1175 2330 1213 ac
2381 1157 2842 1229 intelligibilium
2906 1162 3080 1229 atque
3117 1158 3596 1230 intelligentium

1947 1252 2170 1313 auctor,
2208 1247 2351 1302 nihil
2385 1253 2473 1303 est
2502 1265 2570 1303 ex
2602 1248 2800 1316 rebus,
2828 1252 2883 1302 et
2925 1247 2982 1302 in
3014 1248 3291 1303 omnibus
3323 1253 3438 1314 est;
3473 1264 3597 1302 om-

1947 1336 2045 1391 nia
2075 1337 2231 1391 enim
2266 1338 2458 1407 ipsum
2501 1337 2876 1409 participant,
2909 1338 3040 1393 ideo
3071 1337 3371 1410 Scriptura
3400 1337 3596 1408 ipsum

1948 1425 2206 1497 appellat
2237 1425 2428 1482 Solem
2455 1425 2697 1497 justitiae
2719 1427 2822 1498 (h).

2018 1603 2402 1672 Exemplaria.
2433 1604 2803 1677 Exemplaria
2833 1620 2961 1675 quae
2983 1605 3156 1660 etiam
3185 1605 3344 1659 ideas
3366 1611 3598 1675 vocant,

1938 1694 2064 1765 jam
2113 1695 2351 1765 quidem
2411 1711 2593 1765 supra
2639 1695 2816 1749 etiam
2871 1695 3250 1766 exposuimus
3303 1695 3599 1765 quomodo

1945 1783 2324 1853 deﬁniantur,
2361 1784 2513 1854 quod
2552 1784 2741 1838 ideam
2777 1800 2877 1838 seu
2911 1783 3209 1854 exemplar
3239 1784 3414 1850 dicat,
3450 1801 3598 1854 opus

181 1872 305 1921 Θεοῦ
363 1868 464 1935 τὴν
523 1863 846 1935 ἷδὲαν,ἤτοι
908 1865 970 1918 τὸ
1023 1862 1367 1941 παράδειγμα
1407 1863 1700 1941 φησί’)ιαί
1757 1861 1835 1915 ἐν·

237 1958 294 1968 -..
434 1957 444 1968 .
808 1953 854 1968 ι..
947 1955 959 1968 .
1054 1954 1064 1968 .
1223 1961 1232 1968 .
1349 1952 1362 1968 ι
1592 1952 1604 1967 .
1697 1957 1734 1968 ,η

1959 1876 2003 1926 ζιι
2052 1889 2113 1927 se
2149 1873 2472 1944 perfectum
2517 1878 2799 1927 aeternum
2849 1873 3045 1927 azterni
3095 1872 3221 1928 Dei.
3273 1873 3423 1927 Sane
3473 1872 3603 1944 qui-

178 1958 335 2011 ταῦθα
385 1957 574 2027 μέντοι
620 1953 902 2031 σαφηνίζει
940 1955 968 2007 ὁ
1007 1954 1168 2029 μέγας
1211 1952 1488 2013 Διονύσιος
1545 1952 1644 2019 τήν
1697 1957 1834 2026 Γρα-

193 2047 311 2122 φὴν,
344 2041 726 2118 προορισμοὺς
760 2041 942 2097 καλῶν
973 2042 1068 2104 τὰς
1120 2040 1293 2110 ἰδέας,
1320 2041 1693 2114 αἰνιττόμενος
1742 2042 1835 2094 τὸν

193 2138 325 2198 θεῖον
367 2130 610 2200 Παῦλον,
639 2133 698 2194 ’ὀς
743 2130 796 2186 ἐν
845 2135 914 2205 τῇ
959 2131 1096 2207 πρὸς
1125 2131 1432 2204 Ῥωμαίους
1493 2132 1654 2208 φησίν
1692 2149 1704 2160 ·
1740 2129 1841 2192 Οὓς

207 2221 256 2278 δὲ
310 2223 615 2296 προώρισε,
670 2220 896 2282 τούτους
955 2221 1042 2275 καὶ
1105 2219 1324 2275 ἐκάλεσε
1357 2242 1370 2255 ·
1425 2221 1514 2274 καὶ
1571 2219 1794 2295 ἑτέρωθι
1826 2237 1839 2250 °

204 2311 503 2386 Ιίροορίσας
558 2313 707 2382 ἡμᾶς
757 2309 808 2363 ἐν
865 2314 946 2381 τῷ
1004 2309 1274 2383 θελήματι
1360 2311 1526 2364 αὑτοῦ
1559 2329 1570 2342 ·
1629 2309 1845 2380 θέλημα

201 2401 294 2474 γάρ
322 2400 414 2454 καὶ
447 2399 788 2473 προορισμὸν
836 2399 902 2452 τὰ
950 2400 1359 2474 παραδείγματα
1405 2400 1493 2453 καὶ
1548 2399 1644 2462 τὰς
1702 2395 1844 2459 ἰδέας

201 2487 362 2563 λέγει.
402 2490 636 2562 ΙΙαράγει
695 2486 877 2560 μέντοι
931 2489 1020 2542 καὶ
1078 2489 1169 2542 τὸν
1230 2488 1496 2564 μακάριογ
1555 2490 1846 2559 Κλήμεντά

200 2577 306 2651 [τᾶν
337 2579 566 2650 Ῥώμης
619 2575 964 2649 έπίσκοπον],
1007 2577 1068 2630 οῦ
1119 2577 1390 2650 μέμνηται
1422 2578 1449 2631 6
1484 2574 1844 2648 Ἀπόστολος,

201 2665 438 2735 εἰπόντα,
473 2667 524 2720 ἐν
583 2671 700 2727 τοῖς
761 2664 909 2720 οὖσιν
968 2665 1101 2720 εἶναι
1161 2664 1570 2742 παραδείγματα
1609 2665 1843 2739 ἀρχηγι-

197 2758 404 2831 κώτερα
435 2759 504 2823 ³⁸,
537 2757 657 2810 οἷον
717 2760 821 2810 τῶν
882 2756 1017 2832 πρός
1062 2777 1134 2810 τι.
1173 2759 1504 2832 Σαφέστερον
1557 2754 1615 2809 δὲ
1671 2754 1844 2816 οῧτως

199 2843 334 2900 ἔσται
367 2845 432 2899 τὸ
466 2842 791 2920 λεγόμενονο
818 2842 928 2901 ἔστι
957 2866 1040 2907 τις
1069 2843 1194 2916 δόξα
1224 2845 1454 2921 γραμμῇ
1484 2845 1847 2913 ἀπεικάζουσα

198 2934 258 2988 τὰ
285 2933 484 2989 πάντα·
521 2933 610 2988 καὶ
641 2941 740 3002 τῆς
770 2936 1031 3009 γραμμῆς
1062 2935 1125 2988 τὸ
1189 2935 1281 3007 μὲν
1345 2935 1450 2988 ἅνω
1511 2935 1674 3007 μέρος
1730 2939 1847 2996 τοῖς

203 3029 416 3092 νοητοῖς
449 3020 788 3078 ἀπαδιδοῦσα
822 3043 832 3053 ’
865 3023 928 3076 τὸ
960 3019 1017 3077 δὲ
1045 3023 1193 3077 κάτω
1241 3028 1358 3084 τοῖς
1407 3022 1705 3092 αἰσθητοῖς.
1746 3023 1845 3078 Καὶ

202 3112 424 3181 τούτων,
457 3117 577 3174 τοῖς
613 3112 707 3184 μὶν
735 3111 1228 3188 ἀρχηγικωτέροις,
1263 3112 1396 3187 ἅπερ
1429 3113 1529 3166 εἰσὶ
1574 3111 1637 3166 τὰ
1692 3108 1847 3172 ἰδίως

206 3202 386 3270 νοητὰ,
411 3202 477 3255 τὸ
532 3205 750 3276 πρῶτον
809 3201 898 3254 καὶ
958 3200 1224 3276 ἀνώτερον
1279 3201 1460 3277 μέρος.
1493 3207 1617 3262 Τοῖς
1673 3198 1728 3254 δὲ
1789 3200 1846 3254 ἐκ

208 3293 302 3343 τῶν
333 3289 659 3361 νοητῶν,τό
712 3289 824 3362 μετ’
857 3289 1029 3342 ἐκεῖνο
1066 3307 1076 3318 ’
1112 3290 1204 3343 εἶθ’
1238 3289 1380 3344 οὕτω
1435 3290 1553 3353 καθ’
1586 3287 1846 3344 ὑπόϐασιν
1881 3265 1923 3331 C

208 3385 294 3445 τῆς
324 3381 620 3452 γραμμῆς,
650 3377 717 3431 τὰ
748 3374 890 3432 ἄλλα
925 3399 938 3412 ο
973 3374 1138 3447 δεῖξαι
1182 3377 1284 3452 γὰρ
1337 3377 1478 3441 θέλει
1533 3381 1567 3448 ἡ
1619 3378 1845 3448 τοιαύτη

213 3464 346 3536 δόξα,
387 3469 464 3539 μή
495 3473 598 3535 τῆς
629 3466 776 3536 ἀξίας
804 3473 906 3535 τῆς
965 3466 1131 3536 αὐτῆς
1187 3467 1318 3521 εἶναι
1375 3468 1441 3522 τὰ
1497 3469 1690 3535 πάντα,
1726 3466 1851 3521 ἀλ)’

211 3555 254 3626 ἐξ
308 3555 578 3626 ἀλλήλων
640 3550 754 3609 ἔνια
804 3555 1091 3629 γενόμενα,
1125 3558 1241 3610 οἷον
1289 3557 1356 3610 τὰ
1396 3556 1652 3633 ὑφειμένα
1709 3554 1852 3626 εῖδη,

212 3651 306 3698 τῶν
357 3643 672 3708 καθολικῶν
714 3644 764 3698 ἐν
817 3641 1152 3720 δημιουργίᾳ
1197 3645 1287 3699 καὶ
1335 3645 1546 3720 ἀρχῶν,
1579 3645 1641 3707 ’ἀς
1685 3657 1851 3708 καθο-

216 3732 358 3796 λικὰς
414 3735 595 3809 ἀρχάς
654 3733 1082 3810 ἀρχηγικώτερα
1139 3735 1294 3810 φησί.
1355 3735 1463 3789 Τὸν
1535 3732 1624 3787 οῦν
1706 3732 1848 3809 ἱερὸν

219 3823 500 3896 Κλήμεντά
531 3844 663 3901 φησι
724 3821 928 3897 λέγειν,
963 3823 1094 3877 εἰναι
1150 3823 1240 3877 καὶ
1300 3821 1352 3876 ἐν
1405 3828 1523 3884 τοῖς
1578 3825 1849 3895 ποιήμασι

218 3911 618 3987 παραδείγματα
661 3912 1008 3986 γενικώτερα,
1041 3909 1164 3980 ἤτοι
1220 3909 1367 3974 ἰδέας
1420 3916 1527 3966 τῶν
1582 3911 1717 3986 πρός
1775 3933 1850 3980 τι,

222 4001 319 4054 ἀντὶ
345 4006 442 4055 τοῦ
470 4006 581 4055 τῶν
615 3995 1038 4070 ὑποϐεϐηκότων
1090 3998 1247 4054 εἰδῶν
1300 4005 1406 4054 τῶν
1459 4001 1596 4076 πρός
1641 4022 1692 4054 τι
1745 4005 1851 4054 τῶν

227 4085 660 4162 ὑπερϐεϐηκότων
705 4087 1009 4164 ὑπόδειγμα
1059 4089 1429 4161 ὑποστάντων,
1461 4093 1574 4143 οἷον
1625 4090 1686 4144 τὸ
1733 4086 1851 4143 ἔνυ-

226 4176 305 4231 λον
362 4184 469 4254 πῦρ
524 4179 663 4254 πρὸς
716 4179 779 4232 τὸ
811 4178 1049 4253 αἰθέριον
1085 4197 1098 4209 ·
1146 4177 1272 4233 ἀλλ’
1313 4179 1374 4233 οὐ
1431 4184 1598 4233 ταῦτα
1654 4179 1854 4252 κυρίως

228 4264 351 4329 ἰδέας
383 4268 550 4345 φησὶν
582 4269 610 4322 6
646 4268 810 4340 μέγας
842 4267 1140 4335 Διονύσιος,
1174 4267 1319 4322 ἀλλὰ
1356 4269 1450 4330 τὰς
1499 4272 1712 4337 νοήσεις
1759 4271 1855 4322 τοῦ

226 4361 382 4410 Θεοῦ·
441 4355 538 4411 κᾶν
618 4359 722 4431 γαρ
796 4355 1024 4430 λέγηται
1097 4354 1506 4430 παραδείγματα
1563 4357 1613 4411 ἐν
1663 4357 1853 4426 κτίσει,

228 4443 334 4498 ἀλλ’
363 4446 423 4500 οὗ
455 4447 829 4519 προπυνητά,
864 4446 936 4507 ὥς
970 4466 1099 4520 φησι
1136 4449 1369 4510 Μωϋσῆς
1403 4468 1415 4480 ·
1449 4446 1554 4499 ποῦ
1604 4443 1661 4500 δὲ
1688 4450 1858 4500 ταῦτα

229 4533 352 4589 εἶπεν
385 4537 413 4590 6
445 4537 602 4611 ἅγιος
635 4535 898 4607 Κλήμης,
924 4534 1022 4588 οὐκ
1053 4532 1319 4603 ἐδήλωσε.

1954 1962 2083 2016 dem
2116 1961 2224 2016 hoc
2273 1961 2396 2016 loco
2431 1978 2681 2033 magnus
2717 1962 3026 2030 Dionysius
3065 1961 3314 2033 explicat
3342 1962 3602 2032 Scriptu-

1953 2068 2101 2114 ram,
2135 2052 2276 2105 dum
2329 2051 2870 2122 praedestinationes
2905 2055 3071 2105 vocat
3120 2051 3303 2116 ideas,
3338 2049 3600 2105 divinum

1953 2139 2200 2195 Paulum
2244 2140 2578 2210 insinuans,
2612 2140 2711 2210 qui
2763 2139 2821 2193 in
2873 2139 3136 2211 Epistola
3185 2140 3256 2194 ad
3310 2139 3604 2194 Romanos

1956 2230 2080 2284 ait:
2118 2230 2259 2296 Quos
2309 2231 2492 2283 autem
2537 2228 2972 2299 praedestinavit,
3020 2229 3115 2283 hos
3162 2232 3210 2283 et
3258 2230 3465 2282 vocavit
3500 2227 3601 2298 (i);

1955 2322 2011 2372 et
2040 2317 2178 2373 alibi
2216 2334 2226 2372 :
2264 2319 2370 2386 Qui
2395 2318 2806 2388 praedestinavit
2838 2334 2935 2372 nos
2966 2320 3025 2372 in
3057 2316 3344 2372 voluntate
3375 2316 3602 2387 suam:

1954 2405 2310 2461 voluntatem
2345 2405 2500 2460 enim
2535 2410 2591 2461 et
2632 2406 3205 2478 praedestinationem
3241 2405 3383 2459 dicit
3413 2421 3606 2459 exem-

1955 2495 2143 2566 plaria
2181 2499 2236 2549 et
2277 2495 2458 2550 ideas.
2494 2496 2672 2550 Ati‘ert
2703 2496 3053 2550 sententiam
3110 2495 3260 2550 beati
3291 2493 3608 2550 Clementis

1955 2583 2222 2656 [Romani
2257 2583 2558 2655 episcopi],
2593 2585 2764 2655 cujus
2814 2583 3081 2638 meminit
3107 2583 3446 2654 Apostolus,
3480 2599 3610 2637 esse

1954 2671 2014 2727 in
2049 2673 2223 2727 rebus
2245 2673 2598 2742 exemplaria
2629 2671 3066 2744 principaliora,
3091 2677 3374 2743 tanquam
3407 2686 3608 2725 eorum

1956 2779 2084 2834 quis
2117 2762 2187 2815 ad
2222 2760 2465 2832 aliquid.
2500 2761 2724 2815 Clarius
2768 2765 2962 2816 autem
3016 2761 3097 2814 ita
3147 2761 3243 2815 ﬁet
3274 2760 3426 2830 quod
3461 2758 3608 2812 dici-

1957 2855 2090 2919 tur;
2123 2855 2212 2906 est
2242 2850 2438 2921 Opinio
2470 2849 2668 2921 aliqua
2699 2867 2825 2922 quas
2871 2850 3069 2904 omnia
3098 2849 3261 2904 linear
3295 2847 3606 2917 assimilat,

1959 2944 2014 2996 et
2046 2939 2404 3012 superiorem
2438 2939 2601 2994 lineae
2627 2945 2849 3010 partem
2876 2938 3351 3010 intelligibilibus
3383 2937 3610 3004 tribuit,

1958 3030 2294 3085 inferiorem
2341 3045 2473 3082 vero
2523 3028 2939 3096 sensibilibus;
2993 3028 3065 3082 iis
3115 3045 3241 3099 qua:
3290 3026 3443 3080 inter
3490 3025 3611 3080 hac

1959 3119 2355 3191 principatum
2389 3118 2677 3187 obtinent,
2712 3135 2841 3189 quze
2886 3123 3026 3172 sunt
3066 3116 3296 3188 proprie
3329 3114 3614 3185 intelligi-

1957 3207 2121 3277 bilia,
2155 3208 2406 3278 primam
2441 3224 2506 3262 ac
2539 3207 2903 3279 superiorem
2953 3211 3209 3278 partem;
3265 3223 3391 3276 quae
3424 3221 3492 3259 ex
3524 3205 3611 3259 in-

1959 3296 2384 3368 telligentibus,
2417 3297 2799 3368 posteriorem
2839 3313 2850 3350 :
2887 3297 2969 3350 sic
3013 3301 3213 3365 postea
3245 3296 3414 3365 juxta
3445 3293 3610 3348 linea:

1961 3387 2334 3453 descensum,
2393 3385 2507 3439 alia
2556 3384 2832 3451 collocat;
2893 3385 3184 3455 siquidem
3237 3382 3372 3436 talis
3416 3381 3614 3452 Opinio

1960 3476 2086 3530 vult
2125 3475 2328 3529 docere
2377 3474 2576 3529 omnia
2625 3491 2737 3527 non
2791 3489 2920 3528 esse
2970 3472 3232 3542 ejusdem
3284 3469 3612 3541 dignitatis,

1962 3565 2226 3636 qumdam
2260 3580 2328 3618 ex
2359 3579 2421 3616 se
2457 3567 2659 3616 mutuo
2693 3561 2945 3633 pendere
2968 3559 3126 3615 velut
3157 3558 3453 3628 subjectus
3484 3574 3616 3629 spe-

1963 3655 2082 3709 cies
2137 3653 2207 3706 ab
2261 3651 2692 3706 universalibus
2726 3651 2782 3704 in
2831 3650 3127 3705 creatione
3179 3653 3236 3702 et
3285 3646 3616 3719 principiis,

1963 3759 2090 3814 quis
2126 3741 2410 3813 principia
2453 3739 2808 3794 universalia
2839 3739 2981 3794 dicit
3021 3754 3150 3793 esse
3183 3736 3502 3803 nobiliora;
3539 3736 3620 3789 ait

1962 3832 2145 3903 igitur
2174 3832 2228 3887 S.
2257 3830 2616 3884 Clementem
2651 3828 2842 3884 dicere
2873 3845 3001 3884 esse
3031 3829 3090 3882 in
3115 3826 3400 3882 creaturis
3430 3841 3618 3880 exem-

1965 3921 2150 3993 plaria
2180 3919 2541 3992 generaliora
2568 3935 2666 3973 seu
2703 3918 2863 3972 ideas
2895 3934 3094 3972 eorum
3131 3933 3256 3987 quae
3290 3915 3360 3970 ad
3392 3914 3613 3984 aliquid

1964 4027 2068 4081 pro
2101 4009 2502 4079 subjectarum
2555 4007 2884 4078 specierum
2919 4008 2986 4062 ad
3039 4005 3294 4076 aliquam
3347 4003 3617 4075 superio-

1965 4115 2096 4154 rum
2129 4095 2427 4168 exemplar
2466 4096 2981 4163 substituentium,
3014 4093 3193 4148 veluti
3241 4093 3394 4164 ignis
3427 4096 3618 4147 mate-

1964 4186 2128 4242 rialis
2160 4187 2230 4240 ad
2265 4185 2612 4250 aathereum;
2646 4199 2844 4236 verum
2871 4182 2990 4236 haec
3017 4198 3267 4253 magnus
3302 4180 3616 4251 Dionysius

1965 4279 2185 4341 censet,
2227 4291 2342 4329 non
2399 4289 2528 4328 esse
2588 4271 2819 4342 proprie
2881 4271 3042 4325 ideas
3101 4271 3199 4324 sed
3245 4269 3346 4324 Dei
3393 4268 3618 4338 cogita-

1966 4365 2188 4431 tiones;
2223 4363 2331 4417 etsi
2365 4361 2519 4416 enim
2555 4361 2827 4415 dicantur
2856 4358 3212 4430 exemplaria
3241 4358 3300 4411 in
3327 4362 3616 4420 creatura,

1969 4469 2083 4506 non
2121 4457 2317 4506 tamen
2352 4449 2585 4505 adorari
2617 4455 2861 4519 queunt,
2895 4448 3048 4503 sicut
3095 4448 3178 4502 ait
3227 4447 3483 4518 Moyses;
3518 4443 3618 4498 ubi

1968 4547 2164 4596 autem
2215 4545 2457 4595 sanctus
2496 4537 2765 4594 Clemens
2814 4538 2932 4592 haec
2980 4536 3213 4607 dixerit,
3265 4552 3379 4590 non
3427 4533 3620 4589 decla-

1968 4631 2134 4684 ravit.

291 4713 703 4790 Παραδείγματα
750 4711 808 4768 δέ
868 4735 1040 4790 φαμεν
1112 4713 1265 4769 εἶναι.
1317 4713 1546 4769 Πλάτων
1611 4715 1704 4787 μὲν
1763 4717 1845 4776 τὰς

2042 4718 2410 4788 Exemplarz'a
2468 4732 2591 4771 vero
2648 4716 2880 4770 dicimus
2936 4731 3069 4770 esse.
3129 4713 3288 4768 Plato
3345 4714 3508 4767 ideas
3566 4714 3623 4766 et

233 4799 358 4863 ἰδέας
415 4805 504 4858 καὶ
561 4803 628 4857 τὰ
685 4800 1096 4877 παραδείγματα
1149 4809 1415 4865 ταπεινῶς
1483 4805 1572 4858 καὶ
1628 4803 1854 4877 ἀναξίως

236 4895 349 4943 Θεοῦ
379 4891 679 4969 έξείληφεν·
713 4892 741 4944 6
776 4889 834 4945 δὶ
875 4892 1060 4962 Ιιατῆρ
1104 4893 1174 4961 τῇ
1219 4893 1314 4963 μὶν
1369 4889 1509 4961 λέξει
1560 4891 1856 4966 ἐχρήσατο,

236 4979 316 5043 τήν
363 4977 416 5034 δὶ
455 4977 661 5035 ἔννοιαν
714 4973 948 5041 εὐσεϐῶς
1011 4978 1330 5055 ἐξηγήσατο.
1389 4981 1739 5057 Ἀφοριστικα
1804 4980 1860 5037 δὲ

241 5063 322 5142 ἔφη
376 5070 439 5122 τὰ
495 5071 614 5123 θεῖα
673 5067 961 5141 Θελήματα
1016 5070 1104 5122 καὶ
1163 5071 1448 5141 ποιητικὰ,
1479 5071 1541 5124 τὸ
1604 5072 1722 5142 μὲν,
1778 5073 1860 5125 ὅτι

245 5156 373 5228 μόνῳ
401 5163 478 5230 τῷ
511 5157 803 5232 βούλεσθαι
833 5159 900 5212 τά
927 5160 1100 5212 πάντα
1135 5159 1388 5235 ὑφίστησι
1419 5159 1510 5212 καὶ
1559 5165 1712 5214 ποιεῖ
1743 5179 1754 5191 ·
1799 5162 1860 5214 τὸ

246 5238 308 5314 δὲ,
335 5245 418 5300 καὶ
476 5244 565 5301 διὰ
609 5248 673 5301 τὸ
729 5243 1001 5319 ἑτεροειδῆ
1045 5247 1135 5300 καὶ
1187 5244 1418 5324 διάφορα
1473 5248 1540 5302 τὰ
1594 5244 1721 5303 ὄντα
1775 5271 1862 5325 γε·

298 5428 368 5500 (h)
398 5430 528 5487 Mal.
561 5448 642 5498 ιν,
670 5433 726 5488 2.
806 5431 872 5502 (1')
902 5431 1066 5487 Rom.
1099 5447 1222 5501 vm,
1255 5431 1344 5486 30.

1427 5431 1500 5504 (k)
1531 5432 1745 5504 Ephes.
1778 5451 1818 5503 ι,
1851 5434 1909 5491 5.

1969 4807 2328 4878 exemplaria
2369 4805 2673 4860 humiliter
2722 4821 2786 4858 ac
2838 4805 3078 4875 indigne
3127 4803 3242 4857 Deo
3297 4799 3618 4870 usurpavit.

1969 4901 2142 4951 Pater
2195 4900 2388 4950 autem
2426 4895 2577 4949 I79
2611 4893 2863 4948 dictione
2896 4893 3133 4965 quidem
3186 4908 3329 4944 usus
3378 4894 3484 4955 est,
3519 4888 3620 4942 sed

1969 4985 2426 5040 intellectionem
2473 5000 2574 5038 seu
2609 4983 3098 5053 significationem
3156 4981 3246 5051 pie
3293 4977 3621 5048 explicavit.

1969 5073 2059 5128 Ait
2093 5090 2225 5126 vero
2279 5071 2506 5126 divinas
2554 5071 2884 5126 voluntates
2933 5067 3285 5124 constituere
3335 5072 3392 5120 et
3442 5067 3627 5120 facere

1973 5163 2281 5229 universa;
2320 5161 2464 5216 illud
2503 5161 2740 5231 quidem
2778 5160 2914 5230 quia
2947 5158 3070 5212 sola
3097 5155 3396 5212 voluntate
3426 5154 3632 5212 statuit

1977 5258 2033 5308 et
2067 5251 2239 5319 facit;
2275 5252 2382 5307 hoc
2415 5267 2550 5306 vero
2597 5250 2735 5321 quia
2768 5265 2857 5303 res
2887 5247 3128 5302 diversa:
3159 5246 3355 5300 forma:
3385 5249 3442 5300 et
3468 5243 3632 5299 ditTe-

1207 5612 1446 5670 νΑΡιΙιΕ
1486 5614 1887 5673 LECTIONES
1926 5615 2016 5672 ET
2056 5611 2621 5671 CORRECTIONES.

300 5714 342 5751 ³⁸
369 5716 727 5796 ἀρχικώτερα.

535 5850 800 5912 Pusam.
848 5849 959 5912 Gn.
1006 5847 1108 5911 IV.

3226 5845 3296 5906 11
