4080 6366
431 351 532 405 331
1241 349 1609 405 APPENDIX
1651 353 1748 403 AD
1787 351 2031 404 OPERA
2067 351 2090 402 E

2212 349 2482 405 rIONYSII
2521 351 3024 407 ΑΒΕΟΡΑΟΙΤΛΕ.

3742 347 3849 404 332

433 483 630 535 rentes
661 477 1085 550 producuntur.
1119 475 1267 531 Nota
1306 475 1486 548 igitur
1517 477 1670 548 quod
1700 478 1862 532 vocet
1891 490 2082 530 exem-

2212 471 2396 530 ρέσθαι.
2432 475 2750 547 Σημείωσαι
2783 472 2898 546 οῦν,
2932 475 3014 529 ὅτι
3052 471 3465 550 παραδείγματα
3512 473 3673 529 καλεῖ
3722 473 3849 536 τοὺς

437 569 623 642 plaria
666 568 919 624 rationes
966 565 1026 621 in
1073 570 1185 621 Deo
1238 582 1367 637 quae
1413 582 1610 621 rerum
1665 563 1954 622 essentias
2004 564 2084 618 fa-

436 659 618 723 ciunt,
677 661 735 712 et
790 655 952 710 unite
1008 661 1141 710 ante
1208 655 1466 720 fuerunt,
1528 671 1632 710 seu
1709 652 2085 726 praedestina-

434 747 644 802 tiones.

499 834 863 905 Progreditur
893 833 1115 906 quidem
1145 850 1253 889 non
1293 850 1392 905 per
1415 834 1668 906 propria.
1712 831 1929 886 Beatus
1961 830 2085 886 Cle-

436 942 601 980 mens
635 923 822 995 magis
845 929 1082 978 secutus
1105 929 1193 978 est
1223 923 1554 994 opinionem
1581 939 1708 992 quae
1733 920 2086 989 dixit,etiam

434 1013 494 1068 in
519 1013 896 1086 generatione
924 1029 1117 1067 rerum
1143 1012 1448 1066 sensilium
1480 1011 1774 1083 principes
1797 1009 2086 1082 quasdam

436 1118 564 1158 esse
598 1119 828 1168 causas,
862 1101 1142 1154 nimirum
1187 1100 1649 1172 intelligibilium
1683 1117 1786 1154 seu
1821 1100 2088 1169 incorpo-

437 1207 672 1246 reorum
713 1188 1054 1262 angelorum
1106 1190 1468 1260 operationes
1517 1205 1618 1244 seu
1674 1186 2088 1259 productioncs

435 1282 494 1336 in
527 1279 865 1347 essentiam,
901 1279 1115 1333 habere
1169 1295 1379 1333 causas
1427 1278 1722 1350 principes
1773 1276 1935 1332 ideas
1985 1293 2088 1331 seu

433 1371 537 1427 Dei
594 1369 1004 1442 cogitationes:
1064 1367 1221 1422 circa
1277 1384 1423 1437 quas
1482 1366 1645 1422 ideas
1705 1365 2088 1437 exemplares,

431 1458 836 1530 intelligibilia
886 1473 1015 1512 esse
1049 1456 1205 1511 velut
1253 1456 1621 1527 operationes
1673 1455 1980 1525 primarias
2014 1455 2092 1525 [et

435 1548 660 1619 beatas]
693 1553 749 1602 et
781 1547 1140 1617 praecipuas;
1182 1545 1242 1599 in
1289 1544 1609 1599 sensilibus
1641 1549 1834 1598 autem
1873 1544 2088 1614 princi-

437 1655 569 1710 pem
604 1653 867 1704 causam,
901 1652 966 1690 ac
999 1636 1174 1690 beare
1207 1639 1382 1704 atque
1414 1650 1610 1689 creare
1640 1632 1953 1697 valentem,
1985 1633 2093 1686 for-

436 1743 593 1782 mam
648 1725 707 1779 in
758 1724 1025 1793 materia,
1063 1725 1240 1792 dicta,
1291 1723 1506 1793 inquit,
1551 1721 1779 1792 Opinio;
1815 1737 1947 1775 nam
1997 1737 2092 1774 ra-

434 1815 594 1871 tione
653 1817 878 1869 naturaa
928 1813 986 1866 in
1037 1811 1412 1882 generatione
1454 1827 1569 1881 qua
1607 1809 1846 1864 sensilia
1895 1811 2091 1864 formae

438 1904 715 1969 evadunt,
749 1901 886 1957 talis
919 1901 1126 1969 forma,
1160 1899 1377 1970 inquit,
1410 1899 1701 1970 praecipua
1737 1915 1863 1954 esse
1898 1898 2087 1953 debet.

439 1991 728 2047 Fortassis
760 1990 940 2062 igitur
970 1989 1175 2044 beatus
1205 1988 1472 2044 Clemens
1514 1987 1622 2042 hoc
1671 1988 1888 2042 dixisse
1933 1987 2091 2041 vide-

437 2087 580 2138 tur:
618 2082 718 2137 sed
771 2080 891 2135 haec
942 2096 1057 2134 non
1107 2084 1390 2133 vocantur
1435 2078 1667 2149 proprie
1715 2077 2090 2148 exemplaria,

446 2188 547 2226 seu
572 2171 710 2225 idea:
738 2168 1054 2242 principes,
1081 2167 1200 2223 sive
1222 2184 1410 2223 causa:
1442 2166 1753 2238 primariae.
1780 2168 1903 2220 ilazc
1933 2165 2028 2220 eni
2062 2191 2089 2218 ;.

445 2277 562 2315 non
594 2277 661 2315 ex
691 2258 859 2330 ipsis,
891 2258 990 2313 sed
1039 2274 1107 2313 ex
1148 2257 1248 2312 Dei
1297 2254 1768 2328 cogitationibus,
1793 2255 1892 2326 qui
1925 2255 2090 2310 solus

444 2349 802 2405 adorandus.

512 2438 961 2492 Promanalionis
1015 2453 1079 2491 ac
1145 2434 1429 2491 bonitatis.
1494 2434 1870 2507 Progressum
1927 2438 2094 2490 vocat

442 2525 1000 2597 contemplationem
1036 2542 1166 2596 quas
1219 2542 1332 2580 non
1385 2528 1613 2580 tantum
1647 2523 1799 2579 circa
1831 2540 1891 2579 se
1922 2540 2089 2578 occu-

439 2619 632 2688 patur,
667 2615 766 2670 sed
800 2614 1152 2670 diffunditur
1202 2619 1258 2670 et
1305 2614 1696 2686 progreditur,
1731 2617 1906 2684 atque
1954 2613 2094 2669 facit

442 2709 506 2761 ut
534 2721 626 2760 res
658 2704 1002 2760 subsistant.

513 2793 711 2849 Omnia
742 2793 969 2864 quidem
1008 2793 1068 2847 in
1113 2792 1310 2863 seipsa.
1347 2796 1527 2847 Deum
1578 2791 1638 2847 in
1687 2791 1965 2846 omnibus
2001 2806 2087 2845 re-

445 2885 553 2937 bus
584 2881 897 2950 exsultare,
930 2881 1257 2936 secundum
1309 2880 1452 2934 illud
1487 2880 1700 2950 psalmi
1734 2896 1748 2935 :
1784 2881 2094 2937 Laetabitur

443 2971 706 3026 Dominus
759 2972 819 3024 in
873 2971 1129 3040 operibus
1185 2969 1301 3024 suis
1341 2970 1433 3040 (1);
1486 2975 1543 3024 et
1593 2970 1649 3024 in
1702 2970 2029 3025 Proverbiis
2076 2987 2088 3025 :

442 3063 559 3132 Ego
623 3075 777 3115 cram
841 3076 947 3130 qua
1012 3059 1410 3114 delectabatur.
1471 3059 1620 3114 Illud
1689 3064 1883 3114 autem
1954 3065 2094 3114 ante

443 3150 605 3204 habet
646 3147 755 3203 hoc
797 3146 923 3204 loco
954 3148 1194 3220 ponitur
1239 3165 1366 3220 pro,
1399 3148 1831 3220 praedestinavit
1860 3154 1916 3203 et
1947 3166 2090 3220 pree-

443 3238 617 3310 cepit.

513 3327 738 3382 Omnem
794 3326 1196 3398 duplicitatem.
1247 3325 1539 3393 Quoniam
1589 3324 1770 3398 aliqui
1825 3327 2094 3382 dixerunt

438 3415 602 3471 ideas
659 3420 718 3471 et
777 3413 1135 3486 exemplaria
1190 3432 1290 3486 per
1346 3431 1406 3470 se
1465 3415 1806 3484 subsistere,
1842 3415 1948 3471 hos
1997 3415 2092 3484 qui

439 3505 620 3563 Graeci
655 3509 823 3560 erant
863 3504 1037 3559 modo
1087 3503 1316 3566 refellit,
1351 3509 1407 3558 et
1437 3504 1546 3572 ait;
1597 3505 1714 3559 nisi
1761 3504 1916 3559 enim
1951 3505 2092 3559 sim-

439 3593 668 3666 pliciter
694 3611 759 3648 ac
791 3593 952 3648 unite
988 3593 1202 3647 fuerint
1234 3593 1398 3662 ideze,
1421 3610 1554 3648 cum
1580 3594 1699 3648 sint
1727 3593 2092 3665 cognitiones

439 3681 894 3754 simplicissima;
965 3681 1386 3752 simplicissimi
1450 3687 1508 3737 et
1575 3682 1897 3738 unitissimi
1965 3683 2089 3751 Dei,

440 3770 803 3842 compositus
849 3787 991 3824 sane
1053 3771 1163 3824 erit
1214 3775 1364 3825 Deus
1413 3787 1478 3825 ex
1527 3770 1842 3843 exemplari
1893 3776 1950 3825 et
1999 3788 2091 3826 se-

441 3860 592 3932 ipso,
644 3861 798 3930 quod
858 3860 1250 3930 duplicitatem
1302 3859 1643 3914 nominavit.
1701 3859 1844 3914 Illud
1895 3864 2090 3914 autem

441 3950 779 4015 delectatur,
841 3951 1126 4004 consonat
1181 3947 1419 4013 Davidi,
1472 3948 1773 4003 Laetabitur
1821 3948 2094 4004 Dominus

447 4043 557 4093 etc.

516 4127 670 4182 180
719 4125 1186 4195 Quemadmodum
1233 4128 1400 4182 etiam
1448 4144 1556 4181 una
1609 4142 1732 4180 vox.
1766 4126 1911 4180 Nota
1960 4142 2090 4196 pro-

445 4215 749 4285 prietatem
780 4215 959 4281 vocis,
995 4216 1149 4286 quod
1184 4231 1313 4270 cum
1368 4215 1445 4270 sit
1492 4215 1833 4284 incorporea
1863 4217 1920 4268 et
1953 4231 2092 4280 una,

444 4321 478 4357 a
537 4301 739 4358 multis
799 4304 1017 4374 pariter
1075 4304 1329 4365 auditur,
1391 4319 1578 4374 neque
1631 4319 1664 4356 a
1714 4301 2094 4356 multitudine

442 4392 815 4447 consumitur
847 4409 859 4447 :
895 4393 974 4445 ita
1023 4391 1198 4445 etiam
1249 4391 1402 4446 Deus
1454 4391 1759 4461 aequaliter
1799 4393 1868 4444 ab
1903 4390 2090 4445 omni-

440 4481 551 4535 bus
582 4479 1070 4536 communicatur.
1107 4479 1254 4534 lllud
1297 4479 1449 4534 enim
1487 4486 1576 4534 est
1605 4495 1713 4535 uno
1746 4479 1903 4535 modo
1936 4498 1951 4534 :
1987 4497 2090 4552 pro

2196 559 2247 616 ἐν
2279 561 2357 634 τῷ
2389 567 2504 635 Θεῷ
2533 567 2640 617 τῶν
2674 557 2842 618 ὄντων
2877 562 3227 626 οὐσιοποιοὺς
3265 564 3352 617 καὶ
3385 561 3600 624 ἒνιαίως
3633 573 3850 638 προυφ-

2195 657 2433 714 εστῶτας
2466 651 2684 726 λόγους,
2716 650 2843 720 ἤτοι
2872 650 3269 728 προορισμοός.

2266 831 2484 906 Ιίρόεισι
2547 832 2665 904 μὶν,
2698 833 2761 886 οὐ
2821 830 2910 886 διὰ
2947 833 3171 908 κυρίων.
3204 830 3436 900 Μᾶλλον
3492 833 3520 887 ὁ
3582 833 3851 908 μακάριος

2195 917 2434 992 Κλήμης
2469 918 2594 996 δόξῃ
2621 921 2728 975 τινὶ
2759 920 3206 990 κατηκολούθησε
3251 919 3510 996 λεγούσῃ,
3542 921 3631 976 καὶ
3666 921 3718 975 ἐν
3778 925 3849 994 τῇ

2195 1010 2395 1084 γενέσει
2443 1014 2549 1064 τῶν
2608 1006 2776 1064 ὄντων
2811 1011 3084 1080 αἰσθητῶν
3117 1013 3248 1066 εἶναι
3287 1009 3520 1084 ἀρχικὰς
3571 1031 3718 1072 τινας
3769 1011 3853 1065 αἶ-

2196 1099 2337 1166 τίας,
2371 1101 2484 1153 οἷον
2514 1099 2609 1161 τὰς
2649 1104 2756 1154 τῶν
2797 1104 3036 1168 νοητῶν,
3068 1097 3194 1168 ἤτοι
3238 1098 3542 1172 ἀσωμάτων
3601 1098 3849 1175 ἀγγέλων

2201 1187 2467 1264 ἐνεργείας
2525 1186 2650 1257 ἤτοι
2711 1188 2788 1252 εἷς
2845 1188 3026 1243 οὐσίαν
3075 1188 3424 1265 παραγωγὰς,
3455 1187 3630 1251 αἰτίας
3694 1191 3853 1264 ἀρχι-

2199 1277 2296 1340 κὰς
2354 1271 2501 1353 ἔχειν
2559 1279 2655 1339 τὰς
2713 1275 2856 1340 ίδὲας
2915 1273 3038 1343 ἦτοι
3092 1279 3306 1348 νοήσεις
3362 1282 3460 1332 τοῦ
3510 1282 3676 1333 Θεοῦ·
3721 1279 3849 1354 περὶ

2201 1367 2264 1428 ’ὰς
2300 1364 2444 1428 ἰδέας
2483 1364 2985 1443 παραδειγματικάς
3020 1363 3204 1438 οὔσας,
3233 1368 3302 1421 τὰ
3357 1367 3528 1437 νοητᾶ
3583 1370 3719 1422 εἶναι
3780 1371 3855 1430 ὡς

2203 1455 2470 1530 ἐνεργείας
2519 1455 2750 1530 ἀρχικὰς
2809 1456 2920 1528 [καὶ
2977 1454 3384 1528 εὐδαιμονικὰς]
3441 1455 3530 1510 καὶ
3591 1458 3856 1532 ἡγεμονι-

2201 1544 2296 1606 κάς
2327 1561 2341 1577 ⁸
2391 1543 2478 1598 ἐπὶ
2525 1541 2581 1598 δὶ
2626 1548 2732 1598 τῶν
2774 1543 3072 1614 αἰσθητῶν,
3105 1541 3281 1599 αἷίτιον
3340 1543 3593 1620 ἀρχικὸν,
3625 1545 3717 1598 καὶ
3762 1544 3854 1600 εὐ-

2204 1629 2542 1705 δαιμονικὸν,
2595 1633 2686 1687 καὶ
2744 1630 3164 1709 δημιουργικὸν,
3221 1633 3284 1688 τὸ
3338 1630 3505 1701 εἶδος,
3539 1634 3599 1688 τὸ
3640 1633 3728 1688 ἰπὶ
3784 1638 3858 1707 τῇ

2204 1720 2307 1795 ὕλῃ
2337 1723 2371 1791 ἡ
2417 1722 2680 1797 εἰρημένη
2731 1721 2863 1800 φησὶ
2915 1719 3040 1792 δόξα
3069 1743 3080 1754 ·
3123 1722 3215 1776 τὸν
3262 1722 3365 1798 γὰρ
3416 1721 3582 1796 λόγον
3641 1726 3742 1788 τῆς
3803 1722 3860 1778 ἰν

2203 1810 2407 1885 γενέσει
2489 1810 2723 1884 φύσεως,
2773 1811 2894 1864 καθ’
2951 1812 3010 1878 ἣν
3073 1808 3396 1881 εἶδοποιήθη
3467 1811 3534 1864 τὰ
3603 1810 3863 1883 αἰσθητὰ,

2200 1903 2445 1954 τοιοῦτον
2478 1896 2622 1963 εἶδός
2650 1921 2809 1977 φησιν
2844 1898 3067 1974 ἀρκτέον
3086 1902 3151 1956 ³⁷.
3173 1900 3382 1955 Ἔοικεν
3409 1898 3500 1954 οὖν
3523 1898 3665 1974 τάχα
3692 1904 3861 1955 τοῦτο

2203 1987 2474 2062 εἶρηκὲναι
2507 1989 2535 2042 ὁ
2589 1989 2855 2064 μακάριος
2914 1985 3150 2060 Κλήμης
3184 2006 3197 2019 ·
3234 1988 3332 2043 οὐκ
3373 1983 3484 2042 ἔστι
3538 1986 3595 2043 δὲ
3653 1988 3861 2065 κυρίως

2199 2080 2367 2131 ταῦτα
2423 2076 2592 2131 εἰπεῖν
2656 2074 3092 2151 παραδείγματα,
3163 2075 3289 2146 ἤτοι
3361 2075 3502 2141 ἷδὲας
3570 2078 3852 2149 ἆρκτικὰς,

2198 2163 2367 2241 ἤγουν
2422 2165 2626 2241 ἀρχικὰ
2673 2163 2863 2220 αἷίτια”
2916 2165 2975 2220 οὐ
3036 2166 3136 2241 γὰρ
3199 2165 3246 2239 ἐξ
3305 2167 3484 2221 αὐτῶν
3545 2168 3591 2202 ³³
3657 2170 3851 2238 ταῦτα,

2201 2253 2324 2310 ἀλλ’
2395 2252 2453 2308 ἐκ
2530 2259 2638 2309 τῶν
2716 2259 2850 2310 Θεοῦ
2922 2256 3185 2326 νοήσεων,
3246 2255 3305 2319 ’ὸς
3373 2253 3539 2328 μόνος
3607 2274 3851 2329 προσκυ-

2200 2342 2389 2413 νητός.

2273 2429 2518 2507 Προόδου
2587 2430 2676 2486 καὶ
2748 2431 3104 2507 ἀγαΘότητος.
3162 2429 3404 2507 Πρόοδόν
3466 2453 3598 2506 φησι
3649 2431 3713 2486 τὸ
3775 2431 3855 2504 μή

2206 2519 2369 2593 μόνον
2428 2520 2595 2588 αὐτὴν
2645 2521 2764 2595 περὶ
2817 2523 2916 2590 τήν
2971 2521 3136 2586 αὐτῆς
3179 2520 3534 2596 ἀσχολεῖσθαι
3596 2521 3856 2594 θεωρίαν,

2199 2608 2348 2664 ἀλλὰ
2403 2613 2664 2684 χυθῆναι,
2695 2609 2783 2664 καὶ
2837 2606 3074 2678 ὁδεῦσαι,
3103 2611 3194 2664 καὶ
3246 2611 3316 2664 τὰ
3363 2605 3492 2664 ὄντα
3542 2609 3857 2679 ὑποστήσα-

2202 2709 2343 2761 σθαι.

2272 2785 2450 2841 Πάντα
2510 2787 2604 2860 μὶν
2665 2784 2714 2840 ἐν
2777 2787 2964 2861 ἑαυτῇ.
3020 2787 3144 2843 ’Ὀτι
3202 2784 3289 2839 ἐπὶ
3347 2789 3478 2839 πᾶσι
3525 2790 3641 2846 τοῖς
3698 2783 3854 2838 οὖσιν

2201 2873 2534 2949 ἀγάλλεσθαί
2592 2896 2723 2952 φησι
2775 2875 2867 2930 τὸν
2925 2876 3072 2945 Θεὸν,
3104 2875 3240 2930 κατὰ
3294 2875 3356 2929 τὸ
3386 2873 3663 2948 ψαλμικόν
3697 2893 3710 2905 ·
3748 2873 3856 2930 Εὐ-

2203 2966 2560 3040 φρανθήσεται
2632 2962 2834 3037 Κύριος
2905 2961 2992 3018 ἐπὶ
3057 2968 3177 3026 τοῖς
3246 2961 3428 3037 ἔργοις
3499 2963 3668 3017 αὐτοῦ
3705 2980 3719 2994 ’
3763 2961 3858 3017 καὶ

2203 3052 2253 3108 ἐν
2323 3053 2697 3130 Παροιμίαιςο
2753 3053 2889 3128 Ἐγὼ
2947 3051 3098 3126 ἤμην
3247 3055 3600 3128 προσέχαιρε.
3655 3055 3736 3110 Τὸ
3796 3051 3860 3108 δὲ

2204 3143 2435 3218 προέχει
2483 3143 2706 3199 ἐνταῦθα
2756 3143 2873 3198 ἀντὶ
2925 3141 3021 3198 τοῦ
3077 3143 3355 3219 προώρισε
3411 3142 3502 3197 καὶ
3546 3141 3861 3221 προειληφε

2205 3252 2265 3286 κε
2276 3252 2398 3289 ιται.

2275 3326 2452 3375 Πᾶσαν
2509 3319 2768 3390 διπλόην.
2830 3317 3052 3391 Ἐπειδή
3134 3341 3277 3383 τινες
3360 3319 3457 3381 τὰς
3544 3317 3687 3382 ἰδέας
3763 3320 3860 3376 καὶ

2203 3409 2269 3463 τὰ
2316 3407 2732 3485 παραδείγματα
2782 3409 3109 3464 ἐνυπόστατα
3153 3406 3383 3484 ἔφησαν,
3412 3407 3640 3471 τούτους
3700 3408 3860 3484 ἐπιρ-

2206 3497 2414 3573 ῥαπίζει
2462 3503 2554 3552 νῦν
2602 3497 2882 3568 Έλληνας
2935 3494 3114 3569 ὄντας,
3149 3497 3238 3552 καί
3289 3518 3471 3577 φησιν’
3507 3498 3576 3555 Εἴ
3622 3499 3726 3574 γὰρ
3777 3501 3857 3570 μή

2205 3588 2398 3649 ἁπλῶς
2445 3587 2533 3642 καὶ
2591 3586 2805 3648 ἒνιαίως
2837 3590 2939 3642 εἷεν
2975 3588 3028 3641 αἱ
3062 3584 3219 3658 ίδέαι,
3250 3589 3466 3657 νοήσεις
3521 3586 3862 3664 ὑπερηπλω-

2207 3676 2359 3750 μέναι
2420 3674 2571 3730 οὖσαι
2627 3679 2725 3730 τοῦ
2782 3673 3253 3749 ὑπερηπλωμένου
3305 3676 3392 3730 καὶ
3429 3677 3858 3751 ὑπερηνωμένου

2203 3770 2361 3837 Θεοῦ,
2394 3764 2643 3827 σύνθετος
2677 3764 2736 3819 ἂν
2769 3764 2852 3834 εἶή
2887 3764 2914 3818 ὁ
2969 3765 3097 3826 Θεὸς
3149 3764 3208 3819 ἐκ
3264 3763 3707 3840 παραδείγματος
3763 3766 3858 3820 καὶ

2204 3855 2417 3926 ἑαυτοῦ,
2450 3854 2581 3930 ὅπερ
2641 3851 2874 3922 διπλόην
2949 3852 3218 3926 ὠνόμασε.
3250 3853 3318 3907 Τὸ
3381 3851 3436 3908 δὲ
3491 3852 3855 3930 ἀγαλλομένη

2204 3949 2485 4019 συμφωνεῖ
2537 3948 2617 4016 τῷ
2671 3937 2836 3997 Δαϐίδ
2863 3960 2874 3971 ·
2910 3941 3353 4020 Εὐφοανθήσεται
3401 3943 3623 4018 Κύριος,
3657 3945 3745 3998 καὶ
3789 3944 3860 3998 τὰ

2203 4033 2343 4103 ἒξῆςο

2275 4120 2519 4194 Καθάπερ
2579 4120 2668 4176 καὶ
2730 4121 2882 4198 φωνή
2947 4119 3062 4192 μία.
3103 4119 3418 4192 Σημείωσαι
3467 4121 3529 4175 τὸ
3577 4127 3678 4190 τῆς
3739 4144 3857 4195 φω-

2201 4215 2324 4280 νῆς,
2354 4210 2437 4265 ὅτι
2468 4209 2758 4280 ἀσώματος
2783 4208 2872 4262 καὶ
2909 4208 3003 4280 μία
3035 4206 3165 4263 οῦσα
3208 4209 3311 4263 ὑπὸ
3355 4208 3582 4264 πολλῶν
3643 4210 3860 4282 ὁμοίως

2204 4298 2474 4370 ἀκούεται,
2505 4299 2592 4353 καὶ
2627 4295 2748 4352 οὔτε
2779 4293 3075 4352 δαπανᾶται
3126 4297 3186 4351 ἐκ
3233 4301 3329 4352 τοῦ
3388 4296 3658 4367 πλήθους.
3695 4299 3860 4355 Οὕτω

2202 4389 2290 4444 καὶ
2351 4390 2377 4442 ὁ
2437 4389 2568 4449 Θεὸς
2629 4387 2730 4441 ὑπὸ
2788 4387 3002 4441 πάντων
3063 4384 3254 4454 ἐπίσης
3316 4384 3596 4460 μετέχειαι
3635 4405 3646 4416 ·
3690 4391 3856 4442 τοῦτο

2199 4477 2297 4552 γάρ
2333 4477 2442 4532 ἐστι
2475 4479 2535 4532 τὸ
2563 4477 2774 4537 ἑνικῶς.
2807 4476 2957 4531 Κατὰ
2997 4474 3284 4550 ἀναλογίαν
3339 4473 3395 4530 δὲ
3442 4482 3540 4544 τῆς
3596 4474 3858 4551 πίστεως³

440 4569 577 4623 fidei
620 4573 816 4623 autem
877 4568 1124 4633 ratione,
1174 4573 1230 4622 et
1277 4583 1470 4639 neque
1519 4569 1743 4624 divisus
1794 4569 2090 4625 consumi-

2212 4567 2290 4621 »ιαὶ
2323 4563 2446 4621 οὔτε
2479 4564 2835 4640 μεριζόμενος
2869 4562 3188 4620 δαπανᾶται.

442 4662 560 4711 tur.

519 4747 582 4801 Ut
611 4745 768 4815 cujus
808 4760 995 4799 causa.
1028 4745 1216 4816 Supra
1247 4745 1306 4798 in
1339 4746 1687 4816 praecedenti
1719 4747 1928 4819 capite,
1959 4765 2089 4819 per-

444 4835 589 4889 fecte
624 4832 859 4888 finalem
904 4849 1139 4887 causam
1190 4833 1558 4903 deﬁnientes,
1591 4835 1932 4892 dicebamus
1963 4853 2092 4894 esse

445 4923 617 4994 cujus
649 4939 831 4977 causa
867 4921 1083 4989 aliquid
1120 4923 1202 4977 ﬁt.

516 5014 591 5067 Iit
617 5011 869 5066 omnium
900 5011 1189 5065 terminus.
1225 5011 1498 5067 Termino
1532 5013 1794 5070 omnium
1831 5015 2091 5071 inﬁnitas

445 5109 636 5155 mente
693 5100 1030 5172 Opponitur.
1082 5100 1236 5155 Deus
1284 5117 1415 5155 vero
1473 5105 1563 5156 est
1610 5103 1784 5158 etiam
1843 5104 2091 5160 omnium

443 5189 749 5256 terminus;
783 5188 929 5242 nihil
963 5188 1118 5243 enim
1155 5187 1282 5259 ejus
1324 5189 1688 5260 providentia
1721 5196 1775 5246 et
1808 5198 2094 5264 potestate

514 5409 571 5478 (ι)
604 5407 755 5464 Psal.
788 5424 911 5481 cm,
947 5408 1036 5464 31.
1073 5483 1085 5489 -

2273 4745 2359 4805 Ὡς
2410 4747 2507 4798 τοῦ
2563 4740 2738 4800 ἕνεκα.
2772 4744 2918 4799 Ἀνω
2946 4740 2997 4795 ἐν
3027 4745 3106 4813 τῷ
3160 4741 3266 4815 πρὸ
3317 4739 3511 4796 τούτου
3569 4740 3858 4819 κεφαλαίῳ

2201 4831 2449 4905 εἴπομεν,
2480 4833 2705 4893 τελείως
2735 4831 3009 4906 ὁρίσαντες
3039 4827 3278 4902 τελικὸν,
3311 4828 3483 4884 αἶ’τιον
3516 4831 3654 4886 εἶναι
3683 4830 3748 4886 τὸ
3793 4833 3857 4886 οὔ

2199 4919 2357 4978 ἕνεκα
2383 4922 2442 4976 τὸ
2472 4918 2778 4998 γινόμενον.

2275 5011 2374 5066 Καὶ
2429 5011 2595 5084 πέρας
2653 5008 2890 5065 πάντων.
2926 5012 3017 5080 Τῷ
3073 5005 3264 5083 πέρατι
3322 5002 3539 5069 πάντως
3596 5010 3630 5076 ἡ
3698 5009 3858 5063 ἀπει-

2203 5100 2292 5177 ρία
2380 5099 2792 5155 ἀντεπινοεῖται.
2863 5098 2923 5154 Ὁ
3006 5095 3063 5150 δὲ
3143 5097 3270 5157 Θεὸς
3379 5095 3546 5170 πᾶρας
3636 5098 3857 5153 πάντων

2203 5189 2358 5246 οὐδὲν
2413 5190 2511 5266 γὰρ
2571 5183 2800 5243 ἐκϐαίνει
2857 5187 2955 5254 τὴν
3018 5187 3186 5240 αὐτοῦ
3241 5187 3501 5260 πρόνοιαν
3555 5187 3646 5239 καὶ
3694 5184 3858 5242 δυνα-

1427 5539 1671 5596 VARLE
1721 5539 2111 5598 LECTIONES
2154 5539 2244 5597 ET
2283 5534 2842 5596 CORRECTIONES.

518 5660 561 5695 ³⁷
594 5658 867 5733 ἆρκτικόν.
946 5662 990 5697 ²⁸
1024 5661 1241 5719 ἑαυτῶν.
