4080 6366
257 373 352 428 333

1007 378 1064 428 S.
1105 377 1373 431 MAXIM!
1410 379 1715 432 SCHOLIA
1754 379 1823 430 IN
1866 379 1998 430 LIB.
2040 380 2136 432 DE
2173 382 2449 435 DIVINIS
2489 383 2904 438 NOMINIBUS.
3557 386 3661 440 3371

259 498 431 552 στείαν
467 515 481 531 ⁸
517 498 609 553 καὶ
666 497 882 573 ἀπειρία
941 495 1020 572 δὲ,
1073 497 1190 553 ἐπεὶ
1234 501 1373 554 κατά
1413 501 1512 568 τὴν
1571 499 1713 554 θείαν
1767 506 1900 572 Γρα-

2023 504 2309 574 egreditur
2343 521 2356 561 :
2399 511 2489 562 est
2518 522 2752 578 quoque
2807 507 3089 576 inﬁnitas,
3126 508 3407 580 quoniam
3454 526 3663 565 secun-

258 589 401 664 φῆν·
459 586 557 641 Καὶ
609 593 706 657 τῆς
759 588 1020 650 συνέσεως
1078 589 1242 643 αὑτοῦ
1288 589 1387 643 οὐκ
1430 583 1570 644 ἔστιν
1624 589 1900 665 ἀριθμόςσ

254 676 337 730 καὶ
391 673 608 730 πάλινο
668 678 769 732 Καὶ
823 684 924 746 τῆς
1006 677 1283 753 βασιλείας
1348 679 1515 733 αὐτοῦ
1593 677 1690 733 οὐκ
1760 677 1906 732 ἔσται

255 767 438 839 πέρας.
502 767 593 830 Ὠς
652 763 743 820 οὗν
814 765 1188 842 ἀπερίληπτος
1257 769 1345 822 καὶ
1413 765 1681 843 ἄπειροςα

255 856 353 930 γὰρ
384 855 738 930 ὑπερεξόχως
796 854 915 931 ἔχει
964 858 992 910 6
1053 858 1183 919 Θεὸς
1243 858 1330 912 καὶ
1392 857 1567 911 πάντα
1607 852 1907 932 ὑπερϐεϐη-

254 947 360 1008 κὼς
384 946 475 999 καὶ
528 945 697 1020 πέρας
754 947 954 1008 παντὸς
1010 946 1243 1020 πέρατος
1301 943 1372 999 ὥν
1410 965 1420 976 ·
1481 945 1556 1008 εἷς
1613 945 1771 1000 αὐτὸν
1803 946 1906 1020 γὰρ

254 1034 315 1089 τὰ
369 1033 549 1088 πάντα
606 1039 986 1110 περατοῦνται,
1066 1035 1155 1090 καὶ
1241 1034 1457 1110 ἀπειρία
1541 1037 1651 1089 ἐστι
1730 1056 1907 1103 πασης

257 1124 526 1200 ἀπειρίας.
566 1121 668 1180 Κᾶν
720 1125 810 1179 οὖν
867 1123 1086 1199 ἀπειρία
1142 1124 1368 1200 λέγηται
1427 1124 1516 1179 καὶ
1573 1127 1607 1194 ἡ
1668 1123 1796 1195 ὕλη,
1831 1124 1906 1186 ὡς

255 1213 330 1269 ἀεὶ
381 1214 1006 1289 μετασχηματιζομένη,
1066 1215 1155 1268 καὶ
1205 1212 1409 1269 ἄλλοτε
1465 1213 1542 1276 εἷς
1592 1212 1735 1269 ἄλλα
1784 1209 1901 1282 εἷ’δη

254 1297 694 1376 μεταϐάλλουσα,
741 1303 866 1358 ἀλλ’
924 1303 1016 1358 οὖν
1072 1305 1404 1380 πεπέρασται
1454 1302 1508 1358 ἐν
1553 1307 1632 1375 τῷ
1673 1307 1806 1374 Θεῷ,
1858 1303 1904 1356 εί

248 1393 331 1446 καὶ
359 1390 592 1454 ἅστατός
625 1393 734 1447 ἐστι
783 1393 870 1447 καὶ
918 1393 1171 1468 ἀόριστος
1221 1393 1324 1447 ὑπὸ
1380 1396 1514 1447 Θεοῦ
1561 1391 1900 1465 μέταγομένη

255 1481 325 1543 εἷς
358 1479 684 1542 εἰδοποιίας.
739 1481 839 1538 Καὶ
891 1481 1115 1544 εἰκότως
1172 1483 1200 1535 6
1251 1482 1379 1542 Θεὸς
1434 1481 1602 1554 πέρας
1661 1479 1772 1534 ἐστὶ
1803 1487 1904 1548 τῆς

253 1570 512 1641 τοιαύτης
568 1571 820 1642 ἀπειρίας
880 1571 970 1624 καὶ
1050 1569 1272 1642 ἄπειρος
1343 1575 1462 1632 τοῖς
1545 1567 1738 1645 πέρασι
1793 1574 1903 1623 τῶν

253 1656 441 1730 ὄντων,
476 1659 553 1723 ὠς
581 1659 669 1714 καὶ
713 1662 811 1728 τήν
861 1657 1000 1729 ὅλην
1059 1658 1110 1730 ἐξ
1153 1659 1256 1714 οὐκ
1304 1660 1470 1714 ὄντων
1518 1658 1852 1733 παραγαγών
1883 1674 1898 1691 ο

255 1748 383 1822 φησί
426 1750 534 1822 γὰρ
580 1751 615 1816 ἡ
656 1750 840 1823 Γραφή
879 1766 892 1778 ·
954 1750 1038 1821 Ἐξ
1096 1749 1264 1803 αὐτοῦ
1317 1747 1410 1802 καί
1463 1745 1534 1801 δι’
1593 1743 1758 1801 αὐτοῦ
1810 1745 1899 1800 καὶ

252 1836 321 1898 εἰς
354 1837 518 1892 αὑτὸν
548 1839 615 1892 τὰ
644 1841 837 1894 πάντα.

315 1927 404 1982 Ἐν
454 1925 534 1980 ἐνὶ
595 1927 720 2002 γὰρ,
773 1927 846 1988 ὡς
895 1924 1193 1988 πολλάκις.
1245 1925 1564 1982 ’Λντίκειται
1619 1925 1682 1980 τὸ
1737 1925 1900 1999 πέρας

250 2020 314 2089 τῇ
363 2014 590 2089 ἀπειρίᾳ
645 2015 782 2070 κατὰ
856 2015 1126 2092 ἀπόφασιν
1181 2015 1272 2070 καὶ
1328 2015 1646 2093 κατάφασιν,
1706 2015 1780 2075 ὡς
1839 2015 1900 2067 τὸ

249 2105 442 2176 θνητὸν
477 2108 568 2159 καὶ
613 2106 676 2160 τὸ
735 2106 1017 2160 ἀθάνατον.
1078 2103 1280 2166 Καλῶς
1325 2102 1382 2159 δὲ
1434 2105 1495 2158 τὸ
1545 2105 1618 2166 ὡς
1675 2103 1902 2158 ἀντικει-

257 2195 428 2267 μένων
467 2213 481 2226 ’
544 2191 607 2248 οὕ
655 2196 758 2270 γάρ
799 2195 998 2270 κυρίως
1044 2199 1211 2249 ταῦτα
1254 2191 1527 2264 ἀλλήλοις
1584 2193 1899 2261 ἀντίκειται,

253 2283 416 2340 οἷονεί
461 2285 599 2338 κατά
656 2284 755 2352 τὴν
815 2281 920 2357 ἕξιν
974 2285 1010 2353 ἢ
1071 2285 1341 2358 στέρησιν,
1388 2282 1516 2338 ἀλλ’
1573 2285 1648 2346 ὼς
1689 2280 1899 2357 εἶ’ρηται

249 2373 382 2428 κατᾶ
409 2372 680 2448 ἀπόφασιν
710 2372 800 2427 καὶ
831 2374 1153 2450 κατάφασιν.

320 2462 516 2536 Παρὼν
574 2466 691 2524 τοῖς
771 2467 924 2516 πᾶσι.
1012 2465 1302 2536 Πανταχοῦ
1382 2461 1485 2535 γὰρ
1542 2461 1752 2535 παρὼν,
1811 2459 1900 2514 καὶ

247 2556 359 2612 τοῖς
418 2553 540 2614 καθ’
589 2546 641 2605 ἕν
701 2547 924 2606 ἕκαστον
957 2553 1003 2588 ²⁰
1059 2551 1148 2605 καὶ
1204 2557 1321 2612 τοῖς
1372 2556 1532 2604 πᾶσιν
1570 2550 1712 2621 ὁμοῦ
1764 2549 1901 2624 πάρ-

247 2660 352 2694 εστι
383 2646 478 2695 καῖ
509 2640 741 2713 ὁμοίως.
789 2641 892 2696 Καὶ
950 2641 1116 2702 ἑστὼς
1175 2637 1232 2694 δὶ
1292 2639 1505 2714 λέγεται
1553 2639 1580 2691 ὁ
1631 2637 1782 2705 Θεὸς,
1821 2642 1900 2710 τῷ

245 2730 376 2784 κατᾶ
439 2726 610 2802 μηδὲν
666 2727 812 2791 ὅλως
875 2728 926 2784 ἰν
974 2729 1120 2801 αὐτῷ
1170 2722 1480 2802 μεταόολήν
1533 2728 1896 2801 θεωρεῖσθαι·

245 2818 566 2891 κινούμενος
601 2815 676 2886 δὲ,
700 2823 780 2890 τῷ
813 2819 1058 2895 συνέχειν
1103 2819 1171 2873 τὰ
1223 2816 1351 2872 ὄντα
1398 2817 1487 2870 καὶ
1521 2820 1801 2889 συντηρεῖν
1835 2817 1899 2872 ⁸ο.

247 2909 332 2964 καὶ
363 2912 535 2963 ταῦτα
567 2905 624 2963 δὲ
674 2907 806 2982 ὑπὲρ
865 2914 1038 2962 πᾶσαν
1091 2905 1325 2962 ἐπίνοιαν
1357 2910 1400 2944 ³1
1448 2927 1460 2939 ·
1515 2903 1599 2960 διὸ
1648 2905 1736 2960 καὶ
1764 2903 1902 2975 ἐπή-

247 3018 377 3073 γαγε
406 2999 470 3052 τὸ
507 2992 630 3052 οὔτε
660 2997 854 3065 ἑστὼς,
887 2995 1012 3051 οὕτε
1041 2995 1386 3069 κινούμενος.

321 3087 420 3143 Καὶ
480 3087 650 3148 ἑστὼς
699 3086 788 3141 καὶ
862 3086 1207 3159 κινούμενος.
1284 3092 1444 3141 Δοκεῖ
1494 3091 1613 3146 πῶς
1671 3081 1904 3138 ἐναντίον

254 3181 389 3234 εἶναι
433 3178 496 3231 τὸ
547 3175 856 3252 εἶρημένον,
906 3177 968 3232 τὸ
1027 3176 1196 3238 ἑστὼς
1253 3177 1341 3229 καὶ
1393 3175 1734 3247 κινούμενος,
1789 3173 1902 3241 καῖ,

1740 771 1907 822 ταῦτα

2017 593 2156 647 dum
2191 594 2448 650 divinam
2503 596 2857 668 Scripturam
2893 614 2905 650 :
2942 601 3006 652 Et
3052 600 3344 669 sapientiae
3392 599 3514 669 ejus
3557 616 3662 655 non

2015 690 2090 736 est
2118 700 2379 739 numerus
2408 685 2526 756 (m).
2582 687 2648 739 Et
2696 686 2907 740 iterum
2945 702 2956 741 :
2990 688 3054 741 Et
3082 689 3241 756 regni
3269 690 3389 757 eius
3418 705 3529 744 non.
3560 689 3666 744 erit

2015 773 2146 842 finis
2176 776 2276 842 (η).
2312 775 2459 845 Ergo
2488 782 2762 845 tanquam
2799 776 3413 846 incomprehensibilis
3445 781 3500 832 et
3526 777 3662 832 inﬁ-

2015 862 2212 928 nitus;
2247 862 2367 917 haec
2399 864 2554 918 enim
2588 864 3075 920 excellentissimo
3097 867 3266 920 modo
3289 866 3463 922 habet
3486 867 3660 935 Deus,

2015 956 2073 1006 et
2128 952 2321 1006 omnia
2380 954 2760 1020 transcendit,
2822 958 2998 1026 atque
3045 955 3236 1009 omnis
3282 957 3514 1010 termini
3574 960 3664 1012 est

2014 1041 2325 1109 terminus,
2359 1041 2417 1097 in
2448 1043 2575 1112 ipso
2608 1042 2758 1098 enim
2793 1043 2989 1098 omnia
3010 1044 3422 1113 terminantur,
3449 1063 3513 1100 ac
3538 1062 3660 1100 om-

2017 1131 2108 1185 nis
2140 1130 2450 1186 inﬁnitatis
2484 1138 2573 1190 est
2603 1132 2884 1186 inﬁnitas.
2909 1133 3026 1188 Etsi
3061 1133 3239 1205 igitur
3262 1134 3503 1189 materia
3524 1151 3666 1205 quo-

2015 1237 2126 1290 que
2160 1221 2387 1275 dicatur
2417 1221 2699 1290 inﬁnitus,
2737 1227 2796 1276 ut
2827 1228 3106 1294 perpetuo
3139 1225 3579 1294 transﬁgurata,
3611 1228 3668 1279 et

2015 1309 2332 1380 aliquando
2367 1311 2422 1364 in
2476 1310 2620 1366 alias
2671 1311 2891 1366 formas
2941 1317 3188 1379 mutata,
3221 1317 3416 1368 tamen
3451 1314 3508 1368 in
3544 1313 3661 1368 Deo

2012 1399 2385 1466 terminatur,
2420 1401 2530 1454 etsi
2581 1400 2878 1455 instabilis
2923 1405 2993 1455 et~
3028 1401 3335 1456 indeﬁnite.
3365 1402 3424 1456 in
3469 1404 3664 1457 formae

2012 1489 2445 1560 susceptionem
2479 1490 2859 1555 traducatur;
2892 1494 2948 1544 et
2979 1491 3185 1544 merito
3218 1491 3372 1546 Deus
3403 1495 3490 1546 cst
3529 1491 3664 1546 talis

2010 1577 2319 1632 inﬁnitatis
2363 1578 2671 1647 terminus,
2705 1582 2878 1650 atque
2925 1579 3195 1634 inﬁnitus
3245 1581 3531 1636 terminus
3577 1596 3665 1634 re-

2011 1682 2163 1734 rum,
2215 1668 2367 1738 quod
2421 1666 2593 1722 etiam
2646 1668 2951 1722 materiam
2998 1684 3062 1722 ex
3097 1668 3282 1723 nihilo
3340 1670 3660 1740 producat;

2010 1754 2152 1810 dixit
2183 1755 2339 1810 enim
2392 1755 2693 1828 Scriptura
2729 1773 2741 1811 :
2775 1758 2857 1812 Ex
2901 1758 3018 1827 ipso
3062 1765 3112 1812 et
3157 1773 3252 1828 per
3299 1757 3482 1828 ipsum
3522 1762 3572 1813 et
3602 1760 3662 1813 in

1932 1874 1979 1940 Β
2011 1846 2126 1940 ipso
2155 1846 2344 1899 omnia
2374 1846 2474 1940 (o).

2083 1934 2142 1987 1η
2172 1949 2280 1988 uno
2311 1936 2479 2000 enim,
2508 1941 2569 1988 ut
2592 1950 2984 2005 saepenumero.
3032 1933 3192 1990 Finis
3223 1935 3540 2006 opponitur
3570 1935 3662 1989 in-

2010 2021 2226 2076 ﬁnitati
2260 2023 2583 2078 secundum
2617 2023 2985 2094 negationem
3018 2026 3074 2077 et
3101 2023 3573 2089 afﬁrmationem,
3597 2029 3664 2078 ut

2009 2109 2250 2164 mortale
2281 2116 2338 2165 et
2367 2111 2717 2166 immortale.
2772 2115 2949 2166 Porro
3001 2111 3243 2182 pulchre
3274 2111 3440 2181 illud,
3473 2120 3532 2167 ut
3562 2127 3664 2182 op-

2005 2202 2187 2271 posita
2217 2200 2341 2254 Non
2376 2201 2533 2255 enim
2580 2201 2812 2272 proprie
2841 2201 2963 2255 haec
3013 2201 3121 2256 sibi
3155 2206 3535 2272 opponuntur
3567 2217 3664 2255 ve-

2013 2288 2119 2343 luti
2154 2289 2392 2343 habitus
2423 2293 2478 2343 et
2510 2290 2794 2360 privatio;
2837 2291 2965 2357 sed,
2999 2289 3153 2346 sicut
3202 2290 3424 2345 dictum
3459 2295 3569 2357 est,
3604 2298 3667 2345 ut

2012 2377 2242 2448 negatio
2274 2383 2331 2434 et
2357 2379 2688 2433 afﬁrmatio.

2081 2467 2338 2522 Prwse-ns
2365 2467 2641 2521 omnibus.
2677 2466 2821 2523 Nam
2852 2467 3092 2539 ubique,
3124 2467 3338 2540 inquit,
3381 2484 3662 2539 prmsens,

2013 2559 2069 2611 et
2100 2555 2349 2626 singulis
2379 2559 2436 2611 et
2482 2555 2756 2610 omnibus
2804 2555 2981 2610 simul
3016 2557 3232 2628 pariter
3281 2557 3466 2611 adest.
3515 2561 3665 2612 Deus

2013 2650 2205 2700 autem
2240 2649 2403 2698 stans
2435 2643 2671 2708 dicitur,
2706 2644 2842 2715 quia
2873 2643 2929 2698 in
2965 2661 3030 2699 eo
3065 2643 3226 2700 nulla
3258 2662 3499 2716 prorsus
3534 2661 3660 2698 mu-

2011 2733 2155 2790 tatio
2184 2733 2478 2801 cernitur;
2529 2734 2740 2788 moveri
2774 2751 2906 2788 vero
2957 2735 3193 2802 dicitur,
3247 2734 3386 2806 quia
3416 2751 3502 2788 res
3534 2750 3668 2788 con-

2013 2823 2160 2878 tinet
2190 2827 2365 2894 atque
2413 2826 2740 2888 conservat,
2785 2828 2842 2877 et
2892 2822 3010 2876 haec
3059 2823 3293 2894 quidem
3336 2839 3516 2893 supra
3549 2840 3667 2878 om-

2014 2927 2147 2966 nem
2209 2911 2654 2983 cogitationem,
2714 2911 2843 2966 ideo
2898 2912 3186 2982 adjunxit,
3238 2928 3337 2966 nec
3384 2915 3519 2978 stat,
3574 2927 3670 2966 nec

2011 3005 2276 3056 movetur.

2086 3092 2160 3144 Et
2205 3097 2357 3143 stans
2416 3093 2466 3143 et
2519 3105 2573 3144 se
2629 3103 2867 3144 movens.
2930 3088 3174 3144 Videtur
3232 3090 3668 3161 quodammodo

2016 3179 2378 3234 contrarium
2440 3177 2574 3244 dici,
2633 3183 2743 3232 stat
2801 3181 2850 3232 et
2901 3182 3147 3233 movetur
3180 3196 3201 3240 ,ο
3257 3197 3361 3235 nec
3415 3183 3520 3234 stat
3576 3195 3675 3234 nec

254 3269 375 3322 οὒτε
430 3266 621 3333 ἑστὼς,
684 3265 807 3320 οὕτε
889 3265 1247 3336 κινούμενος·
1323 3269 1440 3325 πῶς
1501 3263 1604 3337 γὰρ
1657 3262 1719 3315 τὸ
1776 3259 1906 3315 αὐτὸ

2023 3272 2288 3323 movetur.
2322 3267 2621 3330 Quomodo
2653 3266 2807 3320 enim
2843 3269 3042 3321 eadem
3088 3285 3178 3322 res
3228 3272 3284 3323 et
3313 3270 3434 3322 stat
3461 3272 3518 3322 et
3548 3285 3670 3321 nio-

253 3363 477 3431 πρῖιγμα
535 3356 625 3410 καὶ
687 3353 902 3409 ’ίσταται
961 3354 1048 3408 καὶ
1119 3358 1367 3423 κινεῖται,
1426 3352 1461 3420 ἢ
1518 3349 1638 3406 οὔτε
1695 3347 1904 3404 ἵσταται

255 3445 372 3501 οὕτε
405 3451 638 3500 κινεῖται
674 3463 688 3511 ;
721 3448 937 3519 πρῶτον
1006 3444 1097 3515 μὲν
1155 3441 1215 3497 οὐ
1276 3439 1357 3495 δεῖ
1405 3440 1464 3494 ἐκ
1490 3445 1596 3495 τῶν
1633 3439 1902 3508 αἰσθητῶν

250 3538 529 3589 κατανοεῖν
583 3534 649 3587 τὰ
692 3534 830 3602 θεῖα,
890 3534 924 3603 ἢ
981 3533 1078 3594 τὰς
1132 3529 1342 3594 εἷ’κόνας
1389 3529 1628 3593 ἐντεῦθεν
1683 3524 1904 3600 λαμϐά-

249 3644 392 3678 νειν·
446 3622 545 3676 ’ἶνα
597 3619 652 3676 δὲ
713 3624 788 3693 μή
858 3619 1109 3694 δοξαιμεν
1163 3618 1368 3680 λύσεως
1419 3620 1664 3694 ἀπορεῖν,
1724 3639 1904 3670 στασιν

252 3712 477 3784 ε’ἷπομεν
534 3711 588 3766 ἐν
630 3716 751 3773 τοῖς
809 3705 1112 3785 ἔμπροσθεν
1169 3709 1268 3776 τήν
1322 3708 1548 3782 γένεσιν,
1606 3705 1815 3776 κίνησιν
1851 3703 1908 3760 δὲ

254 3804 350 3868 ripa
391 3799 699 3856 ἀλλοίωσιν
750 3801 870 3868 ἦτοι
927 3792 1260 3871 μεταϐολήν.
1320 3799 1501 3850 Ἔστιν
1559 3796 1648 3850 οὗν
1703 3797 1730 3849 6
1779 3795 1906 3857 Θεὸς

256 3893 474 3946 πάντων
527 3889 736 3964 γένεσις
771 3907 783 3920 ·
828 3888 907 3942 ἀεὶ
953 3887 1053 3962 γὰρ
1099 3891 1266 3941 ταῦτα
1314 3885 1390 3947 εἲς
1436 3885 1496 3938 τὸ
1552 3887 1683 3938 εἶναι
1733 3885 1906 3959 παρά-

254 3999 369 4054 γει’
437 3979 580 4033 ὥστε
638 3974 859 4044 ἕστηκεν
945 3978 974 4031 ὁ
1051 3975 1224 4038 Θεός·
1310 3980 1537 4029 κινεῖται
1604 3971 1660 4027 δὲ
1717 3972 1908 4038 πάλιν,

260 4067 397 4123 διότι
454 4069 636 4121 πάντα
696 4065 1165 4140 μετασχηματίζει
1223 4065 1313 4118 καὶ
1372 4061 1596 4118 ἀλλοιοῖ
1653 4063 1790 4137 πρὸς
1846 4063 1910 4118 τὸ

256 4165 502 4232 κρεῖττον
539 4176 552 4188 ·
617 4153 682 4209 δι’
737 4155 901 4209 αὐτοῦ
959 4153 1062 4230 γὰρ
1111 4152 1382 4214 καλλίους
1449 4152 1710 4226 γίγομεθα
1745 4171 1756 4184 ⁸
1793 4151 1908 4204 ὅθεν

257 4249 342 4301 καὶ
404 4245 532 4320 περὶ
594 4243 758 4298 αὐτοῦ
816 4243 921 4318 πρὸ
984 4239 1184 4315 μικροῦ
1239 4262 1402 4319 φησιν
1457 4241 1484 4294 6
1537 4241 1680 4303 θεῖος
1731 4238 1915 4294 Διονύ-

262 4359 393 4408 σιος,
427 4335 652 4390 πάντων
687 4333 834 4409 ἁρχὴ
885 4331 977 4386 καὶ
1032 4329 1258 4399 τελευτὴ
1317 4336 1423 4384 τῶν
1471 4327 1640 4385 ὄντων
1678 4349 1689 4360 ·
1723 4329 1783 4382 τὸ
1812 4328 1910 4402 γὰρ

963 4420 1310 4492 κινούμενος,
1400 4421 1464 4474 τὸ
1533 4420 1670 4494 πρὸς
1751 4417 1914 4472 αὑτοῦ

988 4508 1066 4587 ἐφ’
1152 4508 1364 4566 ἑαυτοῦ.
1441 4509 1527 4562 καὶ
1598 4506 1686 4562 ἐπὶ
1742 4509 1916 4559 πάντα

261 4426 376 4480 οῧτε
455 4421 650 4491 ἑστὼς,
738 4422 860 4476 οὔτε

265 4512 539 4587 ἐξηγεῖται
589 4511 651 4565 τὸ
717 4510 891 4582 μένων

265 4604 475 4672 προϊών
514 4619 526 4632 ⁶

264 4693 408 4754 κείας
464 4689 754 4758 ὁλότητος,
813 4688 902 4743 καὶ
953 4685 1215 4760 ἄτρεπτος
1271 4687 1361 4741 καὶ
1422 4684 1794 4748 ἀναλλοίωτος
1827 4685 1920 4739 αὖ·

268 4781 356 4844 τός
411 4780 525 4835 ἐστι
591 4779 730 4833 κατά
785 4781 847 4833 τὸ
905 4777 1194 4854 εἰρημένον
1236 4796 1247 4809 ·
1311 4778 1386 4830 Σὺ
1443 4774 1499 4831 δὲ
1552 4777 1579 4830 6
1637 4777 1800 4838 αὐτὸς
1857 4776 1921 4832 εἶ.

274 4870 479 4925 Οὐκοῦν
552 4866 641 4920 καὶ
727 4865 940 4942 πρόεισι
1045 4865 1136 4919 καὶ
1244 4864 1323 4941 ἐφ’
1401 4865 1590 4917 ἑαυτοῦ
1676 4865 1818 4936 μένει
1897 4863 1924 4916 6

277 4959 422 5020 Θεός.

345 5047 483 5105 Οῧτε
515 5044 569 5100 ἕν
604 5067 708 5100 τινι
739 5049 846 5100 τῶν
893 5041 1089 5101 ὄντων.
1136 5075 1204 5085 -
1253 5043 1367 5100 Οὐκ
1405 5038 1455 5096 ἕν
1506 5063 1614 5095 τινι
1647 5043 1789 5096 εἶπεν
1812 5062 1842 5082 ι
1875 5042 1925 5096 ἐν

278 5141 399 5190 πᾶσι
427 5137 554 5210 γὰρ,
594 5135 682 5189 καὶ
717 5131 805 5189 διὰ
833 5135 894 5188 τὸ
945 5133 995 5188 ἐν
1042 5138 1199 5186 πᾶσιν
1251 5130 1480 5208 ἄσχετον
1505 5153 1516 5165 ’
1555 5131 1794 5193 αἶ’ωνίως
1825 5132 1927 5206 γὰρ

281 5224 430 5297 ὄντα,
485 5228 582 5288 τὰς
629 5223 1027 5301 ὑπερκοσμίους
1088 5222 1249 5299 φησῖν
1302 5222 1504 5289 οὐσίας,
1568 5219 1656 5276 διά
1703 5223 1764 5276 τὸ
1824 5226 1928 5299 πρὸ

353 5391 448 5463 (m)
475 5390 629 5447 Psal.
662 5406 844 5457 CXLVI,
877 5390 932 5444 5.
1009 5387 1092 5458 (η)
1123 5387 1258 5442 Luc.
1294 5404 1334 5453 ι,
1363 5387 1452 5442 33.

1532 5385 1602 5456 (ο)
1637 5385 1803 5446 Rom.
1834 5403 1912 5458 xx,
1945 5389 2034 5443 36.

2013 3363 2200 3422 vetur,
2261 3361 2362 3410 aut
2411 3373 2523 3410 non
2578 3359 2698 3410 stat
2757 3372 2860 3409 nec
2923 3355 3232 3410 movetur?
3279 3356 3423 3410 181
3481 3355 3670 3427 primo

2017 3446 2250 3516 quidem
2299 3461 2410 3498 non
2463 3448 2690 3516 oportet
2737 3444 2930 3498 divina
2979 3461 3046 3499 ex
3095 3445 3412 3500 sensilibus
3462 3443 3668 3498 intelli-

2017 3551 2170 3607 gere,
2206 3539 2308 3588 aut
2357 3532 2661 3604 imagines,
2694 3547 2794 3586 seu
2848 3533 3070 3603 species
3119 3533 3254 3587 inde
3303 3548 3555 3588 sumere.
3587 3531 3669 3587 No

2017 3629 2210 3677 autem
2243 3622 2550 3676 videamur
2597 3637 2792 3675 carere
2841 3622 3236 3693 responsione,
3273 3621 3531 3676 diximus
3573 3639 3669 3677 su-

2016 3712 2234 3784 perius,
2286 3714 2509 3765 statum
2556 3727 2685 3766 esse
2733 3712 3192 3782 generationem,
3247 3716 3470 3766 motum
3513 3727 3666 3781 vero,

2017 3800 2420 3857 alterationem
2481 3816 2582 3854 seu
2639 3800 3046 3855 mutationem.
3108 3801 3308 3872 Itaque
3369 3801 3523 3856 Deus
3580 3804 3670 3854 est

2017 3889 2280 3945 omnium
2327 3889 2664 3961 generatio;
2717 3889 2837 3943 hare
2886 3889 3041 3944 enim
3094 3905 3325 3961 semper
3375 3889 3670 3961 producit,

2019 3980 2220 4050 sicque
2252 3983 2368 4032 stat
2398 3977 2572 4032 Deus.
2626 3977 2837 4032 Contra
2879 3994 3013 4032 vero
3067 3984 3352 4049 movetur,
3386 3978 3523 4049 quia
3554 3994 3672 4032 om-

2019 4069 2114 4124 nia
2165 4069 2547 4122 transl'ormat
2595 4070 2651 4121 et
2702 4071 2890 4120 mutat
2939 4067 2998 4120 in
3051 4067 3282 4135 melius,
3337 4084 3438 4138 per
3481 4066 3671 4139 ipsum

2020 4157 2174 4212 enim
2212 4155 2572 4225 pulchriores
2619 4155 2830 4221 ﬁmus;
2884 4153 3130 4226 ideoque
3163 4155 3336 4225 paulo
3370 4161 3505 4210 ante
3536 4155 3677 4209 dicit

2023 4246 2092 4300 de
2144 4261 2210 4298 eo
2260 4242 2490 4296 divinus
2541 4241 2875 4312 Dionysius,
2928 4243 3178 4296 omnium
3227 4259 3416 4296 rerum
3464 4243 3674 4312 princi-

2019 4334 2174 4405 pium
2204 4336 2253 4385 et
2295 4332 2442 4400 ﬁnis.
2498 4328 2642 4384 lllud
2677 4330 2852 4396 enim,
2905 4346 3079 4401 neque
3126 4335 3251 4400 stat,
3291 4345 3465 4401 neque
3492 4346 3679 4384 move-

2025 4428 2134 4485 tur,
2184 4421 2239 4474 id
2293 4420 2448 4491 quod
2503 4419 2694 4490 ipsum
2751 4419 3044 4490 praecedit,
3097 4420 3350 4491 exponit,
3394 4421 3452 4473 in
3484 4435 3538 4474 se
3565 4436 3681 4472 ma-

2024 4528 2158 4565 nens
2196 4518 2245 4565 et
2278 4509 2346 4564 ad
2397 4510 2584 4563 omnia
2632 4509 3036 4579 progrediens;
3085 4509 3481 4564 communicat
3525 4507 3677 4562 enim

597 4597 922 4672 μεταδίδωσι
979 4599 1081 4673 γὰρ
1141 4603 1271 4652 πᾶσι
1328 4604 1446 4661 τοῖς
1503 4595 1621 4651 οὖσι
1677 4603 1776 4665 τῆς
1833 4596 1906 4650 οἱ·

2029 4599 2304 4653 omuibus
2336 4598 2511 4650 rebus
2542 4596 2940 4667 integritatem
2977 4598 3292 4666 propriam,
3329 4601 3385 4650 et
3417 4596 3541 4666 ipse
3572 4612 3677 4650 ne-

2034 4705 2147 4760 que
2173 4691 2454 4752 mutatur,
2491 4701 2680 4756 neque
2727 4687 3029 4748 alteratur,
3055 4687 3225 4755 juxta
3268 4686 3630 4757 Scripturam
3668 4700 3680 4738 :

2034 4779 2107 4833 Tu
2134 4783 2313 4831 autem
2346 4774 2490 4828 idem
2525 4774 2635 4845 ipse
2664 4791 2715 4828 es
2748 4775 2844 4846 (ρ).
2880 4775 3028 4845 Ergo
3052 4776 3204 4831 Deus
3231 4779 3286 4830 et
3318 4773 3687 4846 progreditur

2036 4872 2092 4922 et
2123 4867 2180 4920 in
2217 4866 2410 4936 seipse
2442 4867 2656 4920 manet.

2110 5049 2217 5100 Nec
2247 5047 2323 5097 est
2359 5043 2412 5096 in
2447 5042 2634 5112 aliquo
2650 5058 2840 5097 eorum
2859 5058 2983 5114 qua:
3012 5046 3158 5096 sunt.
3187 5072 3255 5080 ——
3279 5041 3391 5095 Non
3415 5048 3491 5094 est
3513 5041 3572 5094 in
3591 5039 3694 5092 ali-

2039 5149 2162 5204 quo,
2200 5131 2383 5201 dixit;
2419 5147 2551 5185 nam
2584 5131 2640 5185 in
2667 5131 2942 5185 omnibus
2975 5136 3081 5199 est,
3105 5134 3159 5185 et
3184 5130 3239 5184 in
3265 5128 3423 5184 nullo
3449 5128 3692 5184 detineri

2043 5227 2269 5294 potest;
2305 5235 2428 5290 quae
2459 5223 2606 5275 enim
2635 5223 2762 5275 sunt
2791 5225 3025 5287 .I'terna,
3061 5220 3577 5291 supermundanas
3608 5217 3695 5272 in-

2112 5386 2187 5458 (p)
2223 5382 2370 5440 Psal.
2399 5399 2473 5452 CI,
2505 5382 2594 5437 28.

1295 5574 1538 5632 VARle
1576 5573 1966 5633 LECTIONES
2007 5577 2097 5632 ET
2139 5570 2696 5632 (SOBRECTIONES.

369 5715 412 5752 ’θ
441 5713 572 5795 φησὶ
603 5713 788 5788 παρὼν
821 5713 938 5779 καθ’
966 5707 1211 5770 ἕκαστον.
1290 5712 1335 5750 ⁸ο
1366 5717 1698 5790 συγκρατεῖν.

1801 5717 1844 5753 ⁸1
1878 5711 2108 5772 ἔννοιαν.
