4080 6366
403 342 508 395 333

1227 335 1593 388 APPENDIX
1630 334 1728 387 AD
1766 330 2008 385 OPERA
2043 329 2103 382 Β.
2143 328 2461 384 DIONYSII
2499 334 2999 389 AREOPAGITJE.

3717 334 3819 388 336

400 472 612 544 telligit
642 469 956 533 essentias,
990 468 1130 540 quia
1161 466 1272 521 illae
1323 466 1561 521 fuerunt
1612 466 1745 519 ante
1777 458 2047 532 temporis

2171 459 2272 521 τῆς
2294 462 2389 513 τοῦ
2422 462 2628 537 χρόνου
2676 464 2885 537 φύσεως
2925 463 3169 537 γενέσθαι
3215 462 3378 527 αὐτάς
3410 482 3422 495 ”
3470 458 3673 539 χρόνος
3714 464 3817 539 γὰρ

400 569 715 627 naturam;
765 576 901 614 nam
933 562 1167 628 tempus
1219 574 1253 611 a
1302 553 1593 610 creatione
1641 551 1767 609 coeli
1810 554 1866 606 et
1895 553 2061 604 terrea

406 653 771 706 numeratur.

473 741 537 793 Et
568 739 637 793 ab
668 739 737 792 iis
770 751 891 809 quae
920 739 1046 791 sunt
1086 736 1147 790 in
1179 743 1436 806 tempore.
1490 732 1721 787 Dictum
1756 728 1931 783 etiam
1968 744 2063 782 su-

402 831 623 901 perius,
660 832 940 882 aeternum
990 824 1217 896 proprie
1266 823 1403 888 dici,
1439 840 1551 877 non
1602 821 1792 892 ipsam
1828 815 2060 872 aeterni-

399 916 711 982 tatem,sed
739 914 892 986 quod
918 912 1303 967 aeternitatem
1330 910 1654 981 participat.
1675 907 1819 962 Illud
1842 909 2058 974 autem,

403 1004 625 1077 aliquid
682 1004 952 1070 convenit,
1016 1001 1277 1071 intellige
1341 999 1660 1054 secundum
1719 994 2057 1051 essentiam.

405 1098 553 1149 Nota
586 1109 741 1158 vero,
774 1092 1059 1164 quasdam
1095 1106 1187 1144 res
1216 1105 1345 1143 esse
1376 1093 1647 1151 aeternas,
1701 1089 1767 1139 ut
1799 1083 2059 1155 angelos,

400 1188 457 1239 et
490 1199 605 1237 non
638 1181 907 1253 protinus
964 1195 1093 1234 esse
1144 1177 1415 1249 principii
1466 1192 1669 1247 expers
1703 1174 1857 1245 quod
1892 1178 2059 1227 teter-

398 1289 540 1328 num
576 1275 701 1337 est;
734 1270 795 1324 in
829 1266 1100 1340 sequenti
1130 1272 1325 1321 autem
1358 1265 1548 1337 capite
1580 1264 1779 1319 statim
1813 1262 1870 1316 in
1908 1260 2059 1333 prin-

402 1360 553 1433 cipio
585 1359 761 1416 etiam
790 1360 847 1412 in
881 1358 996 1412 Deo
1030 1356 1215 1422 utitur
1245 1355 1501 1410 dictione
1532 1354 1751 1410 aeterni.

472 1452 535 1503 Et
568 1464 835 1504 mensurae
865 1462 1073 1501 rerum.
1108 1445 1394 1500 Mensura:
1440 1458 1636 1498 rerum
1669 1445 1805 1496 sunt
1837 1438 2063 1494 aeterni-

397 1542 547 1594 tates
578 1535 1065 1607 intelligibilium,
1098 1540 1155 1590 et
1185 1538 1421 1605 tempus
1453 1531 1762 1588 sensilium
1797 1528 2059 1597 ;'intelli-

398 1627 598 1697 gibilia
619 1626 774 1681 enim
796 1624 950 1679 velut
968 1640 1245 1679 mensura
1266 1623 1587 1678 aeternitate
1616 1623 2053 1686 mensurantur,

399 1715 507 1771 etsi
569 1715 773 1769 eodem
833 1713 1069 1768 nomine
1127 1729 1253 1783 quae
1314 1715 1739 1765 mensurantur
1794 1713 1850 1763 et
1899 1707 2056 1777 quod

2172 545 2277 600 ἀπὸ
2308 555 2407 617 τῆς
2435 554 2531 604 τοῦ
2555 550 2784 627 ούρανοῦ
2810 551 2901 606 καὶ
2932 558 3037 628 γῆς
3069 553 3345 621 ποιήσεως
3381 550 3714 626 ἀριθμεῖται.

2239 727 2310 782 "H
2337 732 2445 781 τῶν
2498 734 2792 804 χρονικῶς.
2836 725 3062 803 Εἴρηται
3121 729 3207 783 καὶ
3241 732 3285 766 ³⁸
3342 728 3619 803 ἀνωτέρω,
3682 728 3820 783 αἰώ-

2168 834 2281 868 νιον
2316 815 2565 891 λέγεσθαι
2610 817 2809 892 κυρίως
2862 816 2965 871 οὐκ
3014 818 3175 872 αὐτὸν
3217 818 3309 872 τὸν
3360 818 3553 884 αἰῶνα,
3588 815 3737 873 ἀλλὰ
3763 818 3825 872 τὸ

2168 904 2369 967 αἰῶνος
2400 908 2652 981 μετέχον.
2694 908 2771 963 Τὸ
2818 905 2874 961 δὲ
2921 909 3185 980 προσήκει
3235 929 3287 962 τι
3338 906 3533 976 νόησον
3574 908 3692 961 κατ’
3724 907 3820 961 ού-

2168 1016 2307 1050 σιαν.
2344 997 2660 1069 Σημείωσαι
2691 995 2768 1067 δὲ,
2801 999 2883 1052 δτι
2934 997 3037 1052 εἶσί
3076 1019 3197 1053 τινα
3251 1003 3359 1053 τῶν
3401 993 3571 1051 ὄντων
3606 996 3819 1069 αἷώνια,

2168 1086 2281 1140 οἷον
2316 1084 2538 1162 ἄγγελοι
2574 1109 2585 1122 ·
2620 1090 2709 1144 καὶ
2741 1089 2824 1143 ὅτι
2876 1089 2938 1143 οὐ
2984 1089 3045 1144 τὸ
3094 1088 3337 1157 αἶ’ώνιον,
3390 1086 3500 1159 ἤδη
3529 1086 3619 1143 καί
3652 1089 3821 1163 ἄναρ-

2167 1195 2292 1249 χον.
2328 1177 2412 1232 Ἐν
2448 1174 2504 1231 δὲ
2532 1182 2610 1249 τῷ
2664 1177 2852 1254 ἐφεξῆς
2898 1176 3177 1255 κεφαλαίῳ
3236 1177 3394 1241 εὐθὺς
3440 1176 3491 1232 ἒν
3548 1177 3723 1252 ἀρχῇ,
3751 1182 3820 1250 τῇ

2166 1268 2260 1318 τοῦ
2286 1263 2509 1320 αἶ’ωνίου
2541 1270 2694 1344 φωνῇ
2724 1265 2813 1320 καὶ
2848 1265 2936 1320 ἐπὶ
2965 1270 3062 1320 τοῦ
3094 1270 3227 1321 Θεοῦ
3257 1266 3545 1342 κέχρηται.

2239 1443 2335 1497 Καὶ
2363 1445 2429 1497 τὰ
2496 1449 2521 1459 ”
2614 1442 2643 1498 ὅ
2879 1445 2902 1500 ἑ
3353 1448 3380 1460 ”’
3471 1440 3495 1463 ”
3712 1444 3730 1465 ’⁷
3769 1445 3783 1464 “

2284 1484 2287 1485 ν
2375 1477 2390 1497 ι.
2455 1466 2563 1498 των
2646 1466 2781 1499 ντων
2838 1464 3024 1518 μτρα.
3079 1445 3259 1520 Μὲτρα
3313 1466 3421 1499 των
3468 1466 3640 1499 οντων
3681 1466 3816 1499 εισιν

2168 1532 2218 1584 οἱ
2251 1531 2443 1593 αἰῶνες
2473 1536 2579 1586 τῶν
2612 1537 2848 1604 νοητῶν,
2897 1533 2987 1587 καὶ
3039 1534 3067 1587 6
3111 1531 3313 1608 χρόνος
3356 1536 3461 1587 τῶν
3496 1532 3768 1603 αἶ’σθητῶν
3806 1552 3818 1565 ·

2163 1622 2229 1675 τά
2257 1623 2355 1695 γὰρ
2390 1624 2579 1692 νοητὰ,
2614 1624 2687 1685 ὡς
2745 1624 2845 1677 ὑπὸ
2902 1624 3100 1698 μέτρου
3162 1628 3437 1696 μετρεῖται
3467 1627 3564 1677 τοῦ
3594 1622 3818 1690 αἰῶνος,

2165 1709 2326 1764 εἶκαὶ
2363 1710 2672 1783 ὁτίωνύμως
2698 1716 2775 1783 τῷ
2818 1716 3104 1786 μετροῦντι
3153 1710 3309 1765 αἶ’ῶνι
3357 1710 3447 1765 καὶ
3490 1712 3560 1765 τὰ
3587 1712 3819 1786 μετρού-

401 1807 706 1858 mensurat
756 1802 1084 1870 afﬁciatur;
1138 1799 1328 1871 angeli
1360 1798 1516 1854 enim
1564 1802 1846 1852 vocantur
1875 1797 2047 1850 etiam

2169 1820 2302 1871 μενα
2335 1799 2581 1875 λέγονται
2616 1821 2628 1834 ·
2665 1800 2858 1862 αἰῶνες
2905 1801 3005 1875 γὰρ
3062 1799 3317 1874 λέγονται
3346 1798 3437 1855 καὶ
3460 1801 3511 1854 οἱ
3544 1798 3767 1877 ἄγγελοι
3805 1842 3819 1855 .

401 1894 759 1949 aeternitates
792 1910 804 1947 :
840 1893 920 1945 ita
951 1896 1007 1945 et
1037 1906 1170 1944 cum
1205 1888 1546 1957 sensilibus,
1572 1904 1698 1959 quae
1723 1886 1880 1940 enim
1913 1889 2053 1939 tem-

404 1999 544 2053 pore
603 1984 1023 2037 mensurantur
1070 1980 1274 2033 eodem
1325 1993 1457 2031 cum
1509 1981 1772 2046 tempore
1818 1974 2054 2029 nomine

404 2070 817 2141 appellantur;
852 2074 917 2124 ut
950 2072 1141 2123 motus
1173 2071 1464 2122 astrorum
1498 2070 1554 2120 et
1586 2064 1746 2134 solis,
1771 2070 1825 2119 et
1854 2068 2055 2118 aetates

404 2160 565 2228 vitae;
589 2163 849 2231 tempore
875 2158 1029 2213 enim
1065 2160 1437 2221 mensurates,
1472 2158 1733 2225 tempore
1756 2153 2052 2207 dicuntur.

1030 2292 1102 2347 IN
1144 2291 1292 2347 CAP.
1334 2291 1428 2346 VI.

473 2413 571 2479 §I.
625 2411 707 2464 Ex
751 2409 1150 2464 conservatrice
1196 2424 1384 2464 causa.
1445 2404 1678 2463 Vocavi-t
1725 2403 2051 2477 συνοχικήν,

402 2499 543 2571 quia
574 2516 690 2554 non
721 2503 955 2553 tantum
989 2514 1193 2552 eorum
1245 2512 1376 2567 qua:
1424 2501 1584 2564 sunt,
1617 2495 1799 2549 vitam
1835 2493 2053 2565 produ-

398 2590 507 2653 xit,
542 2588 641 2644 sed
675 2588 848 2642 etiam
883 2592 948 2641 ut
977 2590 1342 2657 perseverent
1372 2588 1697 2641 conservat.

466 2679 551 2731 Ex
583 2679 704 2747 ipsa
734 2675 903 2730 etiam
932 2674 1155 2730 animae.
1210 2674 1344 2727 Post
1376 2671 1716 2743 angelorum
1748 2670 1925 2725 vitam
1959 2685 2052 2723 or-

394 2767 532 2819 dine
566 2766 725 2836 ponit
758 2764 1089 2819 animarum
1139 2762 1292 2817 “[82
1346 2765 1702 2827 nostrarum,
1735 2764 1938 2829 utpote
1966 2776 2051 2812 ra-

392 2854 551 2910 tione
582 2850 1477 2925 przeditarumimmortalitatem
1507 2867 1519 2906 :
1556 2854 1616 2904 at
1644 2854 1779 2919 post
1802 2848 2049 2902 rationa-

392 2942 478 2998 les
524 2943 773 3010 animas,
824 2940 1065 2995 adducit
1115 2939 1391 3009 deinceps
1441 2938 1617 2991 vitam
1670 2953 1872 2991 eorum
1920 2954 2048 3006 quae

396 3032 682 3085 sensitive.
727 3029 925 3083 anima
975 3033 1031 3082 et
1077 3027 1379 3093 nutritiva,
1434 3042 1532 3080 seu
1585 3025 1905 3096 vegetativa
1944 3043 2046 3080 seu

394 3121 702 3174 brutorum
734 3121 790 3174 et
820 3118 1153 3189 plantarum
1176 3118 1468 3180 constant,
1503 3131 1648 3185 quas
1680 3114 1759 3168 ait
1788 3118 2045 3170 extremo

2166 1886 2307 1941 οὕτω
2338 1888 2427 1942 καὶ
2456 1888 2544 1942 ἐπὶ
2574 1893 2681 1943 τῶν
2733 1889 3005 1958 αἲσθητῶν
3042 1907 3054 1920 ⁸
3104 1890 3168 1944 τὰ
3209 1890 3310 1965 γὰρ
3369 1890 3711 1965 μετρούμενοι
3741 1895 3822 1961 τῷ

2164 1977 2351 2050 χρόνῳ
2384 1977 2699 2051 ὁμωνύμως
2750 1979 2945 2052 χρόνοι
2994 1975 3270 2052 λέγονται,
3304 1978 3378 2039 ὥς
3412 1979 3500 2033 καὶ
3535 1980 3569 2048 ἠ
3605 1979 3821 2048 κίνησις

2161 2070 2269 2120 τῶν
2290 2064 2523 2143 ἄστρων,
2562 2066 2652 2121 καὶ
2691 2071 2788 2121 τοῦ
2819 2064 3009 2137 ἡλίου,
3039 2067 3127 2121 καὶ
3162 2068 3213 2121 οἱ
3250 2066 3360 2141 βίοι
3395 2087 3407 2099 ·
3449 2066 3819 2143 μετρούμενοι

2164 2155 2266 2230 γὰρ
2300 2155 2403 2210 ὑπὸ
2434 2156 2660 2231 χρόνου,
2695 2155 2889 2231 χρόνοι
2924 2153 3202 2231 λέγονται.

2668 2291 2784 2346 ΕΙΣ
2827 2293 2919 2347 ΤΟ
2952 2292 3214 2346 ΚΕΦΑΛ.
3248 2291 3313 2353 ς’.

2233 2410 2342 2474 ξι.
2405 2406 2498 2462 Καὶ
2553 2412 2853 2480 συνοχικῆς
2911 2403 3109 2468 αἶ’τίας.
3144 2407 3452 2481 Συνοχικὴν
3510 2405 3817 2478 ὠνόμασεν,

2162 2493 2237 2555 ὡς
2264 2494 2361 2562 τὴν
2389 2495 2531 2562 ζωὴν
2564 2498 2670 2548 τῶν
2702 2493 2756 2548 ἐν
2791 2499 2907 2557 τοῖς
2961 2494 3111 2549 οὖσιν
3158 2494 3219 2549 οὗ
3256 2495 3422 2567 μόνον
3455 2492 3520 2566 δη
3534 2498 3810 2571 μιουργῆ-

2162 2602 2348 2650 σασαν,
2384 2581 2529 2637 ἀλλὰ
2561 2583 2651 2636 καὶ
2684 2583 2759 2644 εἷς
2787 2583 2850 2637 τὸ
2882 2579 3155 2655 διαμένειν
3190 2582 3549 2659 συνέχουσαν.

2232 2672 2316 2743 Ἐξ
2349 2671 2515 2740 αὐτῆς
2556 2671 2644 2725 καὶ
2698 2672 2753 2725 αἳ
2812 2670 3004 2745 ψυχαί.
3066 2671 3217 2727 Μετᾶ
3265 2674 3367 2741 τήν
3424 2676 3531 2726 τῶν
3565 2671 3814 2749 ἀγγέλων

2163 2761 2328 2828 ζωὴν.
2382 2759 2697 2821 ἀκολούθως
2741 2762 2921 2813 τάττει
2966 2760 3067 2828 τήν
3116 2757 3224 2813 τῶν
3270 2761 3552 2832 ἡμετέρων
3587 2764 3811 2835 ψυχῶν,

2160 2850 2249 2902 ἅτε
2278 2848 2367 2902 καὶ
2400 2847 2639 2922 λογικῶν
2691 2849 2868 2903 οὐσῶν
2914 2848 3203 2911 ἀθανασίαν
3241 2867 3251 2879 ·
3296 2850 3431 2920 μετά
3480 2847 3536 2903 δὲ
3584 2850 3678 2912 τὰς
3712 2849 3810 2904 λο-

2154 2939 2308 3012 γικὰς
2353 2938 2554 3012 ψυχὰς,
2608 2936 2792 3013 ἐπάγει
2838 2937 3032 2992 λοιπὸν
3072 2939 3171 3006 τήν
3221 2940 3365 3007 ζωήν
3413 2946 3512 3008 τῆς
3560 2940 3808 3010 αἰσθητιο

2154 3030 2257 3091 κῆς
2287 3030 2496 3101 ψυχῆς,
2544 3027 2633 3081 καὶ
2691 3034 2790 3095 τῆς
2840 3030 3162 3101 θρεπτικῆς,
3220 3024 3346 3095 ἤτοι
3398 3035 3652 3104 φυτικῆς,
3684 3028 3814 3096 ἤτοι

2152 3120 2259 3170 τῶν
2289 3115 2534 3190 ἀλόγων,
2581 3115 2671 3169 καὶ
2721 3118 2827 3169 τῶν
2871 3120 3082 3192 φυτῶν,
3140 3115 3201 3177 ἃς
3259 3115 3347 3170 καὶ
3404 3117 3523 3170 κατ’
3576 3114 3811 3193 ἔσχατον

392 3207 639 3279 vestigio
672 3208 843 3278 (quod
896 3221 1047 3277 saepe
1097 3209 1268 3259 antea
1312 3204 1714 3276 exposuimus)
1761 3203 1881 3257 vita
1915 3202 2045 3258 frui.

2164 3204 2438 3279 ἀπήχημά
2486 3224 2671 3281 φησιν,
2723 3202 2854 3278 ὅπερ
2905 3202 3013 3259 ἅνω
3062 3202 3333 3267 πολλάκις
3359 3205 3810 3281 ἠρμηνεύσαμεν.

394 3298 568 3352 Porro
599 3297 725 3351 vitae
749 3296 1056 3350 brutorum
1081 3299 1136 3349 et
1158 3293 1488 3365 plantarum
1520 3310 1631 3347 non
1656 3296 1794 3346 sunt
1815 3291 2043 3359 divina),

392 3386 491 3440 sed
524 3385 679 3457 ignis
712 3383 1032 3439 materialis
1064 3398 1127 3437 ac
1160 3382 1435 3453 spiritus;
1468 3381 1538 3436 de
1571 3380 1662 3435 his
1692 3380 1874 3451 igitur
1905 3380 2044 3435 solis

388 3475 691 3539 extremis,
724 3474 877 3530 sicut
909 3472 1135 3527 dictum
1166 3475 1278 3539 est,
1321 3470 1481 3536 vitis,
1515 3470 1729 3541 inquit,
1763 3468 1906 3523 illud
1945 3472 2044 3523 Da-

387 3564 538 3619 vidis
586 3563 1039 3634 intelligendum
1074 3564 1163 3616 est
1194 3576 1207 3614 :
1241 3559 1472 3630 Auferes
1516 3560 1778 3629 spiritum
1808 3563 1965 3613 tuum
1994 3567 2045 3613 et

389 3653 659 3720 deﬁcient,
691 3661 746 3707 et
776 3652 836 3705 in
878 3651 1159 3721 pulverem
1210 3664 1373 3701 suum
1422 3650 1779 3702 revertentur.
1816 3647 2044 3703 Emittes

386 3740 647 3811 spiritum
692 3744 850 3794 tuum
897 3747 948 3792 et
1000 3737 1350 3806 creabantur,
1406 3744 1455 3790 et
1504 3737 1794 3790 renovabz‘s
1840 3735 2044 3805 faciem

389 3837 552 3885 terra?
585 3829 680 3899 (q).
714 3829 794 3883 De
824 3825 948 3882 sola
986 3826 1142 3880 enim
1175 3824 1375 3878 anima
1420 3824 1699 3878 sensitive
1728 3829 1785 3877 et
1815 3825 1929 3877 vita
1956 3841 2041 3878 ve-

389 3918 643 3989 getativa
672 3916 905 3970 divinus
940 3913 1251 3984 Dionysius
1284 3912 1407 3967 haec
1459 3906 1653 3966 divina
1686 3914 1856 3967 effata
1887 3928 2043 3966 acce-

390 4006 493 4077 pit.
526 4005 672 4060 Nam
705 4005 775 4058 de
804 4000 1400 4073 vitaintelligibilium
1427 4005 1527 4055 aut
1557 4005 1779 4066 nostra,
1805 4000 2041 4055 minime

386 4094 510 4148 haec
562 4092 881 4163 intelligit;
933 4092 1227 4161 siquidem
1278 4106 1413 4144 cum
1459 4090 1611 4144 Deus
1664 4090 1839 4145 vitam
1890 4089 2041 4144 hanc

384 4182 777 4238 essentialiter
816 4179 1209 4235 immortalem
1263 4178 1489 4245 crearit,
1525 4195 1713 4249 neque
1762 4178 2038 4251 intelligi-

383 4272 622 4340 bilibus,
660 4287 847 4341 neque
896 4270 1113 4324 animis
1162 4268 1380 4322 nostris
1421 4284 1622 4321 eorum
1679 4268 1903 4323 auferet
1932 4268 2038 4322 ali-

383 4362 619 4431 quando
653 4360 855 4423 vitam,
876 4358 1158 4429 quoniam
1190 4372 1379 4427 neque
1410 4356 1677 4411 essentia:
1702 4363 1901 4422 erunt;
1936 4361 2035 4413 sed

384 4450 455 4503 de
488 4448 886 4502 animantibus
920 4445 1295 4501 terrestribus
1330 4445 1616 4499 renovatis
1639 4445 1901 4515 loquitur
1932 4447 2037 4503 Da-

2157 3294 2223 3347 Δὶ
2255 3291 2311 3347 δὲ
2345 3293 2476 3361 ζωαὶ
2506 3297 2614 3346 τῶν
2650 3292 2862 3368 ἀλόγων
2896 3294 2985 3347 καὶ
3036 3297 3141 3347 τῶν
3176 3298 3356 3367 φυτῶν
3389 3293 3487 3347 οὐκ
3518 3293 3617 3348 εἶσὶ
3650 3300 3814 3363 θεῖαι,

2155 3379 2300 3436 ἀλλά
2328 3385 2423 3434 τοῦ
2456 3380 2648 3435 ἐνύλου
2698 3382 2868 3452 πυρός
2914 3402 2972 3435 τε
3018 3381 3107 3435 καὶ
3162 3381 3487 3454 πνεύματος.
3523 3383 3653 3458 Περὶ
3682 3384 3809 3438 τού-

2151 3490 2259 3535 των
2290 3466 2379 3522 οὗν
2417 3470 2595 3541 μόνων
2631 3473 2738 3523 τῶν
2782 3467 3050 3544 ἐσχάτων,
3098 3471 3173 3531 ὡς
3213 3466 3449 3545 εἴρηται,
3488 3476 3643 3539 ζωῶν
3676 3494 3811 3549 φησι

2152 3558 2212 3611 τό
2270 3562 2366 3611 τοῦ
2426 3555 2589 3611 Δαδῖδ
2672 3555 2959 3632 ε’ίρῆσθαι⁸
3043 3558 3377 3620 ’Λντανελεῖς
3463 3560 3524 3613 τὸ
3593 3549 3809 3632 πνεῦμά

2154 3669 2251 3701 σου
2284 3650 2351 3715 ³³,
2412 3648 2501 3701 καὶ
2551 3644 2890 3720 ἐκλείψουσι,
2971 3647 3061 3700 καὶ
3142 3646 3219 3710 εἷς
3274 3649 3365 3702 τὸν
3433 3652 3567 3722 χοῦν
3624 3648 3803 3704 αὐτῶν

2675 3736 3089 3807 Ἐξαποστελεῖς
3197 3739 3259 3792 τὸ
3370 3740 3585 3811 πνεῦμά

2787 3825 2875 3880 καὶ
2957 3827 3283 3889 ἀνακαινιεῖς
3341 3828 3424 3881 ’τὸ
3506 3828 3803 3902 πρόσωπον

2154 3737 2593 3811 ἐπιστρέφουσιν.

2151 3828 2242 3881 καὶ
2300 3830 2702 3896 κτισΟήσονται,

2149 3923 2251 3986 τῆς
2283 3923 2385 3990 γῆς
2421 3915 2551 3969 ’ἐπὶ
2596 3916 2698 3990 γὰρ
2749 3914 3071 3984 αἷσθητικῆς
3119 3917 3291 3987 μόνης
3339 3918 3523 3990 ψυχῆς
3572 3916 3661 3971 καὶ
3701 3925 3804 3986 τῆς

2152 4012 2378 4083 φυτικῆς
2418 4010 2562 4074 ζωῆς
2607 4008 2770 4059 ταῦτα
2816 4000 3032 4078 δέχεται
3086 4005 3154 4058 τα
3213 4006 3328 4058 θεῖα
3378 4004 3541 4079 λόγια
3574 4007 3601 4060 6
3638 4007 3803 4082 μέγας

2151 4094 2429 4155 Διονύσιος
2463 4112 2475 4124 ·
2516 4092 2640 4169 περὶ
2691 4095 2793 4167 γάρ
2840 4099 2939 4161 τῆς
2982 4098 3090 4147 τῶν
3152 4099 3362 4163 νοητῶν
3413 4098 3558 4162 ζωῆς
3704 4104 3806 4164 τῆς

2149 4184 2265 4236 καθ’
2291 4182 2439 4254 ἡμᾶς
2470 4180 2529 4235 ού
2580 4185 2694 4234 νοεῖ
2736 4184 2902 4233 ταῦτα
2936 4200 2947 4213 ’
2991 4180 3090 4246 τὴν
3140 4180 3242 4254 γὰρ
3298 4183 3439 4248 ζωὴν
3472 4179 3674 4250 ταύτην
3710 4182 3806 4236 οὐ-

2151 4270 2362 4332 σιωδῶς
2422 4268 2841 4344 δημιουργήσας
2909 4268 2986 4329 εἷς
3047 4269 3329 4323 ἀθανασίαν
3393 4270 3420 4323 ὁ
3480 4267 3631 4341 Θεὸς,
3689 4276 3805 4333 τοῖς

2147 4364 2370 4429 νοητοῖς
2401 4358 2490 4413 καὶ
2519 4363 2636 4418 ταῖς
2680 4360 2885 4431 ψυχαῖς
2929 4359 3091 4429 ἡμῶν
3144 4356 3241 4410 ούκ
3289 4354 3347 4411 ἂν
3390 4356 3585 4434 ἀφέλοι
3624 4358 3803 4414 αὐτῶν

2146 4449 2207 4502 τὸ
2252 4453 2344 4521 ζῇν
2382 4466 2394 4477 ⁸
2458 4445 2573 4501 ἐπεὶ
2623 4443 2748 4499 οὐδὲ
2798 4446 2980 4500 οὐσίαι
3035 4441 3271 4513 ἔσονται,
3326 4443 3472 4499 ἀλλὰ
3528 4447 3619 4501 καὶ
3680 4448 3803 4515 περί

3686 3760 3806 3809 σου,

382 4537 499 4601 vid,
536 4554 649 4591 non
683 4551 816 4590 vero
849 4536 919 4589 de
952 4536 1043 4588 his
1076 4550 1088 4587 :
1128 4539 1306 4604 atque
1338 4534 1409 4587 de
1441 4533 1556 4588 vita
1578 4535 1909 4590 daemonum
1935 4538 2034 4607 qui

2164 4537 2301 4605 ζώων
2335 4536 2441 4590 ἀπὸ
2473 4541 2577 4609 γῆς
2616 4533 3025 4605 ἀνανεουμένων
3077 4534 3238 4610 φησὶν
3291 4534 3319 4587 6
3369 4529 3559 4605 Δαϐὶδ,
3594 4536 3657 4590 οὐ
3694 4539 3801 4608 μὴν

386 4624 543 4681 ultro
577 4624 937 4689 defecerunt,
990 4621 1171 4687 addit,
1214 4638 1336 4676 eam
1369 4638 1601 4693 quoque
1643 4625 1768 4678 sine
1797 4623 2035 4680 interitu

387 4727 857 4783 permansuram,
910 4711 1027 4765 Deo
1081 4725 1280 4763 eorum
1330 4710 1627 4765 conditore
1678 4712 1760 4767 ita
1788 4714 2035 4783 volente,

386 4802 657 4873 quamvis
682 4800 793 4872 ipsi
818 4818 850 4854 a
872 4800 988 4854 Deo
1010 4800 1327 4853 defecerint
1350 4816 1362 4852 :
1388 4798 1519 4854 Sine
1542 4803 1863 4870 pwnz‘tentia
1886 4807 2037 4859 enim

385 4901 515 4946 sunt
539 4891 690 4945 dona
722 4889 843 4958 Dei,
879 4887 978 4960 qui
1012 4889 1170 4958 ipsos
1220 4904 1252 4941 a
1297 4887 1582 4960 principio
1633 4892 1765 4944 fecit
1796 4892 2035 4948 immor-

385 4980 530 5035 tales
560 4997 572 5035 :
599 4990 916 5034 extremam
939 4982 1131 5031 autem
1152 4976 1549 5031 resonantiam
1573 4994 1675 5032 seu
1700 4980 2032 5051 vestigium,

384 5068 547 5137 dicit,
579 5068 980 5122 obscuriorern
1031 5065 1159 5118 vitae
1209 5064 1744 5135 participationem,
1775 5076 1831 5124 et
1865 5076 1928 5125 ut
1956 5072 2037 5126 ita

381 5156 595 5223 dicam,
627 5173 830 5227 parum
863 5152 1056 5210 vitalis
1090 5151 1382 5207 facultatis
1415 5154 1783 5226 participem.

454 5373 529 5445 (q)
557 5372 710 5428 Psal.
745 5389 865 5442 cur,
894 5372 989 5441 29,
1021 5372 1109 5426 30.

2149 4624 2507 4700 περὶτούτων
2544 4643 2554 4653 ⁸
2588 4623 2679 4676 καὶ
2734 4621 2857 4695 περὶ
2904 4628 3006 4691 τῆς
3059 4626 3204 4690 ζωῆς
3269 4618 3325 4676 δὲ
3379 4626 3485 4676 τῶν
3539 4624 3803 4689 ἑκουσίως

2149 4709 2471 4769 ἀποϐάντων
2506 4710 2806 4783 δαιμόνων,
2863 4710 3067 4785 ἐπάγει,
3113 4712 3197 4764 ὅτι
3243 4711 3333 4765 καὶ
3387 4711 3521 4781 αύτή
3558 4709 3802 4786 διαμένει

2148 4804 2478 4875 ἀνώλεθρος,
2504 4805 2600 4855 τοῦ
2630 4800 2913 4860 κτίσαντος
2944 4798 3138 4859 αὐτοὺς
3168 4804 3301 4853 Θεοῦ
3331 4802 3377 4836 ⁸⁸
3406 4804 3567 4857 τοῦτο
3601 4803 3801 4877 βουλο-

2152 4894 2335 4965 μένου,
2387 4891 2482 4944 κᾶν
2538 4890 2692 4943 αὐτοὶ
2743 4888 3047 4957 ἀπέστησαν
3107 4892 3205 4942 τοῦ
3254 4893 3427 4944 Θεοῦ·
3490 4892 3801 4967 Ἀμεταμέ-

2146 4981 2289 5051 λητα
2318 4981 2419 5054 γὰρ
2461 4978 2774 5055 χαρίσματα
2819 4981 2915 5031 τοῦ
2960 4980 3115 5046 Θεοῦ,
3166 4981 3262 5031 τοῦ
3311 4977 3361 5048 ἐξ
3416 4977 3599 5055 ἀρχῆς
3630 4985 3802 5052 ποιή..

2148 5092 2328 5132 σαν·ος
2362 5069 2556 5129 αὐτούς
2596 5066 2889 5127 ἀθανάτους
2926 5086 2937 5098 ·
2988 5064 3216 5142 ἔσχατον
3252 5065 3308 5121 δὲ
3342 5068 3626 5143 ἀπήχημα
3654 5071 3802 5147 λέγει

2142 5163 2241 5229 τήν
2275 5156 2648 5233 ἀμυδροτὲραν
2682 5155 2925 5230 μετοχὴν
2952 5163 3049 5224 τῆς
3083 5159 3227 5225 ζωῆς
3244 5158 3413 5225 δι’,ιαὶ
3446 5161 3563 5212 οἷον
3599 5160 3804 5230 εἶπάν,

2147 5249 2345 5323 ὀλίγως
2380 5248 2711 5322 μετέχουσαν
2740 5250 2973 5315 ζωτικῆς
2994 5242 3298 5319 δυνάμεως.

1393 5514 1627 5570 νΑΙιΙΑε
1665 5515 2058 5575 LECTIONES
2095 5519 2188 5575 ET
2227 5515 2791 5575 CORRECTIONES.

1177 5652 1204 5664 υ

448 5655 494 5688 ³³
522 5648 746 5719 εἴπομεν
781 5649 891 5705 καὶ.
996 5651 1041 5686 ³³
1072 5647 1268 5705 αὐτῶν.

1367 5651 1413 5685 ³⁸
1443 5649 1589 5722 παρά
1618 5653 1713 5703 τοῦ
1745 5650 2021 5716 κτίσαντος
2051 5652 2217 5724 αὐτὴν
2248 5655 2401 5725 Θεοῦ,

2496 5652 2541 5686 ³⁵
2570 5652 2667 5704 τοῦ
2704 5651 2822 5722 ζῇν.
