4080 6366
279 468 380 522 337

1036 476 1095 527 S.
1135 477 1405 528 MAXIM!
1449 470 1758 527 SCHOLIA
1795 471 1868 522 IN
1910 469 2040 520 L113.
2087 469 2177 520 DE
2219 470 2492 524 DlVlNlS
2530 470 2949 527 NOMINIBUS.

3599 473 3704 528 338

353 592 446 654 Ἡς
509 590 1035 669 ἂνταναιρουμένης.
1090 593 1169 651 Τὸ
1248 596 1344 668 μὶν
1422 592 1699 668 ψαλμικὸν
1766 587 1917 665 ῥητὸν

2115 591 2226 645 Hac
2255 591 2553 647 subtracta.
2585 593 2887 649 Sententia
2930 594 3165 665 quidem
3200 593 3411 665 psalmi
3443 596 3703 668 loquitur

288 680 407 753 περὶ
435 681 761 756 ἀνθρώπων,
794 682 1014 753 καὶτῆς
1056 682 1366 747 τελευταίας
1421 684 1512 738 καὶ
1571 687 1760 748 κοινῆς
1812 679 1935 732 ἀνα-

288 772 521 834 στάσεως
587 770 851 847 λὲγει,ἣν
916 778 1095 849 μικρῷ
1152 773 1381 847 πρόσθεν
1429 774 1746 847 τρανότερον
1780 767 1938 835 τίθη-

287 881 364 912 σιν
426 861 453 913 ὁ
510 863 701 933 Πατήρ
739 881 750 893 ·
797 861 1020 916 ἐνταῦθα
1072 861 1231 917 δὲτὸ
1293 862 1459 937 ῥητὸν
1511 862 1813 936 παρήγαγε,
1845 857 1936 911 τὸν

286 946 446 1021 λόγον
479 950 812 1022 ποιούμενος
842 951 965 1026 περὶ
1000 950 1211 1006 πάντων
1248 957 1355 1006 τῶν
1385 952 1632 1005 ὁπωσοῦν
1661 954 1756 1022 ζῇν
1782 947 1933 1022 ἐχόν-

280 1058 412 1105 των,
446 1035 660 1099 δεικνὺς
715 1040 791 1111 μή
842 1037 1028 1101 ἄλλως
1059 1044 1225 1094 ταῦτα
1255 1038 1363 1108 “ii
1416 1038 1475 1094 ἐκ
1528 1042 1661 1093 Θεοῦ
1717 1036 1778 1090 τὸ
1839 1038 1935 1107 ζῇν

284 1128 606 1199 θεωρεῖσθαι
640 1128 689 1182 ἐν
728 1128 931 1190 αὐτοῖς.
966 1128 1035 1182 Τὸ
1083 1126 1141 1181 δὲ
1184 1128 1615 1204 ἀνταναιρεῐσθαι
1666 1123 1782 1179 ἀντῖ
1838 1126 1935 1177 τοῦ

282 1215 620 1290 κεχωρίσθαι
678 1216 932 1285 τέθεικεν,
995 1217 1175 1289 ὥσπερ
1242 1217 1332 1271 καὶ
1388 1217 1448 1271 τὸ
1507 1214 1937 1290 ἐπιστρεφόμενοι

286 1304 402 1359 ἀντὶ
428 1309 529 1359 τοῦ
564 1307 867 1381 μετέχοντα
897 1308 1166 1369 Ἀσθενεῖν
1195 1304 1252 1361 δὲ
1287 1311 1455 1361 ταῦτα
1501 1305 1637 1381 πρὸς
1689 1303 1751 1358 τὸ
1809 1321 1934 1374 μετ-

282 1392 426 1465 έχειν
462 1394 588 1464 [τῆς
652 1397 795 1463 ζωῆς
839 1394 1062 1466 ταύτης]
1123 1395 1278 1467 φησὶ,
1320 1391 1409 1448 διά
1463 1394 1523 1448 τὸ
1582 1393 1656 1464 μὴ
1719 1387 1930 1446 οἴκοθεν

350 1480 364 1497 ι
534 1487 545 1506 ,
712 1487 737 1496 ..
836 1479 858 1500 ,ι
1086 1483 1099 1499 ς
1289 1482 1303 1501 κ
1408 1482 1421 1501 ,
1514 1483 1525 1503 ,
1762 1480 1776 1497 ς
1878 1478 1891 1496 υ

280 1502 367 1535 και
417 1502 529 1556 παρ
578 1482 780 1536 ἒαυτων
833 1501 980 1556 εχειν
1039 1504 1137 1549 την
1199 1479 1505 1551 ζωην,αλλ
1580 1481 1813 1547 ἐπακτην
1875 1499 1935 1532 εκ

281 1575 411 1625 Θεοῦ
446 1591 459 1602 ·
492 1571 561 1625 τά
589 1573 690 1645 γάρ
725 1572 846 1626 ὅσον
883 1572 964 1649 ἐφ’
994 1572 1223 1641 ἑαυτῶν,
1254 1572 1353 1627 οὐκ
1404 1571 1456 1626 ἐν
1513 1575 1591 1642 τῷ
1642 1574 1737 1643 ζῇν
1797 1571 1932 1623 θεω-

282 1659 549 1735 ρούμενα,
574 1664 643 1733 τῇ
679 1658 735 1715 δὲ
765 1662 900 1738 πρὸς
932 1662 1022 1715 τὸν
1056 1662 1184 1716 Θεὸν
1216 1662 1456 1716 ἀναθέσει
1488 1664 1648 1715 τοῦτο
1709 1653 1931 1733 ἔχοντα,

278 1744 480 1824 τρόπον
532 1749 655 1805 τινά
707 1751 899 1823 ἀναζῇ,
926 1751 1013 1805 καὶ
1044 1752 1116 1813 ὼς
1150 1750 1309 1813 αὐτός
1343 1772 1496 1829 φησι,
1528 1747 1693 1804 πάλιν
1729 1752 1839 1817 ζῶα
1885 1749 1930 1784 ⁸⁷

278 1839 505 1912 γίνεται.

346 1931 477 1998 §II.
541 1930 656 1996 Τήν
710 1930 785 1993 ὡς
842 1930 1195 2002 συμμίκτοις.
1255 1928 1577 2002 Θαυμασίως
1636 1930 1809 1984 πάντα
1863 1926 1929 1981 τὰ
1964 1964 2005 2025 Β

280 2014 527 2091 δόγματα
560 2019 693 2090 μετά
723 2017 1018 2094 ὀρθότητος
1051 2016 1308 2076 διδάσκει.
1342 2020 1445 2075 Τὸν
1504 2018 1602 2095 γάρ
1660 2017 1783 2093 περὶ
1828 2024 1930 2086 τῆς

274 2106 618 2170 ἀναστάσεως
644 2108 851 2181 τρόπον
878 2110 922 2143 ³⁸
952 2112 1043 2162 νῦν
1098 2106 1455 2183 παραδιδοὺς,
1491 2107 1719 2177 θνητοὺς
1753 2110 1796 2143 39
1829 2108 1922 2179 μὲν

270 2197 414 2267 ἡμᾶς
443 2195 755 2273 ἀποφαίνει,
789 2196 880 2250 ἅτε
906 2196 955 2269 ἐξ
990 2196 1255 2252 ἀθανάτου
1298 2200 1485 2271 ψυχῆς
1529 2196 1618 2251 καὶ
1680 2198 1922 2268 [θνητοῦ]

267 2285 523 2357 σώματος
577 2280 733 2347 ὄντας
789 2285 1042 2358 θνητοὺς,
1072 2288 1172 2355 τὴν
1235 2283 1291 2340 δὲ
1345 2288 1487 2356 ζωὴν
1525 2281 1766 2354 οὐσιώδη
1821 2291 1920 2353 τῆς

261 2376 443 2448 ψυχῆς
502 2371 767 2429 ἐλάττονά
818 2396 950 2451 φησι
1012 2379 1120 2429 τῶν
1176 2374 1479 2450 ἀγγελικῶν
1541 2371 1921 2446 οὖσιῶν,παρ’

257 2460 379 2516 ὅσον
414 2462 587 2532 αὐτὴν
620 2464 711 2517 καὶ
744 2461 1065 2539 ἀγγελοειδῆ
1131 2465 1298 2534 ζωὴν,
1323 2463 1383 2518 οὐ
1443 2465 1550 2536 μὴν
1614 2461 1914 2537 ἀγγελικὴν

256 2551 538 2625 ὀνομάζει,
577 2552 685 2627 οὐχ
715 2553 789 2615 ὠς
841 2551 1303 2628 αὐτοαγγελικὴν,
1335 2550 1482 2607 ἀλλά
1533 2557 1862 2627 παρεμφερῆ
1900 2568 1913 2581 ⁸

256 2640 340 2694 καὶ
371 2644 526 2713 ἡμᾶς
565 2642 659 2713 μὶν
693 2647 928 2717 μερικῶς
959 2664 1121 2716 φησιν
1151 2644 1282 2697 εἶναι
1313 2643 1408 2703 τὰς
1438 2640 1661 2716 λογικὰς
1696 2638 1874 2714 ψυχάς
1898 2657 1910 2670 ·

257 2728 421 2790 ὅλους
455 2727 515 2784 δὲ
541 2733 693 2803 ἡμᾶς
734 2730 861 2793 τοὺς
921 2730 980 2785 ἐκ
1028 2734 1213 2806 ψυχῆς
1268 2730 1358 2786 καὶ
1416 2730 1670 2803 σώματος
1714 2724 1909 2791 ὄνταςο

258 2818 746 2889 άπαθανατίζεσθαι
780 2818 836 2874 δέ
868 2838 999 2897 φησι
1030 2820 1094 2873 τά
1126 2821 1352 2892 σώματα
1376 2821 1538 2892 ἡμῶν
1572 2818 1622 2873 ἐν
1663 2821 1731 2892 τῇ
1785 2819 1910 2872 ἀνα-

258 2909 460 2976 στάσει,
508 2910 726 2986 φάσκων
772 2910 834 2963 τὸ
878 2910 1000 2984 περὶ
1054 2909 1391 2970 ἀναστάσεως
1450 2905 1628 2983 δόγμα
1686 2904 1908 2961 ἄπιστον

257 2994 434 3051 δοκεῖν
468 3001 539 3071 τῇ
572 2997 926 3068 παλαιότητι,
962 2999 1075 3052 ἀντὶ
1110 3002 1205 3053 τοῦ
1233 3003 1302 3071 τῇ
1354 2998 1574 3069 ἀνοήτῳ
1623 2994 1749 3070 δόξῃ
1800 3001 1907 3050 τῶν

256 3085 569 3156 Ἑλλήνων,
607 3084 695 3140 διά
721 3089 783 3141 τὸ
813 3088 959 3162 παρὰ
990 3087 1145 3161 φύσιν
1180 3086 1313 3141 εἶναι
1343 3093 1442 3155 τῆς
1475 3083 1614 3156 ὕλης
1662 3086 1723 3140 τὸ
1773 3086 1908 3139 ἀπα-

258 3176 647 3244 Θανατὶζεσθαι.
687 3173 998 3246 [Ιαλαιότης
1029 3173 1086 3230 δὶ
1117 3174 1331 3250 λέγεται
1371 3178 1405 3244 ἡ
1450 3174 1673 3240 ἀνοησία
1706 3194 1717 3206 ·
1756 3173 1803 3228 εἷ’
1852 3171 1909 3228 δὲ

256 3264 342 3318 καὶ
408 3265 544 3339 ὑπὲρ
607 3264 761 3343 φύσιν
820 3266 882 3320 τὸ
939 3270 1165 3340 πρᾶγμα
1220 3272 1320 3334 τῆς
1377 3263 1737 3336 ἀναστάσεως,
1792 3266 1904 3317 οἷον

255 3355 386 3426 πρὸς
418 3355 513 3409 τὸν
545 3355 787 3429 παρόντα
820 3354 935 3430 βίον
962 3355 1053 3409 τὸν
1089 3352 1179 3408 διὰ
1223 3361 1431 3431 τροφῆς
1472 3354 1560 3407 καὶ
1617 3352 1906 3428 ἐκκρίσεως
1937 3328 1979 3394 C

254 3443 339 3496 καὶ
397 3442 575 3497 νόσων
624 3440 1019 3518 διεξαγόμενον,
1053 3441 1199 3497 ἀλλά
1246 3443 1379 3517 πρὸς
1430 3442 1521 3496 τὸν
1567 3442 1717 3514 Θεὸν,
1753 3438 1905 3495 οὐδὲν

254 3533 396 3605 παρά
428 3531 587 3609 φύσιν
631 3530 758 3586 οὐδὲ
810 3533 943 3607 ὑπὲρ
993 3531 1171 3610 φύσιν,
1222 3529 1413 3600 ἐπειδὴ
1473 3530 1630 3593 αὐτός
1689 3531 1826 3585 ἐστιν
1880 3532 1907 3586 ὁ

256 3620 432 3690 πάσης
464 3626 613 3689 ζωῆς
646 3619 815 3682 α’ίτιος
844 3624 908 3676 ⁴⁰.

323 3710 483 3781 Φημὶ
540 3708 631 3763 καὶ
678 3709 747 3764 τὰ
805 3712 1012 3783 συζυγῆ
1067 3710 1310 3783 σώματα.
1354 3711 1478 3765 ’Ὁτι
1533 3708 1620 3763 καὶ
1668 3709 1734 3762 τά
1795 3709 1906 3761 σώ-

262 3820 398 3871 ματα
428 3801 592 3871 ἡμῶν
628 3800 918 3862 ἀθανασίας
952 3798 1197 3875 μετέχειν
1229 3800 1256 3853 ὁ
1305 3800 1451 3859 θεῖος
1503 3796 1757 3872 βούλεται
1807 3794 1905 3851 λό-

256 3908 369 3960 γος,
403 3887 543 3942 κατὰ
570 3888 661 3941 τὸν
692 3886 1048 3943 Ἀπόστολον·
1084 3892 1175 3943 Δεῖ
1216 3887 1315 3963 γάρ
1367 3888 1429 3941 τὸ
1490 3885 1683 3955 θνητὸν
1740 3890 1904 3940 τοῦτο

257 3974 574 4031 ἐνδύσασθαι
608 3976 917 4033 ἀθανασίαν.

322 4067 483 4142 ’Υπὶρ
534 4065 715 4143 φύσιν.
768 4065 945 4123 Τοῦτό
1004 4088 1134 4144 φησι
1180 4063 1269 4120 διά
1304 4065 1366 4119 τὸ
1399 4065 1551 4138 μόνῳ
1602 4068 1717 4135 Θεῷ
1770 4066 1905 4120 κατά

258 4156 407 4231 φύσιν
444 4157 580 4210 εἶναι
608 4156 671 4210 τὸ
705 4159 903 4223 ζωοῦν.

323 4245 581 4318 Σίμωνος
628 4243 1003 4320 ἀντιρῥητικοὶ
1051 4243 1235 4320 λόγοι.
1288 4242 1537 4316 Σίμωνός
1588 4265 1751 4322 φησιν
1810 4243 1904 4297 ἀν-

254 4333 605 4409 τιρῥητικοὺς
666 4334 798 4388 εἶναι
846 4331 1051 4408 λόγους
1105 4334 1241 4388 κατὰ
1282 4337 1377 4386 τοῦ
1411 4330 1685 4407 δόγματος
1740 4334 1899 4405 ἡμῶν

255 4428 343 4478 τοῦ
375 4423 661 4499 λὲγοντος,
689 4423 751 4477 τὸ
781 4426 939 4495 σῶμα
984 4424 1146 4494 ἡμῶν
1200 4420 1507 4485 ἀνίστασθαι
1556 4421 1645 4476 καὶ
1704 4421 1899 4475 ἀθανα-

256 4512 622 4581 τίζεσθαι,ὡς
680 4510 827 4586 παρὰ
882 4510 1038 4589 φύσιν
1099 4506 1248 4572 ὄντος
1303 4515 1400 4565 τοῦ
1457 4513 1796 4585 πράγματος.
1838 4510 1900 4563 Οἱ

258 4598 310 4655 δὲ
341 4600 621 4676 εἰρηκότες
651 4602 786 4654 κατά
842 4600 1094 4672 Σίμωνος
1147 4600 1237 4654 καὶ
1288 4599 1412 4675 περί
1466 4599 1677 4654 τούτων
1738 4599 1896 4653 αὐτὸν

2048 679 2116 734 de
2148 680 2509 749 hominibus,
2543 687 2600 737 et
2647 688 2944 755 postrema
2993 701 3059 738 ac
3099 685 3397 739 communi
3445 703 3701 743 resurre-

2049 770 2260 840 ctione,
2292 786 2464 841 quam
2498 772 2667 827 Pater
2714 772 2887 843 paulo
2936 778 3070 827 ante
3105 773 3321 829 clarius
3353 775 3520 846 ponit
3549 793 3561 843 ;
3596 776 3703 832 hoc

2048 863 2240 914 autem
2288 859 2411 915 loco
2459 863 2806 917 sententiam
2852 861 3011 917 illam
3063 863 3323 931 adduxit,
3369 881 3701 921 sermonem

2048 948 2265 1004 faciens
2332 951 2401 1005 de
2460 952 2737 1007 omnibus
2799 969 2929 1022 quas
2988 950 3184 1022 aliquo
3244 955 3414 1008 modo
3481 955 3699 1022 vivunt,

2046 1039 2361 1095 ostendens
2408 1040 2530 1095 haec
2571 1059 2682 1096 non
2738 1042 2907 1097 aliter
2950 1058 3127 1112 quam
3162 1057 3231 1096 ex
3280 1048 3392 1098 Deo
3437 1044 3612 1100 vitam
3641 1045 3701 1100 in

2046 1128 2193 1200 ipsis
2242 1131 2621 1187 considerari.
2677 1132 2851 1188 Porro
2883 1134 3109 1203 auferri
3155 1134 3350 1203 posuit
3401 1151 3501 1203 pro
3534 1151 3699 1205 sepa-

2016 1219 2182 1285 -rari,
2218 1220 2371 1276 sicut
2400 1236 2659 1276 conversa
2690 1238 2792 1292 pro
2816 1221 3269 1293 participantia;
3304 1224 3384 1277 ait
3414 1239 3546 1278 vero
3578 1223 3698 1278 haec

2045 1308 2337 1364 imbecilla
2368 1309 2426 1363 in
2459 1311 2948 1382 participatione;
2982 1311 3117 1381 quia
3168 1329 3283 1367 non
3316 1313 3387 1367 ab
3418 1311 3701 1368 intrinse-

2043 1414 2130 1464 co,
2163 1401 2220 1452 et
2252 1415 2285 1452 a
2316 1398 2528 1470 seipsis
2556 1399 2731 1455 vitam
2765 1400 3006 1468 habent,
3032 1401 3132 1456 sed
3156 1401 3321 1456 aDeo
3354 1400 3697 1470 inductam;

2044 1491 2330 1557 quantum
2381 1487 2535 1542 enim
2586 1489 2659 1543 ad
2710 1489 2838 1560 ipsa
2887 1489 3116 1559 attinet,
3166 1507 3281 1544 non
3313 1490 3371 1543 in
3422 1489 3552 1561 ipsa
3581 1492 3699 1547 vita

2042 1574 2506 1647 considerantur,
2538 1578 2641 1632 sed
2692 1577 3151 1650 transpositione
3199 1578 3255 1633 in
3291 1579 3472 1634 Deum
3519 1582 3697 1636 vitam

2042 1669 2374 1732 consecuta,
2410 1667 2843 1736 quodammodo
2877 1667 3248 1736 reviviscunt,
3282 1673 3361 1734 et,
3390 1668 3543 1725 sicut
3575 1670 3697 1740 ipse

2042 1755 2143 1825 ait,
2174 1757 2377 1811 iterum
2406 1756 2531 1811 viva
2561 1757 2720 1826 ﬁunt.

2111 1934 2139 2004 §
2174 1934 2240 1988 Il.
2276 1935 2554 2005 Tanquam
2583 1937 2915 2003 compositis.
2966 1937 3297 1992 Mirandum
3352 1937 3412 1991 in
3445 1936 3688 1992 modum

2038 2023 2237 2077 omnia
2286 2026 2517 2079 decreta
2563 2030 2719 2080 recte
2753 2026 2957 2093 docet;
3011 2042 3165 2080 nunc
3197 2026 3354 2080 enim
3399 2025 3685 2080 rationem

2039 2112 2478 2168 resurrectionis
2560 2115 2818 2180 tradens,
2896 2132 3000 2169 nos
3072 2113 3349 2169 mortales
3405 2114 3681 2181 ostendit,

2036 2200 2188 2256 183
2237 2206 2517 2273 tanquam
2578 2220 2645 2257 ex
2702 2202 3016 2257 immortali
3077 2203 3274 2258 anima
3332 2207 3389 2257 et
3444 2218 3685 2273 corpore

2035 2289 2310 2346 mortales
2366 2291 2713 2347 exsistentes
2766 2310 2779 2356 ;
2842 2309 2977 2347 nam
3045 2291 3417 2347 essentialem
3479 2290 3685 2347 anima;

2029 2379 2207 2434 vitam
2269 2380 2411 2435 dicit
2466 2397 2594 2435 esse
2653 2380 2988 2436 inferiorem
3048 2381 3323 2436 essentiis
3381 2379 3685 2451 angelicis,

2028 2473 2319 2538 quatenus
2353 2469 2543 2540 ipsam
2576 2465 2927 2542 ἀγγελοειδῆ,
2975 2487 3091 2525 non
3143 2478 3331 2525 autem
3365 2468 3686 2539 angelicam

2026 2556 2300 2628 appellat,
2335 2562 2400 2612 ut
2430 2575 2543 2613 non
2591 2574 2724 2613 vero
2777 2558 3126 2628 angelicam,
3161 2559 3259 2614 sed
3304 2558 3597 2626 similem;
3631 2561 3689 2612 et

2026 2662 2132 2701 nos
2163 2646 2400 2716 quidem
2436 2647 2651 2719 partim
2693 2646 3004 2702 rationales
3055 2664 3186 2703 esse
3234 2647 3460 2702 animas
3492 2646 3635 2701 dicit
3668 2663 3681 2701 :

2023 2738 2178 2790 totos
2208 2739 2404 2791 autem
2437 2752 2505 2791 ex
2536 2735 2735 2791 anima
2768 2740 2822 2791 et
2854 2752 3095 2807 corpore
3114 2741 3401 2791 constare.
3429 2736 3523 2791 Ait
3543 2752 3675 2791 vero

2023 2839 2265 2895 corpora
2297 2829 2497 2879 nostra
2540 2825 2689 2880 efﬁci
2727 2825 2783 2878 in
2836 2825 3265 2880 resurrectione
3298 2824 3673 2890 immortalia,

2022 2929 2292 2968 asserens
2323 2914 2537 2984 dogma
2567 2915 2636 2969 de
2670 2914 3093 2969 resurrectione
3143 2913 3489 2969 incredibile
3520 2913 3677 2968 vide-

2023 3002 2069 3056 ri
2103 3003 2458 3073 antiquitati,
2495 3020 2596 3073 pro
2646 3002 2947 3074 insipienti
3001 3003 3333 3059 Graecorum
3379 3002 3673 3073 opinione,

2020 3092 2160 3162 quia
2207 3096 2295 3147 est
2342 3097 2543 3147 contra
2604 3094 2857 3148 materiae
2908 3096 3177 3147 naturam
3231 3090 3675 3147 immortalitate

2019 3181 2151 3235 frui.
2187 3180 2523 3251 Antiquitas
2569 3198 2700 3236 vero
2747 3181 2961 3236 dicitur
2992 3181 3374 3252 insipientia;
3425 3180 3533 3236 etsi
3568 3198 3673 3235 au-

2019 3273 2135 3324 tem
2171 3270 2471 3340 negotium
2505 3269 2948 3325 resurrectionis
2994 3274 3268 3324 naturam
3303 3272 3555 3340 superet,
3592 3269 3677 3323 ni-

2021 3355 2235 3410 mirum
2273 3356 2329 3409 in
2361 3357 2628 3427 prmsenti
2660 3356 2799 3423 vita,
2834 3372 2961 3428 quae
3012 3373 3116 3427 per
3145 3356 3574 3423 educationem,
3608 3373 3674 3411 ac

2019 3446 2409 3500 excretionem
2445 3450 2619 3516 atque
2670 3446 2906 3501 morbos
2952 3446 3300 3512 traducitur,
3336 3445 3432 3499 sed
3469 3445 3527 3500 in
3564 3446 3673 3500 Deo

2019 3534 2164 3589 nihil
2194 3538 2396 3589 contra
2431 3540 2724 3603 naturam,
2760 3551 2953 3605 neque
2996 3551 3177 3605 supra
3205 3540 3499 3601 naturam,
3534 3551 3675 3606 quo-

2018 3624 2171 3678 niam
2204 3624 2328 3694 ipse
2360 3628 2449 3678 est
2479 3624 2670 3679 omnis
2700 3624 2827 3679 vitae
2860 3627 3084 3679 auctor.

2087 3713 2215 3768 Dico
2261 3716 2311 3768 et
2358 3712 2649 3783 conjuncta
2705 3728 2958 3783 corpora.
3012 3712 3287 3767 Divinum
3340 3728 3669 3768 sermonem

2016 3801 2179 3868 velle,
2214 3806 2413 3857 nostra
2442 3818 2678 3873 quoque
2711 3819 2956 3873 corpora
3005 3800 3503 3863 immortalitatem
3537 3819 3669 3874 par-

2014 3892 2278 3962 ticipare,
2324 3894 2494 3962 juxta
2545 3890 2893 3963 Apostolum
2928 3906 2941 3946 :
2979 3892 3202 3962 Oportet
3252 3893 3399 3947 enim
3437 3892 3672 3947 mortale

2015 3987 2112 4037 hoc
2141 3982 2377 4037 induere
2407 3981 2886 4037 immortalitatem
2916 3980 3008 4052 (r).

2086 4072 2269 4143 Supra
2301 4080 2580 4126 naturam.
2618 4071 2737 4126 Hoc
2767 4069 2931 4135 dicit,
2964 4070 3103 4141 quia
3133 4069 3242 4125 soli
3288 4070 3399 4125 Deo
3433 4072 3668 4125 natura-

2013 4160 2087 4216 lis
2119 4165 2207 4216 est
2236 4160 2374 4215 vita.

2083 4251 2323 4305 Simonis
2371 4247 2793 4303 contradictorz'i
2837 4262 3131 4302 sermones.
3185 4246 3334 4301 Dicit
3364 4245 3546 4301 libros
3574 4247 3669 4301 Si-

2014 4339 2207 4393 monis
2238 4336 2635 4393 contradicere
2676 4335 2981 4390 sententize
3033 4338 3265 4399 nostris,
3300 4351 3427 4406 qum
3458 4335 3670 4390 asserit

2012 4444 2225 4498 corpus
2256 4430 2523 4482 nostrum
2555 4440 2859 4496 resurgere
2892 4428 2947 4480 et
2989 4422 3325 4479 immortale
3356 4440 3501 4489 esse,
3538 4430 3666 4478 tan-

2013 4533 2189 4588 quam
2224 4533 2315 4570 res
2347 4519 2501 4571 esset
2530 4518 2736 4569 contra
2782 4520 3075 4569 naturam.
3108 4513 3529 4569 Contradicunt
3560 4529 3667 4568 au-

2011 4612 2128 4661 tem
2163 4604 2410 4675 Simoni,
2434 4608 2489 4659 et
2519 4604 2715 4675 ipsum
2747 4604 2805 4657 in
2835 4602 2927 4658 bis
2950 4602 3388 4673 reprehendunt
3413 4601 3667 4658 lrenaeus

260 4690 580 4766 ἐλέγχουσιν
632 4689 923 4764 Εἰρηναῖος
981 4691 1069 4744 καὶ
1102 4688 1378 4765 Ὠριγὲνης
1435 4690 1525 4743 καὶ
1580 4689 1904 4753 Ἱππόλυτος

2032 4699 2068 4749 ιι
2097 4693 2376 4764 Origenes
2409 4697 2465 4747 et
2494 4690 2845 4763 Hippolytus
2892 4698 2949 4745 et
2991 4690 3377 4762 Epiphanius.
3421 4691 3666 4762 Magnus

259 4781 342 4833 καὶ
378 4779 722 4856 Ἐπιφάνιος.
763 4780 823 4835 Ὁ
872 4776 929 4833 δὲ
981 4777 1148 4853 μέγας
1189 4777 1462 4840 Διονύσιος
1519 4777 1677 4842 θείως
1721 4779 1900 4835 ἐκλύει

260 4870 317 4923 τὸ
366 4867 665 4943 λεγόμενον
716 4869 863 4943 παρά
913 4868 1187 4940 Σίμωνος,
1230 4868 1375 4943 παρὰ
1426 4867 1581 4945 φύσιν
1628 4869 1758 4923 εἶναι
1804 4871 1903 4937 τήν

263 4958 538 5012 ἀνάστασιν
569 4962 679 5011 τῶν
712 4958 1005 5029 σωμάτων
1037 4961 1116 5029 τῷ
1146 4957 1250 5031 γάρ
1306 4960 1421 5028 Θεῷ
1477 4954 1690 5018 οὐδενὸς
1752 4953 1905 5021 ὄντος

266 5048 523 5122 ἰναντίου,
574 5054 692 5111 πῶς
741 5046 888 5104 ἔσται
943 5072 995 5104 τι
1052 5052 1199 5125 παρά
1246 5048 1400 5125 φύσιν
1429 5068 1442 5117 ;
1476 5050 1550 5105 Τὸ
1610 5046 1666 5102 δὲ
1698 5047 1902 5113 οἷέσοαί

260 5158 371 5192 τινα
400 5138 461 5193 ἐκ
489 5143 736 5216 φανερῶν
769 5137 859 5193 καὶ
892 5138 1161 5208 αἷσθητῶν
1193 5136 1400 5191 τούτων
1449 5137 1544 5199 τὰς
1603 5135 1904 5207 ἀποδείξεις

263 5227 573 5302 πορίζεσθαι
620 5228 759 5282 κατά
803 5230 903 5296 τῆς
954 5225 1344 5296 ἀκαταλήπτου
1399 5225 1487 5280 καὶ
1545 5230 1704 5280 πᾶσιν
1767 5227 1902 5303 ἀφα-

264 5321 377 5381 νοῦς
430 5318 609 5380 αῗτίας
666 5322 772 5373 τῶν
832 5316 1067 5386 πάντων,
1109 5322 1355 5371 τουτέστι
1411 5316 1547 5370 κατὰ
1592 5320 1689 5371 τοῦ
1745 5320 1902 5387 Θεοῦ,

334 5498 402 5569 (r)
435 5498 459 5555 Ι
488 5498 615 5555 Cor.
647 5513 742 5566 xv,
772 5496 861 5552 53.

2011 4801 2145 4839 vero
2164 4782 2478 4852 Dionysius
2501 4781 2759 4836 Simonis
2778 4780 3157 4848 sententiam,
3177 4779 3663 4834 resurrectionem

2014 4887 2322 4943 corporum
2356 4887 2484 4925 esse
2515 4872 2718 4923 contra
2750 4872 3042 4939 naturam,
3066 4868 3256 4922 divine
3288 4868 3493 4933 solvit;
3527 4884 3661 4922 cum

2014 4963 2169 5017 enim
2203 4960 2347 5014 nihil
2397 4960 2475 5014 sit
2523 4958 2640 5013 Deo
2684 4957 3067 5026 contrarium,
3119 4957 3409 5027 quomodo
3441 4955 3663 5026 aliquid

2013 5051 2125 5106 erit
2165 5052 2368 5104 contra
2417 5050 2737 5103 naturam?
2788 5046 3100 5116 quemdam
3150 5050 3342 5099 autem
3392 5044 3665 5101 arbitrari

2015 5154 2187 5211 posse
2219 5154 2287 5193 ex
2319 5138 2405 5193 bis
2459 5133 2800 5207 conspicuis
2849 5139 2906 5189 et
2937 5133 3253 5189 sensilibus
3300 5134 3668 5189 demonstra-

2012 5229 2203 5283 tiones
2253 5227 2507 5298 prsabere
2556 5228 2759 5280 contra
2805 5221 3452 5293 incomprehensibilem
3500 5227 3671 5294 atque

2016 5316 2291 5374 omnibus
2304 5315 2614 5371 obscuram
2631 5314 3035 5368 universorum
3050 5311 3670 5383 causam,bocestcon-

1282 5614 1523 5671 VARUE
1560 5613 1953 5673 LECTIONES
1992 5612 2077 5669 ET
2115 5608 2663 5669 CORRECTIONES.

344 5796 385 5835 ⁸⁸
412 5796 649 5861 τούτοις.
726 5796 768 5834 ³⁷
799 5790 1104 5865 παλίνζωα.
1184 5793 1229 5832 ³⁸
1258 5790 1450 5869 λόγον.
1527 5796 1572 5832 ³ο
1606 5793 1850 5867 μικτούς.
1926 5794 1970 5831 ιο
1998 5790 2088 5848 καὶ
2120 5789 2173 5864 ἐξ
2205 5793 2371 5847 αὐτοῦ
2403 5790 2512 5846 ἔστι
2544 5794 2686 5845 πᾶσα
2721 5790 2857 5859 ζωή.
