4080 6366
379 459 483 514 339

1185 460 1553 514 APPENDI'X
1591 460 1690 512 AD
1727 457 1968 512 OPERA
2005 458 2065 510 Β.
2107 454 2426 510 DIONYBII
2466 455 2974 511 AREOPAGITE.

3687 454 3798 508 340

379 591 470 643 tra
500 587 710 656 Deum,
735 586 845 644 hoc
874 603 1006 643 vere
1039 589 1241 643 contra
1266 590 1537 643 naturam
1569 590 1658 642 est
1692 603 1705 644 :
1740 583 2034 657 quomodo

2166 581 2311 636 τοῦτό
2343 581 2456 636 ἐστι
2485 579 2708 653 ἀληθῶς
2735 580 2881 657 παρὰ
2911 581 3065 658 φύσιν
3101 599 3112 611 '
3146 581 3216 634 τὰ
3251 581 3354 656 γὰρ
3413 577 3648 650 δοξαστὰ
3703 581 3794 634 καὶ

380 677 536 732 enim
568 678 624 732 id
655 678 810 748 quod
842 694 1075 733 onmem
1111 693 1353 732 sensum
1399 680 1456 732 et
1487 676 1900 748 cogitationem
1932 690 2030 729 su-

379 771 562 837 perat,
597 770 856 823 evertent
882 783 949 822 ea
979 784 1107 838 quae
1139 782 1319 822 sensu
1372 770 1428 824 et
1458 765 1808 838 cogitatione
1842 761 2032 836 perci-

380 856 624 928 piuntur
645 856 671 909 ?

452 945 734 1002 Evidentia
764 962 970 1000 sensus.
1021 947 1144 1001 Non
1179 949 1428 1017 oportet,
1464 943 1675 1015 inquit,
1706 944 1778 999 ob
1811 960 1877 998 ea
1908 959 2035 1014 quas

378 1035 651 1090 sensibus
684 1037 907 1107 percipi
939 1039 1183 1106 queunt,
1222 1036 1396 1090 ﬁdem
1434 1035 1527 1089 Dci
1560 1033 1752 1088 verbis
1783 1034 2034 1104 denega-

380 1141 460 1193 re,
494 1124 593 1195 qui
625 1129 713 1180 est
743 1125 1008 1179 omnium
1063 1124 1313 1180 obscura
1363 1140 1560 1179 causa.
1597 1122 1835 1194 PrOprie
1879 1121 2037 1176 enim

378 1211 521 1267 illud
558 1217 758 1268 contra
809 1218 1081 1269 naturam
1127 1213 1319 1268 dicere
1364 1213 1519 1279 licet,
1563 1217 1801 1283 propter
1851 1209 2038 1266 sensi-

378 1301 526 1357 lium
557 1303 1035 1374 perspicuitatem
1070 1303 1141 1357 de
1173 1306 1327 1358 statu
1353 1319 1462 1358 suo
1491 1302 1780 1373 deponere
1811 1317 1914 1356 seu
1939 1317 2039 1354 ne-

385 1407 526 1462 gare
552 1377 778 1463 ea'quss
809 1397 1088 1462 superant
1117 1407 1380 1446 sensum.

447 1481 474 1548 §
506 1480 604 1536 Ill.
639 1480 762 1538 Sive
793 1482 1152 1549 rationalem,
1205 1482 1321 1535 sive
1366 1480 1711 1546 sensilivam,
1747 1479 1900 1534 184
1927 1480 2042 1534 sive

383 1570 733 1625 nulrilivam.
768 1574 911 1625 Nota
933 1570 1227 1640 quomodo
1247 1569 1458 1624 dividit
1489 1576 1887 1639 comparatam
1914 1584 2042 1638 par-

381 1658 722 1730 ticipatione
752 1659 929 1714 vitam
957 1677 970 1729 ;
1013 1659 1154 1713 dicit
1185 1659 1339 1713 enim
1391 1658 1519 1713 vitae
1553 1657 1929 1728 principium,
1960 1657 2041 1710 vi-

382 1747 590 1803 delicet
621 1753 883 1804 nostram
927 1748 1206 1815 animam,
1242 1747 1453 1802 deinde
1505 1747 1889 1812 sensitivam;
1923 1745 2045 1800 hazc

382 1837 536 1892 enim
571 1838 861 1909 principia
894 1837 1024 1893 vita:
1056 1837 1288 1908 iisque:
1322 1838 1393 1892 ab
1429 1837 1572 1908 ipsis
1609 1840 1893 1907 reguntur
1923 1851 2044 1889 cor-

381 1927 647 1998 poribus,
673 1932 736 1982 ut
758 1927 814 1982 in
834 1927 955 1981 vita
982 1931 1347 1993 moveantur,
1370 1927 1498 1980 vitae
1531 1931 1727 1981 autem
1751 1923 2042 1980 essentiam

383 2016 782 2085 intelligibiles
817 2015 1147 2084 facultates,
1183 2021 1239 2071 et
1288 2021 1500 2070 nostras
1535 2015 1742 2069 animm
1772 2039 1786 2081 ;
1827 2013 2046 2069 habent

391 2104 543 2159 enin;
574 2104 891 2160 essentiam
924 2121 1051 2175 quae
1101 2109 1191 2160 est
1219 2104 1358 2170 vita,
1406 2103 1584 2158 veluti
1615 2104 1873 2175 aliquam
1915 2102 2044 2157 vitae

391 2193 698 2248 materiam
735 2198 787 2248 et
816 2194 1168 2263 subjectum,
1203 2210 1268 2248 ac
1299 2193 1488 2264 ipsam
1519 2193 1766 2247 formam
1799 2208 1926 2262 quas
1950 2191 2048 2245 ad-

388 2282 590 2337 venit:
625 2299 826 2353 quare,
879 2287 944 2337 ut
993 2282 1133 2350 dixi,
1188 2282 1395 2337 animas
1439 2281 1736 2336 viviﬁcant
1783 2297 2043 2352 corpora.

390 2371 543 2426 Deus
570 2371 748 2441 igitur
778 2374 842 2426 ut
885 2376 1111 2441 auctor,
1143 2376 1200 2425 et
1229 2370 1360 2424 vitae
1395 2374 1603 2425 nostrae
1650 2368 2043 2440 complemen-

390 2464 538 2527 tum,
573 2464 637 2514 ut
666 2459 973 2515 continens
1004 2463 1060 2515 et
1103 2459 1393 2524 dividens,
1423 2463 1488 2514 ut
1520 2459 1882 2514 differentias
1913 2455 2044 2511 uni-

386 2565 564 2604 versas
592 2548 720 2604 vita:
752 2550 1092 2620 disponens,
1128 2547 1609 2618 intelligibilium,
1643 2545 2044 2614 rationalium,

388 2637 720 2705 sensilium,
768 2654 832 2694 ac
880 2655 1077 2693 eorum
1128 2655 1255 2708 quae
1302 2642 1612 2710 augentur,
1649 2637 1912 2691 omnium
1959 2638 2049 2691 est

389 2726 802 2798 principium;
862 2732 1037 2798 atque
1095 2727 1373 2798 quoniam
1429 2743 1609 2797 supra
1659 2725 1806 2779 dixit
1863 2724 2046 2778 solem

389 2817 564 2872 etiam
596 2819 736 2872 dare
756 2818 958 2883 vitam,
993 2821 1049 2872 et
1081 2817 1280 2872 omnia
1321 2815 1566 2883 nutrire,
1602 2832 1717 2869 non
1750 2813 2047 2885 intelligas

390 2922 524 2960 eum
561 2923 594 2959 a
623 2907 814 2977 seipse
843 2905 1000 2961 istud
1033 2905 1267 2970 habere,
1292 2905 1393 2959 sed
1421 2905 1492 2959 ab
1526 2904 1793 2958 omnium
1826 2902 2046 2973 princi«

392 2993 488 3065 pio
517 2999 576 3049 et
605 3010 803 3049 causa.

1008 3083 1079 3136 IN
1118 3082 1270 3138 CAP.
1310 3081 1433 3136 VII.

465 3172 571 3240 §l.
605 3171 780 3243 Supra
827 3187 1045 3228 omnem
1088 3171 1438 3242 sapientiam.
1491 3172 1642 3226 Sunt
1687 3170 1925 3242 quidam
1958 3169 2046 3224 in-

392 3263 873 3333 tempestivorum
901 3259 1381 3332 pbi1030pborum
1407 3261 1506 3331 qui
1531 3261 1755 3326 dicunt,
1783 3260 1832 3315 si
1855 3259 2047 3314 velitis

2140 672 2309 742 νοητᾶ
2363 678 2479 735 πῶς
2539 673 2822 747 ἀνατρέψει
2877 672 2942 726 τὸ
2988 672 3122 746 ὑπὲρ
3174 677 3346 726 πᾶσαν
3399 670 3652 741 αἶ’σοησιν
3701 671 3792 724 καὶ

2141 761 2330 831 νόησιν
2355 781 2369 832 ;

2214 941 2300 1008 Τῷ
2347 943 2614 1014 προφανεῖ
2668 944 2767 1006 τῆς
2827 936 3154 1008 αἷσθήσεως.
3206 937 3276 992 Οὐ
3338 939 3474 1012 χρὴ,
3520 938 3675 1015 φησὶ,
3709 937 3799 993 διὰ

2143 1026 2210 1080 τὰ
2238 1031 2305 1100 τῇ
2340 1027 2583 1097 αἰσθήσει
2619 1026 2800 1098 ληπτὰ
2831 1027 3072 1081 ἀπιστεῖν
3104 1033 3220 1088 τοῖς
3246 1028 3369 1102 περὶ
3409 1032 3544 1082 Θεοῦ
3588 1027 3797 1104 λόγοις,

2147 1117 2206 1177 ὅς
2255 1116 2398 1170 ἐστιν
2441 1119 2475 1184 ἡ
2510 1117 2724 1170 πάντωι
2754 1117 2964 1192 ἀφανὴς
3007 1115 3172 1170 αἰτία.
3206 1116 3426 1192 Κυρίως
3475 1117 3576 1191 γὰρ
3629 1116 3798 1171 τοῦτό

2147 1203 2257 1258 ἐστι
2289 1205 2435 1281 παρὰ
2464 1203 2618 1281 φύσιν
2649 1205 2840 1278 εἰπεῖν,
2876 1206 2938 1260 τὸ
2969 1205 3174 1269 ἀθετεῖν
3207 1206 3274 1260 τὰ
3329 1206 3461 1280 ὑπὲρ
3524 1202 3797 1277 αἴσθησιν,

2149 1292 2238 1348 διὰ
2266 1294 2327 1349 τὸ
2355 1299 2463 1350 τῶν
2497 1296 2770 1364 αἰσθητῶν
2804 1297 3101 1373 προφανές.

2222 1480 2376 1545 §III.
2443 1473 2566 1531 Εἴτε
2614 1472 2870 1549 λογικήν,
2931 1473 3040 1529 εἷ’τε
3109 1474 3454 1545 αἰσθητικὴν,
3513 1473 3620 1529 sit:
3674 1487 3804 1549 θρε-

2152 1567 2375 1635 πτικῆν.
2411 1565 2745 1637 Σημείωσαι,
2778 1569 2895 1626 πῶς
2931 1562 3130 1639 ’διαιρεῖ
3165 1565 3232 1618 τὰ
3283 1564 3405 1638 περὶ
3467 1570 3610 1634 ζωῆς
3673 1567 3803 1637 μεθ-

2153 1657 2310 1718 εκτῆς
2348 1660 2540 1724 ’ζωῆς
2588 1655 2690 1729 γὰρ
2741 1655 2920 1728 ἀρχήν
2977 1675 3164 1731 φησιν,
3197 1656 3312 1708 οἷον
3370 1655 3469 1721 τήν
3528 1655 3802 1728 ἡμετέραν

2153 1746 2362 1817 ψυχὴν,
2393 1744 2484 1797 καὶ
2515 1745 2612 1811 τήν
2646 1742 2967 1812 αἶ’σθητικήν
3014 1740 3096 1797 δέ·
3135 1743 3291 1798 αὗται
3333 1744 3438 1818 γὰρ
3482 1742 3649 1818 ἀρχαί
3701 1743 3805 1797 εἶσι

2158 1836 2301 1902 ζωῆς
2355 1838 2473 1895 τοῖς
2522 1830 2590 1886 δι’
2621 1831 2794 1886 αὐτῶν
2847 1832 3175 1907 ἀρχομένοις
3227 1832 3302 1893 εἰς
3345 1833 3488 1901 ζωὴν
3547 1834 3806 1886 κινεῖσθαι

2155 1923 2370 1994 σώμασι
2406 1928 2595 1990 ’ζωῆς
2625 1919 2682 1975 δὲ
2715 1920 2888 1975 οὐσίαι
2940 1922 2994 1975 αἱ
3045 1920 3239 1990 νοηταὶ
3297 1918 3550 1993 δυνάμεις
3601 1921 3690 1974 καὶ
3751 1922 3806 1974 αἱ

2153 2009 2414 2085 ἡμέτεραι
2448 2009 2620 2084 ψυχαί
2655 2029 2666 2040 ·
2703 2010 2800 2077 τὴν
2831 2009 2931 2082 γὰρ
2961 2008 3142 2064 οὐσίαν
3178 2011 3322 2078 ζωήν
3360 2007 3521 2063 οὖσαν
3556 2006 3805 2084 ἔχουσιν,

2155 2102 2268 2154 οἷον
2301 2097 2438 2168 ὕλην
2472 2099 2590 2152 τινὰ
2618 2099 2708 2152 καὶ
2743 2099 3124 2170 ὑποκείμενον,
3157 2098 3245 2152 καὶ
3295 2096 3597 2168 αὐτοεῖδος,
3628 2100 3658 2152 ὅ
3688 2098 3801 2152 ἐστι

2157 2193 2300 2257 ζωῆς
2344 2188 2692 2261 ὑπάρχουσαν
2729 2206 2742 2219 ·
2778 2184 2862 2241 διὸ
2918 2187 3008 2242 καὶ
3068 2192 3264 2256 ζωοῦσι
3322 2189 3388 2242 τὰ
3445 2188 3692 2260 σώματα,
3728 2189 3806 2248 ὡς

2154 2273 2310 2354 ἔφην,
2344 2278 2398 2330 αἱ
2430 2275 2625 2351 ψυχαί.
2657 2282 2714 2333 Ὀ
2745 2275 2834 2330 οὖν
2885 2276 3039 2343 Θεὸς,
3072 2277 3147 2330 ὡς
3196 2276 3369 2340 αἴτιος
3407 2276 3498 2330 καὶ
3544 2275 3807 2348 συμπλη-

2157 2365 2387 2441 ρωτικὸς
2417 2373 2517 2435 τῆς
2553 2369 2696 2433 ζωῆς
2728 2368 2915 2438 ἡμῶν,
2939 2367 3013 2428 ὡς
3037 2364 3300 2442 συνοχεὺς
3331 2365 3422 2420 καὶ
3455 2363 3805 2439 διαιρετικὸς,

2155 2456 2228 2517 ὡς
2274 2455 2370 2516 τὰς
2418 2452 2678 2532 διαφορὰς
2725 2456 2904 2524 πάσης
2957 2460 3101 2523 ζωῆς
3132 2453 3402 2525 διατάξας,
3437 2459 3674 2524 νοητῶν,
3710 2453 3807 2509 λο-

2155 2549 2344 2618 γικῶν,
2386 2543 2737 2614 αἰσθητικῶν,
2771 2544 3075 2614 αὐξητικῶν
3134 2544 3282 2618 ἀρχὴ
3339 2543 3553 2598 πάντων
3613 2541 3757 2598 ἐστίν
3795 2562 3809 2576 ο

2159 2633 2297 2687 ὥστε
2328 2630 2514 2702 ἐπειδὴ
2568 2629 2678 2690 ἄνω
2737 2632 2852 2688 εἶπε
2895 2633 2984 2687 καὶ
3036 2635 3126 2688 τὸν
3185 2631 3344 2702 ἥλιον
3381 2633 3524 2702 ζωὴν
3579 2629 3813 2699 διδόναι,

2155 2722 2245 2777 καὶ
2280 2723 2491 2799 τρέφειν
2523 2725 2719 2789 πάντα,
2756 2723 2830 2794 μὴ
2881 2724 3108 2796 νοήσῃς,
3143 2721 3225 2777 ὅτι
3282 2722 3370 2800 ἀφ’
3402 2723 3594 2778 ἑαυτοῦ
3644 2726 3810 2776 τοῦτο

2157 2806 2296 2885 ἔχει,
2329 2811 2454 2866 ἀλλ’
2487 2809 2546 2865 ἐκ
2573 2818 2673 2880 τῆς
2702 2810 2912 2866 πάντων
2946 2811 3128 2888 ἀρχῆς
3157 2811 3248 2866 καὶ
3280 2811 3476 2872 αἰτίας.

2653 3085 2764 3134 ΕΙΣ
2803 3085 2888 3137 ΤΟ
2926 3086 3186 3138 ΚΕΦΑΛ.
3226 3087 3296 3137 Z’.

2228 3172 2328 3239 §I.
2362 3170 2518 3242 Ὑπὲρ
2575 3174 2746 3223 πᾶσαν
2802 3171 3016 3244 σοφίαν.
3073 3170 3193 3225 Εἰσί
3256 3190 3398 3232 τινες
3473 3175 3582 3225 τῶν
3660 3170 3811 3224 ἀκαί-

2164 3280 2271 3334 ρων
2305 3257 2620 3336 φιλοσόφων
2653 3257 2931 3333 λέγοντες,
2964 3258 3047 3314 ὅτι
3079 3258 3164 3314 ἐὰν
3202 3259 3475 3333 βούλησθε
3528 3261 3624 3314 τὸν
3678 3261 3808 3314 Θεὸν

396 3350 590 3406 dicere
619 3350 800 3405 Deum
833 3331 1109 3421 superare
1137 3331 1378 3404 omnem
1414 3349 1764 3419 sapientiam
1798 3352 1855 3403 et
1883 3347 2046 3402 intel-

2166 3347 2336 3421 λέγειν
2375 3347 2504 3421 ὑπὲρ
2535 3353 2707 3402 πᾶσαν
2737 3346 2925 3425 σοφίαν
2966 3350 3056 3402 καὶ
3105 3348 3336 3418 σύνεσιν,
3382 3353 3590 3403 ποιεῖτε
3649 3348 3814 3403 αὐτὸν

393 3438 719 3509 ligentiam,
757 3438 945 3494 facitis
989 3438 1184 3510 ipsum
1219 3437 1592 3509 insipientem
1633 3441 1691 3492 et
1720 3437 2051 3492 intellectus

394 3533 712 3599 expertem.
745 3529 828 3583 Ad
851 3545 1000 3598 quos
1033 3527 1346 3582 dicendum
1383 3544 1394 3580 :
1434 3530 1584 3580 Deus
1615 3530 1814 3580 noster
1843 3530 1931 3580 est
1951 3542 2048 3581 su-

393 3634 499 3688 pra
531 3618 729 3674 omnia
751 3635 876 3688 quac
910 3617 1321 3689 intelliguntur
1343 3620 1398 3670 et
1422 3621 1590 3682 sunt;
1620 3616 1739 3670 sive
1760 3615 1943 3684 igitur
1963 3632 2050 3669 sa-

396 3707 637 3777 pientia,
671 3712 793 3762 sive
824 3706 1233 3776 intelligentia,
1261 3705 1379 3760 sive
1409 3706 1548 3773 vita,
1583 3704 1703 3759 sive
1732 3705 2052 3759 subsislen-

395 3796 498 3860 tia,
532 3794 1042 3860 siveexsistentia,
1075 3795 1192 3849 sive
1225 3793 1480 3849 essentia
1504 3811 1534 3848 a
1561 3793 1728 3849 nobis
1760 3792 2050 3864 intelliga-

396 3889 510 3954 tur,
544 3889 633 3939 est
665 3901 844 3954 supra
873 3883 993 3938 hac
1045 3883 1280 3949 omnia;
1337 3899 1449 3937 non
1485 3884 1636 3953 quod
1671 3881 1815 3937 nihil
1848 3898 2050 3937 eorum

397 3975 706 4045 participet
735 3973 865 4044 (hoc
889 3973 1043 4028 enim
1070 3973 1424 4039 absurdum;
1453 3972 1746 4043 quomodo
1771 3971 1925 4026 enim
1953 3972 2052 4041 qui

397 4069 486 4119 est
516 4079 710 4118 rerum
767 4067 991 4131 auctor,
1043 4079 1284 4117 suorum
1342 4079 1456 4117 non
1509 4066 1665 4116 esset
1697 4059 2052 4131 particeps),

396 4154 498 4208 sed
531 4153 681 4223 quod
715 4152 913 4207 omnia
945 4169 1012 4206 ex
1052 4168 1117 4206 eo
1162 4152 1468 4223 prodeant,
1502 4155 1559 4205 et
1590 4150 1718 4220 ejus
1750 4149 2054 4218 integrita-

396 4247 512 4297 tem
547 4241 935 4313 participent;
970 4257 1140 4296 omne
1172 4241 1326 4295 enim
1379 4241 1531 4311 quod
1566 4238 2055 4306 communicatur,

397 4331 698 4402 antiquius
749 4334 837 4386 est
887 4329 957 4385 iis
1006 4347 1133 4401 quae
1167 4346 1234 4384 ex
1264 4345 1369 4396 eo;

393 4424 775 4486 aalerm'las,ct
798 4425 1014 4490 tempus
1067 4418 1297 4489 proprie
1350 4418 1689 4472 nominatur
1740 4423 1804 4471 ut
1856 4417 1906 4472 is
1956 4413 2056 4488 qui

394 4510 749 4564 (sterilitates
773 4517 826 4562 et
846 4514 960 4562 tem
974 4524 1113 4578 pora
1130 4506 1395 4561 condidit
1423 4523 1436 4572 ;
1470 4506 1554 4560 sic-
1586 4506 1766 4576 igitur
1789 4505 1966 4560 etiam
1985 4507 2056 4562 de

395 4598 685 4669 sapientia
715 4602 773 4651 et
803 4597 923 4650 vita
944 4596 1432 4662 dicendum,cum
1469 4611 1694 4664 eorum,
1719 4611 1953 4666 quoque
1978 4594 2056 4649 sit

1424 4345 1604 4400 quare
1653 4332 1709 4382 et
1738 4329 1839 4399 qui
1871 4335 1968 4393 est,
2002 4331 2060 4382 et

2162 3435 2365 3510 ἄσοφον
2421 3436 2510 3490 καὶ
2570 3435 2844 3493 ἀσύνετον.
2904 3437 3047 3512 Πρὸς
3106 3435 3197 3499 οὓς
3254 3436 3512 3492 λεκτέον·
3570 3439 3628 3494 Ὁ
3684 3439 3816 3500 Θεὸς

2161 3528 2323 3596 ἡμῶν
2357 3524 2487 3598 ὑπὲρ
2517 3525 2687 3579 πάντα
2733 3525 2802 3579 τὰ
2845 3525 3119 3597 νοούμενα
3164 3525 3253 3581 καὶ
3311 3523 3440 3581 ὄντα
3497 3525 3662 3583 ἐστίν.
3690 3525 3816 3582 Εἴτε

2163 3614 2253 3668 οὖν
2316 3614 2494 3691 σοφία,
2529 3611 2634 3668 εἷ’τε
2691 3614 2921 3681 σύνεσις,
2976 3611 3081 3668 εῗίτε
3143 3615 3278 3684 ζωὴ,
3328 3613 3433 3669 εἷίτε
3493 3615 3809 3683 ὑπόστασις,

2164 3701 2268 3758 εἷ’τε
2324 3702 2566 3778 ὕπαρξις,
2627 3701 2734 3758 sifts
2789 3703 2949 3758 οὐσία
3007 3709 3207 3758 νοεῖται
3268 3705 3394 3779 παρ’
3446 3706 3629 3776 ἡμῶν,
3679 3705 3812 3778 ὑπὲρ

2160 3797 2326 3847 ταῦτα
2352 3792 2526 3846 πάντα
2558 3791 2721 3862 ἐστὶν,
2755 3790 2862 3867 οὐχ
2891 3792 2965 3856 ὡς
2997 3795 3074 3864 μὴ
3113 3793 3360 3867 μετέχων
3399 3793 3575 3847 αὐτῶν
3628 3797 3812 3866 (τοῦτο

2162 3883 2265 3956 γὰρ
2299 3880 2552 3951 ἀνόητον·
2587 3881 2615 3934 ὁ
2647 3881 2748 3954 γὰρ
2780 3879 2954 3942 αἶ’τιος
2985 3885 3090 3935 τῶν
3115 3880 3413 3956 γινομένων
3447 3885 3563 3943 πῶς
3597 3881 3658 3936 οὐ
3685 3902 3812 3954 μετ-

2164 3969 2281 4045 έχει
2330 3975 2437 4023 τῶν
2487 3969 2537 4039 ἐξ
2590 3969 2817 4042 αὐτοῦς)
2849 3969 2972 4025 ἀλλ’
3005 3971 3080 4031 ὡς
3127 3975 3230 4026 τῶν
3263 3971 3477 4024 πάντων
3534 3969 3585 4041 ἐξ
3643 3969 3811 4025 αὐτοῦ

2163 4057 2568 4133 προελθόντων,
2599 4057 2686 4112 καὶ
2718 4065 2816 4126 τῆς
2866 4060 3033 4112 αὐτοῦ
3086 4058 3426 4133 μετεχόντων
3487 4057 3758 4129 ὁλότητος
3794 4079 3808 4093 ·

2164 4154 2266 4202 πᾶν
2306 4147 2409 4220 γὰρ
2439 4148 2501 4200 τὸ
2536 4147 2902 4222 μετεχόμενον
2933 4147 3290 4223 ἀρχαιότερόν
3322 4147 3432 4202 ἐστι
3463 4153 3571 4202 τῶν
3618 4147 3669 4218 ἐξ
3716 4148 3814 4202 αὐ-

2162 4241 2280 4292 τοῦ.
2316 4235 2408 4290 Διὸ
2455 4236 2545 4290 καὶ
2582 4233 2675 4305 ὢν,
2708 4236 2796 4290 καὶ
2845 4235 2976 4290 αἶ’ὼν
3025 4236 3248 4312 κυρίως,
3280 4237 3369 4292 καὶ
3428 4239 3628 4311 χρόνος
3689 4237 3812 4292 ὀνο-

2170 4327 2415 4399 μάζεται,
2447 4325 2521 4386 ὡς
2553 4327 2641 4378 καί
2671 4324 2798 4387 τοὺς
2833 4324 3034 4386 αἰῶνας
3068 4324 3156 4379 καὶ
3185 4326 3316 4388 τοὺς
3368 4325 3605 4400 χρόνους
3639 4329 3815 4397 ποιή-

2166 4436 2260 4476 σας
2297 4433 2308 4446 ⁸
2338 4413 2510 4475 οὕτως
2543 4411 2638 4467 οὖν
2677 4415 2766 4468 καὶ
2825 4413 2911 4468 ἐπὶ
2965 4421 3063 4483 τῆς
3113 4415 3304 4489 σοφίας
3363 4416 3454 4470 καὶ
3510 4423 3611 4485 τῆς
3670 4421 3817 4486 ζωῆς

2168 4503 2409 4575 λεκτέον,
2438 4505 2520 4558 ὅτι
2552 4504 2638 4558 καὶ
2673 4503 2847 4558 αὐτῶν
2878 4503 2986 4558 ἐστι
3021 4501 3359 4580 δημιουργός
3386 4512 3400 4539 ‘
3439 4504 3483 4559 εἰ
3514 4504 3619 4580 γὰρ
3646 4510 3815 4560 ταῦτα

2167 4590 2354 4654 ἄλλως
2386 4589 2532 4667 ἔχειν
2567 4591 2826 4665 εἷ’πωμεν,
2860 4593 3160 4667 εὑρίσκεται
3205 4594 3234 4648 ὁ
3279 4593 3408 4656 Θεὸς
3455 4595 3678 4669 ὕστερον
3718 4616 3814 4649 σο-

396 4686 698 4753 conditor;
733 4684 783 4739 si
814 4683 970 4739 enim
1005 4684 1124 4738 haec
1155 4684 1326 4738 aliter
1355 4684 1570 4738 habere
1591 4683 1934 4752 dixerimus,
1963 4684 2046 4738 in-

2166 4682 2374 4757 φισθεὶς
2401 4681 2437 4750 ἢ
2466 4683 2803 4750 συνετισΟεὶς,
2838 4681 2968 4758 ὅπερ
3009 4689 3108 4752 τῆς
3167 4683 3344 4738 αὐτῶν
3402 4683 3514 4739 ἐστι
3569 4684 3812 4757 τόλμης,

397 4774 628 4830 venitur
656 4774 810 4829 Deus
834 4779 1036 4845 postea
1067 4773 1302 4844 sapiens
1333 4778 1388 4827 et
1417 4772 1748 4841 intelligens
1771 4773 2052 4839 evasisse,

399 4865 553 4935 quod
588 4879 789 4918 eorum
821 4862 1170 4917 temeritatis
1221 4867 1331 4927 est,
1366 4878 1477 4915 non
1531 4866 1833 4929 nostrum;
1859 4862 2050 4917 absit!

467 4955 768 5024 Nostrique
796 4953 1146 5023 praceptoris
1173 4952 1272 5006 sol.
1308 4956 1449 5005 Nota
1482 4951 1634 5021 quod
1659 4951 1840 5006 solem
1877 4967 2054 5006 suum

400 5047 455 5098 et
488 5043 676 5098 sancti
709 5041 1001 5097 Hierotbei
1035 5041 1191 5095 dicat
1239 5039 1572 5111 apostolum
1625 5040 1896 5095 Paulum.
1931 5041 2053 5095 Ad-

394 5137 553 5187 verte
583 5137 776 5186 autem
811 5131 1104 5202 quomodo
1133 5131 1296 5184 Pater
1318 5129 1669 5184 intellexerit
1699 5130 2051 5186 sententiam

394 5220 680 5290 Apostoli.
739 5221 1192 5291 Cbrysoslomus
1243 5217 1398 5272 enim
1453 5223 1510 5272 et
1554 5217 1759 5287 reliqui
1814 5219 2050 5274 Patrum

395 5311 540 5365 illud
571 5312 640 5364 de
671 5325 842 5363 cruce
868 5308 1299 5362 intellexerunt.

467 5400 646 5453 Etiam
675 5397 918 5451 solemne
951 5400 1031 5451 est
1062 5395 1348 5466 theologis.
1377 5397 1536 5460 Quod
1573 5395 1790 5450 dicitur
1809 5411 2052 5451 consue-

399 5487 666 5545 tudinem
699 5501 828 5542 esse
858 5483 1147 5555 theologis
1177 5483 1326 5541 185
1363 5485 1727 5556 privationes
1759 5483 2050 5540 contrario

2164 4771 2270 4845 οὐχ
2291 4770 2557 4845 ἡμέτερον
2594 4790 2607 4802 ·
2647 4771 2722 4842 μὴ
2756 4773 3007 4846 γένοιτοί

2237 4859 2332 4915 Καὶ
2416 4863 2512 4913 τοῦ
2597 4859 2974 4934 καθηγεμόνος
3058 4859 3241 4929 ἥλιος,
3321 4860 3642 4934 Σημείωσαι
3730 4862 3811 4917 ὅτι

2161 4949 2324 5018 ἥλιον
2374 4949 2564 5003 ἑαυτοῦ
2613 4949 2703 5002 καὶ
2747 4953 2845 5003 τοῦ
2895 4949 3053 5023 ἁγίου
3085 4949 3348 5022 Ἱεροθέου
3378 4952 3472 5005 τὸν
3501 4951 3809 5008 ἀπόστολον

2163 5036 2378 5095 Παῦλόν
2427 5059 2580 5115 φησι.
2635 5039 2956 5110 Σημείωσαι
3004 5039 3081 5106 δὲ,
3114 5043 3232 5101 πῶς
3283 5035 3474 5094 ἔλαϐεν
3534 5041 3562 5094 ὁ
3623 5042 3810 5117 Πατήρ

2159 5129 2221 5182 τὸ
2295 5126 2456 5203 ῥητὸν
2529 5132 2624 5182 τοῦ
2683 5126 3074 5182 Ἀποστόλου·
3135 5128 3162 5182 ὁ
3239 5128 3342 5204 γὰρ
3419 5129 3811 5205 Χρυσόστομος

2161 5217 2250 5271 καὶ
2303 5217 2353 5270 οἱ
2401 5215 2589 5272 λοιποὶ
2639 5221 2746 5272 τῶν
2803 5218 3054 5293 Πατέρων
3115 5217 3240 5293 περῖ
3269 5223 3364 5273 τοῦ
3396 5224 3632 5294 σταυροῦ
3685 5219 3813 5275 αὐτὸ

2163 5301 2381 5362 ἔλαϐον.

2233 5393 2335 5450 Καὶ
2390 5393 2611 5465 σύνηθές
2672 5395 2783 5449 ἐστι
2840 5400 2956 5457 τοῖς
3031 5393 3337 5471 θεολόγοις.
3389 5397 3458 5450 Τὸ
3519 5397 3810 5471 εἰρημένον

2159 5476 2279 5546 ἔθος
2326 5485 2460 5537 εἶναι
2511 5489 2627 5545 τοῖς
2659 5483 2941 5558 Θεολόγοις
2975 5485 3277 5548 ἀντιπαοῶς
3308 5488 3349 5522 ⁴¹
3387 5485 3475 5541 ἐπὶ
3527 5489 3665 5542 Θεοῦ
3713 5488 3807 5550 τὰς

1429 5665 1668 5721 νΑΗΙίΕ
1698 5665 2080 5723 LECTIONES
2110 5666 2196 5721 ET
2227 5665 2772 5724 CORRECTIONES.

472 5797 515 5832 ¹ο¹
549 5792 665 5848 ἀντὶ
699 5792 920 5853 πάΟους.
