4080 6366
233 465 327 521 341
989 472 1048 523 S.
1091 471 1364 525 MAXIMI
1412 473 1720 528 SCHOLIA
1757 476 1831 528 IN
1871 476 2004 527 LIB.
2048 476 2143 526 DE
2183 473 2461 527 DIVINIS
2500 473 2918 530 NOMINIBUS.

3557 477 3662 531 3-52

239 599 514 674 στερήσεις
545 595 816 675 ἐκφέρειν,
852 597 1024 661 οὕτως
1072 595 1130 652 ἂν
1181 601 1477 673 νοήσαιμεν
1503 619 1516 633 ·
1554 600 1885 676 βουλόμενοι

2009 617 2178 656 sensu
2215 603 2285 657 de
2317 603 2429 657 Deo
2470 603 2801 674 enuntiare,
2849 603 2931 658 ita
2975 601 3418 674 intelligamus;
3451 619 3661 676 nempe

240 687 330 762 γὰρ
365 685 560 741 ἐκεῖνοι
594 688 658 741 τὸ
691 690 806 763 φῶς
852 686 913 741 τὸ
965 689 1110 742 θεῖον
1162 689 1284 743 ὅσον
1347 689 1462 744 οἷόν
1521 711 1578 745 τε
1607 694 1893 763 παριστᾷν,

245 774 319 828 ὅτι
352 774 816 847 ἀπροσπέλαστον
862 775 952 829 καὶ
1004 776 1422 851 ἀκατόπτευτον,
1473 780 1518 850 ᾦ
1563 780 1638 852 μὴ
1674 777 1894 834 δύναται

244 859 574 938 προσϐαλεῖν
625 861 818 936 μηδὲν,
852 866 991 937 μήτε
1039 863 1224 934 ἄυλον,
1272 869 1410 939 μήτε
1459 867 1738 938 αἰσθητὸν,
1770 863 1895 922 σκό-

243 974 328 1014 τος
386 952 706 1024 ὠνόμασαν,
773 954 845 1014 ὡς
904 954 985 1020 τὸ,
1056 957 1250 1019 ’Έθετο
1325 956 1516 1019 σκότος
1576 958 1894 1034 ἀποκρυφὴν

244 1043 427 1111 αὐτοῦ,
483 1044 619 1117 ὅπερ
681 1044 708 1097 6
761 1044 903 1104 θεῖος
961 1043 1300 1107 Ἀπόστολός
1348 1067 1500 1124 φησι,
1563 1051 1687 1108 Φῶς
1731 1043 1894 1100 οἷ’κῶν

243 1131 535 1206 ἀπρόσιτον
573 1151 586 1164 ·
641 1132 686 1203 ᾧ
730 1131 831 1208 γὰρ
888 1130 1056 1204 μηδὲν
1108 1132 1386 1209 πρόσεισιν
1441 1135 1633 1208 ὅμοιόν
1680 1135 1789 1190 ἐστι
1819 1140 1897 1207 τῷ

245 1221 317 1293 μὴ
351 1222 557 1297 ὁρῶντι
593 1221 941 1296 ὑπεροχικῶς
978 1221 1172 1295 σκότῳ.
1208 1220 1379 1277 Πάλιν
1415 1223 1624 1299 εἷ’ρηται
1660 1270 1671 1281 .
1698 1226 1897 1289 "ans-

244 1312 499 1384 μαστώθη
552 1313 588 1381 ἡ
639 1312 836 1388 γνῶσίς
888 1333 983 1366 σου
1032 1311 1083 1384 ἐξ
1147 1312 1304 1387 ἐμοῦ,
1351 1312 1472 1369 λίαν
1533 1315 1896 1392 ἐκραταιώθη,

242 1400 299 1454 οὗ
351 1397 606 1474 δύνωμαι
655 1400 795 1477 πρὸς
869 1402 1061 1473 αὐτήν.
1127 1405 1330 1479 Ὥσπερ
1386 1405 1475 1458 οῦν
1534 1407 1569 1474 ἡ
1620 1405 1895 1476 ἀκατάλη-

241 1509 369 1551 πτος
426 1510 519 1545 και
602 1490 963 1566 ἀπερινόητιις
1037 1493 1286 1567 ἀκράτως
1361 1498 1458 1548 τοῦ
1516 1499 1648 1549 Θεοῦ
1705 1499 1897 1570 γνῶσις

244 1578 480 1652 ἀγνωσία
540 1581 923 1649 παρεικάζεται
978 1585 1047 1655 τῇ
1111 1581 1385 1658 ὑπεροῦσῃ
1441 1589 1614 1638 πᾶσαν
1669 1583 1722 1639 ἐν
1776 1606 1896 1640 κτι-

244 1673 388 1730 στοῖς
419 1673 622 1744 γνῶσιν
651 1689 663 1702 ⁸
696 1671 729 1738 ἡ
764 1669 867 1744 γὰρ
917 1670 1041 1747 περὶ
1092 1671 1222 1726 Θεὸν
1267 1671 1509 1746 ἀγνωσία
1544 1677 1650 1728 τῶν
1680 1674 1802 1750 περὶ
1834 1674 1898 1728 τὰ

245 1758 354 1811 θεῖα
408 1761 592 1834 σοφῶν
655 1757 754 1812 οὐκ
819 1757 960 1813 ἔστιν
1004 1760 1227 1833 ἀμαθία,
1290 1758 1436 1816 ἀλλά
1490 1767 1706 1839 γνῶσις,
1768 1765 1895 1838 σιγῇ

244 1847 612 1920 γινώσκουσι,
648 1846 730 1903 ὅτι
782 1846 922 1902 ἐστιν
986 1847 1259 1924 ἄγνωστος
1311 1851 1337 1904 6
1389 1851 1517 1913 Θεός
1552 1872 1564 1885 ’
1599 1851 1770 1914 οὕτως
1804 1850 1894 1907 οῦν

2006 691 2158 759 quod
2193 688 2277 745 illi
2326 691 2587 748 volentes
2637 689 2899 746 divinum
2951 691 3150 746 lumen
3202 696 3489 764 quantum
3524 688 3662 749 licet

2007 784 2446 851 repraesentare,
2505 781 2641 853 quia
2688 782 3055 837 inaccessum
3108 786 3164 836 et
3208 781 3518 851 invisibile,
3565 783 3659 837 cui

2007 870 2152 925 nihil
2187 871 2485 927 intendere
2522 875 2733 941 potest,
2768 887 2954 942 neque
3005 871 3263 925 materiae
3296 889 3520 942 expers,
3556 889 3659 927 nec

2006 959 2243 1027 sensile,
2279 959 2592 1033 caliginem
2620 960 3018 1030 nominarunt,
3045 965 3107 1015 ut
3130 959 3274 1014 illud
3305 961 3617 1033 Scripturae
3648 979 3660 1015 :

2007 1052 2196 1104 Posuit
2228 1050 2485 1105 tenebras
2534 1051 2828 1104 latibulum
2856 1066 3018 1104 suum
3070 1050 3190 1121 (r‘),
3242 1050 3392 1118 quod
3427 1051 3662 1104 divinus

2005 1139 2319 1211 Apostolus
2352 1139 2493 1194 dicit
2530 1157 2541 1193 :
2579 1141 2774 1194 Lucem
2796 1139 3087 1195 inhabitat
3118 1138 3550 1194 z'naccessibz‘lcm
3573 1139 3664 1210 (s);

2007 1228 2152 1283 illud
2186 1227 2339 1283 enim
2394 1228 2464 1283 ad
2516 1229 2670 1300 quod
2726 1227 2870 1282 nihil
2923 1228 3165 1294 accedit,
3212 1227 3408 1282 simile
3455 1234 3565 1297 est,
3601 1231 3664 1282 ut

2007 1317 2407 1373 excellentiam
2456 1317 2819 1390 designanda
2873 1316 3101 1388 loquar,
3133 1316 3369 1390 caligini
3423 1333 3535 1371 non
3573 1316 3662 1370 vi-

2007 1408 2191 1463 denti.
2225 1411 2441 1463 Iterum
2493 1408 2707 1462 dicitur
2740 1425 2752 1463 :
2785 1407 3063 1462 Mirabilz’s
3109 1407 3259 1478 facta
3308 1410 3386 1461 est
3429 1408 3663 1461 scientia

2005 1501 2110 1554 tua
2139 1513 2209 1553 ex
2239 1513 2343 1565 me,
2379 1498 2539 1553 valde
2586 1500 2893 1568 conforlala
2923 1504 3018 1563 est,
3053 1512 3154 1551 nec
3195 1497 3351 1567 potui
3390 1495 3464 1550 ad
3492 1511 3613 1550 eam
3642 1511 3663 1552 :

2008 1587 2090 1642 sic
2107 1585 2906 1660 igiturincomprehensibilis
2921 1584 3231 1640 etminime
3246 1583 3660 1655 intelligibilis,

2008 1677 2133 1732 sine
2191 1676 2465 1732 mistione
2537 1675 2632 1730 Dei
2692 1675 2967 1747 cognitio,
3026 1673 3367 1746 ignorantiae
3427 1689 3661 1727 omnem

2008 1769 2408 1822 creaturarum
2463 1763 2853 1834 cognitionem
2906 1762 3208 1834 superanti
3260 1761 3658 1828 assimilatur;

2007 1856 2338 1926 ignorantia
2393 1854 2547 1908 enim
2595 1853 2651 1906 in
2698 1852 2909 1907 divinis
2956 1867 3155 1906 eorum
3191 1851 3291 1922 qui
3342 1851 3538 1906 divina
3565 1867 3659 1905 sa-

244 1936 327 1989 καί
358 1934 588 1990 κένωσιν
622 1935 852 1991 καλοῦσι
884 1942 978 1992 τοῦ
1026 1943 1162 1993 Θεοῦ
1211 1939 1386 2015 Λόγου
1411 1942 1508 2008 τὴν
1545 1939 1892 2015 ἐνανθρώπη-

2009 1947 2197 2016 piunt,
2235 1961 2346 1998 non
2393 1946 2482 1998 est
2531 1941 2784 2009 inscitia,
2821 1941 2920 1996 sed
2955 1940 3219 2009 scientia,
3267 1958 3394 2012 qua:
3426 1939 3657 1995 silentio

245 2046 343 2096 σιν,
387 2025 568 2080 καίτοι
626 2025 817 2098 πλήρη
867 2026 1269 2102 τυγχάνουσαν,
1341 2027 1559 2101 μᾶλλον
1619 2027 1675 2084 δὲ
1735 2031 1894 2105 ὑπερο

242 2113 430 2189 πλήρη
465 2114 663 2189 σοφίας
691 2117 778 2170 καὶ
812 2113 1090 2189 δυνάμεως
1122 2116 1211 2171 καὶ
1264 2117 1539 2193 σωτηρίας
1574 2137 1586 2150 ·
1616 2117 1760 2174 ἀλλὰ
1801 2121 1889 2175 καὶ

242 2203 515 2266 ἀσθένειαν
545 2209 680 2258 Θεοῦ
709 2204 772 2259 τὸ
805 2201 892 2258 διά
936 2209 1166 2279 σταυροῦ
1209 2205 1470 2281 τρόπαιον
1509 2207 1890 2280 ὀνομάζουσιν,

243 2293 348 2346 οἷον
373 2290 565 2361 ἐπειδή
608 2293 822 2365 Θανάτῳ
868 2295 921 2348 αἱ
967 2296 1201 2369 πονηραὶ
1236 2296 1325 2349 καὶ
1367 2297 1589 2372 ἀόρατοι
1634 2294 1891 2370 δυνάμεις

238 2386 331 2436 τοῦ
389 2376 657 2436 διαϐόλου
712 2381 1109 2454 κατελύθησαν,
1167 2383 1254 2438 καὶ
1310 2385 1424 2440 ἀντὶ
1482 2387 1706 2441 θανάτου
1764 2385 1891 2442 ἀνα-

242 2463 424 2532 στάσις
485 2475 691 2545 νεκρῶν
745 2470 835 2526 καὶ
895 2470 1140 2544 βασιλεία
1206 2472 1446 2548 οὐρανῶν
1508 2475 1837 2550 ἀντεισήχθη
1875 2495 1888 2510 ο

238 2564 426 2615 τοῦτον
462 2561 556 2615 οῦν
587 2561 683 2615 τὸν
716 2561 920 2635 τρόπον
972 2561 1061 2616 καὶ
1122 2562 1301 2637 μωρία
1350 2568 1504 2620 Θεοῦ.
1538 2566 1572 2633 ἡ
1601 2571 1772 2619 πᾶσαν
1801 2587 1890 2620 σο-

243 2651 360 2727 φίαν
417 2650 510 2704 καὶ
591 2649 902 2724 ἐπιστήμην
974 2652 1340 2727 ὑπεραίρουσα
1385 2658 1491 2708 τῶν
1570 2653 1890 2728 ἀνθρώπων,

240 2737 447 2800 σύνεσις
479 2742 577 2792 τοῦ
627 2742 782 2807 Θεοῦ,
844 2741 1052 2809 Νοήσαι
1111 2737 1169 2795 δὲ
1228 2739 1287 2795 ἄν
1340 2763 1423 2803 τις
1479 2742 1541 2796 τὸ
1573 2739 1891 2817 λεγόμενον,

238 2826 436 2881 ἐννοῶν
495 2826 624 2889 τοὺς
675 2827 780 2882 ἀπὸ
834 2832 942 2883 τῶν
1007 2829 1282 2904 αἱρέσεων,
1341 2832 1456 2903 μεθ’
1504 2832 1577 2886 ὧν
1625 2832 1713 2886 καὶ
1764 2831 1891 2895 τοὺς

233 2914 544 2987 Ἕλληνας,
597 2917 650 2971 οἳ
722 2915 1122 2992 συλλογισμοῖς
1183 2918 1461 2988 αἰσθητοῖς
1511 2918 1891 2976 ἀποδεικνύναι

235 3007 599 3084 φαντάζονται
658 3010 792 3060 Θεοῦ
869 3006 1139 3081 σάρκωσιν
1217 3004 1478 3062 ἀδύνατον
1536 3010 1666 3063 εἶναι
1726 3011 1890 3085 μέχρι

234 3097 467 3150 θανάτου
502 3093 975 3167 οἶκονομηθεῖσαν.
1022 3096 1165 3170 Πρὸς
1208 3094 1298 3158 οὓς
1331 3095 1524 3151 ἐννοῶν
1559 3098 1586 3151 6
1618 3097 1890 3161 θειότατος

236 3184 454 3245 Παῦλος
508 3182 818 3260 ἴλιγγιάσας
889 3181 1182 3259 ἀνέκραγεν
1223 3205 1235 3218 ·
1305 3186 1371 3240 Ὠ
1431 3186 1590 3262 βάθος
1647 3186 1891 3243 πλούτου

235 3273 321 3327 καὶ
382 3271 579 3349 σοφίας
667 3277 822 3342 Θεοῦ,
883 3275 959 3335 ὠς
1037 3273 1420 3350 ἀνεξερεύνητα
1498 3277 1564 3330 τὰ
1649 3275 1890 3351 κρίματα

2007 2033 2305 2106 cognoscit
2352 2031 2534 2086 Deum
2595 2030 2839 2084 minime
2889 2029 3160 2100 cognosci
3209 2045 3398 2100 posse.
3453 2030 3655 2099 Itaque

2004 2123 2103 2178 Dei
2139 2122 2304 2178 Verbi
2339 2126 2556 2175 natura
2587 2120 2860 2174 humanae
2883 2119 3346 2190 assumptionem
3381 2117 3651 2173 inanitio-

2005 2229 2137 2267 nem
2160 2216 2391 2275 vocant,
2416 2209 2522 2265 etsi
2548 2209 2717 2280 plena
2740 2209 2816 2264 sit
2835 2209 2952 2262 imo
2975 2207 3319 2278 plenissima
3339 2208 3648 2280 sapientia,

2002 2302 2238 2368 virtute,
2267 2317 2330 2355 ac
2353 2299 2578 2366 salute;
2604 2299 2745 2370 quin
2770 2297 2947 2354 etiam
2976 2297 3071 2352 Dei
3093 2297 3495 2353 inﬁrmitatem
3517 2314 3650 2352 cru-

2004 2391 2086 2445 cis
2114 2395 2397 2460 tropteum
2429 2394 2658 2455 vocant,
2711 2387 2990 2458 quoniam
3040 2385 3207 2440 malae
3240 2391 3298 2441 et
3327 2385 3655 2441 invisibiles

2005 2478 2221 2534 diaboli
2243 2482 2564 2549 potestates
2583 2481 2769 2532 morte
2792 2475 3090 2531 dissoluta
3109 2479 3331 2544 sunt,et
3349 2492 3449 2546 pro
3469 2481 3657 2531 morte

2005 2573 2370 2624 mortuorum
2406 2565 2757 2622 resurrectio
2791 2581 2856 2620 ac
2886 2581 3132 2636 regnum
3167 2565 3444 2620 caelorum
3474 2565 3656 2619 intro-

2003 2659 2246 2713 ductum
2263 2655 2489 2711 esthoc
2504 2653 2870 2726 igiturmodo
2885 2651 3405 2723 stultitiaDei,quaa
3421 2669 3654 2707 omnem

2003 2745 2350 2817 sapientiam
2376 2748 2427 2799 et
2449 2743 2750 2799 scientiam
2766 2741 3074 2796 hominum
3097 2745 3356 2811 superat,
3376 2740 3468 2795 Dei
3493 2740 3656 2794 intelo

2003 2834 2244 2907 ligentia
2276 2851 2289 2889 :
2325 2833 2538 2905 poterit
2564 2837 2757 2887 autem
2792 2831 2925 2900 quis
2970 2829 3292 2900 intelligere
3325 2830 3478 2901 quod
3513 2829 3656 2884 dici-

2001 2930 2118 2989 tur,
2171 2923 2216 2977 si
2253 2922 2464 2994 cogitet
2495 2919 2819 2989 hzeretieos,
2853 2923 2910 2974 et
2939 2935 3070 2973 cum
3106 2918 3223 2972 illis
3254 2919 3523 2988 gentiles,
3555 2919 3655 2990 qui

2003 3012 2268 3070 sensibili
2302 3014 2644 3082 argumento
2678 3013 2888 3080 putant
2923 3009 3348 3072 demonstrare,
3380 3007 3656 3079 impossi-

2003 3102 2117 3158 bile
2149 3115 2279 3156 esse
2312 3099 2412 3154 Dei
2439 3098 2900 3154 incarnationem
2935 3113 3121 3167 usque
3153 3097 3222 3151 ad
3258 3100 3502 3151 mortem
3535 3097 3656 3151 dis-

2003 3195 2308 3263 pensatam
2361 3189 2560 3244 fuisse.
2614 3188 2900 3241 Adversus
2950 3202 3098 3257 quos
3149 3185 3387 3240 divinus
3439 3184 3656 3240 Paulus

2000 3280 2178 3336 veluti
2209 3277 2518 3349 cogitando
2550 3275 2760 3347 capitis
2789 3275 3139 3346 vertiginem
3175 3291 3387 3345 passus
3419 3273 3655 3343 clamat,

238 3360 420 3418 αὑτοῦ.
443 3363 517 3416 Τὸ
548 3362 638 3416 οῦν
692 3362 982 3438 ὑπεραῖρον
1035 3363 1212 3432 πάσῆς
1267 3371 1490 3434 κτιστῆς
1534 3365 1728 3440 σοφίας
1755 3367 1887 3439 μέθ-

2009 3371 2042 3426 0
2069 3344 2310 3424 altitude
2351 3344 2680 3421 divitiarum
2723 3373 2774 3419 el
2818 3344 3110 3435 sapientia
3158 3344 3269 3432 Dei,
3304 3379 3467 3434 quam
3498 3365 3656 3419 inin-

239 3449 358 3505 060v
393 3448 511 3505 ἴσον
546 3450 607 3505 ἂν
638 3448 721 3522 εἷή
754 3457 868 3514 τοῖς
904 3453 968 3506 οὐ
999 3450 1374 3517 θεοδιδάκτοις
1407 3454 1616 3529 μωρίας
1649 3454 1838 3531 λόγοις
1872 3474 1886 3526 ;

245 3541 445 3615 Λόγοις
481 3541 586 3616 γὰρ
629 3539 726 3594 οὑκ
757 3539 816 3595 ἂν
865 3539 1245 3615 ἐξομαλισθείη
1280 3541 1315 3612 ἤ
1353 3540 1424 3596 δι’
1453 3544 1722 3614 αἰσθητῶν
1755 3545 1890 3600 ἀπο-

241 3626 451 3700 δείξεων
481 3630 543 3684 τὸ
579 3631 898 3706 μυστήριον,
934 3629 1171 3694 πίστεως
1203 3631 1265 3687 οὗ
1297 3633 1744 3708 προηγουμένης.

301 3897 807 3961 Ἀντιπεπονθότως
915 3897 1003 3953 ἰπὶ
1099 3904 1259 3955 Θεοῦ.
1343 3901 1841 3964 Ἀντιπεπονθότως
1873 3944 1888 3971 ,

237 3993 512 4042 τουτέστιν
593 3988 1053 4064 ἀντιπεριτροπήν
1120 3993 1217 4044 τοῦ
1295 3988 1466 4063 λόγου
1528 3989 1837 4066 πάσχοντος
1872 4009 1885 4024 ⁸

239 4073 322 4130 δ’ιά
365 4077 473 4150 γὰρ
524 4079 635 4130 τῶν
695 4079 784 4138 εάς
863 4079 1142 4151 περήσεις
1208 4076 1495 4147 δηλουσῶν
1544 4079 1892 4156 ἀποφάσεων,

236 4167 269 4233 ἡ
299 4165 423 4240 περὶ
457 4169 599 4220 Θεοῦ
635 4167 883 4241 ὑπεροχὴ
937 4163 1221 4236 δηλοῦται,
1275 4168 1406 4244 ὅπερ
1461 4169 1510 4223 ἐν
1541 4170 1706 4246 ἑτέρῳ
1733 4167 1890 4224 δύνα-

242 4275 327 4326 μιν
363 4254 709 4330 ὑπεροχικῆς
737 4253 1059 4333 ἀποφάσεως
1087 4254 1292 4332 εἷ’ρηκε.

305 4433 382 4487 Τὸ
443 4430 774 4506 φαινόμενον
835 4430 886 4486 ἐν
944 4433 1082 4506 αὐτῇ
1139 4431 1478 4508 παράλογον.
1528 4435 1624 4490 Καὶ
1681 4435 1780 4512 γὰρ
1829 4436 1893 4490 τὸ

238 4520 371 4576 κατά
398 4521 496 4576 τὸν
530 4521 757 4596 σταυρὸν
807 4522 998 4590 πάθος,
1041 4520 1131 4576 καὶ
1174 4523 1236 4576 τὸ
1287 4519 1461 4597 λέγειν
1498 4525 1625 4578 Θεὸν
1652 4524 1895 4588 παθόντα

244 4610 422 4685 σαρκὶ,
472 4609 562 4664 καὶ
622 4607 937 4686 παράλογον
989 4609 1157 4679 δοκεῖ,
1207 4611 1296 4664 καὶ
1343 4607 1567 4681 ἄτοπον,
1630 4611 1761 4688 ὅπερ
1791 4613 1891 4681 τήν

2003 3457 2348 3529 vestigabilia
2380 3456 2592 3524 judicia
2639 3456 2753 3524 ejus
2787 3455 2876 3524 (δ’)
2904 3471 2916 3515 ς
2974 3453 3127 3524 quod
3161 3468 3295 3524 ergo
3339 3452 3530 3507 omnis
3563 3469 3655 3507 sa-

2002 3547 2232 3621 pientiae
2265 3550 2470 3600 creatae
2501 3543 2620 3599 vim
2664 3546 2921 3614 superat,
2957 3543 3250 3612 quomodo
3299 3541 3519 3612 aequale
3547 3541 3658 3596 erit

2002 3636 2264 3693 stultitiae
2294 3634 2482 3689 verbis
2515 3632 2760 3687 minime
2783 3649 2814 3685 a
2838 3631 2953 3686 Deo
2978 3631 3244 3686 edoctis?
3267 3630 3465 3701 Neque
3496 3630 3654 3686 enim

2001 3725 2347 3799 mysterium
2379 3721 2570 3778 verbis
2602 3727 2702 3776 aut
2733 3719 3232 3776 demonstratione
3263 3718 3529 3775 sensibili
3557 3736 3652 3774 ex-

2002 3814 2203 3888 plicari
2239 3817 2436 3885 queat,
2471 3810 2586 3865 nisi
2621 3810 2763 3865 fides
2792 3809 3100 3882 praecedat.

2074 3903 2366 3958 Contraria
2398 3917 2584 3968 sensu,
2627 3899 2723 3954 Gr.
2756 3895 3250 3964 ἀντιπεπονθότως,
3285 3898 3344 3952 in
3376 3898 3499 3954 Deo.
3534 3896 3654 3954 Ἀν-

1999 3989 2424 4058 τιπεπονθότως,
2457 3990 2515 4044 id
2549 3993 2634 4044 est
2685 4004 2954 4043 sermone
3002 3987 3488 4060 signiﬁcationem
3521 4002 3652 4042 con-

2002 4083 2240 4141 trariam
2287 4081 2576 4146 habente;
2627 4077 3040 4148 negationibus
3091 4077 3249 4130 enim
3300 4076 3653 4147 privationes

2003 4170 2465 4235 declarantibus,
2498 4165 2840 4222 excellentia
2880 4163 3235 4230 declaratur,
3269 4165 3422 4234 quod
3452 4164 3563 4220 alio
3592 4165 3654 4219 in

2001 4263 2128 4318 loco
2185 4259 2465 4316 virtutem
2524 4252 2852 4326 negationis
2899 4267 3205 4308 excessum
3264 4252 3656 4324 significantis

2003 4351 2169 4406 dixit.

2080 4439 2136 4494 Id
2168 4437 2320 4509 quod
2369 4435 2430 4489 in
2483 4450 2548 4490 ea
2592 4432 2802 4488 rationi
2847 4431 3194 4488 contrarium
3241 4429 3472 4485 videtur.
3507 4430 3654 4485 Nam

2006 4529 2125 4602 pati
2157 4527 2214 4582 in
2248 4539 2440 4593 cruce,
2474 4527 2531 4579 et
2563 4537 2823 4578 asserere
2871 4520 3054 4576 Deum
3095 4520 3152 4574 in
3184 4536 3358 4575 carne
3389 4535 3656 4592 passum,

2005 4616 2214 4673 rationi
2248 4612 2606 4670 contrarium
2653 4615 2826 4682 atque
2857 4610 3178 4666 absurdum
3219 4609 3468 4675 videtur,
3502 4608 3656 4663 186

244 4693 410 4760 ὅντως
445 4694 651 4767 ἐδήλου
682 4696 964 4768 ἀλήθειαν,
1019 4699 1382 4772 [Σημείωσαι]
1422 4705 1538 4762 πῶς
1567 4706 1684 4755 νοεῖ
1723 4703 1750 4756 ὁ
1792 4708 1892 4756 Πα-

2009 4707 2156 4780 quod
2205 4721 2265 4759 re
2314 4703 2443 4773 ipsa
2484 4703 2673 4773 ipsam
2725 4699 3057 4755 declarabat
3104 4699 3427 4754 veritatem.
3466 4699 3655 4770 [Nota,

240 4787 343 4861 τήρ
373 4787 438 4842 τὸ
475 4790 574 4841 τοῦ
623 4781 965 4843 Ἀποστόλου
1023 4785 1187 4862 ῥητόν
1219 4807 1233 4820 ·
1290 4790 1318 4842 ὁ
1372 4789 1473 4864 γάρ
1505 4790 1892 4864 Χρυσόστομος

245 4876 332 4928 καὶ
365 4877 417 4929 οἱ
450 4874 642 4931 λοιποὶ
684 4879 789 4929 τῶν
844 4873 1094 4949 Πατέρων
1145 4875 1268 4952 περὶ
1318 4881 1414 4931 τοῦ
1468 4883 1700 4953 σταυροῦ
1729 4883 1892 4935 τοῦτο

251 4959 550 5037 ἐξέλαϐον.]

319 5051 749 5125 Ἑνειλούμενοι.
812 5055 896 5109 Ἐν
951 5051 1147 5116 ἄλλοϊς
1198 5053 1570 5128 ὲνιλλόμενοι,
1621 5057 1894 5112 τούτέστιν

257 5137 700 5221 ἐπιστρεφόμενοι
732 5144 800 5211 ⁴²,
849 5140 1356 5218 ἐγκαλινδούμενοι.
1419 5145 1659 5200 Δείκνυσι
1715 5144 1773 5200 δὲ
1812 5145 1900 5200 διὰ

255 5229 474 5305 τούτων,
507 5230 593 5287 ὅτι
621 5231 682 5286 οὐ
717 5228 799 5286 δεῖ
824 5233 891 5287 τὰ
921 5232 1038 5287 θεῖα
1076 5237 1194 5295 τοῖς
1226 5232 1587 5308 ἀνθρωπίνοις
1617 5229 1901 5310 παραϐάλ-

258 5315 386 5376 λειν.

2005 4791 2297 4865 quomodo
2343 4788 2437 4843 hic
2469 4793 2638 4842 Pater
2685 4787 2907 4842 dictum
2957 4785 3103 4840 illud
3156 4784 3409 4856 Apostoli
3441 4783 3657 4838 intelli-

2005 4887 2148 4955 gat:
2183 4896 2318 4935 nam
2372 4877 2847 4946 Chrysostomus,
2896 4891 2961 4930 ac
3007 4874 3217 4946 reliqui
3268 4874 3466 4928 Patres
3497 4874 3655 4928 istud

2007 4973 2076 5026 de
2107 4986 2277 5027 cruce
2310 4965 2703 5038 acceperunt]

2087 5060 2442 5125 lnharentes,
2477 5056 2573 5112 Gr.
2610 5052 3002 5125 ἒνειλοὺμενοι.
3031 5051 3155 5107 Alia
3185 5050 3538 5122 exemplaria
3561 5050 3664 5105 ha-

2011 5151 2152 5205 bent
2184 5143 2558 5218 ἑνιλλόμενοι,
2591 5145 2648 5198 id
2683 5147 2770 5199 est
2815 5141 3098 5209 conversi,
3129 5140 3396 5195 involuti.
3430 5141 3532 5195 His
3559 5157 3662 5196 au-

2013 5244 2128 5295 tem
2163 5235 2419 5293 ostendit
2468 5233 2666 5291 divina
2697 5250 2812 5289 non
2861 5247 2989 5288 esse
3020 5247 3154 5286 cum
3198 5230 3480 5286 humanis
3512 5247 3664 5287 com-

2014 5327 2296 5401 paranda.

326 5518 423 5592 (ν’)
453 5520 612 5578 Psal.
648 5537 787 5591 xvn,
821 5519 908 5577 l2.
989 5520 1057 5592 (ε)
1089 5523 1110 5576 Ι
1141 5520 1288 5577 Tim.
1320 5538 1396 5592 v1,
1429 5522 1515 5577 16.
1594 5523 1682 5595 (δ’)
1714 5523 1876 5582 Rom.
1902 5542 1982 5596 χι,
2015 5524 2133 5596 33).

1255 5700 1497 5759 vanus
1551 5676 1938 5764 LECTlONES
1985 5705 2074 5760 ET
2119 5698 2666 5759 CORRECTIONES.

333 5815 374 5851 ⁴²
402 5812 840 5894 ἐνστρεφόμενοι.
