4080 6366
403 409 509 463 343

1227 411 1592 464 ΔΡΡΕΝΒΙΧ
1628 412 1726 465 ΔΙ)
1761 409 2004 466 OPERA
2039 409 2098 461 Β.
2139 405 2451 462 DIONYSII
2493 407 2994 464 AREOPAGITE.

3717 403 3819 458 344

481 533 595 589 Vim
625 532 842 600 quidem
890 532 1107 590 habere.
1159 532 1426 589 Diximus
1479 549 1711 606 quoque
1757 531 2054 605 superius,

2242 530 2355 599 Τὴν
2417 531 2510 603 μὲν
2570 526 2716 606 ἔχειν
2774 527 3026 602 δύναμιν.
3089 526 3188 582 Καὶ
3247 527 3501 603 ἀνωτέρω
3569 524 3819 599 εἶ’πομεν,

405 626 659 677 mentem
691 622 1020 693 intelligere
1050 622 1339 678 volentem
1372 623 1628 695 seipsam
1662 624 1881 689 subire,
1916 621 2060 676 dum

404 712 476 766 ad
505 711 932 768 intellectiones
963 713 1267 768 descendit
1296 731 1308 781 ;
1341 713 1767 768 intellectiones
1790 711 1946 768 enim
1970 710 2059 765 in-

402 800 643 856 feriores
673 810 808 856 sunt
858 802 1245 874 intelligente,
1293 808 1356 857 ut
1387 820 1516 873 quae
1566 801 1974 872 intelligantur
2004 804 2062 855 et

405 890 1000 962 comprehendantur,
1054 898 1228 963 atque
1278 893 1485 947 merito
1539 891 1822 946 unitionis
1873 888 2061 960 ipsius

403 981 618 1035 mentis
651 981 945 1052 separatio
997 999 1061 1037 ac
1099 981 1350 1049 divisio;
1404 980 1740 1036 intellectus
1787 979 1944 1034 enim
1976 981 2064 1033 est

404 1070 652 1141 simplex
681 1076 736 1124 et
759 1071 1019 1142 partium
1043 1088 1246 1142 expers
1273 1091 1285 1139 ;
1322 1070 1748 1126 intellectiones
1770 1086 1902 1124 vero
1925 1071 2065 1124 sunt

402 1157 464 1213 in
485 1159 737 1214 maxima
759 1161 928 1231 copia
948 1167 1005 1215 et
1026 1161 1284 1232 separari
1305 1165 1553 1231 queunt,
1576 1177 1641 1214 ac
1663 1159 1841 1214 veluti
1865 1158 2062 1214 formae

405 1264 471 1302 ac
503 1248 726 1318 species
761 1248 1129 1317 intellectus;
1165 1249 1294 1304 ideo
1324 1249 1389 1302 τὰ
1419 1247 1602 1323 νοερά,
1637 1249 1693 1303 id
1726 1254 1811 1304 est
1840 1266 1906 1302 ea
1938 1264 2062 1318 quas

405 1335 765 1408 intelligunt,
819 1338 1096 1394 inferiora
1149 1343 1289 1394 sunt
1334 1341 1440 1391 τῶν
1493 1341 1724 1407 νοητῶν,
1759 1339 1815 1393 id
1861 1342 1949 1393 est
1993 1335 2063 1391 iis

406 1443 533 1498 quae
568 1426 997 1498 intelliguntur.
1049 1432 1227 1483 Porro
1283 1428 1496 1484 mentis
1531 1428 1878 1492 unitionem,
1914 1426 2067 1481 sicut

406 1514 682 1586 deinceps
714 1516 930 1571 clarius
961 1516 1126 1586 dicit,
1145 1523 1330 1586 vocat,
1358 1534 1458 1587 per
1490 1533 1666 1588 quam
1703 1517 1771 1570 ad
1807 1532 1868 1570 se
1895 1531 2066 1584 supe-

406 1603 561 1659 riora
585 1603 861 1668 elevatur,
885 1622 989 1660 seu
1012 1605 1224 1660 divinae
1251 1604 1733 1675 contemplationi
1755 1602 2064 1672 incumbit,

407 1709 468 1750 se
501 1710 533 1747 a
563 1693 884 1750 sensilibus
915 1699 970 1749 et
1001 1694 1503 1765 intelligibilibus,
1535 1694 1654 1748 imo
1687 1697 1743 1748 et
1771 1710 1805 1748 a
1831 1693 2068 1764 prOpria

409 1781 688 1850 motione,
731 1785 1054 1849 avocando,
1103 1783 1306 1854 sicque
1339 1784 1570 1838 radium
1626 1782 1832 1838 divinae
1865 1780 2069 1853 cogni-

407 1870 586 1926 tionis
621 1871 1018 1942 suscipiendo.

480 1960 632 2014 Hanc
659 1976 785 2029 ergo
815 1961 1051 2016 rationis
1079 1967 1380 2031 expertem.
1403 1962 1649 2017 Maxime
1669 1960 1763 2015 hic
1793 1960 2072 2031 declarat,

416 2050 708 2116 quomodo
741 2050 992 2105 stultitia
1037 2051 1138 2106 Dei
1173 2051 1248 2107 sit
1279 2051 1718 2122 sapientissima
1748 2051 1807 2105 in
1839 2050 1952 2105 Deo
1984 2051 2072 2105 in-

415 2138 1078 2208 comprehensibilitatis
1136 2140 1479 2212 magnitudo
1531 2158 1542 2195 :
1597 2139 1678 2194 ait
1731 2139 1912 2209 enim,
1967 2156 2074 2194 nos

415 2226 613 2281 sensili
645 2227 1067 2301 circumseptos
1091 2247 1354 2301 corpore,
1382 2229 1479 2284 Dei
1513 2228 2072 2284 immaterialitatem

410 2315 572 2372 verbi
603 2319 793 2388 gratia
846 2323 902 2372 et
951 2317 1618 2389 superessentialitatem
1673 2319 2073 2374 examinantes

412 2421 625 2471 errare,
662 2408 803 2461 dum
838 2406 934 2462 illa
965 2425 1034 2462 ex
1075 2407 1398 2465 :ensilibus
1449 2408 1870 2477 ponderemus,
1894 2407 2074 2462 veluti

412 2493 512 2564 qui
546 2494 1018 2565 praedicationem
1052 2496 1122 2550 de
1153 2496 1280 2552 sola
1311 2496 1611 2551 adoranda
1632 2496 1918 2551 Trinitate
1950 2512 2073 2567 per-

411 2588 736 2653 currentes,
770 2600 834 2640 ac
865 2584 1032 2638 illum
1067 2585 1138 2640 de
1167 2585 1285 2640 Deo
1336 2601 1692 2655 sermonem,
1725 2586 1825 2655 qui
1860 2586 2074 2640 asserit

412 2689 534 2727 eam
572 2672 628 2726 in
662 2673 851 2728 tribus
900 2674 1307 2729 subsistentiis
1360 2674 1674 2730 indivisam
1709 2678 1761 2728 et
1797 2674 2072 2729 indistin-

413 2767 590 2827 ctam,
625 2761 952 2829 audientes,
986 2765 1187 2818 statim
1241 2765 1656 2834 obtupescunt,
1691 2768 1913 2817 natura:
1947 2779 2072 2818 cor-

413 2867 622 2921 porum
658 2851 1029 2916 inhaerentes,
1059 2869 1182 2922 qum
1218 2852 1341 2906 loco
1365 2858 1423 2906 et
1452 2851 1754 2906 intervallo
1787 2851 2073 2923 indigent,

414 2937 673 2993 dicentes
706 2957 718 2994 :
755 2940 1055 3005 Quomodo
1090 2939 1210 2994 ﬁeri
1241 2944 1451 3010 potest,
1489 2944 1552 2995 ut
1596 2945 1713 2995 tres
1746 2940 2072 2995 subsisten-

415 3025 506 3080 tia:
540 3026 598 3080 in
649 3026 861 3098 seipsis
910 3028 1029 3082 sint
1079 3032 1134 3083 et
1181 3028 1536 3084 indistincta:
1588 3028 1751 3084 sint?
1805 3029 2076 3084 nesciunt

417 3114 572 3169 enim
605 3114 951 3171 stultescere
1003 3117 1060 3171 in
1108 3117 1446 3182 sensilibus,
1481 3122 1545 3172 ut
1572 3117 1630 3172 in
1664 3117 1878 3172 divinis
1911 3116 2075 3172 insti-

417 3206 695 3272 tuantur;
731 3208 987 3276 suntque
1019 3204 1131 3261 alia
1154 3206 1388 3262 inﬁnita
1421 3206 1660 3277 similia,
1696 3208 1765 3261 ad
1800 3223 1947 3276 quos
1975 3211 2075 3261 Do-

417 3291 615 3347 minus
647 3310 977 3349 sermonem
1031 3295 1211 3349 istum
1264 3295 1523 3350 extendit
1556 3313 1568 3350 :
1603 3296 1664 3350 Si
1691 3301 1919 3350 terrena
1948 3295 2072 3350 dixi
2102 3278 2145 3344 (ἶ

414 3381 566 3437 vobis
595 3391 647 3438 ct
693 3399 803 3438 non
832 3383 1076 3450 creditis,
1111 3383 1394 3454 quomodo,
1426 3385 1475 3438 si
1512 3384 1704 3440 dixero
1735 3385 1886 3440 vobis
1915 3384 2073 3440 caele-

416 3471 542 3538 stia,
578 3472 811 3528 credetis
842 3474 955 3545 (1)?
1002 3479 1058 3528 et
1088 3474 1323 3529 divinus
1376 3474 1592 3530 Paulus
1640 3474 1722 3529 ait
1755 3493 1766 3530 :
1800 3475 2076 3541 Animatis

415 3562 572 3618 homo
595 3579 701 3618 non
722 3563 957 3634 percipit
977 3581 1039 3618 ca
1061 3581 1180 3636 quae
1201 3568 1329 3617 sunt
1348 3563 1583 3634 spiritus
1605 3564 1683 3635 (ιι)
1710 3582 1722 3630 ;
1758 3570 1896 3619 sunt
1917 3566 2072 3620 enim

415 3649 501 3705 illi
535 3650 783 3706 sultitia.
811 3651 904 3705 Sic
928 3651 1108 3722 igitur
1139 3650 1468 3722 spiritualia
1492 3669 1618 3722 qure
1647 3653 2072 3723 persequenda,

416 3743 555 3795 sunt
587 3738 840 3794 stultitia
877 3740 970 3793 Dei
1003 3741 1155 3810 apud
1182 3740 1449 3794 homines
1479 3766 1493 3807 ς
1529 3740 1771 3795 stultam
1805 3741 1961 3796 enim
1986 3759 2075 3796 sa-

415 3827 694 3899 pientiam
729 3827 896 3896 dixit,
945 3828 1099 3898 quod
1136 3827 1297 3881 nulla
1349 3827 1633 3898 sapientia
1683 3829 1754 3882 ad
1789 3845 1914 3883 eam
1949 3845 2074 3898 per-

417 3917 642 3988 tingere
673 3917 860 3988 possit
894 3933 906 3970 :
944 3917 1026 3972 sic
1073 3916 1252 3987 igitur
1301 3916 1544 3971 rationis
1578 3917 1724 3971 187
1763 3934 1827 3971 ac
1859 3917 2071 3971 mentis

416 4009 710 4075 expertem
765 4005 1007 4074 vocavit,
1070 4007 1224 4077 quod
1277 4006 1500 4061 ratione
1549 4011 1647 4061 aut
1700 4011 1892 4060 mente
1943 4023 2070 4077 quae

415 4093 609 4165 ipsam
641 4098 891 4166 exponat
922 4111 1023 4149 seu
1056 4095 1535 4167 comprehendat,
1568 4097 1781 4150 careat.

486 4185 513 4250 §
544 4183 612 4238 II.
646 4182 728 4238 Ea;
753 4200 815 4238 ea
842 4183 1213 4240 intellectiles.
1248 4188 1389 4239 Nota
1421 4183 1593 4239 etiam
1629 4183 1686 4237 in
1729 4181 1860 4238 aliis
1895 4182 2068 4237 intel-

414 4271 664 4341 ligibiles
695 4277 751 4328 et
792 4273 1188 4345 intelligentes
1238 4290 1366 4328 esse
1419 4273 1743 4338 facultates,
1777 4277 1834 4328 et
1865 4274 2071 4327 merito

414 4366 553 4416 sunt
575 4362 631 4416 in
655 4378 719 4417 se
742 4360 1141 4433 intelligibiles
1159 4378 1221 4416 ac
1239 4359 1813 4432 intelligentes,sicut
1835 4360 2070 4417 ordines

414 4449 1175 4520 superiores,inlelligibiles
1192 4449 1428 4520 quidem
1449 4453 1737 4520 quatenus
1757 4451 1827 4505 ab
1843 4450 1856 4504 i
1870 4450 2074 4505 nferio-

415 4537 580 4592 ribus
603 4539 1043 4609 intelliguntur;
1070 4538 1464 4608 intelligentes
1489 4543 1678 4593 autem
1699 4544 1992 4610 quatenus
2015 4544 2071 4594 et

2101 1909 2150 1974 B

2170 619 2275 684 ὅτι,
2307 619 2334 672 ὁ
2366 623 2491 680 νοῦς
2511 623 2650 672 νοεῖν
2705 619 3068 693 βουλόμενος,
3115 618 3352 672 κάτεισιν
3391 617 3588 670 ἑαυτοῦ
3622 615 3699 678 εἷς
3726 616 3820 678 τὰς

2168 709 2380 776 νοήσεις
2417 701 2753 761 καταϐαίνων
2786 725 2797 738 ·
2850 707 2906 760 αἱ
2947 707 3049 782 γὰρ
3102 713 3316 774 νοήσεις
3366 704 3668 779 κατώτεραί
3719 703 3820 757 εἶσι

2168 801 2263 850 τοῦ
2309 801 2586 867 νοοῦντος,
2646 795 2719 857 ὡς
2769 795 3056 868 νοοῦμεναι
3103 796 3194 848 καὶ
3239 788 3819 865 καταλαμϐανόμεναι,

2169 883 2257 938 καὶ
2305 881 2604 956 σκεδασμὸς
2655 883 2880 945 εἷ’κότως
2937 885 3025 938 καὶ
3079 884 3344 958 μερισμὸς
3401 889 3500 951 τῆς
3562 881 3822 951 ἒνότητος

2168 977 2266 1026 τοῦ
2299 977 2394 1026 νοῦ
2423 971 2585 1026 αὐτοῦ
2621 991 2631 1002 ·
2664 974 2691 1026 ὁ
2740 974 2832 1046 μὲν
2882 973 2980 1048 γὰρ
3030 977 3154 1034 νοῦς
3199 971 3407 1033 ἁπλοῦς
3439 971 3528 1026 καὶ
3561 972 3774 1044 ἀμερής
3808 987 3820 999 ·

2173 1063 2226 1116 αἱ
2282 1059 2338 1115 δὲ
2384 1063 2594 1131 νοήσεις
2645 1060 3003 1134 παμπληθεῖς
3058 1062 3147 1116 καὶ
3203 1058 3508 1132 σκεδασταὶ,
3566 1059 3656 1114 καὶ
3706 1062 3822 1114 οἷον

2174 1148 2290 1220 εἷ’δη
2325 1155 2422 1205 τοῦ
2443 1155 2538 1204 νοῦ
2572 1171 2584 1182 ’
2620 1148 2708 1204 διὰ
2735 1155 2895 1204 τοῦτο
2924 1149 2990 1204 τὰ
3019 1150 3199 1224 νοερὰ,
3223 1150 3467 1204 τουτέστι
3486 1149 3553 1203 τὰ
3573 1153 3824 1216 νοοῦντα,

2176 1241 2438 1297 ἐλάττονά
2469 1241 2570 1296 εἰσι
2600 1243 2706 1296 τῶν
2757 1246 2990 1311 νοητῶν,
3041 1240 3158 1296 ἀντὶ
3196 1245 3314 1310 τοῦ,
3343 1245 3452 1296 τῶν
3485 1239 3824 1312 νοουμένων.

2173 1335 2400 1388 "vao-tv
2437 1328 2493 1385 δέ
2541 1353 2672 1408 φησι
2710 1335 2807 1386 τοῦ
2850 1335 2967 1399 νοῦ,
3011 1330 3191 1395 καθὼς
3241 1329 3290 1385 έν
3340 1335 3457 1391 τοῖς
3505 1329 3626 1399 ἑξῆς
3661 1327 3827 1404 σαφέ-

2177 1426 2356 1496 στῖρον
2391 1419 2556 1496 λέγει,
2605 1417 2674 1474 δι’
2721 1423 2787 1488 ἧς
2824 1420 2958 1495 πρὸς
3004 1421 3070 1473 τὰ
3112 1418 3359 1474 ἐπέκεινα
3402 1418 3592 1474 ἐαυτοῦ
3622 1417 3828 1472 ἀνατεί-

2176 1531 2343 1581 νεται,
2399 1506 2566 1584 ἤγουν
2616 1513 2685 1583 τῇ
2735 1509 2857 1584 περὶ
2899 1509 3030 1564 Θεοῦ
3079 1503 3420 1584 προσϐάλλει
3472 1507 3697 1583 θεωρίᾳ,
3748 1511 3828 1578 τῷ

2177 1600 2392 1652 πάντων
2427 1597 2678 1668 ἐκστῆναι
2727 1603 2835 1652 τῶν
2888 1596 3158 1668 αἶ’σθητῶν
3207 1596 3297 1651 καὶ
3327 1601 3434 1650 τῶν
3480 1601 3713 1667 νοητῶν,
3747 1589 3824 1649 ἔτι

2179 1685 2236 1742 δὲ
2284 1686 2372 1741 καὶ
2426 1694 2526 1757 τῆς
2583 1686 2786 1749 οῗκείας
2837 1689 3120 1757 κινήσεως,
3184 1686 3278 1740 εἶθ’
3335 1683 3476 1740 οὕτω
3524 1692 3623 1754 τῆς
3684 1683 3828 1746 θείας

2178 1777 2430 1852 γνώσεως
2466 1774 2708 1847 δέξασθαι
2738 1778 2836 1846 τὴν
2871 1777 3078 1831 ἀκτῖνα.

2255 1955 2465 2025 Ταύτην
2509 1956 2600 2009 οῦν
2654 1956 2753 2024 τὴν
2806 1953 3033 2028 ἄλογον.
3099 1954 3356 2009 Ἐνταῦθα
3416 1953 3654 2024 μάλιστα
3700 1972 3828 2028 τρα-

2181 2050 2288 2116 νοῖ,
2338 2049 2454 2106 πῶς
2507 2043 2687 2117 μωρία
2733 2048 2828 2098 τοῦ
2873 2046 3027 2113 Θεοῦ,
3076 2042 3139 2096 τὸ
3190 2043 3492 2118 ὑπέρσοφον
3551 2048 3651 2110 τῆς
3700 2042 3827 2116 περὶ

2183 2137 2315 2188 Θεοῦ
2345 2131 2720 2205 ἀκαταληψίας
2755 2131 2974 2208 μέγεθος
3010 2151 3022 2162 ⁸
3065 2131 3197 2209 φησί
3227 2131 3330 2206 γάρ
3363 2130 3445 2186 ὅτι
3477 2135 3557 2203 τῷ
3590 2131 3834 2203 αἰσθητῷ

2182 2222 2711 2297 περικεκλεισμένοι,
2741 2222 2802 2276 τὸ
2851 2221 2974 2296 περὶ
3021 2220 3212 2282 ἀϋλίας
3254 2220 3342 2275 καὶ
3376 2221 3837 2296 ὑπερουσιότητος

2184 2313 2310 2389 φέρε
2341 2312 2507 2366 εἰπεῖν
2558 2315 2654 2365 τοῦ
2705 2315 2837 2366 Θεοῦ
2883 2309 3318 2380 κατεξεταζοντες
3367 2307 3571 2384 δόγμα,
3612 2307 3838 2364 πλανώ-

2188 2402 2342 2474 μεθα,
2402 2401 2460 2455 ἐκ
2515 2405 2622 2455 τῶν
2677 2401 2947 2470 αἶσθητῶν
2999 2398 3174 2454 ἐκεῖνα
3234 2400 3668 2472 σταθμώμενοι·
3723 2399 3835 2453 οἷον

2181 2489 2243 2543 τὸ
2293 2489 2416 2563 περὶ
2463 2487 2688 2561 Τριάδος
2737 2495 2836 2557 τῆς
2891 2487 3064 2560 μόνης
3105 2494 3503 2562 προσκυνητῆς
3555 2484 3839 2556 διεξιόντες

2183 2581 2458 2652 κήρυγμα,
2509 2579 2597 2633 καὶ
2644 2576 3067 2653 τρισυπὸστατον
3123 2574 3414 2650 ἀμέριστον
3465 2576 3555 2631 καὶ
3589 2572 3834 2649 ἀδιαίρε-

2182 2688 2273 2721 τον
2307 2667 2593 2728 ἀκούοντές
2645 2688 2785 2728 τινες
2836 2663 3146 2740 θεολογίαν,
3194 2663 3348 2729 εὐθὺς
3395 2661 3725 2739 ἷλιγγιῶσιν,
3755 2663 3832 2725 εἷς

2182 2757 2248 2810 τὰ
2274 2757 2499 2828 σώματα
2528 2755 2911 2832 προσέχοντες,
2957 2755 3046 2809 καὶ
3090 2752 3261 2808 τόπου
3307 2750 3559 2826 δεόμενα,
3589 2752 3680 2807 καὶ
3713 2749 3831 2806 δια-

2185 2844 2499 2918 στημάτων,
2542 2842 2814 2914 λέγοντες,
2868 2847 2990 2906 Πῶς
3047 2842 3162 2898 οἷόν
3205 2864 3264 2897 τε
3309 2847 3452 2916 τρεῖς
3513 2842 3835 2902 ὑποστάσεις

2189 2934 2275 3006 ὑφ’
2332 2934 2532 2986 ἑαυτῶν
2586 2935 2744 3000 εἴναι,
2799 2932 2888 2986 καὶ
2941 2929 3277 3006 ἀδιαιρέτους
3334 2932 3516 2998 εἶναις
3577 2931 3667 2985 καὶ
3726 2932 3831 3006 γὰρ

2186 3023 2438 3097 ἀγνοοῦσι
2491 3020 2780 3094 μωραίνειν
2832 3018 2881 3074 έν
2941 3026 3057 3081 τοῖς
3118 3019 3420 3089 αἰσθητοῖς,
3472 3016 3563 3073 ἵνα
3606 3019 3674 3073 τὰ
3715 3024 3834 3082 θεῖα

2185 3113 2503 3186 σοφισθῶσι,
2537 3110 2626 3164 καὶ
2677 3115 2899 3164 τοιαῦτα
2939 3107 3098 3185 ἕτερα
3145 3107 3332 3184 μυρία,
3363 3108 3500 3184 πρὸς
3531 3106 3626 3170 οὓς
3657 3109 3685 3162 ὁ
3717 3106 3834 3164 Κύ-

2186 3221 2301 3276 ριος
2345 3199 2722 3254 ἀποτείνεται·
2772 3199 2833 3255 E't
2881 3198 2946 3252 τὰ
2992 3196 3202 3274 ἐπίγεια
3258 3200 3410 3252 εἷπον
3467 3198 3596 3269 ὑμῖν
3646 3197 3736 3252 καὶ
3770 3195 3833 3251 οὗ

2183 3289 2478 3358 πιστεύετε,
2529 3292 2665 3356 πῶς,
2710 3287 2796 3342 ἐὰν
2856 3287 2992 3342 εἴπω
3065 3287 3191 3359 ὑμῖν
3251 3285 3318 3340 τὰ
3379 3285 3696 3361 ἐπουράνια,
3741 3306 3833 3340 πι-

2183 3377 2426 3433 στεύσετε
2459 3399 2472 3447 ς
2506 3377 2596 3430 καὶ
2642 3377 2669 3430 ὁ
2724 3381 2867 3440 θεῖος
2913 3373 3128 3436 Παῦλος
3187 3371 3360 3449 λέγει,
3407 3373 3488 3428 ὅτι
3535 3375 3562 3427 ὁ
3595 3373 3836 3448 ψυχικὸς

2183 3465 2460 3542 ἅνθρωπος
2494 3465 2559 3519 οὐ
2593 3463 2808 3541 δέχεται
2858 3466 2924 3519 τὰ
2970 3469 3066 3518 τοῦ
3117 3462 3428 3535 πνεύματος
3464 3481 3476 3495 ·
3516 3461 3699 3535 μωρία
3726 3462 3827 3537 γὰρ

2182 3556 2330 3626 αὑτῷ
2362 3555 2526 3611 ἐστιν.
2558 3557 2716 3609 ’Ώστε
2761 3555 2850 3608 οῦν
2898 3556 2932 3622 ἡ
2983 3553 3128 3628 παρᾶ
3179 3553 3488 3628 ἀνθρώποις
3523 3553 3707 3627 μωρία
3736 3555 3834 3606 τοῦ

2182 3649 2314 3700 Θεοῦ
2351 3644 2418 3699 τὰ
2441 3641 2778 3716 πνευματικά
2828 3642 2982 3711 εἰσιν,
3029 3639 3183 3696 ἅτινα
3230 3637 3627 3714 μεταδιωκτέον
3660 3659 3674 3672 '
3713 3662 3830 3713 μω-

2182 3734 2277 3806 ρὰν
2324 3734 2426 3808 γὰρ
2485 3732 2670 3810 σοφίαν
2733 3731 2868 3799 εἶπε,
2918 3735 2996 3802 τῷ
3047 3727 3317 3804 μηδεμίαν
3377 3729 3514 3803 αὐτῇ
3575 3725 3830 3782 δύνασθαι

2179 3817 2547 3896 προσϐάλλειν
2601 3821 2788 3899 σοφίαν
2825 3840 2836 3852 ·
2914 3821 3094 3895 ὥσπερ
3167 3819 3258 3873 οῦν
3332 3819 3419 3874 καὶ
3480 3816 3680 3894 ἄλογον
3741 3817 3829 3873 καὶ

2181 3909 2359 3983 ἄνουν,
2392 3910 2466 3972 ὡς
2529 3911 2604 3983 μὴ
2651 3905 2880 3985 ἔχουσαν
2934 3908 3098 3983 λόγον
3152 3905 3187 3977 ἤ
3247 3912 3367 3963 νοῦν
3414 3907 3830 3982 ἑρμηνευτικὸν,

2179 3999 2348 4075 ἤγουν
2379 3999 2786 4072 καταληπτικὸν
2819 3997 3008 4068 αὐτῆς.

2252 4181 2488 4252 §II.’EE
2545 4177 2712 4246 αὐτῆς
2760 4177 2813 4231 αἱ
2873 4176 3088 4244 νοηταί.
3143 4173 3482 4248 Σημείωσαι,
3528 4174 3602 4236 ὡς
3662 4173 3751 4229 καὶ
3779 4173 3829 4227 ἐν

2181 4267 2375 4330 ἄλλοις
2406 4270 2450 4304 ⁴³
2479 4267 2669 4337 νοηταί
2702 4266 2805 4321 εἶσι
2852 4265 2940 4320 καὶ
2991 4265 3171 4338 νοεραὶ
3227 4262 3476 4337 δυνάμεις
3511 4282 3524 4294 ·
3567 4263 3660 4318 καὶ
3687 4262 3829 4317 εἶκό-

2180 4379 2286 4419 τως
2318 4357 2368 4412 έν
2400 4357 2582 4418 αὐτοῖς
2628 4355 2758 4410 εἰσιν
2815 4356 2865 4409 οἱ
2917 4355 3075 4409 αὐτοὶ
3124 4354 3213 4409 καὶ
3264 4355 3453 4423 νοητοὶ
3496 4353 3586 4407 καὶ
3624 4353 3831 4426 νοεροὶ,

2182 4446 2361 4520 ὥσπερ
2409 4446 2466 4500 αἶ’
2504 4443 2614 4500 ἄνω
2639 4447 2684 4480 ⁸*
2733 4445 2906 4514 τάξεις
2935 4463 2947 4476 ’
2999 4444 3189 4512 νοηταὶ
3251 4443 3344 4515 μὲν
3395 4443 3511 4505 καθ’
3560 4440 3589 4494 ’ὀ
3639 4439 3700 4495 ἐκ
3722 4445 3829 4494 τῶν

2187 4531 2609 4606 ὑποϐεϐηκότων
2655 4538 2899 4589 νοοῦνται
2936 4554 2946 4565 ·
2996 4533 3175 4607 νοεραὶ
3224 4529 3302 4600 δὲ,
3350 4533 3468 4595 καθ’
3502 4531 3530 4584 ’ὀ
3559 4530 3652 4584 καὶ
3692 4529 3834 4583 ἀνώ-

417 4625 677 4696 supremi
701 4632 860 4695 sunt,
884 4631 940 4681 et
962 4627 1171 4696 Deum,
1198 4627 1296 4698 qui
1321 4631 1408 4682 est
1429 4644 1603 4699 super
1625 4629 1843 4697 omnia,
1860 4628 2067 4684 intelli-

2182 4626 2337 4680 ταταί
2391 4625 2514 4694 εἶσι,
2573 4625 2664 4678 καὶ
2717 4624 2807 4678 τὸν
2874 4624 3004 4697 ὑπὲρ
3064 4623 3239 4677 πάντα
3288 4621 3414 4676 Θεὸν
3475 4625 3646 4688 νοεῖν,
3706 4615 3831 4674 ὅσον

416 4731 550 4787 gere
581 4719 863 4786 quantum
885 4715 1021 4769 licet
1044 4717 1428 4780 contendunt,
1456 4733 1707 4788 superne
1730 4718 1962 4788 quidem
1991 4719 2072 4773 in-

414 4803 745 4860 tellectione
760 4804 984 4871 nutriti,
1001 4821 1099 4861 eos
1122 4809 1319 4860 autem
1343 4805 1440 4876 qui
1465 4806 1719 4862 demisse
1742 4807 2076 4879 intelligunt

415 4893 763 4949 nutrientes.
797 4894 1019 4948 Nostrae
1043 4894 1198 4948 enim
1230 4894 1436 4948 anima:
1470 4900 1610 4950 sunt
1641 4900 1872 4951 tantum
1905 4897 2074 4951 intel-

412 4980 661 5054 ligentes
687 5002 701 5051 ;
734 4999 869 5038 nam
903 4983 1155 5038 scienter
1185 4990 1472 5054 quantum
1501 4991 1747 5056 possunt
1769 4987 2072 5056 superiora

409 5070 821 5143 intelligentes,
844 5089 959 5127 non
987 5071 1203 5126 habent
1222 5072 1452 5143 aliquod
1481 5079 1606 5144 post
1633 5091 1690 5130 se
1710 5074 2066 5146 intelligens,

410 5163 474 5212 ut
520 5160 695 5215 etiam
746 5160 1187 5232 intelligantur;
1251 5160 1450 5216 anima
1499 5162 1655 5216 enim
1708 5163 1950 5218 rationis
2000 5180 2065 5219 ac

408 5248 618 5303 mentis
650 5265 874 5320 expers,
910 5256 1041 5322 post
1071 5267 1178 5306 nos
1210 5254 1300 5306 est
1327 5276 1340 5318 ;
1375 5255 1433 5305 at
1464 5250 1887 5308 intellectiones
1919 5251 2061 5308 divi-

478 5415 542 5487 (t)
573 5419 742 5474 Joan.
777 5433 860 5485 ιιι,
890 5418 975 5472 12.
1056 5418 1132 5491 (u)
1166 5420 1186 5473 Ι
1217 5419 1342 5476 Cor.
1379 5437 1444 5491 ιι,
1476 5421 1562 5476 14.

2186 4715 2421 4787 ἐφικτὸν,
2482 4713 2862 4785 ἀνατείνονται,
2940 4709 3141 4776 ἄνωθεν
3213 4711 3306 4784 μὶν
3379 4708 3710 4786 τρεφόμεναι
3763 4711 3832 4780 τῇ

2183 4807 2388 4875 νοήσει,
2437 4803 2726 4878 τρέφουσαι
2788 4799 2844 4856 δὲ
2893 4800 3018 4863 τοῦς
3072 4799 3378 4878 ὑφειμένως
3431 4800 3707 4857 νοοῦντας.
3764 4797 3834 4850 Αἱ

2181 4894 2280 4970 γὰρ
2315 4893 2575 4967 ἡμέτερα,
2626 4890 2799 4965 ψυχαὶ
2833 4889 3011 4966 νοεραὶ
3060 4889 3226 4961 μόνον
3258 4905 3270 4918 ·
3331 4889 3552 4940 νοοῦσαι
3581 4885 3683 4962 γὰρ
3717 4883 3837 4938 ἐπι-

2182 4987 2416 5052 στητῶς,
2471 4981 2593 5036 ὅσον
2671 4981 2784 5034 οἷόν
2855 5000 2932 5048 τε,
3007 4978 3074 5032 τὰ
3158 4970 3590 5052 ὑπερϐεϐηκότα,
3654 4972 3837 5029 οὐκέτι

2180 5073 2368 5148 ἔχουσι
2402 5072 2588 5145 νοερόν
2637 5092 2689 5124 τι
2743 5068 2875 5142 μετὰ
2920 5066 3140 5139 ταύτας,
3185 5064 3277 5120 ἵνα
3315 5064 3405 5120 καὶ
3441 5065 3715 5132 νοηθῶσιν
3755 5083 3767 5095 ·
3804 5065 3838 5132 ἡ

2177 5160 2376 5237 ἄλογος
2403 5160 2504 5236 γὰρ
2534 5159 2623 5214 καὶ
2658 5157 2815 5218 ἄνους
2855 5158 3007 5232 ψυχὴ
3061 5156 3178 5227 μεθ’
3217 5157 3364 5226 ἡμᾶς
3401 5173 3414 5185 ·
3447 5153 3502 5205 αἱ
3534 5149 3593 5206 δὲ
3614 5152 3838 5222 νοήσεις

2171 5255 2277 5306 τῶν
2312 5249 2466 5316 θείων
2509 5252 2647 5303 νοῶν
2679 5245 2780 5301 οὐκ
2808 5244 2858 5300 έν
2907 5242 3217 5316 διανοήσεσι
3246 5247 3366 5305 ταῖς
3399 5242 3520 5306 καθ’
3552 5243 3730 5313 ἡμᾶς,
3761 5241 3838 5302 εἱς

1407 5599 1649 5656 VARI/E
1699 5599 2091 5658 LECTIONES
2131 5601 2223 5657 ET
2260 5597 2822 5657 CORRECTIONES.

484 5731 530 5767 ‘3
562 5728 643 5785 ὅτι
674 5727 764 5786 καὶ
795 5728 845 5790 ἐν
879 5728 1155 5807 ἀγγέλοις.
1233 5734 1278 5770 ⁴⁴
1302 5731 1576 5793 ἀνωτάτω.
