  <div class='ocr_page' id='page_1' title='image "/cluster/home/n/w/nwhite01/storage/ocr_20150623/4/mdp.39015078384529/182.png"; bbox 0 0 4080 6366; ppageno 0'>
   <div class='ocr_carea' id='block_1_1' title="bbox 174 443 1841 503">
    <p class='ocr_par' dir='ltr' id='par_1_1' title="bbox 174 443 1841 502">
     <span class='ocr_line' id='line_1_1' title="bbox 174 443 1841 502; baseline -0.004 -2"><span class='ocrx_word' id='word_1_1' title='bbox 174 447 271 501; x_wconf 74' lang='grc'>345</span> <span class='ocrx_word' id='word_1_2' title='bbox 940 451 997 502; x_wconf 89' lang='lat' dir='ltr'>S.</span> <span class='ocrx_word' id='word_1_3' title='bbox 1040 448 1307 502; x_wconf 82' lang='grc' dir='ltr'>ΜΑΧΙΜΙ</span> <span class='ocrx_word' id='word_1_4' title='bbox 1349 444 1655 499; x_wconf 78' lang='lat' dir='ltr'>SCHOLIA</span> <span class='ocrx_word' id='word_1_5' title='bbox 1692 444 1766 496; x_wconf 80' lang='lat' dir='ltr'>IN</span> <span class='ocrx_word' id='word_1_6' title='bbox 1806 443 1841 494; x_wconf 88' lang='lat' dir='ltr'>L</span> 
     </span>
    </p>
   </div>
   <div class='ocr_carea' id='block_1_2' title="bbox 1957 443 2841 503">
    <p class='ocr_par' dir='ltr' id='par_1_2' title="bbox 1982 444 2841 503">
     <span class='ocr_line' id='line_1_2' title="bbox 1982 444 2841 503; baseline 0.005 -8"><span class='ocrx_word' id='word_1_7' title='bbox 1982 444 2079 496; x_wconf 90' lang='lat' dir='ltr'>DE</span> <span class='ocrx_word' id='word_1_8' title='bbox 2115 446 2386 500; x_wconf 82' lang='lat' dir='ltr'>DIVINIS</span> <span class='ocrx_word' id='word_1_9' title='bbox 2425 446 2841 503; x_wconf 79' lang='lat' dir='ltr'>NOMINIBUS.</span> 
     </span>
    </p>
   </div>
   <div class='ocr_carea' id='block_1_3' title="bbox 3487 454 3597 507">
    <p class='ocr_par' dir='ltr' id='par_1_3' title="bbox 3487 454 3597 507">
     <span class='ocr_line' id='line_1_3' title="bbox 3487 454 3597 507; baseline 0 0"><span class='ocrx_word' id='word_1_10' title='bbox 3487 454 3597 507; x_wconf 84' lang='grc'>346</span> 
     </span>
    </p>
   </div>
   <div class='ocr_carea' id='block_1_4' title="bbox 177 563 1841 646">
    <p class='ocr_par' dir='ltr' id='par_1_4' title="bbox 177 563 1829 640">
     <span class='ocr_line' id='line_1_4' title="bbox 177 563 1829 640; baseline -0.005 -19"><span class='ocrx_word' id='word_1_11' title='bbox 177 565 578 636; x_wconf 74' lang='grc' dir='ltr'>ἂςὸιανοήσεις</span> <span class='ocrx_word' id='word_1_12' title='bbox 627 567 864 622; x_wconf 75' lang='grc' dir='ltr'>κάτεισιν</span> <span class='ocrx_word' id='word_1_13' title='bbox 918 569 1081 640; x_wconf 81' lang='grc' dir='ltr'>ἡμῶν</span> <span class='ocrx_word' id='word_1_14' title='bbox 1142 566 1323 627; x_wconf 84' lang='grc' dir='ltr'>ὁνοῦς</span> <span class='ocrx_word' id='word_1_15' title='bbox 1383 563 1442 618; x_wconf 77' lang='grc' dir='ltr'>ἐκ</span> <span class='ocrx_word' id='word_1_16' title='bbox 1501 567 1607 617; x_wconf 91' lang='grc' dir='ltr'>τῶν</span> <span class='ocrx_word' id='word_1_17' title='bbox 1674 582 1829 637; x_wconf 77' lang='grc' dir='ltr'>μερι-</span> 
     </span>
    </p>
   </div>
   <div class='ocr_carea' id='block_1_5' title="bbox 1957 563 3599 646">
    <p class='ocr_par' dir='ltr' id='par_1_5' title="bbox 1957 566 3599 646">
     <span class='ocr_line' id='line_1_5' title="bbox 1957 566 3599 646; baseline 0.007 -28"><span class='ocrx_word' id='word_1_18' title='bbox 1957 582 2155 620; x_wconf 81' lang='lat' dir='ltr'>narum</span> <span class='ocrx_word' id='word_1_19' title='bbox 2190 566 2476 622; x_wconf 78' lang='lat' dir='ltr'>mentium</span> <span class='ocrx_word' id='word_1_20' title='bbox 2513 584 2625 622; x_wconf 92' lang='lat' dir='ltr'>non</span> <span class='ocrx_word' id='word_1_21' title='bbox 2645 574 2787 622; x_wconf 91' lang='lat' dir='ltr'>sunt</span> <span class='ocrx_word' id='word_1_22' title='bbox 2806 568 2863 623; x_wconf 93' lang='lat' dir='ltr'>in</span> <span class='ocrx_word' id='word_1_23' title='bbox 2886 570 3337 641; x_wconf 70' lang='lat' dir='ltr'>cogitationibus</span> <span class='ocrx_word' id='word_1_24' title='bbox 3364 576 3599 646; x_wconf 83' lang='lat' dir='ltr'>nostris,</span> 
     </span>
    </p>
   </div>
   <div class='ocr_carea' id='block_1_6' title="bbox 180 649 1833 724">
    <p class='ocr_par' dir='ltr' id='par_1_6' title="bbox 180 649 1833 724">
     <span class='ocr_line' id='line_1_6' title="bbox 180 649 1833 724; baseline -0.005 -13"><span class='ocrx_word' id='word_1_25' title='bbox 180 662 331 724; x_wconf 86' lang='grc' dir='ltr'>στῶν,</span> <span class='ocrx_word' id='word_1_26' title='bbox 362 657 615 710; x_wconf 85' lang='grc' dir='ltr'>τουτέστι</span> <span class='ocrx_word' id='word_1_27' title='bbox 656 660 764 711; x_wconf 89' lang='grc' dir='ltr'>τῶν</span> <span class='ocrx_word' id='word_1_28' title='bbox 814 656 1083 724; x_wconf 82' lang='grc' dir='ltr'>αἰσθητῶν</span> <span class='ocrx_word' id='word_1_29' title='bbox 1126 654 1213 709; x_wconf 87' lang='grc' dir='ltr'>καὶ</span> <span class='ocrx_word' id='word_1_30' title='bbox 1260 651 1576 724; x_wconf 80' lang='grc' dir='ltr'>διεξοδικῶν</span> <span class='ocrx_word' id='word_1_31' title='bbox 1633 649 1833 724; x_wconf 79' lang='grc' dir='ltr'>λόγων,</span> 
     </span>
    </p>
   </div>
   <div class='ocr_carea' id='block_1_7' title="bbox 183 738 1830 815">
    <p class='ocr_par' dir='ltr' id='par_1_7' title="bbox 183 738 1830 815">
     <span class='ocr_line' id='line_1_7' title="bbox 183 738 1830 815; baseline -0.005 -17"><span class='ocrx_word' id='word_1_32' title='bbox 183 746 289 799; x_wconf 84' lang='grc' dir='ltr'>ἀντὶ</span> <span class='ocrx_word' id='word_1_33' title='bbox 317 749 416 799; x_wconf 86' lang='grc' dir='ltr'>τοῦ</span> <span class='ocrx_word' id='word_1_34' title='bbox 465 750 577 799; x_wconf 87' lang='grc' dir='ltr'>τῶν</span> <span class='ocrx_word' id='word_1_35' title='bbox 625 742 786 799; x_wconf 77' lang='grc' dir='ltr'>εἰδῶν</span> <span class='ocrx_word' id='word_1_36' title='bbox 838 746 928 799; x_wconf 85' lang='grc' dir='ltr'>καὶ</span> <span class='ocrx_word' id='word_1_37' title='bbox 975 748 1071 798; x_wconf 90' lang='grc' dir='ltr'>τοῦ</span> <span class='ocrx_word' id='word_1_38' title='bbox 1098 742 1370 813; x_wconf 74' lang='grc' dir='ltr'>πλήθους,</span> <span class='ocrx_word' id='word_1_39' title='bbox 1412 741 1546 815; x_wconf 75' lang='grc' dir='ltr'>ὅπερ</span> <span class='ocrx_word' id='word_1_40' title='bbox 1582 738 1693 794; x_wconf 76' lang='grc' dir='ltr'>ἐστὶ</span> <span class='ocrx_word' id='word_1_41' title='bbox 1726 743 1830 792; x_wconf 90' lang='grc' dir='ltr'>τῶν</span> 
     </span>
    </p>
   </div>
   <div class='ocr_carea' id='block_1_8' title="bbox 185 830 1837 909">
    <p class='ocr_par' dir='ltr' id='par_1_8' title="bbox 185 830 1837 909">
     <span class='ocr_line' id='line_1_8' title="bbox 185 830 1837 909; baseline -0.004 -21"><span class='ocrx_word' id='word_1_42' title='bbox 185 832 378 888; x_wconf 76' lang='grc' dir='ltr'>ὑλικῶν</span> <span class='ocrx_word' id='word_1_43' title='bbox 416 832 787 909; x_wconf 63' lang='grc' dir='ltr'>συλλέγουσαι</span> <span class='ocrx_word' id='word_1_44' title='bbox 811 834 906 897; x_wconf 72' lang='grc' dir='ltr'>τὰς</span> <span class='ocrx_word' id='word_1_45' title='bbox 935 836 1149 903; x_wconf 76' lang='grc' dir='ltr'>νοήσεις</span> <span class='ocrx_word' id='word_1_46' title='bbox 1182 830 1387 904; x_wconf 75' lang='grc' dir='ltr'>ἀύλως,</span> <span class='ocrx_word' id='word_1_47' title='bbox 1420 834 1591 888; x_wconf 75' lang='grc' dir='ltr'>πάντα</span> <span class='ocrx_word' id='word_1_48' title='bbox 1649 830 1698 883; x_wconf 88' lang='grc' dir='ltr'>ἐν</span> <span class='ocrx_word' id='word_1_49' title='bbox 1758 832 1837 899; x_wconf 75' lang='grc' dir='ltr'>τῷ</span> 
     </span>
    </p>
   </div>
   <div class='ocr_carea' id='block_1_9' title="bbox 182 922 696 999">
    <p class='ocr_par' dir='ltr' id='par_1_9' title="bbox 182 922 696 999">
     <span class='ocr_line' id='line_1_9' title="bbox 182 922 696 999; baseline 0.002 -21"><span class='ocrx_word' id='word_1_50' title='bbox 182 922 332 995; x_wconf 79' lang='grc' dir='ltr'>ἀπλῷ</span> <span class='ocrx_word' id='word_1_51' title='bbox 362 925 696 999; x_wconf 83' lang='grc' dir='ltr'>Θεωροῦσαι.</span> 
     </span>
    </p>
   </div>
   <div class='ocr_carea' id='block_1_10' title="bbox 245 1095 1839 1177">
    <p class='ocr_par' dir='ltr' id='par_1_10' title="bbox 245 1095 1839 1177">
     <span class='ocr_line' id='line_1_10' title="bbox 245 1095 1839 1177; baseline -0.006 -17"><span class='ocrx_word' id='word_1_52' title='bbox 245 1103 479 1173; x_wconf 80' lang='grc' dir='ltr'>Νοηταί.</span> <span class='ocrx_word' id='word_1_53' title='bbox 515 1104 594 1161; x_wconf 91' lang='grc' dir='ltr'>Τὸ</span> <span class='ocrx_word' id='word_1_54' title='bbox 651 1103 837 1169; x_wconf 85' lang='grc' dir='ltr'>νοηταὶ</span> <span class='ocrx_word' id='word_1_55' title='bbox 901 1104 1097 1173; x_wconf 78' lang='grc' dir='ltr'>νόησον</span> <span class='ocrx_word' id='word_1_56' title='bbox 1130 1103 1205 1165; x_wconf 83' lang='grc' dir='ltr'>ὡς</span> <span class='ocrx_word' id='word_1_57' title='bbox 1264 1101 1400 1177; x_wconf 86' lang='grc' dir='ltr'>πρὸς</span> <span class='ocrx_word' id='word_1_58' title='bbox 1446 1103 1615 1173; x_wconf 76' lang='grc' dir='ltr'>ἡμᾶς·</span> <span class='ocrx_word' id='word_1_59' title='bbox 1674 1098 1736 1152; x_wconf 90' lang='grc' dir='ltr'>τὸ</span> <span class='ocrx_word' id='word_1_60' title='bbox 1782 1095 1839 1150; x_wconf 79' lang='grc' dir='ltr'>δὲ</span> 
     </span>
    </p>
   </div>
   <div class='ocr_carea' id='block_1_11' title="bbox 183 1180 948 1269">
    <p class='ocr_par' dir='ltr' id='par_1_11' title="bbox 183 1180 948 1269">
     <span class='ocr_line' id='line_1_11' title="bbox 183 1180 948 1269; baseline 0.001 -22"><span class='ocrx_word' id='word_1_61' title='bbox 183 1194 355 1269; x_wconf 81' lang='grc' dir='ltr'>νοεραὶ</span> <span class='ocrx_word' id='word_1_62' title='bbox 392 1194 467 1255; x_wconf 84' lang='grc' dir='ltr'>ὡς</span> <span class='ocrx_word' id='word_1_63' title='bbox 499 1194 640 1268; x_wconf 86' lang='grc' dir='ltr'>πρὸς</span> <span class='ocrx_word' id='word_1_64' title='bbox 671 1180 765 1247; x_wconf 70' lang='grc' dir='ltr'>τὸν</span> <span class='ocrx_word' id='word_1_65' title='bbox 796 1193 948 1249; x_wconf 82' lang='grc' dir='ltr'>Θεόν.</span> 
     </span>
    </p>
   </div>
   <div class='ocr_carea' id='block_1_12' title="bbox 247 1366 1837 1444">
    <p class='ocr_par' dir='ltr' id='par_1_12' title="bbox 247 1366 1837 1444">
     <span class='ocr_line' id='line_1_12' title="bbox 247 1366 1837 1444; baseline -0.006 -16"><span class='ocrx_word' id='word_1_66' title='bbox 247 1374 315 1428; x_wconf 65' lang='lat' dir='ltr'>&quot;il</span> <span class='ocrx_word' id='word_1_67' title='bbox 378 1370 485 1425; x_wconf 85' lang='grc' dir='ltr'>ἀπὸ</span> <span class='ocrx_word' id='word_1_68' title='bbox 551 1376 843 1444; x_wconf 82' lang='grc' dir='ltr'>μεριστῶν.</span> <span class='ocrx_word' id='word_1_69' title='bbox 900 1372 1091 1443; x_wconf 88' lang='grc' dir='ltr'>Ἡμεῖς</span> <span class='ocrx_word' id='word_1_70' title='bbox 1142 1370 1193 1424; x_wconf 70' lang='grc' dir='ltr'>ἓν</span> <span class='ocrx_word' id='word_1_71' title='bbox 1251 1373 1525 1444; x_wconf 84' lang='grc' dir='ltr'>μεριστοῖς</span> <span class='ocrx_word' id='word_1_72' title='bbox 1588 1372 1700 1429; x_wconf 87' lang='grc' dir='ltr'>τοῖς</span> <span class='ocrx_word' id='word_1_73' title='bbox 1753 1366 1837 1419; x_wconf 73' lang='grc' dir='ltr'>αἶ-</span> 
     </span>
    </p>
   </div>
   <div class='ocr_carea' id='block_1_13' title="bbox 186 1454 1840 1534">
    <p class='ocr_par' dir='ltr' id='par_1_13' title="bbox 186 1454 1840 1534">
     <span class='ocr_line' id='line_1_13' title="bbox 186 1454 1840 1534; baseline -0.002 -21"><span class='ocrx_word' id='word_1_74' title='bbox 186 1459 519 1534; x_wconf 83' lang='grc' dir='ltr'>σθητηρίοις·</span> <span class='ocrx_word' id='word_1_75' title='bbox 555 1457 700 1514; x_wconf 78' lang='grc' dir='ltr'>ἁλλο</span> <span class='ocrx_word' id='word_1_76' title='bbox 731 1460 831 1534; x_wconf 75' lang='grc' dir='ltr'>γὰρ</span> <span class='ocrx_word' id='word_1_77' title='bbox 884 1460 1042 1528; x_wconf 77' lang='grc' dir='ltr'>ἀκοὴ,</span> <span class='ocrx_word' id='word_1_78' title='bbox 1089 1459 1178 1513; x_wconf 88' lang='grc' dir='ltr'>καὶ</span> <span class='ocrx_word' id='word_1_79' title='bbox 1207 1456 1388 1532; x_wconf 67' lang='grc' dir='ltr'>ἕτερον</span> <span class='ocrx_word' id='word_1_80' title='bbox 1420 1454 1565 1531; x_wconf 79' lang='grc' dir='ltr'>ὄψις,</span> <span class='ocrx_word' id='word_1_81' title='bbox 1626 1457 1717 1511; x_wconf 79' lang='grc' dir='ltr'>καὶ</span> <span class='ocrx_word' id='word_1_82' title='bbox 1773 1455 1840 1510; x_wconf 74' lang='grc' dir='ltr'>τὰ</span> 
     </span>
    </p>
   </div>
   <div class='ocr_carea' id='block_1_14' title="bbox 186 1547 1839 1622">
    <p class='ocr_par' dir='ltr' id='par_1_14' title="bbox 186 1547 1839 1622">
     <span class='ocr_line' id='line_1_14' title="bbox 186 1547 1839 1622; baseline -0.002 -20"><span class='ocrx_word' id='word_1_83' title='bbox 186 1547 324 1603; x_wconf 75' lang='grc' dir='ltr'>ἄλλα</span> <span class='ocrx_word' id='word_1_84' title='bbox 381 1547 594 1622; x_wconf 90' lang='grc' dir='ltr'>ὁμοίως</span> <span class='ocrx_word' id='word_1_85' title='bbox 629 1568 642 1580; x_wconf 92' lang='grc'>·</span> <span class='ocrx_word' id='word_1_86' title='bbox 703 1550 792 1603; x_wconf 87' lang='grc' dir='ltr'>καὶ</span> <span class='ocrx_word' id='word_1_87' title='bbox 846 1548 951 1603; x_wconf 85' lang='grc' dir='ltr'>ἀπὸ</span> <span class='ocrx_word' id='word_1_88' title='bbox 1007 1553 1273 1621; x_wconf 73' lang='grc' dir='ltr'>μεριστῶν</span> <span class='ocrx_word' id='word_1_89' title='bbox 1324 1553 1430 1603; x_wconf 88' lang='grc' dir='ltr'>τῶν</span> <span class='ocrx_word' id='word_1_90' title='bbox 1484 1547 1619 1601; x_wconf 77' lang='grc' dir='ltr'>κατα</span> <span class='ocrx_word' id='word_1_91' title='bbox 1673 1550 1839 1599; x_wconf 85' lang='grc' dir='ltr'>ταῦτα</span> 
     </span>
    </p>
   </div>
   <div class='ocr_carea' id='block_1_15' title="bbox 188 1631 1835 1711">
    <p class='ocr_par' dir='ltr' id='par_1_15' title="bbox 188 1631 1835 1711">
     <span class='ocr_line' id='line_1_15' title="bbox 188 1631 1835 1711; baseline -0.001 -22"><span class='ocrx_word' id='word_1_92' title='bbox 188 1636 455 1706; x_wconf 76' lang='grc' dir='ltr'>αἰσθητῶν</span> <span class='ocrx_word' id='word_1_93' title='bbox 513 1638 615 1705; x_wconf 71' lang='grc' dir='ltr'>τήν</span> <span class='ocrx_word' id='word_1_94' title='bbox 668 1641 775 1691; x_wconf 88' lang='grc' dir='ltr'>τῶν</span> <span class='ocrx_word' id='word_1_95' title='bbox 822 1637 991 1691; x_wconf 78' lang='grc' dir='ltr'>ὅντων</span> <span class='ocrx_word' id='word_1_96' title='bbox 1038 1642 1233 1711; x_wconf 87' lang='grc' dir='ltr'>γνῶσιν</span> <span class='ocrx_word' id='word_1_97' title='bbox 1288 1631 1835 1708; x_wconf 70' lang='grc' dir='ltr'>ἁναλαμϐἀνομεν,ἧ</span> 
     </span>
    </p>
   </div>
   <div class='ocr_carea' id='block_1_16' title="bbox 191 1726 1840 1802">
    <p class='ocr_par' dir='ltr' id='par_1_16' title="bbox 191 1726 1840 1802">
     <span class='ocr_line' id='line_1_16' title="bbox 191 1726 1840 1802; baseline -0.002 -21"><span class='ocrx_word' id='word_1_98' title='bbox 191 1727 238 1781; x_wconf 75' lang='grc' dir='ltr'>ἐν</span> <span class='ocrx_word' id='word_1_99' title='bbox 270 1732 547 1802; x_wconf 80' lang='grc' dir='ltr'>μεριστοῖς</span> <span class='ocrx_word' id='word_1_100' title='bbox 594 1727 688 1798; x_wconf 75' lang='grc' dir='ltr'>μὲν</span> <span class='ocrx_word' id='word_1_101' title='bbox 733 1732 851 1789; x_wconf 84' lang='grc' dir='ltr'>τοῖς</span> <span class='ocrx_word' id='word_1_102' title='bbox 893 1726 1028 1780; x_wconf 83' lang='grc' dir='ltr'>κατὰ</span> <span class='ocrx_word' id='word_1_103' title='bbox 1061 1727 1227 1801; x_wconf 92' lang='grc' dir='ltr'>μέρος</span> <span class='ocrx_word' id='word_1_104' title='bbox 1258 1728 1516 1797; x_wconf 71' lang='grc' dir='ltr'>νοήμασι,</span> <span class='ocrx_word' id='word_1_105' title='bbox 1578 1726 1682 1779; x_wconf 86' lang='grc' dir='ltr'>ἀπὸ</span> <span class='ocrx_word' id='word_1_106' title='bbox 1744 1746 1840 1796; x_wconf 85' lang='grc' dir='ltr'>με-</span> 
     </span>
    </p>
   </div>
   <div class='ocr_carea' id='block_1_17' title="bbox 192 1810 1840 1889">
    <p class='ocr_par' dir='ltr' id='par_1_17' title="bbox 192 1810 1840 1889">
     <span class='ocr_line' id='line_1_17' title="bbox 192 1810 1840 1889; baseline -0.001 -21"><span class='ocrx_word' id='word_1_107' title='bbox 192 1821 379 1889; x_wconf 86' lang='grc' dir='ltr'>ριστῶν</span> <span class='ocrx_word' id='word_1_108' title='bbox 434 1813 492 1869; x_wconf 72' lang='grc' dir='ltr'><strong>δί</strong></span> <span class='ocrx_word' id='word_1_109' title='bbox 531 1820 641 1869; x_wconf 88' lang='grc' dir='ltr'>τῶν</span> <span class='ocrx_word' id='word_1_110' title='bbox 696 1818 1005 1888; x_wconf 72' lang='grc' dir='ltr'>μαθήσεων,</span> <span class='ocrx_word' id='word_1_111' title='bbox 1048 1814 1173 1884; x_wconf 70' lang='grc' dir='ltr'>ἤτοι</span> <span class='ocrx_word' id='word_1_112' title='bbox 1205 1820 1312 1869; x_wconf 90' lang='grc' dir='ltr'>τῶν</span> <span class='ocrx_word' id='word_1_113' title='bbox 1346 1816 1679 1886; x_wconf 85' lang='grc' dir='ltr'>νοουμένων·</span> <span class='ocrx_word' id='word_1_114' title='bbox 1731 1810 1840 1877; x_wconf 83' lang='grc' dir='ltr'>ἔσθ’</span> 
     </span>
    </p>
   </div>
   <div class='ocr_carea' id='block_1_18' title="bbox 192 1903 1919 2002">
    <p class='ocr_par' dir='ltr' id='par_1_18' title="bbox 192 1903 1919 2002">
     <span class='ocr_line' id='line_1_18' title="bbox 192 1903 1919 2002; baseline -0.002 -40"><span class='ocrx_word' id='word_1_115' title='bbox 192 1907 271 1962; x_wconf 75' lang='grc' dir='ltr'>ὅτε</span> <span class='ocrx_word' id='word_1_116' title='bbox 301 1904 357 1961; x_wconf 75' lang='grc' dir='ltr'>δὲ</span> <span class='ocrx_word' id='word_1_117' title='bbox 388 1906 480 1961; x_wconf 83' lang='grc' dir='ltr'>καὶ</span> <span class='ocrx_word' id='word_1_118' title='bbox 531 1904 621 1961; x_wconf 82' lang='grc' dir='ltr'>διὰ</span> <span class='ocrx_word' id='word_1_119' title='bbox 670 1905 853 1981; x_wconf 85' lang='grc' dir='ltr'>λόγων</span> <span class='ocrx_word' id='word_1_120' title='bbox 898 1912 1007 1961; x_wconf 88' lang='grc' dir='ltr'>τῶν</span> <span class='ocrx_word' id='word_1_121' title='bbox 1034 1903 1345 1976; x_wconf 77' lang='grc' dir='ltr'>διεξοδικῶν</span> <span class='ocrx_word' id='word_1_122' title='bbox 1388 1905 1633 1961; x_wconf 83' lang='grc' dir='ltr'>τουτέστί</span> <span class='ocrx_word' id='word_1_123' title='bbox 1695 1912 1833 1980; x_wconf 79' lang='grc' dir='ltr'>σαφῆ</span> <span class='ocrx_word' id='word_1_124' title='bbox 1875 1937 1919 2002; x_wconf 80' lang='grc' dir='ltr'>Β</span> 
     </span>
    </p>
   </div>
   <div class='ocr_carea' id='block_1_19' title="bbox 190 1992 1841 2071">
    <p class='ocr_par' dir='ltr' id='par_1_19' title="bbox 190 1992 1841 2071">
     <span class='ocr_line' id='line_1_19' title="bbox 190 1992 1841 2071; baseline -0.002 -20"><span class='ocrx_word' id='word_1_125' title='bbox 190 1998 271 2051; x_wconf 76' lang='grc' dir='ltr'>καὶ</span> <span class='ocrx_word' id='word_1_126' title='bbox 331 1994 733 2069; x_wconf 74' lang='grc' dir='ltr'>διηπλωμένην</span> <span class='ocrx_word' id='word_1_127' title='bbox 766 1997 860 2065; x_wconf 84' lang='grc' dir='ltr'>τὴν</span> <span class='ocrx_word' id='word_1_128' title='bbox 912 1996 1166 2071; x_wconf 76' lang='grc' dir='ltr'>ἐξήγησιν</span> <span class='ocrx_word' id='word_1_129' title='bbox 1228 1996 1593 2068; x_wconf 71' lang='grc' dir='ltr'>ποιουμένων.</span> <span class='ocrx_word' id='word_1_130' title='bbox 1655 1997 1723 2051; x_wconf 78' lang='grc' dir='ltr'>Αἱ</span> <span class='ocrx_word' id='word_1_131' title='bbox 1785 1992 1841 2048; x_wconf 74' lang='grc' dir='ltr'>δὲ</span> 
     </span>
    </p>
   </div>
   <div class='ocr_carea' id='block_1_20' title="bbox 190 2084 1841 2161">
    <p class='ocr_par' dir='ltr' id='par_1_20' title="bbox 190 2084 1841 2161">
     <span class='ocr_line' id='line_1_20' title="bbox 190 2084 1841 2161; baseline 0 -24"><span class='ocrx_word' id='word_1_132' title='bbox 190 2085 360 2158; x_wconf 79' lang='grc' dir='ltr'>νοεραὶ</span> <span class='ocrx_word' id='word_1_133' title='bbox 420 2084 627 2161; x_wconf 73' lang='grc' dir='ltr'>φύσεις,</span> <span class='ocrx_word' id='word_1_134' title='bbox 664 2087 1048 2155; x_wconf 71' lang='grc' dir='ltr'>ἀκοινωνήτως</span> <span class='ocrx_word' id='word_1_135' title='bbox 1084 2084 1160 2146; x_wconf 84' lang='grc' dir='ltr'>εἷς</span> <span class='ocrx_word' id='word_1_136' title='bbox 1210 2085 1277 2140; x_wconf 73' lang='grc' dir='ltr'>τὰ</span> <span class='ocrx_word' id='word_1_137' title='bbox 1332 2087 1612 2139; x_wconf 75' lang='grc' dir='ltr'>τοιαῦτα⁴⁵</span> <span class='ocrx_word' id='word_1_138' title='bbox 1667 2084 1841 2138; x_wconf 85' lang='grc' dir='ltr'>πάντα</span> 
     </span>
    </p>
   </div>
   <div class='ocr_carea' id='block_1_21' title="bbox 190 2168 1841 2248">
    <p class='ocr_par' dir='ltr' id='par_1_21' title="bbox 190 2168 1841 2248">
     <span class='ocr_line' id='line_1_21' title="bbox 190 2168 1841 2248; baseline -0.001 -21"><span class='ocrx_word' id='word_1_139' title='bbox 190 2168 428 2248; x_wconf 78' lang='grc' dir='ltr'>ἔχουσαι,</span> <span class='ocrx_word' id='word_1_140' title='bbox 490 2173 662 2244; x_wconf 84' lang='grc' dir='ltr'>ἐνιαίᾳ</span> <span class='ocrx_word' id='word_1_141' title='bbox 705 2174 794 2227; x_wconf 81' lang='grc' dir='ltr'>καὶ</span> <span class='ocrx_word' id='word_1_142' title='bbox 844 2172 995 2247; x_wconf 79' lang='grc' dir='ltr'>ἁπλῇ</span> <span class='ocrx_word' id='word_1_143' title='bbox 1046 2176 1229 2245; x_wconf 75' lang='grc' dir='ltr'>νοήσει</span> <span class='ocrx_word' id='word_1_144' title='bbox 1288 2181 1386 2243; x_wconf 79' lang='grc' dir='ltr'>τῆς</span> <span class='ocrx_word' id='word_1_145' title='bbox 1436 2173 1696 2243; x_wconf 79' lang='grc' dir='ltr'>ἀληθείας</span> <span class='ocrx_word' id='word_1_146' title='bbox 1742 2174 1841 2241; x_wconf 77' lang='grc' dir='ltr'>τήν</span> 
     </span>
    </p>
   </div>
   <div class='ocr_carea' id='block_1_22' title="bbox 191 2260 887 2336">
    <p class='ocr_par' dir='ltr' id='par_1_22' title="bbox 191 2260 887 2336">
     <span class='ocr_line' id='line_1_22' title="bbox 191 2260 887 2336; baseline 0.006 -21"><span class='ocrx_word' id='word_1_147' title='bbox 191 2266 383 2336; x_wconf 75' lang='grc' dir='ltr'>γνῶσιν</span> <span class='ocrx_word' id='word_1_148' title='bbox 420 2260 802 2333; x_wconf 72' lang='grc' dir='ltr'>ἐλλάμπονται</span> <span class='ocrx_word' id='word_1_149' title='bbox 820 2266 887 2319; x_wconf 67' lang='grc'>⁵⁸.</span> 
     </span>
    </p>
   </div>
   <div class='ocr_carea' id='block_1_23' title="bbox 252 2348 1838 2426">
    <p class='ocr_par' dir='ltr' id='par_1_23' title="bbox 252 2348 1838 2426">
     <span class='ocr_line' id='line_1_23' title="bbox 252 2348 1838 2426; baseline -0.001 -22"><span class='ocrx_word' id='word_1_150' title='bbox 252 2350 347 2404; x_wconf 82' lang='grc' dir='ltr'>Καὶ</span> <span class='ocrx_word' id='word_1_151' title='bbox 380 2348 527 2404; x_wconf 79' lang='grc' dir='ltr'>ἔστιν</span> <span class='ocrx_word' id='word_1_152' title='bbox 579 2349 788 2412; x_wconf 77' lang='grc' dir='ltr'>αὐταῖς.</span> <span class='ocrx_word' id='word_1_153' title='bbox 834 2356 960 2412; x_wconf 82' lang='grc' dir='ltr'>Τοῖς</span> <span class='ocrx_word' id='word_1_154' title='bbox 987 2350 1303 2426; x_wconf 75' lang='grc' dir='ltr'>ἀγγέλοις⁴⁷</span> <span class='ocrx_word' id='word_1_155' title='bbox 1334 2352 1522 2424; x_wconf 81' lang='grc' dir='ltr'>νοερὰν</span> <span class='ocrx_word' id='word_1_156' title='bbox 1553 2348 1684 2404; x_wconf 75' lang='grc' dir='ltr'>εἶναί</span> <span class='ocrx_word' id='word_1_157' title='bbox 1707 2370 1838 2422; x_wconf 74' lang='grc' dir='ltr'>φησι</span> 
     </span>
    </p>
   </div>
   <div class='ocr_carea' id='block_1_24' title="bbox 189 2436 1839 2514">
    <p class='ocr_par' dir='ltr' id='par_1_24' title="bbox 189 2436 1839 2514">
     <span class='ocr_line' id='line_1_24' title="bbox 189 2436 1839 2514; baseline -0.001 -23"><span class='ocrx_word' id='word_1_158' title='bbox 189 2436 408 2511; x_wconf 67' lang='grc' dir='ltr'>δύναμιν</span> <span class='ocrx_word' id='word_1_159' title='bbox 462 2440 550 2493; x_wconf 85' lang='grc' dir='ltr'>καὶ</span> <span class='ocrx_word' id='word_1_160' title='bbox 602 2437 875 2512; x_wconf 70' lang='grc' dir='ltr'>ἐνέργειαν</span> <span class='ocrx_word' id='word_1_161' title='bbox 907 2438 966 2493; x_wconf 83' lang='grc' dir='ltr'>ἐκ</span> <span class='ocrx_word' id='word_1_162' title='bbox 1007 2446 1107 2508; x_wconf 86' lang='grc' dir='ltr'>τῆς</span> <span class='ocrx_word' id='word_1_163' title='bbox 1159 2440 1464 2514; x_wconf 76' lang='grc' dir='ltr'>ὑπερφυοῦς</span> <span class='ocrx_word' id='word_1_164' title='bbox 1496 2439 1691 2513; x_wconf 79' lang='grc' dir='ltr'>σοφίας</span> <span class='ocrx_word' id='word_1_165' title='bbox 1745 2442 1839 2491; x_wconf 83' lang='grc' dir='ltr'>τοῦ</span> 
     </span>
    </p>
   </div>
   <div class='ocr_carea' id='block_1_25' title="bbox 189 2527 1842 2603">
    <p class='ocr_par' dir='ltr' id='par_1_25' title="bbox 189 2527 1842 2603">
     <span class='ocr_line' id='line_1_25' title="bbox 189 2527 1842 2603; baseline -0.001 -21"><span class='ocrx_word' id='word_1_166' title='bbox 189 2533 310 2582; x_wconf 89' lang='grc' dir='ltr'>Θεοῦ</span> <span class='ocrx_word' id='word_1_167' title='bbox 360 2528 688 2603; x_wconf 68' lang='grc' dir='ltr'>γενομένην⁸</span> <span class='ocrx_word' id='word_1_168' title='bbox 726 2527 777 2598; x_wconf 78' lang='grc' dir='ltr'>ἐξ</span> <span class='ocrx_word' id='word_1_169' title='bbox 811 2528 972 2583; x_wconf 77' lang='grc' dir='ltr'>αὐτοῦ</span> <span class='ocrx_word' id='word_1_170' title='bbox 1002 2530 1101 2603; x_wconf 71' lang='grc' dir='ltr'>γὰρ</span> <span class='ocrx_word' id='word_1_171' title='bbox 1135 2530 1186 2584; x_wconf 71' lang='grc' dir='ltr'>οἱ</span> <span class='ocrx_word' id='word_1_172' title='bbox 1240 2535 1375 2592; x_wconf 84' lang='grc' dir='ltr'>θεῖοι</span> <span class='ocrx_word' id='word_1_173' title='bbox 1424 2527 1649 2602; x_wconf 78' lang='grc' dir='ltr'>ἄγγελοι</span> <span class='ocrx_word' id='word_1_174' title='bbox 1707 2527 1842 2581; x_wconf 84' lang='grc' dir='ltr'>κατὰ</span> 
     </span>
    </p>
   </div>
   <div class='ocr_carea' id='block_1_26' title="bbox 190 2618 1837 2695">
    <p class='ocr_par' dir='ltr' id='par_1_26' title="bbox 190 2618 1837 2695">
     <span class='ocr_line' id='line_1_26' title="bbox 190 2618 1837 2695; baseline -0.001 -22"><span class='ocrx_word' id='word_1_175' title='bbox 190 2621 394 2695; x_wconf 81' lang='grc' dir='ltr'>μετοχὴ</span> <span class='ocrx_word' id='word_1_176' title='bbox 452 2621 552 2688; x_wconf 75' lang='grc' dir='ltr'>τὴν</span> <span class='ocrx_word' id='word_1_177' title='bbox 607 2618 834 2693; x_wconf 74' lang='grc' dir='ltr'>δύναμιν</span> <span class='ocrx_word' id='word_1_178' title='bbox 886 2623 984 2689; x_wconf 72' lang='grc' dir='ltr'>τῆς</span> <span class='ocrx_word' id='word_1_179' title='bbox 1054 2625 1244 2694; x_wconf 76' lang='grc' dir='ltr'>νοερᾶς</span> <span class='ocrx_word' id='word_1_180' title='bbox 1302 2619 1567 2695; x_wconf 72' lang='grc' dir='ltr'>ἐνεργείας</span> <span class='ocrx_word' id='word_1_181' title='bbox 1627 2618 1837 2693; x_wconf 80' lang='grc' dir='ltr'>ἔχουσι,</span> 
     </span>
    </p>
   </div>
   <div class='ocr_carea' id='block_1_27' title="bbox 187 2705 1838 2780">
    <p class='ocr_par' dir='ltr' id='par_1_27' title="bbox 187 2705 1838 2780">
     <span class='ocr_line' id='line_1_27' title="bbox 187 2705 1838 2780; baseline -0.002 -17"><span class='ocrx_word' id='word_1_182' title='bbox 187 2713 293 2772; x_wconf 80' lang='grc' dir='ltr'>καθ’</span> <span class='ocrx_word' id='word_1_183' title='bbox 341 2712 403 2777; x_wconf 74' lang='grc' dir='ltr'>ἢν</span> <span class='ocrx_word' id='word_1_184' title='bbox 455 2713 673 2764; x_wconf 87' lang='grc' dir='ltr'>νοοῦσιν</span> <span class='ocrx_word' id='word_1_185' title='bbox 722 2710 943 2770; x_wconf 65' lang='grc' dir='ltr'>ἑαυτοὺς</span> <span class='ocrx_word' id='word_1_186' title='bbox 983 2709 1072 2763; x_wconf 87' lang='grc' dir='ltr'>καὶ</span> <span class='ocrx_word' id='word_1_187' title='bbox 1104 2710 1169 2763; x_wconf 79' lang='grc' dir='ltr'>τὰ</span> <span class='ocrx_word' id='word_1_188' title='bbox 1201 2705 1349 2780; x_wconf 76' lang='grc' dir='ltr'>ὄντα,</span> <span class='ocrx_word' id='word_1_189' title='bbox 1393 2708 1481 2763; x_wconf 85' lang='grc' dir='ltr'>καὶ</span> <span class='ocrx_word' id='word_1_190' title='bbox 1540 2708 1635 2769; x_wconf 76' lang='grc' dir='ltr'>τὰς</span> <span class='ocrx_word' id='word_1_191' title='bbox 1696 2705 1838 2768; x_wconf 82' lang='grc' dir='ltr'>ἰδέας</span> 
     </span>
    </p>
   </div>
   <div class='ocr_carea' id='block_1_28' title="bbox 193 2796 1839 2871">
    <p class='ocr_par' dir='ltr' id='par_1_28' title="bbox 193 2796 1839 2871">
     <span class='ocr_line' id='line_1_28' title="bbox 193 2796 1839 2871; baseline -0.002 -19"><span class='ocrx_word' id='word_1_192' title='bbox 193 2799 497 2860; x_wconf 79' lang='grc' dir='ltr'>ἐποπτικῶς</span> <span class='ocrx_word' id='word_1_193' title='bbox 558 2803 831 2865; x_wconf 87' lang='grc' dir='ltr'>νοοῦντες,</span> <span class='ocrx_word' id='word_1_194' title='bbox 891 2796 952 2860; x_wconf 75' lang='grc' dir='ltr'>ἃς</span> <span class='ocrx_word' id='word_1_195' title='bbox 1008 2800 1223 2868; x_wconf 72' lang='grc' dir='ltr'>νοήσεις</span> <span class='ocrx_word' id='word_1_196' title='bbox 1284 2797 1534 2871; x_wconf 83' lang='grc' dir='ltr'>ὠνόμασε</span> <span class='ocrx_word' id='word_1_197' title='bbox 1579 2801 1675 2851; x_wconf 85' lang='grc' dir='ltr'>τοῦ</span> <span class='ocrx_word' id='word_1_198' title='bbox 1706 2801 1839 2851; x_wconf 86' lang='grc' dir='ltr'>Θεοῦ</span> 
     </span>
    </p>
   </div>
   <div class='ocr_carea' id='block_1_29' title="bbox 194 2882 1840 2963">
    <p class='ocr_par' dir='ltr' id='par_1_29' title="bbox 194 2882 1840 2963">
     <span class='ocr_line' id='line_1_29' title="bbox 194 2882 1840 2963; baseline -0.002 -22"><span class='ocrx_word' id='word_1_199' title='bbox 194 2889 340 2944; x_wconf 73' lang='grc' dir='ltr'>εἶναι.</span> <span class='ocrx_word' id='word_1_200' title='bbox 394 2888 745 2942; x_wconf 79' lang='grc' dir='ltr'>Ἐπείσακτον</span> <span class='ocrx_word' id='word_1_201' title='bbox 794 2886 883 2942; x_wconf 84' lang='grc' dir='ltr'>οῦν</span> <span class='ocrx_word' id='word_1_202' title='bbox 936 2882 1156 2963; x_wconf 81' lang='grc' dir='ltr'>ἔχουσιν</span> <span class='ocrx_word' id='word_1_203' title='bbox 1214 2886 1263 2960; x_wconf 81' lang='grc' dir='ltr'>ἐξ</span> <span class='ocrx_word' id='word_1_204' title='bbox 1316 2886 1493 2941; x_wconf 83' lang='grc' dir='ltr'>αἷτίου</span> <span class='ocrx_word' id='word_1_205' title='bbox 1548 2891 1646 2941; x_wconf 87' lang='grc' dir='ltr'>τοῦ</span> <span class='ocrx_word' id='word_1_206' title='bbox 1706 2890 1840 2941; x_wconf 86' lang='grc' dir='ltr'>Θεοῦ</span> 
     </span>
    </p>
   </div>
   <div class='ocr_carea' id='block_1_30' title="bbox 192 2972 1841 3051">
    <p class='ocr_par' dir='ltr' id='par_1_30' title="bbox 192 2972 1841 3051">
     <span class='ocr_line' id='line_1_30' title="bbox 192 2972 1841 3051; baseline -0.002 -20"><span class='ocrx_word' id='word_1_207' title='bbox 192 2978 279 3045; x_wconf 71' lang='grc' dir='ltr'>τήν</span> <span class='ocrx_word' id='word_1_208' title='bbox 310 2978 502 3050; x_wconf 77' lang='grc' dir='ltr'>νοερᾶν</span> <span class='ocrx_word' id='word_1_209' title='bbox 534 2977 735 3047; x_wconf 76' lang='grc' dir='ltr'>ταύτην</span> <span class='ocrx_word' id='word_1_210' title='bbox 764 2976 1053 3051; x_wconf 71' lang='grc' dir='ltr'>ἐνέργειαν,</span> <span class='ocrx_word' id='word_1_211' title='bbox 1085 2976 1173 3031; x_wconf 87' lang='grc' dir='ltr'>καὶ</span> <span class='ocrx_word' id='word_1_212' title='bbox 1209 2980 1396 3030; x_wconf 87' lang='grc' dir='ltr'>νοοῦσι</span> <span class='ocrx_word' id='word_1_213' title='bbox 1430 2976 1494 3029; x_wconf 71' lang='grc' dir='ltr'>τὰ</span> <span class='ocrx_word' id='word_1_214' title='bbox 1544 2972 1671 3030; x_wconf 80' lang='grc' dir='ltr'>ὄντα</span> <span class='ocrx_word' id='word_1_215' title='bbox 1720 2973 1841 3029; x_wconf 84' lang='grc' dir='ltr'>λίαν</span> 
     </span>
    </p>
   </div>
   <div class='ocr_carea' id='block_1_31' title="bbox 194 3061 1843 3141">
    <p class='ocr_par' dir='ltr' id='par_1_31' title="bbox 194 3061 1843 3141">
     <span class='ocr_line' id='line_1_31' title="bbox 194 3061 1843 3141; baseline -0.002 -21"><span class='ocrx_word' id='word_1_216' title='bbox 194 3061 743 3141; x_wconf 74' lang='grc' dir='ltr'>ὖπεραναϐεϐηκότως</span> <span class='ocrx_word' id='word_1_217' title='bbox 773 3070 881 3120; x_wconf 88' lang='grc' dir='ltr'>τῶν</span> <span class='ocrx_word' id='word_1_218' title='bbox 925 3069 1143 3140; x_wconf 81' lang='grc' dir='ltr'>ψυχῶν,</span> <span class='ocrx_word' id='word_1_219' title='bbox 1186 3063 1297 3140; x_wconf 81' lang='grc' dir='ltr'>εἷ’γε</span> <span class='ocrx_word' id='word_1_220' title='bbox 1327 3066 1380 3119; x_wconf 72' lang='grc' dir='ltr'>αἱ</span> <span class='ocrx_word' id='word_1_221' title='bbox 1434 3066 1527 3138; x_wconf 80' lang='grc' dir='ltr'>μὶν</span> <span class='ocrx_word' id='word_1_222' title='bbox 1579 3063 1750 3139; x_wconf 78' lang='grc' dir='ltr'>ψυχαὶ</span> <span class='ocrx_word' id='word_1_223' title='bbox 1784 3063 1843 3118; x_wconf 80' lang='grc' dir='ltr'>ἐκ</span> 
     </span>
    </p>
   </div>
   <div class='ocr_carea' id='block_1_32' title="bbox 194 3149 1838 3225">
    <p class='ocr_par' dir='ltr' id='par_1_32' title="bbox 194 3149 1838 3225">
     <span class='ocr_line' id='line_1_32' title="bbox 194 3149 1838 3225; baseline -0.001 -17"><span class='ocrx_word' id='word_1_224' title='bbox 194 3159 287 3208; x_wconf 86' lang='grc' dir='ltr'>τῶν</span> <span class='ocrx_word' id='word_1_225' title='bbox 335 3150 505 3208; x_wconf 70' lang='grc' dir='ltr'>ὄντῶν</span> <span class='ocrx_word' id='word_1_226' title='bbox 556 3153 730 3209; x_wconf 81' lang='grc' dir='ltr'>αὐτῶν</span> <span class='ocrx_word' id='word_1_227' title='bbox 779 3158 964 3209; x_wconf 88' lang='grc' dir='ltr'>νοοῦσι</span> <span class='ocrx_word' id='word_1_228' title='bbox 1003 3154 1069 3208; x_wconf 81' lang='grc' dir='ltr'>τὰ</span> <span class='ocrx_word' id='word_1_229' title='bbox 1112 3149 1258 3225; x_wconf 76' lang='grc' dir='ltr'>ὄντα,</span> <span class='ocrx_word' id='word_1_230' title='bbox 1322 3153 1410 3209; x_wconf 86' lang='grc' dir='ltr'>καὶ</span> <span class='ocrx_word' id='word_1_231' title='bbox 1467 3159 1585 3215; x_wconf 89' lang='grc' dir='ltr'>τοῖς</span> <span class='ocrx_word' id='word_1_232' title='bbox 1646 3151 1838 3207; x_wconf 73' lang='grc' dir='ltr'>εἴδεσιν</span> 
     </span>
    </p>
   </div>
   <div class='ocr_carea' id='block_1_33' title="bbox 197 3238 1839 3318">
    <p class='ocr_par' dir='ltr' id='par_1_33' title="bbox 197 3238 1839 3318">
     <span class='ocr_line' id='line_1_33' title="bbox 197 3238 1839 3318; baseline -0.001 -21"><span class='ocrx_word' id='word_1_233' title='bbox 197 3238 603 3312; x_wconf 69' lang='grc' dir='ltr'>ἐπιϐάλλουσιν,</span> <span class='ocrx_word' id='word_1_234' title='bbox 675 3242 805 3318; x_wconf 82' lang='grc' dir='ltr'>ὅπερ</span> <span class='ocrx_word' id='word_1_235' title='bbox 867 3240 1305 3317; x_wconf 79' lang='grc' dir='ltr'>διεξοδικώτερόν</span> <span class='ocrx_word' id='word_1_236' title='bbox 1359 3242 1469 3297; x_wconf 81' lang='grc' dir='ltr'>ἐστι</span> <span class='ocrx_word' id='word_1_237' title='bbox 1528 3247 1692 3310; x_wconf 87' lang='grc' dir='ltr'>νοεῖν,</span> <span class='ocrx_word' id='word_1_238' title='bbox 1751 3242 1839 3295; x_wconf 83' lang='grc' dir='ltr'>καὶ</span> 
     </span>
    </p>
   </div>
   <div class='ocr_carea' id='block_1_34' title="bbox 196 3301 1917 3408">
    <p class='ocr_par' dir='ltr' id='par_1_34' title="bbox 196 3301 1917 3408">
     <span class='ocr_line' id='line_1_34' title="bbox 590 3301 1690 3318; baseline -0.009 2"><span class='ocrx_word' id='word_1_239' title='bbox 590 3301 602 3312; x_wconf 82' lang='grc' dir='ltr'>ι</span> <span class='ocrx_word' id='word_1_240' title='bbox 778 3301 785 3318; x_wconf 92' lang='grc'>.</span> <span class='ocrx_word' id='word_1_241' title='bbox 956 3301 973 3313; x_wconf 67' lang='grc' dir='ltr'><strong><em>τ</em></strong></span> <span class='ocrx_word' id='word_1_242' title='bbox 1213 3301 1222 3317; x_wconf 94' lang='grc'>.</span> <span class='ocrx_word' id='word_1_243' title='bbox 1680 3301 1690 3310; x_wconf 83' lang='grc'><strong><em>,</em></strong></span> 
     </span>
     <span class='ocr_line' id='line_1_35' title="bbox 196 3301 1917 3408; baseline -0.001 -22"><span class='ocrx_word' id='word_1_244' title='bbox 196 3330 373 3405; x_wconf 60' lang='grc' dir='ltr'>κύκλῳ</span> <span class='ocrx_word' id='word_1_245' title='bbox 430 3338 698 3408; x_wconf 80' lang='grc' dir='ltr'>περιεῖναι</span> <span class='ocrx_word' id='word_1_246' title='bbox 756 3332 822 3387; x_wconf 77' lang='grc' dir='ltr'>τὰ</span> <span class='ocrx_word' id='word_1_247' title='bbox 878 3335 1052 3387; x_wconf 79' lang='grc' dir='ltr'>πάντα</span> <span class='ocrx_word' id='word_1_248' title='bbox 1090 3335 1153 3389; x_wconf 80' lang='grc'><strong>⁴⁸.</strong></span> <span class='ocrx_word' id='word_1_249' title='bbox 1213 3331 1280 3389; x_wconf 78' lang='lat' dir='ltr'>O&#39;i</span> <span class='ocrx_word' id='word_1_250' title='bbox 1332 3353 1395 3405; x_wconf 90' lang='grc' dir='ltr'>γε</span> <span class='ocrx_word' id='word_1_251' title='bbox 1456 3333 1562 3404; x_wconf 72' lang='grc' dir='ltr'>μὴν</span> <span class='ocrx_word' id='word_1_252' title='bbox 1619 3329 1841 3406; x_wconf 76' lang='grc' dir='ltr'>ἄγγελοι</span> <span class='ocrx_word' id='word_1_253' title='bbox 1874 3301 1917 3369; x_wconf 76' lang='lat' dir='ltr'><strong><em>C</em></strong></span> 
     </span>
    </p>
   </div>
   <div class='ocr_carea' id='block_1_35' title="bbox 198 3418 1845 3491">
    <p class='ocr_par' dir='ltr' id='par_1_35' title="bbox 198 3418 1845 3491">
     <span class='ocr_line' id='line_1_36' title="bbox 198 3418 1845 3491; baseline -0.001 -17"><span class='ocrx_word' id='word_1_254' title='bbox 198 3424 322 3475; x_wconf 76' lang='grc' dir='ltr'>κατὰ</span> <span class='ocrx_word' id='word_1_255' title='bbox 386 3424 488 3491; x_wconf 72' lang='grc' dir='ltr'>τὴν</span> <span class='ocrx_word' id='word_1_256' title='bbox 566 3420 787 3476; x_wconf 78' lang='grc' dir='ltr'>ἐνοῦσαν</span> <span class='ocrx_word' id='word_1_257' title='bbox 868 3421 1053 3483; x_wconf 80' lang='grc' dir='ltr'>αὐτοῖς</span> <span class='ocrx_word' id='word_1_258' title='bbox 1132 3418 1449 3490; x_wconf 81' lang='grc' dir='ltr'>θεοείδειαν,</span> <span class='ocrx_word' id='word_1_259' title='bbox 1508 3420 1725 3481; x_wconf 83' lang='grc' dir='ltr'>ἐνιαίως</span> <span class='ocrx_word' id='word_1_260' title='bbox 1779 3420 1845 3473; x_wconf 77' lang='grc' dir='ltr'>τὰ</span> 
     </span>
    </p>
   </div>
   <div class='ocr_carea' id='block_1_36' title="bbox 196 3507 1843 3584">
    <p class='ocr_par' dir='ltr' id='par_1_36' title="bbox 196 3507 1843 3584">
     <span class='ocr_line' id='line_1_37' title="bbox 196 3507 1843 3584; baseline 0.001 -22"><span class='ocrx_word' id='word_1_261' title='bbox 196 3507 372 3581; x_wconf 71' lang='grc' dir='ltr'>πλήθη</span> <span class='ocrx_word' id='word_1_262' title='bbox 404 3514 507 3575; x_wconf 82' lang='grc' dir='ltr'>τῆς</span> <span class='ocrx_word' id='word_1_263' title='bbox 538 3512 766 3572; x_wconf 83' lang='grc' dir='ltr'>κτίσεως</span> <span class='ocrx_word' id='word_1_264' title='bbox 799 3515 1007 3578; x_wconf 91' lang='grc' dir='ltr'>νοοῦσι,</span> <span class='ocrx_word' id='word_1_265' title='bbox 1062 3510 1152 3563; x_wconf 84' lang='grc' dir='ltr'>καὶ</span> <span class='ocrx_word' id='word_1_266' title='bbox 1185 3508 1250 3562; x_wconf 83' lang='grc' dir='ltr'>οὐ</span> <span class='ocrx_word' id='word_1_267' title='bbox 1284 3509 1594 3584; x_wconf 84' lang='grc' dir='ltr'>μερίζονται</span> <span class='ocrx_word' id='word_1_268' title='bbox 1646 3508 1719 3570; x_wconf 83' lang='grc' dir='ltr'>είς</span> <span class='ocrx_word' id='word_1_269' title='bbox 1752 3510 1843 3563; x_wconf 89' lang='grc' dir='ltr'>τὸν</span> 
     </span>
    </p>
   </div>
   <div class='ocr_carea' id='block_1_37' title="bbox 198 3594 1845 3672">
    <p class='ocr_par' dir='ltr' id='par_1_37' title="bbox 198 3594 1845 3672">
     <span class='ocr_line' id='line_1_38' title="bbox 198 3594 1845 3672; baseline -0.002 -20"><span class='ocrx_word' id='word_1_270' title='bbox 198 3596 490 3672; x_wconf 74' lang='grc' dir='ltr'>σκεδασμὸν</span> <span class='ocrx_word' id='word_1_271' title='bbox 536 3606 634 3669; x_wconf 85' lang='grc' dir='ltr'>τῆς</span> <span class='ocrx_word' id='word_1_272' title='bbox 685 3598 966 3661; x_wconf 84' lang='grc' dir='ltr'>ποικιλίας</span> <span class='ocrx_word' id='word_1_273' title='bbox 997 3604 1105 3653; x_wconf 92' lang='grc' dir='ltr'>τῶν</span> <span class='ocrx_word' id='word_1_274' title='bbox 1141 3594 1335 3667; x_wconf 80' lang='grc' dir='ltr'>ὄντων,</span> <span class='ocrx_word' id='word_1_275' title='bbox 1386 3595 1511 3665; x_wconf 75' lang='grc' dir='ltr'>ἤτοι</span> <span class='ocrx_word' id='word_1_276' title='bbox 1546 3596 1623 3660; x_wconf 69' lang='grc' dir='ltr'>εἴς</span> <span class='ocrx_word' id='word_1_277' title='bbox 1654 3594 1719 3650; x_wconf 71' lang='grc' dir='ltr'>τά</span> <span class='ocrx_word' id='word_1_278' title='bbox 1762 3596 1845 3649; x_wconf 83' lang='grc' dir='ltr'>αἷ-</span> 
     </span>
    </p>
   </div>
   <div class='ocr_carea' id='block_1_38' title="bbox 198 3683 1844 3763">
    <p class='ocr_par' dir='ltr' id='par_1_38' title="bbox 198 3683 1844 3763">
     <span class='ocr_line' id='line_1_39' title="bbox 198 3683 1844 3763; baseline -0.001 -23"><span class='ocrx_word' id='word_1_279' title='bbox 198 3689 378 3758; x_wconf 71' lang='grc' dir='ltr'>σθητᾶ,</span> <span class='ocrx_word' id='word_1_280' title='bbox 437 3689 516 3750; x_wconf 86' lang='grc' dir='ltr'>ὡς</span> <span class='ocrx_word' id='word_1_281' title='bbox 576 3689 673 3760; x_wconf 76' lang='grc' dir='ltr'>[αἱ]</span> <span class='ocrx_word' id='word_1_282' title='bbox 726 3688 942 3763; x_wconf 79' lang='grc' dir='ltr'>λογικαὶ</span> <span class='ocrx_word' id='word_1_283' title='bbox 993 3687 1215 3763; x_wconf 79' lang='grc' dir='ltr'>ψυχαί·</span> <span class='ocrx_word' id='word_1_284' title='bbox 1281 3685 1483 3741; x_wconf 86' lang='grc' dir='ltr'>ἐκείνου</span> <span class='ocrx_word' id='word_1_285' title='bbox 1545 3683 1601 3740; x_wconf 72' lang='grc' dir='ltr'>δὲ</span> <span class='ocrx_word' id='word_1_286' title='bbox 1660 3690 1844 3739; x_wconf 81' lang='grc' dir='ltr'>ποσῶς</span> 
     </span>
    </p>
   </div>
   <div class='ocr_carea' id='block_1_39' title="bbox 197 3774 1842 3851">
    <p class='ocr_par' dir='ltr' id='par_1_39' title="bbox 197 3774 1842 3851">
     <span class='ocr_line' id='line_1_40' title="bbox 197 3774 1842 3851; baseline 0 -23"><span class='ocrx_word' id='word_1_287' title='bbox 197 3775 457 3846; x_wconf 76' lang='grc' dir='ltr'>ἀξιοῦνται</span> <span class='ocrx_word' id='word_1_288' title='bbox 510 3778 565 3831; x_wconf 73' lang='grc' dir='ltr'>αἱ</span> <span class='ocrx_word' id='word_1_289' title='bbox 616 3777 813 3851; x_wconf 79' lang='grc' dir='ltr'>ψυχαὶ,</span> <span class='ocrx_word' id='word_1_290' title='bbox 861 3778 938 3839; x_wconf 90' lang='grc' dir='ltr'>εἰς</span> <span class='ocrx_word' id='word_1_291' title='bbox 992 3776 1223 3849; x_wconf 83' lang='grc' dir='ltr'>μίμησιν</span> <span class='ocrx_word' id='word_1_292' title='bbox 1278 3774 1686 3851; x_wconf 65' lang='grc' dir='ltr'>ἀγγέλων,ὅτε,</span> <span class='ocrx_word' id='word_1_293' title='bbox 1745 3776 1842 3844; x_wconf 72' lang='grc' dir='ltr'>τὴν</span> 
     </span>
    </p>
   </div>
   <div class='ocr_carea' id='block_1_40' title="bbox 195 3861 1846 3937">
    <p class='ocr_par' dir='ltr' id='par_1_40' title="bbox 195 3861 1846 3937">
     <span class='ocr_line' id='line_1_41' title="bbox 195 3861 1846 3937; baseline -0.001 -18"><span class='ocrx_word' id='word_1_294' title='bbox 195 3866 374 3935; x_wconf 71' lang='grc' dir='ltr'>νόησιν</span> <span class='ocrx_word' id='word_1_295' title='bbox 434 3870 542 3920; x_wconf 87' lang='grc' dir='ltr'>τῶν</span> <span class='ocrx_word' id='word_1_296' title='bbox 614 3863 843 3921; x_wconf 82' lang='grc' dir='ltr'>πολλῶν</span> <span class='ocrx_word' id='word_1_297' title='bbox 907 3866 982 3928; x_wconf 58' lang='grc' dir='ltr'>εἴς</span> <span class='ocrx_word' id='word_1_298' title='bbox 1038 3865 1093 3919; x_wconf 79' lang='grc' dir='ltr'>’ὲν</span> <span class='ocrx_word' id='word_1_299' title='bbox 1157 3864 1565 3919; x_wconf 85' lang='grc' dir='ltr'>συνελίττουσαι</span> <span class='ocrx_word' id='word_1_300' title='bbox 1627 3861 1846 3937; x_wconf 76' lang='grc' dir='ltr'>ἔχουσιν</span> 
     </span>
    </p>
   </div>
   <div class='ocr_carea' id='block_1_41' title="bbox 196 3950 1846 4028">
    <p class='ocr_par' dir='ltr' id='par_1_41' title="bbox 196 3950 1846 4028">
     <span class='ocr_line' id='line_1_42' title="bbox 196 3950 1846 4028; baseline -0.001 -21"><span class='ocrx_word' id='word_1_301' title='bbox 196 3954 327 4024; x_wconf 76' lang='grc' dir='ltr'>ὁμοῦ</span> <span class='ocrx_word' id='word_1_302' title='bbox 358 3952 535 4009; x_wconf 71' lang='grc' dir='ltr'>πάντα</span> <span class='ocrx_word' id='word_1_303' title='bbox 581 3954 630 4008; x_wconf 84' lang='grc' dir='ltr'>ἐν</span> <span class='ocrx_word' id='word_1_304' title='bbox 682 3954 869 4016; x_wconf 75' lang='grc' dir='ltr'>αὐταῖς</span> <span class='ocrx_word' id='word_1_305' title='bbox 920 3953 1240 4028; x_wconf 74' lang='grc' dir='ltr'>ἀσυγχύτως</span> <span class='ocrx_word' id='word_1_306' title='bbox 1291 3950 1692 4027; x_wconf 80' lang='grc' dir='ltr'>διακεκριμένα·</span> <span class='ocrx_word' id='word_1_307' title='bbox 1756 3951 1846 4006; x_wconf 79' lang='grc' dir='ltr'>καὶ</span> 
     </span>
    </p>
   </div>
   <div class='ocr_carea' id='block_1_42' title="bbox 196 4037 1844 4118">
    <p class='ocr_par' dir='ltr' id='par_1_42' title="bbox 196 4037 1844 4118">
     <span class='ocr_line' id='line_1_43' title="bbox 196 4037 1844 4118; baseline -0.002 -20"><span class='ocrx_word' id='word_1_308' title='bbox 196 4041 372 4113; x_wconf 73' lang='grc' dir='ltr'>ἔξωθεν</span> <span class='ocrx_word' id='word_1_309' title='bbox 439 4044 625 4116; x_wconf 85' lang='grc' dir='ltr'>μέντοι</span> <span class='ocrx_word' id='word_1_310' title='bbox 659 4045 713 4097; x_wconf 72' lang='grc' dir='ltr'>αἱ</span> <span class='ocrx_word' id='word_1_311' title='bbox 774 4043 945 4118; x_wconf 78' lang='grc' dir='ltr'>ψυχαὶ</span> <span class='ocrx_word' id='word_1_312' title='bbox 974 4042 1288 4097; x_wconf 85' lang='grc' dir='ltr'>ἐπείσακτον</span> <span class='ocrx_word' id='word_1_313' title='bbox 1334 4037 1522 4117; x_wconf 79' lang='grc' dir='ltr'>ἔχουσι</span> <span class='ocrx_word' id='word_1_314' title='bbox 1552 4043 1645 4096; x_wconf 87' lang='grc' dir='ltr'>τὸν</span> <span class='ocrx_word' id='word_1_315' title='bbox 1678 4046 1844 4110; x_wconf 81' lang='grc' dir='ltr'>νοεῖν,</span> 
     </span>
    </p>
   </div>
   <div class='ocr_carea' id='block_1_43' title="bbox 194 4130 1847 4207">
    <p class='ocr_par' dir='ltr' id='par_1_43' title="bbox 194 4130 1847 4207">
     <span class='ocr_line' id='line_1_44' title="bbox 194 4130 1847 4207; baseline -0.001 -23"><span class='ocrx_word' id='word_1_316' title='bbox 194 4137 291 4185; x_wconf 84' lang='grc' dir='ltr'>τῶν</span> <span class='ocrx_word' id='word_1_317' title='bbox 321 4131 571 4207; x_wconf 83' lang='grc' dir='ltr'>ἀγγέλων</span> <span class='ocrx_word' id='word_1_318' title='bbox 626 4131 676 4202; x_wconf 78' lang='grc' dir='ltr'>ἐξ</span> <span class='ocrx_word' id='word_1_319' title='bbox 722 4133 923 4187; x_wconf 69' lang='grc' dir='ltr'>ἑαυτῶν</span> <span class='ocrx_word' id='word_1_320' title='bbox 956 4131 1046 4186; x_wconf 84' lang='grc' dir='ltr'>καὶ</span> <span class='ocrx_word' id='word_1_321' title='bbox 1075 4131 1127 4186; x_wconf 68' lang='grc' dir='ltr'>ἂν</span> <span class='ocrx_word' id='word_1_322' title='bbox 1161 4132 1375 4193; x_wconf 74' lang='grc' dir='ltr'>ἑαυτοῖς</span> <span class='ocrx_word' id='word_1_323' title='bbox 1422 4130 1710 4198; x_wconf 68' lang='grc' dir='ltr'>νοοῦντων,</span> <span class='ocrx_word' id='word_1_324' title='bbox 1758 4132 1847 4185; x_wconf 81' lang='grc' dir='ltr'>ἅτε</span> 
     </span>
    </p>
   </div>
   <div class='ocr_carea' id='block_1_44' title="bbox 196 4217 1845 4294">
    <p class='ocr_par' dir='ltr' id='par_1_44' title="bbox 196 4217 1845 4294">
     <span class='ocr_line' id='line_1_45' title="bbox 196 4217 1845 4294; baseline 0 -21"><span class='ocrx_word' id='word_1_325' title='bbox 196 4220 275 4273; x_wconf 72' lang='grc' dir='ltr'>καὶ</span> <span class='ocrx_word' id='word_1_326' title='bbox 308 4217 564 4275; x_wconf 83' lang='grc' dir='ltr'>Οεοειδῶν</span> <span class='ocrx_word' id='word_1_327' title='bbox 614 4221 807 4275; x_wconf 74' lang='grc' dir='ltr'>ὄντων.</span> <span class='ocrx_word' id='word_1_328' title='bbox 859 4221 963 4275; x_wconf 87' lang='grc' dir='ltr'>Καὶ</span> <span class='ocrx_word' id='word_1_329' title='bbox 1021 4224 1188 4274; x_wconf 84' lang='grc' dir='ltr'>ταῦτα</span> <span class='ocrx_word' id='word_1_330' title='bbox 1248 4220 1342 4292; x_wconf 73' lang='grc' dir='ltr'>μὲν</span> <span class='ocrx_word' id='word_1_331' title='bbox 1374 4220 1495 4294; x_wconf 83' lang='grc' dir='ltr'>περὶ</span> <span class='ocrx_word' id='word_1_332' title='bbox 1550 4224 1656 4272; x_wconf 89' lang='grc' dir='ltr'>τῶν</span> <span class='ocrx_word' id='word_1_333' title='bbox 1711 4240 1845 4289; x_wconf 91' lang='grc' dir='ltr'>νοη-</span> 
     </span>
    </p>
   </div>
   <div class='ocr_carea' id='block_1_45' title="bbox 195 4304 1844 4383">
    <p class='ocr_par' dir='ltr' id='par_1_45' title="bbox 195 4304 1844 4383">
     <span class='ocr_line' id='line_1_46' title="bbox 195 4304 1844 4383; baseline -0.001 -20"><span class='ocrx_word' id='word_1_334' title='bbox 195 4313 311 4363; x_wconf 85' lang='grc' dir='ltr'>τῶν·</span> <span class='ocrx_word' id='word_1_335' title='bbox 349 4310 475 4382; x_wconf 85' lang='grc' dir='ltr'>περὶ</span> <span class='ocrx_word' id='word_1_336' title='bbox 511 4307 568 4363; x_wconf 78' lang='grc' dir='ltr'>δὲ</span> <span class='ocrx_word' id='word_1_337' title='bbox 597 4314 731 4364; x_wconf 89' lang='grc' dir='ltr'>Θεοῦ</span> <span class='ocrx_word' id='word_1_338' title='bbox 764 4310 911 4371; x_wconf 80' lang='grc' dir='ltr'>ὅπως</span> <span class='ocrx_word' id='word_1_339' title='bbox 953 4315 1090 4377; x_wconf 78' lang='grc' dir='ltr'>νοεῖ,</span> <span class='ocrx_word' id='word_1_340' title='bbox 1135 4304 1282 4383; x_wconf 77' lang='grc' dir='ltr'>ἔχεις</span> <span class='ocrx_word' id='word_1_341' title='bbox 1316 4310 1403 4363; x_wconf 81' lang='grc' dir='ltr'>καὶ</span> <span class='ocrx_word' id='word_1_342' title='bbox 1438 4305 1547 4362; x_wconf 80' lang='grc' dir='ltr'>ὧδε</span> <span class='ocrx_word' id='word_1_343' title='bbox 1592 4309 1679 4362; x_wconf 83' lang='grc' dir='ltr'>καὶ</span> <span class='ocrx_word' id='word_1_344' title='bbox 1735 4309 1844 4362; x_wconf 80' lang='grc' dir='ltr'>ἄνω</span> 
     </span>
    </p>
   </div>
   <div class='ocr_carea' id='block_1_46' title="bbox 196 4395 1844 4475">
    <p class='ocr_par' dir='ltr' id='par_1_46' title="bbox 196 4395 1844 4475">
     <span class='ocr_line' id='line_1_47' title="bbox 196 4395 1844 4475; baseline 0.001 -25"><span class='ocrx_word' id='word_1_345' title='bbox 196 4396 242 4451; x_wconf 72' lang='grc' dir='ltr'>ἐν</span> <span class='ocrx_word' id='word_1_346' title='bbox 272 4398 507 4471; x_wconf 88' lang='grc' dir='ltr'>πέμπτῳ</span> <span class='ocrx_word' id='word_1_347' title='bbox 554 4396 837 4475; x_wconf 71' lang='grc' dir='ltr'>κεφαλαίῳ</span> <span class='ocrx_word' id='word_1_348' title='bbox 887 4396 1047 4473; x_wconf 70' lang='grc' dir='ltr'>ἐγγὺς</span> <span class='ocrx_word' id='word_1_349' title='bbox 1097 4395 1193 4451; x_wconf 84' lang='grc' dir='ltr'>τοῦ</span> <span class='ocrx_word' id='word_1_350' title='bbox 1247 4395 1457 4458; x_wconf 85' lang='grc' dir='ltr'>τέλους·</span> <span class='ocrx_word' id='word_1_351' title='bbox 1515 4396 1545 4451; x_wconf 76' lang='grc' dir='ltr'>ὅ</span> <span class='ocrx_word' id='word_1_352' title='bbox 1577 4395 1633 4451; x_wconf 72' lang='grc' dir='ltr'>δὲ</span> <span class='ocrx_word' id='word_1_353' title='bbox 1691 4396 1844 4451; x_wconf 76' lang='grc' dir='ltr'>εἶ’πο-</span> 
     </span>
    </p>
   </div>
   <div class='ocr_carea' id='block_1_47' title="bbox 202 4482 1842 4562">
    <p class='ocr_par' dir='ltr' id='par_1_47' title="bbox 202 4482 1842 4562">
     <span class='ocr_line' id='line_1_48' title="bbox 202 4482 1842 4562; baseline -0.001 -21"><span class='ocrx_word' id='word_1_354' title='bbox 202 4508 287 4556; x_wconf 84' lang='grc' dir='ltr'>μεν</span> <span class='ocrx_word' id='word_1_355' title='bbox 336 4487 460 4562; x_wconf 85' lang='grc' dir='ltr'>περὶ</span> <span class='ocrx_word' id='word_1_356' title='bbox 509 4490 725 4562; x_wconf 75' lang='grc' dir='ltr'>ψυχῶν,</span> <span class='ocrx_word' id='word_1_357' title='bbox 773 4488 854 4541; x_wconf 83' lang='grc' dir='ltr'>ὅτι</span> <span class='ocrx_word' id='word_1_358' title='bbox 905 4484 1268 4560; x_wconf 78' lang='grc' dir='ltr'>ἀγγελοειδῶς</span> <span class='ocrx_word' id='word_1_359' title='bbox 1322 4484 1395 4547; x_wconf 77' lang='grc' dir='ltr'>εἷς</span> <span class='ocrx_word' id='word_1_360' title='bbox 1424 4482 1478 4539; x_wconf 72' lang='grc' dir='ltr'>ἓν</span> <span class='ocrx_word' id='word_1_361' title='bbox 1532 4487 1598 4539; x_wconf 72' lang='grc' dir='ltr'>τὰ</span> <span class='ocrx_word' id='word_1_362' title='bbox 1654 4483 1842 4540; x_wconf 81' lang='grc' dir='ltr'>πολλᾶ</span> 
     </span>
    </p>
   </div>
   <div class='ocr_carea' id='block_1_48' title="bbox 202 4574 1845 4648">
    <p class='ocr_par' dir='ltr' id='par_1_48' title="bbox 202 4574 1845 4648">
     <span class='ocr_line' id='line_1_49' title="bbox 202 4574 1845 4648; baseline 0.001 -21"><span class='ocrx_word' id='word_1_363' title='bbox 202 4574 531 4647; x_wconf 77' lang='grc' dir='ltr'>συνελίξασαι</span> <span class='ocrx_word' id='word_1_364' title='bbox 564 4581 770 4647; x_wconf 80' lang='grc' dir='ltr'>νοοῦσι,</span> <span class='ocrx_word' id='word_1_365' title='bbox 809 4574 1048 4647; x_wconf 80' lang='grc' dir='ltr'>μάλιστα</span> <span class='ocrx_word' id='word_1_366' title='bbox 1077 4574 1127 4629; x_wconf 84' lang='grc' dir='ltr'>ἐν</span> <span class='ocrx_word' id='word_1_367' title='bbox 1168 4579 1235 4648; x_wconf 81' lang='grc' dir='ltr'>τῇ</span> <span class='ocrx_word' id='word_1_368' title='bbox 1285 4574 1566 4629; x_wconf 76' lang='grc' dir='ltr'>ἀναστάσει</span> <span class='ocrx_word' id='word_1_369' title='bbox 1618 4574 1845 4636; x_wconf 84' lang='grc' dir='ltr'>τελείως</span> 
     </span>
    </p>
   </div>
   <div class='ocr_carea' id='block_1_49' title="bbox 1947 655 3601 726">
    <p class='ocr_par' dir='ltr' id='par_1_49' title="bbox 1947 655 3601 726">
     <span class='ocr_line' id='line_1_50' title="bbox 1947 655 3601 726; baseline 0.008 -19"><span class='ocrx_word' id='word_1_370' title='bbox 1947 655 2003 707; x_wconf 92' lang='lat' dir='ltr'>in</span> <span class='ocrx_word' id='word_1_371' title='bbox 2037 671 2184 725; x_wconf 87' lang='lat' dir='ltr'>quas</span> <span class='ocrx_word' id='word_1_372' title='bbox 2216 655 2600 726; x_wconf 84' lang='lat' dir='ltr'>cogitationes</span> <span class='ocrx_word' id='word_1_373' title='bbox 2644 672 2810 711; x_wconf 89' lang='lat' dir='ltr'>mens</span> <span class='ocrx_word' id='word_1_374' title='bbox 2860 665 3058 713; x_wconf 90' lang='lat' dir='ltr'>nostra</span> <span class='ocrx_word' id='word_1_375' title='bbox 3109 676 3175 714; x_wconf 85' lang='lat' dir='ltr'>ex</span> <span class='ocrx_word' id='word_1_376' title='bbox 3206 662 3601 720; x_wconf 85' lang='lat' dir='ltr'>divisibilibus</span> 
     </span>
    </p>
   </div>
   <div class='ocr_carea' id='block_1_50' title="bbox 1946 744 3598 821">
    <p class='ocr_par' dir='ltr' id='par_1_50' title="bbox 1946 744 3598 821">
     <span class='ocr_line' id='line_1_51' title="bbox 1946 744 3598 821; baseline 0.006 -24"><span class='ocrx_word' id='word_1_377' title='bbox 1946 744 2268 811; x_wconf 82' lang='lat' dir='ltr'>descendit,</span> <span class='ocrx_word' id='word_1_378' title='bbox 2301 745 2355 798; x_wconf 89' lang='lat' dir='ltr'>id</span> <span class='ocrx_word' id='word_1_379' title='bbox 2390 750 2476 799; x_wconf 87' lang='lat' dir='ltr'>est</span> <span class='ocrx_word' id='word_1_380' title='bbox 2507 762 2577 799; x_wconf 88' lang='lat' dir='ltr'>ex</span> <span class='ocrx_word' id='word_1_381' title='bbox 2618 745 2937 801; x_wconf 83' lang='lat' dir='ltr'>sensilibus</span> <span class='ocrx_word' id='word_1_382' title='bbox 2986 753 3041 801; x_wconf 92' lang='lat' dir='ltr'>et</span> <span class='ocrx_word' id='word_1_383' title='bbox 3072 750 3219 804; x_wconf 84' lang='lat' dir='ltr'>fusis</span> <span class='ocrx_word' id='word_1_384' title='bbox 3250 751 3598 821; x_wconf 85' lang='lat' dir='ltr'>rationibus,</span> 
     </span>
    </p>
   </div>
   <div class='ocr_carea' id='block_1_51' title="bbox 1946 833 3598 908">
    <p class='ocr_par' dir='ltr' id='par_1_51' title="bbox 1946 833 3598 908">
     <span class='ocr_line' id='line_1_52' title="bbox 1946 833 3598 908; baseline 0.007 -23"><span class='ocrx_word' id='word_1_385' title='bbox 1946 850 2050 903; x_wconf 94' lang='lat' dir='ltr'>pro</span> <span class='ocrx_word' id='word_1_386' title='bbox 2084 833 2389 904; x_wconf 88' lang='lat' dir='ltr'>speciebus</span> <span class='ocrx_word' id='word_1_387' title='bbox 2423 851 2487 888; x_wconf 92' lang='lat' dir='ltr'>ac</span> <span class='ocrx_word' id='word_1_388' title='bbox 2511 834 2911 903; x_wconf 87' lang='lat' dir='ltr'>multitudine,</span> <span class='ocrx_word' id='word_1_389' title='bbox 2942 838 3095 906; x_wconf 89' lang='lat' dir='ltr'>quod</span> <span class='ocrx_word' id='word_1_390' title='bbox 3117 844 3226 908; x_wconf 83' lang='lat' dir='ltr'>est,</span> <span class='ocrx_word' id='word_1_391' title='bbox 3253 841 3598 897; x_wconf 90' lang='lat' dir='ltr'>intellectio-</span> 
     </span>
    </p>
   </div>
   <div class='ocr_carea' id='block_1_52' title="bbox 1948 922 3601 995">
    <p class='ocr_par' dir='ltr' id='par_1_52' title="bbox 1948 922 3601 995">
     <span class='ocr_line' id='line_1_53' title="bbox 1948 922 3601 995; baseline 0.007 -20"><span class='ocrx_word' id='word_1_392' title='bbox 1948 940 2050 977; x_wconf 90' lang='lat' dir='ltr'>nes</span> <span class='ocrx_word' id='word_1_393' title='bbox 2104 922 2497 977; x_wconf 87' lang='lat' dir='ltr'>materialium</span> <span class='ocrx_word' id='word_1_394' title='bbox 2548 924 2913 995; x_wconf 85' lang='lat' dir='ltr'>colligentes,</span> <span class='ocrx_word' id='word_1_395' title='bbox 2947 927 3147 981; x_wconf 88' lang='lat' dir='ltr'>omnia</span> <span class='ocrx_word' id='word_1_396' title='bbox 3196 929 3322 983; x_wconf 89' lang='lat' dir='ltr'>sine</span> <span class='ocrx_word' id='word_1_397' title='bbox 3356 932 3601 987; x_wconf 82' lang='lat' dir='ltr'>materia</span> 
     </span>
    </p>
   </div>
   <div class='ocr_carea' id='block_1_53' title="bbox 1947 1011 2813 1084">
    <p class='ocr_par' dir='ltr' id='par_1_53' title="bbox 1947 1011 2813 1084">
     <span class='ocr_line' id='line_1_54' title="bbox 1947 1011 2813 1084; baseline 0.005 -19"><span class='ocrx_word' id='word_1_398' title='bbox 1947 1011 2004 1065; x_wconf 94' lang='lat' dir='ltr'>in</span> <span class='ocrx_word' id='word_1_399' title='bbox 2040 1011 2294 1083; x_wconf 86' lang='lat' dir='ltr'>simplici</span> <span class='ocrx_word' id='word_1_400' title='bbox 2327 1012 2813 1084; x_wconf 83' lang='lat' dir='ltr'>contemplantes.</span> 
     </span>
    </p>
   </div>
   <div class='ocr_carea' id='block_1_54' title="bbox 2015 1101 3602 1176">
    <p class='ocr_par' dir='ltr' id='par_1_54' title="bbox 2015 1101 3602 1176">
     <span class='ocr_line' id='line_1_55' title="bbox 2015 1101 3602 1176; baseline 0.006 -21"><span class='ocrx_word' id='word_1_401' title='bbox 2015 1102 2382 1166; x_wconf 77' lang='lat' dir='ltr'>Intellectiles,</span> <span class='ocrx_word' id='word_1_402' title='bbox 2416 1102 2513 1157; x_wconf 87' lang='lat' dir='ltr'>Gr.</span> <span class='ocrx_word' id='word_1_403' title='bbox 2546 1101 2757 1169; x_wconf 81' lang='grc' dir='ltr'>νοηταί,</span> <span class='ocrx_word' id='word_1_404' title='bbox 2796 1104 3062 1176; x_wconf 87' lang='lat' dir='ltr'>Intellige</span> <span class='ocrx_word' id='word_1_405' title='bbox 3096 1105 3236 1160; x_wconf 91' lang='lat' dir='ltr'>illud</span> <span class='ocrx_word' id='word_1_406' title='bbox 3272 1107 3484 1176; x_wconf 71' lang='grc' dir='ltr'>νοηταί,</span> <span class='ocrx_word' id='word_1_407' title='bbox 3519 1111 3602 1166; x_wconf 90' lang='lat' dir='ltr'>in-</span> 
     </span>
    </p>
   </div>
   <div class='ocr_carea' id='block_1_55' title="bbox 1950 1189 3601 1271">
    <p class='ocr_par' dir='ltr' id='par_1_55' title="bbox 1950 1189 3601 1271">
     <span class='ocr_line' id='line_1_56' title="bbox 1950 1189 3601 1271; baseline 0.004 -27"><span class='ocrx_word' id='word_1_408' title='bbox 1950 1189 2304 1261; x_wconf 87' lang='lat' dir='ltr'>telligibiles,</span> <span class='ocrx_word' id='word_1_409' title='bbox 2337 1197 2623 1260; x_wconf 88' lang='lat' dir='ltr'>quantum</span> <span class='ocrx_word' id='word_1_410' title='bbox 2652 1194 2718 1246; x_wconf 86' lang='lat' dir='ltr'>ad</span> <span class='ocrx_word' id='word_1_411' title='bbox 2756 1210 2898 1260; x_wconf 90' lang='lat' dir='ltr'>nos;</span> <span class='ocrx_word' id='word_1_412' title='bbox 2945 1194 3138 1265; x_wconf 89' lang='lat' dir='ltr'>ipsum</span> <span class='ocrx_word' id='word_1_413' title='bbox 3170 1202 3365 1252; x_wconf 88' lang='lat' dir='ltr'>autem</span> <span class='ocrx_word' id='word_1_414' title='bbox 3396 1197 3601 1271; x_wconf 87' lang='grc' dir='ltr'>νοεραί,</span> 
     </span>
    </p>
   </div>
   <div class='ocr_carea' id='block_1_56' title="bbox 1948 1278 3027 1351">
    <p class='ocr_par' dir='ltr' id='par_1_56' title="bbox 1948 1278 3027 1351">
     <span class='ocr_line' id='line_1_57' title="bbox 1948 1278 3027 1351; baseline 0.006 -19"><span class='ocrx_word' id='word_1_415' title='bbox 1948 1278 2367 1351; x_wconf 87' lang='lat' dir='ltr'>intelligentes,</span> <span class='ocrx_word' id='word_1_416' title='bbox 2403 1286 2687 1349; x_wconf 88' lang='lat' dir='ltr'>quantum</span> <span class='ocrx_word' id='word_1_417' title='bbox 2722 1282 2792 1335; x_wconf 88' lang='lat' dir='ltr'>ad</span> <span class='ocrx_word' id='word_1_418' title='bbox 2828 1287 3027 1339; x_wconf 88' lang='lat' dir='ltr'>Deum.</span> 
     </span>
    </p>
   </div>
   <div class='ocr_carea' id='block_1_57' title="bbox 2017 1368 3600 1432">
    <p class='ocr_par' dir='ltr' id='par_1_57' title="bbox 2017 1368 3600 1432">
     <span class='ocr_line' id='line_1_58' title="bbox 2017 1368 3600 1432; baseline 0.006 -10"><span class='ocrx_word' id='word_1_419' title='bbox 2017 1369 2121 1423; x_wconf 81' lang='lat' dir='ltr'>Aut</span> <span class='ocrx_word' id='word_1_420' title='bbox 2173 1386 2206 1421; x_wconf 89' lang='lat' dir='ltr'>a</span> <span class='ocrx_word' id='word_1_421' title='bbox 2254 1368 2514 1424; x_wconf 75' lang='lat' dir='ltr'>dividuis.</span> <span class='ocrx_word' id='word_1_422' title='bbox 2563 1370 2680 1424; x_wconf 91' lang='lat' dir='ltr'>Nos</span> <span class='ocrx_word' id='word_1_423' title='bbox 2728 1371 3123 1428; x_wconf 85' lang='lat' dir='ltr'>divisibilibus</span> <span class='ocrx_word' id='word_1_424' title='bbox 3177 1391 3463 1431; x_wconf 86' lang='lat' dir='ltr'>sensuum</span> <span class='ocrx_word' id='word_1_425' title='bbox 3508 1378 3600 1432; x_wconf 90' lang='lat' dir='ltr'>in-</span> 
     </span>
    </p>
   </div>
   <div class='ocr_carea' id='block_1_58' title="bbox 1951 1458 3601 1534">
    <p class='ocr_par' dir='ltr' id='par_1_58' title="bbox 1951 1458 3601 1534">
     <span class='ocr_line' id='line_1_59' title="bbox 1951 1458 3601 1534; baseline 0.005 -22"><span class='ocrx_word' id='word_1_426' title='bbox 1951 1458 2295 1512; x_wconf 87' lang='lat' dir='ltr'>strumentis</span> <span class='ocrx_word' id='word_1_427' title='bbox 2339 1458 2601 1525; x_wconf 85' lang='lat' dir='ltr'>utimur;</span> <span class='ocrx_word' id='word_1_428' title='bbox 2654 1459 2809 1514; x_wconf 80' lang='lat' dir='ltr'>aliud</span> <span class='ocrx_word' id='word_1_429' title='bbox 2863 1460 3017 1516; x_wconf 90' lang='lat' dir='ltr'>enim</span> <span class='ocrx_word' id='word_1_430' title='bbox 3070 1464 3329 1534; x_wconf 88' lang='lat' dir='ltr'>auditus,</span> <span class='ocrx_word' id='word_1_431' title='bbox 3358 1471 3414 1521; x_wconf 87' lang='lat' dir='ltr'>et</span> <span class='ocrx_word' id='word_1_432' title='bbox 3442 1466 3601 1520; x_wconf 87' lang='lat' dir='ltr'>aliud</span> 
     </span>
    </p>
   </div>
   <div class='ocr_carea' id='block_1_59' title="bbox 1951 1547 3602 1612">
    <p class='ocr_par' dir='ltr' id='par_1_59' title="bbox 1951 1547 3602 1612">
     <span class='ocr_line' id='line_1_60' title="bbox 1951 1547 3602 1612; baseline 0.007 -13"><span class='ocrx_word' id='word_1_433' title='bbox 1951 1549 2135 1612; x_wconf 90' lang='lat' dir='ltr'>visus,</span> <span class='ocrx_word' id='word_1_434' title='bbox 2168 1553 2223 1602; x_wconf 91' lang='lat' dir='ltr'>et</span> <span class='ocrx_word' id='word_1_435' title='bbox 2256 1548 2339 1602; x_wconf 91' lang='lat' dir='ltr'>sic</span> <span class='ocrx_word' id='word_1_436' title='bbox 2371 1548 2441 1603; x_wconf 93' lang='lat' dir='ltr'>de</span> <span class='ocrx_word' id='word_1_437' title='bbox 2474 1547 2605 1603; x_wconf 86' lang='lat' dir='ltr'>aliis</span> <span class='ocrx_word' id='word_1_438' title='bbox 2641 1567 2652 1602; x_wconf 93' lang='lat'><strong>:</strong></span> <span class='ocrx_word' id='word_1_439' title='bbox 2692 1555 2747 1603; x_wconf 90' lang='lat' dir='ltr'>et</span> <span class='ocrx_word' id='word_1_440' title='bbox 2795 1549 2887 1605; x_wconf 89' lang='lat' dir='ltr'>his</span> <span class='ocrx_word' id='word_1_441' title='bbox 2921 1567 2954 1605; x_wconf 93' lang='lat' dir='ltr'>a</span> <span class='ocrx_word' id='word_1_442' title='bbox 2985 1551 3375 1610; x_wconf 84' lang='lat' dir='ltr'>divisibilibus</span> <span class='ocrx_word' id='word_1_443' title='bbox 3408 1557 3602 1610; x_wconf 89' lang='lat' dir='ltr'>sensi-</span> 
     </span>
    </p>
   </div>
   <div class='ocr_carea' id='block_1_60' title="bbox 1948 1636 3601 1710">
    <p class='ocr_par' dir='ltr' id='par_1_60' title="bbox 1948 1636 3601 1710">
     <span class='ocr_line' id='line_1_61' title="bbox 1948 1636 3601 1710; baseline 0.005 -19"><span class='ocrx_word' id='word_1_444' title='bbox 1948 1637 2105 1691; x_wconf 88' lang='lat' dir='ltr'>libus</span> <span class='ocrx_word' id='word_1_445' title='bbox 2159 1653 2351 1691; x_wconf 91' lang='lat' dir='ltr'>rerum</span> <span class='ocrx_word' id='word_1_446' title='bbox 2404 1636 2795 1707; x_wconf 83' lang='lat' dir='ltr'>cognitionem</span> <span class='ocrx_word' id='word_1_447' title='bbox 2848 1639 3187 1710; x_wconf 87' lang='lat' dir='ltr'>recipimus,</span> <span class='ocrx_word' id='word_1_448' title='bbox 3217 1648 3319 1696; x_wconf 91' lang='lat' dir='ltr'>aut</span> <span class='ocrx_word' id='word_1_449' title='bbox 3361 1644 3417 1697; x_wconf 88' lang='lat' dir='ltr'>in</span> <span class='ocrx_word' id='word_1_450' title='bbox 3454 1644 3601 1698; x_wconf 87' lang='lat' dir='ltr'>divi-</span> 
     </span>
    </p>
   </div>
   <div class='ocr_carea' id='block_1_61' title="bbox 1949 1726 3606 1800">
    <p class='ocr_par' dir='ltr' id='par_1_61' title="bbox 1949 1726 3606 1800">
     <span class='ocr_line' id='line_1_62' title="bbox 1949 1726 3606 1800; baseline 0.005 -20"><span class='ocrx_word' id='word_1_451' title='bbox 1949 1726 2219 1781; x_wconf 87' lang='lat' dir='ltr'>sibilibus</span> <span class='ocrx_word' id='word_1_452' title='bbox 2265 1726 2501 1797; x_wconf 87' lang='lat' dir='ltr'>quidem</span> <span class='ocrx_word' id='word_1_453' title='bbox 2553 1744 2621 1781; x_wconf 88' lang='lat' dir='ltr'>ex</span> <span class='ocrx_word' id='word_1_454' title='bbox 2672 1734 2832 1798; x_wconf 85' lang='lat' dir='ltr'>parte</span> <span class='ocrx_word' id='word_1_455' title='bbox 2882 1729 3377 1800; x_wconf 84' lang='lat' dir='ltr'>cogitationibus;</span> <span class='ocrx_word' id='word_1_456' title='bbox 3430 1734 3527 1787; x_wconf 88' lang='lat' dir='ltr'>sed</span> <span class='ocrx_word' id='word_1_457' title='bbox 3573 1750 3606 1788; x_wconf 91' lang='lat' dir='ltr'>a</span> 
     </span>
    </p>
   </div>
   <div class='ocr_carea' id='block_1_62' title="bbox 1950 1815 3600 1892">
    <p class='ocr_par' dir='ltr' id='par_1_62' title="bbox 1950 1815 3600 1892">
     <span class='ocr_line' id='line_1_63' title="bbox 1950 1815 3600 1892; baseline 0.003 -21"><span class='ocrx_word' id='word_1_458' title='bbox 1950 1816 2347 1871; x_wconf 89' lang='lat' dir='ltr'>divisibilibus</span> <span class='ocrx_word' id='word_1_459' title='bbox 2399 1815 2731 1886; x_wconf 89' lang='lat' dir='ltr'>disciplinis</span> <span class='ocrx_word' id='word_1_460' title='bbox 2765 1834 2866 1870; x_wconf 88' lang='lat' dir='ltr'>seu</span> <span class='ocrx_word' id='word_1_461' title='bbox 2923 1817 3260 1874; x_wconf 87' lang='lat' dir='ltr'>intellectus</span> <span class='ocrx_word' id='word_1_462' title='bbox 3317 1822 3600 1892; x_wconf 88' lang='lat' dir='ltr'>objectis;</span> 
     </span>
    </p>
   </div>
   <div class='ocr_carea' id='block_1_63' title="bbox 1950 1906 3601 1978">
    <p class='ocr_par' dir='ltr' id='par_1_63' title="bbox 1950 1906 3601 1978">
     <span class='ocr_line' id='line_1_64' title="bbox 1950 1906 3601 1978; baseline 0.004 -18"><span class='ocrx_word' id='word_1_463' title='bbox 1950 1906 2269 1976; x_wconf 83' lang='lat' dir='ltr'>aliquando</span> <span class='ocrx_word' id='word_1_464' title='bbox 2319 1910 2516 1960; x_wconf 88' lang='lat' dir='ltr'>autem</span> <span class='ocrx_word' id='word_1_465' title='bbox 2570 1923 2671 1976; x_wconf 90' lang='lat' dir='ltr'>per</span> <span class='ocrx_word' id='word_1_466' title='bbox 2720 1907 2881 1961; x_wconf 83' lang='lat' dir='ltr'>fusas</span> <span class='ocrx_word' id='word_1_467' title='bbox 2933 1922 2997 1961; x_wconf 85' lang='lat' dir='ltr'>ac</span> <span class='ocrx_word' id='word_1_468' title='bbox 3046 1909 3272 1978; x_wconf 87' lang='lat' dir='ltr'>amplas</span> <span class='ocrx_word' id='word_1_469' title='bbox 3321 1911 3601 1978; x_wconf 88' lang='lat' dir='ltr'>rationes,</span> 
     </span>
    </p>
   </div>
   <div class='ocr_carea' id='block_1_64' title="bbox 1950 1994 3605 2065">
    <p class='ocr_par' dir='ltr' id='par_1_64' title="bbox 1950 1994 3605 2065">
     <span class='ocr_line' id='line_1_65' title="bbox 1950 1994 3605 2065; baseline 0.004 -16"><span class='ocrx_word' id='word_1_470' title='bbox 1950 1997 2007 2051; x_wconf 92' lang='lat' dir='ltr'>id</span> <span class='ocrx_word' id='word_1_471' title='bbox 2040 2000 2128 2050; x_wconf 84' lang='lat' dir='ltr'>est</span> <span class='ocrx_word' id='word_1_472' title='bbox 2157 1994 2373 2050; x_wconf 88' lang='lat' dir='ltr'>claram</span> <span class='ocrx_word' id='word_1_473' title='bbox 2414 2000 2471 2050; x_wconf 90' lang='lat' dir='ltr'>et</span> <span class='ocrx_word' id='word_1_474' title='bbox 2522 1994 2871 2065; x_wconf 82' lang='lat' dir='ltr'>explicatam</span> <span class='ocrx_word' id='word_1_475' title='bbox 2905 1997 3341 2053; x_wconf 87' lang='lat' dir='ltr'>enarrationem</span> <span class='ocrx_word' id='word_1_476' title='bbox 3389 1999 3605 2056; x_wconf 83' lang='lat' dir='ltr'>facien-</span> 
     </span>
    </p>
   </div>
   <div class='ocr_carea' id='block_1_65' title="bbox 1950 2083 3603 2154">
    <p class='ocr_par' dir='ltr' id='par_1_65' title="bbox 1950 2083 3603 2154">
     <span class='ocr_line' id='line_1_66' title="bbox 1950 2083 3603 2154; baseline 0.003 -15"><span class='ocrx_word' id='word_1_477' title='bbox 1950 2089 2058 2140; x_wconf 87' lang='lat' dir='ltr'>tes.</span> <span class='ocrx_word' id='word_1_478' title='bbox 2094 2083 2491 2154; x_wconf 85' lang='lat' dir='ltr'>Intelligentes</span> <span class='ocrx_word' id='word_1_479' title='bbox 2522 2101 2653 2139; x_wconf 90' lang='lat' dir='ltr'>vero</span> <span class='ocrx_word' id='word_1_480' title='bbox 2678 2088 2918 2151; x_wconf 69' lang='lat' dir='ltr'>naturae,</span> <span class='ocrx_word' id='word_1_481' title='bbox 2949 2084 3172 2141; x_wconf 88' lang='lat' dir='ltr'>nullam</span> <span class='ocrx_word' id='word_1_482' title='bbox 3207 2086 3264 2141; x_wconf 92' lang='lat' dir='ltr'>in</span> <span class='ocrx_word' id='word_1_483' title='bbox 3292 2088 3381 2143; x_wconf 88' lang='lat' dir='ltr'>bis</span> <span class='ocrx_word' id='word_1_484' title='bbox 3412 2090 3603 2143; x_wconf 89' lang='lat' dir='ltr'>omni-</span> 
     </span>
    </p>
   </div>
   <div class='ocr_carea' id='block_1_66' title="bbox 1951 2173 3609 2248">
    <p class='ocr_par' dir='ltr' id='par_1_66' title="bbox 1951 2173 3609 2248">
     <span class='ocr_line' id='line_1_67' title="bbox 1951 2173 3609 2248; baseline 0.002 -20"><span class='ocrx_word' id='word_1_485' title='bbox 1951 2174 2061 2229; x_wconf 89' lang='lat' dir='ltr'>bus</span> <span class='ocrx_word' id='word_1_486' title='bbox 2094 2173 2690 2228; x_wconf 82' lang='lat' dir='ltr'>communicationem</span> <span class='ocrx_word' id='word_1_487' title='bbox 2743 2173 3045 2241; x_wconf 85' lang='lat' dir='ltr'>habentes,</span> <span class='ocrx_word' id='word_1_488' title='bbox 3099 2192 3215 2231; x_wconf 88' lang='lat' dir='ltr'>una</span> <span class='ocrx_word' id='word_1_489' title='bbox 3262 2182 3319 2231; x_wconf 91' lang='lat' dir='ltr'>et</span> <span class='ocrx_word' id='word_1_490' title='bbox 3351 2177 3609 2248; x_wconf 89' lang='lat' dir='ltr'>simplici</span> 
     </span>
    </p>
   </div>
   <div class='ocr_carea' id='block_1_67' title="bbox 1952 2261 3414 2333">
    <p class='ocr_par' dir='ltr' id='par_1_67' title="bbox 1952 2261 3414 2333">
     <span class='ocr_line' id='line_1_68' title="bbox 1952 2261 3414 2333; baseline 0.004 -17"><span class='ocrx_word' id='word_1_491' title='bbox 1952 2261 2344 2317; x_wconf 85' lang='lat' dir='ltr'>intellectione</span> <span class='ocrx_word' id='word_1_492' title='bbox 2370 2261 2631 2316; x_wconf 82' lang='lat' dir='ltr'>veritatis</span> <span class='ocrx_word' id='word_1_493' title='bbox 2662 2262 2989 2333; x_wconf 83' lang='lat' dir='ltr'>cognitione</span> <span class='ocrx_word' id='word_1_494' title='bbox 3020 2262 3414 2323; x_wconf 88' lang='lat' dir='ltr'>illustrantur.</span> 
     </span>
    </p>
   </div>
   <div class='ocr_carea' id='block_1_68' title="bbox 2020 2350 3609 2423">
    <p class='ocr_par' dir='ltr' id='par_1_68' title="bbox 2020 2350 3609 2423">
     <span class='ocr_line' id='line_1_69' title="bbox 2020 2350 3609 2423; baseline 0.003 -17"><span class='ocrx_word' id='word_1_495' title='bbox 2020 2353 2215 2422; x_wconf 81' lang='lat' dir='ltr'>Estque</span> <span class='ocrx_word' id='word_1_496' title='bbox 2248 2351 2380 2405; x_wconf 76' lang='lat' dir='ltr'>illis.</span> <span class='ocrx_word' id='word_1_497' title='bbox 2414 2350 2565 2405; x_wconf 88' lang='lat' dir='ltr'>Dicit</span> <span class='ocrx_word' id='word_1_498' title='bbox 2596 2352 2744 2421; x_wconf 56' lang='lat' dir='ltr'>[esse</span> <span class='ocrx_word' id='word_1_499' title='bbox 2794 2351 2852 2406; x_wconf 90' lang='lat' dir='ltr'>in</span> <span class='ocrx_word' id='word_1_500' title='bbox 2902 2352 3126 2423; x_wconf 85' lang='lat' dir='ltr'>angelis</span> <span class='ocrx_word' id='word_1_501' title='bbox 3180 2354 3515 2411; x_wconf 81' lang='lat' dir='ltr'>facultatem</span> <span class='ocrx_word' id='word_1_502' title='bbox 3550 2360 3609 2411; x_wconf 92' lang='lat' dir='ltr'>et</span> 
     </span>
    </p>
   </div>
   <div class='ocr_carea' id='block_1_69' title="bbox 1954 2439 3607 2511">
    <p class='ocr_par' dir='ltr' id='par_1_69' title="bbox 1954 2439 3607 2511">
     <span class='ocr_line' id='line_1_70' title="bbox 1954 2439 3607 2511; baseline 0.003 -17"><span class='ocrx_word' id='word_1_503' title='bbox 1954 2440 2271 2495; x_wconf 76' lang='lat' dir='ltr'>efﬁcaciam</span> <span class='ocrx_word' id='word_1_504' title='bbox 2324 2439 2745 2511; x_wconf 85' lang='lat' dir='ltr'>intelligentem</span> <span class='ocrx_word' id='word_1_505' title='bbox 2797 2458 2829 2494; x_wconf 93' lang='lat' dir='ltr'>a</span> <span class='ocrx_word' id='word_1_506' title='bbox 2881 2443 3315 2511; x_wconf 87' lang='lat' dir='ltr'>supernaturali</span> <span class='ocrx_word' id='word_1_507' title='bbox 3360 2444 3463 2499; x_wconf 87' lang='lat' dir='ltr'>Dei</span> <span class='ocrx_word' id='word_1_508' title='bbox 3512 2462 3607 2499; x_wconf 89' lang='lat' dir='ltr'>sa-</span> 
     </span>
    </p>
   </div>
   <div class='ocr_carea' id='block_1_70' title="bbox 1952 2528 3602 2604">
    <p class='ocr_par' dir='ltr' id='par_1_70' title="bbox 1952 2528 3602 2604">
     <span class='ocr_line' id='line_1_71' title="bbox 1952 2528 3602 2604; baseline 0.002 -21"><span class='ocrx_word' id='word_1_509' title='bbox 1952 2529 2168 2601; x_wconf 86' lang='lat' dir='ltr'>pientia</span> <span class='ocrx_word' id='word_1_510' title='bbox 2198 2533 2383 2584; x_wconf 87' lang='lat' dir='ltr'>ortam</span> <span class='ocrx_word' id='word_1_511' title='bbox 2411 2548 2424 2595; x_wconf 90' lang='lat'>;</span> <span class='ocrx_word' id='word_1_512' title='bbox 2461 2545 2526 2583; x_wconf 83' lang='lat' dir='ltr'>ex</span> <span class='ocrx_word' id='word_1_513' title='bbox 2558 2528 2684 2600; x_wconf 90' lang='lat' dir='ltr'>ipso</span> <span class='ocrx_word' id='word_1_514' title='bbox 2717 2529 2871 2584; x_wconf 91' lang='lat' dir='ltr'>enim</span> <span class='ocrx_word' id='word_1_515' title='bbox 2923 2529 3105 2585; x_wconf 91' lang='lat' dir='ltr'>divini</span> <span class='ocrx_word' id='word_1_516' title='bbox 3139 2532 3331 2603; x_wconf 85' lang='lat' dir='ltr'>angeli</span> <span class='ocrx_word' id='word_1_517' title='bbox 3364 2534 3602 2604; x_wconf 87' lang='lat' dir='ltr'>partici-</span> 
     </span>
    </p>
   </div>
   <div class='ocr_carea' id='block_1_71' title="bbox 1950 2616 3605 2689">
    <p class='ocr_par' dir='ltr' id='par_1_71' title="bbox 1950 2616 3605 2689">
     <span class='ocr_line' id='line_1_72' title="bbox 1950 2616 3605 2689; baseline 0.002 -17"><span class='ocrx_word' id='word_1_518' title='bbox 1950 2618 2182 2689; x_wconf 88' lang='lat' dir='ltr'>patione</span> <span class='ocrx_word' id='word_1_519' title='bbox 2236 2616 2569 2672; x_wconf 86' lang='lat' dir='ltr'>facultatem</span> <span class='ocrx_word' id='word_1_520' title='bbox 2622 2616 3005 2686; x_wconf 77' lang='lat' dir='ltr'>intelligentia</span> <span class='ocrx_word' id='word_1_521' title='bbox 3054 2620 3323 2675; x_wconf 60' lang='lat' dir='ltr'>efficacia</span> <span class='ocrx_word' id='word_1_522' title='bbox 3365 2621 3605 2686; x_wconf 87' lang='lat' dir='ltr'>habent,</span> 
     </span>
    </p>
   </div>
   <div class='ocr_carea' id='block_1_72' title="bbox 1951 2706 3606 2779">
    <p class='ocr_par' dir='ltr' id='par_1_72' title="bbox 1951 2706 3606 2779">
     <span class='ocr_line' id='line_1_73' title="bbox 1951 2706 3606 2779; baseline 0.004 -19"><span class='ocrx_word' id='word_1_523' title='bbox 1951 2725 2067 2778; x_wconf 90' lang='lat' dir='ltr'>qua</span> <span class='ocrx_word' id='word_1_524' title='bbox 2097 2707 2321 2779; x_wconf 86' lang='lat' dir='ltr'>seipsos</span> <span class='ocrx_word' id='word_1_525' title='bbox 2354 2724 2417 2761; x_wconf 89' lang='lat' dir='ltr'>ac</span> <span class='ocrx_word' id='word_1_526' title='bbox 2446 2724 2537 2760; x_wconf 89' lang='lat' dir='ltr'>res</span> <span class='ocrx_word' id='word_1_527' title='bbox 2563 2706 2919 2777; x_wconf 87' lang='lat' dir='ltr'>intelligunt,</span> <span class='ocrx_word' id='word_1_528' title='bbox 2943 2711 3117 2778; x_wconf 88' lang='lat' dir='ltr'>atque</span> <span class='ocrx_word' id='word_1_529' title='bbox 3150 2710 3311 2765; x_wconf 89' lang='lat' dir='ltr'>ideas</span> <span class='ocrx_word' id='word_1_530' title='bbox 3335 2710 3606 2766; x_wconf 84' lang='lat' dir='ltr'>intuitive</span> 
     </span>
    </p>
   </div>
   <div class='ocr_carea' id='block_1_73' title="bbox 1949 2796 3604 2867">
    <p class='ocr_par' dir='ltr' id='par_1_73' title="bbox 1949 2796 3604 2867">
     <span class='ocr_line' id='line_1_74' title="bbox 1949 2796 3604 2867; baseline 0.002 -16"><span class='ocrx_word' id='word_1_531' title='bbox 1949 2796 2308 2867; x_wconf 87' lang='lat' dir='ltr'>intelligunt,</span> <span class='ocrx_word' id='word_1_532' title='bbox 2340 2812 2487 2866; x_wconf 90' lang='lat' dir='ltr'>quas</span> <span class='ocrx_word' id='word_1_533' title='bbox 2520 2796 2618 2850; x_wconf 91' lang='lat' dir='ltr'>Dei</span> <span class='ocrx_word' id='word_1_534' title='bbox 2651 2796 3019 2867; x_wconf 84' lang='lat' dir='ltr'>cognitiones</span> <span class='ocrx_word' id='word_1_535' title='bbox 3051 2798 3390 2854; x_wconf 87' lang='lat' dir='ltr'>nominavit.</span> <span class='ocrx_word' id='word_1_536' title='bbox 3417 2800 3604 2855; x_wconf 81' lang='lat' dir='ltr'>Intlo-</span> 
     </span>
    </p>
   </div>
   <div class='ocr_carea' id='block_1_74' title="bbox 1951 2885 3602 2959">
    <p class='ocr_par' dir='ltr' id='par_1_74' title="bbox 1951 2885 3602 2959">
     <span class='ocr_line' id='line_1_75' title="bbox 1951 2885 3602 2959; baseline 0.001 -18"><span class='ocrx_word' id='word_1_537' title='bbox 1951 2887 2186 2941; x_wconf 88' lang='lat' dir='ltr'>ductam</span> <span class='ocrx_word' id='word_1_538' title='bbox 2221 2886 2400 2956; x_wconf 89' lang='lat' dir='ltr'>igitur</span> <span class='ocrx_word' id='word_1_539' title='bbox 2431 2885 2649 2939; x_wconf 86' lang='lat' dir='ltr'>habent</span> <span class='ocrx_word' id='word_1_540' title='bbox 2673 2885 2743 2939; x_wconf 90' lang='lat' dir='ltr'>ab</span> <span class='ocrx_word' id='word_1_541' title='bbox 2776 2891 3010 2940; x_wconf 87' lang='lat' dir='ltr'>auctore</span> <span class='ocrx_word' id='word_1_542' title='bbox 3037 2887 3146 2941; x_wconf 87' lang='lat' dir='ltr'>Deo</span> <span class='ocrx_word' id='word_1_543' title='bbox 3180 2887 3602 2959; x_wconf 86' lang='lat' dir='ltr'>intelligentem</span> 
     </span>
    </p>
   </div>
   <div class='ocr_carea' id='block_1_75' title="bbox 1950 2973 3609 3048">
    <p class='ocr_par' dir='ltr' id='par_1_75' title="bbox 1950 2973 3609 3048">
     <span class='ocr_line' id='line_1_76' title="bbox 1950 2973 3609 3048; baseline 0.001 -18"><span class='ocrx_word' id='word_1_544' title='bbox 1950 2976 2101 3030; x_wconf 86' lang='lat' dir='ltr'>hanc</span> <span class='ocrx_word' id='word_1_545' title='bbox 2131 2975 2470 3039; x_wconf 78' lang='lat' dir='ltr'>efﬁcaciam,</span> <span class='ocrx_word' id='word_1_546' title='bbox 2504 2980 2675 3043; x_wconf 72' lang='lat' dir='ltr'>atque</span> <span class='ocrx_word' id='word_1_547' title='bbox 2708 2973 2869 3029; x_wconf 79' lang='lat' dir='ltr'>valde</span> <span class='ocrx_word' id='word_1_548' title='bbox 2910 2978 3394 3031; x_wconf 85' lang='lat' dir='ltr'>transcendenter</span> <span class='ocrx_word' id='word_1_549' title='bbox 3427 2994 3609 3048; x_wconf 84' lang='lat' dir='ltr'>supra</span> 
     </span>
    </p>
   </div>
   <div class='ocr_carea' id='block_1_76' title="bbox 1951 3062 3611 3136">
    <p class='ocr_par' dir='ltr' id='par_1_76' title="bbox 1951 3062 3611 3136">
     <span class='ocr_line' id='line_1_77' title="bbox 1951 3062 3611 3136; baseline 0 -15"><span class='ocrx_word' id='word_1_550' title='bbox 1951 3066 2217 3130; x_wconf 89' lang='lat' dir='ltr'>animas;</span> <span class='ocrx_word' id='word_1_551' title='bbox 2252 3064 2299 3117; x_wconf 89' lang='lat' dir='ltr'>si</span> <span class='ocrx_word' id='word_1_552' title='bbox 2331 3062 2564 3133; x_wconf 89' lang='lat' dir='ltr'>quidem</span> <span class='ocrx_word' id='word_1_553' title='bbox 2597 3063 2804 3116; x_wconf 66' lang='lat' dir='ltr'>animae</span> <span class='ocrx_word' id='word_1_554' title='bbox 2838 3080 2906 3117; x_wconf 85' lang='lat' dir='ltr'>ex</span> <span class='ocrx_word' id='word_1_555' title='bbox 2934 3063 3079 3135; x_wconf 89' lang='lat' dir='ltr'>ipsis</span> <span class='ocrx_word' id='word_1_556' title='bbox 3113 3065 3287 3120; x_wconf 89' lang='lat' dir='ltr'>rebus</span> <span class='ocrx_word' id='word_1_557' title='bbox 3320 3082 3421 3120; x_wconf 89' lang='lat' dir='ltr'>seu</span> <span class='ocrx_word' id='word_1_558' title='bbox 3454 3066 3611 3136; x_wconf 75' lang='lat' dir='ltr'>obje‘</span> 
     </span>
    </p>
   </div>
   <div class='ocr_carea' id='block_1_77' title="bbox 1951 3151 3611 3224">
    <p class='ocr_par' dir='ltr' id='par_1_77' title="bbox 1951 3151 3611 3224">
     <span class='ocr_line' id='line_1_78' title="bbox 1951 3151 3611 3224; baseline -0.001 -13"><span class='ocrx_word' id='word_1_559' title='bbox 1951 3155 2062 3211; x_wconf 91' lang='lat' dir='ltr'>ctis</span> <span class='ocrx_word' id='word_1_560' title='bbox 2093 3153 2244 3209; x_wconf 78' lang='lat'>188</span> <span class='ocrx_word' id='word_1_561' title='bbox 2287 3169 2379 3207; x_wconf 89' lang='lat' dir='ltr'>res</span> <span class='ocrx_word' id='word_1_562' title='bbox 2430 3151 2783 3223; x_wconf 83' lang='lat' dir='ltr'>intelligant,</span> <span class='ocrx_word' id='word_1_563' title='bbox 2818 3158 2873 3206; x_wconf 91' lang='lat' dir='ltr'>et</span> <span class='ocrx_word' id='word_1_564' title='bbox 2925 3153 3232 3224; x_wconf 86' lang='lat' dir='ltr'>speciebus</span> <span class='ocrx_word' id='word_1_565' title='bbox 3279 3155 3611 3221; x_wconf 86' lang='lat' dir='ltr'>intendant,</span> 
     </span>
    </p>
   </div>
   <div class='ocr_carea' id='block_1_78' title="bbox 1955 3240 3691 3315">
    <p class='ocr_par' dir='ltr' id='par_1_78' title="bbox 1955 3240 3691 3315">
     <span class='ocr_line' id='line_1_79' title="bbox 1955 3240 3691 3315; baseline -0.001 -15"><span class='ocrx_word' id='word_1_566' title='bbox 1955 3244 2109 3315; x_wconf 90' lang='lat' dir='ltr'>quod</span> <span class='ocrx_word' id='word_1_567' title='bbox 2142 3248 2230 3297; x_wconf 89' lang='lat' dir='ltr'>est</span> <span class='ocrx_word' id='word_1_568' title='bbox 2262 3240 2702 3296; x_wconf 86' lang='lat' dir='ltr'>ratiocinatione</span> <span class='ocrx_word' id='word_1_569' title='bbox 2753 3240 3022 3311; x_wconf 84' lang='lat' dir='ltr'>pluribus</span> <span class='ocrx_word' id='word_1_570' title='bbox 3070 3243 3417 3315; x_wconf 86' lang='lat' dir='ltr'>intelligere,</span> <span class='ocrx_word' id='word_1_571' title='bbox 3453 3261 3519 3299; x_wconf 90' lang='lat' dir='ltr'>ac</span> <span class='ocrx_word' id='word_1_572' title='bbox 3550 3244 3611 3299; x_wconf 91' lang='lat' dir='ltr'>in</span> <span class='ocrx_word' id='word_1_573' title='bbox 3688 3278 3691 3279; x_wconf 52' lang='grc' dir='ltr'><em>ν</em></span> 
     </span>
    </p>
   </div>
   <div class='ocr_carea' id='block_1_79' title="bbox 1956 3328 3613 3400">
    <p class='ocr_par' dir='ltr' id='par_1_79' title="bbox 1956 3328 3613 3400">
     <span class='ocr_line' id='line_1_80' title="bbox 1956 3328 3613 3400; baseline -0.002 -11"><span class='ocrx_word' id='word_1_574' title='bbox 1956 3335 2155 3389; x_wconf 91' lang='lat' dir='ltr'>orbem</span> <span class='ocrx_word' id='word_1_575' title='bbox 2189 3331 2388 3385; x_wconf 90' lang='lat' dir='ltr'>omnia</span> <span class='ocrx_word' id='word_1_576' title='bbox 2418 3328 2682 3384; x_wconf 90' lang='lat' dir='ltr'>circuire.</span> <span class='ocrx_word' id='word_1_577' title='bbox 2716 3330 2921 3400; x_wconf 88' lang='lat' dir='ltr'>Angeli</span> <span class='ocrx_word' id='word_1_578' title='bbox 2965 3348 3097 3385; x_wconf 89' lang='lat' dir='ltr'>vero</span> <span class='ocrx_word' id='word_1_579' title='bbox 3128 3331 3333 3385; x_wconf 88' lang='lat' dir='ltr'>innata</span> <span class='ocrx_word' id='word_1_580' title='bbox 3365 3332 3476 3387; x_wconf 92' lang='lat' dir='ltr'>sibi</span> <span class='ocrx_word' id='word_1_581' title='bbox 3516 3333 3613 3388; x_wconf 87' lang='lat' dir='ltr'>Dei</span> 
     </span>
    </p>
   </div>
   <div class='ocr_carea' id='block_1_80' title="bbox 1955 3420 3611 3489">
    <p class='ocr_par' dir='ltr' id='par_1_80' title="bbox 1955 3420 3611 3489">
     <span class='ocr_line' id='line_1_81' title="bbox 1955 3420 3611 3489; baseline -0.001 -12"><span class='ocrx_word' id='word_1_582' title='bbox 1955 3422 2365 3483; x_wconf 87' lang='lat' dir='ltr'>similitudine,</span> <span class='ocrx_word' id='word_1_583' title='bbox 2386 3420 2556 3473; x_wconf 83' lang='lat' dir='ltr'>unice</span> <span class='ocrx_word' id='word_1_584' title='bbox 2586 3435 2686 3474; x_wconf 88' lang='lat' dir='ltr'>seu</span> <span class='ocrx_word' id='word_1_585' title='bbox 2723 3436 2824 3489; x_wconf 87' lang='lat' dir='ltr'>per</span> <span class='ocrx_word' id='word_1_586' title='bbox 2843 3420 3081 3473; x_wconf 87' lang='lat' dir='ltr'>modum</span> <span class='ocrx_word' id='word_1_587' title='bbox 3111 3420 3287 3475; x_wconf 90' lang='lat' dir='ltr'>unius</span> <span class='ocrx_word' id='word_1_588' title='bbox 3311 3426 3611 3475; x_wconf 88' lang='lat' dir='ltr'>creaturas</span> 
     </span>
    </p>
   </div>
   <div class='ocr_carea' id='block_1_81' title="bbox 1957 3506 3611 3577">
    <p class='ocr_par' dir='ltr' id='par_1_81' title="bbox 1957 3506 3611 3577">
     <span class='ocr_line' id='line_1_82' title="bbox 1957 3506 3611 3577; baseline -0.002 -12"><span class='ocrx_word' id='word_1_589' title='bbox 1957 3509 2175 3565; x_wconf 89' lang='lat' dir='ltr'>multas</span> <span class='ocrx_word' id='word_1_590' title='bbox 2210 3506 2565 3577; x_wconf 87' lang='lat' dir='ltr'>intelligunt,</span> <span class='ocrx_word' id='word_1_591' title='bbox 2602 3522 2788 3577; x_wconf 90' lang='lat' dir='ltr'>neque</span> <span class='ocrx_word' id='word_1_592' title='bbox 2819 3506 3161 3561; x_wconf 91' lang='lat' dir='ltr'>dividuntur</span> <span class='ocrx_word' id='word_1_593' title='bbox 3186 3508 3246 3560; x_wconf 92' lang='lat' dir='ltr'>in</span> <span class='ocrx_word' id='word_1_594' title='bbox 3278 3508 3611 3563; x_wconf 91' lang='lat' dir='ltr'>distinctio-</span> 
     </span>
    </p>
   </div>
   <div class='ocr_carea' id='block_1_82' title="bbox 1957 3595 3611 3662">
    <p class='ocr_par' dir='ltr' id='par_1_82' title="bbox 1957 3595 3611 3662">
     <span class='ocr_line' id='line_1_83' title="bbox 1957 3595 3611 3662; baseline -0.002 -7"><span class='ocrx_word' id='word_1_595' title='bbox 1957 3617 2088 3655; x_wconf 88' lang='lat' dir='ltr'>nem</span> <span class='ocrx_word' id='word_1_596' title='bbox 2122 3596 2420 3653; x_wconf 88' lang='lat' dir='ltr'>varictatis</span> <span class='ocrx_word' id='word_1_597' title='bbox 2453 3611 2650 3650; x_wconf 89' lang='lat' dir='ltr'>rerum</span> <span class='ocrx_word' id='word_1_598' title='bbox 2682 3612 2785 3650; x_wconf 89' lang='lat' dir='ltr'>seu</span> <span class='ocrx_word' id='word_1_599' title='bbox 2814 3595 3078 3662; x_wconf 89' lang='lat' dir='ltr'>sensilia,</span> <span class='ocrx_word' id='word_1_600' title='bbox 3110 3596 3263 3652; x_wconf 90' lang='lat' dir='ltr'>sicut</span> <span class='ocrx_word' id='word_1_601' title='bbox 3295 3598 3611 3652; x_wconf 87' lang='lat' dir='ltr'>rationales</span> 
     </span>
    </p>
   </div>
   <div class='ocr_carea' id='block_1_83' title="bbox 1957 3682 3611 3758">
    <p class='ocr_par' dir='ltr' id='par_1_83' title="bbox 1957 3682 3611 3758">
     <span class='ocr_line' id='line_1_84' title="bbox 1957 3682 3611 3758; baseline -0.001 -15"><span class='ocrx_word' id='word_1_602' title='bbox 1957 3690 2167 3743; x_wconf 76' lang='lat' dir='ltr'>animze</span> <span class='ocrx_word' id='word_1_603' title='bbox 2200 3704 2212 3741; x_wconf 94' lang='lat'>:</span> <span class='ocrx_word' id='word_1_604' title='bbox 2248 3701 2419 3756; x_wconf 84' lang='lat' dir='ltr'>porro</span> <span class='ocrx_word' id='word_1_605' title='bbox 2451 3684 2656 3738; x_wconf 69' lang='lat' dir='ltr'>anima:</span> <span class='ocrx_word' id='word_1_606' title='bbox 2702 3682 2802 3739; x_wconf 90' lang='lat' dir='ltr'>illa</span> <span class='ocrx_word' id='word_1_607' title='bbox 2850 3701 2909 3739; x_wconf 88' lang='lat' dir='ltr'>re</span> <span class='ocrx_word' id='word_1_608' title='bbox 2942 3684 3376 3755; x_wconf 85' lang='lat' dir='ltr'>aliquantulum</span> <span class='ocrx_word' id='word_1_609' title='bbox 3422 3687 3611 3758; x_wconf 70' lang='lat' dir='ltr'>dignae</span> 
     </span>
    </p>
   </div>
   <div class='ocr_carea' id='block_1_84' title="bbox 1958 3772 3613 3847">
    <p class='ocr_par' dir='ltr' id='par_1_84' title="bbox 1958 3772 3613 3847">
     <span class='ocr_line' id='line_1_85' title="bbox 1958 3772 3613 3847; baseline -0.001 -15"><span class='ocrx_word' id='word_1_610' title='bbox 1958 3778 2125 3845; x_wconf 79' lang='lat' dir='ltr'>ﬁunt,</span> <span class='ocrx_word' id='word_1_611' title='bbox 2161 3774 2398 3847; x_wconf 87' lang='lat' dir='ltr'>angelos</span> <span class='ocrx_word' id='word_1_612' title='bbox 2430 3772 2743 3837; x_wconf 90' lang='lat' dir='ltr'>imitando,</span> <span class='ocrx_word' id='word_1_613' title='bbox 2792 3774 3049 3843; x_wconf 88' lang='lat' dir='ltr'>quando,</span> <span class='ocrx_word' id='word_1_614' title='bbox 3104 3773 3422 3829; x_wconf 86' lang='lat' dir='ltr'>multorum</span> <span class='ocrx_word' id='word_1_615' title='bbox 3454 3775 3511 3830; x_wconf 89' lang='lat' dir='ltr'>in</span> <span class='ocrx_word' id='word_1_616' title='bbox 3549 3791 3613 3830; x_wconf 88' lang='lat' dir='ltr'>se</span> 
     </span>
    </p>
   </div>
   <div class='ocr_carea' id='block_1_85' title="bbox 1957 3861 3614 3935">
    <p class='ocr_par' dir='ltr' id='par_1_85' title="bbox 1957 3861 3614 3935">
     <span class='ocr_line' id='line_1_86' title="bbox 1957 3861 3614 3935; baseline -0.001 -14"><span class='ocrx_word' id='word_1_617' title='bbox 1957 3866 2317 3935; x_wconf 87' lang='lat' dir='ltr'>objectorum</span> <span class='ocrx_word' id='word_1_618' title='bbox 2351 3861 2807 3918; x_wconf 88' lang='lat' dir='ltr'>intellectionem</span> <span class='ocrx_word' id='word_1_619' title='bbox 2853 3862 2912 3916; x_wconf 93' lang='lat' dir='ltr'>in</span> <span class='ocrx_word' id='word_1_620' title='bbox 2966 3880 3151 3917; x_wconf 90' lang='lat' dir='ltr'>unum</span> <span class='ocrx_word' id='word_1_621' title='bbox 3186 3865 3614 3931; x_wconf 83' lang='lat' dir='ltr'>convolventes,</span> 
     </span>
    </p>
   </div>
   <div class='ocr_carea' id='block_1_86' title="bbox 1958 3952 3612 4020">
    <p class='ocr_par' dir='ltr' id='par_1_86' title="bbox 1958 3952 3612 4020">
     <span class='ocr_line' id='line_1_87' title="bbox 1958 3952 3612 4020; baseline -0.002 -10"><span class='ocrx_word' id='word_1_622' title='bbox 1958 3955 2155 4010; x_wconf 87' lang='lat' dir='ltr'>omnia</span> <span class='ocrx_word' id='word_1_623' title='bbox 2186 3952 2363 4007; x_wconf 90' lang='lat' dir='ltr'>simul</span> <span class='ocrx_word' id='word_1_624' title='bbox 2396 3952 2523 4006; x_wconf 89' lang='lat' dir='ltr'>sine</span> <span class='ocrx_word' id='word_1_625' title='bbox 2553 3953 2895 4007; x_wconf 82' lang='lat' dir='ltr'>confusione</span> <span class='ocrx_word' id='word_1_626' title='bbox 2926 3952 3205 4007; x_wconf 87' lang='lat' dir='ltr'>distincta</span> <span class='ocrx_word' id='word_1_627' title='bbox 3236 3953 3484 4020; x_wconf 89' lang='lat' dir='ltr'>habent;</span> <span class='ocrx_word' id='word_1_628' title='bbox 3518 3970 3612 4008; x_wconf 90' lang='lat' dir='ltr'>ve-</span> 
     </span>
    </p>
   </div>
   <div class='ocr_carea' id='block_1_87' title="bbox 1959 4041 3611 4099">
    <p class='ocr_par' dir='ltr' id='par_1_87' title="bbox 1959 4041 3611 4099">
     <span class='ocr_line' id='line_1_88' title="bbox 1959 4041 3611 4099; baseline -0.001 0"><span class='ocrx_word' id='word_1_629' title='bbox 1959 4049 2291 4099; x_wconf 88' lang='lat' dir='ltr'>rumtamen</span> <span class='ocrx_word' id='word_1_630' title='bbox 2327 4041 2538 4095; x_wconf 75' lang='lat' dir='ltr'>animae</span> <span class='ocrx_word' id='word_1_631' title='bbox 2568 4041 2867 4095; x_wconf 88' lang='lat' dir='ltr'>inductam</span> <span class='ocrx_word' id='word_1_632' title='bbox 2904 4042 2975 4095; x_wconf 88' lang='lat' dir='ltr'>ab</span> <span class='ocrx_word' id='word_1_633' title='bbox 3022 4042 3352 4097; x_wconf 85' lang='lat' dir='ltr'>extrinseco</span> <span class='ocrx_word' id='word_1_634' title='bbox 3384 4042 3611 4097; x_wconf 86' lang='lat' dir='ltr'>intelle-</span> 
     </span>
    </p>
   </div>
   <div class='ocr_carea' id='block_1_88' title="bbox 1957 4130 3612 4203">
    <p class='ocr_par' dir='ltr' id='par_1_88' title="bbox 1957 4130 3612 4203">
     <span class='ocr_line' id='line_1_89' title="bbox 1957 4130 3612 4203; baseline -0.002 -14"><span class='ocrx_word' id='word_1_635' title='bbox 1957 4134 2209 4189; x_wconf 89' lang='lat' dir='ltr'>ctionem</span> <span class='ocrx_word' id='word_1_636' title='bbox 2245 4130 2485 4199; x_wconf 87' lang='lat' dir='ltr'>habent,</span> <span class='ocrx_word' id='word_1_637' title='bbox 2519 4131 2621 4184; x_wconf 89' lang='lat' dir='ltr'>sed</span> <span class='ocrx_word' id='word_1_638' title='bbox 2654 4130 2840 4198; x_wconf 82' lang='lat' dir='ltr'>angeli</span> <span class='ocrx_word' id='word_1_639' title='bbox 2874 4145 2943 4185; x_wconf 82' lang='lat' dir='ltr'>ex</span> <span class='ocrx_word' id='word_1_640' title='bbox 2974 4130 3187 4199; x_wconf 89' lang='lat' dir='ltr'>seipsis</span> <span class='ocrx_word' id='word_1_641' title='bbox 3220 4135 3275 4184; x_wconf 89' lang='lat' dir='ltr'>et</span> <span class='ocrx_word' id='word_1_642' title='bbox 3305 4131 3363 4185; x_wconf 90' lang='lat' dir='ltr'>in</span> <span class='ocrx_word' id='word_1_643' title='bbox 3398 4130 3612 4203; x_wconf 86' lang='lat' dir='ltr'>seipsis</span> 
     </span>
    </p>
   </div>
   <div class='ocr_carea' id='block_1_89' title="bbox 1958 4217 3613 4293">
    <p class='ocr_par' dir='ltr' id='par_1_89' title="bbox 1958 4217 3613 4293">
     <span class='ocr_line' id='line_1_90' title="bbox 1958 4217 3613 4293; baseline -0.002 -16"><span class='ocrx_word' id='word_1_644' title='bbox 1958 4222 2295 4293; x_wconf 88' lang='lat' dir='ltr'>intelligunt</span> <span class='ocrx_word' id='word_1_645' title='bbox 2328 4224 2527 4290; x_wconf 92' lang='lat' dir='ltr'>utpote</span> <span class='ocrx_word' id='word_1_646' title='bbox 2558 4219 2888 4272; x_wconf 86' lang='lat' dir='ltr'>deiformes.</span> <span class='ocrx_word' id='word_1_647' title='bbox 2925 4218 2993 4271; x_wconf 90' lang='lat' dir='ltr'>Et</span> <span class='ocrx_word' id='word_1_648' title='bbox 3024 4217 3145 4272; x_wconf 66' lang='lat' dir='ltr'>haec</span> <span class='ocrx_word' id='word_1_649' title='bbox 3177 4219 3414 4289; x_wconf 92' lang='lat' dir='ltr'>quidem</span> <span class='ocrx_word' id='word_1_650' title='bbox 3448 4219 3613 4273; x_wconf 78' lang='lat' dir='ltr'>sufﬁ-</span> 
     </span>
    </p>
   </div>
   <div class='ocr_carea' id='block_1_90' title="bbox 1957 4306 3610 4380">
    <p class='ocr_par' dir='ltr' id='par_1_90' title="bbox 1957 4306 3610 4380">
     <span class='ocr_line' id='line_1_91' title="bbox 1957 4306 3610 4380; baseline -0.003 -13"><span class='ocrx_word' id='word_1_651' title='bbox 1957 4312 2115 4367; x_wconf 90' lang='lat' dir='ltr'>ciant</span> <span class='ocrx_word' id='word_1_652' title='bbox 2145 4312 2215 4364; x_wconf 94' lang='lat' dir='ltr'>de</span> <span class='ocrx_word' id='word_1_653' title='bbox 2264 4306 2761 4380; x_wconf 87' lang='lat' dir='ltr'>intelligibilibus.</span> <span class='ocrx_word' id='word_1_654' title='bbox 2810 4307 2889 4361; x_wconf 89' lang='lat' dir='ltr'>De</span> <span class='ocrx_word' id='word_1_655' title='bbox 2923 4310 3035 4360; x_wconf 85' lang='lat' dir='ltr'>Deo</span> <span class='ocrx_word' id='word_1_656' title='bbox 3085 4310 3281 4361; x_wconf 88' lang='lat' dir='ltr'>autem</span> <span class='ocrx_word' id='word_1_657' title='bbox 3316 4309 3610 4378; x_wconf 90' lang='lat' dir='ltr'>quomodo</span> 
     </span>
    </p>
   </div>
   <div class='ocr_carea' id='block_1_91' title="bbox 1958 4395 3612 4469">
    <p class='ocr_par' dir='ltr' id='par_1_91' title="bbox 1958 4395 3612 4469">
     <span class='ocr_line' id='line_1_92' title="bbox 1958 4395 3612 4469; baseline -0.002 -14"><span class='ocrx_word' id='word_1_658' title='bbox 1958 4399 2263 4469; x_wconf 83' lang='lat' dir='ltr'>intelligat,</span> <span class='ocrx_word' id='word_1_659' title='bbox 2282 4397 2375 4452; x_wconf 90' lang='lat' dir='ltr'>hic</span> <span class='ocrx_word' id='word_1_660' title='bbox 2399 4413 2632 4467; x_wconf 88' lang='lat' dir='ltr'>quoque</span> <span class='ocrx_word' id='word_1_661' title='bbox 2655 4395 2857 4463; x_wconf 87' lang='lat' dir='ltr'>habes,</span> <span class='ocrx_word' id='word_1_662' title='bbox 2884 4400 2941 4450; x_wconf 85' lang='lat' dir='ltr'>et</span> <span class='ocrx_word' id='word_1_663' title='bbox 2964 4395 3240 4466; x_wconf 88' lang='lat' dir='ltr'>superius</span> <span class='ocrx_word' id='word_1_664' title='bbox 3264 4396 3415 4450; x_wconf 88' lang='lat' dir='ltr'>circa</span> <span class='ocrx_word' id='word_1_665' title='bbox 3434 4398 3612 4451; x_wconf 85' lang='lat' dir='ltr'>ﬁnem</span> 
     </span>
    </p>
   </div>
   <div class='ocr_carea' id='block_1_92' title="bbox 1957 4484 3608 4560">
    <p class='ocr_par' dir='ltr' id='par_1_92' title="bbox 1957 4484 3608 4560">
     <span class='ocr_line' id='line_1_93' title="bbox 1957 4484 3608 4560; baseline -0.004 -16"><span class='ocrx_word' id='word_1_666' title='bbox 1957 4489 2162 4560; x_wconf 85' lang='lat' dir='ltr'>capitis</span> <span class='ocrx_word' id='word_1_667' title='bbox 2194 4488 2383 4558; x_wconf 84' lang='lat' dir='ltr'>quinti</span> <span class='ocrx_word' id='word_1_668' title='bbox 2421 4502 2433 4541; x_wconf 89' lang='lat'>:</span> <span class='ocrx_word' id='word_1_669' title='bbox 2468 4486 2623 4555; x_wconf 92' lang='lat' dir='ltr'>quod</span> <span class='ocrx_word' id='word_1_670' title='bbox 2656 4489 2851 4539; x_wconf 87' lang='lat' dir='ltr'>autem</span> <span class='ocrx_word' id='word_1_671' title='bbox 2886 4484 3146 4539; x_wconf 88' lang='lat' dir='ltr'>diximus</span> <span class='ocrx_word' id='word_1_672' title='bbox 3170 4485 3241 4539; x_wconf 91' lang='lat' dir='ltr'>de</span> <span class='ocrx_word' id='word_1_673' title='bbox 3272 4484 3608 4550; x_wconf 85' lang='lat' dir='ltr'>animabus,</span> 
     </span>
    </p>
   </div>
   <div class='ocr_carea' id='block_1_93' title="bbox 1957 4573 3612 4645">
    <p class='ocr_par' dir='ltr' id='par_1_93' title="bbox 1957 4573 3612 4645">
     <span class='ocr_line' id='line_1_94' title="bbox 1957 4573 3612 4645; baseline -0.003 -12"><span class='ocrx_word' id='word_1_674' title='bbox 1957 4594 2056 4633; x_wconf 89' lang='lat' dir='ltr'>eas</span> <span class='ocrx_word' id='word_1_675' title='bbox 2088 4578 2144 4631; x_wconf 91' lang='lat' dir='ltr'>in</span> <span class='ocrx_word' id='word_1_676' title='bbox 2178 4577 2412 4630; x_wconf 87' lang='lat' dir='ltr'>modum</span> <span class='ocrx_word' id='word_1_677' title='bbox 2446 4574 2790 4645; x_wconf 86' lang='lat' dir='ltr'>angelorum</span> <span class='ocrx_word' id='word_1_678' title='bbox 2847 4573 3034 4628; x_wconf 89' lang='lat' dir='ltr'>multa</span> <span class='ocrx_word' id='word_1_679' title='bbox 3065 4575 3125 4628; x_wconf 90' lang='lat' dir='ltr'>in</span> <span class='ocrx_word' id='word_1_680' title='bbox 3159 4591 3343 4629; x_wconf 88' lang='lat' dir='ltr'>unum</span> <span class='ocrx_word' id='word_1_681' title='bbox 3378 4573 3612 4630; x_wconf 89' lang='lat' dir='ltr'>convol-</span> 
     </span>
    </p>
   </div>
   <div class='ocr_carea' id='block_1_94' title="bbox 200 4660 1841 4740">
    <p class='ocr_par' dir='ltr' id='par_1_94' title="bbox 200 4660 1841 4739">
     <span class='ocr_line' id='line_1_95' title="bbox 200 4660 1841 4739; baseline 0 -22"><span class='ocrx_word' id='word_1_682' title='bbox 200 4660 418 4735; x_wconf 71' lang='grc' dir='ltr'>ἕξουσιν,</span> <span class='ocrx_word' id='word_1_683' title='bbox 454 4665 544 4719; x_wconf 77' lang='grc' dir='ltr'>ὅτε</span> <span class='ocrx_word' id='word_1_684' title='bbox 574 4664 725 4729; x_wconf 73' lang='grc' dir='ltr'>αὖθις</span> <span class='ocrx_word' id='word_1_685' title='bbox 756 4664 805 4719; x_wconf 81' lang='grc' dir='ltr'>ἐν</span> <span class='ocrx_word' id='word_1_686' title='bbox 838 4671 955 4727; x_wconf 83' lang='grc' dir='ltr'>τοῖς</span> <span class='ocrx_word' id='word_1_687' title='bbox 1016 4666 1216 4719; x_wconf 75' lang='grc' dir='ltr'>ἑαυτῶν</span> <span class='ocrx_word' id='word_1_688' title='bbox 1274 4663 1485 4737; x_wconf 83' lang='grc' dir='ltr'>σώμασι</span> <span class='ocrx_word' id='word_1_689' title='bbox 1534 4660 1841 4739; x_wconf 82' lang='grc' dir='ltr'>γενόμεναι,</span> 
     </span>
    </p>
   </div>
   <div class='ocr_carea' id='block_1_95' title="bbox 1957 4660 3614 4740">
    <p class='ocr_par' dir='ltr' id='par_1_95' title="bbox 1957 4663 3614 4734">
     <span class='ocr_line' id='line_1_96' title="bbox 1957 4663 3614 4734; baseline -0.002 -13"><span class='ocrx_word' id='word_1_690' title='bbox 1957 4672 2152 4722; x_wconf 85' lang='lat' dir='ltr'>ventes</span> <span class='ocrx_word' id='word_1_691' title='bbox 2186 4663 2531 4734; x_wconf 88' lang='lat' dir='ltr'>intelligere,</span> <span class='ocrx_word' id='word_1_692' title='bbox 2568 4664 2819 4717; x_wconf 88' lang='lat' dir='ltr'>maxime</span> <span class='ocrx_word' id='word_1_693' title='bbox 2854 4663 2911 4717; x_wconf 92' lang='lat' dir='ltr'>in</span> <span class='ocrx_word' id='word_1_694' title='bbox 2968 4663 3394 4718; x_wconf 78' lang='lat' dir='ltr'>resurrectione</span> <span class='ocrx_word' id='word_1_695' title='bbox 3428 4664 3614 4734; x_wconf 74' lang='lat' dir='ltr'>perfe-</span> 
     </span>
    </p>
   </div>
   <div class='ocr_carea' id='block_1_96' title="bbox 204 4751 1844 4829">
    <p class='ocr_par' dir='ltr' id='par_1_96' title="bbox 204 4751 1844 4829">
     <span class='ocr_line' id='line_1_97' title="bbox 204 4751 1844 4829; baseline 0.002 -24"><span class='ocrx_word' id='word_1_696' title='bbox 204 4754 291 4821; x_wconf 73' lang='grc' dir='ltr'>τὴν</span> <span class='ocrx_word' id='word_1_697' title='bbox 330 4760 431 4809; x_wconf 89' lang='grc' dir='ltr'>τῶν</span> <span class='ocrx_word' id='word_1_698' title='bbox 462 4751 631 4809; x_wconf 79' lang='grc' dir='ltr'>ὅντων</span> <span class='ocrx_word' id='word_1_699' title='bbox 665 4760 861 4829; x_wconf 89' lang='grc' dir='ltr'>γνῶσιν</span> <span class='ocrx_word' id='word_1_700' title='bbox 894 4754 1102 4809; x_wconf 86' lang='grc' dir='ltr'>τελείαν</span> <span class='ocrx_word' id='word_1_701' title='bbox 1137 4752 1543 4826; x_wconf 71' lang='grc' dir='ltr'>ἀπολήψονται.</span> <span class='ocrx_word' id='word_1_702' title='bbox 1578 4758 1756 4810; x_wconf 84' lang='grc' dir='ltr'>Ταῦτα</span> <span class='ocrx_word' id='word_1_703' title='bbox 1789 4752 1844 4808; x_wconf 74' lang='grc' dir='ltr'>δὲ</span> 
     </span>
    </p>
   </div>
   <div class='ocr_carea' id='block_1_97' title="bbox 208 4840 1846 4918">
    <p class='ocr_par' dir='ltr' id='par_1_97' title="bbox 208 4840 1846 4918">
     <span class='ocr_line' id='line_1_98' title="bbox 208 4840 1846 4918; baseline -0.001 -20"><span class='ocrx_word' id='word_1_704' title='bbox 208 4844 240 4910; x_wconf 74' lang='grc' dir='ltr'>ἡ</span> <span class='ocrx_word' id='word_1_705' title='bbox 267 4848 363 4898; x_wconf 85' lang='grc' dir='ltr'>τῶν</span> <span class='ocrx_word' id='word_1_706' title='bbox 398 4842 619 4898; x_wconf 80' lang='grc' dir='ltr'>δικαίων</span> <span class='ocrx_word' id='word_1_707' title='bbox 652 4844 938 4907; x_wconf 77' lang='grc' dir='ltr'>ἀνάστασις</span> <span class='ocrx_word' id='word_1_708' title='bbox 968 4843 1191 4906; x_wconf 89' lang='grc' dir='ltr'>τελείως</span> <span class='ocrx_word' id='word_1_709' title='bbox 1239 4840 1366 4914; x_wconf 74' lang='grc' dir='ltr'>ἕξει,</span> <span class='ocrx_word' id='word_1_710' title='bbox 1415 4844 1551 4897; x_wconf 75' lang='grc' dir='ltr'>κατὰ</span> <span class='ocrx_word' id='word_1_711' title='bbox 1580 4845 1642 4898; x_wconf 86' lang='grc' dir='ltr'>τὸ</span> <span class='ocrx_word' id='word_1_712' title='bbox 1695 4844 1846 4918; x_wconf 80' lang='grc' dir='ltr'>εἰρη-</span> 
     </span>
    </p>
   </div>
   <div class='ocr_carea' id='block_1_98' title="bbox 216 4929 1847 5005">
    <p class='ocr_par' dir='ltr' id='par_1_98' title="bbox 216 4929 1847 5005">
     <span class='ocr_line' id='line_1_99' title="bbox 216 4929 1847 5005; baseline 0.002 -22"><span class='ocrx_word' id='word_1_713' title='bbox 216 4929 375 5001; x_wconf 85' lang='grc' dir='ltr'>μένον·</span> <span class='ocrx_word' id='word_1_714' title='bbox 426 4933 529 4990; x_wconf 81' lang='grc' dir='ltr'>Καὶ</span> <span class='ocrx_word' id='word_1_715' title='bbox 582 4931 753 4995; x_wconf 74' lang='grc' dir='ltr'>οὕτως</span> <span class='ocrx_word' id='word_1_716' title='bbox 797 4935 1027 4989; x_wconf 73' lang='grc' dir='ltr'>πάντοτε</span> <span class='ocrx_word' id='word_1_717' title='bbox 1073 4932 1164 4987; x_wconf 67' lang='grc' dir='ltr'>σὺν</span> <span class='ocrx_word' id='word_1_718' title='bbox 1213 4932 1392 5005; x_wconf 82' lang='grc' dir='ltr'>Κυρίῳ</span> <span class='ocrx_word' id='word_1_719' title='bbox 1442 4930 1692 5004; x_wconf 71' lang='grc' dir='ltr'>ἐσόμεθα·</span> <span class='ocrx_word' id='word_1_720' title='bbox 1757 4934 1847 4987; x_wconf 83' lang='grc' dir='ltr'>καὶ</span> 
     </span>
    </p>
   </div>
   <div class='ocr_carea' id='block_1_99' title="bbox 212 5020 1845 5097">
    <p class='ocr_par' dir='ltr' id='par_1_99' title="bbox 212 5020 1845 5097">
     <span class='ocr_line' id='line_1_100' title="bbox 212 5020 1845 5097; baseline 0.002 -25"><span class='ocrx_word' id='word_1_721' title='bbox 212 5020 379 5075; x_wconf 73' lang='grc' dir='ltr'>πάλιν·</span> <span class='ocrx_word' id='word_1_722' title='bbox 412 5027 516 5077; x_wconf 82' lang='grc' dir='ltr'>Νῦν</span> <span class='ocrx_word' id='word_1_723' title='bbox 551 5022 626 5086; x_wconf 85' lang='grc' dir='ltr'>ὡς</span> <span class='ocrx_word' id='word_1_724' title='bbox 654 5022 705 5077; x_wconf 80' lang='grc' dir='ltr'>ἐν</span> <span class='ocrx_word' id='word_1_725' title='bbox 735 5022 1027 5097; x_wconf 82' lang='grc' dir='ltr'>κατόπτρῳ</span> <span class='ocrx_word' id='word_1_726' title='bbox 1077 5022 1165 5077; x_wconf 87' lang='grc' dir='ltr'>καὶ</span> <span class='ocrx_word' id='word_1_727' title='bbox 1211 5021 1486 5097; x_wconf 68' lang='grc' dir='ltr'>αἰνίγματι</span> <span class='ocrx_word' id='word_1_728' title='bbox 1547 5020 1845 5095; x_wconf 77' lang='grc' dir='ltr'>βλέπομεν,</span> 
     </span>
    </p>
   </div>
   <div class='ocr_carea' id='block_1_100' title="bbox 210 5107 1847 5187">
    <p class='ocr_par' dir='ltr' id='par_1_100' title="bbox 210 5107 1847 5187">
     <span class='ocr_line' id='line_1_101' title="bbox 210 5107 1847 5187; baseline 0.002 -26"><span class='ocrx_word' id='word_1_729' title='bbox 210 5109 316 5165; x_wconf 78' lang='grc' dir='ltr'>τότε</span> <span class='ocrx_word' id='word_1_730' title='bbox 344 5109 397 5166; x_wconf 63' lang='grc' dir='ltr'>δὲ</span> <span class='ocrx_word' id='word_1_731' title='bbox 444 5110 740 5187; x_wconf 71' lang='grc' dir='ltr'>πρόσωπον</span> <span class='ocrx_word' id='word_1_732' title='bbox 799 5113 936 5185; x_wconf 88' lang='grc' dir='ltr'>πρὸς</span> <span class='ocrx_word' id='word_1_733' title='bbox 994 5112 1293 5186; x_wconf 83' lang='grc' dir='ltr'>πρόσωπον</span> <span class='ocrx_word' id='word_1_734' title='bbox 1351 5112 1447 5178; x_wconf 69' lang='grc' dir='ltr'>τὴν</span> <span class='ocrx_word' id='word_1_735' title='bbox 1514 5114 1622 5164; x_wconf 91' lang='grc' dir='ltr'>τῶν</span> <span class='ocrx_word' id='word_1_736' title='bbox 1678 5107 1847 5165; x_wconf 80' lang='grc' dir='ltr'>ὄντων</span> 
     </span>
    </p>
   </div>
   <div class='ocr_carea' id='block_1_101' title="bbox 211 5199 1208 5273">
    <p class='ocr_par' dir='ltr' id='par_1_101' title="bbox 211 5199 1208 5273">
     <span class='ocr_line' id='line_1_102' title="bbox 211 5199 1208 5273; baseline 0.004 -21"><span class='ocrx_word' id='word_1_737' title='bbox 211 5204 385 5270; x_wconf 69' lang='grc' dir='ltr'>Τδῶσιν</span> <span class='ocrx_word' id='word_1_738' title='bbox 415 5199 677 5273; x_wconf 84' lang='grc' dir='ltr'>δηλονότι</span> <span class='ocrx_word' id='word_1_739' title='bbox 710 5199 974 5270; x_wconf 85' lang='grc' dir='ltr'>παιδευθη</span> <span class='ocrx_word' id='word_1_740' title='bbox 986 5200 1208 5273; x_wconf 84' lang='grc' dir='ltr'>σόμεθα.</span> 
     </span>
    </p>
   </div>
   <div class='ocr_carea' id='block_1_102' title="bbox 274 5394 1509 5467">
    <p class='ocr_par' dir='ltr' id='par_1_102' title="bbox 274 5394 1509 5467">
     <span class='ocr_line' id='line_1_103' title="bbox 274 5394 1509 5467; baseline 0 -19"><span class='ocrx_word' id='word_1_741' title='bbox 274 5394 341 5467; x_wconf 90' lang='grc' dir='ltr'>(υ)</span> <span class='ocrx_word' id='word_1_742' title='bbox 369 5395 389 5450; x_wconf 87' lang='grc' dir='ltr'>Ι</span> <span class='ocrx_word' id='word_1_743' title='bbox 420 5394 628 5452; x_wconf 88' lang='lat' dir='ltr'>Thess.</span> <span class='ocrx_word' id='word_1_744' title='bbox 663 5412 741 5462; x_wconf 81' lang='grc' dir='ltr'>ιν,</span> <span class='ocrx_word' id='word_1_745' title='bbox 776 5396 861 5451; x_wconf 84' lang='grc'>16.</span> <span class='ocrx_word' id='word_1_746' title='bbox 941 5396 1019 5466; x_wconf 74' lang='lat' dir='ltr'>(x)</span> <span class='ocrx_word' id='word_1_747' title='bbox 1052 5396 1074 5450; x_wconf 97' lang='grc' dir='ltr'><strong>Ι</strong></span> <span class='ocrx_word' id='word_1_748' title='bbox 1104 5397 1229 5450; x_wconf 92' lang='lat' dir='ltr'>Cor.</span> <span class='ocrx_word' id='word_1_749' title='bbox 1263 5410 1389 5463; x_wconf 86' lang='lat' dir='ltr'>xm,</span> <span class='ocrx_word' id='word_1_750' title='bbox 1425 5395 1509 5448; x_wconf 85' lang='lat'>12.</span> 
     </span>
    </p>
   </div>
   <div class='ocr_carea' id='block_1_103' title="bbox 1960 4752 3614 4823">
    <p class='ocr_par' dir='ltr' id='par_1_103' title="bbox 1960 4752 3614 4823">
     <span class='ocr_line' id='line_1_104' title="bbox 1960 4752 3614 4823; baseline -0.002 -12"><span class='ocrx_word' id='word_1_751' title='bbox 1960 4761 2047 4811; x_wconf 88' lang='lat' dir='ltr'>cte</span> <span class='ocrx_word' id='word_1_752' title='bbox 2078 4754 2445 4819; x_wconf 85' lang='lat' dir='ltr'>obtinebunt,</span> <span class='ocrx_word' id='word_1_753' title='bbox 2481 4752 2737 4823; x_wconf 89' lang='lat' dir='ltr'>quando,</span> <span class='ocrx_word' id='word_1_754' title='bbox 2782 4769 2988 4807; x_wconf 88' lang='lat' dir='ltr'>rursus</span> <span class='ocrx_word' id='word_1_755' title='bbox 3024 4754 3081 4805; x_wconf 90' lang='lat' dir='ltr'>in</span> <span class='ocrx_word' id='word_1_756' title='bbox 3117 4752 3240 4807; x_wconf 90' lang='lat' dir='ltr'>suis</span> <span class='ocrx_word' id='word_1_757' title='bbox 3271 4752 3614 4823; x_wconf 88' lang='lat' dir='ltr'>corporibus</span> 
     </span>
    </p>
   </div>
   <div class='ocr_carea' id='block_1_104' title="bbox 1959 4840 3611 4913">
    <p class='ocr_par' dir='ltr' id='par_1_104' title="bbox 1959 4840 3611 4913">
     <span class='ocr_line' id='line_1_105' title="bbox 1959 4840 3611 4913; baseline -0.002 -13"><span class='ocrx_word' id='word_1_758' title='bbox 1959 4846 2329 4910; x_wconf 85' lang='lat' dir='ltr'>exsistentes,</span> <span class='ocrx_word' id='word_1_759' title='bbox 2346 4845 2655 4913; x_wconf 78' lang='lat' dir='ltr'>perfectam</span> <span class='ocrx_word' id='word_1_760' title='bbox 2673 4858 2868 4895; x_wconf 86' lang='lat' dir='ltr'>rerum</span> <span class='ocrx_word' id='word_1_761' title='bbox 2892 4841 3284 4912; x_wconf 89' lang='lat' dir='ltr'>cognitionem</span> <span class='ocrx_word' id='word_1_762' title='bbox 3306 4840 3611 4911; x_wconf 87' lang='lat' dir='ltr'>accipient.</span> 
     </span>
    </p>
   </div>
   <div class='ocr_carea' id='block_1_105' title="bbox 1960 4928 3615 5000">
    <p class='ocr_par' dir='ltr' id='par_1_105' title="bbox 1960 4928 3615 5000">
     <span class='ocr_line' id='line_1_106' title="bbox 1960 4928 3615 5000; baseline -0.003 -10"><span class='ocrx_word' id='word_1_763' title='bbox 1960 4934 2327 4991; x_wconf 81' lang='lat' dir='ltr'>Resurrectio</span> <span class='ocrx_word' id='word_1_764' title='bbox 2359 4937 2555 4987; x_wconf 89' lang='lat' dir='ltr'>autem</span> <span class='ocrx_word' id='word_1_765' title='bbox 2606 4932 2903 5000; x_wconf 85' lang='lat' dir='ltr'>justorum</span> <span class='ocrx_word' id='word_1_766' title='bbox 2939 4930 3060 4985; x_wconf 72' lang='lat' dir='ltr'>haec</span> <span class='ocrx_word' id='word_1_767' title='bbox 3094 4932 3344 5000; x_wconf 87' lang='lat' dir='ltr'>perfecte</span> <span class='ocrx_word' id='word_1_768' title='bbox 3379 4928 3615 4985; x_wconf 83' lang='lat' dir='ltr'>habebit</span> 
     </span>
    </p>
   </div>
   <div class='ocr_carea' id='block_1_106' title="bbox 1950 5018 3611 5095">
    <p class='ocr_par' dir='ltr' id='par_1_106' title="bbox 1950 5018 3611 5095">
     <span class='ocr_line' id='line_1_107' title="bbox 1950 5018 3611 5095; baseline -0.005 -15"><span class='ocrx_word' id='word_1_769' title='bbox 1950 5027 2120 5095; x_wconf 85' lang='lat' dir='ltr'>juxta</span> <span class='ocrx_word' id='word_1_770' title='bbox 2152 5023 2507 5093; x_wconf 87' lang='lat' dir='ltr'>Scripturam</span> <span class='ocrx_word' id='word_1_771' title='bbox 2547 5037 2559 5076; x_wconf 92' lang='lat'>:</span> <span class='ocrx_word' id='word_1_772' title='bbox 2593 5022 2654 5074; x_wconf 86' lang='lat' dir='ltr'>Et</span> <span class='ocrx_word' id='word_1_773' title='bbox 2687 5022 2768 5075; x_wconf 74' lang='lat' dir='ltr'>ita</span> <span class='ocrx_word' id='word_1_774' title='bbox 2816 5036 2939 5074; x_wconf 86' lang='lat' dir='ltr'>cum</span> <span class='ocrx_word' id='word_1_775' title='bbox 2989 5018 3217 5073; x_wconf 81' lang='lat' dir='ltr'>Domino</span> <span class='ocrx_word' id='word_1_776' title='bbox 3255 5034 3471 5088; x_wconf 78' lang='lat' dir='ltr'>semper</span> <span class='ocrx_word' id='word_1_777' title='bbox 3501 5019 3611 5073; x_wconf 82' lang='lat' dir='ltr'>eri-</span> 
     </span>
    </p>
   </div>
   <div class='ocr_carea' id='block_1_107' title="bbox 1956 5107 3616 5183">
    <p class='ocr_par' dir='ltr' id='par_1_107' title="bbox 1956 5107 3616 5183">
     <span class='ocr_line' id='line_1_108' title="bbox 1956 5107 3616 5183; baseline -0.003 -15"><span class='ocrx_word' id='word_1_778' title='bbox 1956 5131 2079 5169; x_wconf 87' lang='lat' dir='ltr'>mus</span> <span class='ocrx_word' id='word_1_779' title='bbox 2114 5114 2225 5183; x_wconf 86' lang='lat' dir='ltr'>(v);</span> <span class='ocrx_word' id='word_1_780' title='bbox 2259 5129 2325 5166; x_wconf 89' lang='lat' dir='ltr'>ac</span> <span class='ocrx_word' id='word_1_781' title='bbox 2356 5111 2569 5165; x_wconf 89' lang='lat' dir='ltr'>iterum</span> <span class='ocrx_word' id='word_1_782' title='bbox 2605 5126 2617 5164; x_wconf 91' lang='lat'>:</span> <span class='ocrx_word' id='word_1_783' title='bbox 2651 5110 2803 5164; x_wconf 78' lang='lat' dir='ltr'>Nunc</span> <span class='ocrx_word' id='word_1_784' title='bbox 2825 5113 2884 5163; x_wconf 84' lang='lat' dir='ltr'>ut</span> <span class='ocrx_word' id='word_1_785' title='bbox 2916 5107 2973 5161; x_wconf 80' lang='lat' dir='ltr'>in</span> <span class='ocrx_word' id='word_1_786' title='bbox 3005 5107 3221 5177; x_wconf 85' lang='lat' dir='ltr'>speculo</span> <span class='ocrx_word' id='word_1_787' title='bbox 3248 5110 3297 5161; x_wconf 84' lang='lat' dir='ltr'>et</span> <span class='ocrx_word' id='word_1_788' title='bbox 3319 5109 3616 5177; x_wconf 63' lang='lat' dir='ltr'>aenigmate</span> 
     </span>
    </p>
   </div>
   <div class='ocr_carea' id='block_1_108' title="bbox 1958 5195 3617 5271">
    <p class='ocr_par' dir='ltr' id='par_1_108' title="bbox 1958 5195 3617 5271">
     <span class='ocr_line' id='line_1_109' title="bbox 1958 5195 3617 5271; baseline -0.002 -13"><span class='ocrx_word' id='word_1_789' title='bbox 1958 5203 2226 5271; x_wconf 79' lang='lat' dir='ltr'>videmus,</span> <span class='ocrx_word' id='word_1_790' title='bbox 2260 5210 2393 5255; x_wconf 76' lang='lat' dir='ltr'>tunc</span> <span class='ocrx_word' id='word_1_791' title='bbox 2422 5204 2603 5255; x_wconf 81' lang='lat' dir='ltr'>autem</span> <span class='ocrx_word' id='word_1_792' title='bbox 2658 5198 2808 5270; x_wconf 80' lang='lat' dir='ltr'>facie</span> <span class='ocrx_word' id='word_1_793' title='bbox 2849 5198 2922 5252; x_wconf 87' lang='lat' dir='ltr'>ad</span> <span class='ocrx_word' id='word_1_794' title='bbox 2951 5198 3150 5267; x_wconf 78' lang='lat' dir='ltr'>faciem</span> <span class='ocrx_word' id='word_1_795' title='bbox 3181 5196 3298 5269; x_wconf 70' lang='lat' dir='ltr'>(rc);</span> <span class='ocrx_word' id='word_1_796' title='bbox 3350 5195 3617 5253; x_wconf 87' lang='lat' dir='ltr'>videlicet</span> 
     </span>
    </p>
   </div>
   <div class='ocr_carea' id='block_1_109' title="bbox 1959 5286 2975 5363">
    <p class='ocr_par' dir='ltr' id='par_1_109' title="bbox 1959 5286 2975 5363">
     <span class='ocr_line' id='line_1_110' title="bbox 1959 5286 2975 5363; baseline -0.009 -15"><span class='ocrx_word' id='word_1_797' title='bbox 1959 5309 2154 5348; x_wconf 89' lang='lat' dir='ltr'>rerum</span> <span class='ocrx_word' id='word_1_798' title='bbox 2187 5290 2581 5363; x_wconf 89' lang='lat' dir='ltr'>cognitionem</span> <span class='ocrx_word' id='word_1_799' title='bbox 2614 5286 2975 5343; x_wconf 87' lang='lat' dir='ltr'>docebimur.</span> 
     </span>
    </p>
   </div>
   <div class='ocr_carea' id='block_1_110' title="bbox 1214 5510 2597 5569">
    <p class='ocr_par' dir='ltr' id='par_1_110' title="bbox 1214 5510 2597 5569">
     <span class='ocr_line' id='line_1_111' title="bbox 1214 5510 2597 5569; baseline -0.003 -2"><span class='ocrx_word' id='word_1_800' title='bbox 1214 5513 1452 5569; x_wconf 72' lang='lat' dir='ltr'>VARI/E</span> <span class='ocrx_word' id='word_1_801' title='bbox 1492 5512 1879 5569; x_wconf 88' lang='lat' dir='ltr'>LECTIONES</span> <span class='ocrx_word' id='word_1_802' title='bbox 1916 5514 2007 5569; x_wconf 91' lang='lat' dir='ltr'>ET</span> <span class='ocrx_word' id='word_1_803' title='bbox 2045 5510 2597 5569; x_wconf 83' lang='lat' dir='ltr'>CORRECTIONES.</span> 
     </span>
    </p>
   </div>
   <div class='ocr_carea' id='block_1_111' title="bbox 273 5601 3608 5685">
    <p class='ocr_par' dir='ltr' id='par_1_111' title="bbox 273 5601 3608 5685">
     <span class='ocr_line' id='line_1_112' title="bbox 273 5601 3608 5685; baseline -0.003 -20"><span class='ocrx_word' id='word_1_804' title='bbox 273 5611 313 5685; x_wconf 56' lang='lat' dir='ltr'>‘f</span> <span class='ocrx_word' id='word_1_805' title='bbox 351 5611 485 5685; x_wconf 79' lang='grc' dir='ltr'>πρὸς</span> <span class='ocrx_word' id='word_1_806' title='bbox 526 5610 715 5685; x_wconf 30' lang='grc' dir='ltr'>’πάντα</span> <span class='ocrx_word' id='word_1_807' title='bbox 761 5611 1118 5685; x_wconf 49' lang='grc' dir='ltr'>τςῖιςιςοιαῦξιταἶ</span> <span class='ocrx_word' id='word_1_808' title='bbox 1174 5612 1237 5685; x_wconf 67' lang='lat'>_‘°</span> <span class='ocrx_word' id='word_1_809' title='bbox 1268 5604 1754 5685; x_wconf 75' lang='grc' dir='ltr'>ἐπιλαμϐάνονται.</span> <span class='ocrx_word' id='word_1_810' title='bbox 1816 5612 1877 5685; x_wconf 75' lang='lat'>_&quot;</span> <span class='ocrx_word' id='word_1_811' title='bbox 1904 5608 1965 5685; x_wconf 70' lang='grc' dir='ltr'>οὐ</span> <span class='ocrx_word' id='word_1_812' title='bbox 2010 5611 2128 5685; x_wconf 72' lang='grc' dir='ltr'>γὰρ</span> <span class='ocrx_word' id='word_1_813' title='bbox 2158 5609 2330 5662; x_wconf 78' lang='grc' dir='ltr'>πάντα</span> <span class='ocrx_word' id='word_1_814' title='bbox 2378 5605 2443 5685; x_wconf 69' lang='grc' dir='ltr'>τὰ</span> <span class='ocrx_word' id='word_1_815' title='bbox 2475 5608 2585 5685; x_wconf 72' lang='grc' dir='ltr'>¹τοῦ</span> <span class='ocrx_word' id='word_1_816' title='bbox 2637 5608 2773 5685; x_wconf 76' lang='grc' dir='ltr'>Θεοῦ</span> <span class='ocrx_word' id='word_1_817' title='bbox 2815 5601 3357 5685; x_wconf 37' lang='grc' dir='ltr'>ἐγκαταλείψξιμτῆςι</span> <span class='ocrx_word' id='word_1_818' title='bbox 3387 5609 3608 5685; x_wconf 52' lang='grc' dir='ltr'>κτιστῆς</span> 
     </span>
    </p>
   </div>
   <div class='ocr_carea' id='block_1_112' title="bbox 215 5674 3609 5762">
    <p class='ocr_par' dir='ltr' id='par_1_112' title="bbox 215 5674 3609 5762">
     <span class='ocr_line' id='line_1_113' title="bbox 215 5674 3609 5762; baseline -0.002 -24"><span class='ocrx_word' id='word_1_819' title='bbox 215 5674 429 5762; x_wconf 40' lang='grc' dir='ltr'>ῥιπέρχὲι</span> <span class='ocrx_word' id='word_1_820' title='bbox 470 5682 709 5762; x_wconf 75' lang='grc' dir='ltr'>φύσεως,</span> <span class='ocrx_word' id='word_1_821' title='bbox 763 5680 909 5740; x_wconf 84' lang='grc' dir='ltr'>ἀλλὰ</span> <span class='ocrx_word' id='word_1_822' title='bbox 955 5682 1047 5739; x_wconf 84' lang='grc' dir='ltr'>καὶ</span> <span class='ocrx_word' id='word_1_823' title='bbox 1100 5682 1233 5759; x_wconf 71' lang='grc' dir='ltr'>ὑπὲρ</span> <span class='ocrx_word' id='word_1_824' title='bbox 1280 5674 1479 5753; x_wconf 75' lang='grc' dir='ltr'>ταύτην</span> <span class='ocrx_word' id='word_1_825' title='bbox 1524 5684 1624 5752; x_wconf 73' lang='grc' dir='ltr'>τὴν</span> <span class='ocrx_word' id='word_1_826' title='bbox 1676 5682 1976 5759; x_wconf 70' lang='grc' dir='ltr'>ἀγγελικὴν</span> <span class='ocrx_word' id='word_1_827' title='bbox 2023 5674 2262 5756; x_wconf 79' lang='grc' dir='ltr'>ῦπάρχει</span> <span class='ocrx_word' id='word_1_828' title='bbox 2315 5676 2513 5754; x_wconf 92' lang='grc' dir='ltr'>γνῶσίν</span> <span class='ocrx_word' id='word_1_829' title='bbox 2562 5696 2621 5732; x_wconf 78' lang='grc' dir='ltr'>τε</span> <span class='ocrx_word' id='word_1_830' title='bbox 2686 5677 2776 5732; x_wconf 79' lang='grc' dir='ltr'>καὶ</span> <span class='ocrx_word' id='word_1_831' title='bbox 2842 5674 3055 5748; x_wconf 81' lang='grc' dir='ltr'>νόησιν.</span> <span class='ocrx_word' id='word_1_832' title='bbox 3120 5674 3258 5738; x_wconf 74' lang='grc' dir='ltr'>Τοῖς</span> <span class='ocrx_word' id='word_1_833' title='bbox 3332 5674 3609 5752; x_wconf 80' lang='grc' dir='ltr'>ἀγγέλοις.</span> 
     </span>
    </p>
   </div>
   <div class='ocr_carea' id='block_1_113' title="bbox 212 5749 414 5811">
    <p class='ocr_par' dir='ltr' id='par_1_113' title="bbox 212 5749 414 5811">
     <span class='ocr_line' id='line_1_114' title="bbox 212 5749 414 5811; baseline 0.015 -4"><span class='ocrx_word' id='word_1_834' title='bbox 212 5752 251 5788; x_wconf 71' lang='grc'>⁸³</span> <span class='ocrx_word' id='word_1_835' title='bbox 278 5749 414 5811; x_wconf 72' lang='grc' dir='ltr'>ὅνσὲἆ.</span> 
     </span>
    </p>
   </div>
  </div>
