4080 6366
462 445 571 499 347

469 654 781 728 διεξοδικῶς
826 659 1213 731 intelligatur.
1269 658 1589 728 Διεξοδικῶς
1636 662 1814 733 igitur
1847 666 1904 715 et
1934 656 2121 730 κύκλῳ

471 764 571 802 seu
608 749 733 803 fuse
764 766 829 803 ac
860 749 916 802 in
968 752 1191 819 orbem,
1244 751 1300 805 id
1333 756 1421 805 est
1471 752 1667 805 anima
1715 750 1973 804 humana
2007 765 2120 803 non

469 839 727 891 conferta
775 843 832 893 et
879 841 1192 908 conjuncta
1243 840 1453 895 mentis
1494 841 1813 894 intentione
1860 838 2118 893 divinam

468 926 911 995 comprehendit
956 930 1387 998 cognitionem;
1440 931 1537 983 sed
1572 945 1765 982 veram
1813 944 2004 982 rerum
2038 927 2123 980 in-

468 1016 859 1070 tellectionem
896 1017 1238 1087 singillatim
1272 1023 1328 1071 et
1361 1035 1458 1087 per
1491 1021 1681 1087 partes
1714 1016 2029 1087 accipiens,
2057 1015 2115 1068 in

467 1121 583 1174 quo
634 1106 808 1160 etiam
863 1106 934 1159 ab
986 1107 1247 1177 angelica
1294 1107 1488 1161 deficit
1536 1107 1634 1161 Dei
1685 1106 1927 1171 visione,
1971 1106 2122 1159 circa

470 1209 644 1246 unam
682 1210 917 1249 causam
950 1212 1152 1249 eorum
1187 1212 1311 1266 quae
1343 1196 1499 1251 varie
1529 1196 1976 1251 considerantur
2024 1210 2121 1248 co-

467 1281 807 1351 gitationem
854 1282 1096 1355 colligit,
1130 1289 1185 1338 et
1235 1283 1730 1340 intellectionihus
1779 1283 2120 1354 angelorum

466 1370 791 1437 aequalibus
817 1371 990 1439 digna
1023 1373 1295 1429 habetur.

536 1460 763 1530 Atsequi
790 1462 939 1531 quod
967 1464 1198 1533 appetit.
1236 1463 1582 1518 Daemonum
1629 1480 1795 1519 mens
1828 1481 1895 1519 ex
1927 1463 2120 1535 priva-

464 1548 621 1603 tione
656 1548 897 1605 rationis
915 1550 1147 1619 quidem
1174 1553 1395 1623 appetit
1412 1570 1543 1607 cum
1567 1553 1682 1607 Deo
1704 1552 2119 1623 aequalitatem,

467 1637 656 1692 nescit
687 1640 979 1709 quomodo
1001 1640 1145 1695 illud
1183 1642 1415 1712 assequi
1445 1643 1653 1713 possit,
1690 1660 1804 1697 non
1840 1642 1996 1712 quod
2021 1659 2119 1695 na-

462 1731 596 1781 tura
626 1727 903 1797 ignorans
937 1730 1031 1797 sit,
1058 1733 1153 1784 sed
1182 1730 1505 1785 voluntarie
1530 1731 1685 1801 quod
1720 1734 1924 1786 contra
1951 1735 2119 1784 natu-

465 1832 590 1871 ram
624 1815 868 1888 eligens.
904 1822 1048 1873 Nota
1078 1823 1274 1873 autem
1311 1822 1610 1874 daemones
1643 1826 1933 1890 quatenus
1967 1836 2122 1874 men-

464 1908 581 1959 tem
618 1906 852 1972 habent,
886 1906 1035 1961 hanc
1080 1924 1147 1962 ex
1181 1909 1331 1963 bono
1382 1925 1797 1979 comparasse;
1834 1927 1864 1963 a
1895 1909 2119 1964 ratione

466 1998 662 2049 autem
696 2011 931 2049 aversos
964 2012 1154 2067 neque
1186 1998 1240 2051 id
1278 1999 1431 2069 quod
1455 2003 1621 2053 erant
1652 2015 1992 2069 permanere
2024 2015 2120 2053 vo-

467 2082 673 2150 lentes,
711 2085 1145 2155 prolapsionem
1180 2104 1209 2141 a
1235 2088 1523 2158 sapientia
1555 2088 1935 2145 sustinuisse.

537 2172 690 2226 189
724 2178 831 2228 Per
862 2190 1162 2230 excessum.
1218 2180 1294 2231 De
1326 2194 1391 2231 eo
1424 2178 1576 2248 quod
1613 2194 1743 2249 qua:
1788 2194 1890 2248 per
1933 2178 2123 2249 priva-

467 2260 688 2316 tionem
721 2264 789 2317 de
825 2264 936 2319 Deo
988 2264 1285 2334 dicuntur,
1319 2270 1375 2321 et
1424 2268 1736 2336 contraria,
1789 2283 1891 2338 per
1938 2267 2122 2323 excel-

469 2349 711 2405 lentiam
748 2351 1174 2424 intelligantur.

537 2443 603 2495 Et
631 2443 821 2497 omnia
849 2444 1059 2499 aliain
1090 2460 1164 2500 se.
1219 2445 1423 2501 Nullus
1470 2463 1538 2501 ex
1584 2446 1677 2501 his
1728 2446 1784 2500 in
1836 2446 2126 2501 absurdus

472 2531 802 2586 abducetur
839 2534 1248 2605 cogitationes,
1283 2540 1346 2591 ut
1394 2537 1549 2591 dicat
1580 2536 1755 2591 etiam
1808 2535 1992 2591 Deum
2027 2551 2128 2605 per

473 2622 712 2675 modum
744 2637 932 2677 causa:
966 2623 1123 2678 mala
1151 2623 1210 2678 in
1245 2641 1307 2680 se
1347 2629 1480 2679 ante
1512 2625 1747 2691 habere,
1783 2641 1885 2680 seu
1917 2641 1984 2679 ex
2017 2624 2126 2679 hoc

470 2710 666 2782 colligi
700 2711 896 2782 ipsum
927 2729 1052 2767 esse
1079 2730 1280 2768 eorum
1316 2719 1610 2769 auctorem
1640 2732 1652 2779 ;
1690 2731 1801 2768 non
1839 2714 1995 2769 enim
2030 2718 2128 2768 Pa-

472 2806 561 2855 ter
592 2801 663 2855 de
699 2800 789 2855 his
819 2818 1149 2856 sermonem
1184 2801 1477 2867 instituit;
1520 2802 1644 2873 jam
1679 2802 1837 2857 enim
1870 2802 2129 2857 ostendit

474 2889 695 2944 malum
731 2905 921 2960 neque
951 2906 1100 2959 esse,
1138 2907 1325 2962 neque
1360 2892 1414 2946 in
1450 2896 1625 2947 rebus
1657 2907 1808 2960 esse,
1841 2892 1941 2946 sed
1975 2891 2128 2946 circa

472 2992 541 3032 ea
572 2994 698 3047 quea
729 2979 1043 3043 exsistunt,
1077 2996 1287 3050 nempe
1340 2982 1581 3051 angelos
1615 2986 1672 3035 et
1704 2985 1937 3035 ceteras
1968 2996 2128 3035 crea-

472 3071 654 3133 turas,
690 3065 841 3120 sicut
873 3065 1049 3120 etiam
1077 3072 1248 3121 antea
1274 3067 1438 3135 dixit,
1464 3083 1713 3137 quorum
1738 3067 2126 3137 cognitionem

475 3170 590 3208 non
625 3154 802 3209 habet
851 3156 1207 3210 addiscendo
1257 3155 1455 3226 qualia
1488 3156 1645 3222 sint;
1698 3156 1805 3210 hoc
1837 3156 1993 3210 enim
2028 3156 2124 3211 dc-

475 3242 736 3313 claravit,
782 3260 914 3299 cum
966 3244 1111 3299 dixit
1144 3260 1156 3299 :
1190 3246 1309 3300 Non
1351 3261 1417 3301 ea
1464 3261 1581 3318 qua:
1612 3249 1739 3300 sunt
1768 3262 1843 3300 ea:
1892 3246 1964 3300 iis
2004 3259 2129 3315 qua:

471 3342 600 3387 sunt
646 3334 880 3403 discens,
915 3338 971 3389 et
1004 3333 1168 3401 illud,
1221 3352 1327 3390 son
1382 3336 1535 3406 quod
1572 3354 1673 3408 per
1720 3336 1972 3407 speciem
2005 3336 2121 3389 sin-
2158 3322 2199 3387 C

472 3422 612 3492 gula
657 3424 1009 3491 consideret,
1062 3426 1159 3479 sed
1216 3430 1279 3479 ut
1326 3430 1551 3481 creator
1597 3427 1965 3497 propriorum
2000 3440 2130 3494 ope-

472 3526 601 3565 rum
638 3512 943 3567 scientiam
998 3517 1129 3568 ante
1180 3513 1375 3581 habet,
1410 3516 1601 3570 sciens
1652 3515 1946 3586 quomodo
1976 3515 2127 3586 ipsa,

472 3602 529 3653 et
586 3601 801 3671 quibus
852 3603 922 3657 de
969 3604 1163 3658 causis
1215 3606 1282 3657 ad
1339 3606 1772 3675 generationem
1825 3605 2127 3675 producet,

474 3705 722 3759 quorum
758 3693 1050 3761 perversio
1081 3698 1136 3748 et
1164 3693 1431 3757 deiectio,
1468 3710 1567 3748 seu
1604 3695 1761 3761 ﬁnis,
1794 3694 2041 3764 privatio
2073 3697 2130 3748 et

472 3778 850 3834 imbecillitas
882 3781 1103 3835 malum
1138 3783 1382 3848 inducit,
1417 3784 1555 3837 dum
1593 3783 1671 3837 rei
1704 3783 1987 3838 naturalis
2016 3782 2129 3854 pri-

476 3868 706 3922 vatione
738 3868 875 3924 facit
910 3870 967 3924 id
999 3872 1150 3942 quod
1201 3876 1403 3927 contra
1433 3879 1705 3927 naturam
1743 3877 1830 3927 est
1863 3891 1876 3926 :
1911 3872 2127 3927 idcirco

476 3957 632 4010 enim
664 3958 997 4029 exemplum
1030 3959 1271 4015 luminis
1313 3962 1594 4031 adduxit;
1629 3978 1766 4016 nam
1798 3961 1976 4031 hujus
2010 3960 2126 4031 pri-

476 4046 709 4101 vatione
738 4048 923 4118 caligo
957 4048 1276 4104 subsistere
1307 4050 1538 4105 videtur
1554 4054 1611 4105 et
1634 4056 1851 4104 naturae
1885 4049 2128 4105 luminis

477 4136 803 4191 absentiam
860 4154 961 4208 pro
1012 4155 1191 4194 causa
1236 4139 1433 4207 habet,
1486 4140 1638 4195 sicut
1685 4140 1859 4193 etiam
1892 4140 2127 4194 habitus

481 4225 666 4297 magis
697 4244 872 4297 quam
902 4228 1254 4299 privationes
1286 4229 1573 4299 principia
1617 4231 1775 4293 sunt,
1810 4232 1865 4281 et
1903 4233 1965 4281 ut
1996 4227 2128 4298 quis

479 4315 712 4385 dixerit,
759 4333 968 4372 causae.
1019 4318 1223 4388 Itaque
1280 4318 1443 4372 Pater
1472 4318 1580 4371 hoc
1627 4316 1751 4371 loco
1796 4332 2128 4371 sermonem

480 4405 617 4459 facit
647 4405 718 4460 de
748 4406 924 4461 rebus
969 4422 1001 4460 a
1052 4410 1163 4461 Deo
1218 4406 1491 4471 conditis,
1527 4410 1584 4459 et
1632 4406 2000 4477 singularum
2034 4424 2131 4460 na-

478 4498 632 4562 tura,
663 4511 811 4564 quas
842 4498 1012 4549 antea
1044 4496 1101 4548 in
1156 4494 1270 4549 Deo
1315 4499 1371 4548 et
1401 4511 1505 4566 per
1535 4494 2039 4566 przecognitionem
2074 4498 2131 4551 et

478 4582 1001 4651 praadefinitionem
1036 4583 1330 4638 exstitisse
1353 4584 1453 4639 ait.

1284 451 1644 504 APPENDIX
1689 454 1781 503 AD
1822 450 2062 503 OPERA
2099 452 2156 503 Β.
2196 450 2509 506 DIONYSII
2551 455 3053 510 AREOPAGITE.

539 571 748 642 Diﬂuse
777 580 960 625 autem
989 580 1040 626 et
1083 587 1181 642 per
1228 571 1537 628 circuitum.
1590 572 1820 628 Dictum
1855 576 1943 626 est
1975 570 2115 641 quid
2149 572 2201 638 Α

3776 450 3881 503 348

2304 570 2622 643 Διεξοδικῶς
2681 572 2737 627 δὲ
2794 574 2882 627 καὶ
2940 570 3149 644 κύκλῳ.
3211 569 3437 642 Εἴρηται
3487 571 3539 626 τί
3586 572 3647 626 τὸ
3712 568 3883 641 διεξο-

2232 657 2397 725 δικῶς
2444 669 2667 717 νοεῖται,
2727 660 3049 734 Διεξοδικῶς
3080 659 3259 715 τοίνυν
3292 660 3381 714 καὶ
3430 660 3639 732 κύκλῳ,
3694 662 3884 715 τουτέο

2232 770 2344 803 στιν
2371 749 2467 804 οὐκ
2498 751 2668 826 ἀθρόᾳ
2707 756 2803 805 τοῦ
2851 754 2946 804 νοῦ
2996 745 3230 822 ἐπιϐολῇ
3272 752 3304 817 ἡ
3358 750 3672 824 ἀνθρωπίνη
3729 752 3883 825 ψυχὴ

2230 839 2326 905 τὴν
2383 840 2524 901 θείαν
2574 837 3100 894 κατακαλύπτεται⁴⁹
3146 844 3367 913 γνῶσιν,
3421 836 3568 892 ἀλλᾶ
3608 842 3708 908 τὴν
3744 839 3884 908 ἀλη-

2230 930 2294 995 θῆ
2356 933 2461 981 τῶν
2515 926 2682 982 ὄντων
2728 930 3052 998 κατανόησιν
3106 929 3164 982 ἐκ
3210 933 3304 982 τοῦ
3334 928 3471 982 κατά
3496 928 3661 1001 μέρος
3719 925 3885 1002 δεχο-

2235 1016 2393 1087 μένη,
2425 1019 2543 1080 καθ’
2577 1018 2605 1071 ὃ
2635 1018 2723 1071 καὶ
2752 1025 2851 1085 τῆς
2881 1017 3174 1093 ἀγγελικῆς
3208 1017 3560 1072 ἀπολείπεται
3603 1019 3887 1086 θεοπτίας,

2231 1106 2350 1179 περὶ
2418 1106 2479 1160 τὸ
2540 1104 2590 1160 ἓν
2645 1105 2816 1160 α’ίτιον
2862 1108 2963 1175 τὴν
3012 1110 3117 1160 τῶν
3168 1104 3437 1183 ποιγνίλως
3495 1104 3889 1180 θεωρουμένων

2232 1194 2442 1269 συνάγει
2496 1192 2743 1269 ἔννοιαν,
2800 1196 2889 1250 καὶ
2937 1201 3046 1251 τῶν
3090 1195 3387 1272 ἷσαγγὲλων
3438 1195 3683 1266 ἀξιοῦται
3744 1197 3887 1265 νοή-

2231 1305 2387 1341 σεων.

2303 1466 2506 1537 Τυχεῖν
2561 1464 2620 1518 οῦ
2681 1463 2916 1540 ἐφίεται.
2994 1463 3228 1542 Ἐφίεται
3293 1465 3385 1530 μὲν
3450 1462 3499 1532 ἐξ
3548 1461 3777 1538 ἀλογίας
3824 1464 3886 1517 τὸ

2233 1551 2441 1606 ἰσόθεον
2478 1553 2504 1606 6
2540 1550 2886 1625 δαιμόνιοςδο
2914 1557 3058 1620 νοῦς,
3103 1552 3201 1606 οὐκ
3243 1549 3355 1606 οἶδε
3400 1549 3444 1606 δ’
3486 1552 3634 1613 ὅπως
3686 1552 3887 1607 τούτου

2229 1647 2419 1715 τυχεῖν
2480 1638 2699 1709 ἔνεστιν,
2750 1642 2810 1697 οὐ
2863 1641 3015 1717 φύσει
3075 1642 3259 1705 παθὼν
3308 1643 3406 1711 τὴν
3459 1639 3701 1715 ἄγνοιαν,
3762 1639 3888 1695 ἀλλ’

2234 1729 2496 1791 ἑκουσίως
2529 1731 2590 1785 τὸ
2621 1732 2766 1804 παρὰ
2793 1730 2949 1804 φύσιν
2980 1729 3324 1805 αἱρούμενος.
3362 1730 3683 1801 Σημείωσαι
3716 1727 3775 1783 δὲ
3807 1729 3887 1783 ὅτι

2233 1820 2283 1873 oi
2316 1817 2566 1892 δαίμονες
2595 1820 2715 1874 καθ’
2747 1820 2775 1873 ’ὁ
2806 1825 2929 1873 νοῦν
2962 1818 3202 1894 ἔχουσιν,
3237 1818 3294 1873 ἐκ
3322 1823 3418 1873 τοῦ
3456 1818 3664 1893 ἀγαθοῦ
3694 1822 3887 1872 τοῦτον

2231 1911 2539 1977 κέκτηνται·
2573 1906 2930 1983 αλογίσαντες
2959 1907 3015 1963 δὲ
3044 1910 3130 1963 καὶ
3170 1909 3243 1981 μὴ
3292 1906 3655 1983 βουληθὲντες
3709 1914 3887 1980 μεῖναι

2235 1997 2366 2074 ὅπερ
2382 2001 2424 2035 ⁵1
2456 1999 2615 2066 ἦσαν,
2648 1997 2915 2053 ἔκπτωσιν
2943 1998 3133 2071 σοφίας
3166 1998 3478 2070 ὑπέμειναν.

2308 2180 2432 2241 Καθ⁹
2485 2179 2787 2254 ὑπεροχήν.
2835 2179 2961 2252 Περὶ
3022 2181 3141 2249 τοῦ,
3194 2177 3275 2231 δτι
3328 2177 3395 2231 τὰ
3440 2177 3573 2231 κατὰ
3635 2175 3889 2248 στέρησιν

2238 2267 2511 2342 λεγόμενα
2561 2266 2647 2321 ἐπὶ
2698 2272 2793 2321 τοῦ
2843 2271 2997 2335 Θεοῦ,
3028 2267 3117 2320 καὶ
3148 2266 3214 2320 τὰ
3244 2265 3479 2336 ἐναντία,
3540 2265 3891 2337 ὑπεροχικῶς

2232 2361 2501 2412 νοοῦνται.

2308 2446 2405 2499 Καὶ
2466 2445 2639 2499 πάντα
2694 2442 2871 2499 τᾶλλα
2938 2440 3147 2499 ἔνδοθεν
3188 2487 3200 2500 .
3279 2440 3485 2511 Μηδεὶς
3562 2440 3621 2497 ἐκ
3678 2444 3887 2497 τούτων

2234 2537 2374 2610 πρὸς
2431 2535 2668 2596 ἀτόπους
2721 2534 3003 2607 ἀπαγὲσθω
3052 2532 3296 2603 ἐννοίας,
3357 2532 3495 2587 ὥστε
3562 2531 3736 2606 λέγειν
3799 2530 3890 2585 καὶ

2234 2630 2312 2679 τῶ
2366 2628 2544 2679 κακῶν
2580 2623 2629 2678 ἐν
2668 2624 2841 2678 ἑαυτῶ
2889 2624 3004 2677 κατ’
3055 2621 3229 2676 αἰτίαν
3262 2623 3519 2697 προέχειν
3576 2622 3669 2675 τὸν
3729 2622 3886 2689 Θεὸν,

2235 2713 2408 2788 ἤγουν
2466 2712 2634 2767 α’ίτιον
2682 2713 2856 2767 αὐτῶν
2911 2712 2968 2767 ἐκ
3012 2712 3207 2766 τοὰτου
3258 2714 3391 2765 εἶναι
3427 2710 3763 2784 συνάγεσθαι·
3826 2709 3888 2763 οὖ

2236 2802 2338 2878 γὰρ
2370 2802 2492 2877 περῖ
2538 2801 2745 2856 τούτων
2790 2801 2929 2856 ἐστὶν
2983 2803 3010 2855 ὁ
3065 2799 3231 2875 λόγος
3265 2805 3343 2871 τῷ
3376 2800 3571 2873 Πατρί·
3617 2796 3727 2868 ἤδη
3787 2798 3888 2873 γὰρ

2239 2890 2402 2961 ἔδειξε
2439 2893 2576 2963 μήτε
2608 2892 2689 2956 ὃν,
2755 2893 2893 2964 μήτε
2953 2890 3003 2944 ἐν
3061 2896 3178 2951 τοῖς
3227 2890 3342 2943 οῦσι
3397 2890 3459 2943 τὸ
3493 2889 3681 2954 κακὸν,
3745 2887 3893 2942 ἀλλὰ

2236 2982 2489 3057 περὶτῶν
2524 2979 2572 3033 ἐν
2610 2980 2762 3052 οὐσίᾳ
2792 2978 2983 3046 ὄντων,
3016 2982 3131 3034 οἷον
3177 2977 3422 3054 ἀγγέλων
3455 2979 3542 3032 καὶ
3597 2982 3705 3031 τῶν
3770 2975 3893 3031 λοι-

2236 3076 2352 3126 πῶν
2404 3071 2737 3143 κτισμάτων,
2795 3069 2975 3131 καθὼς
3020 3068 3110 3122 καὶ
3156 3073 3434 3141 προεῖπεν,
3467 3068 3539 3119 ὧν
3587 3068 3687 3133 τήν
3746 3069 3885 3138 γνῶ-

2236 3182 2315 3214 σιν
2364 3159 2462 3213 οὐκ
2519 3158 2578 3212 ἐκ
2634 3156 2728 3212 τοῦ
2779 3158 3062 3230 μανθάνειν
3125 3156 3278 3228 αὐτὰ,
3330 3157 3497 3210 ὁποῖά
3549 3155 3670 3209 τινα
3726 3153 3888 3222 εἶσιν,

2238 3244 2372 3325 ἔχει·
2405 3252 2565 3302 τοῦτο
2597 3248 2699 3321 γὰρ
2732 3244 3009 3316 ἐδήλωσεν
3041 3246 3227 3300 εἰπών’
3289 3245 3405 3301 Οὐκ
3460 3244 3518 3298 ἐκ
3573 3248 3683 3297 τῶν
3716 3239 3891 3298 ὄντων

2236 3340 2303 3391 τὰ
2334 3334 2456 3390 ὄντα
2505 3334 2807 3407 μανθάνων,
2857 3334 2946 3388 καὶ
3001 3335 3085 3402 τὸ,
3148 3333 3209 3388 οὐ
3266 3339 3381 3387 κατ’
3439 3331 3585 3386 ῗδέαν
3642 3332 3893 3392 ἑκάστοις

2236 3421 2574 3491 ἐπιϐάλλων,
2609 3422 2735 3478 ἀλλ’
2766 3424 2838 3484 ὡς
2895 3423 3132 3492 ποιητής
3163 3423 3367 3476 τούτων
3408 3422 3510 3489 τὴν
3543 3418 3752 3490 εἴδησιν
3783 3424 3891 3474 τῶν

2238 3514 2452 3569 οἷ’κείων
2515 3511 2689 3587 ἔργων
2740 3510 2987 3587 προέχει,
3048 3508 3205 3572 εἰδὼς
3258 3510 3405 3571 ὅπως
3458 3510 3609 3575 αὐτὰ,
3658 3508 3747 3563 καὶ
3807 3507 3890 3571 ἐφ’

2237 3605 2317 3664 οἷς
2345 3602 2564 3677 παράξει
2608 3602 2743 3675 πρὸς
2795 3600 3025 3673 γένεσιν,
3076 3598 3149 3652 ὧν
3198 3602 3233 3668 ἡ
3283 3600 3606 3673 παρατροπή
3653 3597 3741 3651 καὶ
3790 3596 3891 3651 ἔλ-

2236 3695 2439 3765 λειψις,
2491 3688 2660 3765 ἤγουν
2693 3693 2727 3758 ἡ
2760 3690 3033 3763 ἀποτυχία
3062 3688 3151 3742 καὶ
3185 3686 3454 3760 ἀδυναμία
3482 3689 3543 3742 τὸ
3574 3687 3737 3741 κακὸν
3774 3686 3890 3740 εἶσ-

2238 3785 2370 3857 άγει,
2426 3784 2492 3854 τῇ
2561 3781 2805 3853 στερήσει
2878 3782 2973 3831 τοῦ
3022 3778 3157 3831 κατᾶ
3214 3777 3368 3851 φύσιν
3425 3778 3486 3831 τὸ
3530 3778 3677 3849 παρὰ
3725 3776 3884 3853 φύσιν

2236 3875 2483 3925 ποιοῦσα·
2532 3869 2670 3942 πρὸς
2715 3872 2875 3922 τοῦτο
2920 3867 3023 3941 γὰρ
3073 3867 3135 3921 τὸ
3179 3870 3276 3920 τοῦ
3331 3867 3508 3942 φωτὸς
3566 3867 3885 3940 παρήγαγεν

2242 3958 2620 4033 ὑπόδειγμα⁵²’
2654 3960 2722 4029 τῇ
2754 3958 2853 4032 γὰρ
2880 3956 3073 4009 τούτου
3105 3957 3349 4029 στερήσει
3396 3954 3459 4008 τὸ
3511 3954 3701 4015 σκότος
3752 3974 3889 4027 παρ-

2236 4048 2519 4122 υφίσταται
2552 4090 2564 4114 ,
2616 4049 2707 4100 καὶ
2764 4045 2936 4099 αἰτίαν
2998 4039 3111 4119 ἔχει
3158 4045 3256 4112 τὴν
3316 4042 3575 4097 ἀπουσίαν
3630 4049 3731 4110 τῆς
3790 4046 3889 4095 τοῦ

2238 4138 2415 4215 φωτὸς
2467 4136 2695 4209 φύσεως,
2758 4134 2936 4208 ὥσπερ
2982 4133 3069 4188 καὶ
3118 4137 3224 4187 τῶν
3275 4134 3579 4207 στερήσεων
3643 4132 3697 4185 αἱ
3754 4128 3893 4204 ἕξεις

2239 4226 2681 4302 ἀρχηγικώτεραι
2710 4222 3064 4298 τυγχάνουσι,
3114 4222 3202 4275 καὶ
3253 4222 3327 4283 ὡς
3379 4218 3437 4275 ἄν
3482 4241 3565 4281 τις
3612 4218 3780 4287 sinet,
3814 4219 3895 4274 αἷ-

2236 4315 2367 4370 τίαι.
2419 4315 2677 4375 Ἐνταῦθα
2723 4311 2813 4365 οῦν
2858 4312 2884 4365 ὁ
2936 4311 3120 4385 Πατὴρ
3161 4311 3284 4383 περὶ
3325 4314 3433 4364 τῶν
3489 4308 3594 4363 ὐπὸ
3625 4314 3761 4363 Θεοῦ
3814 4308 3893 4371 εἰς

2237 4405 2438 4478 γένεσιν
2472 4402 2771 4477 ἀχθέντων,
2804 4399 2892 4455 καὶ
2924 4403 3021 4463 τῆς
3052 4398 3274 4453 ἑκάστου
3312 4398 3519 4453 τούτων
3554 4397 3766 4475 φύσεως
3794 4398 3887 4451 τὸν

2239 4492 2408 4567 λόγον
2448 4496 2708 4561 ποιεῖται,
2742 4490 2774 4543 ’ὰ
2821 4491 2909 4543 καὶ
2954 4486 3345 4565 προϋφεστάναι
3380 4488 3431 4543 ἐν
3481 4492 3562 4560 τῷ
3594 4492 3711 4560 Θιῷ
3755 4489 3893 4542 κατᾶ

2237 4583 2549 4657 πρόγνωσιν
2578 4579 2667 4633 καὶ
2693 4580 2753 4633 τὸ
2779 4578 3116 4653 προωρίσθαι
3150 4576 3355 4653 εθίρηκε.

553 4674 627 4723 Et
655 4672 954 4726 essentiam
982 4672 1278 4742 praehabet.
1330 4673 1491 4737 Quod
1526 4672 1780 4745 cognitio
1811 4675 2127 4730 essentiam

2312 4670 2411 4727 Καὶ
2447 4669 2626 4724 οὐσίαν
2655 4666 2904 4742 προέχει.
2936 4668 3057 4724 “Οτι
3092 4669 3125 4735 ἡ
3159 4672 3357 4741 γνῶσις
3382 4668 3480 4735 τήν
3515 4666 3701 4722 οὐσίαν
3733 4668 3895 4740 προέ-

478 4759 859 4830 anticipatam
895 4766 951 4815 et
980 4766 1114 4837 ante
1148 4761 1631 4832 comprehensam
1663 4763 1895 4819 habeat.

552 4850 701 4905 Sicut
730 4855 781 4905 et
812 4851 930 4904 lux.
967 4850 1341 4905 Conﬁrmatio
1366 4850 1435 4905 ab
1461 4851 1726 4922 exemplo
1752 4872 1764 4921 ;
1800 4852 1953 4907 sicut
1975 4852 2130 4907 enim

480 4943 527 4998 si
563 4940 780 5011 aliquis
812 4944 1106 5011 supponat
1149 4938 1338 4994 lucem
1390 4940 1541 4995 hanc
1589 4941 1903 5008 visibilem,
1940 4942 2132 4997 mente

481 5037 535 5087 et
568 5030 792 5085 ratione
841 5028 1139 5100 praeditam
1195 5045 1340 5093 esse,
1376 5035 1576 5099 postea
1607 5029 1773 5085 illum
1814 5032 2132 5103 interroge-

482 5138 639 5186 mus,
673 5137 814 5174 num
874 5118 1073 5173 lumen
1109 5119 1379 5173 tenebras
1430 5125 1761 5191 cognoscat,
1802 5120 2129 5192 dixeritque

480 5224 853 5280 cognoscere,
886 5210 1063 5263 etiam
1110 5207 1450 5277 priusquam
1483 5210 1735 5263 tenebrae
1768 5217 2001 5277 essent;
2038 5227 2134 5266 ce-

482 5314 765 5370 gnoscerc
798 5302 992 5352 autem
1028 5313 1143 5351 non
1177 5297 1533 5365 experientia
1556 5297 1787 5369 aliqua;
1820 5300 2134 5370 [quomodo

482 5386 639 5441 enim
690 5385 889 5440 lumen
922 5386 1191 5440 tenebras
1232 5385 1454 5440 sciret?
1504 5386 1554 5441 si
1593 5386 1748 5441 enim
1802 5389 1879 5442 sit
1908 5387 2132 5457 lumen,

2241 4781 2331 4835 χει
2360 4758 2449 4813 καὶ
2480 4757 2930 4833 προσυνείληφεν,

2312 4852 2515 4922 *Ὠσπερ
2574 4846 2665 4901 καὶ
2716 4846 2776 4899 τὸ
2836 4850 2966 4923 φῶς.
3025 4849 3310 4901 ’Ἄπτωτον
3364 4845 3425 4899 τὸ
3481 4851 3581 4913 τῆς
3639 4840 3892 4921 παραϐο-

2243 4937 2366 5007 λῆςο
2403 4936 2582 5011 ὣσπερ
2613 4936 2711 5009 γὰρ
2745 4933 2791 4989 si
2819 4956 2901 4996 τις
2931 4934 3191 4998 ὑπόθοιτο
3235 4934 3296 4989 τὸ
3329 4938 3442 5012 φῶς
3473 4939 3634 4988 τοῦτο
3663 4936 3727 4989 τὸ
3760 4935 3896 5010 ὁρα-

2241 5028 2331 5082 τὸν
2364 5026 2541 5081 ἔννουν
2596 5026 2728 5079 εἶναι
2778 5024 2866 5078 καὶ
2919 5023 3161 5100 λογικόν’
3214 5025 3325 5079 εἶτα
3376 5023 3743 5095 πυθοίμεθα⁶³
3802 5024 3896 5079 αὖ·

2242 5122 2362 5183 τοῦ,
2414 5116 2458 5171 εἷ
2507 5116 2760 5191 γινώσκει
2808 5114 2867 5168 τὸ
2918 5113 3128 5181 σκότος,
3179 5113 3241 5167 τὸ
3301 5111 3357 5167 Si
3388 5110 3530 5167 εἵποι
3584 5115 3896 5187 γινώσκειν,

2244 5208 2330 5261 καὶ
2366 5206 2493 5281 πρὶν
2526 5204 2745 5279 γένηται
2780 5203 2840 5257 ’ἀν
2874 5204 2933 5258 τὸ
2967 5203 3178 5264 σκότος·
3206 5204 3489 5276 γινώσκειν
3541 5199 3598 5257 δὲ
3651 5202 3713 5257 οὐ
3761 5203 3897 5258 κατά

2244 5317 2363 5351 τινα
2421 5300 2633 5368 πεῖραν,
2696 5296 2835 5366 (πῶς
2881 5294 2981 5369 γὰρ
3026 5290 3139 5347 ’ίδοι
3170 5292 3362 5353 σκότος
3391 5291 3452 5345 τὸ
3483 5296 3637 5368 eam;
3700 5292 3746 5347 εί
3794 5293 3895 5368 γὰρ

2248 5391 2381 5463 φῶς,
2443 5383 2542 5437 οὐκ
2593 5381 2737 5438 ἔσται
2796 5384 3040 5457 σκότος’)
3096 5381 3241 5438 ἀλλὰ
3286 5382 3573 5457 γινώσκειν
3632 5380 3779 5436 εἶποι
3834 5383 3896 5436 τὸ

1477 5558 1721 5614 VARUE
1771 5560 2164 5618 LECTIONES
2214 5560 2306 5617 ET
2339 5557 2893 5617 CORRECTIONES.

555 5705 599 5738 ⁸³
626 5705 1038 5773 καταλάμπεται
1114 5701 1157 5736 ⁸ο
1189 5698 1390 5778 ἐφίεται
1430 5701 1521 5774 μὲν
1550 5699 1601 5771 ἐξ
1633 5700 1859 5830 ἀλογίας
1894 5706 2139 5779 γενέσθαι
2171 5702 2376 5765 ἰσόθεος
2412 5703 2439 5757 6
2473 5700 2625 5775 δαιμ.
2702 5703 2744 5739 ’ί
2778 5700 3132 5775 ἀλογίσαντες
3167 5693 3224 5752 δὶ
3248 5695 3469 5759 ἑαυτοὺς
3506 5698 3597 5753 καὶ
3656 5698 3734 5777 μὴ
3787 5697 3897 5777 μεί-

555 5795 663 5830 ντες
696 5775 847 5830 ὅπερ.
926 5775 969 5809 ⁵9
1001 5770 1361 5830 παράδειγμα·
1439 5775 1483 5809 ⁵³
1512 5774 1739 5830 πυθώμε
1778 5796 1827 5830 α.

484 5795 663 5836 ναντες
696 5772 849 5848 ὅπερέ
926 5775 969 5809 ⁵9
1001 5772 1361 5849 παράδειγμα·
1432 5772 1483 5809 ⁷⁵³
1512 5772 1827 5846 πυθώμεθα.
