4080 6366
159 449 249 505 349
905 454 961 505 8.
1002 451 1277 507 MAXIM!
1315 454 1622 508 SCHOLIA
1660 455 1732 506 IN
1772 451 1908 505 LIB.
1951 455 2045 506 DE
2083 453 2350 508 DIVINIS
2393 453 2809 510 NOMINlBUS.

3454 459 3560 514 350

157 575 256 648 ei):
285 570 394 624 καθ’
423 570 454 624 ’ὸ
487 573 608 648 φῶς
638 569 748 625 ἐστι
784 590 796 602 ·
833 567 915 624 διὸ
954 572 1045 625 καὶ
1084 569 1244 641 οἶδεν,
1278 575 1385 645 δτι,
1417 575 1506 628 ἐὰν
1538 571 1779 647 συστείλζ

1910 591 2025 629 non
2060 585 2230 630 erunt
2261 577 2564 646 tenebrae;]
2611 578 2711 631 sed
2744 577 2952 632 dixerit
2983 577 3180 634 lumen
3213 595 3562 651 cognoscere

1147 658 1290 715 οὕτω
1335 661 1427 716 καὶ
1461 663 1487 716 6
1519 662 1649 724 Θεὸς
1679 663 1794 716 κατ’

157 747 308 803 αἶ’τίαν
365 745 420 801 ἐν
481 747 660 818 ἐαυτῷ
709 749 804 816 τὴν
864 747 1078 802 πάντων
1139 747 1344 820 εἷ’δησιν
1405 745 1545 826 ἔχει,
1607 750 1668 805 ού
1725 754 1792 824 τῇ

155 662 205 715 τὸ
235 661 430 713 οἰκεῖον
458 663 599 736 φῶς,
634 656 812 720 οὐδεὶς
857 654 1044 732 ὄψεται
1080 678 1093 692 ·

153 837 293 911 πείρᾳ
327 835 535 907 ταύτην
588 837 1039 909 ἐπικτησάμενος,
1090 838 1207 892 ἐπεὶ
1266 839 1437 902 οὕτως
1494 841 1790 914 εὑρίσκεται

158 926 594 1000 μεταγενέστερος
643 926 670 979 6
729 925 856 987 Θεὸς
907 933 1006 996 τῆς
1061 927 1336 1002 γνώσεως,
1395 928 1430 999 ir:
1487 931 1621 985 κατά
1676 951 1793 984 τινα

155 1015 330 1092 χρόνον
381 1017 462 1088 μὴ
514 1015 824 1089 γινώσκων.
877 1015 1193 1088 Σημείωσαι
1243 1015 1298 1072 δὲ
1344 1019 1406 1073 τὸ
1437 1018 1626 1082 σκότος
1658 1020 1789 1073 εἶναι

152 1107 204 1160 τὸ
247 1103 512 1172 αἰτιατὸν,
565 1103 616 1174 ἐξ
668 1101 967 1177 ἐλλείψεως
1015 1110 1111 1160 τοῦ
1156 1107 1334 1181 φωτὸς
1382 1111 1790 1184 παρυφιστάμε-

151 1215 225 1248 νον
256 1196 316 1249 ⁵⁴.
351 1194 490 1266 ὅπερ
526 1191 637 1248 ἐστὶ
667 1193 803 1247 κατά
829 1194 1174 1271 Μανιχαίων.

209 1367 316 1427 Τοῦ
369 1391 620 1439 σκοτους,
665 1372 787 1427 ’Ότι
838 1372 900 1426 τὸ
955 1371 1145 1435 σκότος
1187 1373 1295 1449 οὐχ
1334 1375 1614 1448 ἑτέρωθεν,
1662 1373 1789 1431 ἀλλ’

149 1458 240 1534 ἆχὸ
265 1463 366 1513 τοῦ
407 1459 591 1537 φωτὸς
621 1459 966 1536 γνωρίζεται.

207 1548 306 1604 Καὶ
339 1548 442 1603 οὐκ
488 1549 548 1604 ἐκ
587 1555 694 1604 τῶν
757 1545 950 1607 ὄντων.
995 1554 1136 1627 ²Ὀρα
1184 1557 1302 1617 πῶς
1355 1576 1484 1632 φησι
1525 1555 1615 1609 τὸν
1657 1555 1786 1608 Θεὸν

149 1636 328 1692 εἷδὲναι
360 1639 430 1692 τὰ
460 1634 615 1706 ὄντα,
650 1638 748 1693 οὐκ
778 1641 837 1694 ὲκ
882 1648 980 1710 τῆς
1024 1644 1240 1696 πάντων
1268 1644 1540 1718 γνώσεως,
1572 1642 1696 1699 ἀλλ’
1731 1643 1788 1697 ἐκ

146 1734 231 1796 τῆς
260 1724 430 1799 ἰδίας,
468 1727 650 1802 ὥσπερ
681 1729 743 1783 τὸ
794 1734 906 1806 φῶς
963 1727 1074 1785 οἶδε
1118 1733 1184 1785 τὰ
1231 1737 1326 1786 τοῦ
1357 1732 1599 1804 σκότους,
1633 1730 1783 1786 οὐδὲν

146 1821 226 1870 τοῦ
254 1816 492 1880 σκότους
520 1811 664 1892 ἔχων
716 1817 767 1872 ἐν
819 1819 1012 1892 ἑαυτῷ.
1064 1823 1248 1878 Ταῦτα
1292 1818 1348 1875 δὲ
1393 1819 1701 1896 πολλαχῶς
1733 1821 1783 1877 ἐν

147 1909 213 1977 τῷ
254 1906 498 1979 πέμπτῳ
540 1905 822 1984 κεφαλαίῳ
873 1905 1081 1982 εἷ’ρηται
1116 1929 1128 1942 ⁸
1182 1915 1298 1972 πῶς
1350 1911 1377 1964 6
1421 1912 1548 1972 Θεὸς
1595 1912 1782 1966 ἑαυτὸν
1817 1951 1862 2016 Β

245 1995 256 2014 Ι
480 1994 509 2016 ,Ι
699 1997 724 2008 ν
903 2003 928 2014 ν
1029 1999 1040 2014 \
1187 1999 1197 2016 Ι
1399 1999 1412 2015 \
1457 1996 1480 2014 ν

150 1995 438 2069 γινώσκων,
472 1994 598 2064 ἤτοι
621 1997 784 2068 νοῶν,
808 2003 928 2052 νοεῖ
954 1999 1042 2052 καὶ
1073 1999 1328 2073 γινώσκει
1357 1999 1423 2054 τὰ
1453 1996 1579 2054 ὅντα
1608 2022 1782 2075 παρα-

151 2080 520 2156 δειγματικῶς.

207 2172 318 2228 Οὐκ
343 2175 448 2248 ἄρα
481 2175 508 2227 ὁ
546 2173 698 2236 Θεός.
747 2175 832 2230 Ἐν
882 2173 1110 2248 οὐδεμιᾳ
1158 2177 1258 2252 γὰρ
1301 2175 1502 2252 διπλόη
1529 2180 1592 2233 τὸ
1618 2183 1784 2249 θεῖον,

151 2261 310 2333 πάντη
347 2262 558 2318 ἁπλοῦν
591 2263 674 2334 ὃν,
703 2263 794 2319 καὶ
828 2264 959 2340 ὑπὲρ
986 2271 1090 2320 πᾶν
1117 2264 1348 2323 ἁπλοῦν.

203 2442 296 2496 Καὶ
355 2444 459 2517 γὰρ
517 2442 610 2497 καὶ
662 2441 788 2506 τοὺς
848 2442 1206 2520 ἀγγέλους.⁵⁵
1276 2445 1352 2502 Τὸ
1419 2444 1544 2508 τοὺς
1618 2447 1783 2521 ἀγγε-

149 2529 264 2592 λους
297 2528 496 2586 εἰδέναι
536 2533 605 2586 τὰ
660 2531 747 2587 ἐπὶ
796 2539 897 2608 γῆς
945 2533 1006 2588 οὐ
1050 2531 1119 2588 δι’
1159 2533 1458 2605 αἰσθήσεως
1499 2530 1783 2608 προσϐάλ-

150 2617 328 2681 λοντας
357 2626 478 2683 τοῖς
505 2621 806 2694 αἰσθητοῖς,
857 2623 930 2684 ὡς
973 2625 1157 2697 ἡμεῖς,
1205 2622 1354 2680 ἀλλά
1383 2621 1471 2679 διὰ
1502 2621 1782 2696 δυνάμεως

148 2705 603 2782 ἐπαναϐεϐηκυίας
653 2707 938 2768 ἐπιϐάλλω
995 2715 1230 2768 νοεισθαι
1269 2717 1335 2786 ⁵⁸,
1392 2713 1449 2768 ἐκ
1506 2711 1778 2791 διαφόρων

147 2799 358 2873 λογίων,
394 2802 510 2855 οἷον
565 2801 640 2862 ὡς
693 2799 746 2857 ἦν
788 2806 869 2874 τῷ
919 2797 1130 2874 Τωϐία,
1177 2802 1314 2856 ὅπου
1361 2799 1594 2876 εἷ’ρηται,
1637 2802 1720 2859 ὅτι
1752 2805 1780 2858 6

147 2893 273 2949 θεῖος
301 2887 551 2963 Ῥαφαὴλ
585 2889 612 2943 ὁ
643 2886 878 2964 ἄγγελος
914 2891 1030 2945 εἶπε
1072 2895 1151 2962 τῷ
1180 2893 1284 2963 υἱῷ
1311 2893 1408 2946 τοῦ
1437 2889 1654 2947 Τωϐίου
1683 2891 1780 2948 λα.

147 2970 245 3030 δεῖν
276 2977 373 3045 τήν
407 2976 592 3052 χολὴν
618 2983 714 3034 τοῦ
740 2975 1062 3044 ἀνελθόντος
1100 2980 1308 3055 ἰχθύος,
1341 2981 1416 3043 ὡς
1449 2983 1776 3056 ἀφαιροῦσαν

147 3061 460 3137 λευκώματα
529 3067 828 3145 ὀφθαλμῶν
891 3068 1151 3144 γινόμενα
1225 3071 1329 3125 ἀπὸ
1386 3068 1778 3144 ἀφοδευμάτων

147 3155 428 3228 στρουθίων
461 3173 474 3186 ·
537 3156 599 3210 οὐ
650 3157 752 3233 γὰρ
801 3155 862 3212 ἄν
903 3179 984 3220 τις
1041 3159 1415 3228 ὑπονοήσειεν,
1458 3159 1541 3214 δτι
1594 3162 1780 3216 παθὼν

144 3240 293 3314 ἔμαθε
322 3247 423 3314 τήν
460 3244 696 3320 ἰατρείαν
727 3265 739 3279 ’
787 3246 931 3303 ἀλλᾶ
977 3250 1068 3301 καὶ
1126 3247 1154 3301 6
1201 3246 1251 3302 ἐν
1292 3253 1406 3310 τοῖς
1438 3253 1658 3322 Κριταῖς
1686 3243 1776 3324 ἄγ-

142 3332 287 3406 γελος
319 3333 408 3390 ἐπὶ
439 3339 538 3390 τοῦ
582 3332 784 3390 Γεδεὼν
831 3335 907 3400 εἷς
947 3337 1044 3405 τὴν
1096 3335 1279 3392 θυσίαν
1310 3333 1553 3393 ἐκϐαλὼν
1586 3337 1645 3392 ἐκ
1673 3345 1776 3408 τῆς

145 3424 320 3496 πέτρας
348 3429 482 3499 πῦρ,
519 3424 618 3480 ούκ
648 3424 892 3496 αἰσθήσει
918 3424 1081 3496 οἶδεν,
1115 3426 1198 3481 ὅτι
1227 3427 1288 3480 τὸ
1319 3432 1426 3501 πῦρ
1467 3430 1774 3501 καυστικὸν,

146 3511 208 3572 ὠς
235 3515 420 3585 ἡμεῖς,
457 3513 586 3569 ἀλλ’
627 3514 884 3592 ἀνωτὲρῳ
931 3517 1229 3594 προσφόρῳ
1260 3519 1302 3556 ⁸⁷
1330 3537 1341 3548 ·
1387 3518 1529 3572 οὕτω
1580 3524 1670 3573 καὶ
1710 3518 1778 3574 τὰ

146 3597 317 3658 λοιπά.
351 3603 416 3659 Εἰ
451 3601 508 3657 δέ
560 3624 644 3665 τις
683 3602 849 3673 ετίποι,
895 3604 995 3660 Καὶ
1043 3610 1160 3668 πῶς
1212 3610 1306 3660 τοῦ
1347 3605 1568 3661 αἰωνίου
1605 3608 1776 3680 πυρὸς

145 3689 439 3761 αἶσθήσεται
472 3694 500 3747 ὁ
532 3688 816 3761 διάϐολος,
865 3694 955 3749 καὶ
1006 3696 1056 3749 οἱ
1111 3693 1333 3770 ἄγγελοι
1365 3697 1532 3751 αὐτοῦ
1569 3715 1581 3764 ;
1615 3695 1667 3752 ἐν
1699 3701 1776 3768 τῷ

145 3781 421 3857 προσφόρῳ
457 3803 614 3854 τοπῳ
664 3782 1014 3859 λεχθήσεται.
1067 3783 1246 3840 Ἀλλὰ
1292 3785 1382 3840 καὶ
1434 3786 1483 3839 ἐν
1536 3789 1615 3857 τῷ
1675 3793 1776 3840 Δα-

147 3869 276 3941 νιὴλ,
309 3871 360 3924 ἐν
397 3893 477 3944 τῳ
502 3871 786 3949 κεφαλαίῳ
826 3877 923 3926 τοῦ
976 3872 1282 3949 Βαλθάσαρ,
1319 3871 1458 3928 οἶδεν
1494 3876 1522 3929 6
1552 3874 1772 3952 γράφων

148 3959 419 4032 γράμματα
484 3961 560 4034 μὴ
622 3962 830 4034 μαθών.
908 3962 1225 4035 Σημείωσαι
1288 3961 1346 4018 δὲ
1397 3962 1478 4017 ὅτι
1539 3965 1600 4018 οὐ
1658 3967 1776 4018 κατ’

148 4045 370 4118 αἴσθησιν
401 4055 519 4112 τοῖς
548 4049 804 4126 ἀγγέλοις
847 4053 881 4121 ἡ
931 4055 1132 4125 γνῶσις
1167 4056 1274 4107 τῶν
1305 4051 1576 4121 αἰσθητῶν
1607 4075 1613 4081 ·
1651 4051 1777 4108 οὐδὲ

149 4136 232 4208 γὰρ
279 4143 396 4200 τοῖς
456 4139 572 4193 καθ’
618 4141 765 4212 ἡμᾶς
817 4140 1195 4216 αἰσθητηρίοις
1251 4139 1573 4216 κέχρηνται,
1630 4139 1777 4198 ἄλλα

148 4229 221 4278 νοῦ
249 4223 470 4300 δυνάμει
495 4228 586 4282 καὶ
612 4228 785 4304 φύσει.

205 4314 348 4387 §III.
381 4316 504 4372 Ἐπὶ
557 4313 616 4370 δὲ
656 4316 876 4382 τούτοις
918 4323 1146 4389 ζητῆσαι
1208 4321 1344 4393 χρή.
1396 4324 1632 4390 Συζητεῖ
1656 4324 1772 4384 πῶς

150 4401 254 4456 Θεὸν
284 4405 626 4479 γινώσκομεν
652 4423 664 4434 °
690 4405 780 4460 καί
803 4427 962 4484 φησιν
989 4406 1186 4478 ὀρθῶς,
1210 4406 1291 4461 ὅτι
1314 4411 1448 4462 Θεοῦ
1475 4409 1569 4481 μὲν
1592 4408 1776 4486 φύσις,

149 4489 234 4544 δτί
261 4495 387 4548 ποτε
419 4492 585 4562 ἐστιν,
619 4493 741 4549 οὕτε
784 4495 890 4550 τινὶ
935 4497 1160 4550 πώποτε
1199 4500 1306 4550 τῶν
1347 4495 1398 4552 ἐν
1437 4493 1774 4574 δημιουργίᾳ

150 4578 392 4652 ἐγνώσθη,
445 4582 569 4638 οὕτε
615 4582 946 4655 ἐπιστητῶς,
985 4584 1108 4641 οὕτε
1154 4585 1463 4648 ἐποπτικῶς
1495 4606 1508 4618 ·
1557 4587 1772 4649 τούτοις

1908 670 2198 733 quatenus
2231 665 2428 720 lumen
2476 671 2583 734 est,
2617 665 2864 738 ideoque
2917 667 3072 723 novit
3125 669 3307 738 quod,
3339 669 3385 723 si
3420 687 3560 740 pro-

1905 754 2094 823 prium
2131 754 2328 808 lumen
2363 755 2738 823 contraxerit,
2774 755 2972 810 nullus
3007 758 3257 812 videbit:
3295 758 3374 812 ita
3409 760 3562 814 Deus

1905 858 2004 912 per
2035 859 2273 897 causam
2309 843 2569 898 omnium
2607 845 2661 897 in
2696 861 2756 899 se
2788 845 3179 916 cognitionem
3214 846 3408 912 habet,
3442 865 3557 902 non

1903 931 2057 1001 quod
2118 932 2474 1002 experientia
2529 949 2656 986 eam
2709 933 3170 1003 comparaverit:
3225 940 3348 989 tum
3401 936 3556 990 enim

1901 1019 2055 1074 Deus
2087 1021 2419 1091 cognitione
2451 1020 2738 1092 posterior
2767 1022 3257 1089 inveniretur,aut
3279 1024 3335 1077 in
3363 1025 3558 1095 aliquo

1899 1113 2163 1180 tempore
2198 1127 2310 1164 non
2345 1127 2729 1180 cognoscens.
2765 1111 2912 1165 Nota
2956 1113 3229 1167 tenebras
3262 1130 3391 1168 esse
3421 1114 3561 1168 effe-

1899 1202 2058 1252 ctum
2091 1198 2192 1269 qui
2223 1216 2289 1252 ex
2322 1200 2547 1253 delectu
2582 1198 2730 1254 lucis
2761 1200 3086 1256 subsistere
3124 1201 3372 1270 videtur,
3405 1203 3560 1274 quod

1898 1291 1986 1341 est
2016 1293 2218 1341 contra
2249 1288 2620 1343 Manichaeos.

1974 1376 2123 1430 I90
2168 1377 2551 1450 Ienebrarum.
2585 1377 2878 1434 Tenebras
2929 1395 3044 1434 non
3093 1378 3331 1436 aliunde
3381 1396 3556 1453 quam

1898 1481 1964 1519 ex
1995 1463 2124 1519 luce
2154 1465 2449 1535 cognosci.

1971 1555 2032 1608 Et
2062 1571 2171 1610 non
2201 1572 2270 1609 ea:
2299 1557 2480 1609 rebus.
2515 1554 2658 1609 Vide
2683 1556 2976 1626 quomodo
3017 1557 3171 1612 dicat
3221 1557 3402 1614 Deum
3455 1576 3555 1615 co-

1895 1660 2175 1714 gnoscerc
2205 1661 2272 1699 ea
2303 1661 2425 1713 quae
2458 1648 2616 1714 sunt,
2650 1661 2764 1699 non
2798 1661 2863 1699 ex
2897 1646 3158 1701 omnium
3201 1647 3553 1718 cognitione,

1896 1733 1992 1788 sed
2029 1749 2097 1787 ex
2124 1733 2379 1804 propria,
2413 1734 2567 1788 sicut
2608 1733 2705 1787 lux
2751 1736 2910 1789 novit
2953 1737 3246 1801 tenebras,
3281 1753 3410 1790 cum
3462 1741 3553 1791 ta-

1897 1838 2028 1877 men
2064 1821 2208 1876 nihil
2243 1823 2612 1877 tenebrarum
2665 1822 2722 1876 in
2772 1839 2832 1876 se
2882 1823 3116 1879 habeat.
3160 1823 3289 1880 Haec
3337 1825 3553 1897 szepius

1895 1911 2046 1965 dicta
2081 1914 2239 1966 fuere
2286 1911 2342 1965 in
2397 1913 2600 1983 quinto
2632 1911 2858 1983 capite:
2909 1913 3202 1982 quomodo
3252 1912 3405 1968 Deus
3454 1930 3552 1969 se-

1893 2001 2090 2072 ipsum
2135 2017 2496 2072 cognoscens
2528 2018 2631 2056 seu
2660 1999 3014 2073 intelligens,
3047 2000 3335 2073 intelligat
3363 2007 3421 2058 et
3451 2020 3551 2058 co-

1893 2096 2137 2162 gnoscat
2167 2107 2268 2161 per
2297 2090 2583 2162 exempla.

1961 2181 2079 2235 Non
2111 2183 2296 2250 itaque
2326 2182 2478 2234 Deus.
2517 2180 2802 2234 Divinitas
2849 2179 3005 2234 enim
3039 2178 3099 2234 in
3131 2178 3296 2235 nulla
3325 2185 3416 2235 est
3448 2181 3553 2235 du-

1895 2268 2174 2340 plicitete,
2199 2285 2331 2324 cum
2367 2269 2444 2324 sit
2474 2269 2714 2324 omnino
2745 2268 2993 2341 simplex
3019 2275 3076 2324 et.
3104 2286 3286 2342 supra
3316 2286 3550 2326 omnem

1894 2356 2357 2428 simplicitatem.

1963 2447 2179 2500 Etenim
2230 2462 2439 2518 quoque
2492 2447 2734 2515 angelos.
2794 2446 3046 2518 Angelos
3103 2464 3269 2503 nosse
3321 2451 3552 2504 terrena

1894 2552 2008 2590 non
2059 2552 2258 2601 sensu,
2291 2552 2404 2590 non
2439 2540 2500 2589 ut
2533 2552 2638 2590 nos
2686 2535 3007 2590 sensilibus
3038 2534 3410 2604 inhaerentes,
3445 2537 3548 2592 sed

1892 2623 2139 2693 conjicio
2171 2639 2273 2695 per
2300 2623 2415 2678 vim
2452 2623 2960 2678 transcendentem
3006 2622 3281 2694 intelligi,
3335 2641 3402 2680 ex
3455 2625 3549 2680 di-

1890 2714 2075 2770 versis
2134 2712 2409 2778 oraculis,
2441 2712 2707 2768 videlicet
2753 2712 2907 2767 sicut
2955 2713 3014 2767 in
3067 2712 3270 2782 Tobia,
3305 2713 3402 2770 ubi
3451 2714 3547 2768 di-

1889 2803 2060 2865 citur,
2121 2803 2354 2857 divinus
2403 2801 2658 2873 Raphael
2705 2802 2949 2874 angelus
2996 2802 3142 2856 dixit
3190 2801 3307 2858 ﬁlio
3355 2803 3547 2858 Tobiae

1891 2897 1954 2946 ut
1983 2891 2273 2962 acciperet
2303 2890 2373 2946 t'el
2405 2891 2584 2962 piscis
2615 2907 2730 2961 quo
2762 2891 3018 2946 auferret
3047 2890 3381 2960 albuginem
3411 2907 3548 2948 ocu-

1887 2981 2080 3037 lorum
2130 2999 2198 3037 ex
2247 2986 2500 3037 stercore
2547 2997 2852 3052 passerum
2902 2985 3140 3049 natam;
3187 2998 3357 3036 nemo
3386 2981 3543 3037 enim

1889 3071 2177 3142 putaverit
2229 3087 2363 3126 eum
2421 3070 2779 3142 experientia
2838 3070 3187 3124 medicinam
3234 3069 3542 3139 didicisse;

1888 3160 2031 3231 quin
2060 3159 2236 3215 etiam
2271 3160 2327 3214 in
2363 3159 2530 3214 libris
2558 3159 2856 3222 Judicum,
2886 3159 3132 3228 angelus
3187 3175 3382 3214 coram
3433 3162 3541 3214 Ge-

1888 3250 2071 3305 deone
2101 3248 2294 3320 ignem
2329 3248 2386 3303 in
2421 3248 2774 3303 sacriﬁcium
2821 3263 2888 3302 ex
2940 3253 3098 3318 petra
3130 3248 3392 3318 ejiciens,
3425 3265 3542 3303 non

1807 3320 1848 3386 (ἶ
1888 3338 2109 3394 sciebat
2158 3354 2359 3400 sensu,
2412 3337 2564 3392 sicut
2613 3353 2740 3403 nos,
2793 3336 2987 3406 ignem
3039 3338 3405 3403 comburere,
3439 3337 3542 3394 sed

1886 3425 2215 3481 sublimiori
2251 3426 2422 3480 modo
2453 3425 2564 3480 sibi
2598 3424 3000 3491 convenienti;
3044 3425 3125 3479 ita
3172 3425 3243 3480 de
3293 3426 3536 3482 caeteris.

1884 3515 1941 3569 Si
1976 3531 2106 3570 vero
2139 3513 2356 3585 aliquis
2385 3514 2629 3568 dixerit:
2684 3514 2985 3578 Quomodo
3027 3513 3298 3568 diabolus
3329 3512 3542 3568 sentiet

1885 3604 2079 3676 ignem
2110 3608 2418 3672 aeternum,
2447 3607 2503 3658 et
2534 3601 2723 3673 angeli
2754 3602 2928 3672 ejus?
2964 3601 3021 3658 in
3053 3601 3179 3656 loco
3210 3607 3544 3674 opportuno

1885 3693 2131 3748 dicetur.
2163 3693 2267 3748 Sed
2297 3693 2472 3748 etiam
2506 3691 2566 3746 in
2600 3691 2837 3746 Daniele
2869 3691 2928 3746 in
2982 3691 3173 3762 capite
3205 3692 3275 3746 de
3305 3690 3544 3746 Baitha-

1883 3799 2001 3848 sar,
2035 3782 2134 3851 qui
2169 3782 2392 3849 scribit,
2428 3781 2653 3838 litteras
2686 3781 2847 3836 novit
2877 3797 3024 3851 quas
3063 3797 3178 3834 non
3231 3781 3541 3837 didicerat.

1882 3870 2028 3926 Nota
2058 3875 2252 3925 autem
2286 3870 2680 3942 cognitionem
2701 3869 3011 3926 sensilium
3044 3886 3159 3926 non
3193 3885 3321 3925 esse
3355 3869 3413 3924 in
3447 3887 3546 3925 an-

1883 3959 2029 4030 gelis
2063 3977 2166 4030 per
2194 3976 2458 4026 sensum,
2484 3976 2672 4030 neque
2699 3960 2855 4014 enim
2893 3959 3110 4014 nostris
3141 3975 3426 4014 sensuum
3449 3975 3543 4014 or-

1882 4050 2050 4121 ganis
2076 4055 2344 4114 utuntur,
2379 4050 2479 4104 sed
2514 4049 2728 4104 virtute
2759 4049 2972 4104 mentis
3003 4053 3060 4125 et
3089 4053 3323 4104 natura.

1953 4322 1979 4386 §
2012 4317 2107 4375 ΙΙΙ.
2140 4320 2425 4375 Praeterea
2455 4319 2820 4388 quaerent/um
2842 4321 2941 4372 est.
2965 4317 3218 4388 Inquirit
3250 4318 3542 4387 quomodo

1883 4408 2064 4464 Deum
2099 4423 2543 4479 cognoscamus,
2579 4411 2635 4462 et
2665 4411 2819 4461 recte
2851 4405 3010 4476 dicit,
3045 4406 3140 4462 Dei
3173 4406 3410 4478 quidem
3443 4421 3543 4460 na-

1883 4501 2094 4565 turam,
2129 4496 2270 4568 quid
2323 4497 2559 4551 tandem
2605 4496 2704 4563 sit,
2747 4494 2894 4550 nulli
2942 4512 3205 4568 unquam
3259 4497 3543 4550 creaturae

1882 4586 2173 4658 cognitam
2210 4586 2412 4652 fuisse,
2450 4602 2635 4655 neque
2677 4600 2748 4640 ex
2793 4584 3059 4653 scientia,
3095 4601 3284 4655 neque
3331 4600 3400 4638 ex
3452 4581 3542 4638 in-

147 4668 228 4743 γὰρ
253 4667 621 4745 ἐπιϐάλλομεν
674 4679 788 4735 τοῖς
840 4674 1151 4747 ἀσωμάτοις
1188 4695 1200 4708 ·
1263 4673 1407 4730 ἀλλὰ
1454 4677 1772 4748 γινώσκεται

1899 4677 2068 4744 '.uitu;
2103 4675 2194 4730 his
2224 4675 2378 4730 enim
2414 4675 2758 4745 incorporea
2788 4674 3183 4746 aggredimur,
3216 4673 3317 4729 sed
3353 4677 3533 4728 Deum

1750 4767 1763 4782 \

150 4757 171 4808 ὁ
195 4760 310 4821 Θεὸς
343 4761 403 4815 ἐκ
430 4768 532 4830 τῆς
561 4765 669 4815 τῶν
703 4761 1013 4835 κτισμάτων
1045 4762 1334 4834 διατάξεως
1360 4783 1372 4796 ·
1403 4761 1452 4818 εἰ
1479 4765 1602 4839 γὰρ,
1635 4767 1773 4820 κατὰ

149 4845 222 4900 τὸν
265 4853 400 4911 θεῖον
445 4849 803 4924 Ἀπὸστολον,
855 4854 890 4922 ἡ
939 4856 1047 4906 τῶν
1087 4849 1591 4928 δημιουργημάτων
1642 4853 1773 4909 καλ-

152 4930 438 5012 λονή,[τὸν]
494 4941 894 5017 γενεσιουργὸν,
948 4942 1192 4996 τουτὲστι
1243 4943 1332 4996 τὸν
1379 4946 1486 4996 τῶν
1540 4941 1592 4996 ἐν
1625 4941 1770 5016 γενέ-

152 5042 212 5077 σει
239 5028 349 5070 ‘3-‘9
377 5030 615 5100 ποιητὴν
644 5031 858 5104 μηνύει,
893 5029 1115 5093 εἰκότως
1143 5033 1177 5100 ἡ
1209 5035 1314 5084 τῶν
1345 5026 1512 5086 ὄντων
1535 5028 1771 5103 διάταξις

1883 4782 1949 4820 ex
1981 4769 2379 4820 creaturarum
2413 4763 2802 4835 dispositione
2833 4763 3105 4835 cognosci
3132 4779 3146 4830 ;
3183 4779 3318 4816 nam
3351 4761 3423 4826 si,
3456 4778 3544 4816 se-

1883 4855 2140 4909 cundum
2172 4852 2534 4924 Apostolum,
2563 4851 2939 4924 pulchritudo
2981 4856 3408 4919 creaturarum,
3441 4865 3539 4921 ge-

1885 4944 2202 4998 nerationis
2233 4947 2550 5009 auctorem,
2586 4942 2642 4996 id
2688 4947 2777 4997 est
2825 4959 3028 4996 eorum
3079 4957 3205 5011 quae
3257 4939 3541 5011 producta

1884 5035 2021 5086 sunt
2050 5032 2405 5087 conditorem
2440 5031 2735 5086 ostendit:
2789 5031 2996 5085 merito
3041 5045 3181 5084 sane
3228 5025 3537 5098 dispositio

1124 5202 1362 5258 VARIIE
1399 5200 1787 5258 LECTIONES
1825 5201 1916 5258 ET
1955 5201 2514 5258 CORRECTIONES.

202 5341 241 5420 β
265 5343 574 5423 σημείω-σαι
600 5343 856 5423 ὼςμαῖξτία
880 5349 1241 5423 τοῦμσκότους
1270 5345 1383 5423 ἐστὶ
1429 5347 1490 5399 τὸ
1522 5349 1634 5423 φῶς
1671 5363 1682 5376 ·
1741 5343 2172 5423 ἐξηέλλείψεως
2201 5345 2300 5419 γὰρ
2349 5343 2514 5399 αὐτοῦ
2555 5343 2794 5420 φαίνεται
2822 5360 2842 5423 ς
2879 5343 2967 5396 καὶ
3001 5338 3081 5423 ξτι
3114 5342 3177 5395 τὸ
3210 5339 3399 5423 σκότος
3431 5339 3539 5416 οὐχ

143 5408 391 5492 ἑτέρωθεν.
411 5487 422 5492 _
469 5417 514 5492 δξ
542 5414 625 5492 ᾅτι
662 5415 712 5472 οἰ
745 5414 970 5492 ἄγγελοι
997 5415 1148 5472 ’ίσασι
1178 5419 1245 5474 τὰ
1266 5416 1352 5472 ἐπὶ
1384 5424 1508 5492 γῆς,
1534 5408 1604 5471 ὀὐ
1630 5419 1745 5492 κατ’
1777 5408 2229 5492 αἴσθησινζ-ἀλλᾶ
2255 5408 2391 5472 κατά
2415 5419 2513 5486 τὴν
2543 5408 2638 5492 τοῦ
2670 5412 2948 5492 θεοει-δοῦς
2975 5413 3149 5492 αὐτῶν
3182 5413 3276 5492 νοῦ
3300 5408 3531 5492 δύναμιν

140 5481 423 5566 ξτξὸύμτξ
455 5484 705 5556 αἴσθησιν
729 5481 861 5566 ,τόῖξ
891 5489 1152 5565 ἆγγὲΑοις
1179 5493 1213 5560 ἡ
1248 5481 1452 5566 γνῶσίς
1496 5481 1612 5566 ξτῶν
1664 5481 1939 5560 αἰσθητῶν
1975 5511 1986 5522 ·
2018 5481 2076 5544 όύ
2130 5491 2232 5565 γὰρ
2278 5495 2394 5550 τοῖς
2441 5481 2560 5542 καθ’
2591 5491 2739 5566 ἡμᾷς
2768 5487 3150 5566 αἰσθητηρίοις
3177 5481 3479 5561 κέχρηνται
3503 5503 3528 5566 _'

137 5551 270 5634 δι).λᾷ
287 5553 508 5630 δυνάμει
539 5551 633 5613 νοῧ
657 5561 744 5615 καὶ
796 5551 987 5634 φύσεί.’
1026 5551 1295 5630 ραοηίὶιίη
1347 5551 1534 5633 αγιρθίὶ
1577 5567 1779 5619 terrent

1899 5551 2182 5631 ignoscunt
2205 5551 2333 5617 ἠοη
2371 5577 2562 5634 sensu,
2613 5551 2706 5616 sed
2732 5551 3037 5634 dei/armis
3067 5551 3315 5634 ipsoruih
3335 5551 3538 5612 hiemis

136 5627 376 5696 facultate
403 5627 429 5695 ξ
456 5647 565 5688 non
588 5635 736 5690 enim
765 5627 835 5690 ea:
861 5627 1175 5692 scrutatione
1200 5636 1389 5708 aliqua
1418 5627 1600 5690 britur
1642 5636 1703 5689 in
1742 5627 1957 5706 angelis
1993 5651 2180 5689 rerum
2209 5633 2499 5708 sensiliqu
2522 5632 2773 5708 cognitio
2788 5650 2817 5708 ί
2839 5627 3288 5708 Quandoquidem
3317 5645 3428 5708 nou
3467 5634 3530 5684 ut

136 5714 224 5755 nos
258 5717 518 5759 sensuum
574 5708 801 5778 organi:
858 5711 1112 5776 utuntur,
1168 5707 1259 5766 sed
1289 5697 1522 5764 ‘virtute
1565 5708 1765 5762 mentis

135 5768 241 5812 ⁸³⁵⁸
265 5778 363 5844 τῆς
390 5775 671 5850 γενέσεως.

1921 5710 2147 5763 natura.
2223 5705 2266 5739 ⁵⁵
2317 5697 2718 5765 ἐπιϐάλλοντας
2785 5697 3104 5773 δηλοῦσθαῖ.
3217 5703 3260 5737 ⁸⁷
3313 5698 3528 5774 τρόπῳ.
