4080 6366
487 395 590 451 351

1312 399 1674 451 APPENDIX
1713 399 1809 449 AD
1848 394 2085 447 OPERA
2123 393 2183 443 S.
2223 390 2537 445 DIONYSII
2575 391 3079 446 AREOPAGITE.

3804 392 3911 446 352

492 535 687 574 rerum
716 520 805 572 est
836 517 1093 589 cognitio
1125 519 1268 574 I91
1310 519 1437 589 ejus
1477 518 1578 590 qui
1630 516 1762 572 illas
1811 512 2144 585 disposuit;

2271 514 2449 584 (vim;
2478 510 2588 565 ἐστι
2638 516 2733 566 τοῦ
2775 509 3117 582 διατάξαντος
3156 528 3172 547 ο
3219 512 3286 565 τὰ
3336 512 3438 585 γὰρ
3480 506 3627 581 ὅντα,
3659 512 3907 566 τουτέστι

492 624 585 661 res
610 608 789 673 enim,
808 606 862 661 id
898 611 988 661 est
1017 607 1310 672 formaa,et
1344 607 1586 679 singulae
1614 610 1915 672 creatura},
1940 616 2149 672 nempe

492 696 726 751 ordines
758 696 1004 767 angelici
1039 702 1092 750 et
1126 696 1427 751 sensibilia
1459 696 1677 763 omnia,
1702 694 1987 765 imagines
2011 694 2150 746 sunt

492 802 556 839 ac
589 784 1008 841 similitudines
1040 786 1370 841 divinarum
1410 788 1692 853 idearum,
1724 799 1825 838 seu
1856 780 2149 851 exempla-

495 876 580 930 ria
610 892 809 931 eorum
843 894 973 947 quae
1002 876 1059 930 in
1097 876 1232 946 Deo,
1265 894 1388 948 quae
1429 875 1784 947 exemplaria
1811 877 1949 927 sunt
1980 869 2149 925 intel-

493 963 773 1020 lectiones
803 971 1033 1020 aeternae
1062 968 1184 1034 Dei,
1220 982 1322 1037 per
1352 983 1498 1037 quas
1547 970 1603 1021 et
1651 964 1975 1019 secundum
2007 975 2151 1031 quas

493 1054 693 1109 omnia
727 1060 892 1109 erant
921 1055 980 1108 in
1018 1056 1183 1125 ipso;
1216 1073 1331 1109 non
1383 1054 1498 1109 alia
1547 1058 1741 1109 autem
1798 1053 1868 1107 ab
1914 1050 2064 1122 ipso,
2098 1050 2156 1103 et

496 1144 787 1214 producta
818 1144 1240 1209 fuerunt,sicut
1270 1142 1683 1198 divinissimus
1706 1140 1964 1197 Joannes
1995 1139 2074 1193 ait
2095 1138 2150 1191 in

498 1232 838 1303 Apocalypsi
886 1233 1199 1303 quemdam
1250 1231 1751 1287 nobilissimorum
1811 1230 2151 1301 angelorum

496 1320 609 1376 sibi
642 1320 880 1385 dixisse,
916 1320 1068 1389 quod
1120 1319 1319 1374 omnia
1367 1324 1533 1373 erant
1576 1323 1632 1373 et
1682 1319 1943 1383 fuerunt,
1996 1315 2157 1369 ideas

497 1408 850 1480 intelligens,
872 1408 1011 1479 quia
1043 1412 1209 1463 erant
1234 1414 1291 1463 et
1321 1407 1609 1480 imagines
1640 1417 1697 1462 et
1726 1406 1992 1461 idearum
2037 1404 2157 1458 sive

493 1497 918 1569 exemplarium
952 1497 1396 1565 similitudines,
1425 1515 1551 1569 quae
1584 1496 1782 1553 omnia
1818 1496 1968 1549 facta
1996 1496 2153 1547 sunt-

495 1587 643 1644 Nam
677 1604 802 1659 quas
836 1586 1175 1659 intelligunt
1204 1603 1405 1642 eorum
1460 1604 1583 1657 quas
1631 1584 2068 1655 intelliguntur,
2101 1586 2159 1636 et

494 1676 771 1730 inferiora
804 1680 945 1730 sunt
979 1676 1345 1747 superiorum
1384 1676 1692 1747 imagines.
1726 1674 1943 1729 Horum
1976 1670 2159 1743 igitur

494 1764 759 1819 omnium
782 1764 1076 1819 ablatione
1098 1765 1273 1832 (Deus
1293 1765 1447 1819 enim
1474 1782 1507 1819 a
1528 1765 1703 1819 rebus
1725 1768 2029 1832 exemptus
2046 1763 2155 1813 est,

2257 598 2323 652 τά
2354 597 2496 670 ε’ίδη,
2539 599 2627 654 καὶ
2680 602 2734 654 αἱ
2787 602 2903 655 καθ’
2956 598 3177 655 ἕκαστον
3229 599 3448 669 κτίσεις,
3500 599 3613 653 οἷον
3663 601 3719 653 αἱ
3754 601 3907 675 ἀγγε-

2260 686 2410 742 λικαὶ
2468 690 2663 759 τάξεις,
2720 690 2809 743 xui
2864 690 2931 744 τά
3002 689 3231 756 αἰσθητά
3297 688 3489 757 πάντα,
3548 689 3753 751 εἰκόνες
3808 691 3908 744 εἰσὶ

2259 776 2348 829 xui
2384 778 2712 850 ὁμοιώματα
2742 783 2848 832 τῶν
2898 778 3051 842 θείων
3106 776 3286 846 ἰδεῶν,
3328 777 3449 849 ἤτοι
3500 777 3912 855 παραδείγματα

2259 870 2367 919 τῶν
2420 866 2469 920 έν
2524 872 2618 937 τῷ,
2688 869 2838 922 ἅτινα
2892 865 3321 943 παραδείγματα,
3357 869 3410 921 αἱ
3471 866 3639 923 ἀΐδιοι
3697 870 3913 937 νοήσεις

2263 953 2360 1017 eici
2389 960 2484 1009 τοῦ
2517 962 2673 1023 Θεοῦ,
2723 954 2794 1011 δι’
2842 957 2902 1019 ἃς
2960 959 3047 1012 καὶ
3093 959 3211 1021 καθ’
3264 957 3324 1019 ἃς
3376 958 3582 1011 ἅπαντα
3632 959 3699 1025 ἦν
3730 957 3781 1010 έν
3816 957 3914 1012 αῦ-

2264 1048 2362 1115 τῴ,
2395 1045 2505 1119 οὑχ
2550 1042 2708 1115 ἕτερα
2759 1041 2885 1100 ὅντα
2935 1046 3124 1114 αὐτοῦ,
3153 1046 3242 1100 καὶ
3293 1048 3641 1121 παραχθέντα
3672 1046 3915 1121 γέγονεν,

2266 1134 2340 1194 ὡς
2372 1133 2461 1187 καὶ
2494 1134 2545 1188 ἐν
2578 1139 2645 1208 τῇ
2692 1134 3065 1208 Ἀποκαλύψει
3111 1137 3137 1190 6
3189 1134 3461 1199 θειότατος
3494 1136 3752 1203 Ἰωάννης
3784 1132 3920 1211 φησί

2264 1244 2387 1277 τινα
2414 1228 2519 1278 τῶν
2572 1220 2952 1300 πρεσϐυτάτων
3005 1223 3249 1301 ἀγγέλων
3302 1225 3471 1279 εἰπεῖν
3519 1224 3687 1297 αὐτῷ,
3736 1223 3820 1277 ὅτι
3854 1226 3921 1277 τὰ

2265 1314 2437 1367 πάντα
2461 1314 2596 1381 ἦσαν
2628 1314 2717 1367 καὶ
2758 1314 3033 1388 γέγόνασι,
3065 1315 3159 1376 τάς
3206 1312 3349 1378 ἰδέας
3379 1312 3580 1389 λέγων,
3616 1315 3699 1367 ὅτι
3731 1313 3869 1381 ἦσαν
3905 1332 3918 1345 ·

2265 1402 2479 1463 καὶτὰς
2538 1402 2748 1465 εἰκόνας
2807 1404 2896 1457 καὶ
2956 1405 3021 1458 τά
3070 1403 3400 1477 ὁμοιώματα
3445 1408 3553 1457 τῶν
3596 1400 3755 1457 ἰδεῶν
3790 1402 3919 1470 ἤτοι

2267 1488 2742 1566 παραδειγμάτων,
2770 1494 2837 1546 τὰ
2871 1493 3133 1568 γεγονότα
3180 1493 3376 1548 πάντα.
3412 1495 3537 1549 Τῶν
3568 1493 3669 1568 γάρ
3702 1496 3922 1559 νοητῶν

2264 1580 2330 1634 τά
2369 1582 2529 1655 νοερὰ
2579 1580 2799 1649 εἰκόνες,
2853 1582 2943 1636 καὶ
2992 1586 3099 1637 τῶν
3150 1576 3604 1652 ὑπερϐεϐηκότων
3658 1582 3726 1633 τὰ
3787 1580 3921 1634 ὑπο-

2267 1664 2561 1739 ϐεϐηκότα.
2598 1672 2745 1726 Κατά
2791 1671 3063 1748 ἀφαίρεσιν
3123 1672 3214 1724 οὗν
3258 1671 3463 1726 τούτων
3507 1672 3724 1724 πάντων
3754 1669 3919 1746 (ἀφῄ-

2269 1779 2427 1834 ρηται
2479 1760 2581 1834 γὰρ
2636 1764 2743 1813 τῶν
2808 1757 2979 1814 ὄντων
3034 1760 3061 1813 6
3111 1761 3262 1831 Θεὸς,
3312 1758 3463 1813 οὐδὲν
3524 1756 3597 1812 ὣν
3657 1764 3768 1813 τῶν
3835 1760 3922 1812 ὑπ’

493 1871 627 1909 cum
678 1853 821 1907 nihil
872 1855 949 1909 sit
999 1871 1201 1909 eorum
1254 1872 1381 1925 quae
1434 1854 1665 1921 creavit,
1718 1853 1816 1908 sed
1878 1849 2155 1905 omnibus

2271 1848 2430 1902 αὐτοῦ
2489 1849 2835 1919 κτισθέντων,
2891 1847 3018 1904 ἀλλ’
3065 1849 3285 1925 ἀφάτως
3347 1848 3626 1924 ὑπερέχων
3679 1849 3924 1920 πάντων)

491 1942 869 1998 ineﬂ'abiliter
897 1943 1209 2014 excellens)
1234 1961 1333 2016 per
1349 1943 1751 2000 excellentiam
1784 1939 2153 2012 cognoscitur

491 2031 667 2087 Deus.

568 2142 654 2194 Ex
699 2142 874 2211 ipsius
920 2144 1144 2197 natura.
1178 2142 1325 2197 Nota
1374 2141 1763 2197 necessariam
1814 2136 2152 2194 facilitatem

495 2230 567 2285 ad
600 2229 836 2301 pietatis
868 2230 1291 2287 defensionem.

564 2340 630 2391 Et
672 2339 941 2407 imagines
974 2338 1263 2408 quasdam.
1303 2340 1418 2393 Hoc
1442 2337 1567 2393 loco
1602 2353 1703 2409 per
1732 2336 1928 2391 divina
1959 2348 2153 2389 exem-

495 2425 681 2496 plaria
739 2426 1131 2499 intelligendas
1163 2432 1306 2482 sunt
1335 2426 1972 2497 praedeterminatiooes
2004 2440 2153 2494 qua-

494 2532 625 2569 rum
686 2532 779 2570 res
838 2522 1040 2571 creata:
1092 2517 1379 2588 imagines
1431 2522 1589 2572 sunt.
1644 2516 1960 2586 Apostolus
2009 2530 2153 2585 prai-

494 2603 791 2660 ﬁniliones
835 2604 1079 2670 vocavit,
1126 2610 1193 2660 ut
1240 2605 1299 2659 in
1352 2606 1610 2676 Epistola
1640 2606 1711 2659 ad
1742 2604 2023 2676 Ephesios
2056 2604 2151 2673 (y),

495 2692 737 2749 dicens:
789 2694 1100 2749 Secundum
1131 2694 1562 2766 praeﬁnitionem
1591 2695 1943 2750 saeculorum.
1977 2696 2154 2747 Porro

496 2782 556 2835 in
611 2784 909 2852 omnibus,
962 2782 1187 2838 scilicet
1246 2784 1549 2849 creaturis,
1602 2783 1995 2854 cognoscitur,
2044 2780 2154 2836 sic-

500 2876 565 2925 ut
622 2872 829 2926 artifex
890 2872 947 2925 in
1008 2871 1079 2926 iis
1140 2888 1266 2941 quae
1327 2876 1449 2926 arte
1508 2870 1851 2926 elaboravit.
1911 2871 2155 2925 Prorsus

498 2975 632 3014 vero
664 2965 954 3030 quantum
988 2961 1060 3014 ad
1093 2960 1412 3014 essentiam
1446 2965 1752 3031 separatus
1772 2960 1948 3014 estab
1966 2958 2153 3013 omni-

496 3050 633 3115 bus,
666 3056 722 3102 et
750 3049 968 3103 idcirco
999 3065 1131 3103 cum
1163 3049 1240 3103 sit
1271 3050 1548 3120 operibus
1580 3050 1842 3119 ignotus,
1878 3048 2154 3117 ignoran-

497 3139 578 3192 tia
618 3138 1011 3208 cognoscitur,
1048 3138 1203 3193 sicut
1252 3138 1428 3193 etiam
1478 3144 1882 3193 creaturarum
1934 3134 2155 3191 intelle-

498 3226 689 3280 ctione
714 3230 770 3280 et
799 3227 1131 3296 cognitione
1165 3243 1292 3298 quae
1324 3228 1629 3282 scientiam
1663 3227 1834 3299 parit.
1868 3227 1998 3281 Haec
2043 3225 2149 3279 ita-
2183 3251 2227 3319 ρ

494 3332 607 3386 que
640 3332 949 3371 resumens
978 3317 1279 3386 conjunxit
1320 3334 1447 3387 quae
1498 3320 1829 3387 sequuntur
1874 3317 1943 3371 ad
1996 3315 2151 3369 idem

493 3405 775 3467 Quoniam
810 3406 868 3458 in
904 3405 1019 3460 Deo
1054 3406 1195 3460 idem
1228 3406 1575 3461 animalium
1623 3411 1679 3461 et
1728 3406 1993 3461 omnium
2024 3420 2152 3474 quae

494 3494 554 3547 in
585 3499 796 3548 natura
826 3493 1067 3549 omnino
1100 3499 1259 3562 sunt,
1307 3512 1423 3549 non
1476 3496 1616 3550 item
1664 3494 1839 3549 veluti
1886 3491 2155 3563 singulo-

494 3599 624 3636 rum
657 3583 882 3653 species
932 3588 987 3637 et
1038 3583 1355 3638 simulacra
1404 3601 1605 3638 eorum
1657 3600 1782 3654 quae
1824 3581 1942 3636 illic
1973 3584 2150 3648 sunt;

493 3688 627 3725 nam
660 3675 872 3726 cuncta
902 3688 1028 3741 quas
1064 3671 1152 3726 hic
1184 3678 1344 3736 sunt,
1377 3677 1518 3727 sunt
1577 3689 1780 3727 eorum
1832 3688 1959 3742 quis
2009 3668 2151 3736 illic,

492 3760 850 3827 simulacra;
886 3760 1177 3831 siquidem
1212 3766 1268 3815 et
1299 3762 1429 3833 ipsa
1469 3762 1667 3817 anima
1715 3765 1916 3816 nostra
1964 3760 2155 3831 imago

493 3854 583 3903 est
613 3865 677 3903 ac
708 3848 1091 3904 simulacrum
1124 3849 1284 3904 ideae.

572 3960 639 4011 Et
695 3973 792 4027 per
846 3956 1209 4026 cognitionem
1273 3957 1436 4011 Deus.
1482 3958 1782 4022 Quomodo
1842 3956 1998 4011 Deus
2055 3972 2158 4027 per

496 4046 790 4100 contraria
839 4052 1246 4117 cognoscatur,
1286 4050 1344 4101 et
1375 4063 1477 4117 per
1509 4045 1933 4100 afﬁrmationes
1981 4050 2157 4115 atque

496 4134 854 4203 negationes,
893 4136 1285 4204 percurrendo
1328 4134 1607 4190 declarat.
1640 4134 1756 4188 Etsi
1789 4133 1944 4188 enim
1978 4134 2157 4189 etiam

498 4225 772 4293 superius
815 4225 871 4278 in
925 4225 1117 4295 capite
1164 4225 1349 4295 primo
1399 4223 1630 4289 dixerit,
1666 4222 1811 4276 nihil
1843 4239 1971 4277 esse
2003 4223 2157 4292 quod

499 4312 597 4366 Dei
650 4314 967 4369 essentiam
1023 4320 1443 4384 reprzesentare
1483 4318 1680 4383 queat,
1713 4327 1900 4381 neque
1931 4310 2159 4365 intelle-

494 4402 769 4472 ctionem,
803 4419 990 4473 neque
1023 4408 1264 4469 tactum,
1300 4418 1487 4473 neque
1517 4400 2023 4473 imaginationem,
2055 4416 2159 4455 ne—

499 4506 611 4559 que
664 4490 1023 4561 Opinionem,
1060 4507 1165 4545 nec
1202 4491 1452 4560 denique
1484 4491 1681 4545 omnia
1712 4507 1837 4561 quae
1867 4489 1946 4544 ibi
1979 4494 2037 4544 et
2065 4489 2160 4543 hic

496 4578 725 4645 dixerit,
760 4596 886 4649 quae
933 4580 1108 4633 etiam
1149 4578 1267 4634 illic
1298 4579 1761 4650 explicavimus;
1814 4596 1966 4634 nunc
2019 4578 2161 4635 dicit

498 4671 681 4721 Deum
715 4668 892 4721 etiam
928 4685 1030 4739 per
1062 4667 1162 4723 illa
1191 4685 1317 4739 quae
1369 4668 1449 4723 ibi
1500 4674 1707 4740 negata
1755 4679 1913 4737 sunt,
1947 4685 2157 4741 cogno-

498 4756 604 4827 sci,
632 4773 746 4811 non
779 4757 1018 4828 quidem
1051 4760 1181 4828 ejus
1210 4759 1627 4824 essentiam,et
1656 4775 1685 4813 e
1717 4758 2008 4814 contrario
2025 4776 2161 4814 eum

498 4846 646 4902 nihil
696 4844 929 4900 illorum
993 4846 1206 4902 habere
1264 4848 1415 4903 I92
1470 4854 1531 4901 ut
1584 4847 2159 4919 comprehendatur:

500 4937 697 5007 itaque
730 4940 793 4990 ut
824 4937 1090 4991 omnium
1138 4942 1362 5005 auctor,
1396 4954 1461 4991 ex
1495 4938 1565 4991 iis
1599 4953 1729 5007 qua:
1760 4937 2034 5008 produxit
2064 4953 2162 4991 co-

500 5026 835 5096 gnoscitur;
874 5031 938 5080 ut
978 5042 1111 5080 vero
1145 5026 1289 5079 nihil
1322 5030 1411 5080 est
1440 5042 1640 5081 eorum
1692 5043 1818 5097 quae
1870 5026 2163 5097 produxit,

503 5120 701 5169 manet
732 5116 803 5170 ab
836 5116 1115 5170 omnibus
1147 5114 1419 5185 ignotus;
1454 5117 1748 5186 quomodo
1780 5120 1973 5169 autem
2002 5114 2163 5185 igno-

500 5203 727 5258 ratione
755 5208 1165 5275 cognoscatur,
1186 5204 1279 5259 hic
1312 5203 1473 5275 dicit,
1498 5209 1553 5260 et
1584 5204 1856 5276 superius
1888 5204 1946 5259 in
1978 5204 2166 5276 capite

500 5292 760 5347 secundo
792 5293 1018 5349 dictum
1049 5299 1157 5349 est.

570 5401 635 5455 Et
678 5414 853 5471 neque
902 5399 1272 5473 intelligitur.
1308 5401 1450 5459 Nam
1498 5418 1602 5474 per
1648 5407 1840 5458 creata
1886 5400 2166 5473 intelligi-

504 5508 660 5561 mus,
690 5492 999 5550 scientiam
1030 5494 1422 5567 attingimus;
1452 5495 1742 5552 habemus
1782 5500 1965 5551 Deum
2016 5512 2165 5552 esse-

576 5728 655 5801 (y)
682 5727 817 5800 Cap.
843 5743 929 5797 ιιι,
960 5742 1012 5785 v.
1043 5727 1127 5783 11.

2268 1940 2613 2014 ὑπεροχικῶς
2641 1942 2959 2013 γινώσκεται
2987 1939 3014 1992 6
3047 1938 3197 2000 Θεός.

2332 2137 2427 2192 Ἐκ
2481 2142 2580 2204 τῆς
2658 2136 2825 2190 αὐτοῦ
2901 2135 3134 2213 φύσεως.
3216 2136 3535 2208 Σημείωσαι
3617 2135 3914 2209 ἀναγκαῖον

2262 2226 2559 2303 πρόχειρον
2594 2226 2667 2289 εἰς
2702 2222 2976 2289 εὐσεϐείας
3010 2226 3337 2302 ἀπολογίαν.

2336 2335 2411 2408 [α]
2447 2334 2545 2388 Καὶ
2578 2333 2786 2396 εἰκόνας
2832 2334 3004 2396 τινάς.
3062 2336 3320 2390 Ἐνταῦθα
3360 2336 3477 2389 θεῖα
3506 2331 3924 2409 παραδείγματα

2262 2421 2389 2484 τοὺς
2437 2423 2814 2497 προορισμοὺς
2883 2421 3208 2493 ἐκληπτέον,
3289 2425 3364 2477 ὧν
3439 2423 3642 2483 εἰκόνες
3698 2425 3767 2477 tu
3824 2426 3924 2486 τῆς

2263 2512 2490 2573 κτίσεως
2553 2510 2987 2584 ἀποτελέσματα.
3037 2512 3172 2574 Τοὺς
3214 2509 3271 2567 δέ
3314 2510 3690 2587 προορισμοὺς
3718 2512 3924 2585 προθέ-

2264 2621 2376 2662 σεις
2410 2599 2659 2655 ἐκάλεσεν
2693 2602 2721 2654 6
2754 2600 3114 2669 Ἀπόστολος,
3167 2601 3242 2664 ὡς
3272 2600 3325 2655 ἐν
3358 2604 3425 2665 τῆ
3462 2602 3598 2672 πρὸς
3629 2600 3920 2677 Ἐφεσίους

2266 2688 2455 2747 εἰπὼν.
2491 2692 2638 2746 Κατά
2670 2690 2921 2765 πρόθεσιν
2965 2695 3071 2744 τῶν
3123 2690 3358 2746 αἰώνων.
3412 2692 3497 2745 Ἐν
3549 2694 3680 2743 πᾶσι
3713 2686 3773 2742 δέ
3804 2695 3923 2749 τοῖς

2263 2779 2523 2851 κτίσμασι
2556 2777 2770 2849 δηλαδὴ
2805 2782 2857 2853 [6
2907 2781 3055 2853 Θεὸς]
3104 2781 3442 2856 γινώσκεται,
3494 2780 3567 2840 ὡς
3599 2779 3627 2833 6
3658 2777 3924 2853 τεχνίτης

2266 2869 2316 2923 ἐν
2349 2875 2465 2929 τοῖς
2494 2875 2808 2944 τεχνητοῖς.
2839 2872 3019 2939 Ιιάντη
3052 2867 3109 2923 δέ
3138 2869 3549 2944 κεχώρισταιτὸ
3581 2869 3700 2922 κατ’
3734 2866 3924 2922 οὐσίαν

2262 2962 2370 3011 τῶν
2400 2958 2615 3013 πάντων
2651 2979 2664 2991 ·
2700 2959 2980 3014 κάντεῦθεν
3027 2959 3302 3033 ἄγνωστος
3350 2956 3421 3011 ὣν
3454 2963 3571 3020 τοῖς
3598 2962 3925 3031 τεχνητοῖς,

2266 3048 2324 3101 ἐκ
2353 3054 2453 3117 τῆς
2480 3048 2783 3120 [τοιαύτης]
2808 3049 3079 3123 ἀγνωσίας
3106 3049 3450 3124 γινώσκεται,
3484 3048 3665 3120 ὥσπερ
3699 3046 3794 3099 οῦν
3832 3046 3921 3099 xui

2266 3134 2355 3191 διὰ
2400 3144 2501 3206 τῆς
2550 3138 2657 3190 τῶν
2705 3138 3015 3208 κτισμάτων
3060 3135 3488 3209 έπιστημονικῆς
3534 3136 3928 3205 κατανοήσεώς

2264 3248 2321 3281 τε
2352 3227 2440 3280 καὶ
2488 3227 2762 3300 γτώσεως,
2814 3230 2995 3283 Ταῦτα
3047 3227 3141 3281 οὗν
3190 3221 3663 3298 ἐπαναλαμϐάνων
3715 3229 3931 3298 συνῆψε

2266 3317 2333 3369 τὰ
2376 3311 2615 3386 ἑπόμενα
2659 3314 2734 3376 εἰς
2790 3316 2852 3369 τὸ
2896 3315 3047 3370 αὐτό.
3254 3313 3481 3382 Ἐπειδὴ
3532 3314 3625 3369 καὶ
3672 3314 3729 3369 αἱ
3786 3312 3928 3369 ἰδέαι

2262 3408 2367 3458 τῶν
2399 3405 2552 3471 ζώων
2608 3404 2657 3458 ἐν
2717 3410 2796 3475 τῷ
2854 3403 2969 3476 Θεῷ
3016 3404 3106 3458 καὶ
3160 3404 3375 3458 πάντων
3420 3408 3528 3458 τῶν
3575 3404 3712 3458 κατά
3764 3404 3927 3479 φύσιν

2264 3493 2365 3547 εἰσί
2388 3491 2652 3559 καθόλου,
2685 3492 2812 3547 ἀλλ’
2860 3492 2965 3547 οὐχ
3015 3493 3088 3553 ὡς
3143 3497 3249 3546 τῶν
3296 3494 3412 3546 καθ’
3462 3488 3659 3546 ἐκαστα
3710 3490 3921 3547 ε’ίδωλα

2261 3583 2349 3637 καὶ
2385 3582 2714 3655 ὁμοιώματά
2746 3582 2846 3636 εἰσι
2876 3585 2984 3634 τῶν
3032 3579 3142 3635 ἐκεῖ
3188 3581 3256 3635 τὰ
3302 3579 3528 3635 ἐνταῦθα
3562 3601 3573 3612 ·
3605 3580 3786 3634 πάντα
3819 3583 3928 3656 γὰρ

2261 3673 2327 3726 τὰ
2357 3670 2464 3726 ὧδε
2496 3669 2698 3727 εἳδωλα
2719 3677 2825 3726 τῶν
2862 3670 3006 3725 ἐκεῖ·
3041 3672 3075 3739 ἡ
3119 3671 3222 3744 γὰρ
3262 3670 3415 3744 ψυχὴ
3458 3671 3544 3725 καὶ
3580 3670 3719 3739 αὕτη
3760 3671 3924 3725 εἰκὼν

2262 3762 2349 3815 καὶ
2384 3761 2642 3834 ὁμοίωμα
2676 3764 2775 3825 τῆς
2809 3758 2974 3822 ἰδέας.

2338 3960 2411 4031 [γ]
2447 3957 2547 4012 Καὶ
2584 3953 2671 4009 διὰ
2700 3956 2950 4030 γνώσεως
2982 3955 3009 4009 6
3049 3954 3199 4017 Θεός.
3246 3958 3370 4016 Πῶς
3402 3952 3491 4008 διὰ
3518 3959 3624 4009 τῶν
3659 3954 3927 4009 ἐναντίων

2264 4044 2582 4120 γινώσκεται
2636 4046 2663 4099 6
2722 4046 2873 4112 Θεὸς,
2933 4044 3023 4097 καὶ
3080 4041 3169 4097 διά
3224 4048 3331 4097 τῶν
3394 4044 3613 4111 θέσεων,
3672 4044 3767 4097 καὶ
3815 4048 3929 4098 τῶν

2266 4136 2625 4212 ἀφαιρέσεων,
2660 4131 2827 4203 δηλοῖ
2875 4133 3099 4203 ἐπεξιὼν
3148 4132 3282 4187 αὐτά
3316 4152 3327 4163 ·
3374 4131 3423 4186 εἰ
3466 4132 3566 4207 γὰρ
3598 4132 3689 4186 καὶ
3725 4130 3843 4186 ἅνω
3878 4132 3930 4187 ἐν

2264 4228 2345 4296 τῷ
2388 4223 2591 4297 πρώτῳ
2640 4219 2920 4298 κεφαλαίῳ
2981 4224 3119 4289 εἷπε,
3183 4219 3353 4294 μηδὲν
3406 4221 3539 4275 εἶναι
3595 4224 3695 4288 τῆς
3744 4220 3936 4282 οὐσίας

2265 4318 2361 4367 τοῦ
2395 4317 2526 4367 Θεοῦ
2571 4312 2989 4385 παραστατικὸν,
3043 4313 3118 4383 μή
3172 4311 3379 4381 νόησιν,
3436 4311 3509 4384 μὴ
3563 4310 3805 4386 ἐπαφὴν,
3857 4314 3935 4385 μή

2270 4401 2579 4478 φαντασίαν,
2625 4401 2698 4473 μὴ
2733 4397 2907 4472 δόξαν,
2945 4396 3073 4472 μηδ’
3126 4398 3225 4453 ὅσα
3272 4396 3371 4475 ἔφη
3417 4399 3526 4453 ἐκεῖ
3554 4399 3643 4453 xui
3677 4399 3935 4467 ἐνταῦθα,

2270 4493 2419 4546 ἅτινα
2447 4490 2536 4545 καὶ
2585 4490 3002 4565 ἡρμηνεύσαμεν
3063 4488 3115 4543 έν
3174 4488 3402 4550 ἐκείνοις
3438 4510 3451 4522 ι
3510 4493 3601 4541 νῦν
3650 4487 3804 4562 λέγει
3836 4490 3933 4543 xui

2272 4578 2359 4635 διὰ
2387 4585 2495 4634 τῶν
2530 4578 2639 4632 ἐκεῖ
2687 4579 3151 4653 ἀπηγορευμένων
3202 4579 3558 4652 γινώσκεσθαι
3606 4576 3698 4630 τὸν
3744 4580 3884 4633 Θεόν
3922 4598 3936 4609 ·

2274 4669 2334 4725 οὐ
2371 4671 2476 4742 μὴν
2522 4670 2623 4736 τὴν
2674 4668 2855 4721 οὐσίαν
2904 4667 3068 4721 αὐτοῦ
3102 4687 3114 4699 ⁸
3170 4668 3260 4721 xui
3305 4666 3469 4722 πάλιν
3530 4664 3699 4740 μηδὲν
3763 4666 3936 4722 αὐτὸν

2276 4755 2421 4833 ἔχειν
2452 4757 2661 4812 τούτων
2696 4758 2771 4819 εἰς
2805 4755 3134 4831 κατάληψιν.
3168 4758 3255 4818 Ὧς
3295 4757 3389 4829 μὲν
3424 4756 3513 4811 οὗν
3546 4754 3722 4817 αἴτιος
3756 4758 3938 4811 ἀπάν-

2270 4869 2403 4914 των,
2437 4846 2755 4921 γινώσκεται
2788 4856 2847 4901 εκ
2901 4844 3009 4900 τῶν
3057 4845 3106 4918 ἐξ
3166 4845 3328 4900 αὐτοῦ
3363 4865 3377 4878 ·
3428 4847 3503 4907 ὡς
3556 4843 3612 4899 δέ
3644 4843 3822 4918 μηδὲν
3857 4846 3937 4899 ὣν

2270 4941 2377 4992 τῶν
2412 4936 2462 5006 ἐξ
2494 4936 2681 5008 αὺτοῦ,
2734 4938 2877 5009 μένει
2930 4935 3294 5011 ἀγνοούμενος
3352 4936 3454 4989 ὑπὸ
3501 4934 3720 4989 πάντων
3760 4956 3771 4969 ·
3808 4941 3939 4997 πῶς

2274 5024 2330 5081 δέ
2388 5026 2477 5080 καὶ
2536 5024 2625 5080 διὰ
2678 5033 2781 5094 τῆς
2837 5025 3098 5099 ἀγνωσίας
3156 5026 3497 5100 γινώσκεται,
3557 5025 3647 5078 καὶ
3699 5022 3944 5079 ἐνταῦθά

2274 5138 2428 5193 φησι,
2460 5115 2547 5169 καὶ
2580 5115 2831 5190 ἀνωτέρω
2864 5112 3071 5188 εἷ’ρηται
3104 5115 3155 5170 έν
3186 5113 3465 5193 κεφαλαίῳ
3497 5110 3753 5189 δευτέρῳ.

2345 5403 2453 5459 Καὶ
2513 5401 2634 5458 οὔτε
2680 5406 2907 5457 νοεῖται.
2967 5402 3064 5455 Διά
3109 5400 3213 5475 γὰρ
3268 5404 3374 5455 τῶν
3437 5397 3943 5475 δεδημιουργημέ-

2276 5515 2381 5549 νων
2410 5497 2661 5566 νοοῦμεν,
2696 5490 3045 5567 ὲφαπτόμεθα
3095 5493 3193 5560 τῆς
3237 5490 3567 5565 ἐπιστήμης,
3602 5488 3809 5567 ἔχομέν
3847 5493 3941 5549 ὅτι
