4080 6366
164 380 253 434 353
908 384 967 436 S.
1010 383 1277 435 MAXIM!
1316 382 1618 436 SCHOLIA
1657 381 1729 433 IN
1770 377 1903 429 LIB.
1946 378 2037 429 DE
2077 378 2351 431 DIVINIS
2392 378 2804 433 NOMINIBUS.

3461 380 3565 434 354

164 506 275 566 Θεὸς
304 500 440 560 ἔστι.
475 503 578 566 Τίς
612 501 691 576 δὲ,
722 503 757 573 ἢ
781 504 1094 575 ποταπὸς,ἢ
1125 502 1366 574 πηλίκος
1399 504 1556 566 αὐτὸς
1588 504 1616 558 6
1648 502 1801 571 Θεὸς,

1920 501 2061 568 Quis
2094 508 2312 594 autem,
2347 507 2447 558 aut
2472 503 2801 574 qualis,aut
2832 509 3091 575 quantus
3124 506 3201 561 sit
3232 506 3355 578 ipse
3389 512 3563 594 Deus,

164 592 270 648 οὔτε
323 598 583 666 νοοῦμεν,
619 592 743 649 οὔτε
795 593 1160 666 ὀνομαζομεν,
1194 590 1316 648 οὔτε
1358 598 1436 664 νῷ
1481 592 1515 661 ἢ
1560 592 1802 661 αἰσθήσει

163 678 671 756 καταλαμϐάνομεν.
705 685 936 755 ’Ὀμοιον
970 684 1069 757 γὰρ
1101 682 1280 755 τούτῳ
1311 682 1422 736 ἐστὶ
1472 682 1556 736 καὶ
1588 680 1649 735 τό
1669 701 1681 712 ·
1717 681 1805 736 Ἐν

162 772 301 827 πᾶσίν
335 771 480 827 ἐστιν
516 774 543 827 6
578 773 730 844 Θεὸς,
760 771 846 826 καὶ
879 772 931 826 ἐν
961 768 1141 826 οὐδενὶ
1172 777 1279 825 τῶν
1311 772 1524 825 πάντων
1559 770 1691 824 ἐστί.

223 869 357 916 [iam
388 863 492 930 τὴν
528 862 660 936 ὑπὲρ
692 865 810 915 νοῦν
853 856 1064 917 ἕνωσιν.
1096 862 1433 933 Σημείωσαι,
1463 859 1544 913 ὅτι
1577 858 1711 913 κατᾶ
1736 858 1805 913 τὰ

163 950 689 1025 προπαρατεθειμὲνα
732 952 831 1019 τὴν
881 946 1072 1004 ἕνωσιν
1124 944 1286 1004 ἔλαϐε
1330 952 1428 1017 τῆς
1490 949 1621 1015 ὑπὲρ
1677 952 1800 1001 νοῦν

161 1045 243 1094 τοῦ
270 1044 406 1095 Θεοῦ
442 1039 697 1113 θεωρίας.

222 1130 360 1199 Αὕτη
401 1128 507 1204 γάρ
539 1128 649 1183 ἐστι
679 1128 815 1183 κατά
860 1129 921 1183 τὸ
965 1126 1189 1203 Λόγιον.
1221 1132 1391 1182 Τοῦτο
1440 1127 1526 1181 καὶ
1590 1125 1649 1181 ἐκ
1703 1133 1804 1195 τῆς

163 1217 350 1294 Σοφίας
407 1216 779 1290 Σολομῶντός
838 1216 1003 1288 ἐστιν,
1046 1214 1169 1280 ἔνθα
1218 1215 1429 1292 λέγεται
1479 1220 1715 1291 τεχνῖτις
1764 1218 1799 1284 ἡ

160 1307 303 1385 σοφία
331 1311 441 1361 τὼν
476 1306 817 1361 πάντων·καὶ
850 1305 908 1359 ἐκ
936 1310 1043 1360 τῶν
1079 1304 1560 1378 Παροιμιῶν,ἕνοα
1593 1302 1801 1378 ε’ίρηται

155 1395 211 1451 ἐκ
236 1402 329 1464 τῆς
370 1396 580 1473 Σοφίας
609 1415 620 1427 ·
658 1395 797 1469 Ἐγὼ
849 1393 1001 1468 ἤμην
1062 1393 1377 1470 ἁρμόζουσα
1427 1394 1554 1468 παρ’
1604 1392 1751 1464 αὐτῷ
1784 1413 1795 1425 ’

160 1486 239 1539 καὶ
267 1486 292 1539 6
324 1480 515 1538 Δαϐίδ·
552 1485 731 1539 Πάντα
762 1483 812 1539 ἐν
848 1483 1009 1561 σοφίᾳ
1039 1482 1323 1554 ἐποίησας.

220 1573 395 1649 Λόγος
456 1571 515 1627 δὶ
574 1574 601 1628 6
651 1572 803 1635 Θεός.
834 1572 962 1648 Περὶ
1019 1575 1115 1627 τοῦ
1164 1576 1298 1627 Θεοῦ
1344 1571 1546 1648 Λόγου,
1571 1571 1659 1625 καὶ
1713 1567 1801 1625 διὰ

157 1663 202 1718 τί
244 1662 457 1738 λέγεται
515 1660 701 1737 λόγος,
736 1662 789 1717 τί
848 1659 1121 1731 δηλούσας
1181 1668 1280 1731 τῆς
1307 1660 1563 1732 τοιαύτης
1596 1662 1799 1734 ὀνομα-

161 1752 283 1824 σίας,
309 1752 402 1806 καὶ
452 1753 578 1825 μίαν
636 1751 809 1806 αἰτίαν
867 1749 1092 1806 ἐνταῦθά
1147 1772 1301 1829 φησι,
1332 1752 1453 1815 καθ’
1481 1752 1542 1820 ἦν
1598 1750 1799 1823 ὀνομά-

164 1848 287 1911 ζεται
322 1839 517 1917 λόγος,
550 1838 640 1895 διὰ
668 1841 729 1895 τὸ
758 1841 851 1903 τὰς
897 1846 1002 1895 τῶν
1046 1836 1213 1895 ὄντων
1265 1839 1473 1895 πάντων
1524 1840 1701 1904 αἰτίας
1747 1840 1797 1895 ἐν

162 1931 320 2002 istith
371 1927 520 2005 ἔχειν
558 1951 569 1961 ·
602 1930 652 1985 οἱ
702 1930 803 2006 γὰρ
846 1927 1002 2004 λόγοι
1033 1930 1241 2006 φύσεως
1272 1931 1482 1998 ἀπάσης
1542 1928 1593 1984 ἐν
1655 1929 1801 2001 αὐτῷ

168 2018 308 2087 εἰσιν,
342 2019 422 2082 ὡς
479 2018 642 2091 αἰτίῳ
699 2020 880 2089 πάσης
940 2016 1321 2094 δημιουργίας
1357 2016 1426 2072 δι’
1478 2017 1641 2073 αὐτοῦ
1698 2020 1803 2094 γὰρ

166 2108 422 2162 riuis-:1
456 2126 469 2141 ⁶
499 2105 552 2160 αἳ
591 2128 648 2161 τε
696 2107 799 2183 γὰρ
853 2104 1012 2175 ἰδέαι,
1040 2106 1129 2161 καὶ
1180 2108 1245 2160 τά
1292 2105 1704 2183 παραδείγματα
1754 2106 1805 2162 ἐν

166 2197 321 2269 αὐτῷ,
356 2197 466 2273 οὐχ
490 2194 646 2271 ἕτερα
676 2196 726 2251 ἂν
762 2195 946 2270 ἑτέρῳ,
980 2196 1125 2251 ἀλλά
1155 2198 1371 2266 νοήσεις
1400 2194 1566 2250 ἀίδιοι
1627 2195 1802 2270 οῦσαι,

163 2288 239 2339 καὶ
288 2283 450 2361 λόγοι
500 2288 781 2347 ποιοῦντες
826 2286 892 2339 τά
922 2284 1113 2353 πάντα,
1145 2284 1388 2340 τουτέστι
1419 2284 1575 2362 φύσις
1599 2305 1611 2318 ’
1646 2286 1733 2339 καὶ
1767 2288 1801 2355 ἡ

162 2374 304 2451 enim;
354 2375 460 2450 γὰρ
513 2372 698 2446 λόγος,
752 2372 924 2428 αἴτίαν
976 2370 1117 2449 ἔχων
1163 2372 1251 2428 καὶ
1298 2373 1451 2450 φύσιν
1481 2377 1543 2443 ⁸ο,
1579 2374 1651 2435 ὡς
1707 2372 1806 2428 οὐκ

162 2464 263 2518 εἰκῖ
316 2466 407 2517 καὶ
468 2463 644 2537 μάτην
695 2464 749 2517 αἱ
801 2463 984 2537 φύσεις
1021 2467 1128 2516 τῶν
1173 2458 1339 2517 ὄντων
1394 2462 1513 2519 εἰσί.
1544 2463 1697 2537 Λέγει
1748 2460 1805 2516 δὲ

162 2543 308 2598 αὐτὸν
345 2544 545 2617 Λόγον,
578 2543 667 2597 καὶ
700 2542 773 2603 ὠς
824 2540 914 2597 διὰ
970 2544 1183 2596 πάντων
1240 2546 1527 2618 χωροῦντα
1584 2542 1805 2596 ἀκωλύ-

158 2653 278 2703 τως,
308 2632 401 2686 καὶ
433 2634 605 2686 πάντα
635 2631 934 2707 περιιόντα,
967 2630 1055 2685 καὶ
1091 2633 1257 2705 μέχρι
1287 2636 1395 2685 τῶν
1430 2630 1697 2706 ἐσχάτων,
1729 2632 1803 2694 ὡς

162 2720 207 2775 ἐν
234 2726 299 2795 τῇ
333 2721 474 2794 πρὸς
506 2716 789 2795 Ἑϐραίους
824 2740 835 2752 ·
870 2723 983 2777 Ζῶν
1012 2721 1112 2796 γὰρ
1144 2722 1172 2774 6
1204 2719 1373 2795 λόγος
1420 2720 1510 2774 καὶ
1560 2720 1802 2796 ἐνεργής,

159 2812 237 2865 καὶ
266 2814 333 2865 τὰ
368 2812 512 2882 ἑξῆς.

221 2902 396 2962 Οὗτος
434 2902 462 2955 6
498 2900 675 2975 Λόγος
714 2898 877 2956 ἐστίν.
910 2903 1030 2954 ’Ότι
1091 2902 1118 2954 6
1176 2900 1305 2963 Θεὸς
1363 2899 1559 2975 Λόγος,
1588 2902 1621 2970 ἡ
1674 2900 1803 2955 αὐτὸ

158 2992 235 3043 καὶ
266 2996 347 3062 τῷ
374 2986 491 3044 ὄντι
525 2992 569 3027 ⁵1
605 2990 736 3043 οὖσα
759 2988 1012 3059 ἀλήθεια,
1041 2989 1266 3050 εἰκότως
1298 2988 1407 3043 ἐστῖ
1438 2988 1527 3044 καὶ
1560 2989 1706 3059 ἀπλῆ
1758 2993 1803 3027 ⁶²

157 3085 253 3134 τῶν
278 3076 453 3134 ὄντων
481 3082 702 3153 γνῶσις.
737 3078 804 3135 Τί
856 3076 912 3133 δέ
963 3077 1070 3132 ἐστι
1120 3082 1339 3153 γνῶσις,
1375 3077 1530 3142 εὐθὺς
1584 3077 1799 3133 ἐπισυν-

161 3171 303 3224 ἀπτει
335 3166 636 3224 διδάσκων.

219 3258 279 3314 Εἰ
338 3259 444 3333 γὰρ
499 3260 534 3327 ἡ
593 3262 792 3331 γνῶσις
849 3258 1103 3327 ὲνωτική.
1135 3258 1216 3313 Τὰ
1270 3258 1522 3332 περὶτῆς
1554 3257 1794 3328 ἀληθοῦς
1830 3245 1871 3310 C

154 3348 400 3420 γνώσεως
462 3348 794 3419 σαφηνίζων,
850 3345 1011 3407 αὐτὸς
1063 3347 1090 3400 ὁ
1148 3347 1276 3407 Θεὸς
1336 3346 1507 3421 Λόγος
1571 3348 1804 3420 Χριστὸς

156 3441 379 3509 Ἰησοῦς,
412 3440 539 3515 περὶ
572 3440 633 3493 οῦ
665 3440 693 3493 6
726 3435 889 3513 λόγος
927 3458 939 3472 ·
984 3437 1075 3492 καὶ
1126 3436 1211 3492 ὅτι
1259 3440 1293 3508 ἡ
1344 3443 1543 3514 γνῶσις
1578 3437 1803 3509 ἀληθῶς

156 3529 378 3599 ὲνωτική
434 3527 546 3583 ἐστι
599 3532 706 3581 τῶν
752 3526 1066 3601 ἐγνωκότων
1108 3526 1198 3581 καὶ
1255 3532 1361 3581 τῶν
1424 3527 1801 3603 ἱγνωσμὲνων,

158 3620 281 3693 ςιησί
316 3638 330 3650 ·
366 3618 534 3691 Κάγὼ
592 3616 844 3689 γινώσκω
888 3617 955 3670 τὰ
1012 3614 1116 3688 ἐμὲ
1173 3610 1440 3691 πρόϐατα,
1491 3616 1579 3669 καὶ
1637 3617 1801 3689 γινώ-

158 3729 351 3779 σκομαι
408 3707 514 3761 ὑπὸ
561 3710 668 3760 τῶν
729 3706 876 3777 ἰμῶν
909 3724 921 3737 ·
970 3705 1149 3768 καθὼς
1200 3706 1451 3780 γινώσκει
1502 3725 1567 3777 με
1611 3706 1637 3759 6
1691 3706 1801 3760 [Ια-

157 3798 274 3869 τήρ,
304 3797 461 3870 κάγὼ
494 3796 750 3870 γινώσκω
778 3795 869 3849 τὸν
914 3793 1144 3869 Πατέρα.
1178 3798 1381 3868 Ὥσπερ
1425 3794 1523 3869 γὰρ
1574 3796 1608 3861 ἡ
1657 3798 1801 3866 γνῶ-

161 3908 233 3949 σις
285 3890 490 3957 γνοῦσα
538 3884 711 3939 ἐκεῖνο
764 3884 793 3939 ’ὀ
848 3888 1053 3959 γνῶναι
1106 3883 1394 3953 ἠθέλησεν,
1456 3882 1666 3936 ἑνοῦται
1724 3881 1802 3955 τῷ

158 3976 468 4047 γνωσθὲντι,
522 3973 705 4028 οὐκέτι
768 3967 1102 4047 ἀμφιϐολίαν
1173 3969 1376 4047 ἔχουσα
1434 3970 1557 4046 περί
1616 3971 1798 4039 αὐτοῦ,

164 4061 276 4117 οὐδὲ
304 4061 393 4117 δια
421 4063 524 4131 τήν
555 4056 890 4139 ἀμφιϐολίαν
921 4060 1220 4136 σχιζομένη
1255 4060 1330 4121 εἷς
1372 4061 1552 4135 ἑτέρας
1600 4059 1803 4122 ἰννοίας

164 4152 242 4203 καὶ
300 4153 624 4219 ἀστατοῦσα,
656 4151 746 4204 καί
798 4147 991 4224 ἄγνοια
1050 4147 1138 4203 διὰ
1186 4153 1347 4203 τοῦτο
1388 4150 1679 4223 γενομένη,
1715 4148 1804 4203 διὰ

162 4241 217 4292 τὸ
250 4241 321 4311 μή
355 4242 643 4307 πεισθῆναι
675 4237 756 4293 ὅτι
791 4236 924 4314 ἔγνω
959 4258 971 4269 ’
1019 4236 1191 4299 οὕτως
1225 4238 1275 4291 οἱ
1307 4239 1489 4292 πιστοὶ
1534 4242 1600 4301 τῆ
1654 4240 1799 4312 γνώ-

166 4349 234 4382 σει
265 4328 548 4393 ὲνωθέντες
581 4330 658 4400 τῷ
690 4327 983 4401 γνωσθὲντι
1038 4332 1283 4401 Χριστῷ,
1316 4329 1373 4387 ὅς
1409 4326 1551 4381 ἐστιν
1604 4329 1630 4381 6
1675 4328 1803 4391 Θεὸς

167 4417 349 4491 Λόγος,
378 4419 465 4472 καὶ
501 4418 598 4486 τὴν
632 4418 813 4471 πίστιν
844 4416 920 4478 εἷς
979 4415 1137 4470 αὐτὸν
1194 4414 1511 4491 ἐρείσαντες,
1550 4438 1797 4488 μονιμω-

166 4506 318 4576 τάτην
378 4507 467 4561 καὶ
518 4505 809 4561 ἀσάλευτον
870 4509 977 4559 τῶν
1044 4504 1401 4580 ἐγνωσμένων
1442 4506 1538 4574 τήν
1616 4504 1794 4559 πίστιν

1915 607 2102 663 neque
2124 590 2731 664 intelligimus,neque
2756 594 3343 666 nominamus,neque
3366 590 3563 652 mente

1914 684 2015 735 aut
2046 696 2221 735 sensu
2253 682 2829 752 comprehendimus.
2881 683 3027 737 Huic
3056 685 3211 739 enim
3246 685 3440 741 simile
3472 691 3565 742 est

1915 769 2055 823 illud
2096 786 2109 824 :
2142 769 2297 825 Deus
2322 770 2380 825 in
2412 772 2709 839 omnibus,
2745 777 2801 827 et
2851 772 2909 826 in
2962 773 3122 828 nullo
3156 775 3418 829 omnium
3451 780 3559 831 est.

1985 859 2293 915 Secundum
2326 862 2479 916 illam
2512 878 2638 933 qua:
2666 879 2834 933 supra
2876 862 3225 919 intellectum
3267 872 3367 935 est,
3399 866 3562 923 unio-

1911 965 2057 1004 nem.
2091 954 2235 1004 Nota
2264 967 2399 1005 eum
2433 953 2748 1022 accepisse,
2782 953 2934 1008 sicut
2967 953 3025 1007 in
3046 955 3561 1025 antepositis,con-

1906 1039 2274 1107 junctionem
2309 1039 2550 1094 visionis
2582 1040 2680 1094 Dei
2714 1057 2839 1111 quae
2874 1046 3127 1096 mentem
3161 1046 3415 1113 superat.

1986 1127 2255 1193 Quoniam
2307 1130 2427 1199 ipsa
2474 1129 2770 1184 secundum
2819 1130 3154 1202 Scripturas.
3224 1131 3341 1186 Hoc
3385 1132 3561 1185 etiam

1913 1222 2002 1271 est
2027 1233 2095 1271 ex
2126 1217 2425 1288 Sapientia
2445 1217 2775 1274 Salomonis
2798 1220 3001 1289 (z),ubi
3028 1220 3319 1290 sapientia
3349 1220 3566 1275 dicitur

1912 1305 2163 1359 omnium
2192 1306 2444 1377 arti/ex;
2476 1312 2532 1361 et
2570 1323 2638 1361 ex
2673 1308 3021 1375 Proverbiis,
3080 1308 3178 1363 ubi
3232 1325 3265 1363 a
3322 1309 3562 1380 Sapien-

1911 1394 1994 1448 tia
2025 1393 2241 1448 dicitur
2269 1412 2280 1449 :
2319 1398 2456 1450 Cum
2491 1412 2550 1451 eo
2580 1414 2741 1451 cram
2771 1402 2968 1452 cuncta
2990 1414 3318 1469 componens
3350 1398 3433 1469 (a)
3462 1418 3475 1467 ;
3506 1402 3562 1453 et

1911 1482 2092 1537 David
2129 1500 2142 1539 ε
2178 1483 2375 1539 Omnia
2402 1484 2461 1539 in
2488 1486 2771 1557 sapientia
2801 1486 2983 1555 fecisti
3013 1487 3108 1557 (ὁ).

1988 1572 2215 1627 Verbum
2246 1573 2415 1628 etiam
2447 1576 2605 1630 Deus.
2644 1576 2717 1631 De
2750 1574 2847 1630 Dei
2897 1575 3107 1641 Verbo,
3161 1579 3219 1630 et
3265 1592 3370 1629 cur
3399 1576 3558 1632 dica-

1910 1664 2003 1716 tur
2031 1662 2443 1734 verbum,quid
2480 1663 2579 1717 illa
2613 1663 2922 1735 appellatio
2945 1664 3559 1737 signiﬁcet,unamque

1912 1767 2151 1806 causam
2184 1751 2292 1806 hoc
2322 1751 2450 1807 loco
2494 1753 2654 1819 dicit,
2707 1759 2945 1824 propter
2994 1770 3172 1824 quam
3223 1755 3564 1808 nominetur

1912 1840 2192 1907 verbum;
2226 1840 2500 1895 nimirum
2536 1841 2673 1913 quia
2705 1858 2899 1897 rerum
2934 1842 3201 1897 omnium
3257 1860 3467 1899 causas
3502 1844 3555 1897 in

1915 1928 2107 1999 seipso
2140 1928 2335 1993 habet,
2371 1929 2625 1985 rationes
2658 1930 2810 1985 enim
2861 1930 3141 1986 universa:
3174 1936 3392 1986 natura:
3420 1937 3561 1987 sunt

1913 2018 1972 2071 in
2008 2018 2134 2089 ipso
2154 2022 2431 2089 tanquam
2456 2020 2649 2075 omnis
2667 2025 2941 2075 creatura
2966 2024 3219 2086 auctore;
3242 2036 3343 2090 per
3364 2022 3557 2091 ipsum

1914 2106 2070 2162 enim
2103 2106 2297 2161 omnia
2324 2125 2337 2174 ;
2372 2125 2507 2163 nam
2539 2108 2680 2163 ideae
2714 2115 2769 2163 et
2799 2108 3154 2180 exemplaria
3184 2108 3241 2163 in
3278 2109 3557 2179 ipso,non

1916 2196 2031 2251 alia
2064 2194 2121 2249 in
2156 2195 2292 2262 alio,
2326 2198 2424 2251 sed
2478 2202 2617 2252 sunt
2664 2197 3090 2253 intellectiones
3120 2203 3350 2253 aeternas
3380 2203 3435 2252 et
3467 2216 3561 2253 ra-

1912 2285 2102 2339 tiones
2133 2300 2261 2354 que
2293 2285 2492 2340 omnia
2532 2286 2772 2349 faciunt,
2822 2286 2879 2341 id
2931 2290 3023 2341 est
3072 2291 3317 2352 natura;
3353 2291 3563 2341 natura

1915 2374 2072 2429 enim
2105 2379 2195 2428 est
2226 2374 2372 2429 ratio
2405 2392 2526 2444 quae
2555 2392 2793 2430 causam
2827 2380 2884 2430 et
2914 2380 3187 2430 naturam
3219 2375 3563 2445 habet,quia

1918 2466 2136 2516 natura;
2170 2478 2363 2516 rerum
2413 2480 2527 2517 non
2578 2469 2716 2517 sunt
2762 2468 2982 2519 temere
3030 2468 3086 2518 et
3140 2464 3373 2518 frustra.
3410 2464 3561 2517 Dicit

1915 2555 2107 2606 autem
2137 2550 2329 2621 ipsum
2362 2552 2721 2617 Verbum,ct
2754 2553 2907 2623 quod
2942 2569 3042 2623 per
3071 2552 3271 2607 omnia
3303 2552 3427 2606 sine
3452 2553 3557 2606 im-

1915 2640 2249 2712 pedimento
2281 2642 2472 2706 vadat,
2506 2647 2563 2695 et
2587 2643 2786 2696 omnia
2816 2642 3138 2696 circumeat
3169 2641 3340 2697 etiam
3377 2657 3561 2709 usque

1914 2730 1985 2784 ad
2019 2730 2458 2795 extrema,sicut
2478 2731 2535 2783 in
2566 2729 2824 2800 Epistola
2846 2731 2916 2785 ad
2945 2730 3215 2785 Hebraeos
3243 2730 3311 2801 (ε)
3348 2748 3359 2785 :
3404 2731 3563 2785 Vivus

1912 2828 1993 2874 est
2022 2820 2170 2872 enim
2198 2835 2377 2873 sermo
2403 2822 2451 2873 et
2482 2821 2705 2890 efﬁcax,
2738 2824 2847 2873 etc.

1984 2909 2090 2961 Hoc
2123 2908 2367 2963 Verbum
2397 2909 2662 2973 εει.ουοά
2698 2908 2849 2963 Deus
2882 2908 3300 2976 Verbum,cum
3335 2908 3411 2962 sit
3435 2908 3563 2978 ipsa

1911 2999 1969 3050 et
1999 3012 2126 3067 quas
2156 3013 2357 3067 reapse
2386 3000 2474 3051 est
2503 2997 2957 3062 veritas,merito
2989 2998 3163 3051 etiam
3200 2997 3276 3051 sit
3310 2996 3559 3067 simplex

1910 3102 2103 3139 rerum
2140 3086 2432 3157 cognitio;
2468 3087 2607 3157 quid
2640 3090 2836 3140 autem
2870 3087 2947 3140 sit
2976 3086 3253 3157 cognitio,
3287 3101 3411 3141 mox
3460 3086 3561 3141 do-

1909 3190 2048 3229 cens
2082 3176 2375 3245 adjungit.

1981 3262 2043 3317 Si
2073 3264 2221 3317 enim
2243 3262 2492 3332 cogniiio
2520 3264 2628 3317 vim
2658 3263 2815 3319 habet
2844 3263 3185 3319 uniendi.Ea
3214 3280 3340 3335 quae
3362 3280 3557 3318 veram

1915 3352 2305 3421 cognitionem
2358 3357 2646 3423 spectant,
2698 3353 2823 3422 ipse
2874 3353 3028 3407 Deus
3084 3354 3340 3407 Verbum
3389 3353 3565 3408 Jesus

1912 3440 2200 3507 Christus,
2234 3442 2305 3495 de
2338 3458 2448 3510 quo
2481 3446 2569 3495 est
2600 3457 2813 3511 sermo,
2849 3441 3121 3511 explicat,
3159 3446 3333 3512 atque
3364 3442 3563 3511 cogni-

1912 3529 2133 3584 tionem
2169 3546 2364 3584 revera
2392 3545 2520 3585 esse
2554 3530 2835 3584 unitivam
2871 3531 3348 3601 cognoscentium
3382 3535 3439 3585 et
3466 3547 3561 3585 co-

1911 3618 2208 3687 gnitorum
2242 3618 2384 3673 dicit
2417 3634 2430 3673 :
2466 3620 2528 3673 Et
2557 3634 2653 3686 ego
2683 3636 2935 3690 cognosco
2967 3636 3089 3674 oves
3120 3624 3347 3687 meas,et
3368 3636 3560 3689 cogno-

1911 3722 2031 3761 scor
2059 3723 2092 3760 a
2122 3709 2261 3761 meis
2290 3729 2308 3762 .-
2336 3710 2481 3763 sicut
2509 3711 2784 3778 cognoscit
2813 3725 2897 3764 me
2936 3711 3123 3779 Pater,
3154 3712 3206 3763 et
3234 3725 3331 3779 ego
3360 3725 3560 3779 cogno-

1910 3812 1999 3851 sco
2032 3798 2249 3851 Patrem
2278 3797 2376 3868 ((1).
2413 3798 2576 3852 Sicut
2617 3798 2774 3853 enim
2809 3799 3063 3870 cognitio
3113 3815 3472 3870 cognoscens
3504 3800 3559 3852 id

1913 3887 2067 3957 quod
2099 3902 2270 3941 nosse
2301 3887 2502 3953 voluit,
2537 3888 2616 3941 rei
2651 3888 2897 3959 cognitae
2930 3889 3275 3953 unitur,non
3307 3888 3563 3959 amplius

1912 3976 1983 4029 de
2016 3976 2145 4046 ipsa
2173 3978 2328 4031 I93
2362 3977 2661 4044 dubitans,
2706 3994 2890 4048 neque
2939 3982 3173 4049 propter
3223 3978 3470 4031 dubium
3502 3976 3561 4031 in

1913 4064 2172 4120 diversas
2205 4065 2485 4120 dividitur
2506 4066 2910 4137 cogitationes,
2959 4071 3168 4137 estque
3199 4066 3563 4136 inconstans,

1912 4159 2090 4225 atque
2120 4154 2593 4226 ignorantiaideo
2621 4155 2998 4225 etfecta,quia
3024 4173 3136 4210 non
3170 4156 3355 4210 credit
3376 4172 3437 4210 se
3459 4172 3561 4209 no-

1910 4243 2064 4298 visse
2099 4260 2111 4296 :
2146 4243 2227 4297 ita
2260 4244 2458 4298 fideles
2482 4260 2583 4314 per
2607 4243 3002 4313 cognitionem
3030 4243 3111 4298 illi
3140 4244 3374 4315 cognito
3402 4244 3559 4297 Chri-

1912 4336 2001 4385 sto
2043 4332 2263 4402 quiest
2312 4332 2461 4386 Deus
2522 4331 2795 4397 Verbum,
2850 4332 3023 4401 uniti,
3075 4337 3249 4401 atque
3296 4333 3467 4386 {idem
3504 4333 3557 4384 in

1910 4419 2038 4490 ipso
2062 4419 2814 4488 ﬁrmantes,solidissimam
2833 4428 2887 4475 et
2914 4422 3329 4476 inconcussam
3365 4419 3563 4491 cogni-

1912 4514 2098 4563 torum
2132 4509 2304 4563 fidem
2332 4510 2633 4574 habentes,
2666 4512 2821 4581 quod
2854 4510 3039 4564 Deum
3088 4513 3485 4581 cognoverunt
3507 4512 3563 4563 et

169 4591 403 4669 ἔχοντες,
434 4596 518 4651 ὅτι
575 4595 701 4649 Θεὸν
762 4593 1021 4669 ἔγνωσαν,
1053 4594 1142 4649 καὶ
1197 4595 1299 4648 ὑπὸ
1332 4599 1468 4648 Θεοῦ
1518 4594 1800 4667 ἐγνώσθη-

1919 4613 1943 4651 a
1974 4598 2087 4651 Deo
2120 4598 2337 4667 cogniti
2370 4603 2529 4663 sunt,
2562 4603 2722 4653 extra
2753 4598 3149 4669 ignorantiam
3184 4615 3324 4654 sane
3366 4597 3559 4652 consi-

170 4702 274 4750 σαν,
305 4683 611 4755 ἐξεπήκασι
675 4684 767 4755 μὲν
827 4690 924 4752 τῆς
983 4682 1225 4757 ἀγνοίας,
1256 4684 1321 4752 ἢν
1372 4681 1595 4755 ε’ίπομεν
1658 4681 1800 4737 διαι-

177 4777 294 4843 ρεῖν,
324 4774 409 4828 καὶ
441 4774 649 4850 σχίζειν
710 4772 799 4827 καὶ
860 4770 1194 4827 διασαλεύειν
1251 4771 1329 4835 εἷς
1375 4770 1577 4827 ἄλλοτε
1624 4770 1795 4834 ἄλλας

174 4858 512 4935 ἀμφιϐολίας,
547 4864 620 4924 ὡς
658 4864 731 4935 μὴ
766 4866 994 4936 γνοῦσαν
1024 4861 1052 4915 ὸ
1085 4858 1167 4915 δεῖ
1213 4865 1411 4935 γνῶναι
1472 4860 1791 4938 ἐφεστήκασι

176 4944 225 5002 δὲ
271 4956 334 5024 τῇ
395 4948 731 5027 βεϐαιότητι,
786 4954 853 5024 τῇ
912 4950 1089 5005 πίστει
1144 4949 1795 5026 πληροφορηθὲντες,ὅτι

171 5034 390 5111 ἔγνωσαν
444 5041 533 5095 καὶ
592 5041 879 5109 ἠνώθησαν
930 5036 1019 5093 διὰ
1065 5043 1227 5093 τοῦτο
1257 5042 1303 5076 ⁵³
1352 5043 1431 5109 τῷ
1478 5038 1790 5112 γνωσθὲντι.

170 5126 223 5182 Ὀ
252 5130 341 5199 μὶν
372 5130 461 5185 οῦν
487 5129 539 5184 ἐν
569 5134 649 5201 τῷ
680 5133 868 5200 σκοπῷ
895 5135 994 5198 τῆς
1028 5127 1243 5201 ἀγνοίας
1298 5127 1434 5182 κατά
1482 5128 1575 5181 τὸν
1634 5128 1794 5184 ’Λπό-

232 5335 302 5408 (ε)
330 5338 461 5410 Cap.
492 5354 595 5405 vn,
627 5354 682 5392 v.
709 5337 801 5392 21.
878 5335 954 5408 (a)
986 5339 1127 5408 Cap.
1155 5352 1280 5404 vm,
1311 5351 1368 5391 v.
1400 5335 1489 5389 30.

1567 5333 1642 5405 (bl
1673 5333 1827 5390 Psal.
1858 5350 1981 5404 CIII,
2012 5336 2102 5391 24.

1912 4690 2096 4753 stunt,
2132 4702 2307 4758 quam
2342 4686 2600 4741 diximus
2651 4687 2905 4742 dividere
2958 4692 3014 4741 et
3066 4704 3339 4758 separare
3386 4690 3563 4758 atque

1907 4780 2216 4829 concutere
2246 4775 2317 4829 ab
2352 4793 2468 4829 una
2499 4776 2555 4828 in
2591 4775 2736 4829 alias
2768 4777 3186 4845 dubitationes,
3215 4782 3278 4830 ut
3309 4794 3434 4846 quas
3468 4793 3561 4830 ne-

1915 4864 2062 4919 sciat
2086 4864 2225 4935 quid
2251 4865 2482 4920 credere
2513 4870 2794 4935 oporteat;
2821 4866 2957 4920 item
2986 4866 3269 4920 insistunt
3293 4864 3560 4919 firmitati

1906 4954 2017 5007 {ide
2052 4954 2337 5024 persuasi,
2370 4956 2522 5024 quod
2558 4954 2776 5021 norint,
2812 4971 2877 5009 ac
2910 4955 3039 5009 ideo
3086 4954 3383 5023 conjuncti
3418 4958 3560 5007 sunt

1903 5057 2037 5095 cum
2070 5042 2321 5112 cognito.
2359 5048 2429 5096 At
2458 5044 2554 5114 qui
2590 5044 2648 5096 in
2673 5043 2928 5097 tenebris
2984 5042 3327 5114 ignorantia:
3360 5058 3553 5096 versa-

1902 5132 2189 5201 tur,juxta
2217 5131 2787 5202 Apostolum,errore
2820 5133 2947 5203 ipso
2981 5132 3556 5201 ﬂuctuans,circum~

2180 5336 2250 5409 (θ)
2282 5338 2421 5409 Cap.
2456 5354 2533 5406 IV,
2564 5354 2614 5393 ν.
2653 5338 2739 5392 12.
2817 5337 2895 5409 (d)
2925 5336 3093 5393 Joan.
3128 5354 3185 5406 x,
3223 5338 3406 5393 14-15.

1160 5542 1391 5598 νΑΙιΙιΕ
1432 5541 1822 5599 LECTIONES
1862 5542 1950 5598 ET
1987 5544 2544 5602 CORREGTIONES.

232 5668 277 5706 ⁸⁸
306 5668 512 5748 σοφίαν.
596 5671 637 5706 ⁶¹
673 5670 706 5738 ἡ
742 5673 819 5743 τῷ
848 5664 983 5724 ὄντι.
1062 5670 1106 5703 ⁸³
1136 5664 1402 5737 ἀπλανής.
1479 5668 1523 5703 ⁸³
1552 5664 1783 5721 τούτων.
