4080 6366
515 349 623 406 355

1332 351 1696 405 APPENDIX
1730 352 1831 403 AD
1868 348 2110 403 OPERA
2150 348 2210 400 S.
2249 348 2567 404 DIONYSII
2605 349 3107 406 AREOPAGITE.

3824 352 3935 408 356

514 474 702 530 fertur
750 472 911 530 omni
959 476 1127 530 vento
1180 472 1452 545 nequitia:
1503 472 1814 529 hominum
1864 472 2018 527 sicut
2056 468 2150 541 qui

2276 465 2494 541 στολον,
2554 468 2650 542 ὢν,
2714 471 2816 527 ὑπὸ
2884 477 2985 538 τῆς
3036 469 3251 540 πλάνης
3312 470 3479 541 αὐτῆς
3538 468 3928 548 σαλευόμενος,

514 563 662 619 mari
697 566 1048 634 tempestate
1078 561 1371 635 agitantur
1401 564 1472 635 (ε)
1504 563 1649 634 (haec
1681 562 1839 617 enim
1884 560 1968 615 ait
2016 564 2169 632 Apo-

513 652 748 724 stolus),
777 657 837 707 et
864 652 1229 708 arbitrantur
1266 653 1563 723 gnosticos
1616 652 1897 720 insanire,
1928 650 2082 705 sicut
2113 653 2170 704 et

513 742 719 798 Festus
752 740 983 798 dicebat
1017 741 1191 797 Paulo
1223 742 1483 797 divinam
1535 740 1923 811 cognitionem
1959 738 2165 812 praedi~

515 833 669 887 canti
707 849 718 887 :
753 832 987 900 Insanis,
1011 832 1185 887 Paule
1215 831 1627 903 (/).Gnosticus
1661 835 1856 885 autem
1890 834 1946 885 et
1967 844 2168 884 revera

512 920 904 990 Christianus,
932 925 1131 991 utpote
1163 937 1294 976 vere
1340 920 1637 977 Christum
1695 934 2078 992 cognoscens,
2112 921 2168 974 et

512 1026 615 1081 per
646 1010 843 1082 ipsum
898 1009 995 1064 Dei
1039 1010 1456 1083 cognitionem,
1511 1025 1713 1073 unam,
1767 1009 2031 1080 inquam,
2066 1023 2161 1063 ve.

511 1099 703 1155 ritatis
728 1097 1116 1171 cognitionem
1151 1100 1461 1171 possidens
1512 1099 1704 1169 (porro
1757 1114 1876 1152 una
1917 1101 2006 1152 est
2034 1113 2162 1168 quae

509 1187 762 1260 simplex
791 1193 849 1243 et
878 1204 993 1243 non
1022 1191 1350 1259 composita
1380 1187 1852 1259 cognitio),extra
1874 1188 2161 1242 mundum

508 1277 945 1342 consistit,cum
976 1277 1220 1333 minime
1252 1282 1511 1334 versetur
1541 1277 1596 1332 in
1625 1277 1926 1332 mundana
1955 1276 2161 1330 inﬁde-

507 1365 655 1421 lium
686 1365 935 1422 scientia
961 1371 1021 1422 et
1047 1382 1241 1421 errore
1274 1382 1288 1421 :
1322 1366 1585 1432 seipsum
1635 1369 1830 1421 autem
1863 1364 2165 1437 cognoscit

508 1455 770 1510 sobrium
794 1460 895 1510 eta
914 1454 1235 1526 multivaga
1256 1454 1312 1509 in
1324 1453 1599 1510 fidelitate
1621 1453 1933 1511 liberatum
1961 1471 1973 1521 ;
1999 1454 2160 1509 ideo-

508 1558 622 1614 que
654 1542 916 1615 quotidie
961 1560 1062 1614 pro
1093 1543 1334 1598 veritate
1386 1544 1744 1613 moriuntur,
1781 1560 1896 1599 non
1930 1548 2159 1600 tantum

506 1648 695 1702 usque
728 1633 799 1687 ad
836 1638 1081 1688 mortem
1112 1648 1346 1703 semper
1377 1638 1613 1705 propter
1671 1633 1977 1688 veritatem
2011 1632 2161 1704 peri-

504 1719 801 1788 clitantes,
828 1722 929 1777 sed
956 1721 1134 1776 etiam
1168 1738 1403 1793 semper
1434 1722 1781 1794 ignorantiae
1817 1722 2157 1793 morientes,

2276 559 2618 633 περιφέρεται
2677 560 2838 616 παντὶ
2886 558 3071 633 ἀνέμῳ
3127 563 3227 624 τῆς
3279 554 3498 623 κυϐείας
3552 566 3663 617 τῶν
3722 563 3929 639 ἀνθρώ-

2276 666 2416 719 πων,
2477 646 2656 722 ὥσπερ
2724 650 2780 703 οἱ
2850 648 2900 705 ἐν
2974 648 3202 724 πελάγει
3268 646 3741 725 κλυδωνιζόμενοι
3818 655 3928 728 (καὶ

2274 740 2444 791 ταῦτα
2472 737 2572 813 γάρ
2603 759 2766 813 φησιν
2800 738 2827 794 ὁ
2858 737 3241 811 Ἀπόστολος),
3273 738 3361 793 καί
3393 740 3605 812 νομίζει
3627 740 3756 805 τοὺς
3784 765 3926 817 γνω-

2276 824 2491 888 στικους
2523 826 2822 899 μαίνεσθαι,
2857 827 2930 890 ὡς
2981 826 3067 881 καὶ
3103 827 3129 880 ὁ
3162 832 3381 896 Φῆστος
3431 823 3533 906 ἔφη
3586 834 3665 901 τῷ
3722 829 3927 904 Παύλῳ

2272 913 2598 989 κηρύττοντι
2654 917 2755 984 τὴν
2815 915 2957 979 θείαν
3032 921 3230 992 γνῶσιν
3269 934 3282 948 ⁶
3341 918 3546 992 Μαίνῃ,
3607 919 3809 977 Παῦλε.
3868 923 3928 979 Ὀ

2271 1005 2567 1077 γνωστικῖς
2639 1006 2726 1059 καὶ
2794 1010 2872 1078 τῷ
2937 1002 3050 1060 ὄντι
3133 1007 3607 1081 Χριστιανος,ἅτε
3660 1012 3731 1082 τῇ
3782 1009 3924 1080 ἀλη-

2272 1092 2386 1163 θείᾳ
2435 1092 2594 1168 γνοὺς
2652 1094 2908 1169 Χριστὸν,
2952 1094 3042 1149 καί
3096 1091 3167 1149 δι’
3218 1094 3382 1149 αὑτοῦ
3436 1096 3537 1164 τήν
3596 1099 3924 1173 θεογνωσίαν

2270 1183 2636 1254 κτησάμενος,
2687 1184 2788 1251 τήν
2836 1183 3037 1238 ἑνιαίαν
3088 1181 3233 1259 λέγω
3283 1184 3383 1253 τῆς
3422 1181 3683 1256 ἀληθείας
3729 1192 3927 1263 γνῶσιν

2273 1270 2472 1345 (ἑνιαία
2529 1269 2584 1327 δέ
2634 1270 2773 1326 ἐστιν
2807 1274 2841 1342 ἡ
2885 1271 3033 1343 ἁπλῆ
3076 1273 3166 1328 καὶ
3207 1271 3493 1336 ἀσύνθετος
3536 1279 3780 1348 γνῶσις),
3814 1276 3921 1347 ἐξέ-

2270 1382 2434 1430 στηκε
2486 1361 2580 1433 μὲν
2632 1366 2728 1416 τοῦ
2775 1361 3008 1435 κόσμου,
3058 1363 3133 1435 μὴ
3186 1361 3258 1417 ὣν
3314 1361 3365 1416 ἐν
3413 1364 3483 1434 τῇ
3510 1368 3755 1438 κοσμικῇ
3814 1370 3923 1421 τῶν

2271 1450 2510 1505 ἀπίστων
2558 1450 2754 1525 γνώμῃ
2796 1452 2882 1507 καὶ
2934 1450 3115 1526 πλάνῃ
3148 1471 3161 1484 ·
3192 1450 3379 1507 ἑαυτὸν
3413 1449 3469 1507 δὲ
3517 1454 3775 1527 γινώσκει
3826 1458 3925 1526 νή-

2270 1559 2438 1618 φοντα
2461 1539 2551 1594 καὶ
2574 1538 3008 1615 ἀπηλλαγμένον
3028 1547 3141 1618 ,τῆς
3186 1538 3577 1603 πολυπλανοῦς
3626 1542 3882 1605 ἀπιστίας
3906 1563 3920 1577 ·

2271 1626 2355 1685 διδ
2416 1628 2505 1684 καὶ
2562 1630 2680 1684 καθ’
2729 1629 2956 1700 ἑκάστην
3028 1628 3237 1702 ἡμέραν
3302 1630 3733 1700 ἀποθνήσκουσιν
3788 1632 3923 1709 ὕπερ

2267 1726 2368 1787 τῆς
2400 1716 2682 1789 ἀληθείας,
2709 1719 2772 1773 οὐ
2809 1717 2972 1793 μόνον
3027 1717 3194 1794 μέχρι
3245 1717 3473 1782 θανάτου
3519 1716 3924 1786 κινδυνεύοντες

504 1808 821 1881 cognitioni
878 1827 1010 1866 vero
1070 1808 1327 1866 viventes
1376 1815 1434 1866 et
1508 1810 1828 1867 Christiani
1889 1827 2150 1883 compro-

2276 1806 2522 1863 ἑκάστοτε
2579 1804 2669 1863 διά
2724 1807 2824 1877 τὴν
2884 1807 3161 1877 ἀλήθειαν,
3214 1805 3360 1863 ἀλλὰ
3400 1807 3489 1863 καὶ
3536 1811 3606 1883 τῇ
3656 1809 3925 1885 ἀγνοίᾳ⁶⁴

504 1898 625 1955 bati
637 1940 650 1955 .

574 2076 899 2142 Divisionis,
927 2077 1024 2133 Gr.
1059 2073 1394 2152 διαιρέσεως,
1435 2094 1647 2135 causa-9.
1702 2078 1969 2152 Διαίρεσιν
2003 2080 2153 2135 divi—

2264 1897 2623 1959 τελευτῶντες
2653 1898 2907 1970 πάντοτε,
2935 1900 3007 1972 τῇ
3049 1895 3107 1952 δὶ
3151 1897 3341 1974 γνώσει
3395 1901 3615 1968 ζῶντες,
3647 1898 3741 1954 καὶ
3790 1900 3922 1977 Χριο

2266 1988 2470 2041 στιανοὶ
2508 1984 2974 2061 μαρτυρούμενοι.

2338 2074 2659 2151 Διαιρέσεως
2691 2075 2857 2131 αἰτία.
2893 2074 3159 2151 Διαίρεσιν
3188 2072 3413 2131 ἐνταῦθα
3444 2075 3507 2132 τὸ
3536 2083 3637 2146 τῆς
3691 2077 3920 2153 γνώμης

502 2166 727 2222 sionem
763 2171 929 2221 vocat
960 2165 1070 2222 hoc
1098 2166 1247 2231 loco,
1278 2169 1584 2224 sententia:
1616 2169 2067 2226 instabilitatem
2100 2174 2150 2225 et

2276 2163 2545 2243 ἰνίδρυτον
2577 2165 2666 2220 καὶ
2701 2165 2777 2229 εἰς
2806 2162 2992 2221 πολλά
3028 2164 3382 2239 μεριζόμενον
3417 2160 3545 2244 ἔφη.

502 2254 562 2310 in
598 2255 783 2309 multa
817 2254 1189 2311 divisionem.

572 2344 884 2407 Domicilio.
913 2347 1008 2399 Gr.
1042 2342 1242 2406 ἑστίας.
1277 2344 1618 2416 Mansionis,
1652 2345 2062 2403 habitationis.

574 2432 947 2503 Singularem,
980 2434 1076 2487 Gr.
1099 2435 1168 2504 τῇ
1201 2432 1392 2503 ἑνιαίᾳ,
1430 2434 1900 2492 Christianorum.
1953 2436 2150 2492 Fidem

502 2526 766 2577 nostram
797 2527 961 2576 vocat
991 2519 1209 2591 ἑνιαίαν,
1244 2527 1308 2577 ut
1355 2522 1683 2589 simplicem
1734 2528 1794 2579 et
1841 2525 2058 2581 erroris
2085 2542 2155 2581 ex

503 2615 749 2684 portem,
771 2610 901 2681 eius
931 2610 1033 2682 qui
1055 2627 1255 2667 revera
1274 2615 1366 2667 est
1387 2612 1778 2684 cognitionem
1812 2614 2151 2671 habentem.

1013 2719 1170 2773 ⁸194
1200 2719 1272 2773 ΙΝ
1303 2719 1455 2774 CAP.
1490 2720 1643 2775 VIII.

572 2806 602 2880 §
633 2809 676 2863 Ι.
714 2808 777 2864 Ut
803 2812 1109 2878 potentiam
1142 2823 1372 2879 quoque.
1413 2808 1754 2864 Secundum
1806 2810 1948 2882 quid
2005 2811 2154 2867 Deus

502 2895 735 2951 dicatur
761 2897 863 2950 vis.

574 2985 640 3040 Et
668 2983 1124 3040 dominationem.
1171 2984 1244 3039 Ut
1290 2984 1433 3040 illud
1483 3002 1496 3041 :
1549 2988 1820 3043 Dominus
1863 2990 2153 3060 virtutum,

507 3074 625 3145 ipse
651 3078 733 3129 est
764 3074 875 3129 Rea;
904 3074 1219 3145 gtoriae(g).
1252 3074 1503 3145 (Rursus
1536 3093 1549 3131 :
1574 3077 1840 3133 Dominus
1888 3080 2156 3135 virtutum

506 3163 810 3231 nobiscum,
840 3163 1095 3235 defensor
1121 3171 1307 3220 noster
1325 3165 1467 3220 Deus
1496 3166 1704 3238 Jacob.]

579 3344 619 3396 Α
665 3340 929 3412 potentiis
976 3357 1273 3412 :eparans,
1322 3343 1419 3398 Gr.
1471 3338 1747 3416 δυνάμεων
1797 3346 2149 3423 ἀφορίζουσα.

507 3426 886 3505 ’Ᾱφορίζουσα,
919 3430 975 3485 id
1004 3434 1095 3486 est
1126 3430 1496 3504 distinguens
1527 3437 1585 3489 et
1614 3449 1917 3505 separans.

575 3522 698 3588 §I[.
732 3519 1042 3575 Secundum
1089 3520 1399 3591 potentiam
1445 3522 1835 3593 inﬂexibilem,
1887 3526 1982 3581 Gr.
2015 3524 2152 3580 κατὰ

505 3603 735 3680 δύναμιν
768 3606 1013 3663 άκλιτον.
1048 3609 1207 3665 Dixit
1236 3606 1478 3679 ἄκλιτον,
1526 3612 1582 3667 id
1612 3617 1705 3669 est
1741 3631 1771 3667 ει
1800 3615 2035 3687 proprio
2067 3616 2149 3671 fa-

504 3696 678 3768 stigio
710 3713 823 3752 non
854 3698 1303 3754 descendentem
1329 3716 1343 3768 ;
1369 3717 1481 3755 non
1506 3702 1659 3757 enim
1684 3702 1742 3758 in
1766 3703 1876 3759 vim
1902 3704 2148 3760 inclina-

501 3788 601 3839 tus
631 3790 926 3854 operatur,
952 3786 1050 3840 sed
1085 3787 1385 3856 immotus,
1416 3806 1604 3861 neque
1636 3791 1695 3845 in
1729 3792 1960 3864 propria
1986 3794 2148 3849 forti-

501 3873 709 3929 tudine
750 3874 998 3930 inﬂexus
1043 3892 1134 3931 res
1165 3878 1427 3947 producit
1462 3895 1474 3933 :
1510 3879 1655 3934 forte
1704 3880 2016 3936 dicendum
2060 3886 2151 3938 est

503 3959 753 4015 ἄκλειτον
788 3967 845 4016 et
874 3962 1045 4033 quasi
1079 3980 1192 4019 non
1242 3964 1501 4020 clausum
1538 3984 1549 4021 :
1583 3967 1713 4023 ideo
1763 3970 1928 4023 addit
1971 3970 2146 4025 etiam

502 4049 904 4123 ἀπεριόριστον,
954 4051 1464 4124 circumscriptum
1504 4070 1516 4108 :
1562 4071 1672 4108 non
1722 4057 1877 4110 enim
1927 4055 2149 4111 claudi-

501 4143 619 4207 tur,
655 4144 937 4211 tanquam
979 4140 1036 4195 in
1085 4141 1283 4212 aliquo
1332 4141 1551 4198 viribus
1600 4143 1860 4211 deﬁciat;
1895 4146 1995 4200 sed
2053 4146 2146 4201 Ι)ιεί

500 4228 686 4283 virtus
716 4228 777 4283 in
808 4230 1021 4285 virtute
1052 4228 1248 4284 omnia
1283 4230 1528 4285 faciendi
1560 4246 1796 4303 semper
1825 4233 2030 4303 aperit.

572 4317 636 4372 Et
658 4322 938 4388 potentem
966 4319 1143 4374 reddit
1174 4319 1573 4389 inﬁmitatem.
1628 4319 1809 4376 Vocat
1840 4322 2148 4379 imbecilli-

500 4409 679 4462 tatem
713 4406 835 4463 heec
866 4408 1191 4463 malerialia
1212 4414 1269 4463 et
1299 4417 1529 4463 terrena
1553 4425 1950 4482 corpora,quzs
1973 4413 2143 4468 etiam

500 4500 764 4550 extrema
793 4496 1034 4567 vestigia
1065 4496 1389 4559 dicit.sicut
1408 4514 1561 4568 sepe
1582 4513 1757 4567 supra
1781 4502 2144 4569 monuimus,

2334 2343 2564 2405 Ἑστίας.
2601 2349 2807 2412 Μονῆς,
2839 2342 3127 2414 οἰκήσεως.

2334 2435 2416 2506 Τῇ
2450 2431 2622 2504 ἑνιαίᾳ
2649 2436 2755 2486 τῶν
2789 2433 3156 2506 Χριστιανῶν.
3192 2430 3421 2487 Ἐνιαίαν
3462 2432 3564 2502 τὴν
3614 2433 3738 2495 καθ’
3769 2435 3921 2505 ἡμᾶς

2262 2522 2441 2578 πίστιν
2471 2521 2777 2594 ὠνόμασεν,
2810 2520 2884 2582 ὡς
2936 2519 3118 2589 ἁπλῆν
3160 2541 3221 2575 τε
3265 2521 3357 2575 καὶ
3405 2518 3621 2591 ἀπλανῆ
3673 2523 3777 2591 τήν
3826 2523 3920 2576 τοῦ

2264 2607 2415 2674 ὄντος
2447 2608 2669 2679 ἀληθῶς
2701 2612 2745 2646 ⁸⁸
2773 2603 3005 2685 ἔχουσαν
3041 2613 3266 2683 γνῶσιν.
3299 2612 3344 2646 ⁶⁶

2756 2721 2871 2771 ΕΙΣ
2910 2720 2997 2773 ΤΟ
3037 2721 3296 2772 ΚΕΦΑΛ.
3338 2717 3421 2773 Η’.

2336 2811 2433 2877 §I.
2468 2807 2571 2863 Καὶ
2616 2808 2689 2868 ὡς
2739 2802 2991 2879 δύναμιν.
3044 2806 3189 2860 Κατὰ
3239 2804 3292 2860 τί
3340 2802 3555 2881 λέγεται
3604 2802 3838 2881 δύναμις
3886 2809 3914 2863 ὁ

2263 2898 2417 2959 Θεός.

2338 2984 2441 3042 Καὶ
2501 2985 2601 3055 τὴν
2677 2982 2916 3060 κυρείαν.
2976 2983 3065 3045 Ὦς
3136 2983 3224 3053 τὸ,
3294 2982 3493 3059 Κύριος
3565 2987 3679 3038 τῶν
3756 2982 3915 3040 δυνά-

2269 3096 2411 3149 μεων
2471 3072 2631 3136 αὐτός
2690 3074 2829 3128 ἐστιν
2884 3073 2912 3127 ὁ
2956 3071 3222 3134 Βασιλεὺς
3273 3078 3374 3141 τῆς
3434 3069 3618 3145 δόξης.
3666 3071 3916 3144 [Πάλιν⁸

2265 3163 2465 3239 Κύριος
2495 3167 2603 3217 τῶν
2651 3159 2929 3235 δυνάμεων
2985 3162 3099 3235 μεθ’
3129 3162 3315 3235 ἡμῶν,
3349 3158 3706 3237 ἀντιλήπτωρ
3752 3163 3916 3235 ἡμῶν

2265 3256 2292 3310 ὁ
2325 3253 2454 3315 Θεὸς
2487 3246 2730 3325 Ἰακώϐ.]

2333 3343 2621 3415 Δυνάμεων
2715 3339 3065 3418 ἀφορίζουσα.
3144 3338 3548 3416 Ἀφορίζουσα,

2259 3428 2768 3489 ἀποδιαστέλλουσα
2796 3429 2888 3483 καὶ
2923 3428 3259 3504 χωρίζουσα.

2330 3522 2361 3596 §
2397 3524 2460 3578 ΙΙ.
2498 3518 2644 3576 Κατά
2672 3516 2902 3590 δύναμιν
2933 3514 3184 3574 ἅκλιτον.
3215 3515 3474 3575 ’Ἂκλιτον
3517 3512 3646 3596 ἔφη,
3672 3520 3921 3575 τουτέστι

3629 3342 3914 3397 τουτέστιν

2257 3612 2356 3676 τῆς
2412 3606 2617 3670 οἰκείας
2685 3606 2987 3679 ἀκρότητος
3058 3627 3132 3679 μη
3203 3606 3596 3663 ὓποωτιοῦσαν
3632 3627 3644 3639 ·
3697 3608 3761 3663 οὐ
3812 3608 3920 3684 γὰρ

2257 3700 2583 3771 κΛινόμενος
2617 3696 2694 3760 εἰς
2725 3693 2952 3767 δύναμιν
2988 3692 3339 3771 δημιουργεῖ,
3371 3693 3496 3751 ἀλλ’
3527 3695 3785 3767 ἀκίνητος
3829 3698 3923 3752 καὶ

2258 3788 2542 3861 ἄκαμπτος
2575 3786 2837 3861 ὑπάρχων
2867 3790 2967 3853 τῆς
3004 3781 3143 3846 ἰδίας
3178 3783 3373 3859 ἰσχύος
3401 3785 3630 3860 παράγει
3670 3788 3742 3841 τὰ
3764 3782 3918 3844 ὄντα.

2256 3877 2416 3951 Τάχα
2446 3873 2503 3931 δὲ
2533 3874 2749 3931 λεκτέον
2780 3870 3033 3928 ἄκλητον
3065 3872 3157 3927 καὶ
3185 3872 3249 3927 τὸ
3281 3875 3396 3927 οἷον
3430 3874 3506 3945 μὴ
3548 3872 3879 3948 κλειόμενον
3905 3893 3918 3906 °

2260 3963 2344 4021 διὸ
2400 3964 2585 4039 ἐπάγει
2644 3963 2736 4017 καὶ
2794 3962 3217 4037 ἀπεριόριστον·
3254 3962 3319 4015 οὐ
3378 3961 3481 4037 γὰρ
3539 3960 3808 4032 κλείεται,
3840 3963 3922 4027 ὦς

2258 4053 2604 4128 ἀδυπιαμοῦσα
2633 4048 2685 4108 ἕν
2716 4072 2823 4105 τινι
2858 4070 2871 4084 ·
2904 4047 3032 4105 ἀλλ’
3059 4050 3140 4105 ἀεὶ
3181 4049 3412 4126 ἀνέῳγεν
3447 4049 3500 4105 ἐν
3546 4048 3774 4126 δυνάμει
3818 4057 3922 4108 τοῦ

2256 4144 2430 4200 πάντα
2454 4147 2631 4198 ποιεῖν
2652 4144 2687 4211 ἡ
2717 4145 2814 4196 τοῦ
2843 4143 2977 4195 Θεοῦ
3009 4136 3257 4213 δύναμις.

2331 4321 2426 4377 Καὶ
2465 4322 2564 4390 τήν
2612 4319 2882 4375 ἀσθένειαν
2952 4314 3211 4391 δυναμοῖ.
3262 4317 3565 4381 Ἀσθένειαν
3631 4315 3797 4374 καλεῖ
3855 4321 3927 4375 τὰ

2260 4411 2421 4468 ὑλικά
2460 4413 2630 4465 ταῦτα
2670 4408 2759 4463 καὶ
2810 4407 3058 4482 περίγεια
3103 4406 3349 4480 σώματα,
3384 4407 3539 4461 ἅτινα
3590 4407 3681 4462 καὶ
3713 4402 3928 4484 ἔσχατα

2256 4498 2603 4575 ἀπηχήματά
2633 4518 2786 4574 φησι,
2820 4496 2959 4560 καθᾶ
2992 4494 3265 4559 πολλάκις
3296 4495 3550 4569 ἀνωτέρω
3580 4492 3931 4572 ἕφημεν,διά

503 4583 643 4654 quia
671 4585 917 4640 obscure
948 4589 1004 4639 et
1033 4585 1360 4640 secundum
1411 4586 1705 4658 propriam
1755 4590 2147 4659 aptitudinem

2276 4592 2318 4647 τὸ
2345 4587 2602 4663 ἀμυδρῶς
2628 4586 2718 4643 καὶ
2747 4586 2883 4641 κατά
2912 4592 3010 4653 τὴν
3045 4581 3246 4639 οἰκείαν
3299 4580 3724 4653 ἐπιτηδειότητα
3767 4584 3927 4656 μετὲ.

501 4669 601 4725 Dei
643 4671 920 4729 virtutem
990 4673 1362 4744 participant.
1417 4675 1477 4729 Et
1523 4676 1594 4731 de
1645 4677 1861 4734 nostris
1908 4682 2145 4751 quidem

502 4759 847 4831 corporibus
879 4762 1101 4817 dictum
1130 4767 1220 4817 est
1251 4779 1264 4818 :
1304 4764 1507 4822 Omnia
1529 4780 1755 4836 possum
1778 4771 1836 4822 in
1867 4785 1927 4825 eo
1952 4773 2049 4840 qui
2061 4787 2149 4828 me

497 4850 781 4921 conforfat
813 4852 915 4923 (g),
950 4850 1177 4905 scilicet
1195 4852 1427 4908 Christo
1453 4870 1465 4908 :
1497 4854 1989 4913 considerandum
2014 4876 2146 4916 vero

496 4937 673 4993 etiam
704 4942 797 4993 est
818 4938 875 4993 in
912 4938 1162 5012 reliquis
1194 4940 1573 5011 animalibus,
1594 4944 1749 4999 sicut
1780 4945 1836 5000 in
1860 4947 2146 5006 culicibus

499 5031 557 5081 et
590 5028 812 5083 muscis
846 5033 903 5083 et
933 5028 1550 5100 similibus,quentum
1570 5034 1869 5103 possintin
1896 5038 2145 5108 propriis

499 5117 762 5172 stimulis
797 5117 1077 5173 animalia
1108 5119 1192 5173 sic
1226 5118 1461 5175 infirma
1497 5126 1553 5175 et
1583 5121 1806 5179 nullius
1837 5129 2141 5195 momenti,

2256 4701 2377 4757 χειν
2398 4686 2500 4747 τῆς
2516 4675 2795 4748 δυνάμεως
2812 4678 2910 4730 τοῦ
2928 4677 3082 4729 Θεοῦ,
3106 4674 3203 4727 Καὶ
3224 4671 3348 4748 περὶ
3374 4672 3469 4746 μὶν
3492 4675 3600 4727 τῶν
3621 4672 3744 4736 καθ’
3765 4674 3928 4744 ἡμᾶς

2258 4768 2528 4843 σωμάτων
2560 4764 2770 4840 ε’ίρηται
2799 4785 2812 4799 ·
2848 4764 3031 4818 Πάντα
3081 4761 3261 4838 ἰσχύω
3305 4760 3358 4817 ἐν
3402 4764 3481 4833 τῷ
3528 4757 3926 4834 ἐνδυναμοῦντί

2264 4880 2330 4933 με
2358 4859 2576 4933 Χριστῷ
2602 4877 2613 4890 ·
2648 4853 2950 4930 θεωρητέον
2980 4849 3037 4907 δὶ
3064 4856 3228 4907 τοῦτο
3286 4850 3376 4905 καὶ
3424 4848 3476 4904 ἐν
3519 4855 3637 4912 τοῖς
3687 4848 3925 4915 λοιποῖς

2262 4947 2443 5018 ζώοις,
2472 4946 2548 5009 ὠς
2575 4943 2663 5000 ἐπὶ
2691 4948 2799 4998 τῶν
2840 4938 3110 5015 έμπίδων,
3144 4939 3233 4994 καὶ
3276 4943 3382 4993 τῶν
3441 4943 3634 5012 μυιῶν,
3666 4939 3761 4994 καὶ
3805 4945 3925 4996 τῶν

2256 5036 2543 5107 τοιούτων,
2579 5034 2775 5089 ὁπόσον
2814 5030 3095 5106 ἰσχύουσιν
3130 5028 3183 5084 ἐν
3222 5034 3340 5091 τοῖς
3383 5027 3608 5092 οἰκείοις
3647 5026 3925 5105 κέντροις,

2257 5128 2325 5182 τὰ
2380 5124 2555 5185 οὕτως
2612 5123 2802 5191 ἀσθενῆ
2865 5120 2956 5175 καὶ
3002 5118 3391 5192 ἐξουθενημένα
3434 5122 3566 5187 ζῶα,
3597 5114 3926 5193 ἐνδυναμω-

569 5243 639 5314 (e)
676 5243 888 5314 Ephes.
923 5261 998 5310 ιν,
1040 5244 1121 5298 li.
1202 5246 1269 5316 (Γ)
1300 5251 1427 5301 Act.
1459 5263 1611 5315 xxvr,
1644 5247 1734 5304 25.
1810 5254 1887 5323 (g)
1922 5253 2074 5312 Psal.
2101 5273 2150 5312 x:

2300 5258 2384 5310 10.
2461 5252 2564 5323 (g‘)
2596 5249 2851 5321 Philipp.
2893 5265 2969 5314 ιν,
3004 5249 3090 5304 13.

1512 5364 1751 5420 VARle
1796 5366 2182 5429 LECTlONES
2218 5371 2306 5429 ET
2345 5363 2908 5426 CORRECTIONES.

568 5458 614 5493 “
643 5454 897 5543 ἀγνωσία,
975 5457 1020 5492 ⁸⁸
1053 5455 1294 5527 ἀληθοῦς
1327 5459 1703 5535 κηρύγματος.
1780 5465 1825 5501 ⁸⁸
1854 5465 1910 5519 Ὀ
1940 5468 2068 5530 Θεὸς
2100 5468 2275 5543 Λόγος
2305 5466 2545 5541 λέγεται,
2578 5464 2661 5517 ὅτι
2691 5466 2787 5517 νοῦ
2818 5461 2905 5515 καὶ
2940 5458 3130 5538 σοφίας
3152 5457 3407 5589 ὄορηγός
3450 5457 3539 5512 καί
3578 5458 3657 5522 ὡς
3699 5456 3925 5546 πάντων

570 5549 643 5583 ων
670 5529 763 5589 τὰς
789 5528 985 5589 αἰτιας.
1019 5528 1109 5583 καὶ
1142 5531 1215 5589 ὡς
1251 5529 1339 5587 διὰ
1370 5533 1585 5587 πάντων
1621 5539 1842 5589 γωοῶν.
1875 5537 1963 5589 xui,
1993 5540 2066 5589 ὡς
2114 5541 2295 5589 «dan:
2353 5539 2667 5589 ἁπλότητος
2727 5532 3125 5589 ἁπλούστερος.
3203 5548 3309 5588 eus
3366 5531 3619 5588 Verbum
3676 5532 3925 5589 dicitur.

499 5526 763 5611 ἔχωντὰς
789 5526 985 5611 αἰτίας,
1019 5528 1109 5583 καὶ
1142 5526 1229 5611 ὡς-
1251 5529 1349 5611 διὰ.
1370 5526 1585 5611 πάντων
1621 5539 1842 5609 χωρῶν,
1875 5537 1963 5592 καὶ
1993 5526 2066 5601 ὡς
2114 5526 2295 5611 πάσης
2353 5526 2667 5605 ἁπλότητος
2727 5526 3125 5611 ἁπλούστερος.

3203 5531 3333 5588 ουδ’
3366 5531 3619 5588 Verbum
3676 5532 3927 5600 dicitur,

499 5600 762 5684 quoniam
1023 5612 1078 5684 et
1102 5607 1395 5684 sapientiae
1424 5600 1658 5679 largitor
1685 5600 1785 5678 est,
1815 5600 1866 5665 et
1886 5615 2020 5684 quia
2048 5600 2235 5672 omnes
2250 5600 2505 5672 continet
2532 5600 2751 5680 causas,
2779 5619 2828 5664 et
2862 5609 2993 5679 quia
3011 5600 3211 5663 omnia
3235 5602 3509 5678 pervadit,
3540 5607 3593 5660 et
3613 5608 3751 5678 quia
3772 5607 3931 5663 omni

497 5673 856 5748 simplicitate
879 5673 1197 5745 simplicior
1224 5686 1324 5735 est.
