4080 6366
182 351 268 407 357

921 353 979 406 S.
1019 352 1289 406 MAXIM!
1325 351 1632 406 BCEOLIA
1668 351 1744 403 IN
1782 349 1916 402 LIB.
1956 348 2053 401 DE
2092 348 2366 404 DIVINIS
2404 351 2814 406 NOMINIBUS.

3469 351 3575 406 358

185 476 322 540 θέντα
347 475 498 548 παρά
545 477 645 530 τοῦ
692 475 1024 544 ποιήσαντος
1069 477 1225 529 Θεοῦ·
1279 471 1396 536 ὅθεν
1428 471 1518 528 καὶ
1564 471 1614 526 ἐν
1645 469 1816 538 Ἰωήλ

1961 472 2072 526 lum
2096 490 2129 527 a
2150 473 2267 528 Deo
2293 479 2550 530 creatore
2571 476 3042 531 corroborantur.
3064 474 3296 532 Undein
3317 475 3478 532 Joele
3501 478 3578 549 (h)

183 569 248 634 τῷ
295 562 423 636 θείῳ
471 566 735 640 προφήτῃ
784 562 950 636 φησὶν
1001 563 1028 617 ὁ
1081 562 1210 624 Θεὸς
1264 561 1388 636 περὶ
1441 557 1682 634 ἀκρίδας,
1730 559 1820 612 καὶ

190 654 437 730 βροίχου.
487 653 577 707 καὶ
630 651 882 725 κάμπης·
930 652 991 708 Ἡ
1043 648 1272 724 δύναμίς
1322 671 1428 723 μου
1484 653 1518 718 ἡ
1582 647 1819 723 μεγάλη.

186 739 259 795 καὶ
311 745 428 802 πῶς
487 737 619 814 ἄχρι
669 739 878 794 τούτων
934 740 995 793 τὸ
1054 735 1489 814 ἀπειροδύναμον
1546 741 1644 792 τοῦ
1690 740 1824 791 Θεοῦ

190 831 378 906 φθάνει,
433 829 599 905 φησὶν
663 823 871 889 εῗκόνας
931 829 1238 900 θαυμαστὰς
1296 828 1385 881 καὶ
1433 824 1823 897 ἀληθεστάτας.

186 916 344 976 Ἀλλά
368 918 461 972 καὶ
494 916 548 972 ἐν
580 922 695 979 τοῖς
725 916 963 991 ἀψύχοις
1002 918 1066 971 τὸ
1121 916 1252 971 αὐτὸ
1290 917 1560 990 εὑρήσεις,
1593 914 1645 969 ἐν
1669 915 1829 977 πόαις

188 1008 263 1061 καὶ
303 1005 577 1081 βοτάναις,
625 1005 716 1062 καὶ
770 1004 1065 1078 μετάλλοις
1115 1010 1334 1081 θεωρῶν
1388 1003 1644 1077 δυνάμεις
1697 1003 1828 1077 βλα-

190 1117 365 1157 πτικας
414 1095 507 1149 xui
558 1093 895 1172 ὠφελίμους’
941 1095 1032 1148 xui
1083 1092 1351 1168 εὔθρυπτα
1393 1094 1459 1148 τά
1501 1093 1698 1163 πλείω,
1739 1089 1827 1146 καὶ

193 1183 318 1240 ἄλλα
350 1183 576 1260 ἰσχυρὰ,
605 1183 696 1239 καὶ
727 1181 1004 1251 ὀινένδοτα,
1038 1183 1114 1244 ὡς
1146 1183 1235 1238 τὸν
1258 1181 1559 1256 ἀδάμαντα.
1584 1180 1829 1241 Ἄλλως.

191 1273 480 1338 ’Δσθένειαν
534 1269 949 1345 δυναμουμένην
1001 1270 1054 1326 ἐν
1099 1271 1317 1334 τούτοις
1365 1272 1431 1326 τά
1481 1269 1833 1326 ἀσθενέστατα

191 1369 282 1418 τῶν
317 1363 471 1431 ζώων
529 1361 683 1439 φησὶ,
716 1361 916 1432 ταύτην
964 1358 1162 1436 ἔχοντα
1206 1365 1304 1417 τοῦ
1358 1358 1528 1421 ὄντως
1574 1361 1704 1414 εἶναι
1735 1362 1834 1428 τήν

192 1450 421 1524 δύναμιν,
455 1452 490 1521 ἢ
524 1449 796 1505 ἀσθένειαν
848 1449 1062 1521 οἰητέον
1115 1451 1212 1519 τὴν
1265 1447 1476 1525 ἄψυχον
1527 1448 1615 1503 καὶ
1656 1450 1830 1518 πάντη

191 1542 433 1612 ἀκίνητον
469 1540 652 1610 φύσιν,
685 1539 808 1609 ἥτις
857 1540 956 1609 τὴν
1011 1538 1276 1610 οὐσιώδη,
1324 1538 1572 1594 τουτέστι
1609 1540 1708 1608 τὴν
1739 1543 1834 1594 τοῦ

192 1631 322 1695 ὅλως
351 1632 488 1687 εἶναι
523 1627 775 1702 δύναμιν,
805 1627 1026 1707 ετίληφεν
1059 1629 1120 1685 ἐκ
1150 1633 1306 1685 Θεοῦ.

251 1724 402 1792 ειη.
461 1718 563 1776 Καὶ
609 1718 740 1772 αὐτὸ
789 1715 866 1786 δὲ,
918 1718 964 1773 εἷ’
1013 1719 1169 1792 θέμις
1205 1761 1218 1775 .
1265 1718 1571 1786 Τουτέστιν,
1623 1716 1722 1771 ούκ
1768 1717 1835 1786 ἦν

1932 562 2086 618 Deus
2108 564 2179 618 de
2199 563 2423 620 locusta
2447 569 2504 619 et
2523 565 2703 619 bruco
2743 580 2809 619 ac
2846 581 3018 621 eruca
3049 565 3244 621 divino
3278 565 3572 637 prophetae

1933 652 2076 707 dicit
2101 669 2114 708 :
2144 652 2319 708 Virtus
2347 669 2468 708 mea
2498 670 2730 724 magna;
2777 657 2834 709 et
2863 656 3154 726 quomodo
3199 655 3438 710 inﬁnita
3481 655 3581 711 Dei

1935 742 2119 796 virtus
2142 744 2212 797 ad
2236 743 2354 797 hmo
2379 759 2564 814 usque
2607 743 2915 814 pertineat,
2949 744 3316 799 admirandis
3341 745 3584 800 verissi-

1937 832 2170 902 misque
2193 833 2397 904 probat
2426 832 2728 902 exemplis.
2759 833 2904 898 Quin
2931 833 3107 887 etiam
3128 833 3280 888 idem
3310 833 3367 887 in
3387 834 3581 888 inani-

1937 921 2135 983 mis,in
2171 921 2370 975 herbis
2399 925 2454 975 et
2483 921 2848 992 graminibus
2880 925 3058 993 atque
3093 920 3363 988 metallis,
3388 922 3437 978 si
3474 923 3584 976 vir-

1938 1015 2094 1065 tutes
2124 1012 2328 1065 noxias
2359 1014 2414 1064 et
2447 1011 2620 1066 utiles
2649 1010 3004 1080 consideres,
3030 1010 3306 1080 reperies;
3339 1017 3395 1066 et
3415 1011 3588 1082 plura

1941 1099 2177 1169 quidem
2204 1097 2477 1169 friabilia,
2503 1107 2553 1153 et
2585 1097 2701 1153 alia
2725 1099 2894 1154 ﬁrma
2925 1104 2982 1154 et
3013 1099 3183 1165 dura,
3210 1105 3274 1154 ut
3304 1100 3587 1154 adaman-

1939 1193 2078 1243 tem.
2103 1187 2302 1242 Aliter.
2329 1187 2791 1242 Imbecillitatem
2819 1188 3254 1242 corroboratam
3274 1188 3331 1242 in
3365 1188 3457 1243 his
3487 1205 3586 1244 seu

1940 1277 2051 1332 hoc
2081 1276 2204 1332 loco
2237 1276 2706 1331 imbecillissima
2756 1277 3102 1331 animalium
3137 1276 3430 1348 intelligit,
3465 1294 3590 1348 quas

1941 1366 2087 1422 hanc
2136 1365 3592 1434 irtutemvereexistendihabent,autarbitrandum

1943 1461 2032 1511 est
2061 1457 2522 1511 imbecillitatem
2555 1471 2683 1510 esse
2732 1458 3002 1509 naturam
3047 1454 3396 1520 inanimam,
3427 1471 3590 1526 pror-

1946 1564 2168 1618 susque
2201 1547 2528 1611 immotam,
2561 1563 2686 1616 quae
2717 1546 3114 1612 essentialem,
3141 1546 3198 1600 id
3224 1552 3314 1602 est
3351 1547 3592 1603 omnino

1946 1636 2228 1691 existendi
2259 1636 2535 1691 virtutem
2570 1651 2604 1689 a
2634 1634 2747 1689 Deo
2779 1635 3025 1703 accepit.

2017 1729 2044 1794 §
2075 1726 2173 1781 Ill.
2206 1728 2378 1796 Atque
2407 1725 2612 1795 ipsum,
2645 1726 2696 1778 si
2723 1727 2807 1794 fas
2836 1732 2936 1779 est.
2984 1724 3044 1778 ld
3093 1729 3183 1780 est
3230 1724 3596 1796 impossibile

194 1809 398 1866 δυνατὸν
433 1807 570 1864 εἶναί
621 1829 672 1862 τι
706 1805 874 1879 ὅλως,
911 1809 989 1881 μή
1039 1812 1200 1863 τοῦτο
1244 1814 1343 1877 τῆς
1383 1806 1527 1870 θείας
1562 1805 1838 1880 δυνάμεως

1961 1821 2076 1871 erat
2105 1814 2328 1886 aliquid
2361 1815 2601 1870 omnino
2632 1830 2782 1880 esse,
2815 1812 2931 1868 nisi
2976 1812 3174 1867 divina
3201 1813 3420 1868 virtute
3450 1812 3594 1867 illud

202 1902 395 1969 ὑποστη
405 1897 673 1972 σαμένης.

258 1988 497 2060 Δύναμιν
531 1985 614 2048 οἷς
660 1986 723 2041 τὸ
776 1986 908 2042 εἶναι
958 1984 1096 2061 ἔχει.
1148 1987 1264 2054 Τὴν
1299 1983 1526 2060 δύναμιν
1581 1987 1644 2042 οὐ
1681 1984 1844 2060 μόνον

193 2081 282 2148 τήν
315 2077 392 2140 εἷς
439 2077 505 2131 τὸ
555 2076 866 2130 συνεστάναι
900 2075 1060 2150 ἴσχὺν
1112 2081 1248 2142 νοεῖ,
1298 2073 1443 2131 ἀλλὰ
1473 2076 1560 2130 καὶ
1591 2077 1690 2144 τὴν
1723 2073 1846 2130 ἐπι-

194 2165 518 2238 τηδειότητα
565 2164 642 2227 εἰς
682 2166 746 2221 τὸ
791 2163 1026 2220 τοιῶσὸε
1075 2165 1208 2219 εἶναι
1283 2162 1510 2238 δύναμιν
1572 2164 1843 2238 σημαίνει.

195 2253 433 2312 Διάδοσιν
469 2253 528 2310 δὲ
579 2252 737 2310 καλεῖ
785 2251 1062 2326 δυνάμεως
1108 2255 1210 2324 τήν
1260 2253 1337 2316 εἷς
1365 2254 1433 2308 τὰ
1485 2250 1586 2324 ἔξω
1629 2254 1849 2330 περὶτὰ

194 2342 310 2401 ὄντα
335 2341 578 2420 πρόοδον
609 2350 710 2412 τῆς
739 2343 999 2418 προνοίας
1031 2348 1126 2396 τοῦ
1179 2346 1313 2398 Θεοῦ
1341 2346 1432 2398 xui
1483 2343 1845 2417 ἀγαθότητος,

193 2435 259 2496 εἰς
307 2435 369 2489 τὸ
419 2435 557 2488 εἶναι
606 2432 674 2487 τὰ
721 2428 851 2487 ὄντα
898 2431 988 2486 καὶ
1038 2438 1416 2507 παραχθῆναι.
1469 2433 1569 2486 Καὶ
1623 2436 1847 2508 πρώτην

193 2527 276 2598 μὲν
310 2523 542 2596 δύναμίν
600 2544 730 2600 φησι
778 2525 876 2592 τήν
927 2528 1034 2578 τῶν
1087 2524 1276 2578 ὄντων·
1312 2528 1482 2578 ταῦτα
1531 2520 1588 2576 δέ
1643 2522 1745 2577 εἰσι
1784 2523 1852 2577 τὰ

187 2616 368 2685 νοητὰ,
401 2614 492 2668 καὶ
526 2613 790 2685 ἀσώματα
819 2608 945 2667 ὄντα
978 2611 1266 2687 λεγόμενα,
1299 2612 1375 2676 ὡς
1421 2612 1678 2670 ἀθάνατα.
1734 2617 1852 2676 τοῖς

193 2701 244 2759 δέ
287 2725 348 2779 γε
398 2707 624 2772 νοητοῖς
676 2705 719 2738 ⁸⁷
762 2702 852 2755 καὶ
902 2702 970 2756 τά
1009 2701 1173 2778 νοερά
1228 2701 1708 2777 συγκατατακτέον,
1775 2702 1848 2764 ὡς

191 2791 422 2867 ψυχικὰς
452 2790 550 2853 τὰς
583 2789 671 2845 καὶ
703 2787 934 2865 λογικάς
982 2795 1073 2844 νῦν
1125 2787 1451 2864 λεγομένας·
1493 2792 1522 2846 ὁ
1553 2791 1656 2865 γὰρ
1689 2790 1853 2867 λόγος

191 2886 302 2942 νοῦς
351 2879 490 2948 ἑστι,
538 2878 659 2933 καθ’
704 2878 760 2932 ’ὸν
793 2880 828 2946 ἡ
861 2879 1015 2953 ψυχὴ
1069 2879 1188 2932 καθ’
1247 2873 1508 2933 ὑπόϐασιν
1560 2879 1694 2953 μετά
1720 2879 1848 2941 τοὺς

192 2967 462 3044 ἀγγέλους
522 2967 684 3041 νοερὰ
733 2964 967 3042 λέγεται.
1017 2969 1151 3036 Εἶτα
1199 2967 1289 3021 καὶ
1340 2967 1542 3037 ταύτης
1589 2967 1848 3041 ὑφεςμένη

200 3057 430 3131 δύναμις
481 3059 518 3126 ἡ
560 3056 874 3127 αἰσθητικὴ,
909 3058 943 3124 ἡ
975 3059 1081 3108 τῶν
1133 3054 1400 3130 ἐμψύχων
1444 3055 1684 3132 ἀλόγων·
1740 3059 1854 3112 εἶτα

193 3147 492 3218 ἡζωτικὴ,
545 3145 635 3200 καὶ
685 3147 720 3214 ἡ
779 3144 999 3218 φυτικὴ,
1032 3146 1065 3212 ἡ
1097 3149 1204 3199 τῶν
1260 3149 1440 3221 φυτῶν
1486 3147 1732 3200 ἁπάντων
1760 3147 1851 3201 καὶ

1958 1906 2333 1978 producente.

2028 1995 2176 2051 I95
2212 1996 2526 2050 Potentiam
2575 1993 2734 2048 habet
2780 1995 2838 2046 ut
2876 1991 2966 2047 sit.
3021 1995 3128 2046 Per
3174 1990 3449 2046 virtutem
3485 2007 3596 2046 non

1957 2089 2185 2139 tantum
2219 2083 2508 2155 intelliget
2537 2083 2653 2137 vim
2687 2083 2756 2136 ad
2787 2081 3254 2147 consistendum,
3288 2080 3387 2134 sed
3420 2079 3598 2134 etiam

1958 2173 2253 2245 signiﬁcat
2282 2172 2673 2244 aptitudinem
2708 2175 2772 2225 ut
2792 2170 2892 2224 tali
2923 2170 3096 2224 modo
3128 2169 3206 2224 sit
3232 2169 3453 2226 virtus:
3481 2167 3605 2221 dis-

1957 2261 2340 2316 tributionem
2374 2277 2507 2316 vero
2549 2259 2786 2314 virtutis
2835 2262 3003 2313 vocat
3049 2273 3424 2329 progressum
3475 2273 3601 2327 pro-

1958 2351 2229 2405 videntiae
2259 2354 2317 2404 et
2349 2348 2628 2404 bonitatis
2658 2348 2756 2402 Dei
2788 2349 2858 2403 ad
2891 2352 3050 2402 extra
3082 2347 3236 2400 circa
3265 2362 3378 2409 res,
3407 2350 3472 2399 ut
3493 2345 3604 2398 illae

1961 2441 2079 2494 sint
2108 2444 2165 2494 et
2195 2439 2612 2509 producantur.
2655 2438 2723 2491 Et
2763 2436 3020 2507 primum
3052 2436 3292 2506 quidem
3325 2434 3603 2488 virtutem

1959 2528 2101 2583 dicit
2129 2544 2256 2582 eam
2289 2544 2415 2599 quae
2447 2532 2536 2581 est
2566 2524 2789 2580 entium
2818 2541 2915 2579 seu
2948 2524 3446 2590 substantiarum;
3481 2523 3602 2576 hac

1960 2626 2154 2673 autem
2209 2621 2350 2671 sunt
2398 2613 2795 2686 intelligibilia
2824 2619 2882 2668 et
2913 2612 3259 2683 incorporea
3289 2628 3415 2682 quae
3449 2613 3607 2666 entia

1959 2707 2239 2761 dicuntur
2271 2709 2335 2759 ut
2360 2703 2762 2770 immortalia;
2794 2719 2927 2757 cum
2959 2701 3440 2771 intelligibilibus
3473 2716 3606 2754 vero

1960 2797 2134 2850 etiam
2167 2793 2572 2865 conjungenda
2603 2797 2744 2847 sunt
2773 2808 2838 2846 ea
2869 2808 2993 2862 quae
3043 2791 3401 2861 intelligunt,
3455 2789 3609 2842 sicut

1962 2885 2173 2940 animae
2206 2900 2333 2955 qua
2365 2881 2685 2938 rationales
2717 2881 2890 2936 modo
2924 2880 3202 2934 dicuntur
3233 2881 3420 2934 :ratio
3451 2879 3605 2932 enim

1963 2977 2053 3028 est
2085 2989 2250 3027 mens
2283 2988 2384 3042 per
2410 2986 2587 3040 quam
2616 2969 2814 3024 anima
2831 2969 3155 3024 secundum
3181 2967 3611 3038 subjectionem

1964 3066 2094 3133 post
2119 3061 2381 3133 angelos,
2415 3077 2517 3116 seu
2550 3059 2608 3113 in
2632 3059 2818 3129 gradu
2852 3057 3078 3128 angelis
3107 3056 3368 3122 inferior,
3395 3054 3609 3110 intelli-

1964 3168 2107 3221 gens
2137 3150 2371 3204 dicitur.
2407 3151 2608 3204 Postea
2641 3148 2775 3202 huic
2805 3147 3042 3202 subdita
3081 3154 3167 3201 est
3192 3146 3377 3201 virtus
3417 3145 3611 3200 sensi-

196 3239 458 3310 βοτανῶν,
517 3234 638 3297 καθ’
692 3233 758 3303 ἥν
818 3233 1047 3308 φυτικὴν
1111 3235 1253 3303 ζωὴν
1303 3234 1545 3298 ἀνθοῦσι’
1604 3236 1736 3308 μετὰ
1794 3233 1845 3290 δὲ

1964 3241 2077 3294 tiva
2099 3239 2492 3293 animatorum
2521 3235 3068 3300 brutorum,deinde
3082 3233 3372 3300 vitalis,ac
3391 3237 3615 3306 vegeta-

191 3328 357 3388 πάσας
387 3327 423 3393 ἡ
459 3320 734 3393 οὗσιώδης
769 3320 1018 3396 δύναμις,
1062 3320 1336 3377 τουτέστιν
1368 3326 1402 3392 ἡ
1435 3328 1541 3378 τῶν
1592 3324 1844 3400 ἀψύχων,

191 3417 301 3468 οἷον
326 3417 439 3466 τῶν
481 3409 853 3484 μεταλλικῶν,
885 3411 974 3465 καὶ
1008 3408 1405 3487 γεωδεστέρων,
1443 3412 1564 3481 ἥτις
1595 3411 1846 3487 δύναμις,

191 3505 580 3573 ἡαδνιστῶσα,
612 3501 702 3554 καὶ
753 3500 830 3562 εἷς
886 3501 949 3554 τὸ
996 3502 1133 3554 εἶναι
1190 3498 1425 3575 διαρκεῖν
1473 3507 1726 3569 ποιοῦσα,
1757 3504 1846 3558 καὶ

189 3595 282 3661 τήν
314 3597 427 3646 τῶν
459 3591 778 3660 ποιοτήτων
809 3586 1038 3661 δύναμιν
1064 3585 1253 3644 δίδωσι
1281 3595 1496 3664 θερμῶν
1529 3593 1564 3662 ἢ
1592 3596 1846 3668 ψυχρῶν,

190 3683 222 3749 ἢ
266 3685 376 3733 τῶν
426 3679 551 3751 ἑξῆς
599 3675 862 3752 κράσεων·
915 3675 1004 3730 καὶ
1053 3674 1178 3747 ἤτοι
1223 3677 1474 3754 ὠφελεῖν,
1527 3680 1560 3748 ἢ
1615 3679 1848 3735 τοιῶσδε

192 3767 448 3847 ὠφελεῖν.
488 3765 589 3824 Καὶ
639 3767 734 3824 τὰς
788 3765 1066 3841 ὀρεκτικάς
1115 3764 1171 3821 δὲ
1223 3764 1496 3839 δυνάμεις,
1528 3773 1626 3823 τοῦ
1672 3769 1846 3833 θέλειν

191 3859 269 3912 ἀεὶ
303 3859 396 3931 [τὰ
429 3853 652 3931 λογικὰ]
707 3850 961 3918 δύνασθαι
1014 3854 1104 3908 καὶ
1147 3853 1452 3928 ἐπιθυμεῖν,
1509 3858 1536 3911 ὁ
1584 3863 1847 3933 χορηγῶν

191 3948 301 4002 ἐστι
333 3946 492 4009 Θεὸς,
522 3944 614 3999 καὶ
645 3941 877 4016 δυναμοῖ
930 3945 1066 4018 πρὸς
1113 3942 1296 4022 φιλίαν
1345 3945 1413 4000 τά
1458 3947 1737 4020 ἡνωμένα,
1763 3948 1853 4003 καὶ

194 4037 331 4111 πρὸς
365 4033 681 4101 κοινωνίαν,
727 4031 972 4087 τουτέστι
1023 4034 1091 4088 τά
1151 4032 1434 4109 σπέρματα
1481 4034 1693 4090 πάντων
1727 4034 1852 4105 ἤτοι

195 4127 258 4180 τὰ
288 4128 550 4199 στοιχεῖα
596 4122 922 4195 συμμέτρως
970 4122 1107 4193 πρὸς
1157 4121 1382 4178 σύνοδον
1435 4122 1712 4192 ὁδεύοντα,
1763 4126 1853 4180 καὶ

194 4216 330 4289 πρὸς
363 4211 597 4282 ἄλληλα
628 4209 944 4285 μιγνύμενα,
979 4211 1065 4266 καὶ
1117 4210 1493 4281 πλησιάζοντα
1539 4215 1747 4288 πράως,
1781 4215 1856 4276 εἷς

196 4302 426 4377 δύναμιν
461 4302 580 4375 ἄγει
609 4305 706 4353 τοῦ
754 4299 819 4354 τὰ
871 4299 1102 4370 αἰσθητά
1133 4300 1300 4372 ὃμοια
1338 4307 1546 4377 γεννᾷν.
1583 4305 1694 4372 Τῆς
1727 4308 1854 4379 γοῦν

195 4393 446 4453 ὶνώσεως
497 4387 722 4456 ταύτης,
773 4387 862 4442 καὶ
906 4392 1002 4442 τοῦ
1065 4388 1334 4464 μίγματος
1392 4395 1497 4445 τῶν
1559 4393 1855 4465 ἡνωμένων

198 4482 271 4544 εἰς
303 4479 518 4557 φιλίαν,
554 4478 629 4542 ὡς
654 4475 883 4554 ἔφημεν,
915 4477 1204 4553 στοιχείων
1234 4478 1574 4554 τρεπομένου
1605 4481 1682 4543 εἷς
1739 4479 1858 4536 δια-

1958 3329 2073 3383 tiva
2107 3328 2448 3400 plantarum
2479 3326 2746 3380 omnium
2779 3341 2845 3379 ac
2879 3324 3216 3393 herbarum,
3261 3341 3390 3394 quae
3436 3338 3615 3393 vege-

1955 3419 2137 3474 tativa
2193 3417 2312 3472 vita
2373 3417 2580 3469 florent
2613 3432 2625 3468 :
2658 3419 2788 3484 post
2847 3429 3052 3468 omnes
3105 3429 3237 3468 vero
3281 3416 3371 3466 est
3429 3411 3614 3466 virtus

1958 3507 2312 3572 essentialis,
2346 3505 2402 3559 id
2437 3508 2522 3559 est
2545 3503 2968 3566 inanimorum,
2994 3501 3218 3556 scilicet
3240 3499 3610 3555 metallorum

1958 3612 2059 3650 seu
2091 3593 2483 3660 mineralium,
2510 3609 2638 3664 quae
2657 3592 2849 3646 virtus
2899 3589 3290 3657 constituens,
3323 3593 3500 3658 atque
3532 3587 3613 3641 fa-

1958 3685 2117 3739 ciens
2148 3688 2210 3738 ut
2239 3682 2298 3736 in
2332 3698 2461 3738 esse
2496 3681 2836 3753 persistant,
2864 3684 2919 3734 et
2940 3679 3055 3734 vim
3092 3677 3443 3748 qualitatum
3469 3677 3608 3731 cali-

1959 3775 2166 3829 darum
2192 3777 2292 3827 aut
2311 3771 2651 3842 frigidarum
2676 3775 2778 3824 aut
2802 3767 3164 3839 reliquorum
3188 3772 3615 3836 temperamen-

1959 3868 2151 3918 torum
2173 3861 2400 3927 tribuit,
2433 3864 2491 3916 et
2510 3860 2747 3930 quidem
2777 3858 3058 3929 prodesse
3078 3865 3175 3911 aut
3203 3856 3288 3912 sic
3311 3857 3611 3927 prodesse.

1959 3953 2271 4023 Appetivas
2303 3966 2535 4022 quoque
2578 3950 2823 4004 virtutes
2871 3946 3101 4000 volendi
3154 3961 3382 4016 semper
3413 3943 3614 4015 [ratio-

1963 4039 2139 4112 nalia]
2169 4056 2339 4111 posse
2369 4042 2426 4092 et
2446 4036 2720 4108 cupiendi
2759 4040 2904 4088 Deus
2928 4033 3179 4105 largitur
3204 4038 3262 4086 et
3282 4031 3614 4086 corroborat

1964 4129 2130 4183 unita
2144 4129 2212 4183 ad
2233 4127 2552 4182 amicitiam
2577 4131 2632 4179 et
2646 4122 3146 4186 communionem,
3163 4121 3221 4176 id
3241 4125 3332 4175 est
3353 4119 3616 4175 omnium

1967 4219 2193 4272 semina
2215 4233 2316 4272 seu
2341 4215 2629 4270 elementa
2653 4213 2722 4267 ad
2749 4227 3132 4281 congressum
3161 4210 3455 4264 moderate
3481 4224 3616 4279 pr0«

1967 4306 2230 4369 deuntia,
2261 4312 2317 4360 et
2356 4306 2509 4358 inter
2556 4319 2618 4356 se
2651 4301 2847 4368 mista,
2903 4305 2958 4354 et
3009 4298 3214 4354 leviter
3263 4297 3617 4361 accedentia,

1967 4397 2128 4452 ducit
2176 4397 2234 4450 in
2280 4395 2553 4448 virtutem
2586 4389 2826 4446 sensilia
2859 4388 3075 4443 similia
3126 4385 3467 4458 generandi.
3505 4385 3622 4438 Hoc

1967 4486 2148 4557 igitur
2184 4481 2599 4552 conjunctione
2649 4483 2707 4534 et
2757 4480 3205 4548 coniunctorum
3256 4473 3531 4530 mistione
3560 4472 3623 4527 in

196 4572 371 4648 φορὲιν
401 4568 494 4624 καὶ
526 4568 837 4645 χωρισμὸν,
889 4563 1274 4642 διακρινόμενα
1322 4569 1389 4622 τά
1435 4569 1573 4642 μέρη
1622 4572 1845 4644 χωρίζε-

1971 4573 2289 4630 amicitiam
2318 4573 2405 4642 (ut
2428 4569 2709 4638 diximus)
2741 4568 3166 4623 elementorum
3207 4564 3265 4619 in
3319 4562 3622 4619 diversita-

195 4681 285 4714 ται
321 4659 401 4721 εἷς
435 4657 669 4733 γενέσεις
698 4655 788 4710 καὶ
842 4657 1019 4725 ζώων,
1050 4656 1139 4710 καὶ
1192 4662 1397 4734 φυτῶν,
1441 4658 1532 4712 xui
1561 4663 1667 4714 τῶν
1716 4658 1857 4730 ἑξῆς*

198 4750 290 4804 xui
343 4741 619 4821 λαμϐάνει
671 4746 850 4808 θεόθεν
900 4746 934 4814 ἡ
974 4742 1244 4822 διάκρισις
1295 4746 1452 4817 αὕτη,
1502 4743 1624 4817 ἤτοι
1675 4749 1702 4804 ὁ
1746 4769 1862 4824 χω-

203 4838 406 4913 ρισμὸς
441 4833 672 4907 δύναμιν
707 4831 786 4895 εἷς
815 4832 879 4887 τὸ
934 4834 1065 4887 εἶναι
1098 4834 1186 4887 καὶ
1233 4837 1569 4910 παραγωγὴν
1599 4841 1694 4891 τοῦ
1729 4837 1860 4892 εἶναι

203 4930 268 4980 τά
305 4927 431 4980 κατ’
479 4921 621 4985 εἶδος
667 4922 946 4998 γινόμενα.
978 4922 1080 4984 Τάς
1133 4920 1224 4977 οὖν
1275 4924 1575 5000 συγκρίσεις
1622 4926 1710 4980 καὶ
1744 4925 1862 4980 δια-

202 5015 416 5086 κρίσεις
467 5014 686 5074 ἑνώσεις
735 5011 824 5066 καὶ
878 5009 1065 5089 φιλίας
1119 5008 1243 5089 ἔφη,
1293 5013 1381 5067 καὶ
1440 5013 1724 5089 ἀσύγχυτα
1774 5016 1863 5070 καὶ

205 5105 536 5182 ἀσύμφυρτα
563 5103 630 5157 τά
674 5097 791 5168 εἷ’δη
849 5098 1116 5175 διάκρισιν
1171 5100 1443 5174 ὠνόμασε.
1498 5104 1862 5176 [Σημείωσαι,

211 5196 284 5256 ὡς
313 5194 406 5249 καὶ
437 5191 604 5261 αὐτὴν
637 5189 735 5259 τὴν
772 5183 947 5267 ἔφεσιν
983 5189 1041 5244 ix
1069 5194 1202 5245 Θεοῧ
1235 5188 1453 5266 ἔχουσιν
1487 5193 1542 5246 αἱ
1581 5194 1864 5267 ἀγγελικαὶ

213 5280 518 5356 δυνάμεις]

289 5371 390 5426 Καὶ
435 5371 497 5424 τὸ
546 5369 679 5425 εἶναι
735 5371 921 5424 ταῦτα.
972 5370 1036 5426 Ἡ
1084 5373 1192 5423 τῶν
1231 5365 1402 5425 ὄντων
1451 5369 1607 5449 φύσις
1642 5373 1704 5428 τὸ
1737 5374 1865 5429 εἶναι

292 5489 374 5562 (h)
401 5491 536 5560 Cap.
569 5506 609 5559 ι,
631 5488 753 5542 2-4.

1973 4669 2089 4719 tem
2123 4665 2179 4717 et
2208 4659 2635 4730 separationem
2667 4672 2968 4722 conversa,
2989 4663 3180 4726 partes
3204 4653 3498 4708 distinctae
3530 4667 3624 4706 se-

1973 4754 2254 4823 parantur
2273 4750 2326 4802 in
2345 4765 2411 4819 ge
2423 4743 3182 4802 nerationibusanimalium
3204 4747 3259 4796 et
3282 4741 3618 4813 plantarum

1975 4858 2039 4896 ac
2065 4849 2404 4896 czeterorum
2457 4852 2470 4890 :
2526 4837 2762 4905 haecque
2815 4833 3119 4888 distinctio
3179 4846 3283 4886 seu
3329 4829 3623 4899 separatio

1973 4929 2185 5000 accipit
2205 4927 2487 4982 divinitus
2509 4925 2780 4978 virtutem
2808 4926 2873 4976 ut
2899 4920 2996 4985 sit,
3025 4925 3082 4975 et
3107 4918 3376 4989 singulas
3399 4915 3625 4986 species

1976 5017 2432 5091 producatErgo
2450 5012 2893 5082 conjunctiones
2907 5015 2963 5064 et
2981 5010 3389 5063 distinctiones
3405 5005 3622 5060 unitio-

1976 5124 2079 5162 nes
2093 5112 2147 5161 et
2167 5105 2456 5160 amicitias
2471 5105 2502 5156 d
2517 5102 2819 5171 ixit,atque
2841 5115 2954 5153 non
2971 5099 3244 5152 confusas
3259 5100 3315 5149 et
3333 5111 3447 5149 non
3464 5110 3625 5148 com-

1976 5197 2184 5251 mistas
2215 5193 2440 5265 species
2459 5192 2866 5247 distinctionem
2897 5185 3233 5242 nominavit.
3268 5183 3439 5252 [Nola
3463 5183 3620 5255 quod

1977 5285 2254 5341 unionem
2285 5282 2476 5353 ipsam
2507 5298 2576 5336 ex
2617 5281 2733 5336 Deo
2782 5278 3001 5333 habent
3032 5274 3274 5330 virtutes
3307 5271 3628 5345 angelicae].

2047 5377 2112 5431 Et
2140 5390 2254 5430 esse
2285 5373 2416 5429 haec.
2450 5376 2672 5426 Natura
2700 5384 2897 5424 rerum
2949 5363 3160 5437 quaerit
3200 5379 3328 5420 esse
3368 5377 3483 5418 non
3519 5360 3626 5415 cli-

1217 5577 1459 5635 VARL‘E
1498 5578 1896 5639 LECTIUNES
1937 5583 2024 5639 ET
2064 5576 2626 5638 CORRECTIONES.

300 5667 345 5702 ⁸⁷
376 5669 601 5740 νοεροῖςο
