  <div class='ocr_page' id='page_1' title='image "/cluster/home/n/w/nwhite01/storage/ocr_20150623/4/mdp.39015078384529/189.png"; bbox 0 0 4080 6366; ppageno 0'>
   <div class='ocr_carea' id='block_1_1' title="bbox 461 357 567 412">
    <p class='ocr_par' dir='ltr' id='par_1_1' title="bbox 461 357 567 412">
     <span class='ocr_line' id='line_1_1' title="bbox 461 357 567 412; baseline -0.009 0"><span class='ocrx_word' id='word_1_1' title='bbox 461 357 567 412; x_wconf 84' lang='grc'>359</span> 
     </span>
    </p>
   </div>
   <div class='ocr_carea' id='block_1_2' title="bbox 1286 341 3056 404">
    <p class='ocr_par' dir='ltr' id='par_1_2' title="bbox 1286 341 3056 404">
     <span class='ocr_line' id='line_1_2' title="bbox 1286 341 3056 404; baseline -0.003 -1"><span class='ocrx_word' id='word_1_2' title='bbox 1286 348 1652 404; x_wconf 83' lang='lat' dir='ltr'>APPENDIX</span> <span class='ocrx_word' id='word_1_3' title='bbox 1688 349 1784 401; x_wconf 82' lang='lat' dir='ltr'><strong>AD</strong></span> <span class='ocrx_word' id='word_1_4' title='bbox 1821 345 2062 400; x_wconf 81' lang='lat' dir='ltr'>OPERA</span> <span class='ocrx_word' id='word_1_5' title='bbox 2101 344 2160 396; x_wconf 85' lang='lat' dir='ltr'>S.</span> <span class='ocrx_word' id='word_1_6' title='bbox 2199 341 2518 398; x_wconf 82' lang='lat' dir='ltr'>DIONYSII</span> <span class='ocrx_word' id='word_1_7' title='bbox 2558 342 3056 400; x_wconf 68' lang='lat' dir='ltr'>AREOPAGITE.</span> 
     </span>
    </p>
   </div>
   <div class='ocr_carea' id='block_1_3' title="bbox 3779 352 3885 407">
    <p class='ocr_par' dir='ltr' id='par_1_3' title="bbox 3779 352 3885 407">
     <span class='ocr_line' id='line_1_3' title="bbox 3779 352 3885 407; baseline -0.019 0"><span class='ocrx_word' id='word_1_8' title='bbox 3779 352 3885 407; x_wconf 90' lang='lat'>360</span> 
     </span>
    </p>
   </div>
   <div class='ocr_carea' id='block_1_4' title="bbox 464 461 2105 552">
    <p class='ocr_par' dir='ltr' id='par_1_4' title="bbox 464 466 2105 552">
     <span class='ocr_line' id='line_1_4' title="bbox 464 466 2105 552; baseline -0.011 -15"><span class='ocrx_word' id='word_1_9' title='bbox 464 483 671 552; x_wconf 69' lang='lat' dir='ltr'>gendo,</span> <span class='ocrx_word' id='word_1_10' title='bbox 705 481 802 535; x_wconf 89' lang='lat' dir='ltr'>sed</span> <span class='ocrx_word' id='word_1_11' title='bbox 846 475 1192 534; x_wconf 78' lang='lat' dir='ltr'>necessitate</span> <span class='ocrx_word' id='word_1_12' title='bbox 1248 477 1306 529; x_wconf 82' lang='lat' dir='ltr'>et</span> <span class='ocrx_word' id='word_1_13' title='bbox 1361 471 1613 526; x_wconf 82' lang='lat' dir='ltr'>utilitate</span> <span class='ocrx_word' id='word_1_14' title='bbox 1669 466 2028 524; x_wconf 74' lang='lat' dir='ltr'>existentias:</span> <span class='ocrx_word' id='word_1_15' title='bbox 2063 468 2105 519; x_wconf 78' lang='lat' dir='ltr'>el</span> 
     </span>
    </p>
   </div>
   <div class='ocr_carea' id='block_1_5' title="bbox 2231 461 3883 552">
    <p class='ocr_par' dir='ltr' id='par_1_5' title="bbox 2231 461 3883 547">
     <span class='ocr_line' id='line_1_5' title="bbox 2231 461 3883 547; baseline 0.007 -31"><span class='ocrx_word' id='word_1_16' title='bbox 2231 461 2476 534; x_wconf 80' lang='grc' dir='ltr'>ἐπιζητεῖ</span> <span class='ocrx_word' id='word_1_17' title='bbox 2523 465 2582 519; x_wconf 82' lang='grc' dir='ltr'>οὐ</span> <span class='ocrx_word' id='word_1_18' title='bbox 2632 472 3051 541; x_wconf 82' lang='grc' dir='ltr'>προαιρετικῶς,</span> <span class='ocrx_word' id='word_1_19' title='bbox 3099 466 3245 524; x_wconf 84' lang='grc' dir='ltr'>ἀλλὰ</span> <span class='ocrx_word' id='word_1_20' title='bbox 3270 474 3351 542; x_wconf 76' lang='grc' dir='ltr'>τῷ</span> <span class='ocrx_word' id='word_1_21' title='bbox 3397 471 3676 547; x_wconf 82' lang='grc' dir='ltr'>ἀναγκαίῳ</span> <span class='ocrx_word' id='word_1_22' title='bbox 3703 495 3763 529; x_wconf 90' lang='grc' dir='ltr'>τε</span> <span class='ocrx_word' id='word_1_23' title='bbox 3793 475 3883 530; x_wconf 81' lang='grc' dir='ltr'>καὶ</span> 
     </span>
    </p>
   </div>
   <div class='ocr_carea' id='block_1_6' title="bbox 464 556 2114 642">
    <p class='ocr_par' dir='ltr' id='par_1_6' title="bbox 464 556 2114 642">
     <span class='ocr_line' id='line_1_6' title="bbox 464 556 2114 642; baseline -0.01 -17"><span class='ocrx_word' id='word_1_24' title='bbox 464 571 572 625; x_wconf 92' lang='lat' dir='ltr'>hoc</span> <span class='ocrx_word' id='word_1_25' title='bbox 599 569 780 642; x_wconf 83' lang='lat' dir='ltr'>igitur</span> <span class='ocrx_word' id='word_1_26' title='bbox 809 567 952 622; x_wconf 87' lang='lat' dir='ltr'>dicit</span> <span class='ocrx_word' id='word_1_27' title='bbox 982 567 1062 621; x_wconf 79' lang='lat' dir='ltr'>ita</span> <span class='ocrx_word' id='word_1_28' title='bbox 1090 580 1224 632; x_wconf 77' lang='lat' dir='ltr'>esse,</span> <span class='ocrx_word' id='word_1_29' title='bbox 1259 569 1431 633; x_wconf 88' lang='lat' dir='ltr'>atque</span> <span class='ocrx_word' id='word_1_30' title='bbox 1459 561 1575 614; x_wconf 89' lang='lat' dir='ltr'>vim</span> <span class='ocrx_word' id='word_1_31' title='bbox 1609 561 1737 629; x_wconf 84' lang='lat' dir='ltr'>ejus</span> <span class='ocrx_word' id='word_1_32' title='bbox 1769 556 1922 628; x_wconf 92' lang='lat' dir='ltr'>quod</span> <span class='ocrx_word' id='word_1_33' title='bbox 1956 571 2114 625; x_wconf 69' lang='lat' dir='ltr'>quae-</span> 
     </span>
    </p>
   </div>
   <div class='ocr_carea' id='block_1_7' title="bbox 463 643 2112 728">
    <p class='ocr_par' dir='ltr' id='par_1_7' title="bbox 463 643 2112 728">
     <span class='ocr_line' id='line_1_7' title="bbox 463 643 2112 728; baseline -0.01 -15"><span class='ocrx_word' id='word_1_34' title='bbox 463 661 613 714; x_wconf 86' lang='lat' dir='ltr'>ritur</span> <span class='ocrx_word' id='word_1_35' title='bbox 642 663 927 728; x_wconf 83' lang='lat' dir='ltr'>tanquam</span> <span class='ocrx_word' id='word_1_36' title='bbox 988 651 1385 709; x_wconf 88' lang='lat' dir='ltr'>necessarium</span> <span class='ocrx_word' id='word_1_37' title='bbox 1419 665 1549 705; x_wconf 87' lang='lat' dir='ltr'>esse</span> <span class='ocrx_word' id='word_1_38' title='bbox 1595 665 1627 703; x_wconf 91' lang='lat' dir='ltr'>a</span> <span class='ocrx_word' id='word_1_39' title='bbox 1661 647 1858 701; x_wconf 89' lang='lat' dir='ltr'>divina</span> <span class='ocrx_word' id='word_1_40' title='bbox 1889 649 1946 699; x_wconf 88' lang='lat' dir='ltr'>et</span> <span class='ocrx_word' id='word_1_41' title='bbox 1977 643 2112 697; x_wconf 81' lang='lat' dir='ltr'>infi-</span> 
     </span>
    </p>
   </div>
   <div class='ocr_carea' id='block_1_8' title="bbox 467 746 900 804">
    <p class='ocr_par' dir='ltr' id='par_1_8' title="bbox 467 746 900 804">
     <span class='ocr_line' id='line_1_8' title="bbox 467 746 900 804; baseline -0.007 -2"><span class='ocrx_word' id='word_1_42' title='bbox 467 749 590 804; x_wconf 89' lang='lat' dir='ltr'>nita</span> <span class='ocrx_word' id='word_1_43' title='bbox 620 746 900 802; x_wconf 84' lang='lat' dir='ltr'>essentia.</span> 
     </span>
    </p>
   </div>
   <div class='ocr_carea' id='block_1_9' title="bbox 535 911 2113 998">
    <p class='ocr_par' dir='ltr' id='par_1_9' title="bbox 535 911 2113 998">
     <span class='ocr_line' id='line_1_9' title="bbox 535 911 2113 998; baseline -0.011 -16"><span class='ocrx_word' id='word_1_44' title='bbox 535 928 704 998; x_wconf 80' lang='lat' dir='ltr'>Atque</span> <span class='ocrx_word' id='word_1_45' title='bbox 723 925 1071 991; x_wconf 75' lang='lat' dir='ltr'>directiones,</span> <span class='ocrx_word' id='word_1_46' title='bbox 1096 924 1191 976; x_wconf 63' lang='lat' dir='ltr'>(ir.</span> <span class='ocrx_word' id='word_1_47' title='bbox 1227 919 1314 973; x_wconf 78' lang='grc' dir='ltr'>καὶ</span> <span class='ocrx_word' id='word_1_48' title='bbox 1349 913 1743 988; x_wconf 78' lang='grc' dir='ltr'>εὑθημοσύνας.</span> <span class='ocrx_word' id='word_1_49' title='bbox 1795 913 1944 968; x_wconf 76' lang='lat' dir='ltr'>I96</span> <span class='ocrx_word' id='word_1_50' title='bbox 2005 911 2113 966; x_wconf 78' lang='lat' dir='ltr'>E6-</span> 
     </span>
    </p>
   </div>
   <div class='ocr_carea' id='block_1_10' title="bbox 465 1003 2113 1087">
    <p class='ocr_par' dir='ltr' id='par_1_10' title="bbox 465 1003 2113 1087">
     <span class='ocr_line' id='line_1_10' title="bbox 465 1003 2113 1087; baseline -0.008 -17"><span class='ocrx_word' id='word_1_51' title='bbox 465 1013 778 1087; x_wconf 72' lang='grc' dir='ltr'>θημοσῦνας</span> <span class='ocrx_word' id='word_1_52' title='bbox 811 1014 954 1069; x_wconf 90' lang='lat' dir='ltr'>dicit</span> <span class='ocrx_word' id='word_1_53' title='bbox 983 1012 1304 1084; x_wconf 86' lang='lat' dir='ltr'>positiones</span> <span class='ocrx_word' id='word_1_54' title='bbox 1337 1012 1478 1065; x_wconf 89' lang='lat' dir='ltr'>bene</span> <span class='ocrx_word' id='word_1_55' title='bbox 1502 1007 1784 1062; x_wconf 82' lang='lat' dir='ltr'>habentes</span> <span class='ocrx_word' id='word_1_56' title='bbox 1808 1003 2113 1059; x_wconf 82' lang='lat' dir='ltr'>etordines</span> 
     </span>
    </p>
   </div>
   <div class='ocr_carea' id='block_1_11' title="bbox 463 1092 2115 1176">
    <p class='ocr_par' dir='ltr' id='par_1_11' title="bbox 463 1092 2115 1176">
     <span class='ocr_line' id='line_1_11' title="bbox 463 1092 2115 1176; baseline -0.008 -16"><span class='ocrx_word' id='word_1_57' title='bbox 463 1110 617 1160; x_wconf 89' lang='lat' dir='ltr'>recte</span> <span class='ocrx_word' id='word_1_58' title='bbox 667 1105 909 1176; x_wconf 85' lang='lat' dir='ltr'>positos,</span> <span class='ocrx_word' id='word_1_59' title='bbox 955 1103 1317 1172; x_wconf 90' lang='lat' dir='ltr'>decorasque</span> <span class='ocrx_word' id='word_1_60' title='bbox 1369 1097 1738 1168; x_wconf 89' lang='lat' dir='ltr'>operationes</span> <span class='ocrx_word' id='word_1_61' title='bbox 1773 1112 1784 1149; x_wconf 87' lang='lat'>:</span> <span class='ocrx_word' id='word_1_62' title='bbox 1820 1092 2115 1164; x_wconf 82' lang='lat' dir='ltr'>angelicas</span> 
     </span>
    </p>
   </div>
   <div class='ocr_carea' id='block_1_12' title="bbox 463 1177 2114 1261">
    <p class='ocr_par' dir='ltr' id='par_1_12' title="bbox 463 1177 2114 1261">
     <span class='ocr_line' id='line_1_12' title="bbox 463 1177 2114 1261; baseline -0.01 -12"><span class='ocrx_word' id='word_1_63' title='bbox 463 1201 661 1250; x_wconf 90' lang='lat' dir='ltr'>autem</span> <span class='ocrx_word' id='word_1_64' title='bbox 695 1193 971 1260; x_wconf 89' lang='lat' dir='ltr'>unitates,</span> <span class='ocrx_word' id='word_1_65' title='bbox 1014 1189 1421 1261; x_wconf 85' lang='lat' dir='ltr'>simplicitates</span> <span class='ocrx_word' id='word_1_66' title='bbox 1469 1184 1750 1256; x_wconf 77' lang='lat' dir='ltr'>intelligit</span> <span class='ocrx_word' id='word_1_67' title='bbox 1797 1187 1898 1238; x_wconf 88' lang='lat' dir='ltr'>aut</span> <span class='ocrx_word' id='word_1_68' title='bbox 1927 1177 2114 1241; x_wconf 85' lang='grc' dir='ltr'>ένάδας</span> 
     </span>
    </p>
   </div>
   <div class='ocr_carea' id='block_1_13' title="bbox 461 1274 2113 1354">
    <p class='ocr_par' dir='ltr' id='par_1_13' title="bbox 461 1274 2113 1354">
     <span class='ocr_line' id='line_1_13' title="bbox 461 1274 2113 1354; baseline -0.008 -16"><span class='ocrx_word' id='word_1_69' title='bbox 461 1289 630 1339; x_wconf 79' lang='lat' dir='ltr'>vocat</span> <span class='ocrx_word' id='word_1_70' title='bbox 663 1283 924 1354; x_wconf 88' lang='lat' dir='ltr'>ipsorum</span> <span class='ocrx_word' id='word_1_71' title='bbox 958 1280 1349 1335; x_wconf 89' lang='lat' dir='ltr'>essentiarum</span> <span class='ocrx_word' id='word_1_72' title='bbox 1402 1274 1846 1346; x_wconf 82' lang='lat' dir='ltr'>simplicitatem</span> <span class='ocrx_word' id='word_1_73' title='bbox 1879 1279 1935 1327; x_wconf 91' lang='lat' dir='ltr'>et</span> <span class='ocrx_word' id='word_1_74' title='bbox 1982 1287 2113 1326; x_wconf 92' lang='lat' dir='ltr'>cor-</span> 
     </span>
    </p>
   </div>
   <div class='ocr_carea' id='block_1_14' title="bbox 457 1364 2112 1444">
    <p class='ocr_par' dir='ltr' id='par_1_14' title="bbox 457 1364 2112 1444">
     <span class='ocr_line' id='line_1_14' title="bbox 457 1364 2112 1444; baseline -0.008 -17"><span class='ocrx_word' id='word_1_75' title='bbox 457 1373 615 1444; x_wconf 85' lang='lat' dir='ltr'>poris</span> <span class='ocrx_word' id='word_1_76' title='bbox 650 1373 1036 1442; x_wconf 83' lang='lat' dir='ltr'>privationem</span> <span class='ocrx_word' id='word_1_77' title='bbox 1068 1385 1133 1423; x_wconf 90' lang='lat' dir='ltr'>ac</span> <span class='ocrx_word' id='word_1_78' title='bbox 1166 1365 1667 1422; x_wconf 81' lang='lat' dir='ltr'>immortalitatem</span> <span class='ocrx_word' id='word_1_79' title='bbox 1694 1381 1707 1430; x_wconf 90' lang='lat'>;</span> <span class='ocrx_word' id='word_1_80' title='bbox 1743 1366 1884 1416; x_wconf 91' lang='lat' dir='ltr'>nota</span> <span class='ocrx_word' id='word_1_81' title='bbox 1916 1364 2112 1415; x_wconf 89' lang='lat' dir='ltr'>autem</span> 
     </span>
    </p>
   </div>
   <div class='ocr_carea' id='block_1_15' title="bbox 463 1460 1373 1533">
    <p class='ocr_par' dir='ltr' id='par_1_15' title="bbox 463 1460 1373 1533">
     <span class='ocr_line' id='line_1_15' title="bbox 463 1460 1373 1533; baseline -0.007 -17"><span class='ocrx_word' id='word_1_82' title='bbox 463 1461 618 1533; x_wconf 89' lang='lat' dir='ltr'>quod</span> <span class='ocrx_word' id='word_1_83' title='bbox 652 1460 809 1514; x_wconf 87' lang='lat' dir='ltr'>dicat</span> <span class='ocrx_word' id='word_1_84' title='bbox 842 1464 1000 1514; x_wconf 89' lang='lat' dir='ltr'>astra</span> <span class='ocrx_word' id='word_1_85' title='bbox 1032 1471 1373 1528; x_wconf 87' lang='lat' dir='ltr'>perennare.</span> 
     </span>
    </p>
   </div>
   <div class='ocr_carea' id='block_1_16' title="bbox 531 1538 2114 1620">
    <p class='ocr_par' dir='ltr' id='par_1_16' title="bbox 531 1538 2114 1620">
     <span class='ocr_line' id='line_1_16' title="bbox 531 1538 2114 1620; baseline -0.006 -16"><span class='ocrx_word' id='word_1_86' title='bbox 531 1550 702 1620; x_wconf 78' lang='lat' dir='ltr'>Atque</span> <span class='ocrx_word' id='word_1_87' title='bbox 732 1549 949 1604; x_wconf 75' lang='lat' dir='ltr'>ordine:</span> <span class='ocrx_word' id='word_1_88' title='bbox 979 1546 1372 1601; x_wconf 76' lang='lat' dir='ltr'>z&#39;mmutabz&#39;les.</span> <span class='ocrx_word' id='word_1_89' title='bbox 1409 1541 1817 1600; x_wconf 86' lang='lat' dir='ltr'>lmmutabiles</span> <span class='ocrx_word' id='word_1_90' title='bbox 1849 1538 2114 1594; x_wconf 65' lang='lat' dir='ltr'>caelestes</span> 
     </span>
    </p>
   </div>
   <div class='ocr_carea' id='block_1_17' title="bbox 465 1627 2109 1708">
    <p class='ocr_par' dir='ltr' id='par_1_17' title="bbox 465 1627 2109 1708">
     <span class='ocr_line' id='line_1_17' title="bbox 465 1627 2109 1708; baseline -0.009 -14"><span class='ocrx_word' id='word_1_91' title='bbox 465 1637 757 1694; x_wconf 87' lang='lat' dir='ltr'>essentias</span> <span class='ocrx_word' id='word_1_92' title='bbox 779 1635 1039 1708; x_wconf 88' lang='lat' dir='ltr'>intellige</span> <span class='ocrx_word' id='word_1_93' title='bbox 1059 1652 1172 1689; x_wconf 90' lang='lat' dir='ltr'>non</span> <span class='ocrx_word' id='word_1_94' title='bbox 1196 1634 1346 1705; x_wconf 92' lang='lat' dir='ltr'>quod</span> <span class='ocrx_word' id='word_1_95' title='bbox 1385 1638 1607 1687; x_wconf 66' lang='lat' dir='ltr'>internas</span> <span class='ocrx_word' id='word_1_96' title='bbox 1632 1630 1785 1696; x_wconf 90' lang='lat' dir='ltr'>sint;</span> <span class='ocrx_word' id='word_1_97' title='bbox 1821 1628 1930 1700; x_wconf 90' lang='lat' dir='ltr'>ipsi</span> <span class='ocrx_word' id='word_1_98' title='bbox 1957 1627 2109 1682; x_wconf 91' lang='lat' dir='ltr'>enim</span> 
     </span>
    </p>
   </div>
   <div class='ocr_carea' id='block_1_18' title="bbox 459 1716 2108 1797">
    <p class='ocr_par' dir='ltr' id='par_1_18' title="bbox 459 1716 2108 1797">
     <span class='ocr_line' id='line_1_18' title="bbox 459 1716 2108 1797; baseline -0.008 -14"><span class='ocrx_word' id='word_1_99' title='bbox 459 1727 788 1783; x_wconf 85' lang='lat' dir='ltr'>secundum</span> <span class='ocrx_word' id='word_1_100' title='bbox 843 1725 1205 1797; x_wconf 89' lang='lat' dir='ltr'>Scripturam</span> <span class='ocrx_word' id='word_1_101' title='bbox 1254 1721 1690 1778; x_wconf 78' lang='lat' dir='ltr'>ministratrorz&#39;z&#39;</span> <span class='ocrx_word' id='word_1_102' title='bbox 1737 1718 1968 1789; x_wconf 77' lang='lat' dir='ltr'>spiritus</span> <span class='ocrx_word' id='word_1_103' title='bbox 1997 1716 2108 1786; x_wconf 80' lang='lat' dir='ltr'>(i):</span> 
     </span>
    </p>
   </div>
   <div class='ocr_carea' id='block_1_19' title="bbox 2223 553 3877 640">
    <p class='ocr_par' dir='ltr' id='par_1_19' title="bbox 2223 553 3877 640">
     <span class='ocr_line' id='line_1_19' title="bbox 2223 553 3877 640; baseline 0.007 -34"><span class='ocrx_word' id='word_1_104' title='bbox 2223 553 2490 626; x_wconf 77' lang='grc' dir='ltr'>χρησίμῳ</span> <span class='ocrx_word' id='word_1_105' title='bbox 2532 561 2634 624; x_wconf 84' lang='grc' dir='ltr'>τῆς</span> <span class='ocrx_word' id='word_1_106' title='bbox 2685 555 2986 631; x_wconf 76' lang='grc' dir='ltr'>ὑπάρξεως·</span> <span class='ocrx_word' id='word_1_107' title='bbox 3019 558 3110 611; x_wconf 84' lang='grc' dir='ltr'>καὶ</span> <span class='ocrx_word' id='word_1_108' title='bbox 3163 562 3318 613; x_wconf 86' lang='grc' dir='ltr'>τοῦτο</span> <span class='ocrx_word' id='word_1_109' title='bbox 3366 557 3456 614; x_wconf 80' lang='grc' dir='ltr'>οὗν</span> <span class='ocrx_word' id='word_1_110' title='bbox 3512 584 3644 640; x_wconf 76' lang='grc' dir='ltr'>φησι</span> <span class='ocrx_word' id='word_1_111' title='bbox 3691 564 3757 617; x_wconf 87' lang='grc' dir='ltr'>τὸ</span> <span class='ocrx_word' id='word_1_112' title='bbox 3789 561 3877 618; x_wconf 65' lang='grc' dir='ltr'>οὕς</span> 
     </span>
    </p>
   </div>
   <div class='ocr_carea' id='block_1_20' title="bbox 2220 643 3883 723">
    <p class='ocr_par' dir='ltr' id='par_1_20' title="bbox 2220 643 3883 723">
     <span class='ocr_line' id='line_1_20' title="bbox 2220 643 3883 723; baseline 0.007 -28"><span class='ocrx_word' id='word_1_113' title='bbox 2220 663 2328 702; x_wconf 90' lang='grc' dir='ltr'>τως</span> <span class='ocrx_word' id='word_1_114' title='bbox 2390 643 2546 712; x_wconf 77' lang='grc' dir='ltr'>εἶναι,</span> <span class='ocrx_word' id='word_1_115' title='bbox 2605 644 2694 698; x_wconf 79' lang='grc' dir='ltr'>καὶ</span> <span class='ocrx_word' id='word_1_116' title='bbox 2744 646 2843 713; x_wconf 76' lang='grc' dir='ltr'>τὴν</span> <span class='ocrx_word' id='word_1_117' title='bbox 2897 643 3123 718; x_wconf 81' lang='grc' dir='ltr'>δύναμιν</span> <span class='ocrx_word' id='word_1_118' title='bbox 3182 652 3280 702; x_wconf 89' lang='grc' dir='ltr'>τοῦ</span> <span class='ocrx_word' id='word_1_119' title='bbox 3338 648 3751 723; x_wconf 85' lang='grc' dir='ltr'>έπιζητεῖσθαι,</span> <span class='ocrx_word' id='word_1_120' title='bbox 3805 653 3883 714; x_wconf 85' lang='grc' dir='ltr'>ὡς</span> 
     </span>
    </p>
   </div>
   <div class='ocr_carea' id='block_1_21' title="bbox 2221 730 3880 814">
    <p class='ocr_par' dir='ltr' id='par_1_21' title="bbox 2221 730 3880 814">
     <span class='ocr_line' id='line_1_21' title="bbox 2221 730 3880 814; baseline 0.008 -30"><span class='ocrx_word' id='word_1_121' title='bbox 2221 730 2509 806; x_wconf 83' lang='grc' dir='ltr'>ἀναγκαῖον</span> <span class='ocrx_word' id='word_1_122' title='bbox 2542 733 2604 786; x_wconf 78' lang='grc' dir='ltr'>τὸ</span> <span class='ocrx_word' id='word_1_123' title='bbox 2637 735 2769 786; x_wconf 74' lang='grc' dir='ltr'>εἶναι</span> <span class='ocrx_word' id='word_1_124' title='bbox 2802 735 2947 808; x_wconf 84' lang='grc' dir='ltr'>παρά</span> <span class='ocrx_word' id='word_1_125' title='bbox 2994 741 3096 803; x_wconf 80' lang='grc' dir='ltr'>τῆς</span> <span class='ocrx_word' id='word_1_126' title='bbox 3130 735 3274 798; x_wconf 88' lang='grc' dir='ltr'>θείας</span> <span class='ocrx_word' id='word_1_127' title='bbox 3304 738 3393 792; x_wconf 79' lang='grc' dir='ltr'>καὶ</span> <span class='ocrx_word' id='word_1_128' title='bbox 3441 737 3880 814; x_wconf 87' lang='grc' dir='ltr'>ἀπειροδυνάμου</span> 
     </span>
    </p>
   </div>
   <div class='ocr_carea' id='block_1_22' title="bbox 2224 819 2428 882">
    <p class='ocr_par' dir='ltr' id='par_1_22' title="bbox 2224 819 2428 882">
     <span class='ocr_line' id='line_1_22' title="bbox 2224 819 2428 882; baseline 0.005 -8"><span class='ocrx_word' id='word_1_129' title='bbox 2224 819 2428 882; x_wconf 78' lang='grc' dir='ltr'>οὐσίας.</span> 
     </span>
    </p>
   </div>
   <div class='ocr_carea' id='block_1_23' title="bbox 2296 910 3883 992">
    <p class='ocr_par' dir='ltr' id='par_1_23' title="bbox 2296 910 3883 992">
     <span class='ocr_line' id='line_1_23' title="bbox 2296 910 3883 992; baseline 0.006 -26"><span class='ocrx_word' id='word_1_130' title='bbox 2296 911 2397 966; x_wconf 81' lang='grc' dir='ltr'>Καὶ</span> <span class='ocrx_word' id='word_1_131' title='bbox 2475 910 2871 984; x_wconf 73' lang='grc' dir='ltr'>εὐθημοσῦνας.</span> <span class='ocrx_word' id='word_1_132' title='bbox 2951 913 3341 987; x_wconf 78' lang='grc' dir='ltr'>Εὐθημοσύνας</span> <span class='ocrx_word' id='word_1_133' title='bbox 3429 919 3561 992; x_wconf 81' lang='grc' dir='ltr'>φησὶ</span> <span class='ocrx_word' id='word_1_134' title='bbox 3643 920 3740 983; x_wconf 73' lang='grc' dir='ltr'>τὰς</span> <span class='ocrx_word' id='word_1_135' title='bbox 3824 919 3883 975; x_wconf 74' lang='grc' dir='ltr'>εὖ</span> 
     </span>
    </p>
   </div>
   <div class='ocr_carea' id='block_1_24' title="bbox 2225 998 3882 1083">
    <p class='ocr_par' dir='ltr' id='par_1_24' title="bbox 2225 998 3882 1083">
     <span class='ocr_line' id='line_1_24' title="bbox 2225 998 3882 1083; baseline 0.007 -31"><span class='ocrx_word' id='word_1_136' title='bbox 2225 998 2457 1074; x_wconf 73' lang='grc' dir='ltr'>ἐχούσας</span> <span class='ocrx_word' id='word_1_137' title='bbox 2507 1002 2679 1062; x_wconf 86' lang='grc' dir='ltr'>θέσεις</span> <span class='ocrx_word' id='word_1_138' title='bbox 2735 1002 2826 1056; x_wconf 84' lang='grc' dir='ltr'>καὶ</span> <span class='ocrx_word' id='word_1_139' title='bbox 2872 1001 3045 1075; x_wconf 78' lang='grc' dir='ltr'>τάξεις</span> <span class='ocrx_word' id='word_1_140' title='bbox 3106 1002 3353 1067; x_wconf 81' lang='grc' dir='ltr'>εὐθέτους</span> <span class='ocrx_word' id='word_1_141' title='bbox 3408 1006 3498 1060; x_wconf 81' lang='grc' dir='ltr'>καὶ</span> <span class='ocrx_word' id='word_1_142' title='bbox 3558 1006 3882 1083; x_wconf 83' lang='grc' dir='ltr'>εὐσχήμους</span> 
     </span>
    </p>
   </div>
   <div class='ocr_carea' id='block_1_25' title="bbox 2225 1084 3881 1166">
    <p class='ocr_par' dir='ltr' id='par_1_25' title="bbox 2225 1084 3881 1166">
     <span class='ocr_line' id='line_1_25' title="bbox 2225 1084 3881 1166; baseline 0.007 -26"><span class='ocrx_word' id='word_1_143' title='bbox 2225 1084 2621 1162; x_wconf 88' lang='grc' dir='ltr'>δημιουργίας·</span> <span class='ocrx_word' id='word_1_144' title='bbox 2668 1089 2970 1166; x_wconf 83' lang='grc' dir='ltr'>ἀγγελικῶν</span> <span class='ocrx_word' id='word_1_145' title='bbox 3024 1088 3081 1146; x_wconf 79' lang='grc' dir='ltr'>δὲ</span> <span class='ocrx_word' id='word_1_146' title='bbox 3129 1090 3329 1146; x_wconf 77' lang='grc' dir='ltr'>ἒνάδων</span> <span class='ocrx_word' id='word_1_147' title='bbox 3382 1098 3491 1148; x_wconf 81' lang='grc' dir='ltr'>τῶν</span> <span class='ocrx_word' id='word_1_148' title='bbox 3550 1094 3881 1166; x_wconf 79' lang='grc' dir='ltr'>ἀπλοτήτων</span> 
     </span>
    </p>
   </div>
   <div class='ocr_carea' id='block_1_26' title="bbox 2223 1175 3882 1253">
    <p class='ocr_par' dir='ltr' id='par_1_26' title="bbox 2223 1175 3882 1253">
     <span class='ocr_line' id='line_1_26' title="bbox 2223 1175 3882 1253; baseline 0.008 -25"><span class='ocrx_word' id='word_1_149' title='bbox 2223 1175 2407 1253; x_wconf 77' lang='grc' dir='ltr'>φησίν·</span> <span class='ocrx_word' id='word_1_150' title='bbox 2515 1175 2698 1239; x_wconf 79' lang='grc' dir='ltr'>ένάδας</span> <span class='ocrx_word' id='word_1_151' title='bbox 2743 1178 2901 1233; x_wconf 89' lang='grc' dir='ltr'>καλεῖ</span> <span class='ocrx_word' id='word_1_152' title='bbox 2945 1179 3039 1241; x_wconf 73' lang='grc' dir='ltr'>τὰς</span> <span class='ocrx_word' id='word_1_153' title='bbox 3084 1185 3195 1235; x_wconf 81' lang='grc' dir='ltr'>τῶν</span> <span class='ocrx_word' id='word_1_154' title='bbox 3245 1181 3442 1236; x_wconf 79' lang='grc' dir='ltr'>οὐσιῶν</span> <span class='ocrx_word' id='word_1_155' title='bbox 3491 1183 3666 1238; x_wconf 83' lang='grc' dir='ltr'>αὐτῶν</span> <span class='ocrx_word' id='word_1_156' title='bbox 3701 1185 3882 1242; x_wconf 83' lang='grc' dir='ltr'>ἀπλό-</span> 
     </span>
    </p>
   </div>
   <div class='ocr_carea' id='block_1_27' title="bbox 2219 1266 3882 1348">
    <p class='ocr_par' dir='ltr' id='par_1_27' title="bbox 2219 1266 3882 1348">
     <span class='ocr_line' id='line_1_27' title="bbox 2219 1266 3882 1348; baseline 0.007 -30"><span class='ocrx_word' id='word_1_157' title='bbox 2219 1286 2406 1334; x_wconf 89' lang='grc' dir='ltr'>τητας,</span> <span class='ocrx_word' id='word_1_158' title='bbox 2439 1266 2529 1320; x_wconf 81' lang='grc' dir='ltr'>καὶ</span> <span class='ocrx_word' id='word_1_159' title='bbox 2567 1267 2880 1340; x_wconf 78' lang='grc' dir='ltr'>ἀσωματίας</span> <span class='ocrx_word' id='word_1_160' title='bbox 2911 1268 3000 1323; x_wconf 82' lang='grc' dir='ltr'>καὶ</span> <span class='ocrx_word' id='word_1_161' title='bbox 3046 1268 3258 1334; x_wconf 81' lang='grc' dir='ltr'>ἀϋλίας.</span> <span class='ocrx_word' id='word_1_162' title='bbox 3297 1273 3616 1344; x_wconf 87' lang='grc' dir='ltr'>Σημείωσαι</span> <span class='ocrx_word' id='word_1_163' title='bbox 3673 1272 3752 1348; x_wconf 70' lang='grc' dir='ltr'>δὲ,</span> <span class='ocrx_word' id='word_1_164' title='bbox 3795 1275 3882 1330; x_wconf 78' lang='grc' dir='ltr'>ὅτι</span> 
     </span>
    </p>
   </div>
   <div class='ocr_carea' id='block_1_28' title="bbox 2221 1353 3153 1433">
    <p class='ocr_par' dir='ltr' id='par_1_28' title="bbox 2221 1353 3153 1433">
     <span class='ocr_line' id='line_1_28' title="bbox 2221 1353 3153 1433; baseline 0.008 -26"><span class='ocrx_word' id='word_1_165' title='bbox 2221 1354 2347 1416; x_wconf 82' lang='grc' dir='ltr'>τοὺς</span> <span class='ocrx_word' id='word_1_166' title='bbox 2379 1355 2603 1429; x_wconf 90' lang='grc' dir='ltr'>ἀστέρας</span> <span class='ocrx_word' id='word_1_167' title='bbox 2630 1353 2951 1426; x_wconf 81' lang='grc' dir='ltr'>διαιωνίζειν</span> <span class='ocrx_word' id='word_1_168' title='bbox 2986 1358 3153 1433; x_wconf 82' lang='grc' dir='ltr'>λέγει.</span> 
     </span>
    </p>
   </div>
   <div class='ocr_carea' id='block_1_29' title="bbox 2294 1535 3884 1608">
    <p class='ocr_par' dir='ltr' id='par_1_29' title="bbox 2294 1535 3884 1608">
     <span class='ocr_line' id='line_1_29' title="bbox 2294 1535 3884 1608; baseline 0.008 -20"><span class='ocrx_word' id='word_1_169' title='bbox 2294 1535 2392 1589; x_wconf 79' lang='grc' dir='ltr'>Καὶ</span> <span class='ocrx_word' id='word_1_170' title='bbox 2435 1537 2610 1608; x_wconf 79' lang='grc' dir='ltr'>τάξεις</span> <span class='ocrx_word' id='word_1_171' title='bbox 2661 1535 3088 1599; x_wconf 84' lang='grc' dir='ltr'>ἀναλλοιώτους.</span> <span class='ocrx_word' id='word_1_172' title='bbox 3145 1537 3589 1604; x_wconf 83' lang='grc' dir='ltr'>’Δναλλοιώτους</span> <span class='ocrx_word' id='word_1_173' title='bbox 3637 1542 3732 1604; x_wconf 80' lang='grc' dir='ltr'>τὰς</span> <span class='ocrx_word' id='word_1_174' title='bbox 3792 1544 3884 1600; x_wconf 81' lang='grc' dir='ltr'>οὗ·</span> 
     </span>
    </p>
   </div>
   <div class='ocr_carea' id='block_1_30' title="bbox 2223 1623 3873 1703">
    <p class='ocr_par' dir='ltr' id='par_1_30' title="bbox 2223 1623 3873 1703">
     <span class='ocr_line' id='line_1_30' title="bbox 2223 1623 3873 1703; baseline 0.008 -26"><span class='ocrx_word' id='word_1_175' title='bbox 2223 1624 2402 1695; x_wconf 86' lang='grc' dir='ltr'>ρανίας</span> <span class='ocrx_word' id='word_1_176' title='bbox 2451 1623 2656 1692; x_wconf 77' lang='grc' dir='ltr'>οὐσίας,</span> <span class='ocrx_word' id='word_1_177' title='bbox 2715 1626 2789 1697; x_wconf 79' lang='grc' dir='ltr'>μὴ</span> <span class='ocrx_word' id='word_1_178' title='bbox 2830 1627 2967 1681; x_wconf 85' lang='grc' dir='ltr'>κατά</span> <span class='ocrx_word' id='word_1_179' title='bbox 3009 1627 3071 1680; x_wconf 80' lang='grc' dir='ltr'>τὸ</span> <span class='ocrx_word' id='word_1_180' title='bbox 3120 1625 3312 1691; x_wconf 87' lang='grc' dir='ltr'>ἀϊδίως</span> <span class='ocrx_word' id='word_1_181' title='bbox 3360 1629 3492 1684; x_wconf 74' lang='grc' dir='ltr'>εἶναι</span> <span class='ocrx_word' id='word_1_182' title='bbox 3544 1635 3752 1703; x_wconf 77' lang='grc' dir='ltr'>νοήσης</span> <span class='ocrx_word' id='word_1_183' title='bbox 3799 1636 3873 1691; x_wconf 76' lang='grc'>⁸⁸.</span> 
     </span>
    </p>
   </div>
   <div class='ocr_carea' id='block_1_31' title="bbox 2223 1712 3884 1796">
    <p class='ocr_par' dir='ltr' id='par_1_31' title="bbox 2223 1712 3884 1796">
     <span class='ocr_line' id='line_1_31' title="bbox 2223 1712 3884 1796; baseline 0.006 -29"><span class='ocrx_word' id='word_1_184' title='bbox 2223 1712 2375 1768; x_wconf 73' lang='grc' dir='ltr'>αὐτοὶ</span> <span class='ocrx_word' id='word_1_185' title='bbox 2423 1715 2528 1788; x_wconf 76' lang='grc' dir='ltr'>γὰρ</span> <span class='ocrx_word' id='word_1_186' title='bbox 2581 1715 2715 1768; x_wconf 86' lang='grc' dir='ltr'>κατά</span> <span class='ocrx_word' id='word_1_187' title='bbox 2763 1717 2825 1769; x_wconf 87' lang='grc' dir='ltr'>τὸ</span> <span class='ocrx_word' id='word_1_188' title='bbox 2881 1717 3251 1791; x_wconf 71' lang='grc' dir='ltr'>γεγραμμένον</span> <span class='ocrx_word' id='word_1_189' title='bbox 3309 1717 3659 1796; x_wconf 80' lang='grc' dir='ltr'>λειτουργικὰ</span> <span class='ocrx_word' id='word_1_190' title='bbox 3717 1725 3884 1776; x_wconf 68' lang='grc' dir='ltr'>πνεύ-</span> 
     </span>
    </p>
   </div>
   <div class='ocr_carea' id='block_1_32' title="bbox 459 1802 2105 1905">
    <p class='ocr_par' dir='ltr' id='par_1_32' title="bbox 459 1807 2105 1879">
     <span class='ocr_line' id='line_1_32' title="bbox 459 1807 2105 1879; baseline -0.009 -8"><span class='ocrx_word' id='word_1_191' title='bbox 459 1818 558 1872; x_wconf 91' lang='lat' dir='ltr'>sed</span> <span class='ocrx_word' id='word_1_192' title='bbox 586 1815 1130 1871; x_wconf 87' lang='lat' dir='ltr'>immutabilitatem</span> <span class='ocrx_word' id='word_1_193' title='bbox 1157 1811 1420 1879; x_wconf 83' lang='lat' dir='ltr'>intellige</span> <span class='ocrx_word' id='word_1_194' title='bbox 1461 1810 1614 1864; x_wconf 89' lang='lat' dir='ltr'>circa</span> <span class='ocrx_word' id='word_1_195' title='bbox 1635 1807 1961 1863; x_wconf 87' lang='lat' dir='ltr'>custodiam</span> <span class='ocrx_word' id='word_1_196' title='bbox 1995 1810 2105 1858; x_wconf 90' lang='lat' dir='ltr'>ter-</span> 
     </span>
    </p>
   </div>
   <div class='ocr_carea' id='block_1_33' title="bbox 2231 1802 3886 1905">
    <p class='ocr_par' dir='ltr' id='par_1_33' title="bbox 2231 1802 3886 1886">
     <span class='ocr_line' id='line_1_33' title="bbox 2231 1802 3886 1886; baseline 0.006 -30"><span class='ocrx_word' id='word_1_197' title='bbox 2231 1806 2366 1875; x_wconf 83' lang='grc' dir='ltr'>ματά</span> <span class='ocrx_word' id='word_1_198' title='bbox 2409 1802 2562 1857; x_wconf 58' lang='grc' dir='ltr'>εἶσιν·</span> <span class='ocrx_word' id='word_1_199' title='bbox 2619 1803 2763 1859; x_wconf 88' lang='grc' dir='ltr'>ἀλλά</span> <span class='ocrx_word' id='word_1_200' title='bbox 2811 1805 2933 1880; x_wconf 78' lang='grc' dir='ltr'>περὶ</span> <span class='ocrx_word' id='word_1_201' title='bbox 2980 1808 3079 1874; x_wconf 79' lang='grc' dir='ltr'>τήν</span> <span class='ocrx_word' id='word_1_202' title='bbox 3136 1807 3384 1882; x_wconf 74' lang='grc' dir='ltr'>φυλακὴν</span> <span class='ocrx_word' id='word_1_203' title='bbox 3433 1814 3542 1863; x_wconf 80' lang='grc' dir='ltr'>τῶν</span> <span class='ocrx_word' id='word_1_204' title='bbox 3604 1809 3654 1880; x_wconf 75' lang='grc' dir='ltr'>ἐξ</span> <span class='ocrx_word' id='word_1_205' title='bbox 3699 1811 3886 1886; x_wconf 79' lang='grc' dir='ltr'>ἀρχῆς</span> 
     </span>
    </p>
   </div>
   <div class='ocr_carea' id='block_1_34' title="bbox 459 1897 2106 1974">
    <p class='ocr_par' dir='ltr' id='par_1_34' title="bbox 459 1897 2106 1974">
     <span class='ocr_line' id='line_1_34' title="bbox 459 1897 2106 1974; baseline -0.007 -15"><span class='ocrx_word' id='word_1_206' title='bbox 459 1904 760 1960; x_wconf 90' lang='lat' dir='ltr'>minorum</span> <span class='ocrx_word' id='word_1_207' title='bbox 795 1903 941 1974; x_wconf 90' lang='lat' dir='ltr'>ipsis</span> <span class='ocrx_word' id='word_1_208' title='bbox 973 1920 1005 1956; x_wconf 91' lang='lat' dir='ltr'>a</span> <span class='ocrx_word' id='word_1_209' title='bbox 1037 1902 1150 1956; x_wconf 89' lang='lat' dir='ltr'>Deo</span> <span class='ocrx_word' id='word_1_210' title='bbox 1185 1901 1241 1955; x_wconf 90' lang='lat' dir='ltr'>in</span> <span class='ocrx_word' id='word_1_211' title='bbox 1291 1898 1579 1972; x_wconf 89' lang='lat' dir='ltr'>principio</span> <span class='ocrx_word' id='word_1_212' title='bbox 1628 1897 2106 1952; x_wconf 86' lang='lat' dir='ltr'>constitutorum.</span> 
     </span>
    </p>
   </div>
   <div class='ocr_carea' id='block_1_35' title="bbox 458 1984 2106 2065">
    <p class='ocr_par' dir='ltr' id='par_1_35' title="bbox 458 1984 2106 2065">
     <span class='ocr_line' id='line_1_35' title="bbox 458 1984 2106 2065; baseline -0.007 -19"><span class='ocrx_word' id='word_1_213' title='bbox 458 1993 905 2065; x_wconf 89' lang='lat' dir='ltr'>Progressiones</span> <span class='ocrx_word' id='word_1_214' title='bbox 923 1994 1119 2045; x_wconf 89' lang='lat' dir='ltr'>autem</span> <span class='ocrx_word' id='word_1_215' title='bbox 1151 1988 1431 2058; x_wconf 88' lang='lat' dir='ltr'>temporis</span> <span class='ocrx_word' id='word_1_216' title='bbox 1464 1988 1636 2056; x_wconf 88' lang='lat' dir='ltr'>hujus</span> <span class='ocrx_word' id='word_1_217' title='bbox 1660 1984 2106 2055; x_wconf 85' lang='lat' dir='ltr'>longitudinem,</span> 
     </span>
    </p>
   </div>
   <div class='ocr_carea' id='block_1_36' title="bbox 459 2069 2110 2145">
    <p class='ocr_par' dir='ltr' id='par_1_36' title="bbox 459 2069 2110 2145">
     <span class='ocr_line' id='line_1_36' title="bbox 459 2069 2110 2145; baseline -0.008 -8"><span class='ocrx_word' id='word_1_218' title='bbox 459 2089 517 2138; x_wconf 88' lang='lat' dir='ltr'>et</span> <span class='ocrx_word' id='word_1_219' title='bbox 549 2086 775 2137; x_wconf 90' lang='lat' dir='ltr'>motum</span> <span class='ocrx_word' id='word_1_220' title='bbox 809 2079 1144 2135; x_wconf 87' lang='lat' dir='ltr'>ulteriorem</span> <span class='ocrx_word' id='word_1_221' title='bbox 1178 2078 1337 2145; x_wconf 89' lang='lat' dir='ltr'>dicit;</span> <span class='ocrx_word' id='word_1_222' title='bbox 1391 2075 1828 2130; x_wconf 88' lang='lat' dir='ltr'>distinctionem</span> <span class='ocrx_word' id='word_1_223' title='bbox 1869 2088 2004 2126; x_wconf 89' lang='lat' dir='ltr'>vero</span> <span class='ocrx_word' id='word_1_224' title='bbox 2036 2069 2110 2124; x_wconf 86' lang='lat' dir='ltr'>si-</span> 
     </span>
    </p>
   </div>
   <div class='ocr_carea' id='block_1_37' title="bbox 461 2169 2111 2240">
    <p class='ocr_par' dir='ltr' id='par_1_37' title="bbox 461 2169 2111 2240">
     <span class='ocr_line' id='line_1_37' title="bbox 461 2169 2111 2240; baseline -0.007 -16"><span class='ocrx_word' id='word_1_225' title='bbox 461 2170 895 2240; x_wconf 83' lang='lat' dir='ltr'>gniﬁcationem</span> <span class='ocrx_word' id='word_1_226' title='bbox 930 2173 1282 2240; x_wconf 88' lang='lat' dir='ltr'>temporum,</span> <span class='ocrx_word' id='word_1_227' title='bbox 1300 2184 1400 2222; x_wconf 92' lang='lat' dir='ltr'>seu</span> <span class='ocrx_word' id='word_1_228' title='bbox 1423 2169 1834 2234; x_wconf 86' lang='lat' dir='ltr'>tempestatum</span> <span class='ocrx_word' id='word_1_229' title='bbox 1860 2178 1986 2232; x_wconf 74' lang='lat' dir='ltr'>quae</span> <span class='ocrx_word' id='word_1_230' title='bbox 2011 2176 2111 2230; x_wconf 88' lang='lat' dir='ltr'>per</span> 
     </span>
    </p>
   </div>
   <div class='ocr_carea' id='block_1_38' title="bbox 459 2251 2104 2326">
    <p class='ocr_par' dir='ltr' id='par_1_38' title="bbox 459 2251 2104 2326">
     <span class='ocr_line' id='line_1_38' title="bbox 459 2251 2104 2326; baseline -0.007 -11"><span class='ocrx_word' id='word_1_231' title='bbox 459 2259 926 2315; x_wconf 86' lang='lat' dir='ltr'>vicissitudinem</span> <span class='ocrx_word' id='word_1_232' title='bbox 954 2260 1229 2313; x_wconf 89' lang='lat' dir='ltr'>rursusin</span> <span class='ocrx_word' id='word_1_233' title='bbox 1247 2257 1450 2312; x_wconf 91' lang='lat' dir='ltr'>eodem</span> <span class='ocrx_word' id='word_1_234' title='bbox 1478 2260 1688 2326; x_wconf 90' lang='lat' dir='ltr'>puncto</span> <span class='ocrx_word' id='word_1_235' title='bbox 1707 2251 2104 2306; x_wconf 89' lang='lat' dir='ltr'>constituitur:</span> 
     </span>
    </p>
   </div>
   <div class='ocr_carea' id='block_1_39' title="bbox 462 2337 2106 2417">
    <p class='ocr_par' dir='ltr' id='par_1_39' title="bbox 462 2337 2106 2417">
     <span class='ocr_line' id='line_1_39' title="bbox 462 2337 2106 2417; baseline -0.007 -15"><span class='ocrx_word' id='word_1_236' title='bbox 462 2349 592 2403; x_wconf 89' lang='lat' dir='ltr'>ideo</span> <span class='ocrx_word' id='word_1_237' title='bbox 616 2349 788 2402; x_wconf 86' lang='lat' dir='ltr'>etiam</span> <span class='ocrx_word' id='word_1_238' title='bbox 821 2355 1043 2402; x_wconf 90' lang='lat' dir='ltr'>motum</span> <span class='ocrx_word' id='word_1_239' title='bbox 1074 2347 1354 2417; x_wconf 87' lang='lat' dir='ltr'>temporis</span> <span class='ocrx_word' id='word_1_240' title='bbox 1399 2343 1628 2398; x_wconf 89' lang='lat' dir='ltr'>vocavit</span> <span class='ocrx_word' id='word_1_241' title='bbox 1659 2337 1948 2409; x_wconf 79' lang='grc' dir='ltr'>συνελίξεις</span> <span class='ocrx_word' id='word_1_242' title='bbox 1975 2355 2106 2394; x_wconf 83' lang='lat' dir='ltr'>con-</span> 
     </span>
    </p>
   </div>
   <div class='ocr_carea' id='block_1_40' title="bbox 457 2429 2107 2508">
    <p class='ocr_par' dir='ltr' id='par_1_40' title="bbox 457 2429 2107 2508">
     <span class='ocr_line' id='line_1_40' title="bbox 457 2429 2107 2508; baseline -0.007 -16"><span class='ocrx_word' id='word_1_243' title='bbox 457 2439 792 2503; x_wconf 80' lang='lat' dir='ltr'>volutiones;</span> <span class='ocrx_word' id='word_1_244' title='bbox 828 2442 930 2491; x_wconf 89' lang='lat' dir='ltr'>aut</span> <span class='ocrx_word' id='word_1_245' title='bbox 979 2435 1417 2508; x_wconf 88' lang='lat' dir='ltr'>progressiones</span> <span class='ocrx_word' id='word_1_246' title='bbox 1452 2430 1734 2503; x_wconf 89' lang='lat' dir='ltr'>temporis</span> <span class='ocrx_word' id='word_1_247' title='bbox 1765 2429 1905 2484; x_wconf 90' lang='lat' dir='ltr'>dicit</span> <span class='ocrx_word' id='word_1_248' title='bbox 1934 2444 2107 2483; x_wconf 87' lang='lat' dir='ltr'>eran-</span> 
     </span>
    </p>
   </div>
   <div class='ocr_carea' id='block_1_41' title="bbox 459 2517 2109 2594">
    <p class='ocr_par' dir='ltr' id='par_1_41' title="bbox 459 2517 2109 2594">
     <span class='ocr_line' id='line_1_41' title="bbox 459 2517 2109 2594; baseline -0.007 -13"><span class='ocrx_word' id='word_1_249' title='bbox 459 2526 606 2581; x_wconf 88' lang='lat' dir='ltr'>tium</span> <span class='ocrx_word' id='word_1_250' title='bbox 651 2525 912 2581; x_wconf 89' lang='lat' dir='ltr'>siderum</span> <span class='ocrx_word' id='word_1_251' title='bbox 945 2525 1253 2593; x_wconf 88' lang='lat' dir='ltr'>motiones,</span> <span class='ocrx_word' id='word_1_252' title='bbox 1287 2540 1413 2594; x_wconf 66' lang='lat' dir='ltr'>quae</span> <span class='ocrx_word' id='word_1_253' title='bbox 1447 2522 1504 2576; x_wconf 91' lang='lat' dir='ltr'>in</span> <span class='ocrx_word' id='word_1_254' title='bbox 1537 2521 1791 2592; x_wconf 90' lang='lat' dir='ltr'>quodam</span> <span class='ocrx_word' id='word_1_255' title='bbox 1826 2517 2109 2588; x_wconf 89' lang='lat' dir='ltr'>temporis</span> 
     </span>
    </p>
   </div>
   <div class='ocr_carea' id='block_1_42' title="bbox 459 2606 2110 2686">
    <p class='ocr_par' dir='ltr' id='par_1_42' title="bbox 459 2606 2110 2686">
     <span class='ocr_line' id='line_1_42' title="bbox 459 2606 2110 2686; baseline -0.007 -17"><span class='ocrx_word' id='word_1_256' title='bbox 459 2631 706 2670; x_wconf 90' lang='lat' dir='ltr'>numero</span> <span class='ocrx_word' id='word_1_257' title='bbox 740 2631 841 2686; x_wconf 91' lang='lat' dir='ltr'>per</span> <span class='ocrx_word' id='word_1_258' title='bbox 870 2613 1176 2670; x_wconf 91' lang='lat' dir='ltr'>duodecim</span> <span class='ocrx_word' id='word_1_259' title='bbox 1232 2615 1520 2667; x_wconf 90' lang='lat' dir='ltr'>dictarum</span> <span class='ocrx_word' id='word_1_260' title='bbox 1565 2611 1875 2664; x_wconf 90' lang='lat' dir='ltr'>domorum</span> <span class='ocrx_word' id='word_1_261' title='bbox 1919 2606 2110 2677; x_wconf 87' lang='lat' dir='ltr'>spatia</span> 
     </span>
    </p>
   </div>
   <div class='ocr_carea' id='block_1_43' title="bbox 457 2695 2106 2759">
    <p class='ocr_par' dir='ltr' id='par_1_43' title="bbox 457 2695 2106 2759">
     <span class='ocr_line' id='line_1_43' title="bbox 457 2695 2106 2759; baseline -0.007 0"><span class='ocrx_word' id='word_1_262' title='bbox 457 2704 681 2759; x_wconf 85' lang='lat' dir='ltr'>sensim</span> <span class='ocrx_word' id='word_1_263' title='bbox 728 2709 1054 2759; x_wconf 88' lang='lat' dir='ltr'>moventur.</span> <span class='ocrx_word' id='word_1_264' title='bbox 1093 2709 1262 2758; x_wconf 89' lang='lat' dir='ltr'>Porro</span> <span class='ocrx_word' id='word_1_265' title='bbox 1311 2697 1768 2756; x_wconf 71' lang='grc' dir='ltr'>ἀποκαταστάσεις</span> <span class='ocrx_word' id='word_1_266' title='bbox 1819 2700 1988 2751; x_wconf 88' lang='lat' dir='ltr'>vocat</span> <span class='ocrx_word' id='word_1_267' title='bbox 2036 2695 2106 2748; x_wconf 90' lang='lat' dir='ltr'>ab</span> 
     </span>
    </p>
   </div>
   <div class='ocr_carea' id='block_1_44' title="bbox 456 2783 2107 2865">
    <p class='ocr_par' dir='ltr' id='par_1_44' title="bbox 456 2783 2107 2865">
     <span class='ocr_line' id='line_1_44' title="bbox 456 2783 2107 2865; baseline -0.006 -17"><span class='ocrx_word' id='word_1_268' title='bbox 456 2792 655 2865; x_wconf 86' lang='lat' dir='ltr'>aliquo</span> <span class='ocrx_word' id='word_1_269' title='bbox 691 2798 906 2864; x_wconf 90' lang='lat' dir='ltr'>puncto</span> <span class='ocrx_word' id='word_1_270' title='bbox 940 2793 997 2846; x_wconf 92' lang='lat' dir='ltr'>in</span> <span class='ocrx_word' id='word_1_271' title='bbox 1025 2793 1177 2846; x_wconf 89' lang='lat' dir='ltr'>idem</span> <span class='ocrx_word' id='word_1_272' title='bbox 1224 2795 1506 2860; x_wconf 89' lang='lat' dir='ltr'>punctum</span> <span class='ocrx_word' id='word_1_273' title='bbox 1541 2803 1812 2842; x_wconf 90' lang='lat' dir='ltr'>recursus</span> <span class='ocrx_word' id='word_1_274' title='bbox 1863 2802 1875 2839; x_wconf 88' lang='lat'><strong>:</strong></span> <span class='ocrx_word' id='word_1_275' title='bbox 1928 2783 2107 2838; x_wconf 90' lang='lat' dir='ltr'>veluti</span> 
     </span>
    </p>
   </div>
   <div class='ocr_carea' id='block_1_45' title="bbox 455 2874 2106 2953">
    <p class='ocr_par' dir='ltr' id='par_1_45' title="bbox 455 2874 2106 2953">
     <span class='ocr_line' id='line_1_45' title="bbox 455 2874 2106 2953; baseline -0.007 -16"><span class='ocrx_word' id='word_1_276' title='bbox 455 2882 540 2937; x_wconf 91' lang='lat' dir='ltr'>sol</span> <span class='ocrx_word' id='word_1_277' title='bbox 579 2898 676 2953; x_wconf 92' lang='lat' dir='ltr'>per</span> <span class='ocrx_word' id='word_1_278' title='bbox 701 2899 923 2937; x_wconf 91' lang='lat' dir='ltr'>annum</span> <span class='ocrx_word' id='word_1_279' title='bbox 942 2881 1149 2936; x_wconf 88' lang='lat' dir='ltr'>circuit</span> <span class='ocrx_word' id='word_1_280' title='bbox 1174 2878 1480 2935; x_wconf 89' lang='lat' dir='ltr'>duodecim</span> <span class='ocrx_word' id='word_1_281' title='bbox 1506 2879 1718 2933; x_wconf 90' lang='lat' dir='ltr'>domus</span> <span class='ocrx_word' id='word_1_282' title='bbox 1740 2877 1811 2929; x_wconf 83' lang='lat' dir='ltr'>ab</span> <span class='ocrx_word' id='word_1_283' title='bbox 1834 2874 2012 2928; x_wconf 88' lang='lat' dir='ltr'>ariete</span> <span class='ocrx_word' id='word_1_284' title='bbox 2038 2876 2106 2928; x_wconf 88' lang='lat' dir='ltr'>ad</span> 
     </span>
    </p>
   </div>
   <div class='ocr_carea' id='block_1_46' title="bbox 457 2963 2110 3040">
    <p class='ocr_par' dir='ltr' id='par_1_46' title="bbox 457 2963 2110 3040">
     <span class='ocr_line' id='line_1_46' title="bbox 457 2963 2110 3040; baseline -0.005 -16"><span class='ocrx_word' id='word_1_285' title='bbox 457 2971 698 3024; x_wconf 87' lang='lat' dir='ltr'>arietem</span> <span class='ocrx_word' id='word_1_286' title='bbox 733 2969 1099 3040; x_wconf 88' lang='lat' dir='ltr'>perveniens;</span> <span class='ocrx_word' id='word_1_287' title='bbox 1133 2968 1273 3022; x_wconf 91' lang='lat' dir='ltr'>luna</span> <span class='ocrx_word' id='word_1_288' title='bbox 1307 2984 1407 3038; x_wconf 89' lang='lat' dir='ltr'>per</span> <span class='ocrx_word' id='word_1_289' title='bbox 1430 2982 1716 3031; x_wconf 87' lang='lat' dir='ltr'>mensem,</span> <span class='ocrx_word' id='word_1_290' title='bbox 1753 2968 1809 3018; x_wconf 89' lang='lat' dir='ltr'>et</span> <span class='ocrx_word' id='word_1_291' title='bbox 1840 2963 1918 3018; x_wconf 89' lang='lat' dir='ltr'>ita</span> <span class='ocrx_word' id='word_1_292' title='bbox 1950 2966 2110 3017; x_wconf 70' lang='lat' dir='ltr'>caste-</span> 
     </span>
    </p>
   </div>
   <div class='ocr_carea' id='block_1_47' title="bbox 457 3055 1998 3129">
    <p class='ocr_par' dir='ltr' id='par_1_47' title="bbox 457 3055 1998 3129">
     <span class='ocr_line' id='line_1_47' title="bbox 457 3055 1998 3129; baseline -0.004 -17"><span class='ocrx_word' id='word_1_293' title='bbox 457 3059 506 3112; x_wconf 87' lang='lat' dir='ltr'>ri</span> <span class='ocrx_word' id='word_1_294' title='bbox 541 3058 823 3129; x_wconf 85' lang='lat' dir='ltr'>quinque;</span> <span class='ocrx_word' id='word_1_295' title='bbox 847 3063 1116 3129; x_wconf 89' lang='lat' dir='ltr'>tempora</span> <span class='ocrx_word' id='word_1_296' title='bbox 1146 3056 1303 3112; x_wconf 87' lang='lat' dir='ltr'>enim</span> <span class='ocrx_word' id='word_1_297' title='bbox 1335 3073 1403 3110; x_wconf 83' lang='lat' dir='ltr'>ex</span> <span class='ocrx_word' id='word_1_298' title='bbox 1435 3055 1526 3111; x_wconf 86' lang='lat' dir='ltr'>his</span> <span class='ocrx_word' id='word_1_299' title='bbox 1559 3058 1998 3108; x_wconf 88' lang='lat' dir='ltr'>mensurantur.</span> 
     </span>
    </p>
   </div>
   <div class='ocr_carea' id='block_1_48' title="bbox 532 3153 2104 3226">
    <p class='ocr_par' dir='ltr' id='par_1_48' title="bbox 532 3153 2104 3226">
     <span class='ocr_line' id='line_1_48' title="bbox 532 3153 2104 3226; baseline -0.003 -16"><span class='ocrx_word' id='word_1_300' title='bbox 532 3158 597 3211; x_wconf 83' lang='lat' dir='ltr'>El</span> <span class='ocrx_word' id='word_1_301' title='bbox 621 3158 763 3211; x_wconf 76' lang='lat' dir='ltr'>vires</span> <span class='ocrx_word' id='word_1_302' title='bbox 793 3156 958 3226; x_wconf 78' lang='lat' dir='ltr'>ignis.</span> <span class='ocrx_word' id='word_1_303' title='bbox 993 3155 1225 3211; x_wconf 86' lang='lat' dir='ltr'>Scilicet</span> <span class='ocrx_word' id='word_1_304' title='bbox 1274 3154 1531 3209; x_wconf 67' lang='lat' dir='ltr'>astherei.</span> <span class='ocrx_word' id='word_1_305' title='bbox 1576 3153 1860 3223; x_wconf 88' lang='lat' dir='ltr'>Loquitur</span> <span class='ocrx_word' id='word_1_306' title='bbox 1908 3155 2104 3206; x_wconf 86' lang='lat' dir='ltr'>autem</span> 
     </span>
    </p>
   </div>
   <div class='ocr_carea' id='block_1_49' title="bbox 461 3240 2104 3316">
    <p class='ocr_par' dir='ltr' id='par_1_49' title="bbox 461 3240 2104 3316">
     <span class='ocr_line' id='line_1_49' title="bbox 461 3240 2104 3316; baseline -0.002 -17"><span class='ocrx_word' id='word_1_307' title='bbox 461 3245 532 3299; x_wconf 89' lang='lat' dir='ltr'>de</span> <span class='ocrx_word' id='word_1_308' title='bbox 556 3249 811 3315; x_wconf 88' lang='lat' dir='ltr'>quatuor</span> <span class='ocrx_word' id='word_1_309' title='bbox 831 3244 1340 3316; x_wconf 77' lang='lat' dir='ltr'>elementis,atque</span> <span class='ocrx_word' id='word_1_310' title='bbox 1361 3248 1574 3297; x_wconf 88' lang='lat' dir='ltr'>terram</span> <span class='ocrx_word' id='word_1_311' title='bbox 1597 3258 1628 3295; x_wconf 90' lang='lat' dir='ltr'>a</span> <span class='ocrx_word' id='word_1_312' title='bbox 1650 3241 1810 3295; x_wconf 92' lang='lat' dir='ltr'>nullo</span> <span class='ocrx_word' id='word_1_313' title='bbox 1833 3240 2065 3294; x_wconf 80' lang='lat' dir='ltr'>fundari</span> <span class='ocrx_word' id='word_1_314' title='bbox 2092 3257 2104 3295; x_wconf 90' lang='lat'>:</span> 
     </span>
    </p>
   </div>
   <div class='ocr_carea' id='block_1_50' title="bbox 461 3329 1963 3406">
    <p class='ocr_par' dir='ltr' id='par_1_50' title="bbox 461 3329 1963 3406">
     <span class='ocr_line' id='line_1_50' title="bbox 461 3329 1963 3406; baseline -0.005 -17"><span class='ocrx_word' id='word_1_315' title='bbox 461 3334 764 3406; x_wconf 88' lang='lat' dir='ltr'>Scriptura</span> <span class='ocrx_word' id='word_1_316' title='bbox 795 3351 928 3388; x_wconf 89' lang='lat' dir='ltr'>vero</span> <span class='ocrx_word' id='word_1_317' title='bbox 956 3334 1133 3388; x_wconf 88' lang='lat' dir='ltr'>dicit:</span> <span class='ocrx_word' id='word_1_318' title='bbox 1161 3334 1351 3405; x_wconf 82' lang='lat' dir='ltr'>Super</span> <span class='ocrx_word' id='word_1_319' title='bbox 1368 3349 1550 3403; x_wconf 89' lang='lat' dir='ltr'>aquas</span> <span class='ocrx_word' id='word_1_320' title='bbox 1585 3329 1845 3384; x_wconf 73' lang='lat' dir='ltr'>fundasti</span> <span class='ocrx_word' id='word_1_321' title='bbox 1876 3331 1963 3400; x_wconf 88' lang='lat' dir='ltr'>(j).</span> 
     </span>
    </p>
   </div>
   <div class='ocr_carea' id='block_1_51' title="bbox 532 3509 2104 3568">
    <p class='ocr_par' dir='ltr' id='par_1_51' title="bbox 532 3509 2104 3568">
     <span class='ocr_line' id='line_1_51' title="bbox 532 3509 2104 3568; baseline -0.003 -2"><span class='ocrx_word' id='word_1_322' title='bbox 532 3513 878 3568; x_wconf 73' lang='lat' dir='ltr'>Essentiales.</span> <span class='ocrx_word' id='word_1_323' title='bbox 915 3511 1204 3566; x_wconf 88' lang='lat' dir='ltr'>Fortassis</span> <span class='ocrx_word' id='word_1_324' title='bbox 1245 3510 1586 3566; x_wconf 89' lang='lat' dir='ltr'>essentialia</span> <span class='ocrx_word' id='word_1_325' title='bbox 1616 3511 1892 3564; x_wconf 87' lang='lat' dir='ltr'>dicuntur</span> <span class='ocrx_word' id='word_1_326' title='bbox 1929 3509 2104 3563; x_wconf 89' lang='lat' dir='ltr'>etiam</span> 
     </span>
    </p>
   </div>
   <div class='ocr_carea' id='block_1_52' title="bbox 457 3598 2107 3676">
    <p class='ocr_par' dir='ltr' id='par_1_52' title="bbox 457 3598 2107 3676">
     <span class='ocr_line' id='line_1_52' title="bbox 457 3598 2107 3676; baseline -0.004 -19"><span class='ocrx_word' id='word_1_327' title='bbox 457 3602 656 3657; x_wconf 90' lang='lat' dir='ltr'>omnia</span> <span class='ocrx_word' id='word_1_328' title='bbox 677 3603 886 3656; x_wconf 61' lang='lat' dir='ltr'>animas</span> <span class='ocrx_word' id='word_1_329' title='bbox 919 3618 985 3655; x_wconf 89' lang='lat' dir='ltr'>ac</span> <span class='ocrx_word' id='word_1_330' title='bbox 1018 3616 1229 3656; x_wconf 90' lang='lat' dir='ltr'>sensus</span> <span class='ocrx_word' id='word_1_331' title='bbox 1273 3599 1713 3676; x_wconf 33' lang='lat' dir='ltr'>expertianquae</span> <span class='ocrx_word' id='word_1_332' title='bbox 1769 3598 1992 3654; x_wconf 89' lang='lat' dir='ltr'>scilicet</span> <span class='ocrx_word' id='word_1_333' title='bbox 2033 3599 2107 3653; x_wconf 91' lang='lat' dir='ltr'>ab</span> 
     </span>
    </p>
   </div>
   <div class='ocr_carea' id='block_1_53' title="bbox 454 3689 976 3745">
    <p class='ocr_par' dir='ltr' id='par_1_53' title="bbox 454 3689 976 3745">
     <span class='ocr_line' id='line_1_53' title="bbox 454 3689 976 3745; baseline -0.002 0"><span class='ocrx_word' id='word_1_334' title='bbox 454 3707 570 3745; x_wconf 77' lang='lat' dir='ltr'>esse</span> <span class='ocrx_word' id='word_1_335' title='bbox 601 3689 682 3744; x_wconf 92' lang='lat' dir='ltr'>ita</span> <span class='ocrx_word' id='word_1_336' title='bbox 714 3694 976 3744; x_wconf 88' lang='lat' dir='ltr'>vocatur.</span> 
     </span>
    </p>
   </div>
   <div class='ocr_carea' id='block_1_54' title="bbox 529 3777 2105 3848">
    <p class='ocr_par' dir='ltr' id='par_1_54' title="bbox 529 3777 2105 3848">
     <span class='ocr_line' id='line_1_54' title="bbox 529 3777 2105 3848; baseline -0.001 -15"><span class='ocrx_word' id='word_1_337' title='bbox 529 3781 596 3833; x_wconf 82' lang='lat' dir='ltr'>El</span> <span class='ocrx_word' id='word_1_338' title='bbox 620 3782 791 3848; x_wconf 72' lang='lat' dir='ltr'>ipsam</span> <span class='ocrx_word' id='word_1_339' title='bbox 813 3778 1237 3848; x_wconf 78' lang='lat' dir='ltr'>dez&#39;ﬁcationem,</span> <span class='ocrx_word' id='word_1_340' title='bbox 1270 3778 1366 3832; x_wconf 93' lang='lat' dir='ltr'>Gr.</span> <span class='ocrx_word' id='word_1_341' title='bbox 1402 3777 1617 3831; x_wconf 80' lang='grc' dir='ltr'>θέωσιν.</span> <span class='ocrx_word' id='word_1_342' title='bbox 1651 3777 1802 3832; x_wconf 89' lang='lat' dir='ltr'>Justi</span> <span class='ocrx_word' id='word_1_343' title='bbox 1831 3782 1888 3831; x_wconf 89' lang='lat' dir='ltr'>et</span> <span class='ocrx_word' id='word_1_344' title='bbox 1919 3778 2105 3841; x_wconf 76' lang='lat' dir='ltr'>angeli</span> 
     </span>
    </p>
   </div>
   <div class='ocr_carea' id='block_1_55' title="bbox 457 3864 2103 3934">
    <p class='ocr_par' dir='ltr' id='par_1_55' title="bbox 457 3864 2103 3934">
     <span class='ocr_line' id='line_1_55' title="bbox 457 3864 2103 3934; baseline -0.001 -15"><span class='ocrx_word' id='word_1_345' title='bbox 457 3865 1399 3931; x_wconf 79' lang='lat' dir='ltr'>efﬁciunturdii,secundumillud</span> <span class='ocrx_word' id='word_1_346' title='bbox 1431 3867 1578 3934; x_wconf 77' lang='lat' dir='ltr'>:Ego</span> <span class='ocrx_word' id='word_1_347' title='bbox 1609 3864 1988 3918; x_wconf 70' lang='lat' dir='ltr'>dixiDiiestis</span> <span class='ocrx_word' id='word_1_348' title='bbox 2009 3864 2103 3932; x_wconf 65' lang='lat' dir='ltr'>(Ic).</span> 
     </span>
    </p>
   </div>
   <div class='ocr_carea' id='block_1_56' title="bbox 529 3951 2099 4022">
    <p class='ocr_par' dir='ltr' id='par_1_56' title="bbox 529 3951 2099 4022">
     <span class='ocr_line' id='line_1_56' title="bbox 529 3951 2099 4022; baseline -0.002 -13"><span class='ocrx_word' id='word_1_349' title='bbox 529 3953 762 4009; x_wconf 79' lang='lat' dir='ltr'>Omnino</span> <span class='ocrx_word' id='word_1_350' title='bbox 791 3953 931 4008; x_wconf 80' lang='lat' dir='ltr'>situs</span> <span class='ocrx_word' id='word_1_351' title='bbox 962 3954 1060 4009; x_wconf 90' lang='lat' dir='ltr'>Gr.</span> <span class='ocrx_word' id='word_1_352' title='bbox 1095 3951 1254 4013; x_wconf 84' lang='grc' dir='ltr'>θέσις.</span> <span class='ocrx_word' id='word_1_353' title='bbox 1281 3951 1432 4006; x_wconf 81' lang='grc' dir='ltr'>Θέσιν</span> <span class='ocrx_word' id='word_1_354' title='bbox 1459 3957 1624 4006; x_wconf 87' lang='lat' dir='ltr'>vocat</span> <span class='ocrx_word' id='word_1_355' title='bbox 1657 3952 2099 4022; x_wconf 89' lang='lat' dir='ltr'>productionem</span> 
     </span>
    </p>
   </div>
   <div class='ocr_carea' id='block_1_57' title="bbox 458 4041 2109 4112">
    <p class='ocr_par' dir='ltr' id='par_1_57' title="bbox 458 4041 2109 4112">
     <span class='ocr_line' id='line_1_57' title="bbox 458 4041 2109 4112; baseline 0.001 -17"><span class='ocrx_word' id='word_1_356' title='bbox 458 4043 526 4096; x_wconf 89' lang='lat' dir='ltr'>ad</span> <span class='ocrx_word' id='word_1_357' title='bbox 551 4043 942 4108; x_wconf 84' lang='lat' dir='ltr'>existendum,</span> <span class='ocrx_word' id='word_1_358' title='bbox 978 4059 1042 4097; x_wconf 90' lang='lat' dir='ltr'>ac</span> <span class='ocrx_word' id='word_1_359' title='bbox 1075 4043 1122 4096; x_wconf 92' lang='lat' dir='ltr'>si</span> <span class='ocrx_word' id='word_1_360' title='bbox 1155 4044 1405 4097; x_wconf 87' lang='lat' dir='ltr'>diceret:</span> <span class='ocrx_word' id='word_1_361' title='bbox 1434 4043 1593 4108; x_wconf 86' lang='lat' dir='ltr'>Quod</span> <span class='ocrx_word' id='word_1_362' title='bbox 1651 4059 1762 4095; x_wconf 91' lang='lat' dir='ltr'>non</span> <span class='ocrx_word' id='word_1_363' title='bbox 1798 4041 2109 4112; x_wconf 85' lang='lat' dir='ltr'>participat</span> 
     </span>
    </p>
   </div>
   <div class='ocr_carea' id='block_1_58' title="bbox 455 4129 1599 4202">
    <p class='ocr_par' dir='ltr' id='par_1_58' title="bbox 455 4129 1599 4202">
     <span class='ocr_line' id='line_1_58' title="bbox 455 4129 1599 4202; baseline 0 -18"><span class='ocrx_word' id='word_1_364' title='bbox 455 4131 730 4186; x_wconf 87' lang='lat' dir='ltr'>virtutem</span> <span class='ocrx_word' id='word_1_365' title='bbox 766 4147 954 4202; x_wconf 89' lang='lat' dir='ltr'>neque</span> <span class='ocrx_word' id='word_1_366' title='bbox 985 4129 1138 4184; x_wconf 89' lang='lat' dir='ltr'>inter</span> <span class='ocrx_word' id='word_1_367' title='bbox 1161 4137 1461 4185; x_wconf 88' lang='lat' dir='ltr'>creaturas</span> <span class='ocrx_word' id='word_1_368' title='bbox 1493 4135 1599 4186; x_wconf 89' lang='lat' dir='ltr'>est.</span> 
     </span>
    </p>
   </div>
   <div class='ocr_carea' id='block_1_59' title="bbox 526 4227 2110 4300">
    <p class='ocr_par' dir='ltr' id='par_1_59' title="bbox 526 4227 2110 4300">
     <span class='ocr_line' id='line_1_59' title="bbox 526 4227 2110 4300; baseline 0.001 -19"><span class='ocrx_word' id='word_1_369' title='bbox 526 4229 676 4296; x_wconf 82' lang='lat' dir='ltr'><strong>§VI-</strong></span> <span class='ocrx_word' id='word_1_370' title='bbox 712 4229 875 4300; x_wconf 80' lang='lat' dir='ltr'>Atqui</span> <span class='ocrx_word' id='word_1_371' title='bbox 921 4229 1007 4282; x_wconf 80' lang='lat' dir='ltr'>ait</span> <span class='ocrx_word' id='word_1_372' title='bbox 1037 4231 1260 4298; x_wconf 74' lang='lat' dir='ltr'>Elymus</span> <span class='ocrx_word' id='word_1_373' title='bbox 1309 4245 1518 4298; x_wconf 79' lang='lat' dir='ltr'>magus.</span> <span class='ocrx_word' id='word_1_374' title='bbox 1584 4230 1723 4283; x_wconf 82' lang='lat' dir='ltr'>llinc</span> <span class='ocrx_word' id='word_1_375' title='bbox 1781 4227 2110 4282; x_wconf 87' lang='lat' dir='ltr'>ostenditur</span> 
     </span>
    </p>
   </div>
   <div class='ocr_carea' id='block_1_60' title="bbox 455 4316 2110 4388">
    <p class='ocr_par' dir='ltr' id='par_1_60' title="bbox 455 4316 2110 4388">
     <span class='ocr_line' id='line_1_60' title="bbox 455 4316 2110 4388; baseline -0.001 -16"><span class='ocrx_word' id='word_1_376' title='bbox 455 4317 636 4386; x_wconf 88' lang='lat' dir='ltr'>hujus</span> <span class='ocrx_word' id='word_1_377' title='bbox 668 4319 856 4374; x_wconf 88' lang='lat' dir='ltr'>sancti</span> <span class='ocrx_word' id='word_1_378' title='bbox 888 4318 993 4372; x_wconf 90' lang='lat' dir='ltr'>viri</span> <span class='ocrx_word' id='word_1_379' title='bbox 1028 4318 1390 4388; x_wconf 85' lang='lat' dir='ltr'>antiquitas;</span> <span class='ocrx_word' id='word_1_380' title='bbox 1437 4317 1595 4371; x_wconf 91' lang='lat' dir='ltr'>novit</span> <span class='ocrx_word' id='word_1_381' title='bbox 1617 4316 1769 4370; x_wconf 91' lang='lat' dir='ltr'>enim</span> <span class='ocrx_word' id='word_1_382' title='bbox 1807 4332 1932 4386; x_wconf 67' lang='lat' dir='ltr'>quae</span> <span class='ocrx_word' id='word_1_383' title='bbox 1965 4316 2110 4370; x_wconf 86' lang='lat' dir='ltr'>dixit</span> 
     </span>
    </p>
   </div>
   <div class='ocr_carea' id='block_1_61' title="bbox 456 4405 2104 4480">
    <p class='ocr_par' dir='ltr' id='par_1_61' title="bbox 456 4405 2104 4480">
     <span class='ocr_line' id='line_1_61' title="bbox 456 4405 2104 4480; baseline -0.001 -19"><span class='ocrx_word' id='word_1_384' title='bbox 456 4407 689 4480; x_wconf 80' lang='lat' dir='ltr'>Elymas</span> <span class='ocrx_word' id='word_1_385' title='bbox 722 4424 953 4478; x_wconf 84' lang='lat' dir='ltr'>magus,</span> <span class='ocrx_word' id='word_1_386' title='bbox 983 4405 1085 4477; x_wconf 91' lang='lat' dir='ltr'>qui</span> <span class='ocrx_word' id='word_1_387' title='bbox 1117 4407 1292 4462; x_wconf 88' lang='lat' dir='ltr'>etiam</span> <span class='ocrx_word' id='word_1_388' title='bbox 1328 4406 1556 4460; x_wconf 90' lang='lat' dir='ltr'>obstitit</span> <span class='ocrx_word' id='word_1_389' title='bbox 1589 4409 1790 4459; x_wconf 90' lang='lat' dir='ltr'>sancto</span> <span class='ocrx_word' id='word_1_390' title='bbox 1842 4405 2017 4459; x_wconf 86' lang='lat' dir='ltr'>Paulo</span> <span class='ocrx_word' id='word_1_391' title='bbox 2048 4406 2104 4459; x_wconf 91' lang='lat' dir='ltr'>in</span> 
     </span>
    </p>
   </div>
   <div class='ocr_carea' id='block_1_62' title="bbox 457 4494 2109 4566">
    <p class='ocr_par' dir='ltr' id='par_1_62' title="bbox 457 4494 2109 4566">
     <span class='ocr_line' id='line_1_62' title="bbox 457 4494 2109 4566; baseline -0.002 -16"><span class='ocrx_word' id='word_1_392' title='bbox 457 4497 661 4566; x_wconf 84' lang='lat' dir='ltr'>Cypro,</span> <span class='ocrx_word' id='word_1_393' title='bbox 685 4498 857 4565; x_wconf 90' lang='lat' dir='ltr'>cujus</span> <span class='ocrx_word' id='word_1_394' title='bbox 891 4499 1034 4550; x_wconf 86' lang='lat' dir='ltr'>Acta</span> <span class='ocrx_word' id='word_1_395' title='bbox 1049 4501 1384 4549; x_wconf 88' lang='lat' dir='ltr'>sanctorum</span> <span class='ocrx_word' id='word_1_396' title='bbox 1408 4494 1804 4564; x_wconf 88' lang='lat' dir='ltr'>apostolorum</span> <span class='ocrx_word' id='word_1_397' title='bbox 1833 4495 2109 4550; x_wconf 79' lang='lat' dir='ltr'>memine-</span> 
     </span>
    </p>
   </div>
   <div class='ocr_carea' id='block_1_63' title="bbox 2221 1892 3882 1970">
    <p class='ocr_par' dir='ltr' id='par_1_63' title="bbox 2221 1892 3882 1970">
     <span class='ocr_line' id='line_1_63' title="bbox 2221 1892 3882 1970; baseline 0.005 -24"><span class='ocrx_word' id='word_1_398' title='bbox 2221 1892 2407 1955; x_wconf 80' lang='grc' dir='ltr'>αὐταῖς</span> <span class='ocrx_word' id='word_1_399' title='bbox 2460 1893 2562 1946; x_wconf 84' lang='grc' dir='ltr'>ὑπὸ</span> <span class='ocrx_word' id='word_1_400' title='bbox 2614 1898 2746 1947; x_wconf 86' lang='grc' dir='ltr'>Θεοῦ</span> <span class='ocrx_word' id='word_1_401' title='bbox 2793 1896 3132 1968; x_wconf 68' lang='grc' dir='ltr'>τεταγμένων</span> <span class='ocrx_word' id='word_1_402' title='bbox 3176 1895 3316 1970; x_wconf 79' lang='grc' dir='ltr'>ὅρων</span> <span class='ocrx_word' id='word_1_403' title='bbox 3380 1899 3441 1952; x_wconf 88' lang='grc' dir='ltr'>τὸ</span> <span class='ocrx_word' id='word_1_404' title='bbox 3493 1896 3882 1955; x_wconf 80' lang='grc' dir='ltr'>ἀναλλοίωτον</span> 
     </span>
    </p>
   </div>
   <div class='ocr_carea' id='block_1_64' title="bbox 2218 1979 3882 2059">
    <p class='ocr_par' dir='ltr' id='par_1_64' title="bbox 2218 1979 3882 2059">
     <span class='ocr_line' id='line_1_64' title="bbox 2218 1979 3882 2059; baseline 0.005 -24"><span class='ocrx_word' id='word_1_405' title='bbox 2218 1982 2436 2050; x_wconf 81' lang='grc' dir='ltr'>νόησον.</span> <span class='ocrx_word' id='word_1_406' title='bbox 2472 1979 2748 2054; x_wconf 84' lang='grc' dir='ltr'>Προόδους</span> <span class='ocrx_word' id='word_1_407' title='bbox 2781 1980 2836 2037; x_wconf 82' lang='grc' dir='ltr'>δὲ</span> <span class='ocrx_word' id='word_1_408' title='bbox 2865 1988 2962 2037; x_wconf 84' lang='grc' dir='ltr'>τοῦ</span> <span class='ocrx_word' id='word_1_409' title='bbox 2993 1980 3199 2059; x_wconf 84' lang='grc' dir='ltr'>χρόνου</span> <span class='ocrx_word' id='word_1_410' title='bbox 3229 1985 3290 2040; x_wconf 84' lang='grc' dir='ltr'>τὸ</span> <span class='ocrx_word' id='word_1_411' title='bbox 3327 1990 3504 2058; x_wconf 82' lang='grc' dir='ltr'>μῆκος</span> <span class='ocrx_word' id='word_1_412' title='bbox 3539 1988 3762 2059; x_wconf 79' lang='grc' dir='ltr'>τούτου,</span> <span class='ocrx_word' id='word_1_413' title='bbox 3787 1990 3882 2044; x_wconf 79' lang='grc' dir='ltr'>καὶ</span> 
     </span>
    </p>
   </div>
   <div class='ocr_carea' id='block_1_65' title="bbox 2217 2069 3878 2150">
    <p class='ocr_par' dir='ltr' id='par_1_65' title="bbox 2217 2069 3878 2150">
     <span class='ocr_line' id='line_1_65' title="bbox 2217 2069 3878 2150; baseline 0.003 -25"><span class='ocrx_word' id='word_1_414' title='bbox 2217 2072 2318 2139; x_wconf 77' lang='grc' dir='ltr'>τήν</span> <span class='ocrx_word' id='word_1_415' title='bbox 2369 2069 2458 2124; x_wconf 83' lang='grc' dir='ltr'>ἐπὶ</span> <span class='ocrx_word' id='word_1_416' title='bbox 2507 2071 2570 2124; x_wconf 88' lang='grc' dir='ltr'>τὸ</span> <span class='ocrx_word' id='word_1_417' title='bbox 2627 2091 2820 2144; x_wconf 87' lang='grc' dir='ltr'>προσω</span> <span class='ocrx_word' id='word_1_418' title='bbox 2880 2075 3049 2148; x_wconf 68' lang='grc' dir='ltr'>φορὰν</span> <span class='ocrx_word' id='word_1_419' title='bbox 3105 2072 3270 2147; x_wconf 88' lang='grc' dir='ltr'>λέγει·</span> <span class='ocrx_word' id='word_1_420' title='bbox 3335 2072 3603 2150; x_wconf 75' lang='grc' dir='ltr'>διάκρισιν</span> <span class='ocrx_word' id='word_1_421' title='bbox 3655 2075 3733 2146; x_wconf 78' lang='grc' dir='ltr'>δὲ,</span> <span class='ocrx_word' id='word_1_422' title='bbox 3775 2079 3878 2146; x_wconf 81' lang='grc' dir='ltr'>τήν</span> 
     </span>
    </p>
   </div>
   <div class='ocr_carea' id='block_1_66' title="bbox 2219 2157 3889 2239">
    <p class='ocr_par' dir='ltr' id='par_1_66' title="bbox 2219 2157 3889 2239">
     <span class='ocr_line' id='line_1_66' title="bbox 2219 2157 3889 2239; baseline 0.005 -26"><span class='ocrx_word' id='word_1_423' title='bbox 2219 2157 2308 2213; x_wconf 75' lang='grc' dir='ltr'>διὰ</span> <span class='ocrx_word' id='word_1_424' title='bbox 2349 2167 2450 2227; x_wconf 75' lang='grc' dir='ltr'>τῆς</span> <span class='ocrx_word' id='word_1_425' title='bbox 2500 2157 2809 2234; x_wconf 81' lang='grc' dir='ltr'>ἐναλλαγῆς</span> <span class='ocrx_word' id='word_1_426' title='bbox 2857 2165 2964 2214; x_wconf 82' lang='grc' dir='ltr'>τῶν</span> <span class='ocrx_word' id='word_1_427' title='bbox 3007 2166 3209 2235; x_wconf 82' lang='grc' dir='ltr'>καιρῶν</span> <span class='ocrx_word' id='word_1_428' title='bbox 3261 2161 3385 2232; x_wconf 72' lang='grc' dir='ltr'>ἤτοι</span> <span class='ocrx_word' id='word_1_429' title='bbox 3429 2165 3590 2239; x_wconf 78' lang='grc' dir='ltr'>ὡρῶν</span> <span class='ocrx_word' id='word_1_430' title='bbox 3643 2167 3889 2239; x_wconf 71' lang='grc' dir='ltr'>σημείωο</span> 
     </span>
    </p>
   </div>
   <div class='ocr_carea' id='block_1_67' title="bbox 2221 2248 3882 2326">
    <p class='ocr_par' dir='ltr' id='par_1_67' title="bbox 2221 2248 3882 2326">
     <span class='ocr_line' id='line_1_67' title="bbox 2221 2248 3882 2326; baseline 0.005 -25"><span class='ocrx_word' id='word_1_431' title='bbox 2221 2270 2300 2302; x_wconf 92' lang='grc' dir='ltr'>σιν</span> <span class='ocrx_word' id='word_1_432' title='bbox 2347 2250 2482 2323; x_wconf 87' lang='grc' dir='ltr'>πρὸς</span> <span class='ocrx_word' id='word_1_433' title='bbox 2533 2250 2599 2302; x_wconf 85' lang='grc' dir='ltr'>τά</span> <span class='ocrx_word' id='word_1_434' title='bbox 2647 2248 2783 2303; x_wconf 84' lang='grc' dir='ltr'>αὐτά</span> <span class='ocrx_word' id='word_1_435' title='bbox 2841 2248 3006 2304; x_wconf 85' lang='grc' dir='ltr'>πάλιν</span> <span class='ocrx_word' id='word_1_436' title='bbox 3063 2251 3590 2326; x_wconf 72' lang='grc' dir='ltr'>ἀποκαθισταμένην·</span> <span class='ocrx_word' id='word_1_437' title='bbox 3642 2251 3729 2310; x_wconf 83' lang='grc' dir='ltr'>διὸ</span> <span class='ocrx_word' id='word_1_438' title='bbox 3789 2256 3882 2310; x_wconf 83' lang='grc' dir='ltr'>καὶ</span> 
     </span>
    </p>
   </div>
   <div class='ocr_carea' id='block_1_68' title="bbox 2219 2336 3896 2419">
    <p class='ocr_par' dir='ltr' id='par_1_68' title="bbox 2219 2336 3896 2419">
     <span class='ocr_line' id='line_1_68' title="bbox 2219 2336 3896 2419; baseline 0.003 -25"><span class='ocrx_word' id='word_1_439' title='bbox 2219 2337 2510 2407; x_wconf 81' lang='grc' dir='ltr'>συνελίξεις</span> <span class='ocrx_word' id='word_1_440' title='bbox 2563 2336 2784 2393; x_wconf 80' lang='grc' dir='ltr'>ἐκάλεσε</span> <span class='ocrx_word' id='word_1_441' title='bbox 2829 2343 2927 2393; x_wconf 89' lang='grc' dir='ltr'>τοῦ</span> <span class='ocrx_word' id='word_1_442' title='bbox 2976 2339 3181 2416; x_wconf 88' lang='grc' dir='ltr'>χρόνου</span> <span class='ocrx_word' id='word_1_443' title='bbox 3225 2343 3323 2411; x_wconf 81' lang='grc' dir='ltr'>τὴν</span> <span class='ocrx_word' id='word_1_444' title='bbox 3384 2341 3617 2412; x_wconf 83' lang='grc' dir='ltr'>κίνησιν·</span> <span class='ocrx_word' id='word_1_445' title='bbox 3664 2345 3700 2414; x_wconf 73' lang='grc' dir='ltr'><strong>ἢ</strong></span> <span class='ocrx_word' id='word_1_446' title='bbox 3750 2365 3896 2419; x_wconf 85' lang='grc' dir='ltr'>προ-</span> 
     </span>
    </p>
   </div>
   <div class='ocr_carea' id='block_1_69' title="bbox 2219 2424 3879 2507">
    <p class='ocr_par' dir='ltr' id='par_1_69' title="bbox 2219 2424 3879 2507">
     <span class='ocr_line' id='line_1_69' title="bbox 2219 2424 3879 2507; baseline 0.004 -27"><span class='ocrx_word' id='word_1_447' title='bbox 2219 2424 2380 2488; x_wconf 87' lang='grc' dir='ltr'>όδους</span> <span class='ocrx_word' id='word_1_448' title='bbox 2410 2429 2669 2501; x_wconf 86' lang='grc' dir='ltr'>χρονικάς</span> <span class='ocrx_word' id='word_1_449' title='bbox 2723 2449 2853 2504; x_wconf 80' lang='grc' dir='ltr'>φησι</span> <span class='ocrx_word' id='word_1_450' title='bbox 2909 2429 3001 2490; x_wconf 81' lang='grc' dir='ltr'>τὰς</span> <span class='ocrx_word' id='word_1_451' title='bbox 3049 2434 3160 2483; x_wconf 78' lang='grc' dir='ltr'>τῶν</span> <span class='ocrx_word' id='word_1_452' title='bbox 3208 2428 3504 2500; x_wconf 85' lang='grc' dir='ltr'>πλανήτων</span> <span class='ocrx_word' id='word_1_453' title='bbox 3539 2430 3754 2507; x_wconf 81' lang='grc' dir='ltr'>ἄστρων</span> <span class='ocrx_word' id='word_1_454' title='bbox 3789 2455 3879 2488; x_wconf 84' lang='grc' dir='ltr'>κι-</span> 
     </span>
    </p>
   </div>
   <div class='ocr_carea' id='block_1_70' title="bbox 2216 2514 3889 2594">
    <p class='ocr_par' dir='ltr' id='par_1_70' title="bbox 2216 2514 3889 2594">
     <span class='ocr_line' id='line_1_70' title="bbox 2216 2514 3889 2594; baseline 0.005 -26"><span class='ocrx_word' id='word_1_455' title='bbox 2216 2518 2422 2586; x_wconf 84' lang='grc' dir='ltr'>νήσεις,</span> <span class='ocrx_word' id='word_1_456' title='bbox 2475 2514 2562 2570; x_wconf 69' lang='grc' dir='ltr'>ὲπί</span> <span class='ocrx_word' id='word_1_457' title='bbox 2615 2537 2737 2570; x_wconf 90' lang='grc' dir='ltr'>τινα</span> <span class='ocrx_word' id='word_1_458' title='bbox 2783 2517 3011 2592; x_wconf 81' lang='grc' dir='ltr'>ἀριθμὸν</span> <span class='ocrx_word' id='word_1_459' title='bbox 3064 2521 3269 2592; x_wconf 80' lang='grc' dir='ltr'>χρόνου</span> <span class='ocrx_word' id='word_1_460' title='bbox 3307 2517 3636 2594; x_wconf 78' lang='grc' dir='ltr'>διερπούσας</span> <span class='ocrx_word' id='word_1_461' title='bbox 3685 2524 3757 2576; x_wconf 76' lang='grc' dir='ltr'>τὰ</span> <span class='ocrx_word' id='word_1_462' title='bbox 3836 2519 3889 2577; x_wconf 77' lang='grc' dir='ltr'>ιϐ</span> 
     </span>
    </p>
   </div>
   <div class='ocr_carea' id='block_1_71' title="bbox 2216 2602 3880 2680">
    <p class='ocr_par' dir='ltr' id='par_1_71' title="bbox 2216 2602 3880 2680">
     <span class='ocr_line' id='line_1_71' title="bbox 2216 2602 3880 2680; baseline 0.004 -21"><span class='ocrx_word' id='word_1_463' title='bbox 2216 2609 2324 2659; x_wconf 84' lang='grc' dir='ltr'>τῶν</span> <span class='ocrx_word' id='word_1_464' title='bbox 2385 2602 2694 2679; x_wconf 84' lang='grc' dir='ltr'>λεγομένων</span> <span class='ocrx_word' id='word_1_465' title='bbox 2755 2605 2918 2661; x_wconf 64' lang='grc' dir='ltr'>οἵικων</span> <span class='ocrx_word' id='word_1_466' title='bbox 2982 2605 3357 2680; x_wconf 77' lang='grc' dir='ltr'>διαστήματα·</span> <span class='ocrx_word' id='word_1_467' title='bbox 3414 2611 3880 2674; x_wconf 75' lang='grc' dir='ltr'>ἀποκαταστάσεις</span> 
     </span>
    </p>
   </div>
   <div class='ocr_carea' id='block_1_72' title="bbox 2220 2691 3882 2771">
    <p class='ocr_par' dir='ltr' id='par_1_72' title="bbox 2220 2691 3882 2771">
     <span class='ocr_line' id='line_1_72' title="bbox 2220 2691 3882 2771; baseline 0.004 -23"><span class='ocrx_word' id='word_1_468' title='bbox 2220 2691 2277 2748; x_wconf 74' lang='grc' dir='ltr'>δὲ</span> <span class='ocrx_word' id='word_1_469' title='bbox 2306 2694 2399 2757; x_wconf 71' lang='grc' dir='ltr'>τὰς</span> <span class='ocrx_word' id='word_1_470' title='bbox 2448 2693 2552 2748; x_wconf 76' lang='grc' dir='ltr'>ἀπὸ</span> <span class='ocrx_word' id='word_1_471' title='bbox 2600 2695 2832 2767; x_wconf 85' lang='grc' dir='ltr'>σημείου</span> <span class='ocrx_word' id='word_1_472' title='bbox 2876 2697 3024 2757; x_wconf 89' lang='grc' dir='ltr'>τινὸς</span> <span class='ocrx_word' id='word_1_473' title='bbox 3055 2695 3143 2750; x_wconf 77' lang='grc' dir='ltr'>ὶπὶ</span> <span class='ocrx_word' id='word_1_474' title='bbox 3194 2698 3256 2751; x_wconf 88' lang='grc' dir='ltr'>τὸ</span> <span class='ocrx_word' id='word_1_475' title='bbox 3309 2697 3437 2752; x_wconf 83' lang='grc' dir='ltr'>αὐτὸ</span> <span class='ocrx_word' id='word_1_476' title='bbox 3482 2705 3715 2771; x_wconf 86' lang='grc' dir='ltr'>σημεῖον</span> <span class='ocrx_word' id='word_1_477' title='bbox 3750 2700 3882 2755; x_wconf 78' lang='grc' dir='ltr'>έπα-</span> 
     </span>
    </p>
   </div>
   <div class='ocr_carea' id='block_1_73' title="bbox 2217 2780 3887 2862">
    <p class='ocr_par' dir='ltr' id='par_1_73' title="bbox 2217 2780 3887 2862">
     <span class='ocr_line' id='line_1_73' title="bbox 2217 2780 3887 2862; baseline 0.005 -26"><span class='ocrx_word' id='word_1_478' title='bbox 2217 2780 2510 2857; x_wconf 87' lang='grc' dir='ltr'>ναδρομάς·</span> <span class='ocrx_word' id='word_1_479' title='bbox 2542 2784 2653 2838; x_wconf 75' lang='grc' dir='ltr'>οἷον</span> <span class='ocrx_word' id='word_1_480' title='bbox 2677 2785 2704 2838; x_wconf 98' lang='lat'>6</span> <span class='ocrx_word' id='word_1_481' title='bbox 2735 2783 2898 2852; x_wconf 76' lang='grc' dir='ltr'>ἥλιος</span> <span class='ocrx_word' id='word_1_482' title='bbox 2929 2783 2998 2839; x_wconf 83' lang='grc' dir='ltr'>δι’</span> <span class='ocrx_word' id='word_1_483' title='bbox 3031 2784 3272 2840; x_wconf 78' lang='grc' dir='ltr'>ἐνιαυτοῦ</span> <span class='ocrx_word' id='word_1_484' title='bbox 3304 2787 3602 2862; x_wconf 86' lang='grc' dir='ltr'>περιπολεῖ</span> <span class='ocrx_word' id='word_1_485' title='bbox 3644 2789 3776 2853; x_wconf 73' lang='grc' dir='ltr'>τοὺς</span> <span class='ocrx_word' id='word_1_486' title='bbox 3813 2787 3887 2844; x_wconf 74' lang='grc' dir='ltr'>ιϐ’</span> 
     </span>
    </p>
   </div>
   <div class='ocr_carea' id='block_1_74' title="bbox 2220 2870 3888 2954">
    <p class='ocr_par' dir='ltr' id='par_1_74' title="bbox 2220 2870 3888 2954">
     <span class='ocr_line' id='line_1_74' title="bbox 2220 2870 3888 2954; baseline 0.004 -29"><span class='ocrx_word' id='word_1_487' title='bbox 2220 2870 2402 2935; x_wconf 72' lang='grc' dir='ltr'>θ’ίκους</span> <span class='ocrx_word' id='word_1_488' title='bbox 2432 2873 2538 2926; x_wconf 89' lang='grc' dir='ltr'>ἀπὸ</span> <span class='ocrx_word' id='word_1_489' title='bbox 2585 2877 2682 2927; x_wconf 89' lang='grc' dir='ltr'>τοῦ</span> <span class='ocrx_word' id='word_1_490' title='bbox 2733 2871 3034 2948; x_wconf 81' lang='grc' dir='ltr'>λεγομένου</span> <span class='ocrx_word' id='word_1_491' title='bbox 3065 2879 3222 2949; x_wconf 88' lang='grc' dir='ltr'>κριοῦ</span> <span class='ocrx_word' id='word_1_492' title='bbox 3269 2875 3355 2930; x_wconf 78' lang='grc' dir='ltr'>ἐπὶ</span> <span class='ocrx_word' id='word_1_493' title='bbox 3393 2877 3483 2931; x_wconf 89' lang='grc' dir='ltr'>τὸν</span> <span class='ocrx_word' id='word_1_494' title='bbox 3533 2877 3695 2933; x_wconf 82' lang='grc' dir='ltr'>αὐτὸν</span> <span class='ocrx_word' id='word_1_495' title='bbox 3728 2882 3888 2954; x_wconf 86' lang='grc' dir='ltr'>κριὸν</span> 
     </span>
    </p>
   </div>
   <div class='ocr_carea' id='block_1_75' title="bbox 2220 2959 3891 3037">
    <p class='ocr_par' dir='ltr' id='par_1_75' title="bbox 2220 2959 3891 3037">
     <span class='ocr_line' id='line_1_75' title="bbox 2220 2959 3891 3037; baseline 0.004 -21"><span class='ocrx_word' id='word_1_496' title='bbox 2220 2959 2603 3035; x_wconf 81' lang='grc' dir='ltr'>διερχόμενος,</span> <span class='ocrx_word' id='word_1_497' title='bbox 2638 2963 2671 3032; x_wconf 79' lang='grc' dir='ltr'>ἡ</span> <span class='ocrx_word' id='word_1_498' title='bbox 2706 2961 2908 3032; x_wconf 81' lang='grc' dir='ltr'>σελήνη</span> <span class='ocrx_word' id='word_1_499' title='bbox 2958 2961 3046 3017; x_wconf 79' lang='grc' dir='ltr'>διὰ</span> <span class='ocrx_word' id='word_1_500' title='bbox 3103 2965 3294 3036; x_wconf 89' lang='grc' dir='ltr'>μηνὸς,</span> <span class='ocrx_word' id='word_1_501' title='bbox 3345 2965 3433 3019; x_wconf 86' lang='grc' dir='ltr'>καὶ</span> <span class='ocrx_word' id='word_1_502' title='bbox 3483 2967 3536 3021; x_wconf 73' lang='grc' dir='ltr'>οἱ</span> <span class='ocrx_word' id='word_1_503' title='bbox 3567 2968 3693 3037; x_wconf 72' lang='grc' dir='ltr'>ἑξῆς</span> <span class='ocrx_word' id='word_1_504' title='bbox 3728 2975 3765 3023; x_wconf 90' lang='grc' dir='ltr'>ε’</span> <span class='ocrx_word' id='word_1_505' title='bbox 3795 2969 3891 3022; x_wconf 69' lang='grc' dir='ltr'>οὕ-</span> 
     </span>
    </p>
   </div>
   <div class='ocr_carea' id='block_1_76' title="bbox 2217 3050 3506 3128">
    <p class='ocr_par' dir='ltr' id='par_1_76' title="bbox 2217 3050 3506 3128">
     <span class='ocr_line' id='line_1_76' title="bbox 2217 3050 3506 3128; baseline 0.005 -24"><span class='ocrx_word' id='word_1_506' title='bbox 2217 3071 2353 3112; x_wconf 87' lang='grc' dir='ltr'>τως·</span> <span class='ocrx_word' id='word_1_507' title='bbox 2386 3050 2447 3105; x_wconf 77' lang='grc' dir='ltr'>έκ</span> <span class='ocrx_word' id='word_1_508' title='bbox 2474 3052 2576 3125; x_wconf 73' lang='grc' dir='ltr'>γὰρ</span> <span class='ocrx_word' id='word_1_509' title='bbox 2609 3051 2814 3106; x_wconf 84' lang='grc' dir='ltr'>τούτων</span> <span class='ocrx_word' id='word_1_510' title='bbox 2851 3054 2902 3106; x_wconf 78' lang='grc' dir='ltr'>οἱ</span> <span class='ocrx_word' id='word_1_511' title='bbox 2933 3053 3125 3127; x_wconf 87' lang='grc' dir='ltr'>χρόνοι</span> <span class='ocrx_word' id='word_1_512' title='bbox 3164 3059 3506 3128; x_wconf 77' lang='grc' dir='ltr'>μετροῦνται.</span> 
     </span>
    </p>
   </div>
   <div class='ocr_carea' id='block_1_77' title="bbox 2293 3148 3918 3228">
    <p class='ocr_par' dir='ltr' id='par_1_77' title="bbox 2293 3148 3918 3228">
     <span class='ocr_line' id='line_1_77' title="bbox 2293 3148 3918 3228; baseline 0.006 -27"><span class='ocrx_word' id='word_1_513' title='bbox 2293 3148 2391 3202; x_wconf 85' lang='grc' dir='ltr'>Καὶ</span> <span class='ocrx_word' id='word_1_514' title='bbox 2443 3149 2538 3210; x_wconf 77' lang='grc' dir='ltr'>τὰς</span> <span class='ocrx_word' id='word_1_515' title='bbox 2599 3153 2695 3203; x_wconf 88' lang='grc' dir='ltr'>τοῦ</span> <span class='ocrx_word' id='word_1_516' title='bbox 2753 3148 2924 3224; x_wconf 77' lang='grc' dir='ltr'>πυρὰς</span> <span class='ocrx_word' id='word_1_517' title='bbox 2980 3148 3259 3223; x_wconf 89' lang='grc' dir='ltr'>δυνάμεις.</span> <span class='ocrx_word' id='word_1_518' title='bbox 3318 3155 3430 3209; x_wconf 92' lang='grc' dir='ltr'>Τοῦ</span> <span class='ocrx_word' id='word_1_519' title='bbox 3486 3153 3729 3228; x_wconf 75' lang='grc' dir='ltr'>αἰθερίου</span> <span class='ocrx_word' id='word_1_520' title='bbox 3790 3153 3918 3225; x_wconf 80' lang='grc' dir='ltr'>δη·-</span> 
     </span>
    </p>
   </div>
   <div class='ocr_carea' id='block_1_78' title="bbox 2223 3236 3888 3318">
    <p class='ocr_par' dir='ltr' id='par_1_78' title="bbox 2223 3236 3888 3318">
     <span class='ocr_line' id='line_1_78' title="bbox 2223 3236 3888 3318; baseline 0.004 -26"><span class='ocrx_word' id='word_1_521' title='bbox 2223 3236 2430 3293; x_wconf 84' lang='grc' dir='ltr'>λονὸτι.</span> <span class='ocrx_word' id='word_1_522' title='bbox 2476 3239 2620 3307; x_wconf 78' lang='grc' dir='ltr'>Φησὶ</span> <span class='ocrx_word' id='word_1_523' title='bbox 2668 3236 2723 3292; x_wconf 74' lang='grc' dir='ltr'>δὲ</span> <span class='ocrx_word' id='word_1_524' title='bbox 2766 3239 2889 3315; x_wconf 82' lang='grc' dir='ltr'>περὶ</span> <span class='ocrx_word' id='word_1_525' title='bbox 2939 3245 3047 3294; x_wconf 80' lang='grc' dir='ltr'>τῶν</span> <span class='ocrx_word' id='word_1_526' title='bbox 3099 3241 3374 3316; x_wconf 74' lang='grc' dir='ltr'>τεσσάρων</span> <span class='ocrx_word' id='word_1_527' title='bbox 3427 3244 3737 3318; x_wconf 88' lang='grc' dir='ltr'>ςτοιχείων,</span> <span class='ocrx_word' id='word_1_528' title='bbox 3789 3245 3888 3299; x_wconf 85' lang='grc' dir='ltr'>καὶ</span> 
     </span>
    </p>
   </div>
   <div class='ocr_carea' id='block_1_79' title="bbox 2220 3325 3892 3411">
    <p class='ocr_par' dir='ltr' id='par_1_79' title="bbox 2220 3325 3892 3411">
     <span class='ocr_line' id='line_1_79' title="bbox 2220 3325 3892 3411; baseline 0.005 -31"><span class='ocrx_word' id='word_1_529' title='bbox 2220 3329 2302 3381; x_wconf 81' lang='grc' dir='ltr'>ὅτι</span> <span class='ocrx_word' id='word_1_530' title='bbox 2335 3330 2369 3396; x_wconf 77' lang='grc' dir='ltr'><strong>ἡ</strong></span> <span class='ocrx_word' id='word_1_531' title='bbox 2401 3334 2472 3401; x_wconf 80' lang='grc' dir='ltr'>γῆ</span> <span class='ocrx_word' id='word_1_532' title='bbox 2507 3327 2587 3380; x_wconf 80' lang='grc' dir='ltr'>ἐπ’</span> <span class='ocrx_word' id='word_1_533' title='bbox 2623 3325 2844 3390; x_wconf 81' lang='grc' dir='ltr'>οὐδενὸς</span> <span class='ocrx_word' id='word_1_534' title='bbox 2875 3329 3288 3402; x_wconf 85' lang='grc' dir='ltr'>τεθεμελίωται·</span> <span class='ocrx_word' id='word_1_535' title='bbox 3319 3334 3354 3400; x_wconf 75' lang='grc' dir='ltr'><strong>ἡ</strong></span> <span class='ocrx_word' id='word_1_536' title='bbox 3386 3329 3443 3385; x_wconf 73' lang='grc' dir='ltr'>δὲ</span> <span class='ocrx_word' id='word_1_537' title='bbox 3474 3335 3661 3410; x_wconf 65' lang='grc' dir='ltr'>Γραφή</span> <span class='ocrx_word' id='word_1_538' title='bbox 3696 3355 3892 3411; x_wconf 77' lang='grc' dir='ltr'>φησιν,</span> 
     </span>
    </p>
   </div>
   <div class='ocr_carea' id='block_1_80' title="bbox 2219 3413 3002 3490">
    <p class='ocr_par' dir='ltr' id='par_1_80' title="bbox 2219 3413 3002 3490">
     <span class='ocr_line' id='line_1_80' title="bbox 2219 3413 3002 3490; baseline 0.003 -19"><span class='ocrx_word' id='word_1_539' title='bbox 2219 3417 2341 3471; x_wconf 79' lang='grc' dir='ltr'>Ἐπὶ</span> <span class='ocrx_word' id='word_1_540' title='bbox 2377 3413 2587 3471; x_wconf 76' lang='grc' dir='ltr'>ὑδάτων</span> <span class='ocrx_word' id='word_1_541' title='bbox 2616 3415 3002 3490; x_wconf 72' lang='grc' dir='ltr'>έθεμελίωσας.</span> 
     </span>
    </p>
   </div>
   <div class='ocr_carea' id='block_1_81' title="bbox 2289 3503 3893 3583">
    <p class='ocr_par' dir='ltr' id='par_1_81' title="bbox 2289 3503 3893 3583">
     <span class='ocr_line' id='line_1_81' title="bbox 2289 3503 3893 3583; baseline 0.004 -22"><span class='ocrx_word' id='word_1_542' title='bbox 2289 3504 2396 3566; x_wconf 85' lang='grc' dir='ltr'>Τάς</span> <span class='ocrx_word' id='word_1_543' title='bbox 2429 3503 2732 3567; x_wconf 77' lang='grc' dir='ltr'>οὖσιώδεις.</span> <span class='ocrx_word' id='word_1_544' title='bbox 2758 3507 2912 3568; x_wconf 88' lang='grc' dir='ltr'>Ἰσως</span> <span class='ocrx_word' id='word_1_545' title='bbox 2935 3504 3175 3578; x_wconf 75' lang='grc' dir='ltr'>οὖσιώδη</span> <span class='ocrx_word' id='word_1_546' title='bbox 3209 3505 3458 3583; x_wconf 86' lang='grc' dir='ltr'>λέγονται</span> <span class='ocrx_word' id='word_1_547' title='bbox 3490 3510 3675 3566; x_wconf 76' lang='grc' dir='ltr'>καὶτὰ</span> <span class='ocrx_word' id='word_1_548' title='bbox 3711 3515 3893 3568; x_wconf 72' lang='grc' dir='ltr'>πάντα</span> 
     </span>
    </p>
   </div>
   <div class='ocr_carea' id='block_1_82' title="bbox 2219 3592 3892 3668">
    <p class='ocr_par' dir='ltr' id='par_1_82' title="bbox 2219 3592 3892 3668">
     <span class='ocr_line' id='line_1_82' title="bbox 2219 3592 3892 3668; baseline 0.006 -21"><span class='ocrx_word' id='word_1_549' title='bbox 2219 3592 2406 3668; x_wconf 80' lang='grc' dir='ltr'>ἄψυχα</span> <span class='ocrx_word' id='word_1_550' title='bbox 2436 3593 2523 3648; x_wconf 80' lang='grc' dir='ltr'>καὶ</span> <span class='ocrx_word' id='word_1_551' title='bbox 2567 3593 2884 3664; x_wconf 80' lang='grc' dir='ltr'>ἀναίσθητα,</span> <span class='ocrx_word' id='word_1_552' title='bbox 2934 3593 3193 3666; x_wconf 89' lang='grc' dir='ltr'>δηλονότι</span> <span class='ocrx_word' id='word_1_553' title='bbox 3249 3597 3355 3652; x_wconf 87' lang='grc' dir='ltr'>ἀπὸ</span> <span class='ocrx_word' id='word_1_554' title='bbox 3395 3603 3490 3652; x_wconf 86' lang='grc' dir='ltr'>τοῦ</span> <span class='ocrx_word' id='word_1_555' title='bbox 3547 3600 3680 3654; x_wconf 72' lang='grc' dir='ltr'>εἶναι</span> <span class='ocrx_word' id='word_1_556' title='bbox 3741 3601 3892 3657; x_wconf 65' lang='grc' dir='ltr'>οὕτω</span> 
     </span>
    </p>
   </div>
   <div class='ocr_carea' id='block_1_83' title="bbox 2220 3682 2514 3757">
    <p class='ocr_par' dir='ltr' id='par_1_83' title="bbox 2220 3682 2514 3757">
     <span class='ocr_line' id='line_1_83' title="bbox 2220 3682 2514 3757; baseline -0.003 -20"><span class='ocrx_word' id='word_1_557' title='bbox 2220 3682 2514 3757; x_wconf 86' lang='grc' dir='ltr'>λεγόμενα.</span> 
     </span>
    </p>
   </div>
   <div class='ocr_carea' id='block_1_84' title="bbox 2289 3772 3889 3854">
    <p class='ocr_par' dir='ltr' id='par_1_84' title="bbox 2289 3772 3889 3854">
     <span class='ocr_line' id='line_1_84' title="bbox 2289 3772 3889 3854; baseline 0.004 -27"><span class='ocrx_word' id='word_1_558' title='bbox 2289 3773 2394 3827; x_wconf 76' lang='grc' dir='ltr'>Καὶ</span> <span class='ocrx_word' id='word_1_559' title='bbox 2427 3773 2525 3840; x_wconf 80' lang='grc' dir='ltr'>τήν</span> <span class='ocrx_word' id='word_1_560' title='bbox 2573 3772 2786 3829; x_wconf 86' lang='grc' dir='ltr'>θέωσιν.</span> <span class='ocrx_word' id='word_1_561' title='bbox 2819 3775 3166 3830; x_wconf 87' lang='grc' dir='ltr'>Ἐκθεοῦνται</span> <span class='ocrx_word' id='word_1_562' title='bbox 3216 3776 3268 3829; x_wconf 71' lang='grc' dir='ltr'>οἱ</span> <span class='ocrx_word' id='word_1_563' title='bbox 3317 3774 3513 3830; x_wconf 86' lang='grc' dir='ltr'>δίκαιοι</span> <span class='ocrx_word' id='word_1_564' title='bbox 3563 3779 3654 3832; x_wconf 78' lang='grc' dir='ltr'>καὶ</span> <span class='ocrx_word' id='word_1_565' title='bbox 3689 3779 3739 3832; x_wconf 75' lang='grc' dir='ltr'>οἱ</span> <span class='ocrx_word' id='word_1_566' title='bbox 3791 3780 3889 3854; x_wconf 75' lang='grc' dir='ltr'>ἅγ-</span> 
     </span>
    </p>
   </div>
   <div class='ocr_carea' id='block_1_85' title="bbox 2215 3859 3364 3937">
    <p class='ocr_par' dir='ltr' id='par_1_85' title="bbox 2215 3859 3364 3937">
     <span class='ocr_line' id='line_1_85' title="bbox 2215 3859 3364 3937; baseline 0.003 -22"><span class='ocrx_word' id='word_1_567' title='bbox 2215 3859 2396 3935; x_wconf 78' lang='grc' dir='ltr'>γελοι,</span> <span class='ocrx_word' id='word_1_568' title='bbox 2431 3863 2566 3915; x_wconf 73' lang='grc' dir='ltr'>κατὰ</span> <span class='ocrx_word' id='word_1_569' title='bbox 2595 3863 2676 3915; x_wconf 88' lang='grc' dir='ltr'>τό·</span> <span class='ocrx_word' id='word_1_570' title='bbox 2716 3861 2858 3937; x_wconf 86' lang='grc' dir='ltr'>Ἐγὼ</span> <span class='ocrx_word' id='word_1_571' title='bbox 2896 3865 3038 3918; x_wconf 74' lang='grc' dir='ltr'>εἶπα·</span> <span class='ocrx_word' id='word_1_572' title='bbox 3077 3863 3200 3918; x_wconf 89' lang='grc' dir='ltr'>Θεοί</span> <span class='ocrx_word' id='word_1_573' title='bbox 3229 3864 3364 3920; x_wconf 75' lang='grc' dir='ltr'>ἔστε.</span> 
     </span>
    </p>
   </div>
   <div class='ocr_carea' id='block_1_86' title="bbox 2290 3959 3884 4032">
    <p class='ocr_par' dir='ltr' id='par_1_86' title="bbox 2290 3959 3884 4032">
     <span class='ocr_line' id='line_1_86' title="bbox 2290 3959 3884 4032; baseline 0.003 -18"><span class='ocrx_word' id='word_1_574' title='bbox 2290 3959 2580 4021; x_wconf 83' lang='grc' dir='ltr'>ΙΙαντελῶς</span> <span class='ocrx_word' id='word_1_575' title='bbox 2640 3960 2828 4023; x_wconf 82' lang='grc' dir='ltr'>θέσις·</span> <span class='ocrx_word' id='word_1_576' title='bbox 2888 3963 3040 4016; x_wconf 83' lang='grc' dir='ltr'>Θέσιν</span> <span class='ocrx_word' id='word_1_577' title='bbox 3111 3959 3273 4016; x_wconf 85' lang='grc' dir='ltr'>καλεῖ</span> <span class='ocrx_word' id='word_1_578' title='bbox 3328 3965 3427 4032; x_wconf 70' lang='grc' dir='ltr'>τὴν</span> <span class='ocrx_word' id='word_1_579' title='bbox 3488 3964 3562 4025; x_wconf 83' lang='grc' dir='ltr'>εἷς</span> <span class='ocrx_word' id='word_1_580' title='bbox 3620 3965 3685 4019; x_wconf 82' lang='grc' dir='ltr'>τὸ</span> <span class='ocrx_word' id='word_1_581' title='bbox 3746 3967 3884 4020; x_wconf 74' lang='grc' dir='ltr'>εἶναι</span> 
     </span>
    </p>
   </div>
   <div class='ocr_carea' id='block_1_87' title="bbox 2217 4048 3886 4125">
    <p class='ocr_par' dir='ltr' id='par_1_87' title="bbox 2217 4048 3886 4125">
     <span class='ocr_line' id='line_1_87' title="bbox 2217 4048 3886 4125; baseline 0.005 -25"><span class='ocrx_word' id='word_1_582' title='bbox 2217 4049 2576 4121; x_wconf 68' lang='grc' dir='ltr'>παραγωγήν,</span> <span class='ocrx_word' id='word_1_583' title='bbox 2610 4048 2727 4102; x_wconf 79' lang='grc' dir='ltr'>ἀντὶ</span> <span class='ocrx_word' id='word_1_584' title='bbox 2756 4053 2871 4117; x_wconf 88' lang='grc' dir='ltr'>τοῦ,</span> <span class='ocrx_word' id='word_1_585' title='bbox 2907 4050 2972 4106; x_wconf 69' lang='grc'><strong>⁸0</strong></span> <span class='ocrx_word' id='word_1_586' title='bbox 3020 4051 3096 4122; x_wconf 80' lang='grc' dir='ltr'>μὴ</span> <span class='ocrx_word' id='word_1_587' title='bbox 3152 4049 3372 4125; x_wconf 83' lang='grc' dir='ltr'>μετέχει</span> <span class='ocrx_word' id='word_1_588' title='bbox 3406 4048 3716 4125; x_wconf 81' lang='grc' dir='ltr'>δυνάμεως,</span> <span class='ocrx_word' id='word_1_589' title='bbox 3750 4052 3886 4108; x_wconf 67' lang='grc' dir='ltr'>οὐδὲ</span> 
     </span>
    </p>
   </div>
   <div class='ocr_carea' id='block_1_88' title="bbox 2217 4133 2806 4212">
    <p class='ocr_par' dir='ltr' id='par_1_88' title="bbox 2217 4133 2806 4212">
     <span class='ocr_line' id='line_1_88' title="bbox 2217 4133 2806 4212; baseline 0.007 -22"><span class='ocrx_word' id='word_1_590' title='bbox 2217 4135 2268 4190; x_wconf 77' lang='grc' dir='ltr'>έν</span> <span class='ocrx_word' id='word_1_591' title='bbox 2304 4133 2645 4212; x_wconf 82' lang='grc' dir='ltr'>δημιουργίᾳ</span> <span class='ocrx_word' id='word_1_592' title='bbox 2676 4136 2806 4194; x_wconf 82' lang='grc' dir='ltr'>ἐστί.</span> 
     </span>
    </p>
   </div>
   <div class='ocr_carea' id='block_1_89' title="bbox 2290 4225 3887 4305">
    <p class='ocr_par' dir='ltr' id='par_1_89' title="bbox 2290 4225 3887 4305">
     <span class='ocr_line' id='line_1_89' title="bbox 2290 4225 3887 4305; baseline 0.005 -27"><span class='ocrx_word' id='word_1_593' title='bbox 2290 4230 2316 4292; x_wconf 83' lang='lat'><strong>§</strong></span> <span class='ocrx_word' id='word_1_594' title='bbox 2377 4229 2471 4280; x_wconf 86' lang='lat' dir='ltr'>VI.</span> <span class='ocrx_word' id='word_1_595' title='bbox 2532 4225 2716 4280; x_wconf 85' lang='grc' dir='ltr'>Καίτοι</span> <span class='ocrx_word' id='word_1_596' title='bbox 2781 4228 2941 4305; x_wconf 78' lang='grc' dir='ltr'>φησὶν</span> <span class='ocrx_word' id='word_1_597' title='bbox 3001 4227 3245 4300; x_wconf 82' lang='grc' dir='ltr'>Ἐλύμας</span> <span class='ocrx_word' id='word_1_598' title='bbox 3305 4231 3333 4283; x_wconf 89' lang='lat'>6</span> <span class='ocrx_word' id='word_1_599' title='bbox 3396 4231 3603 4305; x_wconf 86' lang='grc' dir='ltr'>μάγος.</span> <span class='ocrx_word' id='word_1_600' title='bbox 3666 4231 3887 4286; x_wconf 83' lang='grc' dir='ltr'>Δείκνυ-</span> 
     </span>
    </p>
   </div>
   <div class='ocr_carea' id='block_1_90' title="bbox 2215 4313 3881 4395">
    <p class='ocr_par' dir='ltr' id='par_1_90' title="bbox 2215 4313 3881 4395">
     <span class='ocr_line' id='line_1_90' title="bbox 2215 4313 3881 4395; baseline 0.005 -28"><span class='ocrx_word' id='word_1_601' title='bbox 2215 4335 2304 4395; x_wconf 78' lang='grc' dir='ltr'>ται</span> <span class='ocrx_word' id='word_1_602' title='bbox 2354 4313 2590 4377; x_wconf 83' lang='grc' dir='ltr'>ἐντεῦθεν</span> <span class='ocrx_word' id='word_1_603' title='bbox 2633 4320 2730 4369; x_wconf 88' lang='grc' dir='ltr'>τοῦ</span> <span class='ocrx_word' id='word_1_604' title='bbox 2779 4316 2934 4391; x_wconf 86' lang='grc' dir='ltr'>ἀγίου</span> <span class='ocrx_word' id='word_1_605' title='bbox 2983 4316 3180 4371; x_wconf 81' lang='grc' dir='ltr'>τούτου</span> <span class='ocrx_word' id='word_1_606' title='bbox 3232 4315 3428 4394; x_wconf 85' lang='grc' dir='ltr'>ἀνδρὸς</span> <span class='ocrx_word' id='word_1_607' title='bbox 3459 4321 3493 4388; x_wconf 79' lang='grc' dir='ltr'>ἡ</span> <span class='ocrx_word' id='word_1_608' title='bbox 3550 4320 3881 4395; x_wconf 74' lang='grc' dir='ltr'>ἀρχαιότης·</span> 
     </span>
    </p>
   </div>
   <div class='ocr_carea' id='block_1_91' title="bbox 2222 4404 3884 4483">
    <p class='ocr_par' dir='ltr' id='par_1_91' title="bbox 2222 4404 3884 4483">
     <span class='ocr_line' id='line_1_91' title="bbox 2222 4404 3884 4483; baseline 0.004 -26"><span class='ocrx_word' id='word_1_609' title='bbox 2222 4405 2253 4458; x_wconf 84' lang='grc' dir='ltr'>ἃ</span> <span class='ocrx_word' id='word_1_610' title='bbox 2302 4404 2402 4478; x_wconf 80' lang='grc' dir='ltr'>γὰρ</span> <span class='ocrx_word' id='word_1_611' title='bbox 2463 4405 2606 4459; x_wconf 78' lang='grc' dir='ltr'>εἶπεν</span> <span class='ocrx_word' id='word_1_612' title='bbox 2657 4405 2897 4479; x_wconf 73' lang='grc' dir='ltr'>Ἐλύμας</span> <span class='ocrx_word' id='word_1_613' title='bbox 2955 4409 2982 4462; x_wconf 91' lang='lat'>6</span> <span class='ocrx_word' id='word_1_614' title='bbox 3040 4408 3234 4481; x_wconf 82' lang='grc' dir='ltr'>μάγος,</span> <span class='ocrx_word' id='word_1_615' title='bbox 3284 4408 3342 4470; x_wconf 79' lang='grc' dir='ltr'>’ὃς</span> <span class='ocrx_word' id='word_1_616' title='bbox 3398 4410 3488 4463; x_wconf 76' lang='grc' dir='ltr'>καὶ</span> <span class='ocrx_word' id='word_1_617' title='bbox 3543 4410 3768 4480; x_wconf 84' lang='grc' dir='ltr'>ἀντέστη</span> <span class='ocrx_word' id='word_1_618' title='bbox 3801 4417 3884 4483; x_wconf 79' lang='grc' dir='ltr'>τῷ</span> 
     </span>
    </p>
   </div>
   <div class='ocr_carea' id='block_1_92' title="bbox 2220 4492 3883 4573">
    <p class='ocr_par' dir='ltr' id='par_1_92' title="bbox 2220 4492 3883 4573">
     <span class='ocr_line' id='line_1_92' title="bbox 2220 4492 3883 4573; baseline 0.004 -27"><span class='ocrx_word' id='word_1_619' title='bbox 2220 4493 2358 4568; x_wconf 85' lang='grc' dir='ltr'>ἀγίῳ</span> <span class='ocrx_word' id='word_1_620' title='bbox 2415 4492 2615 4567; x_wconf 64' lang='grc' dir='ltr'>Παύλῳ</span> <span class='ocrx_word' id='word_1_621' title='bbox 2677 4494 2727 4548; x_wconf 80' lang='grc' dir='ltr'>ἐν</span> <span class='ocrx_word' id='word_1_622' title='bbox 2788 4496 3012 4568; x_wconf 75' lang='grc' dir='ltr'>Κύπρῳ,</span> <span class='ocrx_word' id='word_1_623' title='bbox 3073 4497 3359 4571; x_wconf 85' lang='grc' dir='ltr'>γινώσκει·</span> <span class='ocrx_word' id='word_1_624' title='bbox 3423 4499 3485 4552; x_wconf 83' lang='grc' dir='ltr'>οὗ</span> <span class='ocrx_word' id='word_1_625' title='bbox 3539 4499 3593 4552; x_wconf 76' lang='grc' dir='ltr'>αἱ</span> <span class='ocrx_word' id='word_1_626' title='bbox 3651 4500 3883 4573; x_wconf 82' lang='grc' dir='ltr'>Πράξεις</span> 
     </span>
    </p>
   </div>
   <div class='ocr_carea' id='block_1_93' title="bbox 455 4580 2105 4659">
    <p class='ocr_par' dir='ltr' id='par_1_93' title="bbox 455 4583 2102 4655">
     <span class='ocr_line' id='line_1_93' title="bbox 455 4583 2102 4655; baseline -0.001 -16"><span class='ocrx_word' id='word_1_627' title='bbox 455 4586 698 4652; x_wconf 84' lang='lat' dir='ltr'>runt(l).</span> <span class='ocrx_word' id='word_1_628' title='bbox 726 4585 940 4639; x_wconf 86' lang='lat' dir='ltr'>Multos</span> <span class='ocrx_word' id='word_1_629' title='bbox 962 4589 1157 4638; x_wconf 90' lang='lat' dir='ltr'>tamen</span> <span class='ocrx_word' id='word_1_630' title='bbox 1187 4585 1396 4655; x_wconf 70' lang='lat' dir='ltr'>Elymae</span> <span class='ocrx_word' id='word_1_631' title='bbox 1418 4583 1642 4637; x_wconf 90' lang='lat' dir='ltr'>similes</span> <span class='ocrx_word' id='word_1_632' title='bbox 1667 4583 1842 4638; x_wconf 90' lang='lat' dir='ltr'>habet</span> <span class='ocrx_word' id='word_1_633' title='bbox 1872 4584 2102 4652; x_wconf 88' lang='lat' dir='ltr'>Arabia,</span> 
     </span>
    </p>
   </div>
   <div class='ocr_carea' id='block_1_94' title="bbox 2231 4580 3882 4659">
    <p class='ocr_par' dir='ltr' id='par_1_94' title="bbox 2231 4582 3882 4659">
     <span class='ocr_line' id='line_1_94' title="bbox 2231 4582 3882 4659; baseline 0.004 -24"><span class='ocrx_word' id='word_1_634' title='bbox 2231 4586 2320 4659; x_wconf 73' lang='grc' dir='ltr'>τῶν</span> <span class='ocrx_word' id='word_1_635' title='bbox 2384 4582 2551 4657; x_wconf 79' lang='grc' dir='ltr'>ἁγίων</span> <span class='ocrx_word' id='word_1_636' title='bbox 2604 4583 2926 4638; x_wconf 83' lang='grc' dir='ltr'>ἀποστόλων</span> <span class='ocrx_word' id='word_1_637' title='bbox 2981 4585 3312 4658; x_wconf 78' lang='grc' dir='ltr'>μέμνηνται.</span> <span class='ocrx_word' id='word_1_638' title='bbox 3371 4589 3566 4659; x_wconf 73' lang='grc' dir='ltr'>’Ὀμως</span> <span class='ocrx_word' id='word_1_639' title='bbox 3623 4586 3882 4649; x_wconf 74' lang='grc' dir='ltr'>πολλοὺς</span> 
     </span>
    </p>
   </div>
   <div class='ocr_carea' id='block_1_95' title="bbox 458 4673 2103 4744">
    <p class='ocr_par' dir='ltr' id='par_1_95' title="bbox 458 4673 2103 4744">
     <span class='ocr_line' id='line_1_95' title="bbox 458 4673 2103 4744; baseline 0.001 -18"><span class='ocrx_word' id='word_1_640' title='bbox 458 4673 560 4744; x_wconf 90' lang='lat' dir='ltr'>qui</span> <span class='ocrx_word' id='word_1_641' title='bbox 586 4674 788 4727; x_wconf 90' lang='lat' dir='ltr'>dicunt</span> <span class='ocrx_word' id='word_1_642' title='bbox 805 4673 1086 4728; x_wconf 90' lang='lat' dir='ltr'>adversus</span> <span class='ocrx_word' id='word_1_643' title='bbox 1106 4690 1209 4728; x_wconf 92' lang='lat' dir='ltr'>nos</span> <span class='ocrx_word' id='word_1_644' title='bbox 1229 4678 1557 4727; x_wconf 86' lang='lat' dir='ltr'>asserentes</span> <span class='ocrx_word' id='word_1_645' title='bbox 1579 4673 1780 4726; x_wconf 84' lang='lat' dir='ltr'>Jesum</span> <span class='ocrx_word' id='word_1_646' title='bbox 1807 4673 2103 4728; x_wconf 87' lang='lat' dir='ltr'>Christum</span> 
     </span>
    </p>
   </div>
   <div class='ocr_carea' id='block_1_96' title="bbox 463 4761 2106 4832">
    <p class='ocr_par' dir='ltr' id='par_1_96' title="bbox 463 4761 2106 4832">
     <span class='ocr_line' id='line_1_96' title="bbox 463 4761 2106 4832; baseline 0 -17"><span class='ocrx_word' id='word_1_647' title='bbox 463 4761 916 4817; x_wconf 84' lang='lat' dir='ltr'>DeumVerbum</span> <span class='ocrx_word' id='word_1_648' title='bbox 933 4778 1109 4816; x_wconf 88' lang='lat' dir='ltr'>carne</span> <span class='ocrx_word' id='word_1_649' title='bbox 1134 4778 1235 4832; x_wconf 94' lang='lat' dir='ltr'>pro</span> <span class='ocrx_word' id='word_1_650' title='bbox 1249 4761 1418 4817; x_wconf 89' lang='lat' dir='ltr'>nobis</span> <span class='ocrx_word' id='word_1_651' title='bbox 1444 4777 1678 4830; x_wconf 89' lang='lat' dir='ltr'>passum</span> <span class='ocrx_word' id='word_1_652' title='bbox 1701 4762 1798 4816; x_wconf 88' lang='lat' dir='ltr'>sed</span> <span class='ocrx_word' id='word_1_653' title='bbox 1825 4779 1937 4816; x_wconf 91' lang='lat' dir='ltr'>non</span> <span class='ocrx_word' id='word_1_654' title='bbox 1958 4761 2106 4815; x_wconf 80' lang='lat' dir='ltr'>divi-</span> 
     </span>
    </p>
   </div>
   <div class='ocr_carea' id='block_1_97' title="bbox 459 4849 2103 4921">
    <p class='ocr_par' dir='ltr' id='par_1_97' title="bbox 459 4849 2103 4921">
     <span class='ocr_line' id='line_1_97' title="bbox 459 4849 2103 4921; baseline -0.001 -14"><span class='ocrx_word' id='word_1_655' title='bbox 459 4851 724 4907; x_wconf 84' lang='lat' dir='ltr'>nitate:Si</span> <span class='ocrx_word' id='word_1_656' title='bbox 748 4868 860 4906; x_wconf 91' lang='lat' dir='ltr'>non</span> <span class='ocrx_word' id='word_1_657' title='bbox 883 4850 1196 4905; x_wconf 88' lang='lat' dir='ltr'>admittitis</span> <span class='ocrx_word' id='word_1_658' title='bbox 1221 4851 1415 4921; x_wconf 86' lang='lat' dir='ltr'>ipsum</span> <span class='ocrx_word' id='word_1_659' title='bbox 1441 4849 1742 4904; x_wconf 90' lang='lat' dir='ltr'>divinitate</span> <span class='ocrx_word' id='word_1_660' title='bbox 1763 4867 2003 4920; x_wconf 86' lang='lat' dir='ltr'>passum</span> <span class='ocrx_word' id='word_1_661' title='bbox 2021 4851 2103 4905; x_wconf 90' lang='lat' dir='ltr'>uti</span> 
     </span>
    </p>
   </div>
   <div class='ocr_carea' id='block_1_98' title="bbox 466 4938 2103 5010">
    <p class='ocr_par' dir='ltr' id='par_1_98' title="bbox 466 4938 2103 5010">
     <span class='ocr_line' id='line_1_98' title="bbox 466 4938 2103 5010; baseline 0 -16"><span class='ocrx_word' id='word_1_662' title='bbox 466 4941 870 5006; x_wconf 86' lang='lat' dir='ltr'>voluit,l‘acitis</span> <span class='ocrx_word' id='word_1_663' title='bbox 900 4941 1082 4995; x_wconf 90' lang='lat' dir='ltr'>Deum</span> <span class='ocrx_word' id='word_1_664' title='bbox 1109 4939 1513 5010; x_wconf 86' lang='lat' dir='ltr'>impotentem,</span> <span class='ocrx_word' id='word_1_665' title='bbox 1537 4938 1794 4992; x_wconf 82' lang='lat' dir='ltr'>dicentes</span> <span class='ocrx_word' id='word_1_666' title='bbox 1822 4956 1953 4992; x_wconf 92' lang='lat' dir='ltr'>eum</span> <span class='ocrx_word' id='word_1_667' title='bbox 1988 4957 2103 4994; x_wconf 90' lang='lat' dir='ltr'>non</span> 
     </span>
    </p>
   </div>
   <div class='ocr_carea' id='block_1_99' title="bbox 458 5026 2103 5100">
    <p class='ocr_par' dir='ltr' id='par_1_99' title="bbox 458 5026 2103 5100">
     <span class='ocr_line' id='line_1_99' title="bbox 458 5026 2103 5100; baseline -0.001 -15"><span class='ocrx_word' id='word_1_668' title='bbox 458 5047 627 5100; x_wconf 86' lang='lat' dir='ltr'>posse</span> <span class='ocrx_word' id='word_1_669' title='bbox 659 5031 705 5084; x_wconf 90' lang='lat' dir='ltr'>si</span> <span class='ocrx_word' id='word_1_670' title='bbox 743 5030 1014 5097; x_wconf 87' lang='lat' dir='ltr'>voluerit;</span> <span class='ocrx_word' id='word_1_671' title='bbox 1052 5029 1336 5084; x_wconf 88' lang='lat' dir='ltr'>adversus</span> <span class='ocrx_word' id='word_1_672' title='bbox 1367 5044 1517 5098; x_wconf 90' lang='lat' dir='ltr'>quos</span> <span class='ocrx_word' id='word_1_673' title='bbox 1549 5026 1886 5092; x_wconf 86' lang='lat' dir='ltr'>dicendum,</span> <span class='ocrx_word' id='word_1_674' title='bbox 1919 5029 2103 5084; x_wconf 89' lang='lat' dir='ltr'>Deum</span> 
     </span>
    </p>
   </div>
   <div class='ocr_carea' id='block_1_100' title="bbox 459 5117 2107 5187">
    <p class='ocr_par' dir='ltr' id='par_1_100' title="bbox 459 5117 2107 5187">
     <span class='ocr_line' id='line_1_100' title="bbox 459 5117 2107 5187; baseline 0 -15"><span class='ocrx_word' id='word_1_675' title='bbox 459 5119 567 5174; x_wconf 91' lang='lat' dir='ltr'>hoc</span> <span class='ocrx_word' id='word_1_676' title='bbox 583 5118 1002 5183; x_wconf 79' lang='lat' dir='ltr'>noiuissc,cum</span> <span class='ocrx_word' id='word_1_677' title='bbox 1027 5121 1062 5172; x_wconf 89' lang='grc'>1</span> <span class='ocrx_word' id='word_1_678' title='bbox 1079 5120 1173 5172; x_wconf 78' lang='lat'>91</span> <span class='ocrx_word' id='word_1_679' title='bbox 1195 5118 1432 5172; x_wconf 88' lang='lat' dir='ltr'>haberet</span> <span class='ocrx_word' id='word_1_680' title='bbox 1453 5117 1509 5170; x_wconf 91' lang='lat' dir='ltr'>in</span> <span class='ocrx_word' id='word_1_681' title='bbox 1527 5133 1640 5187; x_wconf 93' lang='lat' dir='ltr'>quo</span> <span class='ocrx_word' id='word_1_682' title='bbox 1660 5121 2107 5186; x_wconf 87' lang='lat' dir='ltr'>pateretur,este</span> 
     </span>
    </p>
   </div>
   <div class='ocr_carea' id='block_1_101' title="bbox 455 5206 2107 5277">
    <p class='ocr_par' dir='ltr' id='par_1_101' title="bbox 455 5206 2107 5277">
     <span class='ocr_line' id='line_1_101' title="bbox 455 5206 2107 5277; baseline 0 -15"><span class='ocrx_word' id='word_1_683' title='bbox 455 5213 659 5262; x_wconf 88' lang='lat' dir='ltr'>contra</span> <span class='ocrx_word' id='word_1_684' title='bbox 690 5213 829 5262; x_wconf 87' lang='lat' dir='ltr'>natu</span> <span class='ocrx_word' id='word_1_685' title='bbox 840 5207 1353 5272; x_wconf 88' lang='lat' dir='ltr'>ram,divinitatem</span> <span class='ocrx_word' id='word_1_686' title='bbox 1381 5206 1654 5277; x_wconf 73' lang='lat' dir='ltr'>pati,quas</span> <span class='ocrx_word' id='word_1_687' title='bbox 1670 5209 1878 5260; x_wconf 88' lang='lat' dir='ltr'>natura</span> <span class='ocrx_word' id='word_1_688' title='bbox 1895 5224 2002 5262; x_wconf 90' lang='lat' dir='ltr'>sua</span> <span class='ocrx_word' id='word_1_689' title='bbox 2018 5212 2107 5264; x_wconf 81' lang='lat' dir='ltr'>est</span> 
     </span>
    </p>
   </div>
   <div class='ocr_carea' id='block_1_102' title="bbox 525 5384 1591 5458">
    <p class='ocr_par' dir='ltr' id='par_1_102' title="bbox 525 5384 1591 5458">
     <span class='ocr_line' id='line_1_102' title="bbox 525 5384 1591 5458; baseline 0.004 -18"><span class='ocrx_word' id='word_1_690' title='bbox 525 5385 591 5458; x_wconf 74' lang='grc' dir='ltr'>(ἱ)</span> <span class='ocrx_word' id='word_1_691' title='bbox 623 5385 794 5440; x_wconf 86' lang='lat' dir='ltr'>Hebr.</span> <span class='ocrx_word' id='word_1_692' title='bbox 826 5402 865 5452; x_wconf 88' lang='grc' dir='ltr'>ι,</span> <span class='ocrx_word' id='word_1_693' title='bbox 897 5386 980 5441; x_wconf 78' lang='grc'>14.</span> <span class='ocrx_word' id='word_1_694' title='bbox 1059 5385 1127 5457; x_wconf 86' lang='lat' dir='ltr'>(j)</span> <span class='ocrx_word' id='word_1_695' title='bbox 1157 5384 1308 5442; x_wconf 83' lang='lat' dir='ltr'>Psal.</span> <span class='ocrx_word' id='word_1_696' title='bbox 1341 5403 1503 5455; x_wconf 69' lang='grc' dir='ltr'>χχιιι,</span> <span class='ocrx_word' id='word_1_697' title='bbox 1535 5387 1591 5444; x_wconf 85' lang='grc'>2.</span> 
     </span>
    </p>
   </div>
   <div class='ocr_carea' id='block_1_103' title="bbox 1667 5385 2255 5460">
    <p class='ocr_par' dir='ltr' id='par_1_103' title="bbox 1667 5385 2255 5460">
     <span class='ocr_line' id='line_1_103' title="bbox 1667 5385 2255 5460; baseline 0 -18"><span class='ocrx_word' id='word_1_698' title='bbox 1667 5387 1747 5460; x_wconf 88' lang='lat' dir='ltr'>(k)</span> <span class='ocrx_word' id='word_1_699' title='bbox 1777 5385 1929 5443; x_wconf 89' lang='lat' dir='ltr'>Psal.</span> <span class='ocrx_word' id='word_1_700' title='bbox 1977 5403 2170 5455; x_wconf 75' lang='lat' dir='ltr'><strong>cxxxx,</strong></span> <span class='ocrx_word' id='word_1_701' title='bbox 2200 5387 2255 5443; x_wconf 88' lang='lat'>6.</span> 
     </span>
    </p>
   </div>
   <div class='ocr_carea' id='block_1_104' title="bbox 2218 4669 3882 4753">
    <p class='ocr_par' dir='ltr' id='par_1_104' title="bbox 2218 4669 3882 4753">
     <span class='ocr_line' id='line_1_104' title="bbox 2218 4669 3882 4753; baseline 0.004 -29"><span class='ocrx_word' id='word_1_702' title='bbox 2218 4670 2446 4741; x_wconf 84' lang='grc' dir='ltr'>ὁμοίους</span> <span class='ocrx_word' id='word_1_703' title='bbox 2505 4676 2584 4743; x_wconf 81' lang='grc' dir='ltr'>τῷ</span> <span class='ocrx_word' id='word_1_704' title='bbox 2640 4671 2854 4745; x_wconf 71' lang='grc' dir='ltr'>Ἑλῦμᾳ</span> <span class='ocrx_word' id='word_1_705' title='bbox 2908 4675 2941 4743; x_wconf 78' lang='grc' dir='ltr'>ἡ</span> <span class='ocrx_word' id='word_1_706' title='bbox 2997 4669 3226 4748; x_wconf 76' lang='grc' dir='ltr'>Ἀραϐία</span> <span class='ocrx_word' id='word_1_707' title='bbox 3277 4673 3416 4748; x_wconf 78' lang='grc' dir='ltr'>ἔχει,</span> <span class='ocrx_word' id='word_1_708' title='bbox 3468 4675 3524 4728; x_wconf 81' lang='grc' dir='ltr'>οἳ</span> <span class='ocrx_word' id='word_1_709' title='bbox 3577 4697 3702 4753; x_wconf 74' lang='grc' dir='ltr'>φασι</span> <span class='ocrx_word' id='word_1_710' title='bbox 3738 4678 3882 4750; x_wconf 84' lang='grc' dir='ltr'>πρὸς</span> 
     </span>
    </p>
   </div>
   <div class='ocr_carea' id='block_1_105' title="bbox 2216 4759 3879 4840">
    <p class='ocr_par' dir='ltr' id='par_1_105' title="bbox 2216 4759 3879 4840">
     <span class='ocr_line' id='line_1_105' title="bbox 2216 4759 3879 4840; baseline 0.003 -27"><span class='ocrx_word' id='word_1_711' title='bbox 2216 4761 2363 4832; x_wconf 73' lang='grc' dir='ltr'>ἡμᾶς</span> <span class='ocrx_word' id='word_1_712' title='bbox 2399 4759 2678 4836; x_wconf 89' lang='grc' dir='ltr'>λέγοντας,</span> <span class='ocrx_word' id='word_1_713' title='bbox 2711 4762 2920 4830; x_wconf 77' lang='grc' dir='ltr'>Ἰησοῦν</span> <span class='ocrx_word' id='word_1_714' title='bbox 2955 4763 3184 4836; x_wconf 85' lang='grc' dir='ltr'>Χριστὸν</span> <span class='ocrx_word' id='word_1_715' title='bbox 3216 4764 3307 4818; x_wconf 86' lang='grc' dir='ltr'>τὸν</span> <span class='ocrx_word' id='word_1_716' title='bbox 3341 4764 3470 4818; x_wconf 87' lang='grc' dir='ltr'>Θεὸν</span> <span class='ocrx_word' id='word_1_717' title='bbox 3505 4763 3672 4840; x_wconf 84' lang='grc' dir='ltr'>Λόγον</span> <span class='ocrx_word' id='word_1_718' title='bbox 3717 4766 3879 4840; x_wconf 85' lang='grc' dir='ltr'>σαρκί</span> 
     </span>
    </p>
   </div>
   <div class='ocr_carea' id='block_1_106' title="bbox 2216 4849 3876 4926">
    <p class='ocr_par' dir='ltr' id='par_1_106' title="bbox 2216 4849 3876 4926">
     <span class='ocr_line' id='line_1_106' title="bbox 2216 4849 3876 4926; baseline 0.003 -25"><span class='ocrx_word' id='word_1_719' title='bbox 2216 4851 2403 4902; x_wconf 82' lang='grc' dir='ltr'>παθεῖν</span> <span class='ocrx_word' id='word_1_720' title='bbox 2461 4849 2591 4923; x_wconf 76' lang='grc' dir='ltr'>ὑπὲρ</span> <span class='ocrx_word' id='word_1_721' title='bbox 2638 4851 2823 4921; x_wconf 73' lang='grc' dir='ltr'>ἡμῶν,</span> <span class='ocrx_word' id='word_1_722' title='bbox 2873 4849 3018 4905; x_wconf 78' lang='grc' dir='ltr'>ἀλλά</span> <span class='ocrx_word' id='word_1_723' title='bbox 3072 4852 3148 4923; x_wconf 84' lang='grc' dir='ltr'>μή</span> <span class='ocrx_word' id='word_1_724' title='bbox 3184 4851 3413 4921; x_wconf 80' lang='grc' dir='ltr'>θεότητα</span> <span class='ocrx_word' id='word_1_725' title='bbox 3462 4855 3529 4919; x_wconf 68' lang='grc' dir='ltr'>δν,</span> <span class='ocrx_word' id='word_1_726' title='bbox 3563 4855 3666 4908; x_wconf 83' lang='grc' dir='ltr'>δτι.</span> <span class='ocrx_word' id='word_1_727' title='bbox 3695 4853 3760 4907; x_wconf 69' lang='lat' dir='ltr'>Et</span> <span class='ocrx_word' id='word_1_728' title='bbox 3798 4856 3876 4926; x_wconf 76' lang='grc' dir='ltr'>μή</span> 
     </span>
    </p>
   </div>
   <div class='ocr_carea' id='block_1_107' title="bbox 2219 4935 3878 5016">
    <p class='ocr_par' dir='ltr' id='par_1_107' title="bbox 2219 4935 3878 5016">
     <span class='ocr_line' id='line_1_107' title="bbox 2219 4935 3878 5016; baseline 0.003 -26"><span class='ocrx_word' id='word_1_729' title='bbox 2219 4935 2442 5012; x_wconf 73' lang='grc' dir='ltr'>δέχεσθε</span> <span class='ocrx_word' id='word_1_730' title='bbox 2476 4939 2636 4992; x_wconf 68' lang='grc' dir='ltr'>αὐτὸν</span> <span class='ocrx_word' id='word_1_731' title='bbox 2670 4939 2887 5004; x_wconf 85' lang='grc' dir='ltr'>θεότητι</span> <span class='ocrx_word' id='word_1_732' title='bbox 2919 4945 3107 5003; x_wconf 87' lang='grc' dir='ltr'>παθεῖν</span> <span class='ocrx_word' id='word_1_733' title='bbox 3143 4941 3216 5004; x_wconf 87' lang='grc' dir='ltr'>ὡς</span> <span class='ocrx_word' id='word_1_734' title='bbox 3259 4941 3553 5010; x_wconf 82' lang='grc' dir='ltr'>ἠθέλησεν,</span> <span class='ocrx_word' id='word_1_735' title='bbox 3595 4940 3878 5016; x_wconf 71' lang='grc' dir='ltr'>ἀδύναμον</span> 
     </span>
    </p>
   </div>
   <div class='ocr_carea' id='block_1_108' title="bbox 2216 5027 3879 5106">
    <p class='ocr_par' dir='ltr' id='par_1_108' title="bbox 2216 5027 3879 5106">
     <span class='ocr_line' id='line_1_108' title="bbox 2216 5027 3879 5106; baseline 0.004 -26"><span class='ocrx_word' id='word_1_736' title='bbox 2216 5033 2424 5081; x_wconf 89' lang='grc' dir='ltr'>ποιεῖτε</span> <span class='ocrx_word' id='word_1_737' title='bbox 2477 5028 2569 5082; x_wconf 86' lang='grc' dir='ltr'>τὸν</span> <span class='ocrx_word' id='word_1_738' title='bbox 2641 5029 2792 5091; x_wconf 82' lang='grc' dir='ltr'>Θεὸν,</span> <span class='ocrx_word' id='word_1_739' title='bbox 2856 5031 3145 5106; x_wconf 81' lang='grc' dir='ltr'>φάσκοντες</span> <span class='ocrx_word' id='word_1_740' title='bbox 3202 5031 3276 5102; x_wconf 77' lang='grc' dir='ltr'>μὴ</span> <span class='ocrx_word' id='word_1_741' title='bbox 3351 5027 3600 5086; x_wconf 77' lang='grc' dir='ltr'>δύνασθαι</span> <span class='ocrx_word' id='word_1_742' title='bbox 3659 5031 3879 5102; x_wconf 84' lang='grc' dir='ltr'>θεότητι</span> 
     </span>
    </p>
   </div>
   <div class='ocr_carea' id='block_1_109' title="bbox 2215 5115 3883 5193">
    <p class='ocr_par' dir='ltr' id='par_1_109' title="bbox 2215 5115 3883 5193">
     <span class='ocr_line' id='line_1_109' title="bbox 2215 5115 3883 5193; baseline 0.004 -24"><span class='ocrx_word' id='word_1_743' title='bbox 2215 5118 2404 5170; x_wconf 81' lang='grc' dir='ltr'>παθεῖν</span> <span class='ocrx_word' id='word_1_744' title='bbox 2463 5117 2507 5171; x_wconf 81' lang='grc' dir='ltr'>εί</span> <span class='ocrx_word' id='word_1_745' title='bbox 2571 5115 2772 5180; x_wconf 74' lang='grc' dir='ltr'>ἐθέλοι·</span> <span class='ocrx_word' id='word_1_746' title='bbox 2835 5118 2972 5193; x_wconf 84' lang='grc' dir='ltr'>πρὸς</span> <span class='ocrx_word' id='word_1_747' title='bbox 3033 5117 3127 5181; x_wconf 77' lang='grc' dir='ltr'>οὓς</span> <span class='ocrx_word' id='word_1_748' title='bbox 3181 5117 3421 5188; x_wconf 84' lang='grc' dir='ltr'>λεκτέον,</span> <span class='ocrx_word' id='word_1_749' title='bbox 3467 5119 3550 5174; x_wconf 74' lang='grc' dir='ltr'>ὅτι</span> <span class='ocrx_word' id='word_1_750' title='bbox 3605 5122 3736 5175; x_wconf 83' lang='grc' dir='ltr'>αὐτὸ</span> <span class='ocrx_word' id='word_1_751' title='bbox 3782 5121 3883 5176; x_wconf 79' lang='grc' dir='ltr'>οὐκ</span> 
     </span>
    </p>
   </div>
   <div class='ocr_carea' id='block_1_110' title="bbox 2215 5201 3880 5284">
    <p class='ocr_par' dir='ltr' id='par_1_110' title="bbox 2215 5201 3880 5284">
     <span class='ocr_line' id='line_1_110' title="bbox 2215 5201 3880 5284; baseline 0.004 -25"><span class='ocrx_word' id='word_1_752' title='bbox 2215 5201 2507 5276; x_wconf 73' lang='grc' dir='ltr'>ἠϐουλήθη</span> <span class='ocrx_word' id='word_1_753' title='bbox 2538 5207 2565 5260; x_wconf 88' lang='grc' dir='ltr'>ὁ</span> <span class='ocrx_word' id='word_1_754' title='bbox 2620 5207 2775 5273; x_wconf 87' lang='grc' dir='ltr'>Θεὸς,</span> <span class='ocrx_word' id='word_1_755' title='bbox 2805 5205 2950 5281; x_wconf 84' lang='grc' dir='ltr'>ἔχων</span> <span class='ocrx_word' id='word_1_756' title='bbox 2993 5207 3070 5269; x_wconf 76' lang='grc' dir='ltr'>εἷς</span> <span class='ocrx_word' id='word_1_757' title='bbox 3117 5207 3170 5262; x_wconf 91' lang='grc' dir='ltr'>τί</span> <span class='ocrx_word' id='word_1_758' title='bbox 3213 5210 3400 5278; x_wconf 88' lang='grc' dir='ltr'>πάθοι,</span> <span class='ocrx_word' id='word_1_759' title='bbox 3447 5210 3511 5264; x_wconf 85' lang='grc' dir='ltr'>τὸ</span> <span class='ocrx_word' id='word_1_760' title='bbox 3542 5211 3692 5283; x_wconf 87' lang='grc' dir='ltr'>παρά</span> <span class='ocrx_word' id='word_1_761' title='bbox 3721 5232 3880 5284; x_wconf 72' lang='grc' dir='ltr'>φυσιν</span> 
     </span>
    </p>
   </div>
   <div class='ocr_carea' id='block_1_111' title="bbox 2333 5387 2804 5458">
    <p class='ocr_par' dir='ltr' id='par_1_111' title="bbox 2333 5387 2804 5458">
     <span class='ocr_line' id='line_1_111' title="bbox 2333 5387 2804 5458; baseline 0 -17"><span class='ocrx_word' id='word_1_762' title='bbox 2333 5388 2398 5458; x_wconf 85' lang='grc' dir='ltr'>(ι)</span> <span class='ocrx_word' id='word_1_763' title='bbox 2430 5391 2560 5444; x_wconf 81' lang='lat' dir='ltr'>Act.</span> <span class='ocrx_word' id='word_1_764' title='bbox 2591 5405 2718 5456; x_wconf 86' lang='lat' dir='ltr'>xm,</span> <span class='ocrx_word' id='word_1_765' title='bbox 2750 5387 2804 5442; x_wconf 92' lang='lat'>8.</span> 
     </span>
    </p>
   </div>
   <div class='ocr_carea' id='block_1_112' title="bbox 1460 5555 2866 5616">
    <p class='ocr_par' dir='ltr' id='par_1_112' title="bbox 1460 5555 2866 5616">
     <span class='ocr_line' id='line_1_112' title="bbox 1460 5555 2866 5616; baseline 0.002 -5"><span class='ocrx_word' id='word_1_766' title='bbox 1460 5558 1702 5614; x_wconf 74' lang='lat' dir='ltr'>VARI/E</span> <span class='ocrx_word' id='word_1_767' title='bbox 1744 5555 2135 5615; x_wconf 87' lang='lat' dir='ltr'>LECTIONES</span> <span class='ocrx_word' id='word_1_768' title='bbox 2175 5556 2265 5612; x_wconf 90' lang='lat' dir='ltr'>ET</span> <span class='ocrx_word' id='word_1_769' title='bbox 2301 5557 2866 5616; x_wconf 77' lang='lat' dir='ltr'>CORRECTIONES.</span> 
     </span>
    </p>
   </div>
   <div class='ocr_carea' id='block_1_113' title="bbox 526 5648 1342 5727">
    <p class='ocr_par' dir='ltr' id='par_1_113' title="bbox 526 5648 1342 5727">
     <span class='ocr_line' id='line_1_113' title="bbox 526 5648 1342 5727; baseline 0.01 -25"><span class='ocrx_word' id='word_1_770' title='bbox 526 5651 570 5687; x_wconf 74' lang='lat'><strong>“</strong></span> <span class='ocrx_word' id='word_1_771' title='bbox 599 5648 858 5721; x_wconf 87' lang='grc' dir='ltr'>νομίσης.</span> <span class='ocrx_word' id='word_1_772' title='bbox 933 5653 979 5690; x_wconf 81' lang='grc'><strong><em>⁶⁹</em></strong></span> <span class='ocrx_word' id='word_1_773' title='bbox 1006 5657 1074 5727; x_wconf 84' lang='grc' dir='ltr'>τῇ</span> <span class='ocrx_word' id='word_1_774' title='bbox 1109 5654 1342 5726; x_wconf 83' lang='grc' dir='ltr'>θεότητι.</span> 
     </span>
    </p>
   </div>
  </div>
