  <div class='ocr_page' id='page_1' title='image "/cluster/home/n/w/nwhite01/storage/ocr_20150623/4/mdp.39015078384529/190.png"; bbox 0 0 4080 6366; ppageno 0'>
   <div class='ocr_carea' id='block_1_1' title="bbox 261 366 350 422">
    <p class='ocr_par' dir='ltr' id='par_1_1' title="bbox 261 366 350 422">
     <span class='ocr_line' id='line_1_1' title="bbox 261 366 350 422; baseline 0 0"><span class='ocrx_word' id='word_1_1' title='bbox 261 366 350 422; x_wconf 84' lang='grc'>361</span> 
     </span>
    </p>
   </div>
   <div class='ocr_carea' id='block_1_2' title="bbox 997 363 2901 429">
    <p class='ocr_par' dir='ltr' id='par_1_2' title="bbox 997 363 2901 429">
     <span class='ocr_line' id='line_1_2' title="bbox 997 363 2901 429; baseline -0.001 -2"><span class='ocrx_word' id='word_1_2' title='bbox 997 373 1055 427; x_wconf 81' lang='lat'>8.</span> <span class='ocrx_word' id='word_1_3' title='bbox 1097 370 1363 426; x_wconf 80' lang='grc' dir='ltr'>ΜΑΧῘΜΙ</span> <span class='ocrx_word' id='word_1_4' title='bbox 1405 366 1715 427; x_wconf 83' lang='lat' dir='ltr'>SCHOLIA</span> <span class='ocrx_word' id='word_1_5' title='bbox 1755 367 1827 421; x_wconf 86' lang='lat' dir='ltr'>IN</span> <span class='ocrx_word' id='word_1_6' title='bbox 1865 363 2001 421; x_wconf 85' lang='lat' dir='ltr'>LIB.</span> <span class='ocrx_word' id='word_1_7' title='bbox 2042 367 2139 420; x_wconf 83' lang='lat' dir='ltr'>DE</span> <span class='ocrx_word' id='word_1_8' title='bbox 2177 368 2449 426; x_wconf 84' lang='lat' dir='ltr'>DIVINIS</span> <span class='ocrx_word' id='word_1_9' title='bbox 2486 371 2901 429; x_wconf 83' lang='lat' dir='ltr'>NOMINIBUS.</span> 
     </span>
    </p>
   </div>
   <div class='ocr_carea' id='block_1_3' title="bbox 3560 371 3666 427">
    <p class='ocr_par' dir='ltr' id='par_1_3' title="bbox 3560 371 3666 427">
     <span class='ocr_line' id='line_1_3' title="bbox 3560 371 3666 427; baseline 0 0"><span class='ocrx_word' id='word_1_10' title='bbox 3560 371 3666 427; x_wconf 83' lang='grc'>362</span> 
     </span>
    </p>
   </div>
   <div class='ocr_carea' id='block_1_4' title="bbox 262 488 1892 570">
    <p class='ocr_par' dir='ltr' id='par_1_4' title="bbox 262 488 1886 570">
     <span class='ocr_line' id='line_1_4' title="bbox 262 488 1886 570; baseline 0.001 -27"><span class='ocrx_word' id='word_1_11' title='bbox 262 488 515 564; x_wconf 87' lang='grc' dir='ltr'>γενέσθαι,</span> <span class='ocrx_word' id='word_1_12' title='bbox 557 489 647 546; x_wconf 67' lang='grc' dir='ltr'>’ἶνα</span> <span class='ocrx_word' id='word_1_13' title='bbox 694 494 728 562; x_wconf 83' lang='grc' dir='ltr'>ἡ</span> <span class='ocrx_word' id='word_1_14' title='bbox 774 492 965 564; x_wconf 87' lang='grc' dir='ltr'>θεότης</span> <span class='ocrx_word' id='word_1_15' title='bbox 1014 495 1178 557; x_wconf 82' lang='grc' dir='ltr'>πάθοι</span> <span class='ocrx_word' id='word_1_16' title='bbox 1224 497 1259 564; x_wconf 82' lang='grc' dir='ltr'>ἡ</span> <span class='ocrx_word' id='word_1_17' title='bbox 1310 495 1447 549; x_wconf 73' lang='grc' dir='ltr'>κατὰ</span> <span class='ocrx_word' id='word_1_18' title='bbox 1490 514 1644 570; x_wconf 76' lang='grc' dir='ltr'>φυσιν</span> <span class='ocrx_word' id='word_1_19' title='bbox 1675 490 1886 560; x_wconf 72' lang='grc' dir='ltr'>ἀπαθής</span> 
     </span>
    </p>
   </div>
   <div class='ocr_carea' id='block_1_5' title="bbox 2006 488 3669 570">
    <p class='ocr_par' dir='ltr' id='par_1_5' title="bbox 2021 488 3669 569">
     <span class='ocr_line' id='line_1_5' title="bbox 2021 488 3669 569; baseline 0.005 -25"><span class='ocrx_word' id='word_1_20' title='bbox 2021 488 2432 562; x_wconf 84' lang='lat' dir='ltr'>impassibilis.</span> <span class='ocrx_word' id='word_1_21' title='bbox 2464 494 2611 550; x_wconf 85' lang='lat' dir='ltr'>Vide</span> <span class='ocrx_word' id='word_1_22' title='bbox 2663 495 2956 566; x_wconf 91' lang='lat' dir='ltr'>quomodo</span> <span class='ocrx_word' id='word_1_23' title='bbox 3004 496 3361 551; x_wconf 88' lang='lat' dir='ltr'>sententiam</span> <span class='ocrx_word' id='word_1_24' title='bbox 3408 497 3669 569; x_wconf 83' lang='lat' dir='ltr'>Apostoli</span> 
     </span>
    </p>
   </div>
   <div class='ocr_carea' id='block_1_6' title="bbox 260 578 1909 661">
    <p class='ocr_par' dir='ltr' id='par_1_6' title="bbox 260 578 1909 661">
     <span class='ocr_line' id='line_1_6' title="bbox 260 578 1909 661; baseline -0.01 -12"><span class='ocrx_word' id='word_1_25' title='bbox 260 584 385 654; x_wconf 83' lang='grc' dir='ltr'>Ὅρα</span> <span class='ocrx_word' id='word_1_26' title='bbox 431 588 550 645; x_wconf 74' lang='grc' dir='ltr'>πῶς</span> <span class='ocrx_word' id='word_1_27' title='bbox 601 584 889 657; x_wconf 75' lang='grc' dir='ltr'>έρμηνεύει</span> <span class='ocrx_word' id='word_1_28' title='bbox 932 586 995 640; x_wconf 88' lang='grc' dir='ltr'>τὸ</span> <span class='ocrx_word' id='word_1_29' title='bbox 1046 584 1411 641; x_wconf 84' lang='grc' dir='ltr'>ἀποστολικὸν</span> <span class='ocrx_word' id='word_1_30' title='bbox 1464 584 1649 661; x_wconf 85' lang='grc' dir='ltr'>ῥητὸν,</span> <span class='ocrx_word' id='word_1_31' title='bbox 1699 582 1771 636; x_wconf 80' lang='grc' dir='ltr'>Οὐ</span> <span class='ocrx_word' id='word_1_32' title='bbox 1817 578 1909 635; x_wconf 82' lang='grc' dir='ltr'>δύ-</span> 
     </span>
    </p>
   </div>
   <div class='ocr_carea' id='block_1_7' title="bbox 258 673 1226 747">
    <p class='ocr_par' dir='ltr' id='par_1_7' title="bbox 258 673 1226 747">
     <span class='ocr_line' id='line_1_7' title="bbox 258 673 1226 747; baseline 0.005 -22"><span class='ocrx_word' id='word_1_33' title='bbox 258 692 397 726; x_wconf 86' lang='grc' dir='ltr'>ναται</span> <span class='ocrx_word' id='word_1_34' title='bbox 430 674 459 726; x_wconf 98' lang='lat'>6</span> <span class='ocrx_word' id='word_1_35' title='bbox 492 673 625 735; x_wconf 84' lang='grc' dir='ltr'>Θεὸς</span> <span class='ocrx_word' id='word_1_36' title='bbox 658 674 845 729; x_wconf 72' lang='grc' dir='ltr'>ἑαυτὸν</span> <span class='ocrx_word' id='word_1_37' title='bbox 873 675 1226 747; x_wconf 74' lang='grc' dir='ltr'>ἀρνήσασθαι.</span> 
     </span>
    </p>
   </div>
   <div class='ocr_carea' id='block_1_8' title="bbox 323 760 1905 842">
    <p class='ocr_par' dir='ltr' id='par_1_8' title="bbox 323 760 1905 842">
     <span class='ocr_line' id='line_1_8' title="bbox 323 760 1905 842; baseline -0.003 -24"><span class='ocrx_word' id='word_1_38' title='bbox 323 762 381 818; x_wconf 89' lang='grc' dir='ltr'><strong>Ἡ</strong></span> <span class='ocrx_word' id='word_1_39' title='bbox 439 762 541 836; x_wconf 79' lang='grc' dir='ltr'>γὰρ</span> <span class='ocrx_word' id='word_1_40' title='bbox 605 762 797 817; x_wconf 73' lang='grc' dir='ltr'>ἑαυτοῦ</span> <span class='ocrx_word' id='word_1_41' title='bbox 856 765 1097 838; x_wconf 81' lang='grc' dir='ltr'>ἄρνησις.</span> <span class='ocrx_word' id='word_1_42' title='bbox 1157 766 1330 840; x_wconf 78' lang='grc' dir='ltr'>’Όπερ</span> <span class='ocrx_word' id='word_1_43' title='bbox 1373 762 1532 842; x_wconf 72' lang='grc' dir='ltr'>ἔφην,</span> <span class='ocrx_word' id='word_1_44' title='bbox 1586 760 1827 834; x_wconf 72' lang='grc' dir='ltr'>Ἐλύμας</span> <span class='ocrx_word' id='word_1_45' title='bbox 1878 760 1905 813; x_wconf 93' lang='lat'>6</span> 
     </span>
    </p>
   </div>
   <div class='ocr_carea' id='block_1_9' title="bbox 261 848 1908 925">
    <p class='ocr_par' dir='ltr' id='par_1_9' title="bbox 261 848 1908 925">
     <span class='ocr_line' id='line_1_9' title="bbox 261 848 1908 925; baseline -0.008 -10"><span class='ocrx_word' id='word_1_46' title='bbox 261 848 420 923; x_wconf 76' lang='grc' dir='ltr'>μάγος</span> <span class='ocrx_word' id='word_1_47' title='bbox 462 852 688 924; x_wconf 82' lang='grc' dir='ltr'>σκώψας</span> <span class='ocrx_word' id='word_1_48' title='bbox 730 854 821 907; x_wconf 88' lang='grc' dir='ltr'>τὸν</span> <span class='ocrx_word' id='word_1_49' title='bbox 870 854 1011 908; x_wconf 88' lang='grc' dir='ltr'>θεῖον</span> <span class='ocrx_word' id='word_1_50' title='bbox 1062 852 1273 908; x_wconf 79' lang='grc' dir='ltr'>Παῦλον</span> <span class='ocrx_word' id='word_1_51' title='bbox 1325 852 1565 921; x_wconf 80' lang='grc' dir='ltr'>εἷ’πόντα,</span> <span class='ocrx_word' id='word_1_52' title='bbox 1614 854 1692 925; x_wconf 79' lang='grc' dir='ltr'>μή</span> <span class='ocrx_word' id='word_1_53' title='bbox 1749 848 1908 904; x_wconf 78' lang='grc' dir='ltr'>δύνα-</span> 
     </span>
    </p>
   </div>
   <div class='ocr_carea' id='block_1_10' title="bbox 257 939 1906 1018">
    <p class='ocr_par' dir='ltr' id='par_1_10' title="bbox 257 939 1906 1018">
     <span class='ocr_line' id='line_1_10' title="bbox 257 939 1906 1018; baseline 0 -26"><span class='ocrx_word' id='word_1_54' title='bbox 257 941 365 993; x_wconf 83' lang='grc' dir='ltr'>σθαι</span> <span class='ocrx_word' id='word_1_55' title='bbox 398 939 736 1012; x_wconf 70' lang='grc' dir='ltr'>ἀρνήσασθαι</span> <span class='ocrx_word' id='word_1_56' title='bbox 768 942 951 996; x_wconf 74' lang='grc' dir='ltr'>ἑαυτὸν</span> <span class='ocrx_word' id='word_1_57' title='bbox 999 942 1088 996; x_wconf 86' lang='grc' dir='ltr'>τὸν</span> <span class='ocrx_word' id='word_1_58' title='bbox 1139 942 1293 1010; x_wconf 83' lang='grc' dir='ltr'>Θεὸν,</span> <span class='ocrx_word' id='word_1_59' title='bbox 1323 942 1413 996; x_wconf 90' lang='grc' dir='ltr'>καὶ</span> <span class='ocrx_word' id='word_1_60' title='bbox 1460 943 1521 996; x_wconf 87' lang='grc' dir='ltr'>τό</span> <span class='ocrx_word' id='word_1_61' title='bbox 1552 963 1612 1018; x_wconf 86' lang='grc' dir='ltr'>γε</span> <span class='ocrx_word' id='word_1_62' title='bbox 1643 939 1730 996; x_wconf 76' lang='grc' dir='ltr'>ἐπὶ</span> <span class='ocrx_word' id='word_1_63' title='bbox 1765 939 1906 996; x_wconf 64' lang='grc' dir='ltr'>Παύ-</span> 
     </span>
    </p>
   </div>
   <div class='ocr_carea' id='block_1_11' title="bbox 257 1026 1904 1104">
    <p class='ocr_par' dir='ltr' id='par_1_11' title="bbox 257 1026 1904 1104">
     <span class='ocr_line' id='line_1_11' title="bbox 257 1026 1904 1104; baseline 0.001 -21"><span class='ocrx_word' id='word_1_64' title='bbox 257 1027 331 1100; x_wconf 88' lang='grc' dir='ltr'>λῳ</span> <span class='ocrx_word' id='word_1_65' title='bbox 362 1026 625 1084; x_wconf 76' lang='grc' dir='ltr'>ἀδύνατον</span> <span class='ocrx_word' id='word_1_66' title='bbox 657 1027 961 1094; x_wconf 77' lang='grc' dir='ltr'>δείκνυσθαι</span> <span class='ocrx_word' id='word_1_67' title='bbox 992 1032 1083 1085; x_wconf 90' lang='grc' dir='ltr'>τὸν</span> <span class='ocrx_word' id='word_1_68' title='bbox 1127 1031 1276 1101; x_wconf 83' lang='grc' dir='ltr'>Θεὸν,</span> <span class='ocrx_word' id='word_1_69' title='bbox 1311 1029 1604 1104; x_wconf 82' lang='grc' dir='ltr'>δυνάμενον</span> <span class='ocrx_word' id='word_1_70' title='bbox 1641 1030 1673 1085; x_wconf 79' lang='grc' dir='ltr'>ἃ</span> <span class='ocrx_word' id='word_1_71' title='bbox 1707 1029 1904 1104; x_wconf 69' lang='grc' dir='ltr'>βούλε-</span> 
     </span>
    </p>
   </div>
   <div class='ocr_carea' id='block_1_12' title="bbox 252 1118 1901 1197">
    <p class='ocr_par' dir='ltr' id='par_1_12' title="bbox 252 1118 1901 1197">
     <span class='ocr_line' id='line_1_12' title="bbox 252 1118 1901 1197; baseline 0.001 -25"><span class='ocrx_word' id='word_1_72' title='bbox 252 1138 353 1189; x_wconf 83' lang='grc' dir='ltr'>ται,</span> <span class='ocrx_word' id='word_1_73' title='bbox 384 1120 659 1172; x_wconf 70' lang='grc' dir='ltr'>τουτέστιν</span> <span class='ocrx_word' id='word_1_74' title='bbox 711 1118 1044 1194; x_wconf 80' lang='grc' dir='ltr'>ἀρνήσασθαι</span> <span class='ocrx_word' id='word_1_75' title='bbox 1079 1120 1289 1192; x_wconf 74' lang='grc' dir='ltr'>ἑαυτὸν,</span> <span class='ocrx_word' id='word_1_76' title='bbox 1331 1119 1753 1197; x_wconf 77' lang='grc' dir='ltr'>φιλοσοφώτατα</span> <span class='ocrx_word' id='word_1_77' title='bbox 1783 1118 1901 1175; x_wconf 70' lang='grc' dir='ltr'>λύει</span> 
     </span>
    </p>
   </div>
   <div class='ocr_carea' id='block_1_13' title="bbox 253 1206 1898 1284">
    <p class='ocr_par' dir='ltr' id='par_1_13' title="bbox 253 1206 1898 1284">
     <span class='ocr_line' id='line_1_13' title="bbox 253 1206 1898 1284; baseline 0 -23"><span class='ocrx_word' id='word_1_78' title='bbox 253 1208 278 1261; x_wconf 89' lang='lat'>6</span> <span class='ocrx_word' id='word_1_79' title='bbox 309 1207 472 1281; x_wconf 84' lang='grc' dir='ltr'>μέγας</span> <span class='ocrx_word' id='word_1_80' title='bbox 495 1206 954 1279; x_wconf 75' lang='grc' dir='ltr'>Διονύσιος.Φησὶ</span> <span class='ocrx_word' id='word_1_81' title='bbox 984 1208 1195 1284; x_wconf 82' lang='grc' dir='ltr'>γὰρ,ὅτι</span> <span class='ocrx_word' id='word_1_82' title='bbox 1229 1211 1255 1263; x_wconf 87' lang='grc' dir='ltr'>ὁ</span> <span class='ocrx_word' id='word_1_83' title='bbox 1289 1211 1416 1270; x_wconf 84' lang='grc' dir='ltr'>Θεὸς</span> <span class='ocrx_word' id='word_1_84' title='bbox 1449 1208 1677 1279; x_wconf 87' lang='grc' dir='ltr'>ἀλήθειά</span> <span class='ocrx_word' id='word_1_85' title='bbox 1695 1207 1898 1277; x_wconf 77' lang='grc' dir='ltr'>ἐστιν-ἡ</span> 
     </span>
    </p>
   </div>
   <div class='ocr_carea' id='block_1_14' title="bbox 253 1293 1901 1371">
    <p class='ocr_par' dir='ltr' id='par_1_14' title="bbox 253 1293 1901 1371">
     <span class='ocr_line' id='line_1_14' title="bbox 253 1293 1901 1371; baseline 0.001 -21"><span class='ocrx_word' id='word_1_86' title='bbox 253 1294 303 1350; x_wconf 75' lang='grc' dir='ltr'>δὲ</span> <span class='ocrx_word' id='word_1_87' title='bbox 331 1293 564 1365; x_wconf 82' lang='grc' dir='ltr'>ἀλήθεια</span> <span class='ocrx_word' id='word_1_88' title='bbox 594 1295 653 1350; x_wconf 77' lang='grc' dir='ltr'>δν</span> <span class='ocrx_word' id='word_1_89' title='bbox 686 1296 816 1350; x_wconf 77' lang='grc' dir='ltr'>ἐστι’</span> <span class='ocrx_word' id='word_1_90' title='bbox 844 1299 906 1351; x_wconf 87' lang='grc' dir='ltr'>τὸ</span> <span class='ocrx_word' id='word_1_91' title='bbox 939 1294 996 1351; x_wconf 78' lang='grc' dir='ltr'>δὲ</span> <span class='ocrx_word' id='word_1_92' title='bbox 1026 1295 1242 1371; x_wconf 78' lang='grc' dir='ltr'>ψεῦδος,</span> <span class='ocrx_word' id='word_1_93' title='bbox 1267 1299 1340 1360; x_wconf 81' lang='grc' dir='ltr'>ὡς</span> <span class='ocrx_word' id='word_1_94' title='bbox 1361 1297 1748 1365; x_wconf 84' lang='grc' dir='ltr'>ἀνυπόστατον,</span> <span class='ocrx_word' id='word_1_95' title='bbox 1778 1295 1901 1352; x_wconf 75' lang='grc' dir='ltr'>οὐδὲ</span> 
     </span>
    </p>
   </div>
   <div class='ocr_carea' id='block_1_15' title="bbox 252 1381 1898 1462">
    <p class='ocr_par' dir='ltr' id='par_1_15' title="bbox 252 1381 1898 1462">
     <span class='ocr_line' id='line_1_15' title="bbox 252 1381 1898 1462; baseline 0.002 -25"><span class='ocrx_word' id='word_1_96' title='bbox 252 1381 303 1438; x_wconf 82' lang='grc' dir='ltr'>ὅν</span> <span class='ocrx_word' id='word_1_97' title='bbox 335 1383 497 1438; x_wconf 79' lang='grc' dir='ltr'>ἐστιν·</span> <span class='ocrx_word' id='word_1_98' title='bbox 531 1384 619 1439; x_wconf 70' lang='grc' dir='ltr'>ἐὰν</span> <span class='ocrx_word' id='word_1_99' title='bbox 653 1385 745 1440; x_wconf 79' lang='grc' dir='ltr'>οὖν</span> <span class='ocrx_word' id='word_1_100' title='bbox 779 1385 1081 1462; x_wconf 85' lang='grc' dir='ltr'>ἀρνήσηται</span> <span class='ocrx_word' id='word_1_101' title='bbox 1115 1388 1301 1442; x_wconf 75' lang='grc' dir='ltr'>ἑαυτὸν</span> <span class='ocrx_word' id='word_1_102' title='bbox 1334 1388 1361 1441; x_wconf 95' lang='lat'>6</span> <span class='ocrx_word' id='word_1_103' title='bbox 1394 1388 1598 1455; x_wconf 84' lang='grc' dir='ltr'>Θεὸς,ἡ</span> <span class='ocrx_word' id='word_1_104' title='bbox 1645 1385 1898 1457; x_wconf 81' lang='grc' dir='ltr'>ἀλήθεια,</span> 
     </span>
    </p>
   </div>
   <div class='ocr_carea' id='block_1_16' title="bbox 250 1475 1898 1550">
    <p class='ocr_par' dir='ltr' id='par_1_16' title="bbox 250 1475 1898 1550">
     <span class='ocr_line' id='line_1_16' title="bbox 250 1475 1898 1550; baseline 0.002 -23"><span class='ocrx_word' id='word_1_105' title='bbox 250 1475 582 1545; x_wconf 71' lang='grc' dir='ltr'>ψευσαμένη,</span> <span class='ocrx_word' id='word_1_106' title='bbox 638 1477 713 1547; x_wconf 78' lang='grc' dir='ltr'>μὴ</span> <span class='ocrx_word' id='word_1_107' title='bbox 762 1475 819 1529; x_wconf 79' lang='grc' dir='ltr'>ὃν</span> <span class='ocrx_word' id='word_1_108' title='bbox 864 1475 1106 1550; x_wconf 70' lang='grc' dir='ltr'>γίνεται*</span> <span class='ocrx_word' id='word_1_109' title='bbox 1152 1475 1241 1530; x_wconf 84' lang='grc' dir='ltr'>καὶ</span> <span class='ocrx_word' id='word_1_110' title='bbox 1290 1481 1406 1537; x_wconf 82' lang='grc' dir='ltr'>πῶς</span> <span class='ocrx_word' id='word_1_111' title='bbox 1458 1476 1572 1529; x_wconf 82' lang='grc' dir='ltr'>οἷόν</span> <span class='ocrx_word' id='word_1_112' title='bbox 1626 1497 1683 1530; x_wconf 90' lang='grc' dir='ltr'>τε</span> <span class='ocrx_word' id='word_1_113' title='bbox 1737 1480 1898 1530; x_wconf 75' lang='grc' dir='ltr'>τοῦτο</span> 
     </span>
    </p>
   </div>
   <div class='ocr_carea' id='block_1_17' title="bbox 250 1557 1895 1635">
    <p class='ocr_par' dir='ltr' id='par_1_17' title="bbox 250 1557 1895 1635">
     <span class='ocr_line' id='line_1_17' title="bbox 250 1557 1895 1635; baseline 0.002 -20"><span class='ocrx_word' id='word_1_114' title='bbox 250 1557 519 1633; x_wconf 68' lang='grc' dir='ltr'>συμϐῆναι</span> <span class='ocrx_word' id='word_1_115' title='bbox 570 1582 583 1631; x_wconf 91' lang='grc'>;</span> <span class='ocrx_word' id='word_1_116' title='bbox 634 1563 695 1617; x_wconf 90' lang='grc' dir='ltr'>τὸ</span> <span class='ocrx_word' id='word_1_117' title='bbox 741 1564 830 1617; x_wconf 74' lang='grc' dir='ltr'>οὖν</span> <span class='ocrx_word' id='word_1_118' title='bbox 898 1565 974 1635; x_wconf 81' lang='grc' dir='ltr'>μὴ</span> <span class='ocrx_word' id='word_1_119' title='bbox 1035 1561 1309 1632; x_wconf 81' lang='grc' dir='ltr'>δύνασθαι,</span> <span class='ocrx_word' id='word_1_120' title='bbox 1368 1563 1455 1618; x_wconf 79' lang='grc' dir='ltr'>ἐπὶ</span> <span class='ocrx_word' id='word_1_121' title='bbox 1515 1561 1647 1618; x_wconf 76' lang='grc' dir='ltr'>Θεοῦ</span> <span class='ocrx_word' id='word_1_122' title='bbox 1703 1565 1895 1618; x_wconf 89' lang='grc' dir='ltr'>ταττό-</span> 
     </span>
    </p>
   </div>
   <div class='ocr_carea' id='block_1_18' title="bbox 250 1648 1894 1727">
    <p class='ocr_par' dir='ltr' id='par_1_18' title="bbox 250 1648 1894 1727">
     <span class='ocr_line' id='line_1_18' title="bbox 250 1648 1894 1727; baseline 0 -23"><span class='ocrx_word' id='word_1_123' title='bbox 250 1671 426 1723; x_wconf 84' lang='grc' dir='ltr'>μενον,</span> <span class='ocrx_word' id='word_1_124' title='bbox 478 1651 686 1724; x_wconf 83' lang='grc' dir='ltr'>ἀφάτου</span> <span class='ocrx_word' id='word_1_125' title='bbox 735 1648 1016 1724; x_wconf 80' lang='grc' dir='ltr'>δυνάμεώς</span> <span class='ocrx_word' id='word_1_126' title='bbox 1067 1652 1176 1707; x_wconf 72' lang='grc' dir='ltr'>ἐστι</span> <span class='ocrx_word' id='word_1_127' title='bbox 1224 1657 1475 1725; x_wconf 86' lang='grc' dir='ltr'>σημεῖον.</span> <span class='ocrx_word' id='word_1_128' title='bbox 1523 1655 1756 1725; x_wconf 61' lang='grc' dir='ltr'>⁸Ὀμοιον</span> <span class='ocrx_word' id='word_1_129' title='bbox 1792 1655 1894 1727; x_wconf 83' lang='grc' dir='ltr'>γάρ</span> 
     </span>
    </p>
   </div>
   <div class='ocr_carea' id='block_1_19' title="bbox 248 1739 1892 1814">
    <p class='ocr_par' dir='ltr' id='par_1_19' title="bbox 248 1739 1892 1814">
     <span class='ocr_line' id='line_1_19' title="bbox 248 1739 1892 1814; baseline 0.001 -20"><span class='ocrx_word' id='word_1_130' title='bbox 248 1740 379 1794; x_wconf 79' lang='grc' dir='ltr'>ἐστιν</span> <span class='ocrx_word' id='word_1_131' title='bbox 411 1740 611 1811; x_wconf 69' lang='grc' dir='ltr'>εἰπεῖδ,</span> <span class='ocrx_word' id='word_1_132' title='bbox 661 1740 742 1795; x_wconf 73' lang='grc' dir='ltr'>ὅτι</span> <span class='ocrx_word' id='word_1_133' title='bbox 800 1739 1017 1796; x_wconf 82' lang='grc' dir='ltr'>δύναται</span> <span class='ocrx_word' id='word_1_134' title='bbox 1051 1743 1078 1796; x_wconf 92' lang='lat'>6</span> <span class='ocrx_word' id='word_1_135' title='bbox 1131 1742 1260 1804; x_wconf 87' lang='grc' dir='ltr'>Θεὸς</span> <span class='ocrx_word' id='word_1_136' title='bbox 1310 1742 1492 1797; x_wconf 73' lang='grc' dir='ltr'>ἑαυτὸν</span> <span class='ocrx_word' id='word_1_137' title='bbox 1538 1748 1763 1812; x_wconf 85' lang='grc' dir='ltr'>ποιῆσαι</span> <span class='ocrx_word' id='word_1_138' title='bbox 1816 1744 1892 1814; x_wconf 84' lang='grc' dir='ltr'>μὴ</span> 
     </span>
    </p>
   </div>
   <div class='ocr_carea' id='block_1_20' title="bbox 2016 584 3474 658">
    <p class='ocr_par' dir='ltr' id='par_1_20' title="bbox 2016 584 3474 658">
     <span class='ocr_line' id='line_1_20' title="bbox 2016 584 3474 658; baseline 0.005 -25"><span class='ocrx_word' id='word_1_139' title='bbox 2016 585 2290 652; x_wconf 82' lang='lat' dir='ltr'>exponat,</span> <span class='ocrx_word' id='word_1_140' title='bbox 2321 584 2443 638; x_wconf 86' lang='lat' dir='ltr'>Non</span> <span class='ocrx_word' id='word_1_141' title='bbox 2474 587 2644 655; x_wconf 82' lang='lat' dir='ltr'>potest</span> <span class='ocrx_word' id='word_1_142' title='bbox 2677 589 2823 640; x_wconf 74' lang='lat' dir='ltr'>Deus</span> <span class='ocrx_word' id='word_1_143' title='bbox 2849 585 3088 657; x_wconf 76' lang='lat' dir='ltr'>seipsum</span> <span class='ocrx_word' id='word_1_144' title='bbox 3120 602 3326 657; x_wconf 83' lang='lat' dir='ltr'>negare</span> <span class='ocrx_word' id='word_1_145' title='bbox 3354 586 3474 658; x_wconf 73' lang='grc' dir='ltr'>(τη).</span> 
     </span>
    </p>
   </div>
   <div class='ocr_carea' id='block_1_21' title="bbox 2086 760 3669 833">
    <p class='ocr_par' dir='ltr' id='par_1_21' title="bbox 2086 760 3669 833">
     <span class='ocr_line' id='line_1_21' title="bbox 2086 760 3669 833; baseline 0.006 -19"><span class='ocrx_word' id='word_1_146' title='bbox 2086 760 2371 831; x_wconf 78' lang='lat' dir='ltr'>Siquidem</span> <span class='ocrx_word' id='word_1_147' title='bbox 2402 764 2495 817; x_wconf 81' lang='lat' dir='ltr'>sui</span> <span class='ocrx_word' id='word_1_148' title='bbox 2535 764 2715 831; x_wconf 74' lang='lat' dir='ltr'>ipsius</span> <span class='ocrx_word' id='word_1_149' title='bbox 2762 764 2914 819; x_wconf 76' lang='lat' dir='ltr'>enim</span> <span class='ocrx_word' id='word_1_150' title='bbox 2960 767 3194 833; x_wconf 78' lang='lat' dir='ltr'>negatio.</span> <span class='ocrx_word' id='word_1_151' title='bbox 3223 765 3385 828; x_wconf 88' lang='lat' dir='ltr'>Quod</span> <span class='ocrx_word' id='word_1_152' title='bbox 3436 764 3669 823; x_wconf 88' lang='lat' dir='ltr'>dicebat</span> 
     </span>
    </p>
   </div>
   <div class='ocr_carea' id='block_1_22' title="bbox 2016 849 3663 925">
    <p class='ocr_par' dir='ltr' id='par_1_22' title="bbox 2016 849 3663 925">
     <span class='ocr_line' id='line_1_22' title="bbox 2016 849 3663 925; baseline 0.004 -21"><span class='ocrx_word' id='word_1_153' title='bbox 2016 849 2246 921; x_wconf 83' lang='lat' dir='ltr'>Elymas</span> <span class='ocrx_word' id='word_1_154' title='bbox 2270 868 2476 922; x_wconf 85' lang='lat' dir='ltr'>magus</span> <span class='ocrx_word' id='word_1_155' title='bbox 2495 852 2770 907; x_wconf 90' lang='lat' dir='ltr'>deridens</span> <span class='ocrx_word' id='word_1_156' title='bbox 2794 858 3063 909; x_wconf 89' lang='lat' dir='ltr'>sanctum</span> <span class='ocrx_word' id='word_1_157' title='bbox 3083 854 3327 910; x_wconf 92' lang='lat' dir='ltr'>Paulum</span> <span class='ocrx_word' id='word_1_158' title='bbox 3352 854 3663 925; x_wconf 82' lang='lat' dir='ltr'>dicentem,</span> 
     </span>
    </p>
   </div>
   <div class='ocr_carea' id='block_1_23' title="bbox 2014 943 3666 1015">
    <p class='ocr_par' dir='ltr' id='par_1_23' title="bbox 2014 943 3666 1015">
     <span class='ocr_line' id='line_1_23' title="bbox 2014 943 3666 1015; baseline 0.004 -22"><span class='ocrx_word' id='word_1_159' title='bbox 2014 944 2195 994; x_wconf 87' lang='lat' dir='ltr'>Deum</span> <span class='ocrx_word' id='word_1_160' title='bbox 2238 958 2351 995; x_wconf 92' lang='lat' dir='ltr'>non</span> <span class='ocrx_word' id='word_1_161' title='bbox 2401 958 2575 1011; x_wconf 83' lang='lat' dir='ltr'>posse</span> <span class='ocrx_word' id='word_1_162' title='bbox 2625 959 2836 1014; x_wconf 82' lang='lat' dir='ltr'>negare</span> <span class='ocrx_word' id='word_1_163' title='bbox 2868 944 3153 1014; x_wconf 87' lang='lat' dir='ltr'>seipsum,</span> <span class='ocrx_word' id='word_1_164' title='bbox 3186 960 3251 998; x_wconf 88' lang='lat' dir='ltr'>ac</span> <span class='ocrx_word' id='word_1_165' title='bbox 3298 943 3666 1015; x_wconf 85' lang='lat' dir='ltr'>impossibile</span> 
     </span>
    </p>
   </div>
   <div class='ocr_carea' id='block_1_24' title="bbox 2013 1030 3665 1103">
    <p class='ocr_par' dir='ltr' id='par_1_24' title="bbox 2013 1030 3665 1103">
     <span class='ocr_line' id='line_1_24' title="bbox 2013 1030 3665 1103; baseline 0.004 -20"><span class='ocrx_word' id='word_1_166' title='bbox 2013 1030 2320 1085; x_wconf 82' lang='lat' dir='ltr'>ostendere</span> <span class='ocrx_word' id='word_1_167' title='bbox 2353 1030 2407 1084; x_wconf 93' lang='lat' dir='ltr'>in</span> <span class='ocrx_word' id='word_1_168' title='bbox 2445 1030 2622 1085; x_wconf 86' lang='lat' dir='ltr'>Paulo</span> <span class='ocrx_word' id='word_1_169' title='bbox 2646 1032 2829 1087; x_wconf 87' lang='lat' dir='ltr'>Deum</span> <span class='ocrx_word' id='word_1_170' title='bbox 2853 1050 3023 1103; x_wconf 85' lang='lat' dir='ltr'>posse</span> <span class='ocrx_word' id='word_1_171' title='bbox 3050 1050 3174 1103; x_wconf 73' lang='lat' dir='ltr'>quae</span> <span class='ocrx_word' id='word_1_172' title='bbox 3206 1032 3351 1102; x_wconf 84' lang='lat' dir='ltr'>vult,</span> <span class='ocrx_word' id='word_1_173' title='bbox 3372 1033 3428 1088; x_wconf 90' lang='lat' dir='ltr'>id</span> <span class='ocrx_word' id='word_1_174' title='bbox 3452 1039 3540 1088; x_wconf 89' lang='lat' dir='ltr'>est</span> <span class='ocrx_word' id='word_1_175' title='bbox 3571 1050 3665 1090; x_wconf 87' lang='lat' dir='ltr'>se-</span> 
     </span>
    </p>
   </div>
   <div class='ocr_carea' id='block_1_25' title="bbox 2010 1118 3667 1193">
    <p class='ocr_par' dir='ltr' id='par_1_25' title="bbox 2010 1118 3667 1193">
     <span class='ocr_line' id='line_1_25' title="bbox 2010 1118 3667 1193; baseline 0.005 -21"><span class='ocrx_word' id='word_1_176' title='bbox 2010 1118 2203 1190; x_wconf 90' lang='lat' dir='ltr'>ipsum</span> <span class='ocrx_word' id='word_1_177' title='bbox 2239 1136 2467 1189; x_wconf 86' lang='lat' dir='ltr'>negare,</span> <span class='ocrx_word' id='word_1_178' title='bbox 2498 1136 2751 1191; x_wconf 87' lang='lat' dir='ltr'>magnus</span> <span class='ocrx_word' id='word_1_179' title='bbox 2775 1121 3090 1193; x_wconf 84' lang='lat' dir='ltr'>Dionysius</span> <span class='ocrx_word' id='word_1_180' title='bbox 3124 1122 3378 1177; x_wconf 84' lang='lat' dir='ltr'>maxime</span> <span class='ocrx_word' id='word_1_181' title='bbox 3410 1122 3667 1193; x_wconf 89' lang='lat' dir='ltr'>philoso-</span> 
     </span>
    </p>
   </div>
   <div class='ocr_carea' id='block_1_26' title="bbox 2011 1208 3667 1281">
    <p class='ocr_par' dir='ltr' id='par_1_26' title="bbox 2011 1208 3667 1281">
     <span class='ocr_line' id='line_1_26' title="bbox 2011 1208 3667 1281; baseline 0.002 -18"><span class='ocrx_word' id='word_1_182' title='bbox 2011 1208 2177 1280; x_wconf 85' lang='lat' dir='ltr'>phice</span> <span class='ocrx_word' id='word_1_183' title='bbox 2200 1225 2300 1264; x_wconf 90' lang='lat' dir='ltr'>seu</span> <span class='ocrx_word' id='word_1_184' title='bbox 2326 1214 2529 1281; x_wconf 81' lang='lat' dir='ltr'>argute</span> <span class='ocrx_word' id='word_1_185' title='bbox 2553 1209 2739 1266; x_wconf 85' lang='lat' dir='ltr'>solvit.</span> <span class='ocrx_word' id='word_1_186' title='bbox 2759 1211 2912 1266; x_wconf 82' lang='lat' dir='ltr'>Dicit</span> <span class='ocrx_word' id='word_1_187' title='bbox 2929 1212 3083 1266; x_wconf 91' lang='lat' dir='ltr'>enim</span> <span class='ocrx_word' id='word_1_188' title='bbox 3105 1212 3289 1266; x_wconf 88' lang='lat' dir='ltr'>Deum</span> <span class='ocrx_word' id='word_1_189' title='bbox 3310 1228 3438 1268; x_wconf 89' lang='lat' dir='ltr'>esse</span> <span class='ocrx_word' id='word_1_190' title='bbox 3460 1214 3667 1268; x_wconf 84' lang='lat' dir='ltr'>verita-</span> 
     </span>
    </p>
   </div>
   <div class='ocr_carea' id='block_1_27' title="bbox 2010 1299 3664 1360">
    <p class='ocr_par' dir='ltr' id='par_1_27' title="bbox 2010 1299 3664 1360">
     <span class='ocr_line' id='line_1_27' title="bbox 2010 1299 3664 1360; baseline 0.005 -8"><span class='ocrx_word' id='word_1_191' title='bbox 2010 1303 2125 1353; x_wconf 86' lang='lat' dir='ltr'>tem</span> <span class='ocrx_word' id='word_1_192' title='bbox 2147 1299 2474 1353; x_wconf 87' lang='lat' dir='ltr'>:veritatem</span> <span class='ocrx_word' id='word_1_193' title='bbox 2498 1304 2692 1355; x_wconf 85' lang='lat' dir='ltr'>autem</span> <span class='ocrx_word' id='word_1_194' title='bbox 2719 1316 2845 1355; x_wconf 88' lang='lat' dir='ltr'>esse</span> <span class='ocrx_word' id='word_1_195' title='bbox 2868 1317 3007 1355; x_wconf 88' lang='lat' dir='ltr'>ens:</span> <span class='ocrx_word' id='word_1_196' title='bbox 3034 1302 3349 1357; x_wconf 77' lang='lat' dir='ltr'>falsitatem</span> <span class='ocrx_word' id='word_1_197' title='bbox 3374 1318 3508 1357; x_wconf 90' lang='lat' dir='ltr'>vero</span> <span class='ocrx_word' id='word_1_198' title='bbox 3531 1319 3664 1360; x_wconf 89' lang='lat' dir='ltr'>cum</span> 
     </span>
    </p>
   </div>
   <div class='ocr_carea' id='block_1_28' title="bbox 2011 1388 3661 1463">
    <p class='ocr_par' dir='ltr' id='par_1_28' title="bbox 2011 1388 3661 1463">
     <span class='ocr_line' id='line_1_28' title="bbox 2011 1388 3661 1463; baseline 0.004 -21"><span class='ocrx_word' id='word_1_199' title='bbox 2011 1405 2124 1443; x_wconf 91' lang='lat' dir='ltr'>non</span> <span class='ocrx_word' id='word_1_200' title='bbox 2146 1388 2455 1455; x_wconf 74' lang='lat' dir='ltr'>subsistat,</span> <span class='ocrx_word' id='word_1_201' title='bbox 2474 1389 2717 1444; x_wconf 91' lang='lat' dir='ltr'>minime</span> <span class='ocrx_word' id='word_1_202' title='bbox 2741 1390 2915 1445; x_wconf 90' lang='lat' dir='ltr'>etiam</span> <span class='ocrx_word' id='word_1_203' title='bbox 2939 1407 3067 1446; x_wconf 88' lang='lat' dir='ltr'>esse</span> <span class='ocrx_word' id='word_1_204' title='bbox 3084 1408 3216 1446; x_wconf 89' lang='lat' dir='ltr'>ens:</span> <span class='ocrx_word' id='word_1_205' title='bbox 3235 1391 3283 1446; x_wconf 88' lang='lat' dir='ltr'>si</span> <span class='ocrx_word' id='word_1_206' title='bbox 3310 1390 3489 1463; x_wconf 83' lang='lat' dir='ltr'>igitur</span> <span class='ocrx_word' id='word_1_207' title='bbox 3505 1392 3661 1449; x_wconf 87' lang='lat' dir='ltr'>Deus</span> 
     </span>
    </p>
   </div>
   <div class='ocr_carea' id='block_1_29' title="bbox 2008 1477 3661 1550">
    <p class='ocr_par' dir='ltr' id='par_1_29' title="bbox 2008 1477 3661 1550">
     <span class='ocr_line' id='line_1_29' title="bbox 2008 1477 3661 1550; baseline 0.002 -17"><span class='ocrx_word' id='word_1_208' title='bbox 2008 1477 2270 1548; x_wconf 89' lang='lat' dir='ltr'>seipsum</span> <span class='ocrx_word' id='word_1_209' title='bbox 2298 1479 2842 1550; x_wconf 86' lang='lat' dir='ltr'>negaverit,veritas</span> <span class='ocrx_word' id='word_1_210' title='bbox 2870 1479 2969 1534; x_wconf 89' lang='lat' dir='ltr'>ubi</span> <span class='ocrx_word' id='word_1_211' title='bbox 3001 1480 3291 1545; x_wconf 83' lang='lat' dir='ltr'>fefellerit,</span> <span class='ocrx_word' id='word_1_212' title='bbox 3315 1496 3428 1535; x_wconf 90' lang='lat' dir='ltr'>non</span> <span class='ocrx_word' id='word_1_213' title='bbox 3453 1497 3557 1536; x_wconf 92' lang='lat' dir='ltr'>ens</span> <span class='ocrx_word' id='word_1_214' title='bbox 3578 1481 3661 1536; x_wconf 84' lang='lat' dir='ltr'>ef-</span> 
     </span>
    </p>
   </div>
   <div class='ocr_carea' id='block_1_30' title="bbox 2008 1566 3660 1642">
    <p class='ocr_par' dir='ltr' id='par_1_30' title="bbox 2008 1566 3660 1642">
     <span class='ocr_line' id='line_1_30' title="bbox 2008 1566 3660 1642; baseline 0.002 -21"><span class='ocrx_word' id='word_1_215' title='bbox 2008 1566 2221 1632; x_wconf 83' lang='lat' dir='ltr'>ﬁcitur,</span> <span class='ocrx_word' id='word_1_216' title='bbox 2247 1576 2297 1621; x_wconf 83' lang='lat' dir='ltr'>et</span> <span class='ocrx_word' id='word_1_217' title='bbox 2329 1568 2623 1638; x_wconf 89' lang='lat' dir='ltr'>quomodo</span> <span class='ocrx_word' id='word_1_218' title='bbox 2666 1568 2903 1639; x_wconf 89' lang='lat' dir='ltr'>signum</span> <span class='ocrx_word' id='word_1_219' title='bbox 2948 1569 3103 1624; x_wconf 86' lang='lat' dir='ltr'>istud</span> <span class='ocrx_word' id='word_1_220' title='bbox 3137 1569 3401 1625; x_wconf 87' lang='lat' dir='ltr'>accidere</span> <span class='ocrx_word' id='word_1_221' title='bbox 3433 1569 3660 1642; x_wconf 85' lang='lat' dir='ltr'>possit?</span> 
     </span>
    </p>
   </div>
   <div class='ocr_carea' id='block_1_31' title="bbox 2005 1654 3663 1727">
    <p class='ocr_par' dir='ltr' id='par_1_31' title="bbox 2005 1654 3663 1727">
     <span class='ocr_line' id='line_1_31' title="bbox 2005 1654 3663 1727; baseline 0.002 -19"><span class='ocrx_word' id='word_1_222' title='bbox 2005 1671 2141 1725; x_wconf 87' lang='lat' dir='ltr'>ergo</span> <span class='ocrx_word' id='word_1_223' title='bbox 2162 1670 2273 1708; x_wconf 80' lang='lat' dir='ltr'>non</span> <span class='ocrx_word' id='word_1_224' title='bbox 2291 1670 2445 1725; x_wconf 82' lang='lat' dir='ltr'>posse</span> <span class='ocrx_word' id='word_1_225' title='bbox 2464 1654 2522 1709; x_wconf 93' lang='lat' dir='ltr'>in</span> <span class='ocrx_word' id='word_1_226' title='bbox 2546 1656 2661 1710; x_wconf 91' lang='lat' dir='ltr'>Deo</span> <span class='ocrx_word' id='word_1_227' title='bbox 2685 1656 3071 1711; x_wconf 87' lang='lat' dir='ltr'>constitutum</span> <span class='ocrx_word' id='word_1_228' title='bbox 3099 1656 3333 1727; x_wconf 89' lang='lat' dir='ltr'>signum</span> <span class='ocrx_word' id='word_1_229' title='bbox 3356 1661 3444 1712; x_wconf 88' lang='lat' dir='ltr'>est</span> <span class='ocrx_word' id='word_1_230' title='bbox 3464 1657 3663 1713; x_wconf 83' lang='lat' dir='ltr'>infini-</span> 
     </span>
    </p>
   </div>
   <div class='ocr_carea' id='block_1_32' title="bbox 2005 1744 3655 1802">
    <p class='ocr_par' dir='ltr' id='par_1_32' title="bbox 2005 1744 3655 1802">
     <span class='ocr_line' id='line_1_32' title="bbox 2005 1744 3655 1802; baseline 0.002 -4"><span class='ocrx_word' id='word_1_231' title='bbox 2005 1747 2073 1798; x_wconf 74' lang='lat' dir='ltr'>ta:</span> <span class='ocrx_word' id='word_1_232' title='bbox 2096 1744 2347 1799; x_wconf 85' lang='lat' dir='ltr'>virtutis.</span> <span class='ocrx_word' id='word_1_233' title='bbox 2370 1744 2573 1799; x_wconf 89' lang='lat' dir='ltr'>Simile</span> <span class='ocrx_word' id='word_1_234' title='bbox 2604 1745 2761 1799; x_wconf 88' lang='lat' dir='ltr'>enim</span> <span class='ocrx_word' id='word_1_235' title='bbox 2796 1750 2951 1801; x_wconf 81' lang='lat' dir='ltr'>esset</span> <span class='ocrx_word' id='word_1_236' title='bbox 2979 1762 3045 1801; x_wconf 90' lang='lat' dir='ltr'>ac</span> <span class='ocrx_word' id='word_1_237' title='bbox 3077 1746 3125 1801; x_wconf 88' lang='lat' dir='ltr'>si</span> <span class='ocrx_word' id='word_1_238' title='bbox 3156 1747 3449 1801; x_wconf 87' lang='lat' dir='ltr'>diceretur</span> <span class='ocrx_word' id='word_1_239' title='bbox 3469 1747 3655 1802; x_wconf 91' lang='lat' dir='ltr'>Deum</span> 
     </span>
    </p>
   </div>
   <div class='ocr_carea' id='block_1_33' title="bbox 246 1827 1892 1931">
    <p class='ocr_par' dir='ltr' id='par_1_33' title="bbox 246 1827 1892 1931">
     <span class='ocr_line' id='line_1_33' title="bbox 246 1827 1892 1907; baseline 0.002 -26"><span class='ocrx_word' id='word_1_240' title='bbox 246 1827 372 1882; x_wconf 78' lang='grc' dir='ltr'>εἶναι</span> <span class='ocrx_word' id='word_1_241' title='bbox 404 1829 561 1897; x_wconf 86' lang='grc' dir='ltr'>Θεὸν,</span> <span class='ocrx_word' id='word_1_242' title='bbox 596 1828 742 1885; x_wconf 77' lang='grc' dir='ltr'>ἀλλά</span> <span class='ocrx_word' id='word_1_243' title='bbox 773 1834 1028 1905; x_wconf 81' lang='grc' dir='ltr'>χωρῆσαι</span> <span class='ocrx_word' id='word_1_244' title='bbox 1060 1831 1135 1892; x_wconf 64' lang='grc' dir='ltr'>εἷς</span> <span class='ocrx_word' id='word_1_245' title='bbox 1182 1830 1529 1907; x_wconf 81' lang='grc' dir='ltr'>ἀνυπαρξίαν,</span> <span class='ocrx_word' id='word_1_246' title='bbox 1573 1831 1601 1884; x_wconf 78' lang='grc' dir='ltr'>ὃ</span> <span class='ocrx_word' id='word_1_247' title='bbox 1635 1830 1769 1902; x_wconf 76' lang='grc' dir='ltr'>μετὰ</span> <span class='ocrx_word' id='word_1_248' title='bbox 1797 1835 1892 1884; x_wconf 77' lang='grc' dir='ltr'>τοῦ</span> 
     </span>
     <span class='ocr_line' id='line_1_34' title="bbox 254 1913 1851 1931; baseline 0 0"><span class='ocrx_word' id='word_1_249' title='bbox 254 1915 301 1931; x_wconf 66' lang='grc' dir='ltr'>..ι</span> <span class='ocrx_word' id='word_1_250' title='bbox 390 1920 398 1931; x_wconf 96' lang='grc'>.</span> <span class='ocrx_word' id='word_1_251' title='bbox 611 1919 623 1931; x_wconf 83' lang='grc'>.</span> <span class='ocrx_word' id='word_1_252' title='bbox 696 1920 707 1931; x_wconf 83' lang='grc'>.</span> <span class='ocrx_word' id='word_1_253' title='bbox 766 1918 819 1931; x_wconf 60' lang='grc' dir='ltr'>,η</span> <span class='ocrx_word' id='word_1_254' title='bbox 856 1920 865 1931; x_wconf 90' lang='grc'>.</span> <span class='ocrx_word' id='word_1_255' title='bbox 1140 1913 1164 1931; x_wconf 72' lang='grc' dir='ltr'>,ι</span> <span class='ocrx_word' id='word_1_256' title='bbox 1357 1925 1382 1931; x_wconf 75' lang='grc'>-</span> <span class='ocrx_word' id='word_1_257' title='bbox 1539 1918 1548 1931; x_wconf 86' lang='grc'>.</span> <span class='ocrx_word' id='word_1_258' title='bbox 1675 1918 1693 1931; x_wconf 62' lang='grc' dir='ltr'><strong>ς</strong></span> <span class='ocrx_word' id='word_1_259' title='bbox 1840 1922 1851 1931; x_wconf 95' lang='grc'>.</span> 
     </span>
    </p>
   </div>
   <div class='ocr_carea' id='block_1_34' title="bbox 2006 1827 3653 1931">
    <p class='ocr_par' dir='ltr' id='par_1_34' title="bbox 2006 1833 3653 1906">
     <span class='ocr_line' id='line_1_35' title="bbox 2006 1833 3653 1906; baseline 0.002 -19"><span class='ocrx_word' id='word_1_260' title='bbox 2006 1849 2176 1904; x_wconf 86' lang='lat' dir='ltr'>posse</span> <span class='ocrx_word' id='word_1_261' title='bbox 2199 1833 2385 1888; x_wconf 89' lang='lat' dir='ltr'>facere</span> <span class='ocrx_word' id='word_1_262' title='bbox 2416 1833 2676 1903; x_wconf 90' lang='lat' dir='ltr'>seipsum</span> <span class='ocrx_word' id='word_1_263' title='bbox 2700 1851 2815 1889; x_wconf 93' lang='lat' dir='ltr'>non</span> <span class='ocrx_word' id='word_1_264' title='bbox 2839 1851 2967 1890; x_wconf 90' lang='lat' dir='ltr'>esse</span> <span class='ocrx_word' id='word_1_265' title='bbox 2998 1834 3203 1903; x_wconf 89' lang='lat' dir='ltr'>Deum,</span> <span class='ocrx_word' id='word_1_266' title='bbox 3228 1836 3346 1890; x_wconf 92' lang='lat' dir='ltr'>imo</span> <span class='ocrx_word' id='word_1_267' title='bbox 3370 1851 3559 1906; x_wconf 88' lang='lat' dir='ltr'>usque</span> <span class='ocrx_word' id='word_1_268' title='bbox 3579 1836 3653 1891; x_wconf 90' lang='lat' dir='ltr'>ad</span> 
     </span>
    </p>
   </div>
   <div class='ocr_carea' id='block_1_35' title="bbox 244 1913 1887 1997">
    <p class='ocr_par' dir='ltr' id='par_1_35' title="bbox 244 1913 1887 1997">
     <span class='ocr_line' id='line_1_36' title="bbox 244 1913 1887 1997; baseline 0.001 -26"><span class='ocrx_word' id='word_1_269' title='bbox 244 1915 508 1972; x_wconf 78' lang='grc' dir='ltr'>ἀδυνάτου</span> <span class='ocrx_word' id='word_1_270' title='bbox 537 1919 625 1973; x_wconf 82' lang='grc' dir='ltr'>καὶ</span> <span class='ocrx_word' id='word_1_271' title='bbox 656 1920 718 1973; x_wconf 87' lang='grc' dir='ltr'>τὸ</span> <span class='ocrx_word' id='word_1_272' title='bbox 765 1918 1093 1997; x_wconf 80' lang='grc' dir='ltr'>βλάσφημον</span> <span class='ocrx_word' id='word_1_273' title='bbox 1138 1913 1274 1995; x_wconf 81' lang='grc' dir='ltr'>ἔχει·</span> <span class='ocrx_word' id='word_1_274' title='bbox 1307 1925 1424 1981; x_wconf 82' lang='grc' dir='ltr'>πῶς</span> <span class='ocrx_word' id='word_1_275' title='bbox 1465 1918 1641 1974; x_wconf 80' lang='grc' dir='ltr'>τοίνυν</span> <span class='ocrx_word' id='word_1_276' title='bbox 1675 1918 1887 1993; x_wconf 86' lang='grc' dir='ltr'>λεχθή-</span> 
     </span>
    </p>
   </div>
   <div class='ocr_carea' id='block_1_36' title="bbox 244 2004 1886 2080">
    <p class='ocr_par' dir='ltr' id='par_1_36' title="bbox 244 2004 1886 2080">
     <span class='ocr_line' id='line_1_37' title="bbox 244 2004 1886 2080; baseline 0.002 -21"><span class='ocrx_word' id='word_1_277' title='bbox 244 2027 405 2079; x_wconf 83' lang='grc' dir='ltr'>σεται,</span> <span class='ocrx_word' id='word_1_278' title='bbox 438 2008 467 2060; x_wconf 91' lang='lat'>6</span> <span class='ocrx_word' id='word_1_279' title='bbox 502 2004 576 2060; x_wconf 83' lang='grc' dir='ltr'>ὢν</span> <span class='ocrx_word' id='word_1_280' title='bbox 612 2005 759 2062; x_wconf 79' lang='grc' dir='ltr'>ἔσται</span> <span class='ocrx_word' id='word_1_281' title='bbox 795 2010 870 2080; x_wconf 74' lang='grc' dir='ltr'>μὴ</span> <span class='ocrx_word' id='word_1_282' title='bbox 904 2004 976 2061; x_wconf 80' lang='grc' dir='ltr'>ὤν</span> <span class='ocrx_word' id='word_1_283' title='bbox 1010 2029 1023 2078; x_wconf 84' lang='grc'><strong><em>;</em></strong></span> <span class='ocrx_word' id='word_1_284' title='bbox 1057 2008 1132 2065; x_wconf 78' lang='grc' dir='ltr'>Οὐ</span> <span class='ocrx_word' id='word_1_285' title='bbox 1188 2006 1405 2063; x_wconf 81' lang='grc' dir='ltr'>δύναται</span> <span class='ocrx_word' id='word_1_286' title='bbox 1454 2007 1631 2062; x_wconf 82' lang='grc' dir='ltr'>τοίνυν</span> <span class='ocrx_word' id='word_1_287' title='bbox 1665 2010 1692 2063; x_wconf 90' lang='lat'>6</span> <span class='ocrx_word' id='word_1_288' title='bbox 1738 2008 1886 2077; x_wconf 87' lang='grc' dir='ltr'>Θεὸς,</span> 
     </span>
    </p>
   </div>
   <div class='ocr_carea' id='block_1_37' title="bbox 240 2094 1883 2173">
    <p class='ocr_par' dir='ltr' id='par_1_37' title="bbox 240 2094 1883 2173">
     <span class='ocr_line' id='line_1_38' title="bbox 240 2094 1883 2173; baseline 0.001 -23"><span class='ocrx_word' id='word_1_289' title='bbox 240 2095 512 2150; x_wconf 74' lang='grc' dir='ltr'>τουτέστιν</span> <span class='ocrx_word' id='word_1_290' title='bbox 563 2096 922 2171; x_wconf 80' lang='grc' dir='ltr'>ἀναχώρητὸν</span> <span class='ocrx_word' id='word_1_291' title='bbox 978 2096 1086 2151; x_wconf 82' lang='grc' dir='ltr'>ἐστι</span> <span class='ocrx_word' id='word_1_292' title='bbox 1157 2099 1231 2169; x_wconf 71' lang='grc' dir='ltr'>μὴ</span> <span class='ocrx_word' id='word_1_293' title='bbox 1298 2098 1428 2151; x_wconf 72' lang='grc' dir='ltr'>εἶναι</span> <span class='ocrx_word' id='word_1_294' title='bbox 1483 2096 1660 2167; x_wconf 79' lang='grc' dir='ltr'>αὐτὸν,</span> <span class='ocrx_word' id='word_1_295' title='bbox 1714 2094 1883 2173; x_wconf 77' lang='grc' dir='ltr'>ἤγουν</span> 
     </span>
    </p>
   </div>
   <div class='ocr_carea' id='block_1_38' title="bbox 239 2183 1885 2259">
    <p class='ocr_par' dir='ltr' id='par_1_38' title="bbox 239 2183 1885 2259">
     <span class='ocr_line' id='line_1_39' title="bbox 239 2183 1885 2259; baseline 0.002 -22"><span class='ocrx_word' id='word_1_296' title='bbox 239 2183 542 2239; x_wconf 81' lang='grc' dir='ltr'>ἀνένδεκτον</span> <span class='ocrx_word' id='word_1_297' title='bbox 582 2187 657 2258; x_wconf 74' lang='grc' dir='ltr'>μὴ</span> <span class='ocrx_word' id='word_1_298' title='bbox 689 2186 823 2240; x_wconf 83' lang='grc' dir='ltr'>εἶναι</span> <span class='ocrx_word' id='word_1_299' title='bbox 856 2186 1037 2241; x_wconf 81' lang='grc' dir='ltr'>αὐτόν·</span> <span class='ocrx_word' id='word_1_300' title='bbox 1072 2186 1263 2241; x_wconf 65' lang='grc' dir='ltr'>οὐκοῦν</span> <span class='ocrx_word' id='word_1_301' title='bbox 1297 2187 1382 2241; x_wconf 84' lang='grc' dir='ltr'>καὶ</span> <span class='ocrx_word' id='word_1_302' title='bbox 1415 2187 1477 2241; x_wconf 91' lang='grc' dir='ltr'>τὸ</span> <span class='ocrx_word' id='word_1_303' title='bbox 1512 2188 1587 2259; x_wconf 84' lang='grc' dir='ltr'>μὴ</span> <span class='ocrx_word' id='word_1_304' title='bbox 1635 2184 1885 2240; x_wconf 74' lang='grc' dir='ltr'>δύνασθαι</span> 
     </span>
    </p>
   </div>
   <div class='ocr_carea' id='block_1_39' title="bbox 234 2273 1884 2343">
    <p class='ocr_par' dir='ltr' id='par_1_39' title="bbox 234 2273 1884 2343">
     <span class='ocr_line' id='line_1_40' title="bbox 234 2273 1884 2343; baseline 0.001 -16"><span class='ocrx_word' id='word_1_305' title='bbox 234 2275 318 2327; x_wconf 87' lang='grc' dir='ltr'>τὸν</span> <span class='ocrx_word' id='word_1_306' title='bbox 369 2277 523 2342; x_wconf 88' lang='grc' dir='ltr'>Θεὸν,</span> <span class='ocrx_word' id='word_1_307' title='bbox 578 2276 823 2329; x_wconf 75' lang='grc' dir='ltr'>τουτέστι</span> <span class='ocrx_word' id='word_1_308' title='bbox 882 2276 944 2330; x_wconf 89' lang='grc' dir='ltr'>τὸ</span> <span class='ocrx_word' id='word_1_309' title='bbox 992 2273 1254 2330; x_wconf 81' lang='grc' dir='ltr'>ἀδύνατον</span> <span class='ocrx_word' id='word_1_310' title='bbox 1308 2278 1445 2330; x_wconf 84' lang='grc' dir='ltr'>εἷναι</span> <span class='ocrx_word' id='word_1_311' title='bbox 1499 2276 1590 2329; x_wconf 90' lang='grc' dir='ltr'>τὸν</span> <span class='ocrx_word' id='word_1_312' title='bbox 1634 2276 1785 2343; x_wconf 88' lang='grc' dir='ltr'>Θεὸν,</span> <span class='ocrx_word' id='word_1_313' title='bbox 1821 2276 1884 2329; x_wconf 86' lang='grc' dir='ltr'>οὐ</span> 
     </span>
    </p>
   </div>
   <div class='ocr_carea' id='block_1_40' title="bbox 236 2362 1885 2443">
    <p class='ocr_par' dir='ltr' id='par_1_40' title="bbox 236 2362 1885 2443">
     <span class='ocr_line' id='line_1_41' title="bbox 236 2362 1885 2443; baseline 0.001 -26"><span class='ocrx_word' id='word_1_314' title='bbox 236 2362 454 2418; x_wconf 79' lang='grc' dir='ltr'>δυνατὸν</span> <span class='ocrx_word' id='word_1_315' title='bbox 506 2362 767 2439; x_wconf 87' lang='grc' dir='ltr'>γενέσθαι’</span> <span class='ocrx_word' id='word_1_316' title='bbox 802 2364 984 2439; x_wconf 82' lang='grc' dir='ltr'>ὥσπερ</span> <span class='ocrx_word' id='word_1_317' title='bbox 1024 2365 1125 2439; x_wconf 85' lang='grc' dir='ltr'>γὰρ</span> <span class='ocrx_word' id='word_1_318' title='bbox 1176 2366 1236 2419; x_wconf 90' lang='grc' dir='ltr'>τὸ</span> <span class='ocrx_word' id='word_1_319' title='bbox 1277 2370 1414 2443; x_wconf 77' lang='grc' dir='ltr'>φῶς,</span> <span class='ocrx_word' id='word_1_320' title='bbox 1446 2366 1564 2419; x_wconf 83' lang='grc' dir='ltr'>καθ’</span> <span class='ocrx_word' id='word_1_321' title='bbox 1592 2365 1619 2419; x_wconf 83' lang='grc' dir='ltr'>ὃ</span> <span class='ocrx_word' id='word_1_322' title='bbox 1653 2369 1787 2441; x_wconf 78' lang='grc' dir='ltr'>φῶς,</span> <span class='ocrx_word' id='word_1_323' title='bbox 1821 2365 1885 2418; x_wconf 84' lang='grc' dir='ltr'>οὐ</span> 
     </span>
    </p>
   </div>
   <div class='ocr_carea' id='block_1_41' title="bbox 235 2450 1888 2529">
    <p class='ocr_par' dir='ltr' id='par_1_41' title="bbox 235 2450 1888 2529">
     <span class='ocr_line' id='line_1_42' title="bbox 235 2450 1888 2529; baseline 0.001 -23"><span class='ocrx_word' id='word_1_324' title='bbox 235 2451 450 2507; x_wconf 64' lang='grc' dir='ltr'>δύναται</span> <span class='ocrx_word' id='word_1_325' title='bbox 510 2453 703 2514; x_wconf 82' lang='grc' dir='ltr'>σκότος</span> <span class='ocrx_word' id='word_1_326' title='bbox 759 2454 1022 2529; x_wconf 87' lang='grc' dir='ltr'>γενέσθαι,</span> <span class='ocrx_word' id='word_1_327' title='bbox 1077 2453 1219 2509; x_wconf 76' lang='grc' dir='ltr'>οὕτω</span> <span class='ocrx_word' id='word_1_328' title='bbox 1276 2455 1366 2509; x_wconf 81' lang='grc' dir='ltr'>καὶ</span> <span class='ocrx_word' id='word_1_329' title='bbox 1433 2458 1601 2509; x_wconf 76' lang='grc' dir='ltr'>ταῦτα</span> <span class='ocrx_word' id='word_1_330' title='bbox 1658 2450 1888 2507; x_wconf 71' lang='grc' dir='ltr'>ἀδύνατα</span> 
     </span>
    </p>
   </div>
   <div class='ocr_carea' id='block_1_42' title="bbox 233 2538 1883 2617">
    <p class='ocr_par' dir='ltr' id='par_1_42' title="bbox 233 2538 1883 2617">
     <span class='ocr_line' id='line_1_43' title="bbox 233 2538 1883 2617; baseline -0.001 -21"><span class='ocrx_word' id='word_1_331' title='bbox 233 2546 305 2612; x_wconf 79' lang='grc' dir='ltr'>τῷ</span> <span class='ocrx_word' id='word_1_332' title='bbox 334 2546 451 2613; x_wconf 85' lang='grc' dir='ltr'>Θεῷ</span> <span class='ocrx_word' id='word_1_333' title='bbox 487 2539 577 2595; x_wconf 79' lang='grc' dir='ltr'>διὰ</span> <span class='ocrx_word' id='word_1_334' title='bbox 608 2543 706 2610; x_wconf 79' lang='grc' dir='ltr'>τήν</span> <span class='ocrx_word' id='word_1_335' title='bbox 759 2538 1168 2617; x_wconf 74' lang='grc' dir='ltr'>ἀνυπέρϐλητον</span> <span class='ocrx_word' id='word_1_336' title='bbox 1225 2541 1504 2612; x_wconf 84' lang='grc' dir='ltr'>ἀλήθειαν.</span> <span class='ocrx_word' id='word_1_337' title='bbox 1556 2541 1740 2604; x_wconf 67' lang='grc' dir='ltr'>Οὕτως</span> <span class='ocrx_word' id='word_1_338' title='bbox 1790 2544 1883 2595; x_wconf 74' lang='grc' dir='ltr'>οὖν</span> 
     </span>
    </p>
   </div>
   <div class='ocr_carea' id='block_1_43' title="bbox 236 2627 1885 2706">
    <p class='ocr_par' dir='ltr' id='par_1_43' title="bbox 236 2627 1885 2706">
     <span class='ocr_line' id='line_1_44' title="bbox 236 2627 1885 2706; baseline 0.001 -23"><span class='ocrx_word' id='word_1_339' title='bbox 236 2629 327 2683; x_wconf 80' lang='grc' dir='ltr'>οὐκ</span> <span class='ocrx_word' id='word_1_340' title='bbox 356 2627 501 2684; x_wconf 79' lang='grc' dir='ltr'>οἶδεν</span> <span class='ocrx_word' id='word_1_341' title='bbox 545 2631 573 2683; x_wconf 92' lang='lat'>6</span> <span class='ocrx_word' id='word_1_342' title='bbox 618 2631 750 2693; x_wconf 85' lang='grc' dir='ltr'>Θεὸς</span> <span class='ocrx_word' id='word_1_343' title='bbox 801 2633 936 2685; x_wconf 79' lang='grc' dir='ltr'>κατὰ</span> <span class='ocrx_word' id='word_1_344' title='bbox 981 2628 1228 2706; x_wconf 76' lang='grc' dir='ltr'>στέρησιν</span> <span class='ocrx_word' id='word_1_345' title='bbox 1275 2634 1336 2686; x_wconf 91' lang='grc' dir='ltr'>τὸ</span> <span class='ocrx_word' id='word_1_346' title='bbox 1396 2633 1471 2704; x_wconf 80' lang='grc' dir='ltr'>μὴ</span> <span class='ocrx_word' id='word_1_347' title='bbox 1519 2629 1737 2703; x_wconf 82' lang='grc' dir='ltr'>εἰδέναι,</span> <span class='ocrx_word' id='word_1_348' title='bbox 1770 2633 1885 2685; x_wconf 84' lang='grc' dir='ltr'>οἷον</span> 
     </span>
    </p>
   </div>
   <div class='ocr_carea' id='block_1_44' title="bbox 234 2718 1881 2793">
    <p class='ocr_par' dir='ltr' id='par_1_44' title="bbox 234 2718 1881 2793">
     <span class='ocr_line' id='line_1_45' title="bbox 234 2718 1881 2793; baseline 0.001 -20"><span class='ocrx_word' id='word_1_349' title='bbox 234 2718 293 2773; x_wconf 77' lang='grc' dir='ltr'>οὐ</span> <span class='ocrx_word' id='word_1_350' title='bbox 338 2719 663 2793; x_wconf 84' lang='grc' dir='ltr'>πεπείραται</span> <span class='ocrx_word' id='word_1_351' title='bbox 719 2722 745 2774; x_wconf 94' lang='lat'>6</span> <span class='ocrx_word' id='word_1_352' title='bbox 806 2721 958 2782; x_wconf 72' lang='grc' dir='ltr'>Θεόςο</span> <span class='ocrx_word' id='word_1_353' title='bbox 1019 2721 1047 2774; x_wconf 84' lang='lat'>6&#39;</span> <span class='ocrx_word' id='word_1_354' title='bbox 1106 2720 1271 2789; x_wconf 82' lang='grc' dir='ltr'>ἐστιν,</span> <span class='ocrx_word' id='word_1_355' title='bbox 1333 2721 1431 2775; x_wconf 76' lang='grc' dir='ltr'>οὐκ</span> <span class='ocrx_word' id='word_1_356' title='bbox 1479 2718 1590 2775; x_wconf 58' lang='grc' dir='ltr'>οῗδε</span> <span class='ocrx_word' id='word_1_357' title='bbox 1637 2720 1687 2775; x_wconf 85' lang='grc' dir='ltr'>τί</span> <span class='ocrx_word' id='word_1_358' title='bbox 1740 2720 1881 2775; x_wconf 85' lang='grc' dir='ltr'>ἐστιν</span> 
     </span>
    </p>
   </div>
   <div class='ocr_carea' id='block_1_45' title="bbox 234 2806 1881 2885">
    <p class='ocr_par' dir='ltr' id='par_1_45' title="bbox 234 2806 1881 2885">
     <span class='ocr_line' id='line_1_46' title="bbox 234 2806 1881 2885; baseline 0.001 -24"><span class='ocrx_word' id='word_1_359' title='bbox 234 2808 359 2862; x_wconf 72' lang='grc' dir='ltr'>αὐτὸ</span> <span class='ocrx_word' id='word_1_360' title='bbox 388 2808 453 2861; x_wconf 90' lang='grc' dir='ltr'>τὸ</span> <span class='ocrx_word' id='word_1_361' title='bbox 501 2808 577 2880; x_wconf 83' lang='grc' dir='ltr'>μή</span> <span class='ocrx_word' id='word_1_362' title='bbox 628 2806 848 2881; x_wconf 83' lang='grc' dir='ltr'>εἰδέναι,</span> <span class='ocrx_word' id='word_1_363' title='bbox 879 2807 1005 2876; x_wconf 77' lang='grc' dir='ltr'>ἤτοι</span> <span class='ocrx_word' id='word_1_364' title='bbox 1056 2810 1263 2885; x_wconf 82' lang='grc' dir='ltr'>ἀγνοεῖν</span> <span class='ocrx_word' id='word_1_365' title='bbox 1309 2832 1381 2866; x_wconf 89' lang='grc' dir='ltr'>τι.</span> <span class='ocrx_word' id='word_1_366' title='bbox 1435 2811 1582 2866; x_wconf 84' lang='grc' dir='ltr'>Κατά</span> <span class='ocrx_word' id='word_1_367' title='bbox 1634 2810 1881 2883; x_wconf 89' lang='grc' dir='ltr'>στέρησιν</span> 
     </span>
    </p>
   </div>
   <div class='ocr_carea' id='block_1_46' title="bbox 237 2894 1885 2975">
    <p class='ocr_par' dir='ltr' id='par_1_46' title="bbox 237 2894 1885 2975">
     <span class='ocr_line' id='line_1_47' title="bbox 237 2894 1885 2975; baseline 0.001 -25"><span class='ocrx_word' id='word_1_368' title='bbox 237 2894 291 2951; x_wconf 75' lang='grc' dir='ltr'>δὲ</span> <span class='ocrx_word' id='word_1_369' title='bbox 322 2896 424 2951; x_wconf 81' lang='grc' dir='ltr'>οὐκ</span> <span class='ocrx_word' id='word_1_370' title='bbox 475 2894 589 2951; x_wconf 75' lang='grc' dir='ltr'>οἶδε</span> <span class='ocrx_word' id='word_1_371' title='bbox 634 2898 695 2951; x_wconf 89' lang='grc' dir='ltr'>τὸ</span> <span class='ocrx_word' id='word_1_372' title='bbox 740 2898 973 2971; x_wconf 82' lang='grc' dir='ltr'>ἀγνοεῖν·</span> <span class='ocrx_word' id='word_1_373' title='bbox 1008 2900 1255 2975; x_wconf 87' lang='grc' dir='ltr'>στέρησις</span> <span class='ocrx_word' id='word_1_374' title='bbox 1284 2900 1384 2975; x_wconf 84' lang='grc' dir='ltr'>γάρ</span> <span class='ocrx_word' id='word_1_375' title='bbox 1432 2899 1572 2953; x_wconf 83' lang='grc' dir='ltr'>ἐστιν</span> <span class='ocrx_word' id='word_1_376' title='bbox 1603 2902 1637 2967; x_wconf 84' lang='grc' dir='ltr'><strong>ἡ</strong></span> <span class='ocrx_word' id='word_1_377' title='bbox 1672 2897 1885 2973; x_wconf 79' lang='grc' dir='ltr'>ἄγνοια,</span> 
     </span>
    </p>
   </div>
   <div class='ocr_carea' id='block_1_47' title="bbox 235 2982 1889 3063">
    <p class='ocr_par' dir='ltr' id='par_1_47' title="bbox 235 2982 1889 3063">
     <span class='ocr_line' id='line_1_48' title="bbox 235 2982 1889 3063; baseline -0.008 -11"><span class='ocrx_word' id='word_1_378' title='bbox 235 2984 340 3060; x_wconf 66' lang='grc' dir='ltr'>οὐχ</span> <span class='ocrx_word' id='word_1_379' title='bbox 371 2987 693 3057; x_wconf 71' lang='grc' dir='ltr'>ὗπόστασις,</span> <span class='ocrx_word' id='word_1_380' title='bbox 726 2985 853 3041; x_wconf 84' lang='grc' dir='ltr'>ἀλλ’</span> <span class='ocrx_word' id='word_1_381' title='bbox 886 2982 1073 3060; x_wconf 77' lang='grc' dir='ltr'>ἔξωθεν</span> <span class='ocrx_word' id='word_1_382' title='bbox 1114 2991 1211 3056; x_wconf 72' lang='grc' dir='ltr'>τῆς</span> <span class='ocrx_word' id='word_1_383' title='bbox 1263 2988 1465 3056; x_wconf 79' lang='grc' dir='ltr'>οὐσίας,</span> <span class='ocrx_word' id='word_1_384' title='bbox 1507 2989 1631 3063; x_wconf 85' lang='grc' dir='ltr'>περὶ</span> <span class='ocrx_word' id='word_1_385' title='bbox 1660 2990 1719 3057; x_wconf 82' lang='grc' dir='ltr'>ἢν</span> <span class='ocrx_word' id='word_1_386' title='bbox 1755 3009 1889 3061; x_wconf 86' lang='grc' dir='ltr'>συμ-</span> 
     </span>
    </p>
   </div>
   <div class='ocr_carea' id='block_1_48' title="bbox 234 3070 1885 3153">
    <p class='ocr_par' dir='ltr' id='par_1_48' title="bbox 234 3070 1885 3153">
     <span class='ocr_line' id='line_1_49' title="bbox 234 3070 1885 3153; baseline 0.002 -25"><span class='ocrx_word' id='word_1_387' title='bbox 234 3070 403 3129; x_wconf 73' lang='grc' dir='ltr'>ϐαίνει</span> <span class='ocrx_word' id='word_1_388' title='bbox 435 3077 472 3145; x_wconf 83' lang='grc' dir='ltr'>ἡ</span> <span class='ocrx_word' id='word_1_389' title='bbox 508 3074 776 3149; x_wconf 76' lang='grc' dir='ltr'>στέρησιςο</span> <span class='ocrx_word' id='word_1_390' title='bbox 811 3071 1059 3151; x_wconf 76' lang='grc' dir='ltr'>ἔλλειψις</span> <span class='ocrx_word' id='word_1_391' title='bbox 1108 3078 1208 3153; x_wconf 86' lang='grc' dir='ltr'>γάρ</span> <span class='ocrx_word' id='word_1_392' title='bbox 1259 3077 1367 3131; x_wconf 81' lang='grc' dir='ltr'>ἐστι</span> <span class='ocrx_word' id='word_1_393' title='bbox 1414 3082 1508 3131; x_wconf 80' lang='grc' dir='ltr'>τοῦ</span> <span class='ocrx_word' id='word_1_394' title='bbox 1564 3077 1885 3151; x_wconf 80' lang='grc' dir='ltr'>ὀφειλοντος</span> 
     </span>
    </p>
   </div>
   <div class='ocr_carea' id='block_1_49' title="bbox 233 3164 1885 3241">
    <p class='ocr_par' dir='ltr' id='par_1_49' title="bbox 233 3164 1885 3241">
     <span class='ocr_line' id='line_1_50' title="bbox 233 3164 1885 3241; baseline 0.001 -22"><span class='ocrx_word' id='word_1_395' title='bbox 233 3170 505 3238; x_wconf 83' lang='grc' dir='ltr'>παρεῖναι.</span> <span class='ocrx_word' id='word_1_396' title='bbox 560 3164 765 3220; x_wconf 70' lang='grc' dir='ltr'>Οὐκοῦν</span> <span class='ocrx_word' id='word_1_397' title='bbox 822 3164 1099 3241; x_wconf 80' lang='grc' dir='ltr'>ἐστέρηται</span> <span class='ocrx_word' id='word_1_398' title='bbox 1134 3168 1161 3220; x_wconf 91' lang='lat'>6</span> <span class='ocrx_word' id='word_1_399' title='bbox 1205 3168 1331 3228; x_wconf 86' lang='grc' dir='ltr'>Θεὸς</span> <span class='ocrx_word' id='word_1_400' title='bbox 1373 3171 1472 3220; x_wconf 72' lang='grc' dir='ltr'>τοῦ</span> <span class='ocrx_word' id='word_1_401' title='bbox 1524 3168 1755 3238; x_wconf 83' lang='grc' dir='ltr'>ἀγνοεῖν,</span> <span class='ocrx_word' id='word_1_402' title='bbox 1795 3167 1885 3220; x_wconf 84' lang='grc' dir='ltr'>καὶ</span> 
     </span>
    </p>
   </div>
   <div class='ocr_carea' id='block_1_50' title="bbox 236 3234 1958 3329">
    <p class='ocr_par' dir='ltr' id='par_1_50' title="bbox 236 3234 1958 3329">
     <span class='ocr_line' id='line_1_51' title="bbox 236 3234 1958 3329; baseline 0.001 -22"><span class='ocrx_word' id='word_1_403' title='bbox 236 3250 497 3307; x_wconf 75' lang='grc' dir='ltr'>οὐδέποτε</span> <span class='ocrx_word' id='word_1_404' title='bbox 528 3251 641 3307; x_wconf 79' lang='grc' dir='ltr'>οἶδε</span> <span class='ocrx_word' id='word_1_405' title='bbox 669 3254 730 3307; x_wconf 89' lang='grc' dir='ltr'>τὸ</span> <span class='ocrx_word' id='word_1_406' title='bbox 766 3255 840 3325; x_wconf 80' lang='grc' dir='ltr'>μή</span> <span class='ocrx_word' id='word_1_407' title='bbox 892 3252 1111 3308; x_wconf 77' lang='grc' dir='ltr'>εἰδέναι·</span> <span class='ocrx_word' id='word_1_408' title='bbox 1142 3254 1190 3308; x_wconf 86' lang='grc' dir='ltr'>εἷ’</span> <span class='ocrx_word' id='word_1_409' title='bbox 1215 3256 1315 3329; x_wconf 73' lang='grc' dir='ltr'>γὰρ</span> <span class='ocrx_word' id='word_1_410' title='bbox 1356 3257 1430 3326; x_wconf 80' lang='grc' dir='ltr'>μὴ</span> <span class='ocrx_word' id='word_1_411' title='bbox 1466 3257 1601 3310; x_wconf 76' lang='grc' dir='ltr'>κατὰ</span> <span class='ocrx_word' id='word_1_412' title='bbox 1640 3256 1887 3329; x_wconf 86' lang='grc' dir='ltr'>στέρησιν</span> <span class='ocrx_word' id='word_1_413' title='bbox 1917 3234 1958 3301; x_wconf 79' lang='lat' dir='ltr'>C</span> 
     </span>
    </p>
   </div>
   <div class='ocr_carea' id='block_1_51' title="bbox 238 3340 1884 3418">
    <p class='ocr_par' dir='ltr' id='par_1_51' title="bbox 238 3340 1884 3418">
     <span class='ocr_line' id='line_1_52' title="bbox 238 3340 1884 3418; baseline 0.001 -23"><span class='ocrx_word' id='word_1_414' title='bbox 238 3340 484 3413; x_wconf 80' lang='grc' dir='ltr'>εἴποιμεν</span> <span class='ocrx_word' id='word_1_415' title='bbox 517 3343 594 3413; x_wconf 74' lang='grc' dir='ltr'>μὴ</span> <span class='ocrx_word' id='word_1_416' title='bbox 644 3340 842 3396; x_wconf 83' lang='grc' dir='ltr'>εἰδέναι</span> <span class='ocrx_word' id='word_1_417' title='bbox 888 3346 980 3397; x_wconf 85' lang='grc' dir='ltr'>τὸν</span> <span class='ocrx_word' id='word_1_418' title='bbox 1032 3343 1160 3398; x_wconf 85' lang='grc' dir='ltr'>Θεὸν</span> <span class='ocrx_word' id='word_1_419' title='bbox 1200 3344 1299 3412; x_wconf 81' lang='grc' dir='ltr'>τήν</span> <span class='ocrx_word' id='word_1_420' title='bbox 1354 3342 1594 3417; x_wconf 70' lang='grc' dir='ltr'>ἄγνοιαν,</span> <span class='ocrx_word' id='word_1_421' title='bbox 1644 3345 1884 3418; x_wconf 80' lang='grc' dir='ltr'>εὑρίσκε-</span> 
     </span>
    </p>
   </div>
   <div class='ocr_carea' id='block_1_52' title="bbox 235 3430 1885 3505">
    <p class='ocr_par' dir='ltr' id='par_1_52' title="bbox 235 3430 1885 3505">
     <span class='ocr_line' id='line_1_53' title="bbox 235 3430 1885 3505; baseline 0.001 -20"><span class='ocrx_word' id='word_1_422' title='bbox 235 3451 319 3485; x_wconf 89' lang='grc' dir='ltr'>ται</span> <span class='ocrx_word' id='word_1_423' title='bbox 348 3438 448 3499; x_wconf 78' lang='grc' dir='ltr'>τῆς</span> <span class='ocrx_word' id='word_1_424' title='bbox 482 3430 662 3493; x_wconf 75' lang='grc' dir='ltr'>οὐσίας</span> <span class='ocrx_word' id='word_1_425' title='bbox 718 3431 881 3486; x_wconf 73' lang='grc' dir='ltr'>αὐτοῦ</span> <span class='ocrx_word' id='word_1_426' title='bbox 928 3432 991 3486; x_wconf 89' lang='grc' dir='ltr'>τὸ</span> <span class='ocrx_word' id='word_1_427' title='bbox 1045 3434 1118 3505; x_wconf 84' lang='grc' dir='ltr'>μὴ</span> <span class='ocrx_word' id='word_1_428' title='bbox 1173 3431 1388 3487; x_wconf 73' lang='grc' dir='ltr'>εἰδέναι¹</span> <span class='ocrx_word' id='word_1_429' title='bbox 1421 3436 1508 3488; x_wconf 77' lang='grc' dir='ltr'>καὶ</span> <span class='ocrx_word' id='word_1_430' title='bbox 1560 3434 1628 3502; x_wconf 78' lang='grc' dir='ltr'>ἦν</span> <span class='ocrx_word' id='word_1_431' title='bbox 1680 3432 1737 3488; x_wconf 84' lang='grc' dir='ltr'>ἂν</span> <span class='ocrx_word' id='word_1_432' title='bbox 1790 3434 1885 3487; x_wconf 69' lang='lat'>0&#39;3-</span> 
     </span>
    </p>
   </div>
   <div class='ocr_carea' id='block_1_53' title="bbox 238 3518 1885 3596">
    <p class='ocr_par' dir='ltr' id='par_1_53' title="bbox 238 3518 1885 3596">
     <span class='ocr_line' id='line_1_54' title="bbox 238 3518 1885 3596; baseline 0.002 -23"><span class='ocrx_word' id='word_1_433' title='bbox 238 3518 444 3587; x_wconf 79' lang='grc' dir='ltr'>σιώδης</span> <span class='ocrx_word' id='word_1_434' title='bbox 473 3519 638 3574; x_wconf 75' lang='grc' dir='ltr'>αὐτοῦ</span> <span class='ocrx_word' id='word_1_435' title='bbox 667 3523 701 3590; x_wconf 82' lang='grc' dir='ltr'>ἠ</span> <span class='ocrx_word' id='word_1_436' title='bbox 736 3518 950 3596; x_wconf 80' lang='grc' dir='ltr'>ἄγνοια,</span> <span class='ocrx_word' id='word_1_437' title='bbox 982 3523 1071 3576; x_wconf 84' lang='grc' dir='ltr'>καὶ</span> <span class='ocrx_word' id='word_1_438' title='bbox 1122 3522 1423 3596; x_wconf 81' lang='grc' dir='ltr'>εὑρίσκεται</span> <span class='ocrx_word' id='word_1_439' title='bbox 1457 3525 1483 3578; x_wconf 87' lang='grc' dir='ltr'>ὁ</span> <span class='ocrx_word' id='word_1_440' title='bbox 1514 3525 1641 3585; x_wconf 87' lang='grc' dir='ltr'>Θεὸς</span> <span class='ocrx_word' id='word_1_441' title='bbox 1672 3522 1885 3584; x_wconf 73' lang='grc' dir='ltr'>σκότος·</span> 
     </span>
    </p>
   </div>
   <div class='ocr_carea' id='block_1_54' title="bbox 238 3607 1888 3685">
    <p class='ocr_par' dir='ltr' id='par_1_54' title="bbox 238 3607 1888 3685">
     <span class='ocr_line' id='line_1_55' title="bbox 238 3607 1888 3685; baseline 0.001 -22"><span class='ocrx_word' id='word_1_442' title='bbox 238 3611 271 3678; x_wconf 80' lang='grc' dir='ltr'>ἡ</span> <span class='ocrx_word' id='word_1_443' title='bbox 318 3610 419 3683; x_wconf 70' lang='grc' dir='ltr'>γὰρ</span> <span class='ocrx_word' id='word_1_444' title='bbox 467 3607 658 3684; x_wconf 79' lang='grc' dir='ltr'>ἄγνοια</span> <span class='ocrx_word' id='word_1_445' title='bbox 706 3610 895 3672; x_wconf 86' lang='grc' dir='ltr'>σκότος</span> <span class='ocrx_word' id='word_1_446' title='bbox 942 3609 1110 3665; x_wconf 74' lang='grc' dir='ltr'>ἐστίν’</span> <span class='ocrx_word' id='word_1_447' title='bbox 1162 3610 1335 3675; x_wconf 78' lang='grc' dir='ltr'>οὕτως</span> <span class='ocrx_word' id='word_1_448' title='bbox 1390 3610 1619 3685; x_wconf 78' lang='grc' dir='ltr'>ὑψηλῶς</span> <span class='ocrx_word' id='word_1_449' title='bbox 1676 3614 1888 3681; x_wconf 77' lang='grc' dir='ltr'>νοήσεις</span> 
     </span>
    </p>
   </div>
   <div class='ocr_carea' id='block_1_55' title="bbox 238 3696 1886 3773">
    <p class='ocr_par' dir='ltr' id='par_1_55' title="bbox 238 3696 1886 3773">
     <span class='ocr_line' id='line_1_56' title="bbox 238 3696 1886 3773; baseline 0.002 -22"><span class='ocrx_word' id='word_1_450' title='bbox 238 3698 437 3769; x_wconf 78' lang='grc' dir='ltr'>καὶτὸ,</span> <span class='ocrx_word' id='word_1_451' title='bbox 496 3696 784 3755; x_wconf 83' lang='grc' dir='ltr'>Ἀδύνατον</span> <span class='ocrx_word' id='word_1_452' title='bbox 838 3699 1130 3773; x_wconf 76' lang='grc' dir='ltr'>ψεύσασθαι</span> <span class='ocrx_word' id='word_1_453' title='bbox 1162 3702 1313 3756; x_wconf 89' lang='grc' dir='ltr'>Θεόν·</span> <span class='ocrx_word' id='word_1_454' title='bbox 1347 3701 1435 3755; x_wconf 81' lang='grc' dir='ltr'>καὶ</span> <span class='ocrx_word' id='word_1_455' title='bbox 1488 3702 1571 3770; x_wconf 90' lang='grc' dir='ltr'>τὸ,</span> <span class='ocrx_word' id='word_1_456' title='bbox 1616 3700 1692 3757; x_wconf 82' lang='grc' dir='ltr'>Οὐ</span> <span class='ocrx_word' id='word_1_457' title='bbox 1725 3699 1886 3754; x_wconf 78' lang='grc' dir='ltr'>δύνα-</span> 
     </span>
    </p>
   </div>
   <div class='ocr_carea' id='block_1_56' title="bbox 236 3786 1891 3866">
    <p class='ocr_par' dir='ltr' id='par_1_56' title="bbox 236 3786 1891 3866">
     <span class='ocr_line' id='line_1_57' title="bbox 236 3786 1891 3866; baseline 0.001 -25"><span class='ocrx_word' id='word_1_458' title='bbox 236 3809 319 3841; x_wconf 87' lang='grc' dir='ltr'>ται</span> <span class='ocrx_word' id='word_1_459' title='bbox 352 3794 533 3841; x_wconf 86' lang='grc' dir='ltr'>ποιεῖν</span> <span class='ocrx_word' id='word_1_460' title='bbox 569 3789 596 3841; x_wconf 88' lang='lat'>6</span> <span class='ocrx_word' id='word_1_461' title='bbox 640 3790 761 3851; x_wconf 80' lang='grc' dir='ltr'>Υἱὸς</span> <span class='ocrx_word' id='word_1_462' title='bbox 814 3786 965 3843; x_wconf 68' lang='grc' dir='ltr'>οὐδὲν</span> <span class='ocrx_word' id='word_1_463' title='bbox 1021 3789 1109 3866; x_wconf 78' lang='grc' dir='ltr'>ἀφ’</span> <span class='ocrx_word' id='word_1_464' title='bbox 1140 3792 1351 3857; x_wconf 74' lang='grc' dir='ltr'>ἑαυτοῦ,</span> <span class='ocrx_word' id='word_1_465' title='bbox 1398 3788 1484 3843; x_wconf 75' lang='grc' dir='ltr'>ἐὰν</span> <span class='ocrx_word' id='word_1_466' title='bbox 1540 3792 1612 3862; x_wconf 85' lang='grc' dir='ltr'>μή</span> <span class='ocrx_word' id='word_1_467' title='bbox 1663 3811 1715 3843; x_wconf 88' lang='grc' dir='ltr'>τι</span> <span class='ocrx_word' id='word_1_468' title='bbox 1769 3788 1891 3863; x_wconf 86' lang='grc' dir='ltr'>βλέ-</span> 
     </span>
    </p>
   </div>
   <div class='ocr_carea' id='block_1_57' title="bbox 238 3878 1888 3952">
    <p class='ocr_par' dir='ltr' id='par_1_57' title="bbox 238 3878 1888 3952">
     <span class='ocr_line' id='line_1_58' title="bbox 238 3878 1888 3952; baseline 0.001 -21"><span class='ocrx_word' id='word_1_469' title='bbox 238 3898 310 3951; x_wconf 78' lang='grc' dir='ltr'>πῃ</span> <span class='ocrx_word' id='word_1_470' title='bbox 342 3878 436 3931; x_wconf 87' lang='grc' dir='ltr'>τὸν</span> <span class='ocrx_word' id='word_1_471' title='bbox 483 3879 697 3951; x_wconf 82' lang='grc' dir='ltr'>Πατέρα</span> <span class='ocrx_word' id='word_1_472' title='bbox 740 3882 1021 3933; x_wconf 75' lang='grc' dir='ltr'>ποιοῦντα·</span> <span class='ocrx_word' id='word_1_473' title='bbox 1074 3878 1205 3952; x_wconf 80' lang='grc' dir='ltr'>ὅπερ</span> <span class='ocrx_word' id='word_1_474' title='bbox 1263 3878 1452 3951; x_wconf 78' lang='grc' dir='ltr'>ὅμοιόν</span> <span class='ocrx_word' id='word_1_475' title='bbox 1513 3879 1623 3932; x_wconf 85' lang='grc' dir='ltr'>ἐστι</span> <span class='ocrx_word' id='word_1_476' title='bbox 1677 3884 1756 3951; x_wconf 79' lang='grc' dir='ltr'>τῷ</span> <span class='ocrx_word' id='word_1_477' title='bbox 1813 3878 1888 3933; x_wconf 79' lang='grc' dir='ltr'>εἷ-</span> 
     </span>
    </p>
   </div>
   <div class='ocr_carea' id='block_1_58' title="bbox 238 3964 1889 4043">
    <p class='ocr_par' dir='ltr' id='par_1_58' title="bbox 238 3964 1889 4043">
     <span class='ocr_line' id='line_1_59' title="bbox 238 3964 1889 4043; baseline 0.002 -24"><span class='ocrx_word' id='word_1_478' title='bbox 238 3972 378 4019; x_wconf 82' lang='grc' dir='ltr'>πεῖν’</span> <span class='ocrx_word' id='word_1_479' title='bbox 442 3966 761 4040; x_wconf 81' lang='grc' dir='ltr'>Ἀμήχανόν</span> <span class='ocrx_word' id='word_1_480' title='bbox 822 3967 963 4022; x_wconf 80' lang='grc' dir='ltr'>ἐστιν</span> <span class='ocrx_word' id='word_1_481' title='bbox 1022 3964 1178 4043; x_wconf 73' lang='grc' dir='ltr'>ἕτερα</span> <span class='ocrx_word' id='word_1_482' title='bbox 1241 3967 1582 4043; x_wconf 85' lang='grc' dir='ltr'>βουλομένου</span> <span class='ocrx_word' id='word_1_483' title='bbox 1638 3972 1733 4022; x_wconf 69' lang='grc' dir='ltr'>τοῦ</span> <span class='ocrx_word' id='word_1_484' title='bbox 1779 3970 1889 4024; x_wconf 74' lang='lat' dir='ltr'>Ilot-</span> 
     </span>
    </p>
   </div>
   <div class='ocr_carea' id='block_1_59' title="bbox 237 4052 1891 4133">
    <p class='ocr_par' dir='ltr' id='par_1_59' title="bbox 237 4052 1891 4133">
     <span class='ocr_line' id='line_1_60' title="bbox 237 4052 1891 4133; baseline 0.004 -26"><span class='ocrx_word' id='word_1_485' title='bbox 237 4057 381 4130; x_wconf 86' lang='grc' dir='ltr'>τρὸς,</span> <span class='ocrx_word' id='word_1_486' title='bbox 426 4052 583 4130; x_wconf 75' lang='grc' dir='ltr'>ἕτερα</span> <span class='ocrx_word' id='word_1_487' title='bbox 636 4055 976 4131; x_wconf 79' lang='grc' dir='ltr'>βουληθῆναι</span> <span class='ocrx_word' id='word_1_488' title='bbox 1022 4058 1113 4110; x_wconf 85' lang='grc' dir='ltr'>τὸν</span> <span class='ocrx_word' id='word_1_489' title='bbox 1160 4056 1317 4112; x_wconf 76' lang='grc' dir='ltr'>Υἱὸν.</span> <span class='ocrx_word' id='word_1_490' title='bbox 1363 4060 1454 4112; x_wconf 87' lang='grc' dir='ltr'>Ἕν</span> <span class='ocrx_word' id='word_1_491' title='bbox 1513 4059 1612 4133; x_wconf 77' lang='grc' dir='ltr'>γαρ</span> <span class='ocrx_word' id='word_1_492' title='bbox 1673 4055 1891 4130; x_wconf 87' lang='grc' dir='ltr'>θέλημα</span> 
     </span>
    </p>
   </div>
   <div class='ocr_carea' id='block_1_60' title="bbox 237 4143 1882 4219">
    <p class='ocr_par' dir='ltr' id='par_1_60' title="bbox 237 4143 1882 4219">
     <span class='ocr_line' id='line_1_61' title="bbox 237 4143 1882 4219; baseline 0.002 -22"><span class='ocrx_word' id='word_1_493' title='bbox 237 4151 333 4213; x_wconf 78' lang='grc' dir='ltr'>τῆς</span> <span class='ocrx_word' id='word_1_494' title='bbox 368 4145 540 4217; x_wconf 73' lang='grc' dir='ltr'>μόνης</span> <span class='ocrx_word' id='word_1_495' title='bbox 594 4148 976 4219; x_wconf 81' lang='grc' dir='ltr'>προσκυνητῆς</span> <span class='ocrx_word' id='word_1_496' title='bbox 1008 4143 1239 4217; x_wconf 86' lang='grc' dir='ltr'>Τριάδος</span> <span class='ocrx_word' id='word_1_497' title='bbox 1289 4146 1425 4200; x_wconf 76' lang='grc' dir='ltr'>κατὰ</span> <span class='ocrx_word' id='word_1_498' title='bbox 1470 4148 1569 4215; x_wconf 78' lang='grc' dir='ltr'>τὴν</span> <span class='ocrx_word' id='word_1_499' title='bbox 1626 4146 1882 4216; x_wconf 77' lang='grc' dir='ltr'>θεότητα’</span> 
     </span>
    </p>
   </div>
   <div class='ocr_carea' id='block_1_61' title="bbox 238 4231 1890 4309">
    <p class='ocr_par' dir='ltr' id='par_1_61' title="bbox 238 4231 1890 4309">
     <span class='ocr_line' id='line_1_62' title="bbox 238 4231 1890 4309; baseline 0 -22"><span class='ocrx_word' id='word_1_500' title='bbox 238 4231 361 4289; x_wconf 77' lang='grc' dir='ltr'>οὐδὲ</span> <span class='ocrx_word' id='word_1_501' title='bbox 408 4235 512 4307; x_wconf 74' lang='grc' dir='ltr'>γὰρ</span> <span class='ocrx_word' id='word_1_502' title='bbox 566 4234 898 4309; x_wconf 77' lang='grc' dir='ltr'>ἀγνοοῦμεν,</span> <span class='ocrx_word' id='word_1_503' title='bbox 950 4234 1136 4308; x_wconf 79' lang='grc' dir='ltr'>ὅτιπερ</span> <span class='ocrx_word' id='word_1_504' title='bbox 1194 4235 1222 4288; x_wconf 88' lang='lat'>6</span> <span class='ocrx_word' id='word_1_505' title='bbox 1268 4236 1387 4296; x_wconf 76' lang='grc' dir='ltr'>Υἱὸς</span> <span class='ocrx_word' id='word_1_506' title='bbox 1434 4240 1529 4288; x_wconf 76' lang='grc' dir='ltr'>τοῦ</span> <span class='ocrx_word' id='word_1_507' title='bbox 1588 4239 1742 4301; x_wconf 79' lang='grc' dir='ltr'>Θεοῦ,</span> <span class='ocrx_word' id='word_1_508' title='bbox 1801 4235 1890 4290; x_wconf 81' lang='grc' dir='ltr'>καὶ</span> 
     </span>
    </p>
   </div>
   <div class='ocr_carea' id='block_1_62' title="bbox 236 4322 1892 4397">
    <p class='ocr_par' dir='ltr' id='par_1_62' title="bbox 236 4322 1892 4397">
     <span class='ocr_line' id='line_1_63' title="bbox 236 4322 1892 4397; baseline 0.001 -22"><span class='ocrx_word' id='word_1_509' title='bbox 236 4322 383 4390; x_wconf 86' lang='grc' dir='ltr'>Θεὸς,</span> <span class='ocrx_word' id='word_1_510' title='bbox 419 4322 449 4374; x_wconf 92' lang='lat'>6</span> <span class='ocrx_word' id='word_1_511' title='bbox 501 4322 575 4382; x_wconf 74' lang='grc' dir='ltr'>εἷς</span> <span class='ocrx_word' id='word_1_512' title='bbox 622 4328 719 4391; x_wconf 75' lang='grc' dir='ltr'>τῆς</span> <span class='ocrx_word' id='word_1_513' title='bbox 769 4325 1119 4394; x_wconf 84' lang='grc' dir='ltr'>πανυμνήτου</span> <span class='ocrx_word' id='word_1_514' title='bbox 1171 4323 1254 4376; x_wconf 70' lang='grc' dir='ltr'><strong>καῖ</strong></span> <span class='ocrx_word' id='word_1_515' title='bbox 1310 4323 1691 4397; x_wconf 84' lang='grc' dir='ltr'>παναχράντου</span> <span class='ocrx_word' id='word_1_516' title='bbox 1724 4322 1892 4397; x_wconf 86' lang='grc' dir='ltr'>Τριά-</span> 
     </span>
    </p>
   </div>
   <div class='ocr_carea' id='block_1_63' title="bbox 237 4406 1895 4487">
    <p class='ocr_par' dir='ltr' id='par_1_63' title="bbox 237 4406 1895 4487">
     <span class='ocr_line' id='line_1_64' title="bbox 237 4406 1895 4487; baseline 0.001 -23"><span class='ocrx_word' id='word_1_517' title='bbox 237 4408 332 4473; x_wconf 82' lang='grc' dir='ltr'>δος</span> <span class='ocrx_word' id='word_1_518' title='bbox 359 4406 655 4486; x_wconf 86' lang='grc' dir='ltr'>γενόμενος</span> <span class='ocrx_word' id='word_1_519' title='bbox 708 4409 1015 4485; x_wconf 78' lang='grc' dir='ltr'>ἅνθρωπος,</span> <span class='ocrx_word' id='word_1_520' title='bbox 1062 4406 1397 4483; x_wconf 71' lang='grc' dir='ltr'>προσέλαϐεν</span> <span class='ocrx_word' id='word_1_521' title='bbox 1442 4413 1779 4487; x_wconf 83' lang='grc' dir='ltr'>ἀνθρώπινον</span> <span class='ocrx_word' id='word_1_522' title='bbox 1815 4411 1895 4466; x_wconf 88' lang='grc' dir='ltr'>θέ-</span> 
     </span>
    </p>
   </div>
   <div class='ocr_carea' id='block_1_64' title="bbox 236 4498 1210 4575">
    <p class='ocr_par' dir='ltr' id='par_1_64' title="bbox 236 4498 1210 4575">
     <span class='ocr_line' id='line_1_65' title="bbox 236 4498 1210 4575; baseline 0.001 -22"><span class='ocrx_word' id='word_1_523' title='bbox 236 4498 392 4572; x_wconf 85' lang='grc' dir='ltr'>λημα</span> <span class='ocrx_word' id='word_1_524' title='bbox 425 4500 651 4575; x_wconf 79' lang='grc' dir='ltr'>φυσικὸν</span> <span class='ocrx_word' id='word_1_525' title='bbox 686 4499 776 4554; x_wconf 84' lang='grc' dir='ltr'>καὶ</span> <span class='ocrx_word' id='word_1_526' title='bbox 807 4500 1210 4575; x_wconf 78' lang='grc' dir='ltr'>ἀναμάρτητον.</span> 
     </span>
    </p>
   </div>
   <div class='ocr_carea' id='block_1_65' title="bbox 2002 1921 3650 1993">
    <p class='ocr_par' dir='ltr' id='par_1_65' title="bbox 2002 1921 3650 1993">
     <span class='ocr_line' id='line_1_66' title="bbox 2002 1921 3650 1993; baseline 0.002 -19"><span class='ocrx_word' id='word_1_527' title='bbox 2002 1921 2385 1992; x_wconf 85' lang='lat' dir='ltr'>privationem</span> <span class='ocrx_word' id='word_1_528' title='bbox 2412 1939 2531 1977; x_wconf 70' lang='lat' dir='ltr'>sua:</span> <span class='ocrx_word' id='word_1_529' title='bbox 2553 1922 2873 1978; x_wconf 83' lang='lat' dir='ltr'>existentiae</span> <span class='ocrx_word' id='word_1_530' title='bbox 2898 1923 3191 1993; x_wconf 84' lang='lat' dir='ltr'>progredi,</span> <span class='ocrx_word' id='word_1_531' title='bbox 3209 1923 3361 1993; x_wconf 92' lang='lat' dir='ltr'>quod</span> <span class='ocrx_word' id='word_1_532' title='bbox 3382 1940 3516 1978; x_wconf 89' lang='lat' dir='ltr'>cum</span> <span class='ocrx_word' id='word_1_533' title='bbox 3545 1923 3650 1978; x_wconf 89' lang='lat' dir='ltr'>im-</span> 
     </span>
    </p>
   </div>
   <div class='ocr_carea' id='block_1_66' title="bbox 2000 2011 3649 2083">
    <p class='ocr_par' dir='ltr' id='par_1_66' title="bbox 2000 2011 3649 2083">
     <span class='ocr_line' id='line_1_67' title="bbox 2000 2011 3649 2083; baseline 0.002 -19"><span class='ocrx_word' id='word_1_534' title='bbox 2000 2011 2386 2082; x_wconf 80' lang='lat' dir='ltr'>possibilitate</span> <span class='ocrx_word' id='word_1_535' title='bbox 2409 2013 2783 2082; x_wconf 83' lang='lat' dir='ltr'>conjunctam</span> <span class='ocrx_word' id='word_1_536' title='bbox 2807 2012 2982 2067; x_wconf 87' lang='lat' dir='ltr'>habet</span> <span class='ocrx_word' id='word_1_537' title='bbox 3007 2011 3466 2083; x_wconf 85' lang='lat' dir='ltr'>blasphemiam;</span> <span class='ocrx_word' id='word_1_538' title='bbox 3500 2028 3649 2083; x_wconf 88' lang='lat' dir='ltr'>quo-</span> 
     </span>
    </p>
   </div>
   <div class='ocr_carea' id='block_1_67' title="bbox 1999 2100 3648 2172">
    <p class='ocr_par' dir='ltr' id='par_1_67' title="bbox 1999 2100 3648 2172">
     <span class='ocr_line' id='line_1_68' title="bbox 1999 2100 3648 2172; baseline 0.002 -18"><span class='ocrx_word' id='word_1_539' title='bbox 1999 2102 2168 2156; x_wconf 91' lang='lat' dir='ltr'>modo</span> <span class='ocrx_word' id='word_1_540' title='bbox 2202 2100 2381 2171; x_wconf 84' lang='lat' dir='ltr'>igitur</span> <span class='ocrx_word' id='word_1_541' title='bbox 2411 2102 2657 2163; x_wconf 86' lang='lat' dir='ltr'>dicetur,</span> <span class='ocrx_word' id='word_1_542' title='bbox 2685 2102 2784 2172; x_wconf 87' lang='lat' dir='ltr'>qui</span> <span class='ocrx_word' id='word_1_543' title='bbox 2817 2106 2906 2156; x_wconf 88' lang='lat' dir='ltr'>est</span> <span class='ocrx_word' id='word_1_544' title='bbox 2937 2119 3049 2156; x_wconf 90' lang='lat' dir='ltr'>non</span> <span class='ocrx_word' id='word_1_545' title='bbox 3083 2100 3231 2156; x_wconf 87' lang='lat' dir='ltr'>erit?</span> <span class='ocrx_word' id='word_1_546' title='bbox 3260 2102 3461 2172; x_wconf 85' lang='lat' dir='ltr'>Itaque</span> <span class='ocrx_word' id='word_1_547' title='bbox 3492 2101 3648 2157; x_wconf 89' lang='lat' dir='ltr'>Deus</span> 
     </span>
    </p>
   </div>
   <div class='ocr_carea' id='block_1_68' title="bbox 1998 2189 3645 2263">
    <p class='ocr_par' dir='ltr' id='par_1_68' title="bbox 1998 2189 3645 2263">
     <span class='ocr_line' id='line_1_69' title="bbox 1998 2189 3645 2263; baseline 0.001 -20"><span class='ocrx_word' id='word_1_548' title='bbox 1998 2206 2111 2244; x_wconf 91' lang='lat' dir='ltr'>non</span> <span class='ocrx_word' id='word_1_549' title='bbox 2146 2194 2359 2260; x_wconf 85' lang='lat' dir='ltr'>potest,</span> <span class='ocrx_word' id='word_1_550' title='bbox 2392 2189 2449 2244; x_wconf 94' lang='lat' dir='ltr'>id</span> <span class='ocrx_word' id='word_1_551' title='bbox 2483 2196 2571 2245; x_wconf 89' lang='lat' dir='ltr'>est</span> <span class='ocrx_word' id='word_1_552' title='bbox 2614 2191 3029 2261; x_wconf 88' lang='lat' dir='ltr'>comprehendi</span> <span class='ocrx_word' id='word_1_553' title='bbox 3063 2190 3267 2262; x_wconf 89' lang='lat' dir='ltr'>nequit</span> <span class='ocrx_word' id='word_1_554' title='bbox 3296 2190 3493 2263; x_wconf 89' lang='lat' dir='ltr'>ipsum</span> <span class='ocrx_word' id='word_1_555' title='bbox 3528 2206 3645 2245; x_wconf 90' lang='lat' dir='ltr'>non</span> 
     </span>
    </p>
   </div>
   <div class='ocr_carea' id='block_1_69' title="bbox 1997 2279 3652 2351">
    <p class='ocr_par' dir='ltr' id='par_1_69' title="bbox 1997 2279 3652 2351">
     <span class='ocr_line' id='line_1_70' title="bbox 1997 2279 3652 2351; baseline 0.001 -18"><span class='ocrx_word' id='word_1_556' title='bbox 1997 2294 2145 2346; x_wconf 85' lang='lat' dir='ltr'>esse,</span> <span class='ocrx_word' id='word_1_557' title='bbox 2179 2296 2282 2333; x_wconf 89' lang='lat' dir='ltr'>seu</span> <span class='ocrx_word' id='word_1_558' title='bbox 2315 2280 2545 2335; x_wconf 89' lang='lat' dir='ltr'>admitti</span> <span class='ocrx_word' id='word_1_559' title='bbox 2580 2280 2778 2348; x_wconf 88' lang='lat' dir='ltr'>nequit</span> <span class='ocrx_word' id='word_1_560' title='bbox 2820 2279 3016 2351; x_wconf 89' lang='lat' dir='ltr'>ipsum</span> <span class='ocrx_word' id='word_1_561' title='bbox 3068 2297 3183 2335; x_wconf 91' lang='lat' dir='ltr'>non</span> <span class='ocrx_word' id='word_1_562' title='bbox 3234 2296 3391 2348; x_wconf 86' lang='lat' dir='ltr'>esse;</span> <span class='ocrx_word' id='word_1_563' title='bbox 3427 2295 3563 2350; x_wconf 90' lang='lat' dir='ltr'>ergo</span> <span class='ocrx_word' id='word_1_564' title='bbox 3592 2283 3652 2334; x_wconf 87' lang='lat' dir='ltr'>et</span> 
     </span>
    </p>
   </div>
   <div class='ocr_carea' id='block_1_70' title="bbox 2003 2368 3652 2438">
    <p class='ocr_par' dir='ltr' id='par_1_70' title="bbox 2003 2368 3652 2438">
     <span class='ocr_line' id='line_1_71' title="bbox 2003 2368 3652 2438; baseline 0.001 -17"><span class='ocrx_word' id='word_1_565' title='bbox 2003 2370 2178 2422; x_wconf 89' lang='lat' dir='ltr'>Deum</span> <span class='ocrx_word' id='word_1_566' title='bbox 2216 2385 2327 2422; x_wconf 91' lang='lat' dir='ltr'>non</span> <span class='ocrx_word' id='word_1_567' title='bbox 2357 2385 2547 2438; x_wconf 89' lang='lat' dir='ltr'>posse,</span> <span class='ocrx_word' id='word_1_568' title='bbox 2570 2368 2627 2422; x_wconf 93' lang='lat' dir='ltr'>id</span> <span class='ocrx_word' id='word_1_569' title='bbox 2653 2372 2741 2423; x_wconf 88' lang='lat' dir='ltr'>est</span> <span class='ocrx_word' id='word_1_570' title='bbox 2772 2368 3133 2423; x_wconf 87' lang='lat' dir='ltr'>imbecillum</span> <span class='ocrx_word' id='word_1_571' title='bbox 3157 2385 3285 2423; x_wconf 87' lang='lat' dir='ltr'>esse</span> <span class='ocrx_word' id='word_1_572' title='bbox 3317 2368 3526 2435; x_wconf 90' lang='lat' dir='ltr'>Deum,</span> <span class='ocrx_word' id='word_1_573' title='bbox 3552 2369 3652 2423; x_wconf 87' lang='lat' dir='ltr'>fie-</span> 
     </span>
    </p>
   </div>
   <div class='ocr_carea' id='block_1_71' title="bbox 1995 2456 3652 2528">
    <p class='ocr_par' dir='ltr' id='par_1_71' title="bbox 1995 2456 3652 2528">
     <span class='ocr_line' id='line_1_72' title="bbox 1995 2456 3652 2528; baseline 0.001 -18"><span class='ocrx_word' id='word_1_574' title='bbox 1995 2456 2045 2510; x_wconf 88' lang='lat' dir='ltr'>ri</span> <span class='ocrx_word' id='word_1_575' title='bbox 2076 2456 2309 2526; x_wconf 86' lang='lat' dir='ltr'>nequit;</span> <span class='ocrx_word' id='word_1_576' title='bbox 2345 2456 2499 2510; x_wconf 89' lang='lat' dir='ltr'>sicut</span> <span class='ocrx_word' id='word_1_577' title='bbox 2523 2456 2679 2511; x_wconf 91' lang='lat' dir='ltr'>enim</span> <span class='ocrx_word' id='word_1_578' title='bbox 2712 2457 2935 2525; x_wconf 90' lang='lat' dir='ltr'>lumen,</span> <span class='ocrx_word' id='word_1_579' title='bbox 2957 2463 3250 2528; x_wconf 85' lang='lat' dir='ltr'>quatenus</span> <span class='ocrx_word' id='word_1_580' title='bbox 3284 2457 3506 2523; x_wconf 89' lang='lat' dir='ltr'>lumen,</span> <span class='ocrx_word' id='word_1_581' title='bbox 3534 2474 3652 2512; x_wconf 89' lang='lat' dir='ltr'>non</span> 
     </span>
    </p>
   </div>
   <div class='ocr_carea' id='block_1_72' title="bbox 1996 2545 3653 2617">
    <p class='ocr_par' dir='ltr' id='par_1_72' title="bbox 1996 2545 3653 2617">
     <span class='ocr_line' id='line_1_73' title="bbox 1996 2545 3653 2617; baseline 0.001 -18"><span class='ocrx_word' id='word_1_582' title='bbox 1996 2550 2191 2616; x_wconf 89' lang='lat' dir='ltr'>potest</span> <span class='ocrx_word' id='word_1_583' title='bbox 2218 2562 2346 2601; x_wconf 78' lang='lat' dir='ltr'>esse</span> <span class='ocrx_word' id='word_1_584' title='bbox 2374 2545 2654 2613; x_wconf 71' lang='lat' dir='ltr'>tenebrae;</span> <span class='ocrx_word' id='word_1_585' title='bbox 2690 2546 2770 2601; x_wconf 89' lang='lat' dir='ltr'>ita</span> <span class='ocrx_word' id='word_1_586' title='bbox 2797 2547 2972 2601; x_wconf 90' lang='lat' dir='ltr'>etiam</span> <span class='ocrx_word' id='word_1_587' title='bbox 2997 2552 3052 2601; x_wconf 90' lang='lat' dir='ltr'>et</span> <span class='ocrx_word' id='word_1_588' title='bbox 3083 2546 3202 2600; x_wconf 65' lang='lat' dir='ltr'>haec</span> <span class='ocrx_word' id='word_1_589' title='bbox 3233 2546 3346 2601; x_wconf 91' lang='lat' dir='ltr'>Deo</span> <span class='ocrx_word' id='word_1_590' title='bbox 3378 2546 3653 2617; x_wconf 89' lang='lat' dir='ltr'>impossi-</span> 
     </span>
    </p>
   </div>
   <div class='ocr_carea' id='block_1_73' title="bbox 1999 2635 3651 2706">
    <p class='ocr_par' dir='ltr' id='par_1_73' title="bbox 1999 2635 3651 2706">
     <span class='ocr_line' id='line_1_74' title="bbox 1999 2635 3651 2706; baseline 0.001 -17"><span class='ocrx_word' id='word_1_591' title='bbox 1999 2635 2139 2689; x_wconf 89' lang='lat' dir='ltr'>bilia</span> <span class='ocrx_word' id='word_1_592' title='bbox 2188 2639 2428 2705; x_wconf 88' lang='lat' dir='ltr'>propter</span> <span class='ocrx_word' id='word_1_593' title='bbox 2476 2636 2749 2690; x_wconf 85' lang='lat' dir='ltr'>eximiam</span> <span class='ocrx_word' id='word_1_594' title='bbox 2784 2636 3111 2690; x_wconf 87' lang='lat' dir='ltr'>veritatem.</span> <span class='ocrx_word' id='word_1_595' title='bbox 3146 2635 3237 2691; x_wconf 87' lang='lat' dir='ltr'>Sic</span> <span class='ocrx_word' id='word_1_596' title='bbox 3287 2635 3468 2706; x_wconf 89' lang='lat' dir='ltr'>igitur</span> <span class='ocrx_word' id='word_1_597' title='bbox 3496 2635 3651 2690; x_wconf 88' lang='lat' dir='ltr'>Deus</span> 
     </span>
    </p>
   </div>
   <div class='ocr_carea' id='block_1_74' title="bbox 1998 2724 3655 2795">
    <p class='ocr_par' dir='ltr' id='par_1_74' title="bbox 1998 2724 3655 2795">
     <span class='ocr_line' id='line_1_75' title="bbox 1998 2724 3655 2795; baseline -0.001 -16"><span class='ocrx_word' id='word_1_598' title='bbox 1998 2741 2113 2779; x_wconf 89' lang='lat' dir='ltr'>non</span> <span class='ocrx_word' id='word_1_599' title='bbox 2167 2724 2329 2779; x_wconf 89' lang='lat' dir='ltr'>novit</span> <span class='ocrx_word' id='word_1_600' title='bbox 2378 2724 2703 2795; x_wconf 86' lang='lat' dir='ltr'>privatione</span> <span class='ocrx_word' id='word_1_601' title='bbox 2736 2726 2915 2795; x_wconf 76' lang='lat' dir='ltr'>ipsum</span> <span class='ocrx_word' id='word_1_602' title='bbox 2946 2741 3054 2779; x_wconf 84' lang='lat' dir='ltr'>non</span> <span class='ocrx_word' id='word_1_603' title='bbox 3084 2726 3227 2779; x_wconf 76' lang='lat' dir='ltr'>scire</span> <span class='ocrx_word' id='word_1_604' title='bbox 3282 2740 3384 2780; x_wconf 89' lang='lat' dir='ltr'>seu</span> <span class='ocrx_word' id='word_1_605' title='bbox 3432 2724 3655 2795; x_wconf 77' lang='lat' dir='ltr'>aliquid</span> 
     </span>
    </p>
   </div>
   <div class='ocr_carea' id='block_1_75' title="bbox 1997 2814 3651 2885">
    <p class='ocr_par' dir='ltr' id='par_1_75' title="bbox 1997 2814 3651 2885">
     <span class='ocr_line' id='line_1_76' title="bbox 1997 2814 3651 2885; baseline 0 -16"><span class='ocrx_word' id='word_1_606' title='bbox 1997 2816 2277 2885; x_wconf 76' lang='lat' dir='ltr'>ignorare,</span> <span class='ocrx_word' id='word_1_607' title='bbox 2293 2814 2793 2884; x_wconf 88' lang='lat' dir='ltr'>quemadmodum</span> <span class='ocrx_word' id='word_1_608' title='bbox 2814 2814 2967 2869; x_wconf 85' lang='lat' dir='ltr'>Deus</span> <span class='ocrx_word' id='word_1_609' title='bbox 2987 2814 3230 2868; x_wconf 89' lang='lat' dir='ltr'>minime</span> <span class='ocrx_word' id='word_1_610' title='bbox 3248 2818 3521 2884; x_wconf 87' lang='lat' dir='ltr'>expertus</span> <span class='ocrx_word' id='word_1_611' title='bbox 3538 2818 3651 2883; x_wconf 90' lang='lat' dir='ltr'>est,</span> 
     </span>
    </p>
   </div>
   <div class='ocr_carea' id='block_1_76' title="bbox 1997 2902 3650 2975">
    <p class='ocr_par' dir='ltr' id='par_1_76' title="bbox 1997 2902 3650 2975">
     <span class='ocr_line' id='line_1_77' title="bbox 1997 2902 3650 2975; baseline -0.001 -16"><span class='ocrx_word' id='word_1_612' title='bbox 1997 2905 2153 2975; x_wconf 90' lang='lat' dir='ltr'>quod</span> <span class='ocrx_word' id='word_1_613' title='bbox 2186 2912 2293 2970; x_wconf 85' lang='lat' dir='ltr'>est,</span> <span class='ocrx_word' id='word_1_614' title='bbox 2329 2920 2446 2959; x_wconf 90' lang='lat' dir='ltr'>non</span> <span class='ocrx_word' id='word_1_615' title='bbox 2481 2904 2641 2958; x_wconf 89' lang='lat' dir='ltr'>novit</span> <span class='ocrx_word' id='word_1_616' title='bbox 2671 2902 2808 2974; x_wconf 85' lang='lat' dir='ltr'>quid</span> <span class='ocrx_word' id='word_1_617' title='bbox 2844 2904 2921 2958; x_wconf 87' lang='lat' dir='ltr'>sit</span> <span class='ocrx_word' id='word_1_618' title='bbox 2960 2904 3155 2975; x_wconf 90' lang='lat' dir='ltr'>ipsum</span> <span class='ocrx_word' id='word_1_619' title='bbox 3200 2920 3314 2958; x_wconf 89' lang='lat' dir='ltr'>non</span> <span class='ocrx_word' id='word_1_620' title='bbox 3348 2903 3518 2968; x_wconf 91' lang='lat' dir='ltr'>scire,</span> <span class='ocrx_word' id='word_1_621' title='bbox 3544 2918 3650 2958; x_wconf 89' lang='lat' dir='ltr'>seu</span> 
     </span>
    </p>
   </div>
   <div class='ocr_carea' id='block_1_77' title="bbox 1997 2992 3647 3064">
    <p class='ocr_par' dir='ltr' id='par_1_77' title="bbox 1997 2992 3647 3064">
     <span class='ocr_line' id='line_1_78' title="bbox 1997 2992 3647 3064; baseline 0 -18"><span class='ocrx_word' id='word_1_622' title='bbox 1997 2993 2219 3064; x_wconf 88' lang='lat' dir='ltr'>aliquid</span> <span class='ocrx_word' id='word_1_623' title='bbox 2251 2993 2543 3064; x_wconf 90' lang='lat' dir='ltr'>ignorare.</span> <span class='ocrx_word' id='word_1_624' title='bbox 2581 2992 2908 3048; x_wconf 87' lang='lat' dir='ltr'>Privatione</span> <span class='ocrx_word' id='word_1_625' title='bbox 2939 3008 3071 3047; x_wconf 90' lang='lat' dir='ltr'>vero</span> <span class='ocrx_word' id='word_1_626' title='bbox 3102 2992 3292 3048; x_wconf 89' lang='lat' dir='ltr'>nescit</span> <span class='ocrx_word' id='word_1_627' title='bbox 3330 2992 3601 3063; x_wconf 84' lang='lat' dir='ltr'>ignorare</span> <span class='ocrx_word' id='word_1_628' title='bbox 3633 3007 3647 3046; x_wconf 88' lang='lat'><strong>:</strong></span> 
     </span>
    </p>
   </div>
   <div class='ocr_carea' id='block_1_78' title="bbox 1998 3080 3647 3153">
    <p class='ocr_par' dir='ltr' id='par_1_78' title="bbox 1998 3080 3647 3153">
     <span class='ocr_line' id='line_1_79' title="bbox 1998 3080 3647 3153; baseline 0 -18"><span class='ocrx_word' id='word_1_629' title='bbox 1998 3099 2131 3135; x_wconf 89' lang='lat' dir='ltr'>nam</span> <span class='ocrx_word' id='word_1_630' title='bbox 2167 3081 2409 3153; x_wconf 90' lang='lat' dir='ltr'>privatio</span> <span class='ocrx_word' id='word_1_631' title='bbox 2455 3086 2543 3136; x_wconf 90' lang='lat' dir='ltr'>est</span> <span class='ocrx_word' id='word_1_632' title='bbox 2590 3081 2904 3153; x_wconf 87' lang='lat' dir='ltr'>ignoratio,</span> <span class='ocrx_word' id='word_1_633' title='bbox 2942 3098 3052 3135; x_wconf 91' lang='lat' dir='ltr'>non</span> <span class='ocrx_word' id='word_1_634' title='bbox 3105 3080 3509 3146; x_wconf 86' lang='lat' dir='ltr'>subsistentia,</span> <span class='ocrx_word' id='word_1_635' title='bbox 3546 3082 3647 3135; x_wconf 89' lang='lat' dir='ltr'>sed</span> 
     </span>
    </p>
   </div>
   <div class='ocr_carea' id='block_1_79' title="bbox 1996 3169 3651 3242">
    <p class='ocr_par' dir='ltr' id='par_1_79' title="bbox 1996 3169 3651 3242">
     <span class='ocr_line' id='line_1_80' title="bbox 1996 3169 3651 3242; baseline -0.001 -16"><span class='ocrx_word' id='word_1_636' title='bbox 1996 3177 2159 3226; x_wconf 84' lang='lat' dir='ltr'>extra</span> <span class='ocrx_word' id='word_1_637' title='bbox 2199 3170 2512 3225; x_wconf 87' lang='lat' dir='ltr'>essentiam</span> <span class='ocrx_word' id='word_1_638' title='bbox 2565 3171 2719 3225; x_wconf 87' lang='lat' dir='ltr'>circa</span> <span class='ocrx_word' id='word_1_639' title='bbox 2767 3188 2944 3241; x_wconf 90' lang='lat' dir='ltr'>quam</span> <span class='ocrx_word' id='word_1_640' title='bbox 2996 3171 3209 3225; x_wconf 88' lang='lat' dir='ltr'>accidit</span> <span class='ocrx_word' id='word_1_641' title='bbox 3257 3169 3534 3242; x_wconf 85' lang='lat' dir='ltr'>privatio;</span> <span class='ocrx_word' id='word_1_642' title='bbox 3563 3173 3651 3224; x_wconf 91' lang='lat' dir='ltr'>est</span> 
     </span>
    </p>
   </div>
   <div class='ocr_carea' id='block_1_80' title="bbox 1999 3258 3653 3329">
    <p class='ocr_par' dir='ltr' id='par_1_80' title="bbox 1999 3258 3653 3329">
     <span class='ocr_line' id='line_1_81' title="bbox 1999 3258 3653 3329; baseline -0.001 -16"><span class='ocrx_word' id='word_1_643' title='bbox 1999 3260 2155 3313; x_wconf 88' lang='lat' dir='ltr'>enim</span> <span class='ocrx_word' id='word_1_644' title='bbox 2189 3258 2452 3313; x_wconf 86' lang='lat' dir='ltr'>defectus</span> <span class='ocrx_word' id='word_1_645' title='bbox 2492 3258 2620 3327; x_wconf 84' lang='lat' dir='ltr'>ejus</span> <span class='ocrx_word' id='word_1_646' title='bbox 2669 3259 2825 3328; x_wconf 91' lang='lat' dir='ltr'>quod</span> <span class='ocrx_word' id='word_1_647' title='bbox 2876 3259 3082 3313; x_wconf 89' lang='lat' dir='ltr'>adesse</span> <span class='ocrx_word' id='word_1_648' title='bbox 3114 3259 3416 3314; x_wconf 84' lang='lat' dir='ltr'>debuerat.</span> <span class='ocrx_word' id='word_1_649' title='bbox 3451 3260 3653 3329; x_wconf 82' lang='lat' dir='ltr'>itaque</span> 
     </span>
    </p>
   </div>
   <div class='ocr_carea' id='block_1_81' title="bbox 2002 3346 3653 3417">
    <p class='ocr_par' dir='ltr' id='par_1_81' title="bbox 2002 3346 3653 3417">
     <span class='ocr_line' id='line_1_82' title="bbox 2002 3346 3653 3417; baseline -0.001 -16"><span class='ocrx_word' id='word_1_650' title='bbox 2002 3352 2148 3401; x_wconf 88' lang='lat' dir='ltr'>Deus</span> <span class='ocrx_word' id='word_1_651' title='bbox 2184 3347 2444 3417; x_wconf 89' lang='lat' dir='ltr'>privatus</span> <span class='ocrx_word' id='word_1_652' title='bbox 2488 3353 2578 3401; x_wconf 90' lang='lat' dir='ltr'>est</span> <span class='ocrx_word' id='word_1_653' title='bbox 2622 3346 3011 3417; x_wconf 88' lang='lat' dir='ltr'>ignoratione,</span> <span class='ocrx_word' id='word_1_654' title='bbox 3046 3351 3101 3402; x_wconf 92' lang='lat' dir='ltr'>et</span> <span class='ocrx_word' id='word_1_655' title='bbox 3134 3362 3434 3416; x_wconf 87' lang='lat' dir='ltr'>nunquam</span> <span class='ocrx_word' id='word_1_656' title='bbox 3486 3346 3653 3400; x_wconf 88' lang='lat' dir='ltr'>scivit</span> 
     </span>
    </p>
   </div>
   <div class='ocr_carea' id='block_1_82' title="bbox 1999 3433 3651 3506">
    <p class='ocr_par' dir='ltr' id='par_1_82' title="bbox 1999 3433 3651 3506">
     <span class='ocr_line' id='line_1_83' title="bbox 1999 3433 3651 3506; baseline -0.001 -16"><span class='ocrx_word' id='word_1_657' title='bbox 1999 3436 2322 3501; x_wconf 88' lang='lat' dir='ltr'>inscitiam;</span> <span class='ocrx_word' id='word_1_658' title='bbox 2356 3437 2404 3490; x_wconf 90' lang='lat' dir='ltr'>si</span> <span class='ocrx_word' id='word_1_659' title='bbox 2436 3436 2591 3490; x_wconf 88' lang='lat' dir='ltr'>enim</span> <span class='ocrx_word' id='word_1_660' title='bbox 2626 3453 2738 3489; x_wconf 92' lang='lat' dir='ltr'>non</span> <span class='ocrx_word' id='word_1_661' title='bbox 2785 3452 2886 3505; x_wconf 91' lang='lat' dir='ltr'>per</span> <span class='ocrx_word' id='word_1_662' title='bbox 2917 3436 3297 3506; x_wconf 88' lang='lat' dir='ltr'>privationem</span> <span class='ocrx_word' id='word_1_663' title='bbox 3326 3433 3651 3488; x_wconf 86' lang='lat' dir='ltr'>dixerimus</span> 
     </span>
    </p>
   </div>
   <div class='ocr_carea' id='block_1_83' title="bbox 1997 3522 3653 3595">
    <p class='ocr_par' dir='ltr' id='par_1_83' title="bbox 1997 3522 3653 3595">
     <span class='ocr_line' id='line_1_84' title="bbox 1997 3522 3653 3595; baseline -0.003 -15"><span class='ocrx_word' id='word_1_664' title='bbox 1997 3527 2180 3580; x_wconf 90' lang='lat' dir='ltr'>Deum</span> <span class='ocrx_word' id='word_1_665' title='bbox 2214 3524 2439 3578; x_wconf 89' lang='lat' dir='ltr'>nescire</span> <span class='ocrx_word' id='word_1_666' title='bbox 2470 3524 2887 3595; x_wconf 87' lang='lat' dir='ltr'>ignorantiam,</span> <span class='ocrx_word' id='word_1_667' title='bbox 2923 3522 3221 3579; x_wconf 87' lang='lat' dir='ltr'>invenitur</span> <span class='ocrx_word' id='word_1_668' title='bbox 3258 3538 3387 3577; x_wconf 88' lang='lat' dir='ltr'>esse</span> <span class='ocrx_word' id='word_1_669' title='bbox 3418 3538 3487 3577; x_wconf 84' lang='lat' dir='ltr'>ex</span> <span class='ocrx_word' id='word_1_670' title='bbox 3522 3523 3653 3592; x_wconf 84' lang='lat' dir='ltr'>ejus</span> 
     </span>
    </p>
   </div>
   <div class='ocr_carea' id='block_1_84' title="bbox 1997 3609 3652 3681">
    <p class='ocr_par' dir='ltr' id='par_1_84' title="bbox 1997 3609 3652 3681">
     <span class='ocr_line' id='line_1_85' title="bbox 1997 3609 3652 3681; baseline -0.002 -11"><span class='ocrx_word' id='word_1_671' title='bbox 1997 3614 2253 3670; x_wconf 86' lang='lat' dir='ltr'>essentia</span> <span class='ocrx_word' id='word_1_672' title='bbox 2312 3613 2563 3680; x_wconf 86' lang='lat' dir='ltr'>nescire;</span> <span class='ocrx_word' id='word_1_673' title='bbox 2616 3618 2672 3667; x_wconf 91' lang='lat' dir='ltr'>et</span> <span class='ocrx_word' id='word_1_674' title='bbox 2729 3613 2775 3667; x_wconf 87' lang='lat' dir='ltr'>si</span> <span class='ocrx_word' id='word_1_675' title='bbox 2840 3612 3171 3668; x_wconf 82' lang='lat' dir='ltr'>essentialis</span> <span class='ocrx_word' id='word_1_676' title='bbox 3230 3611 3406 3667; x_wconf 75' lang='lat' dir='ltr'>fuerit</span> <span class='ocrx_word' id='word_1_677' title='bbox 3462 3609 3652 3681; x_wconf 76' lang='lat' dir='ltr'>ipsius</span> 
     </span>
    </p>
   </div>
   <div class='ocr_carea' id='block_1_85' title="bbox 1996 3699 3652 3777">
    <p class='ocr_par' dir='ltr' id='par_1_85' title="bbox 1996 3699 3652 3777">
     <span class='ocr_line' id='line_1_86' title="bbox 1996 3699 3652 3777; baseline -0.002 -19"><span class='ocrx_word' id='word_1_678' title='bbox 1996 3703 2306 3777; x_wconf 85' lang='lat' dir='ltr'>ignoratio,</span> <span class='ocrx_word' id='word_1_679' title='bbox 2336 3703 2506 3757; x_wconf 89' lang='lat' dir='ltr'>etiam</span> <span class='ocrx_word' id='word_1_680' title='bbox 2540 3703 2827 3774; x_wconf 90' lang='lat' dir='ltr'>reperitur</span> <span class='ocrx_word' id='word_1_681' title='bbox 2858 3702 3012 3757; x_wconf 90' lang='lat' dir='ltr'>Deus</span> <span class='ocrx_word' id='word_1_682' title='bbox 3049 3703 3331 3769; x_wconf 56' lang='lat' dir='ltr'>tenebrae;</span> <span class='ocrx_word' id='word_1_683' title='bbox 3360 3699 3652 3772; x_wconf 89' lang='lat' dir='ltr'>ignoratio</span> 
     </span>
    </p>
   </div>
   <div class='ocr_carea' id='block_1_86' title="bbox 1998 3789 3654 3859">
    <p class='ocr_par' dir='ltr' id='par_1_86' title="bbox 1998 3789 3654 3859">
     <span class='ocr_line' id='line_1_87' title="bbox 1998 3789 3654 3859; baseline -0.003 -11"><span class='ocrx_word' id='word_1_684' title='bbox 1998 3794 2153 3848; x_wconf 88' lang='lat' dir='ltr'>enim</span> <span class='ocrx_word' id='word_1_685' title='bbox 2187 3797 2277 3848; x_wconf 89' lang='lat' dir='ltr'>est</span> <span class='ocrx_word' id='word_1_686' title='bbox 2308 3792 2589 3859; x_wconf 61' lang='lat' dir='ltr'>tenebre;</span> <span class='ocrx_word' id='word_1_687' title='bbox 2626 3793 2707 3846; x_wconf 90' lang='lat' dir='ltr'>ita</span> <span class='ocrx_word' id='word_1_688' title='bbox 2740 3792 2913 3847; x_wconf 90' lang='lat' dir='ltr'>etiam</span> <span class='ocrx_word' id='word_1_689' title='bbox 2949 3791 3281 3847; x_wconf 87' lang='lat' dir='ltr'>sublimiori</span> <span class='ocrx_word' id='word_1_690' title='bbox 3313 3790 3539 3847; x_wconf 87' lang='lat' dir='ltr'>ratione</span> <span class='ocrx_word' id='word_1_691' title='bbox 3565 3789 3654 3843; x_wconf 88' lang='lat' dir='ltr'>in-</span> 
     </span>
    </p>
   </div>
   <div class='ocr_carea' id='block_1_87' title="bbox 1997 3878 3651 3953">
    <p class='ocr_par' dir='ltr' id='par_1_87' title="bbox 1997 3878 3651 3953">
     <span class='ocr_line' id='line_1_88' title="bbox 1997 3878 3651 3953; baseline -0.003 -16"><span class='ocrx_word' id='word_1_692' title='bbox 1997 3882 2225 3953; x_wconf 84' lang='lat' dir='ltr'>telliges</span> <span class='ocrx_word' id='word_1_693' title='bbox 2273 3880 2438 3945; x_wconf 90' lang='lat' dir='ltr'>illud,</span> <span class='ocrx_word' id='word_1_694' title='bbox 2478 3880 2843 3952; x_wconf 88' lang='lat' dir='ltr'>impossibile</span> <span class='ocrx_word' id='word_1_695' title='bbox 2895 3897 3029 3936; x_wconf 91' lang='lat' dir='ltr'>eum</span> <span class='ocrx_word' id='word_1_696' title='bbox 3083 3880 3298 3935; x_wconf 90' lang='lat' dir='ltr'>falsum</span> <span class='ocrx_word' id='word_1_697' title='bbox 3334 3879 3547 3934; x_wconf 87' lang='lat' dir='ltr'>dicere.</span> <span class='ocrx_word' id='word_1_698' title='bbox 3582 3878 3651 3932; x_wconf 88' lang='lat' dir='ltr'>Et</span> 
     </span>
    </p>
   </div>
   <div class='ocr_carea' id='block_1_88' title="bbox 2000 3968 3650 4040">
    <p class='ocr_par' dir='ltr' id='par_1_88' title="bbox 2000 3968 3650 4040">
     <span class='ocr_line' id='line_1_89' title="bbox 2000 3968 3650 4040; baseline -0.002 -15"><span class='ocrx_word' id='word_1_699' title='bbox 2000 3971 2142 4026; x_wconf 91' lang='lat' dir='ltr'>illud</span> <span class='ocrx_word' id='word_1_700' title='bbox 2169 3989 2182 4025; x_wconf 87' lang='lat'><strong>:</strong></span> <span class='ocrx_word' id='word_1_701' title='bbox 2212 3970 2394 4025; x_wconf 90' lang='lat' dir='ltr'>Filius</span> <span class='ocrx_word' id='word_1_702' title='bbox 2428 3986 2540 4024; x_wconf 94' lang='lat' dir='ltr'>non</span> <span class='ocrx_word' id='word_1_703' title='bbox 2578 3974 2768 4040; x_wconf 90' lang='lat' dir='ltr'>potest</span> <span class='ocrx_word' id='word_1_704' title='bbox 2796 3971 2981 4024; x_wconf 85' lang='lat' dir='ltr'>facere</span> <span class='ocrx_word' id='word_1_705' title='bbox 3013 3969 3336 4040; x_wconf 89' lang='lat' dir='ltr'>quidquam</span> <span class='ocrx_word' id='word_1_706' title='bbox 3371 3986 3403 4023; x_wconf 87' lang='lat' dir='ltr'>a</span> <span class='ocrx_word' id='word_1_707' title='bbox 3433 3968 3650 4038; x_wconf 88' lang='lat' dir='ltr'>seipso,</span> 
     </span>
    </p>
   </div>
   <div class='ocr_carea' id='block_1_89' title="bbox 2000 4055 3651 4127">
    <p class='ocr_par' dir='ltr' id='par_1_89' title="bbox 2000 4055 3651 4127">
     <span class='ocr_line' id='line_1_90' title="bbox 2000 4055 3651 4127; baseline -0.004 -12"><span class='ocrx_word' id='word_1_708' title='bbox 2000 4060 2114 4115; x_wconf 89' lang='lat' dir='ltr'>nisi</span> <span class='ocrx_word' id='word_1_709' title='bbox 2145 4059 2355 4113; x_wconf 89' lang='lat' dir='ltr'>viderit</span> <span class='ocrx_word' id='word_1_710' title='bbox 2386 4059 2609 4112; x_wconf 88' lang='lat' dir='ltr'>Patrem</span> <span class='ocrx_word' id='word_1_711' title='bbox 2636 4059 2943 4113; x_wconf 85' lang='lat' dir='ltr'>facientem</span> <span class='ocrx_word' id='word_1_712' title='bbox 2973 4074 2984 4113; x_wconf 74' lang='grc' dir='ltr'>ε</span> <span class='ocrx_word' id='word_1_713' title='bbox 3011 4059 3163 4127; x_wconf 81' lang='lat' dir='ltr'>quod</span> <span class='ocrx_word' id='word_1_714' title='bbox 3188 4057 3382 4113; x_wconf 87' lang='lat' dir='ltr'>simile</span> <span class='ocrx_word' id='word_1_715' title='bbox 3402 4061 3491 4113; x_wconf 87' lang='lat' dir='ltr'>est</span> <span class='ocrx_word' id='word_1_716' title='bbox 3512 4073 3578 4111; x_wconf 89' lang='lat' dir='ltr'>ac</span> <span class='ocrx_word' id='word_1_717' title='bbox 3600 4055 3651 4111; x_wconf 91' lang='lat' dir='ltr'>si</span> 
     </span>
    </p>
   </div>
   <div class='ocr_carea' id='block_1_90' title="bbox 2002 4146 3651 4215">
    <p class='ocr_par' dir='ltr' id='par_1_90' title="bbox 2002 4146 3651 4215">
     <span class='ocr_line' id='line_1_91' title="bbox 2002 4146 3651 4215; baseline -0.003 -11"><span class='ocrx_word' id='word_1_718' title='bbox 2002 4148 2239 4214; x_wconf 85' lang='lat' dir='ltr'>diceret,</span> <span class='ocrx_word' id='word_1_719' title='bbox 2266 4146 2629 4215; x_wconf 87' lang='lat' dir='ltr'>impossibile</span> <span class='ocrx_word' id='word_1_720' title='bbox 2668 4151 2775 4215; x_wconf 89' lang='lat' dir='ltr'>est,</span> <span class='ocrx_word' id='word_1_721' title='bbox 2809 4147 2980 4200; x_wconf 88' lang='lat' dir='ltr'>Patre</span> <span class='ocrx_word' id='word_1_722' title='bbox 3022 4146 3135 4200; x_wconf 82' lang='lat' dir='ltr'>alia</span> <span class='ocrx_word' id='word_1_723' title='bbox 3161 4146 3407 4212; x_wconf 90' lang='lat' dir='ltr'>volente,</span> <span class='ocrx_word' id='word_1_724' title='bbox 3440 4146 3651 4200; x_wconf 80' lang='lat' dir='ltr'>Filium</span> 
     </span>
    </p>
   </div>
   <div class='ocr_carea' id='block_1_91' title="bbox 2003 4234 3652 4292">
    <p class='ocr_par' dir='ltr' id='par_1_91' title="bbox 2003 4234 3652 4292">
     <span class='ocr_line' id='line_1_92' title="bbox 2003 4234 3652 4292; baseline -0.003 0"><span class='ocrx_word' id='word_1_725' title='bbox 2003 4237 2118 4292; x_wconf 89' lang='lat' dir='ltr'>alia</span> <span class='ocrx_word' id='word_1_726' title='bbox 2147 4236 2311 4291; x_wconf 88' lang='lat' dir='ltr'>velle.</span> <span class='ocrx_word' id='word_1_727' title='bbox 2340 4235 2464 4290; x_wconf 91' lang='lat' dir='ltr'>Una</span> <span class='ocrx_word' id='word_1_728' title='bbox 2507 4240 2597 4289; x_wconf 89' lang='lat' dir='ltr'>est</span> <span class='ocrx_word' id='word_1_729' title='bbox 2635 4234 2790 4288; x_wconf 87' lang='lat' dir='ltr'>enim</span> <span class='ocrx_word' id='word_1_730' title='bbox 2818 4234 3087 4289; x_wconf 86' lang='lat' dir='ltr'>voluntas</span> <span class='ocrx_word' id='word_1_731' title='bbox 3120 4235 3295 4289; x_wconf 90' lang='lat' dir='ltr'>unius</span> <span class='ocrx_word' id='word_1_732' title='bbox 3344 4235 3652 4290; x_wconf 74' lang='lat' dir='ltr'>adorandae</span> 
     </span>
    </p>
   </div>
   <div class='ocr_carea' id='block_1_92' title="bbox 2003 4322 3653 4393">
    <p class='ocr_par' dir='ltr' id='par_1_92' title="bbox 2003 4322 3653 4393">
     <span class='ocr_line' id='line_1_93' title="bbox 2003 4322 3653 4393; baseline -0.003 -13"><span class='ocrx_word' id='word_1_733' title='bbox 2003 4325 2310 4381; x_wconf 81' lang='lat' dir='ltr'>Trinitatis</span> <span class='ocrx_word' id='word_1_734' title='bbox 2341 4324 2399 4377; x_wconf 87' lang='lat' dir='ltr'>in</span> <span class='ocrx_word' id='word_1_735' title='bbox 2433 4323 2741 4378; x_wconf 88' lang='lat' dir='ltr'>divinitate</span> <span class='ocrx_word' id='word_1_736' title='bbox 2775 4340 2786 4376; x_wconf 90' lang='lat'>:</span> <span class='ocrx_word' id='word_1_737' title='bbox 2823 4323 3115 4393; x_wconf 88' lang='lat' dir='ltr'>siquidem</span> <span class='ocrx_word' id='word_1_738' title='bbox 3154 4339 3264 4377; x_wconf 91' lang='lat' dir='ltr'>non</span> <span class='ocrx_word' id='word_1_739' title='bbox 3298 4324 3450 4378; x_wconf 82' lang='lat' dir='ltr'>I98</span> <span class='ocrx_word' id='word_1_740' title='bbox 3485 4322 3653 4392; x_wconf 87' lang='lat' dir='ltr'>igno-</span> 
     </span>
    </p>
   </div>
   <div class='ocr_carea' id='block_1_93' title="bbox 2005 4411 3656 4481">
    <p class='ocr_par' dir='ltr' id='par_1_93' title="bbox 2005 4411 3656 4481">
     <span class='ocr_line' id='line_1_94' title="bbox 2005 4411 3656 4481; baseline -0.003 -12"><span class='ocrx_word' id='word_1_741' title='bbox 2005 4431 2225 4479; x_wconf 89' lang='lat' dir='ltr'>ramus,</span> <span class='ocrx_word' id='word_1_742' title='bbox 2263 4412 2474 4467; x_wconf 88' lang='lat' dir='ltr'>Filium</span> <span class='ocrx_word' id='word_1_743' title='bbox 2524 4412 2642 4481; x_wconf 88' lang='lat' dir='ltr'>Dei,</span> <span class='ocrx_word' id='word_1_744' title='bbox 2675 4413 2848 4467; x_wconf 87' lang='lat' dir='ltr'>etiam</span> <span class='ocrx_word' id='word_1_745' title='bbox 2894 4413 3101 4480; x_wconf 73' lang='lat' dir='ltr'>Deum,</span> <span class='ocrx_word' id='word_1_746' title='bbox 3137 4427 3319 4466; x_wconf 90' lang='lat' dir='ltr'>unum</span> <span class='ocrx_word' id='word_1_747' title='bbox 3370 4411 3656 4466; x_wconf 89' lang='lat' dir='ltr'>laudatis-</span> 
     </span>
    </p>
   </div>
   <div class='ocr_carea' id='block_1_94' title="bbox 2005 4501 3654 4573">
    <p class='ocr_par' dir='ltr' id='par_1_94' title="bbox 2005 4501 3654 4573">
     <span class='ocr_line' id='line_1_95' title="bbox 2005 4501 3654 4573; baseline -0.002 -14"><span class='ocrx_word' id='word_1_748' title='bbox 2005 4505 2165 4559; x_wconf 62' lang='lat' dir='ltr'>sima</span> <span class='ocrx_word' id='word_1_749' title='bbox 2217 4507 2273 4557; x_wconf 88' lang='lat' dir='ltr'>et</span> <span class='ocrx_word' id='word_1_750' title='bbox 2322 4501 2653 4573; x_wconf 66' lang='lat' dir='ltr'>purissimas</span> <span class='ocrx_word' id='word_1_751' title='bbox 2706 4502 3015 4558; x_wconf 90' lang='lat' dir='ltr'>Trinitatis</span> <span class='ocrx_word' id='word_1_752' title='bbox 3064 4501 3362 4558; x_wconf 90' lang='lat' dir='ltr'>hominem</span> <span class='ocrx_word' id='word_1_753' title='bbox 3414 4501 3654 4569; x_wconf 88' lang='lat' dir='ltr'>factum,</span> 
     </span>
    </p>
   </div>
   <div class='ocr_carea' id='block_1_95' title="bbox 237 4590 2428 4664">
    <p class='ocr_par' dir='ltr' id='par_1_95' title="bbox 237 4590 2428 4664">
     <span class='ocr_line' id='line_1_96' title="bbox 237 4590 2428 4664; baseline -0.001 -19"><span class='ocrx_word' id='word_1_754' title='bbox 237 4590 641 4661; x_wconf 84' lang='lat' dir='ltr'>assumpsisse</span> <span class='ocrx_word' id='word_1_755' title='bbox 672 4591 990 4645; x_wconf 83' lang='lat' dir='ltr'>humanam</span> <span class='ocrx_word' id='word_1_756' title='bbox 1022 4590 1379 4645; x_wconf 80' lang='lat' dir='ltr'>voluntatem</span> <span class='ocrx_word' id='word_1_757' title='bbox 1414 4590 1739 4646; x_wconf 88' lang='lat' dir='ltr'>naturalem</span> <span class='ocrx_word' id='word_1_758' title='bbox 1772 4596 1830 4646; x_wconf 88' lang='lat' dir='ltr'>et</span> <span class='ocrx_word' id='word_1_759' title='bbox 1862 4593 2081 4664; x_wconf 91' lang='lat' dir='ltr'>peccati</span> <span class='ocrx_word' id='word_1_760' title='bbox 2113 4594 2428 4661; x_wconf 87' lang='lat' dir='ltr'>expertem.</span> 
     </span>
    </p>
   </div>
   <div class='ocr_carea' id='block_1_96' title="bbox 308 4676 1342 4750">
    <p class='ocr_par' dir='ltr' id='par_1_96' title="bbox 308 4676 1342 4750">
     <span class='ocr_line' id='line_1_97' title="bbox 308 4676 1342 4750; baseline 0.001 -18"><span class='ocrx_word' id='word_1_761' title='bbox 308 4678 414 4733; x_wconf 80' lang='grc' dir='ltr'>Καὶ</span> <span class='ocrx_word' id='word_1_762' title='bbox 487 4678 552 4732; x_wconf 86' lang='grc' dir='ltr'>τὸ</span> <span class='ocrx_word' id='word_1_763' title='bbox 626 4678 701 4750; x_wconf 84' lang='grc' dir='ltr'>μή</span> <span class='ocrx_word' id='word_1_764' title='bbox 781 4679 913 4731; x_wconf 76' lang='grc' dir='ltr'>εἶναι</span> <span class='ocrx_word' id='word_1_765' title='bbox 987 4677 1086 4732; x_wconf 79' lang='grc' dir='ltr'>οὐκ</span> <span class='ocrx_word' id='word_1_766' title='bbox 1145 4676 1285 4731; x_wconf 79' lang='grc' dir='ltr'>ἔστιν</span> <span class='ocrx_word' id='word_1_767' title='bbox 1330 4722 1342 4733; x_wconf 94' lang='grc'>.</span> 
     </span>
    </p>
   </div>
   <div class='ocr_carea' id='block_1_97' title="bbox 238 4765 1897 4844">
    <p class='ocr_par' dir='ltr' id='par_1_97' title="bbox 238 4765 1897 4844">
     <span class='ocr_line' id='line_1_98' title="bbox 238 4765 1897 4844; baseline 0.002 -24"><span class='ocrx_word' id='word_1_768' title='bbox 238 4766 566 4844; x_wconf 73' lang='grc' dir='ltr'>ἀποφάσεως</span> <span class='ocrx_word' id='word_1_769' title='bbox 616 4765 873 4839; x_wconf 85' lang='grc' dir='ltr'>τιθεμένη</span> <span class='ocrx_word' id='word_1_770' title='bbox 933 4767 1229 4844; x_wconf 82' lang='grc' dir='ltr'>κατάφασιν</span> <span class='ocrx_word' id='word_1_771' title='bbox 1287 4773 1473 4824; x_wconf 86' lang='grc' dir='ltr'>ποιεῖ.</span> <span class='ocrx_word' id='word_1_772' title='bbox 1533 4769 1592 4825; x_wconf 86' lang='grc' dir='ltr'>Ὁ</span> <span class='ocrx_word' id='word_1_773' title='bbox 1652 4766 1743 4822; x_wconf 75' lang='grc' dir='ltr'>οὖν</span> <span class='ocrx_word' id='word_1_774' title='bbox 1804 4766 1897 4823; x_wconf 87' lang='grc' dir='ltr'>λέ-</span> 
     </span>
    </p>
   </div>
   <div class='ocr_carea' id='block_1_98' title="bbox 242 4853 1898 4929">
    <p class='ocr_par' dir='ltr' id='par_1_98' title="bbox 242 4853 1898 4929">
     <span class='ocr_line' id='line_1_99' title="bbox 242 4853 1898 4929; baseline 0.001 -20"><span class='ocrx_word' id='word_1_775' title='bbox 242 4877 382 4929; x_wconf 87' lang='grc' dir='ltr'>γων,</span> <span class='ocrx_word' id='word_1_776' title='bbox 420 4855 504 4909; x_wconf 78' lang='grc' dir='ltr'>ὅτι</span> <span class='ocrx_word' id='word_1_777' title='bbox 554 4855 617 4910; x_wconf 89' lang='grc' dir='ltr'>τὸ</span> <span class='ocrx_word' id='word_1_778' title='bbox 670 4856 746 4927; x_wconf 77' lang='grc' dir='ltr'>μὴ</span> <span class='ocrx_word' id='word_1_779' title='bbox 782 4856 913 4910; x_wconf 74' lang='grc' dir='ltr'>εἶναι</span> <span class='ocrx_word' id='word_1_780' title='bbox 947 4855 1047 4910; x_wconf 78' lang='grc' dir='ltr'>οὐκ</span> <span class='ocrx_word' id='word_1_781' title='bbox 1094 4853 1234 4910; x_wconf 79' lang='grc' dir='ltr'>ἔστιν</span> <span class='ocrx_word' id='word_1_782' title='bbox 1286 4856 1337 4910; x_wconf 79' lang='grc' dir='ltr'>ἐν</span> <span class='ocrx_word' id='word_1_783' title='bbox 1369 4860 1506 4928; x_wconf 78' lang='grc' dir='ltr'>Θεῷ,</span> <span class='ocrx_word' id='word_1_784' title='bbox 1544 4857 1607 4911; x_wconf 86' lang='grc' dir='ltr'>τὸ</span> <span class='ocrx_word' id='word_1_785' title='bbox 1638 4858 1770 4911; x_wconf 75' lang='grc' dir='ltr'>εἶναι</span> <span class='ocrx_word' id='word_1_786' title='bbox 1800 4857 1898 4911; x_wconf 84' lang='grc' dir='ltr'>αὐ-</span> 
     </span>
    </p>
   </div>
   <div class='ocr_carea' id='block_1_99' title="bbox 238 4942 1898 5022">
    <p class='ocr_par' dir='ltr' id='par_1_99' title="bbox 238 4942 1898 5022">
     <span class='ocr_line' id='line_1_100' title="bbox 238 4942 1898 5022; baseline 0.001 -23"><span class='ocrx_word' id='word_1_787' title='bbox 238 4946 334 4999; x_wconf 83' lang='grc' dir='ltr'>τὸν</span> <span class='ocrx_word' id='word_1_788' title='bbox 368 4946 613 5019; x_wconf 77' lang='grc' dir='ltr'>συνάγει.</span> <span class='ocrx_word' id='word_1_789' title='bbox 647 4945 828 5007; x_wconf 78' lang='grc' dir='ltr'>Οὕτως</span> <span class='ocrx_word' id='word_1_790' title='bbox 880 4942 972 4999; x_wconf 76' lang='grc' dir='ltr'>οὖν</span> <span class='ocrx_word' id='word_1_791' title='bbox 1014 4967 1199 5022; x_wconf 73' lang='grc' dir='ltr'>φησιν,</span> <span class='ocrx_word' id='word_1_792' title='bbox 1252 4945 1313 4999; x_wconf 83' lang='grc' dir='ltr'>οὐ</span> <span class='ocrx_word' id='word_1_793' title='bbox 1363 4942 1579 4999; x_wconf 77' lang='grc' dir='ltr'>δύναται</span> <span class='ocrx_word' id='word_1_794' title='bbox 1632 4947 1707 5019; x_wconf 78' lang='grc' dir='ltr'>μή</span> <span class='ocrx_word' id='word_1_795' title='bbox 1740 4944 1898 5001; x_wconf 78' lang='grc' dir='ltr'>δύνα-</span> 
     </span>
    </p>
   </div>
   <div class='ocr_carea' id='block_1_100' title="bbox 243 5032 1897 5106">
    <p class='ocr_par' dir='ltr' id='par_1_100' title="bbox 243 5032 1897 5106">
     <span class='ocr_line' id='line_1_101' title="bbox 243 5032 1897 5106; baseline 0.001 -19"><span class='ocrx_word' id='word_1_796' title='bbox 243 5036 388 5103; x_wconf 72' lang='grc' dir='ltr'>σθαι,</span> <span class='ocrx_word' id='word_1_797' title='bbox 430 5032 691 5097; x_wconf 77' lang='grc' dir='ltr'>ὡσαύτως</span> <span class='ocrx_word' id='word_1_798' title='bbox 741 5034 831 5087; x_wconf 85' lang='grc' dir='ltr'>καὶ</span> <span class='ocrx_word' id='word_1_799' title='bbox 879 5034 942 5087; x_wconf 91' lang='grc' dir='ltr'>τὸ</span> <span class='ocrx_word' id='word_1_800' title='bbox 1001 5035 1075 5106; x_wconf 75' lang='grc' dir='ltr'>μὴ</span> <span class='ocrx_word' id='word_1_801' title='bbox 1123 5032 1315 5088; x_wconf 78' lang='grc' dir='ltr'>εἷ’δέναι</span> <span class='ocrx_word' id='word_1_802' title='bbox 1364 5034 1463 5088; x_wconf 81' lang='grc' dir='ltr'>οὐκ</span> <span class='ocrx_word' id='word_1_803' title='bbox 1510 5032 1679 5105; x_wconf 79' lang='grc' dir='ltr'>οἶδεν,</span> <span class='ocrx_word' id='word_1_804' title='bbox 1729 5035 1779 5104; x_wconf 82' lang='grc' dir='ltr'>ἐξ</span> <span class='ocrx_word' id='word_1_805' title='bbox 1825 5033 1897 5089; x_wconf 85' lang='grc' dir='ltr'>ὦν</span> 
     </span>
    </p>
   </div>
   <div class='ocr_carea' id='block_1_101' title="bbox 244 5122 1897 5199">
    <p class='ocr_par' dir='ltr' id='par_1_101' title="bbox 244 5122 1897 5199">
     <span class='ocr_line' id='line_1_102' title="bbox 244 5122 1897 5199; baseline 0 -22"><span class='ocrx_word' id='word_1_806' title='bbox 244 5124 527 5199; x_wconf 76' lang='grc' dir='ltr'>συνάγεται</span> <span class='ocrx_word' id='word_1_807' title='bbox 584 5124 647 5177; x_wconf 86' lang='grc' dir='ltr'>τὸ</span> <span class='ocrx_word' id='word_1_808' title='bbox 712 5124 928 5185; x_wconf 82' lang='grc' dir='ltr'>πάντως</span> <span class='ocrx_word' id='word_1_809' title='bbox 986 5123 1145 5178; x_wconf 80' lang='grc' dir='ltr'>αὐτὸν</span> <span class='ocrx_word' id='word_1_810' title='bbox 1195 5122 1391 5179; x_wconf 76' lang='grc' dir='ltr'>εἰδέναι</span> <span class='ocrx_word' id='word_1_811' title='bbox 1451 5125 1537 5177; x_wconf 79' lang='grc' dir='ltr'>καὶ</span> <span class='ocrx_word' id='word_1_812' title='bbox 1598 5122 1850 5187; x_wconf 79' lang='grc' dir='ltr'>δύνασθαι</span> <span class='ocrx_word' id='word_1_813' title='bbox 1886 5144 1897 5157; x_wconf 74' lang='grc'><strong><em>⁸</em></strong></span> 
     </span>
    </p>
   </div>
   <div class='ocr_carea' id='block_1_102' title="bbox 245 5210 1901 5288">
    <p class='ocr_par' dir='ltr' id='par_1_102' title="bbox 245 5210 1901 5288">
     <span class='ocr_line' id='line_1_103' title="bbox 245 5210 1901 5288; baseline 0.001 -23"><span class='ocrx_word' id='word_1_814' title='bbox 245 5212 433 5272; x_wconf 79' lang='grc' dir='ltr'>καλῶς</span> <span class='ocrx_word' id='word_1_815' title='bbox 464 5210 522 5266; x_wconf 78' lang='grc' dir='ltr'>δὲ</span> <span class='ocrx_word' id='word_1_816' title='bbox 569 5212 903 5287; x_wconf 87' lang='grc' dir='ltr'>προσέθηκεν</span> <span class='ocrx_word' id='word_1_817' title='bbox 946 5211 1171 5267; x_wconf 76' lang='grc' dir='ltr'>ἐνταῦθα</span> <span class='ocrx_word' id='word_1_818' title='bbox 1219 5214 1282 5268; x_wconf 90' lang='grc' dir='ltr'>τὸ</span> <span class='ocrx_word' id='word_1_819' title='bbox 1331 5213 1466 5267; x_wconf 76' lang='grc' dir='ltr'>κατὰ</span> <span class='ocrx_word' id='word_1_820' title='bbox 1518 5212 1789 5288; x_wconf 70' lang='grc' dir='ltr'>στέρησιψ</span> <span class='ocrx_word' id='word_1_821' title='bbox 1841 5212 1901 5267; x_wconf 77' lang='grc' dir='ltr'>οὗ</span> 
     </span>
    </p>
   </div>
   <div class='ocr_carea' id='block_1_103' title="bbox 250 5300 1904 5378">
    <p class='ocr_par' dir='ltr' id='par_1_103' title="bbox 250 5300 1904 5378">
     <span class='ocr_line' id='line_1_104' title="bbox 250 5300 1904 5378; baseline 0.002 -24"><span class='ocrx_word' id='word_1_822' title='bbox 250 5302 354 5375; x_wconf 70' lang='grc' dir='ltr'>γὰρ</span> <span class='ocrx_word' id='word_1_823' title='bbox 387 5303 739 5377; x_wconf 82' lang='grc' dir='ltr'>ὑπεροχικῶς</span> <span class='ocrx_word' id='word_1_824' title='bbox 760 5305 931 5356; x_wconf 80' lang='grc' dir='ltr'>ταῦτα</span> <span class='ocrx_word' id='word_1_825' title='bbox 965 5300 1240 5376; x_wconf 83' lang='grc' dir='ltr'>λέγονται,</span> <span class='ocrx_word' id='word_1_826' title='bbox 1269 5301 1413 5357; x_wconf 74' lang='grc' dir='ltr'>ἀλλὰ</span> <span class='ocrx_word' id='word_1_827' title='bbox 1443 5304 1795 5378; x_wconf 80' lang='grc' dir='ltr'>στερητικῶς,</span> <span class='ocrx_word' id='word_1_828' title='bbox 1818 5302 1904 5370; x_wconf 85' lang='grc' dir='ltr'>τό,</span> 
     </span>
    </p>
   </div>
   <div class='ocr_carea' id='block_1_104' title="bbox 255 5386 982 5447">
    <p class='ocr_par' dir='ltr' id='par_1_104' title="bbox 255 5386 982 5447">
     <span class='ocr_line' id='line_1_105' title="bbox 255 5386 982 5447; baseline 0.008 -6"><span class='ocrx_word' id='word_1_829' title='bbox 255 5387 313 5442; x_wconf 80' lang='grc' dir='ltr'>οὐ</span> <span class='ocrx_word' id='word_1_830' title='bbox 349 5386 565 5445; x_wconf 75' lang='grc' dir='ltr'>δύναται</span> <span class='ocrx_word' id='word_1_831' title='bbox 594 5391 685 5444; x_wconf 81' lang='grc' dir='ltr'>καὶ</span> <span class='ocrx_word' id='word_1_832' title='bbox 719 5389 817 5445; x_wconf 77' lang='grc' dir='ltr'>οὐκ</span> <span class='ocrx_word' id='word_1_833' title='bbox 852 5388 982 5447; x_wconf 71' lang='grc' dir='ltr'>οἶδε.</span> 
     </span>
    </p>
   </div>
   <div class='ocr_carea' id='block_1_105' title="bbox 327 5477 1907 5552">
    <p class='ocr_par' dir='ltr' id='par_1_105' title="bbox 327 5477 1907 5552">
     <span class='ocr_line' id='line_1_106' title="bbox 327 5477 1907 5552; baseline 0.001 -18"><span class='ocrx_word' id='word_1_834' title='bbox 327 5482 529 5548; x_wconf 82' lang='lat' dir='ltr'>§VIIL</span> <span class='ocrx_word' id='word_1_835' title='bbox 565 5479 891 5550; x_wconf 81' lang='grc' dir='ltr'>Δικαιοσύνη</span> <span class='ocrx_word' id='word_1_836' title='bbox 955 5477 1012 5535; x_wconf 75' lang='grc' dir='ltr'>δὲ</span> <span class='ocrx_word' id='word_1_837' title='bbox 1070 5481 1338 5552; x_wconf 84' lang='grc' dir='ltr'>ὑμνεῖται,</span> <span class='ocrx_word' id='word_1_838' title='bbox 1398 5481 1551 5538; x_wconf 84' lang='grc' dir='ltr'>Κατά</span> <span class='ocrx_word' id='word_1_839' title='bbox 1598 5480 1649 5535; x_wconf 90' lang='grc' dir='ltr'>τί</span> <span class='ocrx_word' id='word_1_840' title='bbox 1704 5478 1907 5536; x_wconf 81' lang='grc' dir='ltr'>δικαιο-</span> 
     </span>
    </p>
   </div>
   <div class='ocr_carea' id='block_1_106' title="bbox 333 5697 885 5770">
    <p class='ocr_par' dir='ltr' id='par_1_106' title="bbox 333 5697 885 5770">
     <span class='ocr_line' id='line_1_107' title="bbox 333 5697 885 5770; baseline 0.004 -18"><span class='ocrx_word' id='word_1_841' title='bbox 333 5697 427 5770; x_wconf 89' lang='lat' dir='ltr'>(m)</span> <span class='ocrx_word' id='word_1_842' title='bbox 457 5699 479 5754; x_wconf 90' lang='grc' dir='ltr'>ι</span> <span class='ocrx_word' id='word_1_843' title='bbox 512 5699 665 5755; x_wconf 90' lang='lat' dir='ltr'>Tim.</span> <span class='ocrx_word' id='word_1_844' title='bbox 701 5714 763 5766; x_wconf 86' lang='grc' dir='ltr'>ιι,</span> <span class='ocrx_word' id='word_1_845' title='bbox 798 5699 885 5755; x_wconf 90' lang='grc'>13.</span> 
     </span>
    </p>
   </div>
   <div class='ocr_carea' id='block_1_107' title="bbox 540 5830 1109 5893">
    <p class='ocr_par' dir='ltr' id='par_1_107' title="bbox 540 5830 1109 5893">
     <span class='ocr_line' id='line_1_108' title="bbox 540 5830 1109 5893; baseline 0.007 -6"><span class='ocrx_word' id='word_1_846' title='bbox 540 5831 801 5891; x_wconf 68' lang='grc' dir='ltr'>Ρλτεοι..</span> <span class='ocrx_word' id='word_1_847' title='bbox 850 5831 958 5890; x_wconf 78' lang='lat' dir='ltr'>Gn.</span> <span class='ocrx_word' id='word_1_848' title='bbox 1005 5830 1109 5893; x_wconf 80' lang='lat' dir='ltr'>IV.</span> 
     </span>
    </p>
   </div>
   <div class='ocr_carea' id='block_1_108' title="bbox 1408 4678 1892 4754">
    <p class='ocr_par' dir='ltr' id='par_1_108' title="bbox 1408 4678 1892 4754">
     <span class='ocr_line' id='line_1_109' title="bbox 1408 4678 1892 4754; baseline -0.002 -20"><span class='ocrx_word' id='word_1_849' title='bbox 1408 4678 1705 4754; x_wconf 81' lang='grc' dir='ltr'>Ἀπόφασις</span> <span class='ocrx_word' id='word_1_850' title='bbox 1761 4680 1892 4733; x_wconf 74' lang='grc' dir='ltr'>κατὰ</span> 
     </span>
    </p>
   </div>
   <div class='ocr_carea' id='block_1_109' title="bbox 2006 4678 3657 4754">
    <p class='ocr_par' dir='ltr' id='par_1_109' title="bbox 2078 4680 3657 4752">
     <span class='ocr_line' id='line_1_110' title="bbox 2078 4680 3657 4752; baseline -0.002 -15"><span class='ocrx_word' id='word_1_851' title='bbox 2078 4683 2258 4751; x_wconf 86' lang='lat' dir='ltr'>Neque</span> <span class='ocrx_word' id='word_1_852' title='bbox 2288 4687 2463 4748; x_wconf 78' lang='lat' dir='ltr'>potest</span> <span class='ocrx_word' id='word_1_853' title='bbox 2488 4695 2598 4735; x_wconf 86' lang='lat' dir='ltr'>non</span> <span class='ocrx_word' id='word_1_854' title='bbox 2630 4695 2763 4735; x_wconf 72' lang='lat' dir='ltr'>esse.</span> <span class='ocrx_word' id='word_1_855' title='bbox 2794 4680 3035 4751; x_wconf 87' lang='lat' dir='ltr'>Negatio</span> <span class='ocrx_word' id='word_1_856' title='bbox 3061 4685 3263 4735; x_wconf 89' lang='lat' dir='ltr'>contra</span> <span class='ocrx_word' id='word_1_857' title='bbox 3284 4680 3657 4752; x_wconf 87' lang='lat' dir='ltr'>negationem</span> 
     </span>
    </p>
   </div>
   <div class='ocr_carea' id='block_1_110' title="bbox 2007 4768 3656 4842">
    <p class='ocr_par' dir='ltr' id='par_1_110' title="bbox 2007 4768 3656 4842">
     <span class='ocr_line' id='line_1_111' title="bbox 2007 4768 3656 4842; baseline -0.002 -17"><span class='ocrx_word' id='word_1_858' title='bbox 2007 4770 2217 4842; x_wconf 88' lang='lat' dir='ltr'>posita,</span> <span class='ocrx_word' id='word_1_859' title='bbox 2253 4769 2705 4824; x_wconf 82' lang='lat' dir='ltr'>afﬁrmationem</span> <span class='ocrx_word' id='word_1_860' title='bbox 2751 4770 2907 4825; x_wconf 83' lang='lat' dir='ltr'>facit.</span> <span class='ocrx_word' id='word_1_861' title='bbox 2941 4770 3049 4832; x_wconf 84' lang='lat' dir='ltr'>Qui</span> <span class='ocrx_word' id='word_1_862' title='bbox 3099 4769 3278 4841; x_wconf 91' lang='lat' dir='ltr'>igitur</span> <span class='ocrx_word' id='word_1_863' title='bbox 3326 4768 3470 4824; x_wconf 90' lang='lat' dir='ltr'>dicit</span> <span class='ocrx_word' id='word_1_864' title='bbox 3500 4769 3656 4839; x_wconf 88' lang='lat' dir='ltr'>quod</span> 
     </span>
    </p>
   </div>
   <div class='ocr_carea' id='block_1_111' title="bbox 2009 4856 3656 4929">
    <p class='ocr_par' dir='ltr' id='par_1_111' title="bbox 2009 4856 3656 4929">
     <span class='ocr_line' id='line_1_112' title="bbox 2009 4856 3656 4929; baseline -0.001 -15"><span class='ocrx_word' id='word_1_865' title='bbox 2009 4877 2123 4914; x_wconf 92' lang='lat' dir='ltr'>non</span> <span class='ocrx_word' id='word_1_866' title='bbox 2156 4875 2285 4914; x_wconf 88' lang='lat' dir='ltr'>esse</span> <span class='ocrx_word' id='word_1_867' title='bbox 2334 4875 2449 4912; x_wconf 88' lang='lat' dir='ltr'>non</span> <span class='ocrx_word' id='word_1_868' title='bbox 2501 4859 2579 4912; x_wconf 89' lang='lat' dir='ltr'>sit</span> <span class='ocrx_word' id='word_1_869' title='bbox 2628 4858 2684 4911; x_wconf 91' lang='lat' dir='ltr'>in</span> <span class='ocrx_word' id='word_1_870' title='bbox 2746 4858 2880 4927; x_wconf 89' lang='lat' dir='ltr'>Deo,</span> <span class='ocrx_word' id='word_1_871' title='bbox 2913 4859 3109 4929; x_wconf 86' lang='lat' dir='ltr'>ipsum</span> <span class='ocrx_word' id='word_1_872' title='bbox 3161 4874 3290 4913; x_wconf 86' lang='lat' dir='ltr'>esse</span> <span class='ocrx_word' id='word_1_873' title='bbox 3342 4856 3656 4913; x_wconf 88' lang='lat' dir='ltr'>concludit.</span> 
     </span>
    </p>
   </div>
   <div class='ocr_carea' id='block_1_112' title="bbox 2008 4946 3658 5019">
    <p class='ocr_par' dir='ltr' id='par_1_112' title="bbox 2008 4946 3658 5019">
     <span class='ocr_line' id='line_1_113' title="bbox 2008 4946 3658 5019; baseline -0.002 -16"><span class='ocrx_word' id='word_1_874' title='bbox 2008 4949 2207 5019; x_wconf 86' lang='lat' dir='ltr'>Itaque</span> <span class='ocrx_word' id='word_1_875' title='bbox 2236 4947 2399 5013; x_wconf 89' lang='lat' dir='ltr'>dicit,</span> <span class='ocrx_word' id='word_1_876' title='bbox 2426 4964 2540 5001; x_wconf 93' lang='lat' dir='ltr'>non</span> <span class='ocrx_word' id='word_1_877' title='bbox 2574 4951 2765 5018; x_wconf 89' lang='lat' dir='ltr'>potest</span> <span class='ocrx_word' id='word_1_878' title='bbox 2788 4964 2899 5002; x_wconf 91' lang='lat' dir='ltr'>non</span> <span class='ocrx_word' id='word_1_879' title='bbox 2936 4964 3130 5017; x_wconf 87' lang='lat' dir='ltr'>posse,</span> <span class='ocrx_word' id='word_1_880' title='bbox 3155 4946 3427 5001; x_wconf 89' lang='lat' dir='ltr'>similiter</span> <span class='ocrx_word' id='word_1_881' title='bbox 3456 4949 3512 5000; x_wconf 89' lang='lat' dir='ltr'>et</span> <span class='ocrx_word' id='word_1_882' title='bbox 3541 4961 3658 5000; x_wconf 92' lang='lat' dir='ltr'>non</span> 
     </span>
    </p>
   </div>
   <div class='ocr_carea' id='block_1_113' title="bbox 2012 5034 3659 5107">
    <p class='ocr_par' dir='ltr' id='par_1_113' title="bbox 2012 5034 3659 5107">
     <span class='ocr_line' id='line_1_114' title="bbox 2012 5034 3659 5107; baseline -0.002 -15"><span class='ocrx_word' id='word_1_883' title='bbox 2012 5038 2158 5093; x_wconf 91' lang='lat' dir='ltr'>scire</span> <span class='ocrx_word' id='word_1_884' title='bbox 2190 5054 2302 5091; x_wconf 89' lang='lat' dir='ltr'>non</span> <span class='ocrx_word' id='word_1_885' title='bbox 2336 5036 2513 5104; x_wconf 86' lang='lat' dir='ltr'>novit,</span> <span class='ocrx_word' id='word_1_886' title='bbox 2546 5052 2613 5090; x_wconf 86' lang='lat' dir='ltr'>ex</span> <span class='ocrx_word' id='word_1_887' title='bbox 2653 5037 2870 5107; x_wconf 89' lang='lat' dir='ltr'>quibus</span> <span class='ocrx_word' id='word_1_888' title='bbox 2901 5035 3198 5106; x_wconf 85' lang='lat' dir='ltr'>colligitur</span> <span class='ocrx_word' id='word_1_889' title='bbox 3236 5036 3431 5106; x_wconf 88' lang='lat' dir='ltr'>ipsum</span> <span class='ocrx_word' id='word_1_890' title='bbox 3465 5034 3659 5089; x_wconf 88' lang='lat' dir='ltr'>omni-</span> 
     </span>
    </p>
   </div>
   <div class='ocr_carea' id='block_1_114' title="bbox 2014 5123 3663 5196">
    <p class='ocr_par' dir='ltr' id='par_1_114' title="bbox 2014 5123 3663 5196">
     <span class='ocr_line' id='line_1_115' title="bbox 2014 5123 3663 5196; baseline -0.001 -16"><span class='ocrx_word' id='word_1_891' title='bbox 2014 5143 2088 5180; x_wconf 92' lang='lat' dir='ltr'>no</span> <span class='ocrx_word' id='word_1_892' title='bbox 2148 5124 2296 5179; x_wconf 86' lang='lat' dir='ltr'>scire</span> <span class='ocrx_word' id='word_1_893' title='bbox 2352 5130 2409 5178; x_wconf 91' lang='lat' dir='ltr'>et</span> <span class='ocrx_word' id='word_1_894' title='bbox 2466 5142 2680 5196; x_wconf 88' lang='lat' dir='ltr'>posse:</span> <span class='ocrx_word' id='word_1_895' title='bbox 2717 5125 2955 5195; x_wconf 85' lang='lat' dir='ltr'>pulchre</span> <span class='ocrx_word' id='word_1_896' title='bbox 3014 5129 3211 5179; x_wconf 87' lang='lat' dir='ltr'>autem</span> <span class='ocrx_word' id='word_1_897' title='bbox 3268 5123 3496 5178; x_wconf 88' lang='lat' dir='ltr'>addidit</span> <span class='ocrx_word' id='word_1_898' title='bbox 3557 5123 3663 5179; x_wconf 88' lang='lat' dir='ltr'>hoc</span> 
     </span>
    </p>
   </div>
   <div class='ocr_carea' id='block_1_115' title="bbox 2015 5213 3663 5285">
    <p class='ocr_par' dir='ltr' id='par_1_115' title="bbox 2015 5213 3663 5285">
     <span class='ocr_line' id='line_1_116' title="bbox 2015 5213 3663 5285; baseline -0.001 -17"><span class='ocrx_word' id='word_1_899' title='bbox 2015 5214 2139 5269; x_wconf 94' lang='lat' dir='ltr'>loco</span> <span class='ocrx_word' id='word_1_900' title='bbox 2186 5230 2285 5285; x_wconf 88' lang='lat' dir='ltr'>per</span> <span class='ocrx_word' id='word_1_901' title='bbox 2330 5216 2731 5284; x_wconf 75' lang='lat' dir='ltr'>privationem;</span> <span class='ocrx_word' id='word_1_902' title='bbox 2788 5231 2903 5268; x_wconf 91' lang='lat' dir='ltr'>non</span> <span class='ocrx_word' id='word_1_903' title='bbox 2958 5213 3112 5268; x_wconf 90' lang='lat' dir='ltr'>enim</span> <span class='ocrx_word' id='word_1_904' title='bbox 3156 5213 3275 5267; x_wconf 59' lang='lat' dir='ltr'>haec</span> <span class='ocrx_word' id='word_1_905' title='bbox 3325 5230 3427 5284; x_wconf 90' lang='lat' dir='ltr'>per</span> <span class='ocrx_word' id='word_1_906' title='bbox 3472 5213 3663 5268; x_wconf 87' lang='lat' dir='ltr'>excel-</span> 
     </span>
    </p>
   </div>
   <div class='ocr_carea' id='block_1_116' title="bbox 2015 5303 3669 5375">
    <p class='ocr_par' dir='ltr' id='par_1_116' title="bbox 2015 5303 3669 5375">
     <span class='ocr_line' id='line_1_117' title="bbox 2015 5303 3669 5375; baseline -0.001 -16"><span class='ocrx_word' id='word_1_907' title='bbox 2015 5303 2257 5359; x_wconf 88' lang='lat' dir='ltr'>lentiam</span> <span class='ocrx_word' id='word_1_908' title='bbox 2298 5304 2597 5369; x_wconf 89' lang='lat' dir='ltr'>dicuntur,</span> <span class='ocrx_word' id='word_1_909' title='bbox 2632 5304 2733 5359; x_wconf 90' lang='lat' dir='ltr'>sed</span> <span class='ocrx_word' id='word_1_910' title='bbox 2786 5303 3086 5375; x_wconf 91' lang='lat' dir='ltr'>privative,</span> <span class='ocrx_word' id='word_1_911' title='bbox 3120 5318 3230 5358; x_wconf 86' lang='lat' dir='ltr'>non</span> <span class='ocrx_word' id='word_1_912' title='bbox 3272 5306 3444 5375; x_wconf 75' lang='lat' dir='ltr'>potest</span> <span class='ocrx_word' id='word_1_913' title='bbox 3474 5308 3669 5359; x_wconf 79' lang='lat' dir='ltr'>etnon</span> 
     </span>
    </p>
   </div>
   <div class='ocr_carea' id='block_1_117' title="bbox 2018 5394 2193 5448">
    <p class='ocr_par' dir='ltr' id='par_1_117' title="bbox 2018 5394 2193 5448">
     <span class='ocr_line' id='line_1_118' title="bbox 2018 5394 2193 5448; baseline 0 0"><span class='ocrx_word' id='word_1_914' title='bbox 2018 5394 2193 5448; x_wconf 74' lang='lat' dir='ltr'>novit.</span> 
     </span>
    </p>
   </div>
   <div class='ocr_carea' id='block_1_118' title="bbox 2090 5480 3668 5555">
    <p class='ocr_par' dir='ltr' id='par_1_118' title="bbox 2090 5480 3668 5555">
     <span class='ocr_line' id='line_1_119' title="bbox 2090 5480 3668 5555; baseline 0.001 -20"><span class='ocrx_word' id='word_1_915' title='bbox 2090 5484 2121 5555; x_wconf 85' lang='lat'>§</span> <span class='ocrx_word' id='word_1_916' title='bbox 2149 5482 2294 5538; x_wconf 90' lang='lat' dir='ltr'><strong>VIII.</strong></span> <span class='ocrx_word' id='word_1_917' title='bbox 2328 5481 2554 5538; x_wconf 78' lang='lat' dir='ltr'>Justitia</span> <span class='ocrx_word' id='word_1_918' title='bbox 2585 5497 2705 5537; x_wconf 85' lang='lat' dir='ltr'>vero</span> <span class='ocrx_word' id='word_1_919' title='bbox 2750 5480 3036 5537; x_wconf 83' lang='lat' dir='ltr'>laudatur.</span> <span class='ocrx_word' id='word_1_920' title='bbox 3070 5483 3309 5555; x_wconf 87' lang='lat' dir='ltr'>Propter</span> <span class='ocrx_word' id='word_1_921' title='bbox 3341 5483 3481 5554; x_wconf 89' lang='lat' dir='ltr'>quid</span> <span class='ocrx_word' id='word_1_922' title='bbox 3512 5482 3668 5537; x_wconf 88' lang='lat' dir='ltr'>Deus</span> 
     </span>
    </p>
   </div>
   <div class='ocr_carea' id='block_1_119' title="bbox 3318 5830 3393 5888">
    <p class='ocr_par' dir='ltr' id='par_1_119' title="bbox 3318 5830 3393 5888">
     <span class='ocr_line' id='line_1_120' title="bbox 3318 5830 3393 5888; baseline 0.027 -2"><span class='ocrx_word' id='word_1_923' title='bbox 3318 5830 3393 5888; x_wconf 75' lang='grc'>12</span> 
     </span>
    </p>
   </div>
  </div>
