  <div class='ocr_page' id='page_1' title='image "/cluster/home/n/w/nwhite01/storage/ocr_20150623/4/mdp.39015078384529/191.png"; bbox 0 0 4080 6366; ppageno 0'>
   <div class='ocr_carea' id='block_1_1' title="bbox 415 281 3804 372">
    <p class='ocr_par' dir='ltr' id='par_1_1' title="bbox 415 281 3804 372">
     <span class='ocr_line' id='line_1_1' title="bbox 415 281 3804 372; baseline -0.004 -2"><span class='ocrx_word' id='word_1_1' title='bbox 415 281 527 370; x_wconf 69' lang='lat'>363</span> <span class='ocrx_word' id='word_1_2' title='bbox 1244 311 1610 366; x_wconf 80' lang='lat' dir='ltr'>APPENDIX</span> <span class='ocrx_word' id='word_1_3' title='bbox 1649 307 1749 363; x_wconf 88' lang='lat' dir='ltr'>AD</span> <span class='ocrx_word' id='word_1_4' title='bbox 1787 309 2029 364; x_wconf 66' lang='lat' dir='ltr'>oram</span> <span class='ocrx_word' id='word_1_5' title='bbox 2066 309 2123 360; x_wconf 88' lang='lat' dir='ltr'>s.</span> <span class='ocrx_word' id='word_1_6' title='bbox 2165 306 2484 361; x_wconf 64' lang='lat' dir='ltr'>moxst</span> <span class='ocrx_word' id='word_1_7' title='bbox 2523 307 3025 363; x_wconf 69' lang='lat' dir='ltr'>AREOPAGITE.</span> <span class='ocrx_word' id='word_1_8' title='bbox 3715 313 3804 372; x_wconf 59' lang='lat'>364</span> 
     </span>
    </p>
   </div>
   <div class='ocr_carea' id='block_1_2' title="bbox 414 425 2025 511">
    <p class='ocr_par' dir='ltr' id='par_1_2' title="bbox 414 430 2025 511">
     <span class='ocr_line' id='line_1_2' title="bbox 414 430 2025 511; baseline -0.009 -15"><span class='ocrx_word' id='word_1_9' title='bbox 414 440 492 497; x_wconf 89' lang='lat' dir='ltr'>sit</span> <span class='ocrx_word' id='word_1_10' title='bbox 516 439 768 511; x_wconf 88' lang='lat' dir='ltr'>justitia.</span> <span class='ocrx_word' id='word_1_11' title='bbox 792 437 1063 494; x_wconf 79' lang='lat' dir='ltr'>Definitio</span> <span class='ocrx_word' id='word_1_12' title='bbox 1086 452 1218 491; x_wconf 89' lang='lat' dir='ltr'>vero</span> <span class='ocrx_word' id='word_1_13' title='bbox 1244 434 1494 505; x_wconf 74' lang='lat' dir='ltr'>justitiae</span> <span class='ocrx_word' id='word_1_14' title='bbox 1519 436 1628 496; x_wconf 86' lang='lat' dir='ltr'>est,</span> <span class='ocrx_word' id='word_1_15' title='bbox 1650 434 1841 486; x_wconf 88' lang='lat' dir='ltr'>virtus</span> <span class='ocrx_word' id='word_1_16' title='bbox 1874 430 2025 485; x_wconf 88' lang='lat' dir='ltr'>distr</span> 
     </span>
    </p>
   </div>
   <div class='ocr_carea' id='block_1_3' title="bbox 2198 425 3809 511">
    <p class='ocr_par' dir='ltr' id='par_1_3' title="bbox 2198 425 3809 510">
     <span class='ocr_line' id='line_1_3' title="bbox 2198 425 3809 510; baseline 0.001 -30"><span class='ocrx_word' id='word_1_17' title='bbox 2198 425 2307 498; x_wconf 72' lang='grc' dir='ltr'>τύνη</span> <span class='ocrx_word' id='word_1_18' title='bbox 2366 426 2507 482; x_wconf 75' lang='grc' dir='ltr'>ἐστὶν</span> <span class='ocrx_word' id='word_1_19' title='bbox 2553 428 2581 482; x_wconf 83' lang='grc' dir='ltr'>ὁ</span> <span class='ocrx_word' id='word_1_20' title='bbox 2615 429 2765 490; x_wconf 81' lang='grc' dir='ltr'>Θεός.</span> <span class='ocrx_word' id='word_1_21' title='bbox 2799 431 2962 502; x_wconf 85' lang='grc' dir='ltr'>Ὅρος</span> <span class='ocrx_word' id='word_1_22' title='bbox 3020 425 3077 482; x_wconf 78' lang='grc' dir='ltr'>δὲ</span> <span class='ocrx_word' id='word_1_23' title='bbox 3127 426 3473 500; x_wconf 80' lang='grc' dir='ltr'>δικαιοσύνης</span> <span class='ocrx_word' id='word_1_24' title='bbox 3519 427 3672 504; x_wconf 82' lang='grc' dir='ltr'>ἐστὶν,</span> <span class='ocrx_word' id='word_1_25' title='bbox 3703 436 3809 510; x_wconf 83' lang='grc' dir='ltr'>ἀρε.</span> 
     </span>
    </p>
   </div>
   <div class='ocr_carea' id='block_1_4' title="bbox 415 513 2026 603">
    <p class='ocr_par' dir='ltr' id='par_1_4' title="bbox 415 520 2026 603">
     <span class='ocr_line' id='line_1_4' title="bbox 415 520 2026 603; baseline -0.009 -16"><span class='ocrx_word' id='word_1_26' title='bbox 415 531 618 587; x_wconf 89' lang='lat' dir='ltr'>butiva</span> <span class='ocrx_word' id='word_1_27' title='bbox 668 547 770 603; x_wconf 92' lang='lat' dir='ltr'>pro</span> <span class='ocrx_word' id='word_1_28' title='bbox 803 527 1104 600; x_wconf 76' lang='lat' dir='ltr'>dignitate,</span> <span class='ocrx_word' id='word_1_29' title='bbox 1137 531 1236 582; x_wconf 90' lang='lat' dir='ltr'>aut</span> <span class='ocrx_word' id='word_1_30' title='bbox 1270 525 1508 598; x_wconf 88' lang='lat' dir='ltr'>propria</span> <span class='ocrx_word' id='word_1_31' title='bbox 1552 522 1810 595; x_wconf 87' lang='lat' dir='ltr'>partium</span> <span class='ocrx_word' id='word_1_32' title='bbox 1862 520 2026 575; x_wconf 36' lang='lat' dir='ltr'>animi</span> 
     </span>
    </p>
   </div>
   <div class='ocr_carea' id='block_1_5' title="bbox 2190 513 3801 603">
    <p class='ocr_par' dir='ltr' id='par_1_5' title="bbox 2190 513 3801 594">
     <span class='ocr_line' id='line_1_5' title="bbox 2190 513 3801 594; baseline 0.007 -25"><span class='ocrx_word' id='word_1_33' title='bbox 2190 517 2244 585; x_wconf 80' lang='grc' dir='ltr'>ιτή</span> <span class='ocrx_word' id='word_1_34' title='bbox 2297 513 2658 589; x_wconf 85' lang='grc' dir='ltr'>διανεμητική</span> <span class='ocrx_word' id='word_1_35' title='bbox 2701 521 2798 571; x_wconf 80' lang='grc' dir='ltr'>τοῦ</span> <span class='ocrx_word' id='word_1_36' title='bbox 2856 517 2973 571; x_wconf 86' lang='grc' dir='ltr'>κατ’</span> <span class='ocrx_word' id='word_1_37' title='bbox 3018 515 3185 590; x_wconf 80' lang='grc' dir='ltr'>ἀξίαν,</span> <span class='ocrx_word' id='word_1_38' title='bbox 3243 517 3279 587; x_wconf 79' lang='grc' dir='ltr'>ἢ</span> <span class='ocrx_word' id='word_1_39' title='bbox 3331 516 3666 594; x_wconf 71' lang='grc' dir='ltr'>ἰδιοπραγίαν</span> <span class='ocrx_word' id='word_1_40' title='bbox 3706 530 3801 582; x_wconf 89' lang='grc' dir='ltr'>τῶν</span> 
     </span>
    </p>
   </div>
   <div class='ocr_carea' id='block_1_6' title="bbox 417 605 2028 690">
    <p class='ocr_par' dir='ltr' id='par_1_6' title="bbox 417 609 2028 690">
     <span class='ocr_line' id='line_1_6' title="bbox 417 609 2028 690; baseline -0.007 -15"><span class='ocrx_word' id='word_1_41' title='bbox 417 622 667 690; x_wconf 86' lang='lat' dir='ltr'>actione,</span> <span class='ocrx_word' id='word_1_42' title='bbox 695 623 798 674; x_wconf 86' lang='lat' dir='ltr'>aut</span> <span class='ocrx_word' id='word_1_43' title='bbox 845 618 1107 672; x_wconf 84' lang='lat' dir='ltr'>medium</span> <span class='ocrx_word' id='word_1_44' title='bbox 1157 615 1311 669; x_wconf 90' lang='lat' dir='ltr'>inter</span> <span class='ocrx_word' id='word_1_45' title='bbox 1359 611 1788 668; x_wconf 83' lang='lat' dir='ltr'>abundantiam</span> <span class='ocrx_word' id='word_1_46' title='bbox 1838 615 1893 665; x_wconf 86' lang='lat' dir='ltr'>et</span> <span class='ocrx_word' id='word_1_47' title='bbox 1940 609 2028 664; x_wconf 79' lang='lat' dir='ltr'>inc</span> 
     </span>
    </p>
   </div>
   <div class='ocr_carea' id='block_1_7' title="bbox 2192 605 3803 690">
    <p class='ocr_par' dir='ltr' id='par_1_7' title="bbox 2192 605 3803 684">
     <span class='ocr_line' id='line_1_7' title="bbox 2192 605 3803 684; baseline 0.001 -27"><span class='ocrx_word' id='word_1_48' title='bbox 2192 611 2277 672; x_wconf 70' lang='grc' dir='ltr'>τῆς</span> <span class='ocrx_word' id='word_1_49' title='bbox 2317 607 2501 680; x_wconf 83' lang='grc' dir='ltr'>ψυχῆς</span> <span class='ocrx_word' id='word_1_50' title='bbox 2551 609 2751 679; x_wconf 84' lang='grc' dir='ltr'>μερῶν·</span> <span class='ocrx_word' id='word_1_51' title='bbox 2798 605 2834 673; x_wconf 78' lang='grc' dir='ltr'><strong>ἢ</strong></span> <span class='ocrx_word' id='word_1_52' title='bbox 2891 606 3126 679; x_wconf 82' lang='grc' dir='ltr'>μεσότης</span> <span class='ocrx_word' id='word_1_53' title='bbox 3177 607 3496 678; x_wconf 73' lang='grc' dir='ltr'>πλεονεξίας</span> <span class='ocrx_word' id='word_1_54' title='bbox 3537 608 3623 663; x_wconf 73' lang='grc' dir='ltr'>καί</span> <span class='ocrx_word' id='word_1_55' title='bbox 3671 633 3803 684; x_wconf 85' lang='grc' dir='ltr'>μειο.</span> 
     </span>
    </p>
   </div>
   <div class='ocr_carea' id='block_1_8' title="bbox 417 690 2028 782">
    <p class='ocr_par' dir='ltr' id='par_1_8' title="bbox 417 698 2028 782">
     <span class='ocr_line' id='line_1_8' title="bbox 417 698 2028 782; baseline -0.006 -20"><span class='ocrx_word' id='word_1_56' title='bbox 417 710 601 782; x_wconf 86' lang='lat' dir='ltr'>piam,</span> <span class='ocrx_word' id='word_1_57' title='bbox 647 713 745 763; x_wconf 86' lang='lat' dir='ltr'>aut</span> <span class='ocrx_word' id='word_1_58' title='bbox 800 707 1040 763; x_wconf 89' lang='lat' dir='ltr'>habitus</span> <span class='ocrx_word' id='word_1_59' title='bbox 1082 703 1495 760; x_wconf 89' lang='lat' dir='ltr'>distributivus</span> <span class='ocrx_word' id='word_1_60' title='bbox 1547 698 1921 772; x_wconf 65' lang='lat' dir='ltr'>aequalitatis,</span> <span class='ocrx_word' id='word_1_61' title='bbox 1970 715 2028 753; x_wconf 79' lang='lat' dir='ltr'>at</span> 
     </span>
    </p>
   </div>
   <div class='ocr_carea' id='block_1_9' title="bbox 2193 690 3804 782">
    <p class='ocr_par' dir='ltr' id='par_1_9' title="bbox 2193 690 3804 769">
     <span class='ocr_line' id='line_1_9' title="bbox 2193 690 3804 769; baseline 0.007 -23"><span class='ocrx_word' id='word_1_62' title='bbox 2193 693 2366 766; x_wconf 67' lang='grc' dir='ltr'>νεξίας·</span> <span class='ocrx_word' id='word_1_63' title='bbox 2427 693 2462 763; x_wconf 72' lang='grc' dir='ltr'><strong>ἢ</strong></span> <span class='ocrx_word' id='word_1_64' title='bbox 2515 690 2625 764; x_wconf 70' lang='grc' dir='ltr'>ἕξις</span> <span class='ocrx_word' id='word_1_65' title='bbox 2682 695 3060 767; x_wconf 80' lang='grc' dir='ltr'>ἀπονεμητική</span> <span class='ocrx_word' id='word_1_66' title='bbox 3127 694 3419 766; x_wconf 80' lang='grc' dir='ltr'>ἰσότητος·</span> <span class='ocrx_word' id='word_1_67' title='bbox 3479 696 3514 766; x_wconf 80' lang='grc' dir='ltr'><strong>ἢ</strong></span> <span class='ocrx_word' id='word_1_68' title='bbox 3569 695 3670 769; x_wconf 71' lang='grc' dir='ltr'>ἕξις</span> <span class='ocrx_word' id='word_1_69' title='bbox 3719 707 3804 757; x_wconf 76' lang='grc' dir='ltr'>τοῦ</span> 
     </span>
    </p>
   </div>
   <div class='ocr_carea' id='block_1_10' title="bbox 421 782 2032 864">
    <p class='ocr_par' dir='ltr' id='par_1_10' title="bbox 421 787 2032 864">
     <span class='ocr_line' id='line_1_10' title="bbox 421 787 2032 864; baseline -0.007 -10"><span class='ocrx_word' id='word_1_70' title='bbox 421 799 659 854; x_wconf 87' lang='lat' dir='ltr'>habitus</span> <span class='ocrx_word' id='word_1_71' title='bbox 682 794 1093 853; x_wconf 86' lang='lat' dir='ltr'>communitati</span> <span class='ocrx_word' id='word_1_72' title='bbox 1119 793 1394 864; x_wconf 87' lang='lat' dir='ltr'>prodesse</span> <span class='ocrx_word' id='word_1_73' title='bbox 1417 791 1683 857; x_wconf 81' lang='lat' dir='ltr'>studens,</span> <span class='ocrx_word' id='word_1_74' title='bbox 1708 793 1809 844; x_wconf 89' lang='lat' dir='ltr'>aut</span> <span class='ocrx_word' id='word_1_75' title='bbox 1827 787 2032 844; x_wconf 89' lang='lat' dir='ltr'>scienti</span> 
     </span>
    </p>
   </div>
   <div class='ocr_carea' id='block_1_11' title="bbox 2191 782 3802 864">
    <p class='ocr_par' dir='ltr' id='par_1_11' title="bbox 2191 782 3802 860">
     <span class='ocr_line' id='line_1_11' title="bbox 2191 782 3802 860; baseline -0.001 -24"><span class='ocrx_word' id='word_1_76' title='bbox 2191 786 2334 856; x_wconf 78' lang='grc' dir='ltr'>ιοινῇ</span> <span class='ocrx_word' id='word_1_77' title='bbox 2386 782 2762 858; x_wconf 71' lang='grc' dir='ltr'>συμφέροντος</span> <span class='ocrx_word' id='word_1_78' title='bbox 2811 782 3218 859; x_wconf 69' lang='grc' dir='ltr'>ἐστοχασμένη·</span> <span class='ocrx_word' id='word_1_79' title='bbox 3270 785 3306 855; x_wconf 71' lang='grc' dir='ltr'><strong>ἢ</strong></span> <span class='ocrx_word' id='word_1_80' title='bbox 3357 785 3627 860; x_wconf 77' lang='grc' dir='ltr'>ἐπιστήμη</span> <span class='ocrx_word' id='word_1_81' title='bbox 3679 789 3802 846; x_wconf 80' lang='grc' dir='ltr'>ἀπο..</span> 
     </span>
    </p>
   </div>
   <div class='ocr_carea' id='block_1_12' title="bbox 418 869 2029 958">
    <p class='ocr_par' dir='ltr' id='par_1_12' title="bbox 418 881 2029 958">
     <span class='ocr_line' id='line_1_12' title="bbox 418 881 2029 958; baseline -0.007 -15"><span class='ocrx_word' id='word_1_82' title='bbox 418 904 621 943; x_wconf 90' lang='lat' dir='ltr'>eorum</span> <span class='ocrx_word' id='word_1_83' title='bbox 655 903 780 958; x_wconf 83' lang='lat' dir='ltr'>quae</span> <span class='ocrx_word' id='word_1_84' title='bbox 813 883 1224 940; x_wconf 84' lang='lat' dir='ltr'>distribuenda</span> <span class='ocrx_word' id='word_1_85' title='bbox 1254 885 1416 951; x_wconf 90' lang='lat' dir='ltr'>sunt,</span> <span class='ocrx_word' id='word_1_86' title='bbox 1439 885 1496 935; x_wconf 91' lang='lat' dir='ltr'>et</span> <span class='ocrx_word' id='word_1_87' title='bbox 1523 896 1636 934; x_wconf 92' lang='lat' dir='ltr'>non</span> <span class='ocrx_word' id='word_1_88' title='bbox 1669 883 1830 941; x_wconf 89' lang='lat' dir='ltr'>sunt,</span> <span class='ocrx_word' id='word_1_89' title='bbox 1855 881 1911 932; x_wconf 91' lang='lat' dir='ltr'>et</span> <span class='ocrx_word' id='word_1_90' title='bbox 1933 893 2029 932; x_wconf 75' lang='lat' dir='ltr'>net</span> 
     </span>
    </p>
   </div>
   <div class='ocr_carea' id='block_1_13' title="bbox 1586 869 3197 958">
    <p class='ocr_par' dir='ltr' id='par_1_13' title="bbox 1586 869 3197 948">
     <span class='ocr_line' id='line_1_13' title="bbox 1586 869 3197 948; baseline -0.004 -15"><span class='ocrx_word' id='word_1_91' title='bbox 1586 896 1636 933; x_wconf 62' lang='lat' dir='ltr'>in</span> <span class='ocrx_word' id='word_1_92' title='bbox 1669 883 1830 941; x_wconf 90' lang='lat' dir='ltr'>sunt,</span> <span class='ocrx_word' id='word_1_93' title='bbox 1855 881 1911 932; x_wconf 90' lang='lat' dir='ltr'>et</span> <span class='ocrx_word' id='word_1_94' title='bbox 1933 893 2070 932; x_wconf 89' lang='lat' dir='ltr'>neu-</span> <span class='ocrx_word' id='word_1_95' title='bbox 2177 873 2479 944; x_wconf 73' lang='grc' dir='ltr'>νεμητέων,</span> <span class='ocrx_word' id='word_1_96' title='bbox 2509 872 2597 926; x_wconf 79' lang='grc' dir='ltr'>καὶ</span> <span class='ocrx_word' id='word_1_97' title='bbox 2632 872 2730 945; x_wconf 79' lang='grc' dir='ltr'>μὴ,</span> <span class='ocrx_word' id='word_1_98' title='bbox 2761 870 2849 926; x_wconf 83' lang='grc' dir='ltr'>καὶ</span> <span class='ocrx_word' id='word_1_99' title='bbox 2878 869 3197 948; x_wconf 74' lang='grc' dir='ltr'>οὐδετέρων.</span> 
     </span>
    </p>
   </div>
   <div class='ocr_carea' id='block_1_14' title="bbox 415 981 666 1032">
    <p class='ocr_par' dir='ltr' id='par_1_14' title="bbox 415 981 666 1032">
     <span class='ocr_line' id='line_1_14' title="bbox 415 981 666 1032; baseline 0 0"><span class='ocrx_word' id='word_1_100' title='bbox 415 981 666 1032; x_wconf 89' lang='lat' dir='ltr'>trorum.</span> 
     </span>
    </p>
   </div>
   <div class='ocr_carea' id='block_1_15' title="bbox 487 1046 2098 1132">
    <p class='ocr_par' dir='ltr' id='par_1_15' title="bbox 487 1054 2068 1132">
     <span class='ocr_line' id='line_1_15' title="bbox 487 1054 2068 1132; baseline -0.008 -10"><span class='ocrx_word' id='word_1_101' title='bbox 487 1065 871 1122; x_wconf 85' lang='lat' dir='ltr'>Cavillantur.</span> <span class='ocrx_word' id='word_1_102' title='bbox 910 1064 984 1118; x_wconf 90' lang='lat' dir='ltr'>De</span> <span class='ocrx_word' id='word_1_103' title='bbox 1006 1060 1079 1116; x_wconf 91' lang='lat' dir='ltr'>iis</span> <span class='ocrx_word' id='word_1_104' title='bbox 1105 1059 1203 1132; x_wconf 87' lang='lat' dir='ltr'>qui</span> <span class='ocrx_word' id='word_1_105' title='bbox 1225 1059 1548 1130; x_wconf 88' lang='lat' dir='ltr'>loquuntur</span> <span class='ocrx_word' id='word_1_106' title='bbox 1579 1057 1860 1113; x_wconf 89' lang='lat' dir='ltr'>adversus</span> <span class='ocrx_word' id='word_1_107' title='bbox 1883 1054 2068 1110; x_wconf 90' lang='lat' dir='ltr'>Deum</span> 
     </span>
    </p>
   </div>
   <div class='ocr_carea' id='block_1_16' title="bbox 2198 1046 3809 1132">
    <p class='ocr_par' dir='ltr' id='par_1_16' title="bbox 2250 1046 3809 1126">
     <span class='ocr_line' id='line_1_16' title="bbox 2250 1046 3809 1126; baseline 0.008 -24"><span class='ocrx_word' id='word_1_108' title='bbox 2250 1046 2765 1124; x_wconf 82' lang='grc' dir='ltr'>Διαλοιδοροῦνται.</span> <span class='ocrx_word' id='word_1_109' title='bbox 2824 1051 2952 1126; x_wconf 85' lang='grc' dir='ltr'>Περὶ</span> <span class='ocrx_word' id='word_1_110' title='bbox 3006 1052 3116 1106; x_wconf 87' lang='grc' dir='ltr'>τῶν</span> <span class='ocrx_word' id='word_1_111' title='bbox 3175 1049 3489 1108; x_wconf 79' lang='grc' dir='ltr'>λαλούντων</span> <span class='ocrx_word' id='word_1_112' title='bbox 3549 1056 3679 1111; x_wconf 85' lang='grc' dir='ltr'>κατά</span> <span class='ocrx_word' id='word_1_113' title='bbox 3725 1066 3809 1115; x_wconf 76' lang='grc' dir='ltr'>τοῦ</span> 
     </span>
    </p>
   </div>
   <div class='ocr_carea' id='block_1_17' title="bbox 411 1135 2022 1226">
    <p class='ocr_par' dir='ltr' id='par_1_17' title="bbox 411 1145 2022 1226">
     <span class='ocr_line' id='line_1_17' title="bbox 411 1145 2022 1226; baseline -0.007 -16"><span class='ocrx_word' id='word_1_114' title='bbox 411 1154 808 1226; x_wconf 78' lang='lat' dir='ltr'>iniquitatem,</span> <span class='ocrx_word' id='word_1_115' title='bbox 827 1158 893 1207; x_wconf 86' lang='lat' dir='ltr'>ut</span> <span class='ocrx_word' id='word_1_116' title='bbox 914 1151 994 1206; x_wconf 90' lang='lat' dir='ltr'>ait</span> <span class='ocrx_word' id='word_1_117' title='bbox 1011 1150 1378 1205; x_wconf 89' lang='lat' dir='ltr'>Psalmorum</span> <span class='ocrx_word' id='word_1_118' title='bbox 1401 1146 1716 1218; x_wconf 88' lang='lat' dir='ltr'>cantor(n).</span> <span class='ocrx_word' id='word_1_119' title='bbox 1732 1145 2022 1217; x_wconf 85' lang='lat' dir='ltr'>Opportun</span> 
     </span>
    </p>
   </div>
   <div class='ocr_carea' id='block_1_18' title="bbox 2198 1135 3809 1226">
    <p class='ocr_par' dir='ltr' id='par_1_18' title="bbox 2198 1135 3809 1217">
     <span class='ocr_line' id='line_1_18' title="bbox 2198 1135 3809 1217; baseline -0.001 -23"><span class='ocrx_word' id='word_1_120' title='bbox 2198 1143 2312 1194; x_wconf 66' lang='lat'>9506</span> <span class='ocrx_word' id='word_1_121' title='bbox 2356 1135 2588 1212; x_wconf 77' lang='grc' dir='ltr'>ἀδικίαν,</span> <span class='ocrx_word' id='word_1_122' title='bbox 2637 1139 2708 1200; x_wconf 84' lang='grc' dir='ltr'>ὥς</span> <span class='ocrx_word' id='word_1_123' title='bbox 2759 1161 2921 1217; x_wconf 80' lang='grc' dir='ltr'>φησιν</span> <span class='ocrx_word' id='word_1_124' title='bbox 2971 1140 2998 1194; x_wconf 81' lang='grc' dir='ltr'>ὁ</span> <span class='ocrx_word' id='word_1_125' title='bbox 3049 1138 3374 1214; x_wconf 82' lang='grc' dir='ltr'>ψαλμῳδός.</span> <span class='ocrx_word' id='word_1_126' title='bbox 3430 1143 3684 1200; x_wconf 78' lang='grc' dir='ltr'>Ἐνταῦθα</span> <span class='ocrx_word' id='word_1_127' title='bbox 3732 1147 3809 1203; x_wconf 82' lang='grc' dir='ltr'>εὐ.</span> 
     </span>
    </p>
   </div>
   <div class='ocr_carea' id='block_1_19' title="bbox 409 1226 2020 1311">
    <p class='ocr_par' dir='ltr' id='par_1_19' title="bbox 409 1233 2020 1311">
     <span class='ocr_line' id='line_1_19' title="bbox 409 1233 2020 1311; baseline -0.007 -12"><span class='ocrx_word' id='word_1_128' title='bbox 409 1245 519 1299; x_wconf 90' lang='lat' dir='ltr'>hoc</span> <span class='ocrx_word' id='word_1_129' title='bbox 571 1243 696 1298; x_wconf 92' lang='lat' dir='ltr'>loco</span> <span class='ocrx_word' id='word_1_130' title='bbox 748 1241 912 1311; x_wconf 88' lang='lat' dir='ltr'>dicit,</span> <span class='ocrx_word' id='word_1_131' title='bbox 953 1238 1212 1294; x_wconf 88' lang='lat' dir='ltr'>absurda</span> <span class='ocrx_word' id='word_1_132' title='bbox 1259 1253 1458 1292; x_wconf 89' lang='lat' dir='ltr'>eorum</span> <span class='ocrx_word' id='word_1_133' title='bbox 1512 1236 1829 1291; x_wconf 89' lang='lat' dir='ltr'>ostendens</span> <span class='ocrx_word' id='word_1_134' title='bbox 1858 1233 2020 1288; x_wconf 73' lang='lat' dir='ltr'>verba</span> 
     </span>
    </p>
   </div>
   <div class='ocr_carea' id='block_1_20' title="bbox 2198 1226 3809 1311">
    <p class='ocr_par' dir='ltr' id='par_1_20' title="bbox 2198 1226 3809 1309">
     <span class='ocr_line' id='line_1_20' title="bbox 2198 1226 3809 1309; baseline 0.006 -27"><span class='ocrx_word' id='word_1_135' title='bbox 2198 1228 2379 1302; x_wconf 89' lang='grc' dir='ltr'>ιαίρως</span> <span class='ocrx_word' id='word_1_136' title='bbox 2431 1229 2593 1298; x_wconf 72' lang='grc' dir='ltr'>εἶπεν,</span> <span class='ocrx_word' id='word_1_137' title='bbox 2645 1226 2924 1283; x_wconf 88' lang='grc' dir='ltr'>ἀλλόκοτα</span> <span class='ocrx_word' id='word_1_138' title='bbox 2969 1230 3038 1283; x_wconf 80' lang='grc' dir='ltr'>τὰ</span> <span class='ocrx_word' id='word_1_139' title='bbox 3090 1229 3263 1284; x_wconf 77' lang='grc' dir='ltr'>αὐτῶν</span> <span class='ocrx_word' id='word_1_140' title='bbox 3317 1228 3529 1294; x_wconf 80' lang='grc' dir='ltr'>δεικνὺς</span> <span class='ocrx_word' id='word_1_141' title='bbox 3588 1232 3809 1309; x_wconf 80' lang='grc' dir='ltr'>ῥήματα·</span> 
     </span>
    </p>
   </div>
   <div class='ocr_carea' id='block_1_21' title="bbox 409 1312 2020 1402">
    <p class='ocr_par' dir='ltr' id='par_1_21' title="bbox 409 1322 2020 1402">
     <span class='ocr_line' id='line_1_21' title="bbox 409 1322 2020 1402; baseline -0.007 -14"><span class='ocrx_word' id='word_1_142' title='bbox 409 1349 542 1388; x_wconf 90' lang='lat' dir='ltr'>cum</span> <span class='ocrx_word' id='word_1_143' title='bbox 575 1331 733 1386; x_wconf 89' lang='lat' dir='ltr'>enim</span> <span class='ocrx_word' id='word_1_144' title='bbox 775 1347 876 1402; x_wconf 92' lang='lat' dir='ltr'>per</span> <span class='ocrx_word' id='word_1_145' title='bbox 906 1345 968 1384; x_wconf 83' lang='lat' dir='ltr'>se</span> <span class='ocrx_word' id='word_1_146' title='bbox 1002 1330 1370 1394; x_wconf 84' lang='lat' dir='ltr'>moveantur,</span> <span class='ocrx_word' id='word_1_147' title='bbox 1393 1325 1452 1380; x_wconf 91' lang='lat' dir='ltr'>id</span> <span class='ocrx_word' id='word_1_148' title='bbox 1487 1330 1576 1379; x_wconf 91' lang='lat' dir='ltr'>est</span> <span class='ocrx_word' id='word_1_149' title='bbox 1607 1322 1790 1378; x_wconf 92' lang='lat' dir='ltr'>libero</span> <span class='ocrx_word' id='word_1_150' title='bbox 1824 1327 2020 1377; x_wconf 75' lang='lat' dir='ltr'>utantt</span> 
     </span>
    </p>
   </div>
   <div class='ocr_carea' id='block_1_22' title="bbox 2198 1312 3809 1402">
    <p class='ocr_par' dir='ltr' id='par_1_22' title="bbox 2198 1312 3809 1393">
     <span class='ocr_line' id='line_1_22' title="bbox 2198 1312 3809 1393; baseline 0.006 -22"><span class='ocrx_word' id='word_1_151' title='bbox 2198 1318 2520 1387; x_wconf 82' lang='grc' dir='ltr'>ιύτοκίνητοι</span> <span class='ocrx_word' id='word_1_152' title='bbox 2578 1318 2678 1393; x_wconf 72' lang='grc' dir='ltr'>γὰρ</span> <span class='ocrx_word' id='word_1_153' title='bbox 2738 1312 2909 1386; x_wconf 75' lang='grc' dir='ltr'>ὄντες,</span> <span class='ocrx_word' id='word_1_154' title='bbox 2959 1319 3234 1373; x_wconf 70' lang='grc' dir='ltr'>τουτέστιν</span> <span class='ocrx_word' id='word_1_155' title='bbox 3294 1319 3628 1391; x_wconf 85' lang='grc' dir='ltr'>αύτεξούσιοι</span> <span class='ocrx_word' id='word_1_156' title='bbox 3664 1365 3678 1390; x_wconf 86' lang='grc'><em>,</em></span> <span class='ocrx_word' id='word_1_157' title='bbox 3732 1327 3809 1380; x_wconf 77' lang='grc' dir='ltr'>καὶ</span> 
     </span>
    </p>
   </div>
   <div class='ocr_carea' id='block_1_23' title="bbox 409 1404 2020 1490">
    <p class='ocr_par' dir='ltr' id='par_1_23' title="bbox 409 1411 2020 1490">
     <span class='ocr_line' id='line_1_23' title="bbox 409 1411 2020 1490; baseline -0.008 -13"><span class='ocrx_word' id='word_1_158' title='bbox 409 1421 878 1490; x_wconf 87' lang='lat' dir='ltr'>arbitrio,atque</span> <span class='ocrx_word' id='word_1_159' title='bbox 930 1416 1191 1472; x_wconf 89' lang='lat' dir='ltr'>motibus</span> <span class='ocrx_word' id='word_1_160' title='bbox 1240 1413 1492 1486; x_wconf 83' lang='lat' dir='ltr'>propriis</span> <span class='ocrx_word' id='word_1_161' title='bbox 1543 1411 1944 1478; x_wconf 88' lang='lat' dir='ltr'>dominentur,</span> <span class='ocrx_word' id='word_1_162' title='bbox 1977 1411 2020 1464; x_wconf 83' lang='lat' dir='ltr'>ir</span> 
     </span>
    </p>
   </div>
   <div class='ocr_carea' id='block_1_24' title="bbox 2200 1404 3811 1490">
    <p class='ocr_par' dir='ltr' id='par_1_24' title="bbox 2200 1404 3811 1484">
     <span class='ocr_line' id='line_1_24' title="bbox 2200 1404 3811 1484; baseline 0.006 -25"><span class='ocrx_word' id='word_1_163' title='bbox 2200 1411 2280 1460; x_wconf 66' lang='grc' dir='ltr'>’ῶν</span> <span class='ocrx_word' id='word_1_164' title='bbox 2311 1404 2463 1461; x_wconf 82' lang='grc' dir='ltr'>ἰδίων</span> <span class='ocrx_word' id='word_1_165' title='bbox 2523 1406 2711 1482; x_wconf 82' lang='grc' dir='ltr'>ὁρμῶν</span> <span class='ocrx_word' id='word_1_166' title='bbox 2760 1405 3045 1482; x_wconf 75' lang='grc' dir='ltr'>ἄρχοντες,</span> <span class='ocrx_word' id='word_1_167' title='bbox 3097 1405 3186 1462; x_wconf 70' lang='grc' dir='ltr'>διὰ</span> <span class='ocrx_word' id='word_1_168' title='bbox 3232 1410 3308 1478; x_wconf 83' lang='grc' dir='ltr'>τί,</span> <span class='ocrx_word' id='word_1_169' title='bbox 3363 1409 3545 1484; x_wconf 87' lang='grc' dir='ltr'>φασὶν,</span> <span class='ocrx_word' id='word_1_170' title='bbox 3577 1411 3811 1483; x_wconf 83' lang='grc' dir='ltr'>αὐτεξού-</span> 
     </span>
    </p>
   </div>
   <div class='ocr_carea' id='block_1_25' title="bbox 409 1493 2020 1582">
    <p class='ocr_par' dir='ltr' id='par_1_25' title="bbox 409 1498 2020 1582">
     <span class='ocr_line' id='line_1_25' title="bbox 409 1498 2020 1582; baseline -0.007 -17"><span class='ocrx_word' id='word_1_171' title='bbox 409 1510 642 1582; x_wconf 88' lang='lat' dir='ltr'>quiunt,</span> <span class='ocrx_word' id='word_1_172' title='bbox 675 1524 779 1562; x_wconf 90' lang='lat' dir='ltr'>cur</span> <span class='ocrx_word' id='word_1_173' title='bbox 811 1505 996 1560; x_wconf 87' lang='lat' dir='ltr'>nostri</span> <span class='ocrx_word' id='word_1_174' title='bbox 1022 1504 1178 1574; x_wconf 90' lang='lat' dir='ltr'>juris</span> <span class='ocrx_word' id='word_1_175' title='bbox 1211 1502 1346 1557; x_wconf 83' lang='lat' dir='ltr'>facti</span> <span class='ocrx_word' id='word_1_176' title='bbox 1382 1518 1612 1567; x_wconf 84' lang='lat' dir='ltr'>sumus,</span> <span class='ocrx_word' id='word_1_177' title='bbox 1635 1506 1691 1556; x_wconf 89' lang='lat' dir='ltr'>et</span> <span class='ocrx_word' id='word_1_178' title='bbox 1723 1517 1834 1554; x_wconf 90' lang='lat' dir='ltr'>non</span> <span class='ocrx_word' id='word_1_179' title='bbox 1871 1498 2020 1570; x_wconf 71' lang='lat' dir='ltr'>potin</span> 
     </span>
    </p>
   </div>
   <div class='ocr_carea' id='block_1_26' title="bbox 2204 1493 3815 1582">
    <p class='ocr_par' dir='ltr' id='par_1_26' title="bbox 2204 1493 3815 1571">
     <span class='ocr_line' id='line_1_26' title="bbox 2204 1493 3815 1571; baseline 0.004 -22"><span class='ocrx_word' id='word_1_180' title='bbox 2204 1517 2282 1550; x_wconf 84' lang='grc' dir='ltr'>ἰοι</span> <span class='ocrx_word' id='word_1_181' title='bbox 2329 1495 2647 1571; x_wconf 79' lang='grc' dir='ltr'>γεγόναμεν·</span> <span class='ocrx_word' id='word_1_182' title='bbox 2691 1496 2781 1550; x_wconf 82' lang='grc' dir='ltr'>καὶ</span> <span class='ocrx_word' id='word_1_183' title='bbox 2830 1495 2892 1550; x_wconf 81' lang='grc' dir='ltr'>οὐ</span> <span class='ocrx_word' id='word_1_184' title='bbox 2945 1493 3158 1568; x_wconf 85' lang='grc' dir='ltr'>μᾶλλον</span> <span class='ocrx_word' id='word_1_185' title='bbox 3201 1497 3290 1551; x_wconf 84' lang='grc' dir='ltr'>καὶ</span> <span class='ocrx_word' id='word_1_186' title='bbox 3341 1499 3562 1561; x_wconf 83' lang='grc' dir='ltr'>ἄκοντες</span> <span class='ocrx_word' id='word_1_187' title='bbox 3608 1500 3815 1556; x_wconf 78' lang='grc' dir='ltr'>κωλυό-</span> 
     </span>
    </p>
   </div>
   <div class='ocr_carea' id='block_1_27' title="bbox 407 1585 2018 1664">
    <p class='ocr_par' dir='ltr' id='par_1_27' title="bbox 407 1589 2018 1664">
     <span class='ocr_line' id='line_1_27' title="bbox 407 1589 2018 1664; baseline -0.009 -10"><span class='ocrx_word' id='word_1_188' title='bbox 407 1595 586 1654; x_wconf 85' lang='lat' dir='ltr'>etiam</span> <span class='ocrx_word' id='word_1_189' title='bbox 621 1594 788 1651; x_wconf 88' lang='lat' dir='ltr'>inviti</span> <span class='ocrx_word' id='word_1_190' title='bbox 832 1592 1195 1664; x_wconf 89' lang='lat' dir='ltr'>impedimur</span> <span class='ocrx_word' id='word_1_191' title='bbox 1243 1606 1506 1662; x_wconf 82' lang='lat' dir='ltr'>peccare,</span> <span class='ocrx_word' id='word_1_192' title='bbox 1540 1589 1876 1661; x_wconf 85' lang='lat' dir='ltr'>ignorantes</span> <span class='ocrx_word' id='word_1_193' title='bbox 1908 1603 2018 1658; x_wconf 87' lang='lat' dir='ltr'>quo</span> 
     </span>
    </p>
   </div>
   <div class='ocr_carea' id='block_1_28' title="bbox 2204 1585 3815 1664">
    <p class='ocr_par' dir='ltr' id='par_1_28' title="bbox 2204 1585 3815 1664">
     <span class='ocr_line' id='line_1_28' title="bbox 2204 1585 3815 1664; baseline 0.005 -26"><span class='ocrx_word' id='word_1_194' title='bbox 2204 1597 2313 1648; x_wconf 89' lang='grc' dir='ltr'>ιεθα</span> <span class='ocrx_word' id='word_1_195' title='bbox 2361 1585 2703 1658; x_wconf 78' lang='grc' dir='ltr'>ἁμαρτάνειν,</span> <span class='ocrx_word' id='word_1_196' title='bbox 2758 1586 3078 1660; x_wconf 72' lang='grc' dir='ltr'>ἀγνοοῦντες</span> <span class='ocrx_word' id='word_1_197' title='bbox 3131 1586 3216 1642; x_wconf 75' lang='grc' dir='ltr'>ὅτι</span> <span class='ocrx_word' id='word_1_198' title='bbox 3266 1585 3415 1652; x_wconf 85' lang='grc' dir='ltr'>λίθοι</span> <span class='ocrx_word' id='word_1_199' title='bbox 3467 1589 3815 1664; x_wconf 77' lang='grc' dir='ltr'>ὲτεροκίνητοι</span> 
     </span>
    </p>
   </div>
   <div class='ocr_carea' id='block_1_29' title="bbox 407 1672 2018 1754">
    <p class='ocr_par' dir='ltr' id='par_1_29' title="bbox 407 1679 2018 1754">
     <span class='ocr_line' id='line_1_29' title="bbox 407 1679 2018 1754; baseline -0.007 -13"><span class='ocrx_word' id='word_1_200' title='bbox 407 1686 585 1741; x_wconf 83' lang='lat' dir='ltr'>velint</span> <span class='ocrx_word' id='word_1_201' title='bbox 615 1701 745 1740; x_wconf 88' lang='lat' dir='ltr'>esse</span> <span class='ocrx_word' id='word_1_202' title='bbox 775 1682 1003 1754; x_wconf 87' lang='lat' dir='ltr'>lapides</span> <span class='ocrx_word' id='word_1_203' title='bbox 1027 1682 1126 1753; x_wconf 88' lang='lat' dir='ltr'>qui</span> <span class='ocrx_word' id='word_1_204' title='bbox 1151 1681 1222 1736; x_wconf 89' lang='lat' dir='ltr'>ab</span> <span class='ocrx_word' id='word_1_205' title='bbox 1256 1679 1370 1735; x_wconf 91' lang='lat' dir='ltr'>alio</span> <span class='ocrx_word' id='word_1_206' title='bbox 1404 1683 1732 1744; x_wconf 87' lang='lat' dir='ltr'>moventur,</span> <span class='ocrx_word' id='word_1_207' title='bbox 1758 1683 1814 1732; x_wconf 90' lang='lat' dir='ltr'>et</span> <span class='ocrx_word' id='word_1_208' title='bbox 1836 1682 2018 1732; x_wconf 90' lang='lat' dir='ltr'>terren</span> 
     </span>
    </p>
   </div>
   <div class='ocr_carea' id='block_1_30' title="bbox 2201 1672 3812 1754">
    <p class='ocr_par' dir='ltr' id='par_1_30' title="bbox 2201 1672 3812 1752">
     <span class='ocr_line' id='line_1_30' title="bbox 2201 1672 3812 1752; baseline 0.003 -23"><span class='ocrx_word' id='word_1_209' title='bbox 2201 1672 2469 1729; x_wconf 65' lang='grc' dir='ltr'>ἰούλονται</span> <span class='ocrx_word' id='word_1_210' title='bbox 2514 1675 2668 1742; x_wconf 70' lang='grc' dir='ltr'>εἶναι,</span> <span class='ocrx_word' id='word_1_211' title='bbox 2717 1673 2804 1729; x_wconf 82' lang='grc' dir='ltr'>καί</span> <span class='ocrx_word' id='word_1_212' title='bbox 2847 1676 3011 1749; x_wconf 74' lang='grc' dir='ltr'>γήϊνα</span> <span class='ocrx_word' id='word_1_213' title='bbox 3069 1675 3298 1748; x_wconf 84' lang='grc' dir='ltr'>σώματα</span> <span class='ocrx_word' id='word_1_214' title='bbox 3347 1673 3589 1752; x_wconf 79' lang='grc' dir='ltr'>ἔχοντες,</span> <span class='ocrx_word' id='word_1_215' title='bbox 3642 1676 3728 1734; x_wconf 83' lang='grc' dir='ltr'>διὰ</span> <span class='ocrx_word' id='word_1_216' title='bbox 3765 1683 3812 1736; x_wconf 89' lang='grc' dir='ltr'>τί</span> 
     </span>
    </p>
   </div>
   <div class='ocr_carea' id='block_1_31' title="bbox 408 1761 2019 1876">
    <p class='ocr_par' dir='ltr' id='par_1_31' title="bbox 408 1765 2019 1876">
     <span class='ocr_line' id='line_1_31' title="bbox 408 1765 2019 1843; baseline -0.007 -13"><span class='ocrx_word' id='word_1_217' title='bbox 408 1775 693 1830; x_wconf 85' lang='lat' dir='ltr'>habentes</span> <span class='ocrx_word' id='word_1_218' title='bbox 724 1788 985 1843; x_wconf 84' lang='lat' dir='ltr'>corpora,</span> <span class='ocrx_word' id='word_1_219' title='bbox 1011 1787 1135 1838; x_wconf 90' lang='lat' dir='ltr'>cur,</span> <span class='ocrx_word' id='word_1_220' title='bbox 1160 1769 1348 1836; x_wconf 89' lang='lat' dir='ltr'>aiunt,</span> <span class='ocrx_word' id='word_1_221' title='bbox 1382 1784 1499 1822; x_wconf 91' lang='lat' dir='ltr'>non</span> <span class='ocrx_word' id='word_1_222' title='bbox 1532 1782 1840 1822; x_wconf 89' lang='lat' dir='ltr'>manemus</span> <span class='ocrx_word' id='word_1_223' title='bbox 1872 1765 1929 1819; x_wconf 91' lang='lat' dir='ltr'>in</span> <span class='ocrx_word' id='word_1_224' title='bbox 1963 1781 2019 1820; x_wconf 92' lang='lat' dir='ltr'>ec</span> 
     </span>
     <span class='ocr_line' id='line_1_32' title="bbox 423 1855 2019 1876; baseline 0 0"><span class='ocrx_word' id='word_1_225' title='bbox 423 1864 439 1876; x_wconf 64' lang='grc' dir='ltr'>ς</span> <span class='ocrx_word' id='word_1_226' title='bbox 609 1867 618 1876; x_wconf 91' lang='grc'>.</span> <span class='ocrx_word' id='word_1_227' title='bbox 674 1867 684 1876; x_wconf 85' lang='grc'><em>.</em></span> <span class='ocrx_word' id='word_1_228' title='bbox 784 1861 835 1876; x_wconf 75' lang='grc' dir='ltr'>οι</span> <span class='ocrx_word' id='word_1_229' title='bbox 942 1855 1384 1876; x_wconf 31' lang='grc' dir='ltr'>ιοκκψμηιᾼΙΑΞΙ--</span> <span class='ocrx_word' id='word_1_230' title='bbox 1445 1873 1566 1876; x_wconf 66' lang='lat'>______</span> <span class='ocrx_word' id='word_1_231' title='bbox 1610 1855 1791 1876; x_wconf 46' lang='lat'>-£‘____</span> <span class='ocrx_word' id='word_1_232' title='bbox 1828 1855 2019 1876; x_wconf 75' lang='lat'>2._.___.</span> 
     </span>
    </p>
   </div>
   <div class='ocr_carea' id='block_1_32' title="bbox 2201 1761 3812 1876">
    <p class='ocr_par' dir='ltr' id='par_1_32' title="bbox 2201 1761 3812 1876">
     <span class='ocr_line' id='line_1_33' title="bbox 2201 1761 3812 1843; baseline 0.004 -27"><span class='ocrx_word' id='word_1_233' title='bbox 2201 1764 2251 1832; x_wconf 79' lang='grc' dir='ltr'>ιὴ</span> <span class='ocrx_word' id='word_1_234' title='bbox 2313 1761 2364 1818; x_wconf 81' lang='grc' dir='ltr'>ἐν</span> <span class='ocrx_word' id='word_1_235' title='bbox 2414 1762 2728 1834; x_wconf 82' lang='grc' dir='ltr'>ταυτότητι,</span> <span class='ocrx_word' id='word_1_236' title='bbox 2788 1764 2939 1841; x_wconf 81' lang='grc' dir='ltr'>φασὶ,</span> <span class='ocrx_word' id='word_1_237' title='bbox 3003 1764 3260 1836; x_wconf 72' lang='grc' dir='ltr'>μένομεν,</span> <span class='ocrx_word' id='word_1_238' title='bbox 3320 1764 3598 1821; x_wconf 77' lang='grc' dir='ltr'>τουτέστιν</span> <span class='ocrx_word' id='word_1_239' title='bbox 3668 1767 3812 1843; x_wconf 74' lang='grc' dir='ltr'>ἀτρε-</span> 
     </span>
     <span class='ocr_line' id='line_1_34' title="bbox 2201 1848 3809 1876; baseline 0 0"><span class='ocrx_word' id='word_1_240' title='bbox 2201 1873 2291 1876; x_wconf 62' lang='lat'>__-,</span> <span class='ocrx_word' id='word_1_241' title='bbox 2357 1851 2602 1876; x_wconf 58' lang='lat' dir='ltr'>),...L,,___.</span> <span class='ocrx_word' id='word_1_242' title='bbox 2643 1848 2785 1876; x_wconf 33' lang='lat' dir='ltr'>1&#39;,,__A</span> <span class='ocrx_word' id='word_1_243' title='bbox 2982 1854 3092 1876; x_wconf 63' lang='lat' dir='ltr'>--_,r</span> <span class='ocrx_word' id='word_1_244' title='bbox 3160 1875 3171 1876; x_wconf 32' lang='grc' dir='ltr'><em>γ</em></span> <span class='ocrx_word' id='word_1_245' title='bbox 3219 1874 3256 1876; x_wconf 34' lang='grc' dir='ltr'>,ν</span> <span class='ocrx_word' id='word_1_246' title='bbox 3321 1861 3403 1876; x_wconf 20' lang='grc' dir='ltr'>κου</span> <span class='ocrx_word' id='word_1_247' title='bbox 3492 1855 3542 1876; x_wconf 60' lang='grc' dir='ltr'>με</span> <span class='ocrx_word' id='word_1_248' title='bbox 3649 1862 3673 1872; x_wconf 78' lang='lat'><strong>~</strong></span> <span class='ocrx_word' id='word_1_249' title='bbox 3798 1858 3809 1871; x_wconf 82' lang='lat'><strong>-</strong></span> 
     </span>
    </p>
   </div>
   <div class='ocr_carea' id='block_1_33' title="bbox 407 1848 2018 1929">
    <p class='ocr_par' dir='ltr' id='par_1_33' title="bbox 407 1855 2018 1927">
     <span class='ocr_line' id='line_1_35' title="bbox 407 1855 2018 1927; baseline -0.007 -8"><span class='ocrx_word' id='word_1_250' title='bbox 407 1864 540 1919; x_wconf 88' lang='lat' dir='ltr'>dem</span> <span class='ocrx_word' id='word_1_251' title='bbox 575 1867 756 1927; x_wconf 88' lang='lat' dir='ltr'>statu,</span> <span class='ocrx_word' id='word_1_252' title='bbox 782 1861 839 1914; x_wconf 93' lang='lat' dir='ltr'>id</span> <span class='ocrx_word' id='word_1_253' title='bbox 872 1864 961 1914; x_wconf 89' lang='lat' dir='ltr'>est</span> <span class='ocrx_word' id='word_1_254' title='bbox 983 1855 1408 1926; x_wconf 89' lang='lat' dir='ltr'>immutabiles,</span> <span class='ocrx_word' id='word_1_255' title='bbox 1438 1873 1572 1911; x_wconf 90' lang='lat' dir='ltr'>cum</span> <span class='ocrx_word' id='word_1_256' title='bbox 1606 1855 1794 1910; x_wconf 87' lang='lat' dir='ltr'>simus</span> <span class='ocrx_word' id='word_1_257' title='bbox 1828 1855 2018 1909; x_wconf 57' lang='lat' dir='ltr'>immo}</span> 
     </span>
    </p>
   </div>
   <div class='ocr_carea' id='block_1_34' title="bbox 2201 1848 3812 1929">
    <p class='ocr_par' dir='ltr' id='par_1_34' title="bbox 2201 1848 3812 1929">
     <span class='ocr_line' id='line_1_36' title="bbox 2201 1848 3812 1929; baseline 0.003 -24"><span class='ocrx_word' id='word_1_258' title='bbox 2201 1873 2318 1924; x_wconf 79' lang='grc' dir='ltr'>ττοι,</span> <span class='ocrx_word' id='word_1_259' title='bbox 2351 1851 2607 1916; x_wconf 80' lang='grc' dir='ltr'>ἀθάνατοι</span> <span class='ocrx_word' id='word_1_260' title='bbox 2640 1848 2808 1920; x_wconf 77' lang='grc' dir='ltr'>ὄντες,</span> <span class='ocrx_word' id='word_1_261' title='bbox 2841 1853 2930 1906; x_wconf 87' lang='grc' dir='ltr'>καὶ</span> <span class='ocrx_word' id='word_1_262' title='bbox 2981 1854 3263 1929; x_wconf 82' lang='grc' dir='ltr'>χρώμενοι</span> <span class='ocrx_word' id='word_1_263' title='bbox 3313 1861 3430 1916; x_wconf 85' lang='grc' dir='ltr'>τοῖς</span> <span class='ocrx_word' id='word_1_264' title='bbox 3485 1855 3700 1918; x_wconf 86' lang='grc' dir='ltr'>ὑλικοῖς</span> <span class='ocrx_word' id='word_1_265' title='bbox 3730 1858 3812 1912; x_wconf 78' lang='grc' dir='ltr'>καὶ</span> 
     </span>
    </p>
   </div>
   <div class='ocr_carea' id='block_1_35' title="bbox 404 1940 2015 2020">
    <p class='ocr_par' dir='ltr' id='par_1_35' title="bbox 404 1943 2015 2020">
     <span class='ocr_line' id='line_1_37' title="bbox 404 1943 2015 2020; baseline -0.007 -13"><span class='ocrx_word' id='word_1_266' title='bbox 404 1952 577 2017; x_wconf 89' lang='lat' dir='ltr'>tales,</span> <span class='ocrx_word' id='word_1_267' title='bbox 610 1955 786 2020; x_wconf 90' lang='lat' dir='ltr'>atque</span> <span class='ocrx_word' id='word_1_268' title='bbox 819 1946 1225 2002; x_wconf 89' lang='lat' dir='ltr'>materialibus</span> <span class='ocrx_word' id='word_1_269' title='bbox 1256 1950 1312 1999; x_wconf 90' lang='lat' dir='ltr'>et</span> <span class='ocrx_word' id='word_1_270' title='bbox 1353 1943 1748 2015; x_wconf 86' lang='lat' dir='ltr'>temporaneis</span> <span class='ocrx_word' id='word_1_271' title='bbox 1781 1948 2015 1997; x_wconf 81' lang='lat' dir='ltr'>utamur</span> 
     </span>
    </p>
   </div>
   <div class='ocr_carea' id='block_1_36' title="bbox 2200 1940 3811 2020">
    <p class='ocr_par' dir='ltr' id='par_1_36' title="bbox 2200 1940 3811 2020">
     <span class='ocr_line' id='line_1_38' title="bbox 2200 1940 3811 2020; baseline 0.004 -26"><span class='ocrx_word' id='word_1_272' title='bbox 2200 1941 2565 2016; x_wconf 77' lang='grc' dir='ltr'>τροσκαίροις;</span> <span class='ocrx_word' id='word_1_273' title='bbox 2610 1942 2784 2014; x_wconf 82' lang='grc' dir='ltr'>’Ὀπερ</span> <span class='ocrx_word' id='word_1_274' title='bbox 2836 1940 3176 2015; x_wconf 79' lang='grc' dir='ltr'>ἀγνοούντων</span> <span class='ocrx_word' id='word_1_275' title='bbox 3238 1942 3348 1997; x_wconf 79' lang='grc' dir='ltr'>ἐστὶ</span> <span class='ocrx_word' id='word_1_276' title='bbox 3410 1943 3569 2020; x_wconf 84' lang='grc' dir='ltr'>φύσιν</span> <span class='ocrx_word' id='word_1_277' title='bbox 3628 1945 3811 2017; x_wconf 82' lang='grc' dir='ltr'>αἰσθη-</span> 
     </span>
    </p>
   </div>
   <div class='ocr_carea' id='block_1_37' title="bbox 404 2027 2015 2108">
    <p class='ocr_par' dir='ltr' id='par_1_37' title="bbox 404 2031 2015 2108">
     <span class='ocr_line' id='line_1_39' title="bbox 404 2031 2015 2108; baseline -0.006 -14"><span class='ocrx_word' id='word_1_278' title='bbox 404 2041 566 2105; x_wconf 88' lang='lat' dir='ltr'>Quod</span> <span class='ocrx_word' id='word_1_279' title='bbox 599 2044 688 2093; x_wconf 91' lang='lat' dir='ltr'>est</span> <span class='ocrx_word' id='word_1_280' title='bbox 717 2036 1116 2108; x_wconf 87' lang='lat' dir='ltr'>ignorantium</span> <span class='ocrx_word' id='word_1_281' title='bbox 1153 2039 1426 2089; x_wconf 90' lang='lat' dir='ltr'>naturam</span> <span class='ocrx_word' id='word_1_282' title='bbox 1451 2031 1756 2088; x_wconf 89' lang='lat' dir='ltr'>sensilium</span> <span class='ocrx_word' id='word_1_283' title='bbox 1792 2048 1857 2086; x_wconf 93' lang='lat' dir='ltr'>ac</span> <span class='ocrx_word' id='word_1_284' title='bbox 1888 2031 2015 2085; x_wconf 53' lang='lat' dir='ltr'>intei</span> 
     </span>
    </p>
   </div>
   <div class='ocr_carea' id='block_1_38' title="bbox 2202 2027 3813 2108">
    <p class='ocr_par' dir='ltr' id='par_1_38' title="bbox 2202 2027 3813 2106">
     <span class='ocr_line' id='line_1_40' title="bbox 2202 2027 3813 2106; baseline 0.005 -24"><span class='ocrx_word' id='word_1_285' title='bbox 2202 2030 2294 2097; x_wconf 83' lang='grc' dir='ltr'>ῶν,</span> <span class='ocrx_word' id='word_1_286' title='bbox 2327 2030 2415 2083; x_wconf 82' lang='grc' dir='ltr'>καὶ</span> <span class='ocrx_word' id='word_1_287' title='bbox 2465 2034 2696 2100; x_wconf 81' lang='grc' dir='ltr'>νοητῶν,</span> <span class='ocrx_word' id='word_1_288' title='bbox 2729 2030 2816 2084; x_wconf 83' lang='grc' dir='ltr'>καὶ</span> <span class='ocrx_word' id='word_1_289' title='bbox 2869 2027 3090 2100; x_wconf 73' lang='grc' dir='ltr'>πολλὴν</span> <span class='ocrx_word' id='word_1_290' title='bbox 3123 2030 3350 2106; x_wconf 79' lang='grc' dir='ltr'>ἀλογίαν</span> <span class='ocrx_word' id='word_1_291' title='bbox 3402 2034 3726 2089; x_wconf 72' lang='grc' dir='ltr'>νοσούντων·</span> <span class='ocrx_word' id='word_1_292' title='bbox 3757 2038 3813 2090; x_wconf 86' lang='grc' dir='ltr'>τὸ</span> 
     </span>
    </p>
   </div>
   <div class='ocr_carea' id='block_1_39' title="bbox 403 2117 2014 2198">
    <p class='ocr_par' dir='ltr' id='par_1_39' title="bbox 403 2119 2014 2198">
     <span class='ocr_line' id='line_1_41' title="bbox 403 2119 2014 2198; baseline -0.006 -16"><span class='ocrx_word' id='word_1_293' title='bbox 403 2127 742 2198; x_wconf 84' lang='lat' dir='ltr'>ligibilium,</span> <span class='ocrx_word' id='word_1_294' title='bbox 778 2123 1080 2196; x_wconf 89' lang='lat' dir='ltr'>multaque</span> <span class='ocrx_word' id='word_1_295' title='bbox 1132 2122 1378 2178; x_wconf 87' lang='lat' dir='ltr'>rationis</span> <span class='ocrx_word' id='word_1_296' title='bbox 1412 2121 1735 2193; x_wconf 87' lang='lat' dir='ltr'>privatione</span> <span class='ocrx_word' id='word_1_297' title='bbox 1783 2119 2014 2175; x_wconf 88' lang='lat' dir='ltr'>laboran</span> 
     </span>
    </p>
   </div>
   <div class='ocr_carea' id='block_1_40' title="bbox 2198 2117 3809 2198">
    <p class='ocr_par' dir='ltr' id='par_1_40' title="bbox 2198 2117 3809 2197">
     <span class='ocr_line' id='line_1_42' title="bbox 2198 2117 3809 2197; baseline 0.004 -26"><span class='ocrx_word' id='word_1_298' title='bbox 2198 2119 2270 2192; x_wconf 63' lang='grc' dir='ltr'>’ἀρ</span> <span class='ocrx_word' id='word_1_299' title='bbox 2304 2123 2460 2190; x_wconf 83' lang='grc' dir='ltr'>σῶμα</span> <span class='ocrx_word' id='word_1_300' title='bbox 2491 2121 2649 2190; x_wconf 77' lang='grc' dir='ltr'>ἡμῶν</span> <span class='ocrx_word' id='word_1_301' title='bbox 2702 2117 2890 2173; x_wconf 83' lang='grc' dir='ltr'>ὑλικὸν</span> <span class='ocrx_word' id='word_1_302' title='bbox 2937 2120 3026 2174; x_wconf 76' lang='grc' dir='ltr'>καὶ</span> <span class='ocrx_word' id='word_1_303' title='bbox 3074 2119 3407 2197; x_wconf 80' lang='grc' dir='ltr'>πρόσκαιρον</span> <span class='ocrx_word' id='word_1_304' title='bbox 3456 2123 3549 2176; x_wconf 81' lang='grc' dir='ltr'>καὶ</span> <span class='ocrx_word' id='word_1_305' title='bbox 3591 2126 3809 2197; x_wconf 83' lang='grc' dir='ltr'>τρεπτὸν</span> 
     </span>
    </p>
   </div>
   <div class='ocr_carea' id='block_1_41' title="bbox 401 2205 2012 2286">
    <p class='ocr_par' dir='ltr' id='par_1_41' title="bbox 401 2207 2012 2286">
     <span class='ocr_line' id='line_1_43' title="bbox 401 2207 2012 2286; baseline -0.006 -15"><span class='ocrx_word' id='word_1_306' title='bbox 401 2216 587 2284; x_wconf 89' lang='lat' dir='ltr'>tium;</span> <span class='ocrx_word' id='word_1_307' title='bbox 619 2230 832 2286; x_wconf 89' lang='lat' dir='ltr'>corpus</span> <span class='ocrx_word' id='word_1_308' title='bbox 863 2214 1022 2268; x_wconf 90' lang='lat' dir='ltr'>enim</span> <span class='ocrx_word' id='word_1_309' title='bbox 1067 2215 1335 2266; x_wconf 89' lang='lat' dir='ltr'>nostrum</span> <span class='ocrx_word' id='word_1_310' title='bbox 1367 2227 1498 2265; x_wconf 89' lang='lat' dir='ltr'>cum</span> <span class='ocrx_word' id='word_1_311' title='bbox 1550 2209 1626 2264; x_wconf 88' lang='lat' dir='ltr'>sit</span> <span class='ocrx_word' id='word_1_312' title='bbox 1675 2207 1974 2264; x_wconf 88' lang='lat' dir='ltr'>materiale</span> <span class='ocrx_word' id='word_1_313' title='bbox 2003 2225 2012 2261; x_wconf 81' lang='grc' dir='ltr'>ι</span> 
     </span>
    </p>
   </div>
   <div class='ocr_carea' id='block_1_42' title="bbox 2205 2205 3816 2286">
    <p class='ocr_par' dir='ltr' id='par_1_42' title="bbox 2205 2205 3816 2286">
     <span class='ocr_line' id='line_1_44' title="bbox 2205 2205 3816 2286; baseline 0.003 -25"><span class='ocrx_word' id='word_1_314' title='bbox 2205 2208 2443 2282; x_wconf 82' lang='grc' dir='ltr'>πάρχον,</span> <span class='ocrx_word' id='word_1_315' title='bbox 2494 2207 2718 2269; x_wconf 75' lang='grc' dir='ltr'>εἷ’κότως</span> <span class='ocrx_word' id='word_1_316' title='bbox 2770 2205 2944 2262; x_wconf 70' lang='grc' dir='ltr'>ἐδέετο</span> <span class='ocrx_word' id='word_1_317' title='bbox 2994 2213 3101 2262; x_wconf 91' lang='grc' dir='ltr'>τῶν</span> <span class='ocrx_word' id='word_1_318' title='bbox 3148 2209 3356 2282; x_wconf 79' lang='grc' dir='ltr'>ὁμοίων</span> <span class='ocrx_word' id='word_1_319' title='bbox 3396 2255 3409 2280; x_wconf 85' lang='grc'><strong>,</strong></span> <span class='ocrx_word' id='word_1_320' title='bbox 3470 2213 3816 2286; x_wconf 77' lang='grc' dir='ltr'>προσκαίρων</span> 
     </span>
    </p>
   </div>
   <div class='ocr_carea' id='block_1_43' title="bbox 402 2295 2013 2376">
    <p class='ocr_par' dir='ltr' id='par_1_43' title="bbox 402 2297 2013 2376">
     <span class='ocr_line' id='line_1_45' title="bbox 402 2297 2013 2376; baseline -0.005 -17"><span class='ocrx_word' id='word_1_321' title='bbox 402 2305 850 2376; x_wconf 67' lang='lat' dir='ltr'>t&#39;emporaneum</span> <span class='ocrx_word' id='word_1_322' title='bbox 882 2319 946 2357; x_wconf 89' lang='lat' dir='ltr'>ac</span> <span class='ocrx_word' id='word_1_323' title='bbox 999 2299 1304 2368; x_wconf 86' lang='lat' dir='ltr'>mutabile,</span> <span class='ocrx_word' id='word_1_324' title='bbox 1339 2299 1546 2355; x_wconf 89' lang='lat' dir='ltr'>merito</span> <span class='ocrx_word' id='word_1_325' title='bbox 1595 2297 1890 2353; x_wconf 87' lang='lat' dir='ltr'>similibus</span> <span class='ocrx_word' id='word_1_326' title='bbox 1921 2313 2013 2369; x_wconf 80' lang='lat' dir='ltr'>ege</span> 
     </span>
    </p>
   </div>
   <div class='ocr_carea' id='block_1_44' title="bbox 2204 2295 3815 2376">
    <p class='ocr_par' dir='ltr' id='par_1_44' title="bbox 2207 2295 3815 2371">
     <span class='ocr_line' id='line_1_46' title="bbox 2207 2295 3815 2371; baseline 0.004 -23"><span class='ocrx_word' id='word_1_327' title='bbox 2207 2295 2310 2368; x_wconf 81' lang='grc' dir='ltr'>ημῖ</span> <span class='ocrx_word' id='word_1_328' title='bbox 2363 2295 2453 2350; x_wconf 77' lang='grc' dir='ltr'>καὶ</span> <span class='ocrx_word' id='word_1_329' title='bbox 2515 2295 2740 2350; x_wconf 85' lang='grc' dir='ltr'>ὑλικῶν·</span> <span class='ocrx_word' id='word_1_330' title='bbox 2873 2295 2933 2350; x_wconf 77' lang='grc' dir='ltr'>δὲ</span> <span class='ocrx_word' id='word_1_331' title='bbox 2990 2299 3141 2371; x_wconf 77' lang='grc' dir='ltr'>ψυχὴ</span> <span class='ocrx_word' id='word_1_332' title='bbox 3205 2297 3372 2361; x_wconf 81' lang='grc' dir='ltr'>ἄϋλος</span> <span class='ocrx_word' id='word_1_333' title='bbox 3421 2300 3514 2354; x_wconf 85' lang='grc' dir='ltr'>καὶ</span> <span class='ocrx_word' id='word_1_334' title='bbox 3567 2300 3815 2363; x_wconf 71' lang='grc' dir='ltr'>ἀθάνατος</span> 
     </span>
    </p>
   </div>
   <div class='ocr_carea' id='block_1_45' title="bbox 403 2383 2014 2464">
    <p class='ocr_par' dir='ltr' id='par_1_45' title="bbox 403 2387 2014 2464">
     <span class='ocr_line' id='line_1_47' title="bbox 403 2387 2014 2464; baseline -0.006 -14"><span class='ocrx_word' id='word_1_335' title='bbox 403 2395 523 2461; x_wconf 85' lang='lat' dir='ltr'>bat,</span> <span class='ocrx_word' id='word_1_336' title='bbox 558 2392 952 2464; x_wconf 88' lang='lat' dir='ltr'>temporaneis</span> <span class='ocrx_word' id='word_1_337' title='bbox 1002 2390 1244 2462; x_wconf 89' lang='lat' dir='ltr'>inquam</span> <span class='ocrx_word' id='word_1_338' title='bbox 1286 2394 1344 2444; x_wconf 89' lang='lat' dir='ltr'>et</span> <span class='ocrx_word' id='word_1_339' title='bbox 1391 2387 1825 2455; x_wconf 88' lang='lat' dir='ltr'>materialibus;</span> <span class='ocrx_word' id='word_1_340' title='bbox 1859 2389 2014 2441; x_wconf 89' lang='lat' dir='ltr'>anim</span> 
     </span>
    </p>
   </div>
   <div class='ocr_carea' id='block_1_46' title="bbox 2210 2383 3821 2464">
    <p class='ocr_par' dir='ltr' id='par_1_46' title="bbox 2210 2383 3821 2464">
     <span class='ocr_line' id='line_1_48' title="bbox 2210 2383 3821 2464; baseline 0.004 -27"><span class='ocrx_word' id='word_1_341' title='bbox 2210 2389 2461 2452; x_wconf 80' lang='grc' dir='ltr'>ιτισθεῖσα,</span> <span class='ocrx_word' id='word_1_342' title='bbox 2511 2383 2736 2446; x_wconf 79' lang='grc' dir='ltr'>εἰκότως</span> <span class='ocrx_word' id='word_1_343' title='bbox 2772 2385 2834 2438; x_wconf 88' lang='grc' dir='ltr'>τὸ</span> <span class='ocrx_word' id='word_1_344' title='bbox 2882 2383 3220 2456; x_wconf 68' lang='grc' dir='ltr'>αὐτεξούσιον</span> <span class='ocrx_word' id='word_1_345' title='bbox 3254 2385 3370 2462; x_wconf 83' lang='grc' dir='ltr'>ἔχει</span> <span class='ocrx_word' id='word_1_346' title='bbox 3426 2386 3519 2443; x_wconf 81' lang='grc' dir='ltr'>διὰ</span> <span class='ocrx_word' id='word_1_347' title='bbox 3561 2390 3662 2458; x_wconf 79' lang='grc' dir='ltr'>τὴν</span> <span class='ocrx_word' id='word_1_348' title='bbox 3694 2390 3821 2464; x_wconf 86' lang='grc' dir='ltr'>πρὸς</span> 
     </span>
    </p>
   </div>
   <div class='ocr_carea' id='block_1_47' title="bbox 403 2470 2014 2551">
    <p class='ocr_par' dir='ltr' id='par_1_47' title="bbox 403 2475 2014 2548">
     <span class='ocr_line' id='line_1_49' title="bbox 403 2475 2014 2548; baseline -0.006 -10"><span class='ocrx_word' id='word_1_349' title='bbox 403 2499 539 2538; x_wconf 91' lang='lat' dir='ltr'>vero</span> <span class='ocrx_word' id='word_1_350' title='bbox 571 2497 706 2537; x_wconf 89' lang='lat' dir='ltr'>cum</span> <span class='ocrx_word' id='word_1_351' title='bbox 739 2485 933 2536; x_wconf 91' lang='lat' dir='ltr'>creata</span> <span class='ocrx_word' id='word_1_352' title='bbox 956 2479 1034 2534; x_wconf 91' lang='lat' dir='ltr'>sit</span> <span class='ocrx_word' id='word_1_353' title='bbox 1065 2478 1315 2534; x_wconf 72' lang='lat' dir='ltr'>materiae</span> <span class='ocrx_word' id='word_1_354' title='bbox 1344 2493 1571 2548; x_wconf 85' lang='lat' dir='ltr'>expers,</span> <span class='ocrx_word' id='word_1_355' title='bbox 1595 2481 1651 2531; x_wconf 89' lang='lat' dir='ltr'>et</span> <span class='ocrx_word' id='word_1_356' title='bbox 1682 2475 2014 2531; x_wconf 78' lang='lat' dir='ltr'>immortali:</span> 
     </span>
    </p>
   </div>
   <div class='ocr_carea' id='block_1_48' title="bbox 2207 2470 3818 2551">
    <p class='ocr_par' dir='ltr' id='par_1_48' title="bbox 2207 2470 3818 2551">
     <span class='ocr_line' id='line_1_50' title="bbox 2207 2470 3818 2551; baseline 0.002 -23"><span class='ocrx_word' id='word_1_357' title='bbox 2207 2474 2254 2528; x_wconf 69' lang='grc' dir='ltr'>ὃν</span> <span class='ocrx_word' id='word_1_358' title='bbox 2316 2470 2655 2548; x_wconf 80' lang='grc' dir='ltr'>δημιουργὸν</span> <span class='ocrx_word' id='word_1_359' title='bbox 2715 2473 3061 2546; x_wconf 79' lang='grc' dir='ltr'>ὁμοιότητα·</span> <span class='ocrx_word' id='word_1_360' title='bbox 3126 2476 3263 2551; x_wconf 83' lang='grc' dir='ltr'>ἅπερ</span> <span class='ocrx_word' id='word_1_361' title='bbox 3348 2479 3422 2549; x_wconf 82' lang='grc' dir='ltr'>μὴ</span> <span class='ocrx_word' id='word_1_362' title='bbox 3496 2483 3714 2539; x_wconf 83' lang='grc' dir='ltr'>νοῦντες</span> <span class='ocrx_word' id='word_1_363' title='bbox 3771 2478 3818 2533; x_wconf 70' lang='grc' dir='ltr'>ἐν</span> 
     </span>
    </p>
   </div>
   <div class='ocr_carea' id='block_1_49' title="bbox 407 2560 2018 2642">
    <p class='ocr_par' dir='ltr' id='par_1_49' title="bbox 407 2563 2018 2636">
     <span class='ocr_line' id='line_1_51' title="bbox 407 2563 2018 2636; baseline -0.005 -10"><span class='ocrx_word' id='word_1_364' title='bbox 407 2571 614 2626; x_wconf 88' lang='lat' dir='ltr'>merito</span> <span class='ocrx_word' id='word_1_365' title='bbox 649 2570 826 2625; x_wconf 86' lang='lat' dir='ltr'>habet</span> <span class='ocrx_word' id='word_1_366' title='bbox 858 2569 1108 2623; x_wconf 88' lang='lat' dir='ltr'>liberum</span> <span class='ocrx_word' id='word_1_367' title='bbox 1152 2566 1485 2635; x_wconf 84' lang='lat' dir='ltr'>arbitrium,</span> <span class='ocrx_word' id='word_1_368' title='bbox 1509 2569 1745 2636; x_wconf 85' lang='lat' dir='ltr'>prOpter</span> <span class='ocrx_word' id='word_1_369' title='bbox 1772 2563 2018 2618; x_wconf 89' lang='lat' dir='ltr'>similitu</span> 
     </span>
    </p>
   </div>
   <div class='ocr_carea' id='block_1_50' title="bbox 2212 2560 3823 2642">
    <p class='ocr_par' dir='ltr' id='par_1_50' title="bbox 2212 2560 3823 2642">
     <span class='ocr_line' id='line_1_52' title="bbox 2212 2560 3823 2642; baseline 0.002 -25"><span class='ocrx_word' id='word_1_370' title='bbox 2212 2561 2403 2636; x_wconf 81' lang='grc' dir='ltr'>ιατὲρῳ</span> <span class='ocrx_word' id='word_1_371' title='bbox 2435 2563 2486 2615; x_wconf 78' lang='grc' dir='ltr'>οἱ</span> <span class='ocrx_word' id='word_1_372' title='bbox 2538 2560 2782 2636; x_wconf 76' lang='grc' dir='ltr'>λοίδοροι</span> <span class='ocrx_word' id='word_1_373' title='bbox 2839 2564 3138 2641; x_wconf 71' lang='grc' dir='ltr'>μέμφονται</span> <span class='ocrx_word' id='word_1_374' title='bbox 3189 2567 3289 2634; x_wconf 78' lang='grc' dir='ltr'>τὴν</span> <span class='ocrx_word' id='word_1_375' title='bbox 3337 2566 3483 2630; x_wconf 85' lang='grc' dir='ltr'>θείαν</span> <span class='ocrx_word' id='word_1_376' title='bbox 3535 2569 3823 2642; x_wconf 82' lang='grc' dir='ltr'>πρόνοιαν,</span> 
     </span>
    </p>
   </div>
   <div class='ocr_carea' id='block_1_51' title="bbox 405 2651 2016 2730">
    <p class='ocr_par' dir='ltr' id='par_1_51' title="bbox 405 2652 2016 2724">
     <span class='ocr_line' id='line_1_53' title="bbox 405 2652 2016 2724; baseline -0.005 -9"><span class='ocrx_word' id='word_1_377' title='bbox 405 2660 597 2715; x_wconf 87' lang='lat' dir='ltr'>dinem</span> <span class='ocrx_word' id='word_1_378' title='bbox 628 2675 762 2714; x_wconf 92' lang='lat' dir='ltr'>cum</span> <span class='ocrx_word' id='word_1_379' title='bbox 796 2662 1083 2723; x_wconf 89' lang='lat' dir='ltr'>creatore;</span> <span class='ocrx_word' id='word_1_380' title='bbox 1110 2673 1234 2724; x_wconf 69' lang='lat' dir='ltr'>quae</span> <span class='ocrx_word' id='word_1_381' title='bbox 1265 2654 1508 2709; x_wconf 88' lang='lat' dir='ltr'>minime</span> <span class='ocrx_word' id='word_1_382' title='bbox 1540 2652 1934 2724; x_wconf 89' lang='lat' dir='ltr'>intelligentes</span> <span class='ocrx_word' id='word_1_383' title='bbox 1961 2669 2016 2707; x_wconf 81' lang='lat' dir='ltr'>ca</span> 
     </span>
    </p>
   </div>
   <div class='ocr_carea' id='block_1_52' title="bbox 2212 2651 3823 2730">
    <p class='ocr_par' dir='ltr' id='par_1_52' title="bbox 2212 2651 3823 2730">
     <span class='ocr_line' id='line_1_54' title="bbox 2212 2651 3823 2730; baseline 0.003 -26"><span class='ocrx_word' id='word_1_384' title='bbox 2212 2652 2428 2720; x_wconf 84' lang='grc' dir='ltr'>&gt;σαύτην</span> <span class='ocrx_word' id='word_1_385' title='bbox 2463 2652 2696 2726; x_wconf 86' lang='grc' dir='ltr'>ὁρῶντες</span> <span class='ocrx_word' id='word_1_386' title='bbox 2747 2651 3007 2722; x_wconf 77' lang='grc' dir='ltr'>εὐταξίαν·</span> <span class='ocrx_word' id='word_1_387' title='bbox 3041 2657 3202 2708; x_wconf 78' lang='grc' dir='ltr'>τοῦτο</span> <span class='ocrx_word' id='word_1_388' title='bbox 3247 2654 3347 2730; x_wconf 77' lang='grc' dir='ltr'>γὰρ</span> <span class='ocrx_word' id='word_1_389' title='bbox 3398 2652 3575 2725; x_wconf 87' lang='grc' dir='ltr'>δηλοῖ</span> <span class='ocrx_word' id='word_1_390' title='bbox 3620 2657 3703 2726; x_wconf 79' lang='grc' dir='ltr'>τὸ,</span> <span class='ocrx_word' id='word_1_391' title='bbox 3736 2656 3823 2710; x_wconf 82' lang='grc' dir='ltr'>καὶ</span> 
     </span>
    </p>
   </div>
   <div class='ocr_carea' id='block_1_53' title="bbox 405 2737 2016 2818">
    <p class='ocr_par' dir='ltr' id='par_1_53' title="bbox 405 2744 2016 2818">
     <span class='ocr_line' id='line_1_55' title="bbox 405 2744 2016 2818; baseline -0.006 -14"><span class='ocrx_word' id='word_1_392' title='bbox 405 2749 727 2818; x_wconf 82' lang='lat' dir='ltr'>villatores,</span> <span class='ocrx_word' id='word_1_393' title='bbox 751 2747 1010 2802; x_wconf 87' lang='lat' dir='ltr'>divinam</span> <span class='ocrx_word' id='word_1_394' title='bbox 1034 2744 1462 2816; x_wconf 85' lang='lat' dir='ltr'>providentiam</span> <span class='ocrx_word' id='word_1_395' title='bbox 1497 2745 1554 2800; x_wconf 89' lang='lat' dir='ltr'>in</span> <span class='ocrx_word' id='word_1_396' title='bbox 1587 2748 1837 2813; x_wconf 89' lang='lat' dir='ltr'>utroque</span> <span class='ocrx_word' id='word_1_397' title='bbox 1867 2759 2016 2814; x_wconf 67' lang='lat' dir='ltr'>reprt</span> 
     </span>
    </p>
   </div>
   <div class='ocr_carea' id='block_1_54' title="bbox 1644 2737 3255 2818">
    <p class='ocr_par' dir='ltr' id='par_1_54' title="bbox 1644 2737 3255 2814">
     <span class='ocr_line' id='line_1_56' title="bbox 1644 2737 3255 2814; baseline 0 -18"><span class='ocrx_word' id='word_1_398' title='bbox 1644 2759 1837 2813; x_wconf 75' lang='lat' dir='ltr'>.roque</span> <span class='ocrx_word' id='word_1_399' title='bbox 1867 2759 2054 2814; x_wconf 84' lang='lat' dir='ltr'>repre-</span> <span class='ocrx_word' id='word_1_400' title='bbox 2164 2737 2308 2800; x_wconf 80' lang='grc' dir='ltr'>ὅλως</span> <span class='ocrx_word' id='word_1_401' title='bbox 2336 2740 2402 2793; x_wconf 83' lang='grc' dir='ltr'>τά</span> <span class='ocrx_word' id='word_1_402' title='bbox 2433 2737 2618 2794; x_wconf 79' lang='grc' dir='ltr'>ἄλλων</span> <span class='ocrx_word' id='word_1_403' title='bbox 2650 2738 2848 2801; x_wconf 77' lang='grc' dir='ltr'>ἄλλοις</span> <span class='ocrx_word' id='word_1_404' title='bbox 2878 2737 3255 2796; x_wconf 88' lang='grc' dir='ltr'>ἀποδιδόασιν.</span> 
     </span>
    </p>
   </div>
   <div class='ocr_carea' id='block_1_55' title="bbox 402 2830 3824 2909">
    <p class='ocr_par' dir='ltr' id='par_1_55' title="bbox 402 2830 3824 2906">
     <span class='ocr_line' id='line_1_57' title="bbox 402 2830 3824 2906; baseline -0.001 -13"><span class='ocrx_word' id='word_1_405' title='bbox 402 2838 695 2906; x_wconf 88' lang='lat' dir='ltr'>hendunt,</span> <span class='ocrx_word' id='word_1_406' title='bbox 747 2837 959 2892; x_wconf 89' lang='lat' dir='ltr'>bonum</span> <span class='ocrx_word' id='word_1_407' title='bbox 1013 2835 1154 2888; x_wconf 89' lang='lat' dir='ltr'>adeo</span> <span class='ocrx_word' id='word_1_408' title='bbox 1205 2833 1469 2888; x_wconf 88' lang='lat' dir='ltr'>ordinem</span> <span class='ocrx_word' id='word_1_409' title='bbox 1517 2836 1856 2898; x_wconf 87' lang='lat' dir='ltr'>cernentes;</span> <span class='ocrx_word' id='word_1_410' title='bbox 1914 2831 2023 2885; x_wconf 90' lang='lat' dir='ltr'>hoc</span> <span class='ocrx_word' id='word_1_411' title='bbox 2079 2830 2236 2886; x_wconf 89' lang='lat' dir='ltr'>enim</span> <span class='ocrx_word' id='word_1_412' title='bbox 2287 2831 2544 2885; x_wconf 88' lang='lat' dir='ltr'>declarat</span> <span class='ocrx_word' id='word_1_413' title='bbox 2591 2830 2759 2901; x_wconf 90' lang='lat' dir='ltr'>illud,</span> <span class='ocrx_word' id='word_1_414' title='bbox 2809 2837 2866 2886; x_wconf 88' lang='lat' dir='ltr'>et</span> <span class='ocrx_word' id='word_1_415' title='bbox 2911 2834 3152 2888; x_wconf 89' lang='lat' dir='ltr'>omnino</span> <span class='ocrx_word' id='word_1_416' title='bbox 3202 2850 3330 2905; x_wconf 62' lang='lat' dir='ltr'>qua;</span> <span class='ocrx_word' id='word_1_417' title='bbox 3385 2833 3645 2891; x_wconf 89' lang='lat' dir='ltr'>aliorum</span> <span class='ocrx_word' id='word_1_418' title='bbox 3698 2834 3824 2891; x_wconf 83' lang='lat' dir='ltr'>aliis</span> 
     </span>
    </p>
   </div>
   <div class='ocr_carea' id='block_1_56' title="bbox 402 2927 697 2983">
    <p class='ocr_par' dir='ltr' id='par_1_56' title="bbox 402 2927 697 2983">
     <span class='ocr_line' id='line_1_58' title="bbox 402 2927 697 2983; baseline -0.01 0"><span class='ocrx_word' id='word_1_419' title='bbox 402 2927 697 2983; x_wconf 88' lang='lat' dir='ltr'>tribuunt.</span> 
     </span>
    </p>
   </div>
   <div class='ocr_carea' id='block_1_57' title="bbox 480 3006 2091 3086">
    <p class='ocr_par' dir='ltr' id='par_1_57' title="bbox 480 3007 2091 3086">
     <span class='ocr_line' id='line_1_59' title="bbox 480 3007 2091 3086; baseline -0.002 -16"><span class='ocrx_word' id='word_1_420' title='bbox 480 3017 614 3083; x_wconf 66' lang='lat' dir='ltr'>Quae</span> <span class='ocrx_word' id='word_1_421' title='bbox 641 3031 696 3070; x_wconf 87' lang='lat' dir='ltr'>se</span> <span class='ocrx_word' id='word_1_422' title='bbox 728 3015 861 3086; x_wconf 84' lang='lat' dir='ltr'>ipsis</span> <span class='ocrx_word' id='word_1_423' title='bbox 901 3020 1210 3079; x_wconf 80' lang='lat' dir='ltr'>maventur,</span> <span class='ocrx_word' id='word_1_424' title='bbox 1243 3011 1338 3066; x_wconf 87' lang='lat' dir='ltr'>Gr.</span> <span class='ocrx_word' id='word_1_425' title='bbox 1375 3007 1738 3079; x_wconf 81' lang='grc' dir='ltr'>αὐτοκίνητοι.</span> <span class='ocrx_word' id='word_1_426' title='bbox 1771 3008 1874 3065; x_wconf 91' lang='lat' dir='ltr'>Sui</span> <span class='ocrx_word' id='word_1_427' title='bbox 1901 3009 2052 3080; x_wconf 87' lang='lat' dir='ltr'>juris</span> <span class='ocrx_word' id='word_1_428' title='bbox 2085 3021 2091 3066; x_wconf 79' lang='grc'><strong><em>4</em></strong></span> 
     </span>
    </p>
   </div>
   <div class='ocr_carea' id='block_1_58' title="bbox 1526 3006 3137 3086">
    <p class='ocr_par' dir='ltr' id='par_1_58' title="bbox 1526 3006 3137 3080">
     <span class='ocr_line' id='line_1_60' title="bbox 1526 3006 3137 3080; baseline 0.002 -18"><span class='ocrx_word' id='word_1_429' title='bbox 1526 3007 1738 3079; x_wconf 88' lang='grc' dir='ltr'>ιίνητοι.</span> <span class='ocrx_word' id='word_1_430' title='bbox 1771 3008 1874 3065; x_wconf 90' lang='lat' dir='ltr'>Sui</span> <span class='ocrx_word' id='word_1_431' title='bbox 1901 3009 2052 3080; x_wconf 81' lang='lat' dir='ltr'>juris</span> <span class='ocrx_word' id='word_1_432' title='bbox 2085 3010 2127 3077; x_wconf 71' lang='grc' dir='ltr'>α</span> <span class='ocrx_word' id='word_1_433' title='bbox 2236 3008 2636 3078; x_wconf 73' lang='grc' dir='ltr'>Αὐτοκινήτοις</span> <span class='ocrx_word' id='word_1_434' title='bbox 2669 3006 3042 3078; x_wconf 83' lang='grc' dir='ltr'>Αὐτεξουσίοις</span> <span class='ocrx_word' id='word_1_435' title='bbox 3073 3012 3137 3065; x_wconf 80' lang='grc' dir='ltr'>⁷ο.</span> 
     </span>
    </p>
   </div>
   <div class='ocr_carea' id='block_1_59' title="bbox 408 3102 839 3175">
    <p class='ocr_par' dir='ltr' id='par_1_59' title="bbox 408 3102 839 3175">
     <span class='ocr_line' id='line_1_61' title="bbox 408 3102 839 3175; baseline -0.005 -15"><span class='ocrx_word' id='word_1_436' title='bbox 408 3120 474 3160; x_wconf 88' lang='lat' dir='ltr'>ac</span> <span class='ocrx_word' id='word_1_437' title='bbox 509 3102 839 3175; x_wconf 87' lang='lat' dir='ltr'>potestatis.</span> 
     </span>
    </p>
   </div>
   <div class='ocr_carea' id='block_1_60' title="bbox 476 3184 2087 3266">
    <p class='ocr_par' dir='ltr' id='par_1_60' title="bbox 476 3187 2059 3264">
     <span class='ocr_line' id='line_1_62' title="bbox 476 3187 2059 3264; baseline -0.004 -16"><span class='ocrx_word' id='word_1_438' title='bbox 476 3193 626 3248; x_wconf 78' lang='lat' dir='ltr'>I99</span> <span class='ocrx_word' id='word_1_439' title='bbox 660 3192 689 3264; x_wconf 86' lang='lat'>§</span> <span class='ocrx_word' id='word_1_440' title='bbox 720 3190 810 3246; x_wconf 87' lang='lat' dir='ltr'>1X.</span> <span class='ocrx_word' id='word_1_441' title='bbox 845 3191 912 3245; x_wconf 86' lang='lat' dir='ltr'>At</span> <span class='ocrx_word' id='word_1_442' title='bbox 941 3190 1153 3245; x_wconf 74' lang='lat' dir='ltr'>dixerit</span> <span class='ocrx_word' id='word_1_443' title='bbox 1189 3190 1416 3261; x_wconf 78' lang='lat' dir='ltr'>aliquis.</span> <span class='ocrx_word' id='word_1_444' title='bbox 1444 3191 1659 3245; x_wconf 85' lang='lat' dir='ltr'>Contra</span> <span class='ocrx_word' id='word_1_445' title='bbox 1701 3204 1800 3243; x_wconf 83' lang='lat' dir='ltr'>eos</span> <span class='ocrx_word' id='word_1_446' title='bbox 1831 3190 1934 3259; x_wconf 89' lang='lat' dir='ltr'>qui</span> <span class='ocrx_word' id='word_1_447' title='bbox 1965 3187 2059 3241; x_wconf 80' lang='lat' dir='ltr'>di—</span> 
     </span>
    </p>
   </div>
   <div class='ocr_carea' id='block_1_61' title="bbox 2220 3184 3831 3266">
    <p class='ocr_par' dir='ltr' id='par_1_61' title="bbox 2239 3184 3831 3266">
     <span class='ocr_line' id='line_1_63' title="bbox 2239 3184 3831 3266; baseline 0.004 -26"><span class='ocrx_word' id='word_1_448' title='bbox 2239 3187 2268 3258; x_wconf 82' lang='lat'>§</span> <span class='ocrx_word' id='word_1_449' title='bbox 2298 3186 2384 3241; x_wconf 82' lang='lat' dir='ltr'>IX.</span> <span class='ocrx_word' id='word_1_450' title='bbox 2420 3184 2576 3241; x_wconf 85' lang='grc' dir='ltr'>Ἀλλ’</span> <span class='ocrx_word' id='word_1_451' title='bbox 2604 3188 2752 3260; x_wconf 66' lang='grc' dir='ltr'>ζεποι</span> <span class='ocrx_word' id='word_1_452' title='bbox 2805 3189 2866 3242; x_wconf 82' lang='grc' dir='ltr'>ἄν</span> <span class='ocrx_word' id='word_1_453' title='bbox 2897 3209 3001 3251; x_wconf 90' lang='grc' dir='ltr'>τις.</span> <span class='ocrx_word' id='word_1_454' title='bbox 3036 3190 3178 3264; x_wconf 85' lang='grc' dir='ltr'>Πρὸς</span> <span class='ocrx_word' id='word_1_455' title='bbox 3227 3189 3356 3252; x_wconf 84' lang='grc' dir='ltr'>τοὺς</span> <span class='ocrx_word' id='word_1_456' title='bbox 3403 3189 3682 3266; x_wconf 73' lang='grc' dir='ltr'>λέγοντας</span> <span class='ocrx_word' id='word_1_457' title='bbox 3717 3197 3831 3256; x_wconf 89' lang='grc' dir='ltr'>πῶς</span> 
     </span>
    </p>
   </div>
   <div class='ocr_carea' id='block_1_62' title="bbox 404 3272 2015 3352">
    <p class='ocr_par' dir='ltr' id='par_1_62' title="bbox 404 3276 2008 3351">
     <span class='ocr_line' id='line_1_64' title="bbox 404 3276 2008 3351; baseline -0.004 -14"><span class='ocrx_word' id='word_1_458' title='bbox 404 3286 566 3346; x_wconf 88' lang='lat' dir='ltr'>cunt,</span> <span class='ocrx_word' id='word_1_459' title='bbox 600 3279 894 3351; x_wconf 90' lang='lat' dir='ltr'>quomodo</span> <span class='ocrx_word' id='word_1_460' title='bbox 926 3278 1080 3333; x_wconf 88' lang='lat' dir='ltr'>Deus</span> <span class='ocrx_word' id='word_1_461' title='bbox 1105 3294 1218 3333; x_wconf 91' lang='lat' dir='ltr'>non</span> <span class='ocrx_word' id='word_1_462' title='bbox 1250 3282 1338 3333; x_wconf 88' lang='lat' dir='ltr'>est</span> <span class='ocrx_word' id='word_1_463' title='bbox 1366 3277 1626 3348; x_wconf 78' lang='lat' dir='ltr'>injustas</span> <span class='ocrx_word' id='word_1_464' title='bbox 1657 3293 1787 3331; x_wconf 89' lang='lat' dir='ltr'>cum</span> <span class='ocrx_word' id='word_1_465' title='bbox 1823 3276 2008 3348; x_wconf 89' lang='lat' dir='ltr'>permi</span> 
     </span>
    </p>
   </div>
   <div class='ocr_carea' id='block_1_63' title="bbox 2216 3272 3827 3352">
    <p class='ocr_par' dir='ltr' id='par_1_63' title="bbox 2216 3272 3827 3352">
     <span class='ocr_line' id='line_1_65' title="bbox 2216 3272 3827 3352; baseline 0.004 -25"><span class='ocrx_word' id='word_1_466' title='bbox 2216 3273 2266 3327; x_wconf 74' lang='lat' dir='ltr'>3x</span> <span class='ocrx_word' id='word_1_467' title='bbox 2295 3272 2479 3336; x_wconf 79' lang='grc' dir='ltr'>ἄδικος</span> <span class='ocrx_word' id='word_1_468' title='bbox 2510 3275 2537 3329; x_wconf 86' lang='grc' dir='ltr'>ὁ</span> <span class='ocrx_word' id='word_1_469' title='bbox 2566 3275 2693 3336; x_wconf 85' lang='grc' dir='ltr'>Θεὸς</span> <span class='ocrx_word' id='word_1_470' title='bbox 2726 3277 2753 3330; x_wconf 89' lang='grc' dir='ltr'>ὁ</span> <span class='ocrx_word' id='word_1_471' title='bbox 2786 3282 3085 3352; x_wconf 77' lang='grc' dir='ltr'>συγχωρῶν</span> <span class='ocrx_word' id='word_1_472' title='bbox 3134 3277 3262 3340; x_wconf 79' lang='grc' dir='ltr'>τοὺς</span> <span class='ocrx_word' id='word_1_473' title='bbox 3293 3275 3543 3342; x_wconf 82' lang='grc' dir='ltr'>δικαίους</span> <span class='ocrx_word' id='word_1_474' title='bbox 3588 3279 3696 3335; x_wconf 84' lang='grc' dir='ltr'>ύπὸ</span> <span class='ocrx_word' id='word_1_475' title='bbox 3724 3285 3827 3334; x_wconf 87' lang='grc' dir='ltr'>τῶν</span> 
     </span>
    </p>
   </div>
   <div class='ocr_carea' id='block_1_64' title="bbox 410 3360 2021 3439">
    <p class='ocr_par' dir='ltr' id='par_1_64' title="bbox 410 3366 1517 3439">
     <span class='ocr_line' id='line_1_66' title="bbox 410 3366 1517 3439; baseline -0.005 -15"><span class='ocrx_word' id='word_1_476' title='bbox 410 3373 494 3425; x_wconf 90' lang='lat' dir='ltr'>tat</span> <span class='ocrx_word' id='word_1_477' title='bbox 516 3371 716 3439; x_wconf 89' lang='lat' dir='ltr'>justos</span> <span class='ocrx_word' id='word_1_478' title='bbox 747 3369 817 3423; x_wconf 91' lang='lat' dir='ltr'>ab</span> <span class='ocrx_word' id='word_1_479' title='bbox 853 3367 1091 3438; x_wconf 88' lang='lat' dir='ltr'>injustis</span> <span class='ocrx_word' id='word_1_480' title='bbox 1125 3367 1296 3422; x_wconf 88' lang='lat' dir='ltr'>malis</span> <span class='ocrx_word' id='word_1_481' title='bbox 1327 3366 1517 3422; x_wconf 74' lang='lat' dir='ltr'>attici?</span> 
     </span>
    </p>
   </div>
   <div class='ocr_carea' id='block_1_65' title="bbox 1147 3360 2758 3439">
    <p class='ocr_par' dir='ltr' id='par_1_65' title="bbox 1147 3360 2758 3439">
     <span class='ocr_line' id='line_1_67' title="bbox 1147 3360 2758 3439; baseline -0.002 -18"><span class='ocrx_word' id='word_1_482' title='bbox 1147 3367 1296 3422; x_wconf 89' lang='lat' dir='ltr'>nalis</span> <span class='ocrx_word' id='word_1_483' title='bbox 1327 3366 1517 3422; x_wconf 84' lang='lat' dir='ltr'>alfici?</span> <span class='ocrx_word' id='word_1_484' title='bbox 2168 3360 2390 3439; x_wconf 79' lang='grc' dir='ltr'>φαύλων</span> <span class='ocrx_word' id='word_1_485' title='bbox 2422 3365 2710 3418; x_wconf 78' lang='grc' dir='ltr'>κατοῦσθαι</span> <span class='ocrx_word' id='word_1_486' title='bbox 2746 3382 2758 3433; x_wconf 90' lang='grc'><strong>;</strong></span> 
     </span>
    </p>
   </div>
   <div class='ocr_carea' id='block_1_66' title="bbox 480 3449 2091 3533">
    <p class='ocr_par' dir='ltr' id='par_1_66' title="bbox 480 3452 2058 3526">
     <span class='ocr_line' id='line_1_68' title="bbox 480 3452 2058 3526; baseline -0.004 -13"><span class='ocrx_word' id='word_1_487' title='bbox 480 3457 674 3515; x_wconf 78' lang='lat' dir='ltr'>Aliter.</span> <span class='ocrx_word' id='word_1_488' title='bbox 707 3457 924 3524; x_wconf 72' lang='lat' dir='ltr'>Quaarit</span> <span class='ocrx_word' id='word_1_489' title='bbox 954 3457 1061 3511; x_wconf 90' lang='lat' dir='ltr'>hoc</span> <span class='ocrx_word' id='word_1_490' title='bbox 1107 3455 1231 3510; x_wconf 90' lang='lat' dir='ltr'>loco</span> <span class='ocrx_word' id='word_1_491' title='bbox 1264 3455 1630 3526; x_wconf 88' lang='lat' dir='ltr'>propositum</span> <span class='ocrx_word' id='word_1_492' title='bbox 1664 3454 1832 3510; x_wconf 91' lang='lat' dir='ltr'>nobis</span> <span class='ocrx_word' id='word_1_493' title='bbox 1863 3454 1935 3509; x_wconf 90' lang='lat' dir='ltr'>ab</span> <span class='ocrx_word' id='word_1_494' title='bbox 1969 3452 2058 3508; x_wconf 90' lang='lat' dir='ltr'>al-</span> 
     </span>
    </p>
   </div>
   <div class='ocr_carea' id='block_1_67' title="bbox 2218 3449 3829 3533">
    <p class='ocr_par' dir='ltr' id='par_1_67' title="bbox 2239 3449 3829 3533">
     <span class='ocr_line' id='line_1_69' title="bbox 2239 3449 3829 3533; baseline 0.002 -26"><span class='ocrx_word' id='word_1_495' title='bbox 2239 3449 2481 3512; x_wconf 81' lang='grc' dir='ltr'>Ἀλλως.</span> <span class='ocrx_word' id='word_1_496' title='bbox 2533 3453 2789 3507; x_wconf 78' lang='grc' dir='ltr'>Ἐνταῦθα</span> <span class='ocrx_word' id='word_1_497' title='bbox 2838 3457 2990 3524; x_wconf 84' lang='grc' dir='ltr'>ζητεῖ</span> <span class='ocrx_word' id='word_1_498' title='bbox 3034 3453 3327 3533; x_wconf 81' lang='grc' dir='ltr'>κεφάλαιον</span> <span class='ocrx_word' id='word_1_499' title='bbox 3380 3458 3651 3532; x_wconf 64' lang='grc' dir='ltr'>προτεθὲν</span> <span class='ocrx_word' id='word_1_500' title='bbox 3695 3459 3829 3529; x_wconf 84' lang='grc' dir='ltr'>ἡμῖν</span> 
     </span>
    </p>
   </div>
   <div class='ocr_carea' id='block_1_68' title="bbox 411 3541 2022 3618">
    <p class='ocr_par' dir='ltr' id='par_1_68' title="bbox 411 3542 2022 3618">
     <span class='ocr_line' id='line_1_70' title="bbox 411 3542 2022 3618; baseline -0.004 -15"><span class='ocrx_word' id='word_1_501' title='bbox 411 3553 538 3603; x_wconf 89' lang='lat' dir='ltr'>tero</span> <span class='ocrx_word' id='word_1_502' title='bbox 570 3549 1015 3618; x_wconf 86' lang='lat' dir='ltr'>argumentum;</span> <span class='ocrx_word' id='word_1_503' title='bbox 1059 3543 1201 3598; x_wconf 85' lang='lat' dir='ltr'>dicit</span> <span class='ocrx_word' id='word_1_504' title='bbox 1248 3544 1404 3598; x_wconf 90' lang='lat' dir='ltr'>enim</span> <span class='ocrx_word' id='word_1_505' title='bbox 1439 3559 1452 3597; x_wconf 89' lang='lat'>:</span> <span class='ocrx_word' id='word_1_506' title='bbox 1484 3545 1700 3598; x_wconf 81' lang='lat' dir='ltr'>Diaerit</span> <span class='ocrx_word' id='word_1_507' title='bbox 1744 3542 1968 3614; x_wconf 78' lang='lat' dir='ltr'>aliquis,</span> <span class='ocrx_word' id='word_1_508' title='bbox 2002 3558 2022 3597; x_wconf 87' lang='grc' dir='ltr'>ε</span> 
     </span>
    </p>
   </div>
   <div class='ocr_carea' id='block_1_69' title="bbox 2222 3541 3833 3618">
    <p class='ocr_par' dir='ltr' id='par_1_69' title="bbox 2222 3541 3833 3618">
     <span class='ocr_line' id='line_1_71' title="bbox 2222 3541 3833 3618; baseline 0.004 -23"><span class='ocrx_word' id='word_1_509' title='bbox 2222 3541 2271 3595; x_wconf 80' lang='grc' dir='ltr'>τὸ</span> <span class='ocrx_word' id='word_1_510' title='bbox 2327 3541 2529 3616; x_wconf 72' lang='grc' dir='ltr'>ἑτέρου·</span> <span class='ocrx_word' id='word_1_511' title='bbox 2589 3542 2722 3618; x_wconf 84' lang='grc' dir='ltr'>φησὶ</span> <span class='ocrx_word' id='word_1_512' title='bbox 2775 3543 2898 3618; x_wconf 81' lang='grc' dir='ltr'>γάρ.</span> <span class='ocrx_word' id='word_1_513' title='bbox 2933 3541 3092 3598; x_wconf 67' lang='grc' dir='ltr'>Εἴποι</span> <span class='ocrx_word' id='word_1_514' title='bbox 3153 3544 3212 3597; x_wconf 83' lang='grc' dir='ltr'>ἄν</span> <span class='ocrx_word' id='word_1_515' title='bbox 3268 3565 3374 3615; x_wconf 82' lang='grc' dir='ltr'>τις,</span> <span class='ocrx_word' id='word_1_516' title='bbox 3435 3546 3535 3600; x_wconf 85' lang='grc' dir='ltr'>καὶ</span> <span class='ocrx_word' id='word_1_517' title='bbox 3587 3547 3659 3601; x_wconf 74' lang='grc' dir='ltr'>τὰ</span> <span class='ocrx_word' id='word_1_518' title='bbox 3716 3544 3833 3601; x_wconf 89' lang='grc' dir='ltr'>λοι-</span> 
     </span>
    </p>
   </div>
   <div class='ocr_carea' id='block_1_70' title="bbox 411 3625 2022 3711">
    <p class='ocr_par' dir='ltr' id='par_1_70' title="bbox 411 3631 2022 3704">
     <span class='ocr_line' id='line_1_72' title="bbox 411 3631 2022 3704; baseline -0.002 -14"><span class='ocrx_word' id='word_1_519' title='bbox 411 3641 639 3702; x_wconf 68' lang='grc' dir='ltr'>οδειοτιι,</span> <span class='ocrx_word' id='word_1_520' title='bbox 665 3633 934 3704; x_wconf 85' lang='lat' dir='ltr'>religiose</span> <span class='ocrx_word' id='word_1_521' title='bbox 957 3649 1021 3687; x_wconf 89' lang='lat' dir='ltr'>ac</span> <span class='ocrx_word' id='word_1_522' title='bbox 1047 3633 1139 3704; x_wconf 89' lang='lat' dir='ltr'>pie</span> <span class='ocrx_word' id='word_1_523' title='bbox 1171 3631 1399 3686; x_wconf 89' lang='lat' dir='ltr'>solvens</span> <span class='ocrx_word' id='word_1_524' title='bbox 1425 3648 1436 3686; x_wconf 91' lang='lat'>:</span> <span class='ocrx_word' id='word_1_525' title='bbox 1461 3633 1604 3687; x_wconf 91' lang='lat' dir='ltr'>dicit</span> <span class='ocrx_word' id='word_1_526' title='bbox 1634 3632 1787 3686; x_wconf 84' lang='lat' dir='ltr'>enim</span> <span class='ocrx_word' id='word_1_527' title='bbox 1823 3635 2022 3702; x_wconf 90' lang='lat' dir='ltr'>propte</span> 
     </span>
    </p>
   </div>
   <div class='ocr_carea' id='block_1_71' title="bbox 2222 3625 3833 3711">
    <p class='ocr_par' dir='ltr' id='par_1_71' title="bbox 2222 3625 3833 3711">
     <span class='ocr_line' id='line_1_73' title="bbox 2222 3625 3833 3711; baseline 0.003 -28"><span class='ocrx_word' id='word_1_528' title='bbox 2222 3631 2259 3698; x_wconf 76' lang='lat' dir='ltr'>ir,</span> <span class='ocrx_word' id='word_1_529' title='bbox 2321 3625 2586 3703; x_wconf 87' lang='grc' dir='ltr'>λυόμενος</span> <span class='ocrx_word' id='word_1_530' title='bbox 2642 3626 2875 3694; x_wconf 74' lang='grc' dir='ltr'>εὐσεϐῶς</span> <span class='ocrx_word' id='word_1_531' title='bbox 2922 3633 3012 3686; x_wconf 88' lang='grc' dir='ltr'>καί</span> <span class='ocrx_word' id='word_1_532' title='bbox 3061 3631 3351 3710; x_wconf 80' lang='grc' dir='ltr'>θεοφιλῶς·</span> <span class='ocrx_word' id='word_1_533' title='bbox 3399 3632 3555 3711; x_wconf 74' lang='grc' dir='ltr'>λέγει</span> <span class='ocrx_word' id='word_1_534' title='bbox 3608 3637 3715 3711; x_wconf 78' lang='grc' dir='ltr'>γὰρ</span> <span class='ocrx_word' id='word_1_535' title='bbox 3766 3633 3833 3689; x_wconf 88' lang='grc' dir='ltr'>δι’</span> 
     </span>
    </p>
   </div>
   <div class='ocr_carea' id='block_1_72' title="bbox 411 3717 2022 3795">
    <p class='ocr_par' dir='ltr' id='par_1_72' title="bbox 411 3720 2022 3795">
     <span class='ocr_line' id='line_1_74' title="bbox 411 3720 2022 3795; baseline -0.003 -17"><span class='ocrx_word' id='word_1_536' title='bbox 411 3741 591 3795; x_wconf 88' lang='lat' dir='ltr'>quam</span> <span class='ocrx_word' id='word_1_537' title='bbox 623 3738 864 3777; x_wconf 71' lang='lat' dir='ltr'>causam</span> <span class='ocrx_word' id='word_1_538' title='bbox 895 3721 1049 3776; x_wconf 89' lang='lat' dir='ltr'>Deus</span> <span class='ocrx_word' id='word_1_539' title='bbox 1082 3737 1216 3775; x_wconf 89' lang='lat' dir='ltr'>cum</span> <span class='ocrx_word' id='word_1_540' title='bbox 1251 3720 1328 3775; x_wconf 88' lang='lat' dir='ltr'>sit</span> <span class='ocrx_word' id='word_1_541' title='bbox 1351 3721 1574 3790; x_wconf 87' lang='lat' dir='ltr'>justus,</span> <span class='ocrx_word' id='word_1_542' title='bbox 1610 3722 2022 3791; x_wconf 85' lang='lat' dir='ltr'>permittatsan</span> 
     </span>
    </p>
   </div>
   <div class='ocr_carea' id='block_1_73' title="bbox 2223 3717 3834 3795">
    <p class='ocr_par' dir='ltr' id='par_1_73' title="bbox 2223 3717 3834 3795">
     <span class='ocr_line' id='line_1_75' title="bbox 2223 3717 3834 3795; baseline 0.003 -23"><span class='ocrx_word' id='word_1_543' title='bbox 2223 3741 2229 3764; x_wconf 79' lang='grc' dir='ltr'>ν</span> <span class='ocrx_word' id='word_1_544' title='bbox 2285 3719 2456 3773; x_wconf 77' lang='grc' dir='ltr'>αἰτίαν</span> <span class='ocrx_word' id='word_1_545' title='bbox 2513 3725 2793 3795; x_wconf 88' lang='grc' dir='ltr'>συγχωρεῖ</span> <span class='ocrx_word' id='word_1_546' title='bbox 2850 3721 2877 3774; x_wconf 87' lang='grc' dir='ltr'>ὁ</span> <span class='ocrx_word' id='word_1_547' title='bbox 2938 3721 3067 3784; x_wconf 83' lang='grc' dir='ltr'>Θεὸς</span> <span class='ocrx_word' id='word_1_548' title='bbox 3115 3719 3320 3783; x_wconf 89' lang='grc' dir='ltr'>δίκαιος</span> <span class='ocrx_word' id='word_1_549' title='bbox 3371 3717 3473 3791; x_wconf 82' lang='grc' dir='ltr'>ὤν,</span> <span class='ocrx_word' id='word_1_550' title='bbox 3523 3721 3834 3788; x_wconf 81' lang='grc' dir='ltr'>ἀδικεῖσθαι</span> 
     </span>
    </p>
   </div>
   <div class='ocr_carea' id='block_1_74' title="bbox 408 3805 2019 3882">
    <p class='ocr_par' dir='ltr' id='par_1_74' title="bbox 408 3807 2016 3880">
     <span class='ocr_line' id='line_1_76' title="bbox 408 3807 2016 3880; baseline -0.003 -13"><span class='ocrx_word' id='word_1_551' title='bbox 408 3819 533 3868; x_wconf 90' lang='lat' dir='ltr'>ctos</span> <span class='ocrx_word' id='word_1_552' title='bbox 563 3811 720 3866; x_wconf 90' lang='lat' dir='ltr'>viros</span> <span class='ocrx_word' id='word_1_553' title='bbox 760 3811 833 3864; x_wconf 92' lang='lat' dir='ltr'>ab</span> <span class='ocrx_word' id='word_1_554' title='bbox 866 3808 1106 3879; x_wconf 85' lang='lat' dir='ltr'>injustis</span> <span class='ocrx_word' id='word_1_555' title='bbox 1151 3814 1208 3863; x_wconf 90' lang='lat' dir='ltr'>et</span> <span class='ocrx_word' id='word_1_556' title='bbox 1257 3809 1510 3863; x_wconf 87' lang='lat' dir='ltr'>habendi</span> <span class='ocrx_word' id='word_1_557' title='bbox 1558 3809 1792 3880; x_wconf 85' lang='lat' dir='ltr'>cupidis</span> <span class='ocrx_word' id='word_1_558' title='bbox 1838 3807 2016 3878; x_wconf 84' lang='lat' dir='ltr'>injuri</span> 
     </span>
    </p>
   </div>
   <div class='ocr_carea' id='block_1_75' title="bbox 2218 3805 3829 3882">
    <p class='ocr_par' dir='ltr' id='par_1_75' title="bbox 2218 3805 3829 3882">
     <span class='ocr_line' id='line_1_77' title="bbox 2218 3805 3829 3882; baseline 0.004 -24"><span class='ocrx_word' id='word_1_559' title='bbox 2218 3805 2292 3869; x_wconf 71' lang='grc' dir='ltr'>ιὺς</span> <span class='ocrx_word' id='word_1_560' title='bbox 2349 3808 2526 3869; x_wconf 83' lang='grc' dir='ltr'>ὁσίους</span> <span class='ocrx_word' id='word_1_561' title='bbox 2582 3805 2777 3882; x_wconf 74' lang='grc' dir='ltr'>ἄνδρας</span> <span class='ocrx_word' id='word_1_562' title='bbox 2833 3808 2934 3862; x_wconf 85' lang='grc' dir='ltr'>ὑπὸ</span> <span class='ocrx_word' id='word_1_563' title='bbox 3008 3807 3211 3864; x_wconf 84' lang='grc' dir='ltr'>ἀδίκων</span> <span class='ocrx_word' id='word_1_564' title='bbox 3268 3809 3357 3864; x_wconf 83' lang='grc' dir='ltr'>καὶ</span> <span class='ocrx_word' id='word_1_565' title='bbox 3417 3810 3783 3868; x_wconf 86' lang='grc' dir='ltr'>πλεονεκτῶν</span> <span class='ocrx_word' id='word_1_566' title='bbox 3818 3831 3829 3845; x_wconf 91' lang='grc'>·</span> 
     </span>
    </p>
   </div>
   <div class='ocr_carea' id='block_1_76' title="bbox 407 3894 2018 3974">
    <p class='ocr_par' dir='ltr' id='par_1_76' title="bbox 407 3897 2018 3968">
     <span class='ocr_line' id='line_1_78' title="bbox 407 3897 2018 3968; baseline -0.004 -12"><span class='ocrx_word' id='word_1_567' title='bbox 407 3902 560 3956; x_wconf 79' lang='lat' dir='ltr'>affici</span> <span class='ocrx_word' id='word_1_568' title='bbox 589 3899 827 3968; x_wconf 90' lang='lat' dir='ltr'>(multos</span> <span class='ocrx_word' id='word_1_569' title='bbox 861 3899 1014 3953; x_wconf 89' lang='lat' dir='ltr'>enim</span> <span class='ocrx_word' id='word_1_570' title='bbox 1048 3898 1314 3952; x_wconf 85' lang='lat' dir='ltr'>videmus</span> <span class='ocrx_word' id='word_1_571' title='bbox 1338 3898 1535 3968; x_wconf 85' lang='lat' dir='ltr'>justos</span> <span class='ocrx_word' id='word_1_572' title='bbox 1564 3899 1844 3952; x_wconf 89' lang='lat' dir='ltr'>damnum</span> <span class='ocrx_word' id='word_1_573' title='bbox 1879 3897 2018 3951; x_wconf 88' lang='lat' dir='ltr'>susti</span> 
     </span>
    </p>
   </div>
   <div class='ocr_carea' id='block_1_77' title="bbox 2220 3894 3831 3974">
    <p class='ocr_par' dir='ltr' id='par_1_77' title="bbox 2220 3894 3831 3974">
     <span class='ocr_line' id='line_1_79' title="bbox 2220 3894 3831 3974; baseline 0.004 -24"><span class='ocrx_word' id='word_1_574' title='bbox 2220 3895 2428 3958; x_wconf 74' lang='grc' dir='ltr'>τολλοὺς</span> <span class='ocrx_word' id='word_1_575' title='bbox 2461 3896 2562 3970; x_wconf 74' lang='grc' dir='ltr'>γὰρ</span> <span class='ocrx_word' id='word_1_576' title='bbox 2595 3897 2810 3972; x_wconf 89' lang='grc' dir='ltr'>ὁρῶμεν</span> <span class='ocrx_word' id='word_1_577' title='bbox 2861 3894 3104 3960; x_wconf 87' lang='grc' dir='ltr'>δικαίους</span> <span class='ocrx_word' id='word_1_578' title='bbox 3156 3899 3356 3970; x_wconf 85' lang='grc' dir='ltr'>ζημίας</span> <span class='ocrx_word' id='word_1_579' title='bbox 3412 3899 3831 3974; x_wconf 75' lang='grc' dir='ltr'>ὑπομένοντας,</span> 
     </span>
    </p>
   </div>
   <div class='ocr_carea' id='block_1_78' title="bbox 403 3984 2014 4062">
    <p class='ocr_par' dir='ltr' id='par_1_78' title="bbox 403 3985 2014 4058">
     <span class='ocr_line' id='line_1_80' title="bbox 403 3985 2014 4058; baseline -0.003 -14"><span class='ocrx_word' id='word_1_580' title='bbox 403 4007 541 4044; x_wconf 87' lang='lat' dir='ltr'>nere</span> <span class='ocrx_word' id='word_1_581' title='bbox 573 3989 692 4044; x_wconf 89' lang='lat' dir='ltr'>sive</span> <span class='ocrx_word' id='word_1_582' title='bbox 719 3989 777 4042; x_wconf 91' lang='lat' dir='ltr'>in</span> <span class='ocrx_word' id='word_1_583' title='bbox 813 3987 1032 4042; x_wconf 89' lang='lat' dir='ltr'>divitiis</span> <span class='ocrx_word' id='word_1_584' title='bbox 1071 3987 1188 4042; x_wconf 89' lang='lat' dir='ltr'>sive</span> <span class='ocrx_word' id='word_1_585' title='bbox 1220 3987 1276 4041; x_wconf 88' lang='lat' dir='ltr'>in</span> <span class='ocrx_word' id='word_1_586' title='bbox 1313 3987 1564 4058; x_wconf 88' lang='lat' dir='ltr'>negotiis</span> <span class='ocrx_word' id='word_1_587' title='bbox 1614 3987 1685 4040; x_wconf 90' lang='lat' dir='ltr'>ab</span> <span class='ocrx_word' id='word_1_588' title='bbox 1733 3985 2014 4055; x_wconf 69' lang='lat' dir='ltr'>injustise</span> 
     </span>
    </p>
   </div>
   <div class='ocr_carea' id='block_1_79' title="bbox 2223 3984 3834 4062">
    <p class='ocr_par' dir='ltr' id='par_1_79' title="bbox 2245 3984 3834 4062">
     <span class='ocr_line' id='line_1_81' title="bbox 2245 3984 3834 4062; baseline 0.002 -23"><span class='ocrx_word' id='word_1_589' title='bbox 2245 3984 2298 4040; x_wconf 84' lang='grc' dir='ltr'>ἐν</span> <span class='ocrx_word' id='word_1_590' title='bbox 2357 3988 2660 4060; x_wconf 74' lang='grc' dir='ltr'>χρήμασιν,</span> <span class='ocrx_word' id='word_1_591' title='bbox 2711 3987 2745 4056; x_wconf 74' lang='grc' dir='ltr'>ἢ</span> <span class='ocrx_word' id='word_1_592' title='bbox 2799 3985 2850 4040; x_wconf 86' lang='grc' dir='ltr'>ἐν</span> <span class='ocrx_word' id='word_1_593' title='bbox 2900 3988 3180 4062; x_wconf 81' lang='grc' dir='ltr'>πράγμασι</span> <span class='ocrx_word' id='word_1_594' title='bbox 3237 3988 3388 4062; x_wconf 85' lang='grc' dir='ltr'>παρά</span> <span class='ocrx_word' id='word_1_595' title='bbox 3445 3995 3566 4044; x_wconf 90' lang='grc' dir='ltr'>τῶν</span> <span class='ocrx_word' id='word_1_596' title='bbox 3631 3990 3834 4046; x_wconf 84' lang='grc' dir='ltr'>ἀδίκων</span> 
     </span>
    </p>
   </div>
   <div class='ocr_carea' id='block_1_80' title="bbox 401 4073 2012 4156">
    <p class='ocr_par' dir='ltr' id='par_1_80' title="bbox 401 4074 2012 4150">
     <span class='ocr_line' id='line_1_82' title="bbox 401 4074 2012 4150; baseline -0.002 -18"><span class='ocrx_word' id='word_1_597' title='bbox 401 4079 645 4146; x_wconf 86' lang='lat' dir='ltr'>avaris);</span> <span class='ocrx_word' id='word_1_598' title='bbox 676 4077 978 4150; x_wconf 85' lang='lat' dir='ltr'>ingeniose</span> <span class='ocrx_word' id='word_1_599' title='bbox 1002 4093 1066 4131; x_wconf 89' lang='lat' dir='ltr'>ac</span> <span class='ocrx_word' id='word_1_600' title='bbox 1091 4075 1335 4130; x_wconf 88' lang='lat' dir='ltr'>solerter</span> <span class='ocrx_word' id='word_1_601' title='bbox 1356 4076 1699 4147; x_wconf 87' lang='lat' dir='ltr'>respondet;</span> <span class='ocrx_word' id='word_1_602' title='bbox 1731 4074 1873 4129; x_wconf 87' lang='lat' dir='ltr'>dicit</span> <span class='ocrx_word' id='word_1_603' title='bbox 1893 4074 2012 4128; x_wconf 85' lang='lat' dir='ltr'>enir</span> 
     </span>
    </p>
   </div>
   <div class='ocr_carea' id='block_1_81' title="bbox 2223 4073 3834 4156">
    <p class='ocr_par' dir='ltr' id='par_1_81' title="bbox 2223 4073 3834 4156">
     <span class='ocr_line' id='line_1_83' title="bbox 2223 4073 3834 4156; baseline 0.004 -29"><span class='ocrx_word' id='word_1_604' title='bbox 2223 4074 2247 4128; x_wconf 88' lang='grc' dir='ltr'>;ὶ</span> <span class='ocrx_word' id='word_1_605' title='bbox 2298 4074 2690 4146; x_wconf 87' lang='grc' dir='ltr'>πλεονεκτῶν·)</span> <span class='ocrx_word' id='word_1_606' title='bbox 2761 4076 2851 4129; x_wconf 85' lang='grc' dir='ltr'>καὶ</span> <span class='ocrx_word' id='word_1_607' title='bbox 2927 4073 3283 4150; x_wconf 85' lang='grc' dir='ltr'>ἀπολογεῖται</span> <span class='ocrx_word' id='word_1_608' title='bbox 3363 4076 3618 4149; x_wconf 82' lang='grc' dir='ltr'>δεξιῶς·</span> <span class='ocrx_word' id='word_1_609' title='bbox 3685 4079 3834 4156; x_wconf 73' lang='grc' dir='ltr'>λέγει</span> 
     </span>
    </p>
   </div>
   <div class='ocr_carea' id='block_1_82' title="bbox 400 4162 2011 4242">
    <p class='ocr_par' dir='ltr' id='par_1_82' title="bbox 400 4163 2005 4234">
     <span class='ocr_line' id='line_1_84' title="bbox 400 4163 2005 4234; baseline -0.004 -11"><span class='ocrx_word' id='word_1_610' title='bbox 400 4172 636 4223; x_wconf 89' lang='lat' dir='ltr'>sanctos</span> <span class='ocrx_word' id='word_1_611' title='bbox 662 4184 776 4221; x_wconf 91' lang='lat' dir='ltr'>non</span> <span class='ocrx_word' id='word_1_612' title='bbox 801 4166 1030 4231; x_wconf 89' lang='lat' dir='ltr'>debere,</span> <span class='ocrx_word' id='word_1_613' title='bbox 1051 4166 1299 4220; x_wconf 88' lang='lat' dir='ltr'>terrenis</span> <span class='ocrx_word' id='word_1_614' title='bbox 1322 4181 1387 4219; x_wconf 89' lang='lat' dir='ltr'>ac</span> <span class='ocrx_word' id='word_1_615' title='bbox 1412 4164 1805 4234; x_wconf 84' lang='lat' dir='ltr'>temporaneis</span> <span class='ocrx_word' id='word_1_616' title='bbox 1826 4163 2005 4233; x_wconf 88' lang='lat' dir='ltr'>aliqui</span> 
     </span>
    </p>
   </div>
   <div class='ocr_carea' id='block_1_83' title="bbox 2223 4162 3834 4242">
    <p class='ocr_par' dir='ltr' id='par_1_83' title="bbox 2223 4162 3834 4242">
     <span class='ocr_line' id='line_1_85' title="bbox 2223 4162 3834 4242; baseline 0.004 -26"><span class='ocrx_word' id='word_1_617' title='bbox 2223 4183 2283 4238; x_wconf 76' lang='lat' dir='ltr'>:p,</span> <span class='ocrx_word' id='word_1_618' title='bbox 2344 4162 2427 4217; x_wconf 79' lang='grc' dir='ltr'>ὅτι</span> <span class='ocrx_word' id='word_1_619' title='bbox 2479 4164 2530 4217; x_wconf 72' lang='lat' dir='ltr'>o&#39;t</span> <span class='ocrx_word' id='word_1_620' title='bbox 2581 4163 2720 4218; x_wconf 81' lang='grc' dir='ltr'>ὅσιοι</span> <span class='ocrx_word' id='word_1_621' title='bbox 2772 4163 2870 4218; x_wconf 79' lang='grc' dir='ltr'>οὐκ</span> <span class='ocrx_word' id='word_1_622' title='bbox 2929 4163 3210 4242; x_wconf 79' lang='grc' dir='ltr'>ὀφείλουσι</span> <span class='ocrx_word' id='word_1_623' title='bbox 3269 4171 3385 4228; x_wconf 87' lang='grc' dir='ltr'>τοῖς</span> <span class='ocrx_word' id='word_1_624' title='bbox 3447 4166 3689 4242; x_wconf 76' lang='grc' dir='ltr'>γηίνοις</span> <span class='ocrx_word' id='word_1_625' title='bbox 3748 4171 3834 4223; x_wconf 76' lang='grc' dir='ltr'>καὶ</span> 
     </span>
    </p>
   </div>
   <div class='ocr_carea' id='block_1_84' title="bbox 397 4251 2008 4333">
    <p class='ocr_par' dir='ltr' id='par_1_84' title="bbox 397 4253 2008 4329">
     <span class='ocr_line' id='line_1_86' title="bbox 397 4253 2008 4329; baseline -0.005 -16"><span class='ocrx_word' id='word_1_626' title='bbox 397 4258 542 4329; x_wconf 89' lang='lat' dir='ltr'>pati,</span> <span class='ocrx_word' id='word_1_627' title='bbox 569 4255 831 4328; x_wconf 88' lang='lat' dir='ltr'>alioquin</span> <span class='ocrx_word' id='word_1_628' title='bbox 867 4272 980 4310; x_wconf 90' lang='lat' dir='ltr'>non</span> <span class='ocrx_word' id='word_1_629' title='bbox 1013 4271 1144 4309; x_wconf 89' lang='lat' dir='ltr'>esse</span> <span class='ocrx_word' id='word_1_630' title='bbox 1175 4260 1442 4320; x_wconf 79' lang='lat' dir='ltr'>sanctos;</span> <span class='ocrx_word' id='word_1_631' title='bbox 1478 4253 1692 4307; x_wconf 91' lang='lat' dir='ltr'>debent</span> <span class='ocrx_word' id='word_1_632' title='bbox 1722 4253 1876 4306; x_wconf 89' lang='lat' dir='ltr'>enim</span> <span class='ocrx_word' id='word_1_633' title='bbox 1902 4269 2008 4323; x_wconf 74' lang='lat' dir='ltr'>prae</span> 
     </span>
    </p>
   </div>
   <div class='ocr_carea' id='block_1_85' title="bbox 2228 4251 3839 4333">
    <p class='ocr_par' dir='ltr' id='par_1_85' title="bbox 2236 4251 3839 4333">
     <span class='ocr_line' id='line_1_87' title="bbox 2236 4251 3839 4333; baseline 0.005 -29"><span class='ocrx_word' id='word_1_634' title='bbox 2236 4251 2513 4324; x_wconf 86' lang='grc' dir='ltr'>οσκαίροις</span> <span class='ocrx_word' id='word_1_635' title='bbox 2571 4253 2967 4327; x_wconf 80' lang='grc' dir='ltr'>προσπάσχειν,</span> <span class='ocrx_word' id='word_1_636' title='bbox 3019 4253 3133 4308; x_wconf 78' lang='grc' dir='ltr'>ἐπεὶ</span> <span class='ocrx_word' id='word_1_637' title='bbox 3185 4254 3284 4308; x_wconf 83' lang='grc' dir='ltr'>οὐκ</span> <span class='ocrx_word' id='word_1_638' title='bbox 3330 4252 3408 4309; x_wconf 75' lang='grc' dir='ltr'>ἔτι</span> <span class='ocrx_word' id='word_1_639' title='bbox 3465 4255 3644 4311; x_wconf 77' lang='grc' dir='ltr'>ὅσιοι·</span> <span class='ocrx_word' id='word_1_640' title='bbox 3706 4277 3839 4333; x_wconf 89' lang='grc' dir='ltr'>προ-</span> 
     </span>
    </p>
   </div>
   <div class='ocr_carea' id='block_1_86' title="bbox 397 4338 2008 4418">
    <p class='ocr_par' dir='ltr' id='par_1_86' title="bbox 397 4340 2008 4418">
     <span class='ocr_line' id='line_1_88' title="bbox 397 4340 2008 4418; baseline -0.002 -20"><span class='ocrx_word' id='word_1_641' title='bbox 397 4347 547 4400; x_wconf 86' lang='lat' dir='ltr'>ferre</span> <span class='ocrx_word' id='word_1_642' title='bbox 572 4363 700 4418; x_wconf 71' lang='lat' dir='ltr'>quae</span> <span class='ocrx_word' id='word_1_643' title='bbox 732 4361 863 4399; x_wconf 90' lang='lat' dir='ltr'>vere</span> <span class='ocrx_word' id='word_1_644' title='bbox 895 4345 1147 4398; x_wconf 80' lang='lat' dir='ltr'>amanda</span> <span class='ocrx_word' id='word_1_645' title='bbox 1196 4346 1336 4396; x_wconf 91' lang='lat' dir='ltr'>sunt</span> <span class='ocrx_word' id='word_1_646' title='bbox 1367 4346 1422 4395; x_wconf 89' lang='lat' dir='ltr'>et</span> <span class='ocrx_word' id='word_1_647' title='bbox 1453 4340 1676 4406; x_wconf 86' lang='lat' dir='ltr'>divina;</span> <span class='ocrx_word' id='word_1_648' title='bbox 1709 4341 2008 4395; x_wconf 84' lang='lat' dir='ltr'>divitiarur</span> 
     </span>
    </p>
   </div>
   <div class='ocr_carea' id='block_1_87' title="bbox 2225 4338 3836 4418">
    <p class='ocr_par' dir='ltr' id='par_1_87' title="bbox 2225 4338 3836 4418">
     <span class='ocr_line' id='line_1_89' title="bbox 2225 4338 3836 4418; baseline 0.006 -25"><span class='ocrx_word' id='word_1_649' title='bbox 2225 4345 2316 4410; x_wconf 67' lang='grc' dir='ltr'>αᾷν</span> <span class='ocrx_word' id='word_1_650' title='bbox 2370 4341 2472 4414; x_wconf 82' lang='grc' dir='ltr'>γὰρ</span> <span class='ocrx_word' id='word_1_651' title='bbox 2533 4340 2813 4418; x_wconf 81' lang='grc' dir='ltr'>ὀφείλουσι</span> <span class='ocrx_word' id='word_1_652' title='bbox 2871 4342 2937 4395; x_wconf 75' lang='grc' dir='ltr'>τὰ</span> <span class='ocrx_word' id='word_1_653' title='bbox 3013 4338 3182 4404; x_wconf 77' lang='grc' dir='ltr'>ὄντως</span> <span class='ocrx_word' id='word_1_654' title='bbox 3243 4343 3442 4418; x_wconf 84' lang='grc' dir='ltr'>ἐραστά</span> <span class='ocrx_word' id='word_1_655' title='bbox 3503 4346 3605 4401; x_wconf 83' lang='grc' dir='ltr'>καὶ</span> <span class='ocrx_word' id='word_1_656' title='bbox 3669 4349 3790 4402; x_wconf 82' lang='grc' dir='ltr'>θεῖα</span> <span class='ocrx_word' id='word_1_657' title='bbox 3825 4368 3836 4380; x_wconf 92' lang='grc'>·</span> 
     </span>
    </p>
   </div>
   <div class='ocr_carea' id='block_1_88' title="bbox 395 4397 2006 4505">
    <p class='ocr_par' dir='ltr' id='par_1_88' title="bbox 395 4429 2006 4505">
     <span class='ocr_line' id='line_1_90' title="bbox 395 4429 2006 4505; baseline -0.003 -17"><span class='ocrx_word' id='word_1_658' title='bbox 395 4435 549 4488; x_wconf 87' lang='lat' dir='ltr'>enim</span> <span class='ocrx_word' id='word_1_659' title='bbox 585 4433 783 4505; x_wconf 90' lang='lat' dir='ltr'>cupidi</span> <span class='ocrx_word' id='word_1_660' title='bbox 813 4449 926 4487; x_wconf 91' lang='lat' dir='ltr'>non</span> <span class='ocrx_word' id='word_1_661' title='bbox 962 4436 1102 4486; x_wconf 91' lang='lat' dir='ltr'>sunt</span> <span class='ocrx_word' id='word_1_662' title='bbox 1131 4430 1389 4500; x_wconf 84' lang='lat' dir='ltr'>amplius</span> <span class='ocrx_word' id='word_1_663' title='bbox 1421 4429 1632 4484; x_wconf 87' lang='lat' dir='ltr'>sancti.</span> <span class='ocrx_word' id='word_1_664' title='bbox 1656 4430 1724 4483; x_wconf 84' lang='lat' dir='ltr'>Et</span> <span class='ocrx_word' id='word_1_665' title='bbox 1754 4429 1837 4484; x_wconf 89' lang='lat' dir='ltr'>sic</span> <span class='ocrx_word' id='word_1_666' title='bbox 1868 4430 2006 4484; x_wconf 69' lang='lat' dir='ltr'>inter</span> 
     </span>
    </p>
   </div>
   <div class='ocr_carea' id='block_1_89' title="bbox 2226 4397 3837 4505">
    <p class='ocr_par' dir='ltr' id='par_1_89' title="bbox 2232 4397 3837 4504">
     <span class='ocr_line' id='line_1_91' title="bbox 2232 4397 3837 4504; baseline 0.004 -22"><span class='ocrx_word' id='word_1_667' title='bbox 2232 4397 2458 4500; x_wconf 48' lang='lat' dir='ltr'>npitlnv</span> <span class='ocrx_word' id='word_1_668' title='bbox 2485 4397 2587 4504; x_wconf 64' lang='grc' dir='ltr'>γὰρ</span> <span class='ocrx_word' id='word_1_669' title='bbox 2636 4428 2931 4504; x_wconf 73' lang='grc' dir='ltr'>ἐφιέμενοι,</span> <span class='ocrx_word' id='word_1_670' title='bbox 2966 4430 3064 4485; x_wconf 80' lang='grc' dir='ltr'>οὐκ</span> <span class='ocrx_word' id='word_1_671' title='bbox 3095 4428 3171 4485; x_wconf 78' lang='grc' dir='ltr'>ἔτι</span> <span class='ocrx_word' id='word_1_672' title='bbox 3222 4397 3837 4491; x_wconf 24' lang='grc' dir='ltr'>δόνιοιςηΚά-ὶψλέλνυται</span> 
     </span>
    </p>
   </div>
   <div class='ocr_carea' id='block_1_90' title="bbox 393 4516 2004 4600">
    <p class='ocr_par' dir='ltr' id='par_1_90' title="bbox 393 4518 2004 4593">
     <span class='ocr_line' id='line_1_92' title="bbox 393 4518 2004 4593; baseline -0.001 -17"><span class='ocrx_word' id='word_1_673' title='bbox 393 4523 620 4593; x_wconf 85' lang='lat' dir='ltr'>rogatio</span> <span class='ocrx_word' id='word_1_674' title='bbox 653 4521 846 4576; x_wconf 88' lang='lat' dir='ltr'>soluta</span> <span class='ocrx_word' id='word_1_675' title='bbox 877 4526 997 4588; x_wconf 88' lang='lat' dir='ltr'>est;</span> <span class='ocrx_word' id='word_1_676' title='bbox 1034 4536 1169 4573; x_wconf 84' lang='lat' dir='ltr'>nam</span> <span class='ocrx_word' id='word_1_677' title='bbox 1203 4519 1442 4574; x_wconf 90' lang='lat' dir='ltr'>divinus</span> <span class='ocrx_word' id='word_1_678' title='bbox 1478 4519 1692 4573; x_wconf 88' lang='lat' dir='ltr'>Paulus</span> <span class='ocrx_word' id='word_1_679' title='bbox 1725 4518 1835 4574; x_wconf 90' lang='lat' dir='ltr'>hoc</span> <span class='ocrx_word' id='word_1_680' title='bbox 1865 4519 2004 4574; x_wconf 90' lang='lat' dir='ltr'>dicit</span> 
     </span>
    </p>
   </div>
   <div class='ocr_carea' id='block_1_91' title="bbox 2231 4516 3842 4600">
    <p class='ocr_par' dir='ltr' id='par_1_91' title="bbox 2231 4519 3842 4600">
     <span class='ocr_line' id='line_1_93' title="bbox 2231 4519 3842 4600; baseline 0.006 -30"><span class='ocrx_word' id='word_1_681' title='bbox 2231 4519 2504 4592; x_wconf 66' lang='grc' dir='ltr'>ἐρώτησις·</span> <span class='ocrx_word' id='word_1_682' title='bbox 2554 4522 2716 4572; x_wconf 78' lang='grc' dir='ltr'>τοῦτο</span> <span class='ocrx_word' id='word_1_683' title='bbox 2756 4520 2856 4594; x_wconf 70' lang='grc' dir='ltr'>γὰρ</span> <span class='ocrx_word' id='word_1_684' title='bbox 2890 4520 2917 4573; x_wconf 85' lang='grc' dir='ltr'>ὁ</span> <span class='ocrx_word' id='word_1_685' title='bbox 2951 4524 3096 4582; x_wconf 86' lang='grc' dir='ltr'>θεῖος</span> <span class='ocrx_word' id='word_1_686' title='bbox 3145 4520 3361 4583; x_wconf 81' lang='grc' dir='ltr'>Παῦλός</span> <span class='ocrx_word' id='word_1_687' title='bbox 3413 4544 3590 4600; x_wconf 78' lang='grc' dir='ltr'>φησι,</span> <span class='ocrx_word' id='word_1_688' title='bbox 3643 4525 3746 4580; x_wconf 84' lang='grc' dir='ltr'>Διᾶ</span> <span class='ocrx_word' id='word_1_689' title='bbox 3790 4524 3842 4579; x_wconf 89' lang='grc' dir='ltr'>τί</span> 
     </span>
    </p>
   </div>
   <div class='ocr_carea' id='block_1_92' title="bbox 393 4604 2004 4687">
    <p class='ocr_par' dir='ltr' id='par_1_92' title="bbox 393 4607 2004 4679">
     <span class='ocr_line' id='line_1_94' title="bbox 393 4607 2004 4679; baseline -0.002 -13"><span class='ocrx_word' id='word_1_690' title='bbox 393 4610 578 4678; x_wconf 82' lang='lat' dir='ltr'>Quare</span> <span class='ocrx_word' id='word_1_691' title='bbox 609 4626 720 4666; x_wconf 85' lang='lat' dir='ltr'>non</span> <span class='ocrx_word' id='word_1_692' title='bbox 748 4612 930 4677; x_wconf 88' lang='lat' dir='ltr'>magis</span> <span class='ocrx_word' id='word_1_693' title='bbox 963 4608 1244 4679; x_wconf 85' lang='lat' dir='ltr'>injuriam</span> <span class='ocrx_word' id='word_1_694' title='bbox 1264 4607 1518 4677; x_wconf 76' lang='lat' dir='ltr'>accipitis</span> <span class='ocrx_word' id='word_1_695' title='bbox 1543 4608 1653 4678; x_wconf 83' lang='lat'>(0)?</span> <span class='ocrx_word' id='word_1_696' title='bbox 1683 4609 1884 4663; x_wconf 89' lang='lat' dir='ltr'>dicens</span> <span class='ocrx_word' id='word_1_697' title='bbox 1911 4607 2004 4663; x_wconf 84' lang='lat' dir='ltr'>illo</span> 
     </span>
    </p>
   </div>
   <div class='ocr_carea' id='block_1_93' title="bbox 2228 4604 3839 4687">
    <p class='ocr_par' dir='ltr' id='par_1_93' title="bbox 2228 4604 3839 4687">
     <span class='ocr_line' id='line_1_95' title="bbox 2228 4604 3839 4687; baseline 0.006 -28"><span class='ocrx_word' id='word_1_698' title='bbox 2228 4627 2250 4681; x_wconf 81' lang='grc' dir='ltr'>ρ</span> <span class='ocrx_word' id='word_1_699' title='bbox 2309 4609 2383 4678; x_wconf 73' lang='grc' dir='ltr'>μὴ</span> <span class='ocrx_word' id='word_1_700' title='bbox 2440 4604 2650 4679; x_wconf 79' lang='grc' dir='ltr'>μᾶλλον</span> <span class='ocrx_word' id='word_1_701' title='bbox 2705 4604 2974 4672; x_wconf 83' lang='grc' dir='ltr'>ἀδικεῖσθε</span> <span class='ocrx_word' id='word_1_702' title='bbox 3009 4653 3022 4677; x_wconf 85' lang='grc'><em>,</em></span> <span class='ocrx_word' id='word_1_703' title='bbox 3056 4609 3229 4684; x_wconf 71' lang='grc' dir='ltr'>λέγων</span> <span class='ocrx_word' id='word_1_704' title='bbox 3288 4612 3362 4683; x_wconf 83' lang='grc' dir='ltr'>μή</span> <span class='ocrx_word' id='word_1_705' title='bbox 3417 4613 3560 4687; x_wconf 81' lang='grc' dir='ltr'>περὶ</span> <span class='ocrx_word' id='word_1_706' title='bbox 3613 4615 3686 4670; x_wconf 81' lang='grc' dir='ltr'>τά</span> <span class='ocrx_word' id='word_1_707' title='bbox 3744 4635 3839 4668; x_wconf 91' lang='lat' dir='ltr'>xo-</span> 
     </span>
    </p>
   </div>
   <div class='ocr_carea' id='block_1_94' title="bbox 389 4695 2000 4777">
    <p class='ocr_par' dir='ltr' id='par_1_94' title="bbox 389 4697 2000 4763">
     <span class='ocr_line' id='line_1_96' title="bbox 389 4697 2000 4763; baseline -0.003 -8"><span class='ocrx_word' id='word_1_708' title='bbox 389 4716 501 4756; x_wconf 88' lang='lat' dir='ltr'>non</span> <span class='ocrx_word' id='word_1_709' title='bbox 527 4701 739 4756; x_wconf 90' lang='lat' dir='ltr'>debere</span> <span class='ocrx_word' id='word_1_710' title='bbox 768 4700 826 4753; x_wconf 88' lang='lat' dir='ltr'>in</span> <span class='ocrx_word' id='word_1_711' title='bbox 851 4698 1172 4752; x_wconf 86' lang='lat' dir='ltr'>mundanis</span> <span class='ocrx_word' id='word_1_712' title='bbox 1197 4697 1430 4763; x_wconf 87' lang='lat' dir='ltr'>terreri;</span> <span class='ocrx_word' id='word_1_713' title='bbox 1465 4702 1520 4751; x_wconf 91' lang='lat' dir='ltr'>et</span> <span class='ocrx_word' id='word_1_714' title='bbox 1542 4697 1754 4751; x_wconf 91' lang='lat' dir='ltr'>iterum</span> <span class='ocrx_word' id='word_1_715' title='bbox 1781 4697 2000 4751; x_wconf 70' lang='lat' dir='ltr'>divinu:</span> 
     </span>
    </p>
   </div>
   <div class='ocr_carea' id='block_1_95' title="bbox 2230 4695 3841 4777">
    <p class='ocr_par' dir='ltr' id='par_1_95' title="bbox 2234 4695 3841 4777">
     <span class='ocr_line' id='line_1_97' title="bbox 2234 4695 3841 4777; baseline 0.007 -28"><span class='ocrx_word' id='word_1_716' title='bbox 2234 4698 2321 4750; x_wconf 83' lang='grc' dir='ltr'>ικά</span> <span class='ocrx_word' id='word_1_717' title='bbox 2351 4695 2666 4767; x_wconf 78' lang='grc' dir='ltr'>ἐπτοῆσθαι·</span> <span class='ocrx_word' id='word_1_718' title='bbox 2717 4699 2809 4752; x_wconf 85' lang='grc' dir='ltr'>καὶ</span> <span class='ocrx_word' id='word_1_719' title='bbox 2858 4699 3025 4754; x_wconf 88' lang='grc' dir='ltr'>πάλιν</span> <span class='ocrx_word' id='word_1_720' title='bbox 3085 4701 3178 4754; x_wconf 86' lang='grc' dir='ltr'>τὸν</span> <span class='ocrx_word' id='word_1_721' title='bbox 3229 4706 3372 4764; x_wconf 87' lang='grc' dir='ltr'>θεῖον</span> <span class='ocrx_word' id='word_1_722' title='bbox 3434 4701 3636 4777; x_wconf 76' lang='grc' dir='ltr'>ἔρωτα</span> <span class='ocrx_word' id='word_1_723' title='bbox 3687 4707 3841 4776; x_wconf 61' lang='grc' dir='ltr'>εἴση-</span> 
     </span>
    </p>
   </div>
   <div class='ocr_carea' id='block_1_96' title="bbox 387 4785 1998 4866">
    <p class='ocr_par' dir='ltr' id='par_1_96' title="bbox 387 4787 1998 4860">
     <span class='ocr_line' id='line_1_98' title="bbox 387 4787 1998 4860; baseline -0.002 -16"><span class='ocrx_word' id='word_1_724' title='bbox 387 4805 644 4846; x_wconf 88' lang='lat' dir='ltr'>amorem</span> <span class='ocrx_word' id='word_1_725' title='bbox 688 4805 1007 4860; x_wconf 85' lang='lat' dir='ltr'>exponens,</span> <span class='ocrx_word' id='word_1_726' title='bbox 1039 4787 1098 4840; x_wconf 90' lang='lat' dir='ltr'>in</span> <span class='ocrx_word' id='word_1_727' title='bbox 1132 4802 1248 4858; x_wconf 91' lang='lat' dir='ltr'>quo</span> <span class='ocrx_word' id='word_1_728' title='bbox 1284 4802 1473 4857; x_wconf 86' lang='lat' dir='ltr'>neque</span> <span class='ocrx_word' id='word_1_729' title='bbox 1512 4787 1824 4856; x_wconf 86' lang='lat' dir='ltr'>injustitia,</span> <span class='ocrx_word' id='word_1_730' title='bbox 1853 4803 1998 4857; x_wconf 90' lang='lat' dir='ltr'>nequ</span> 
     </span>
    </p>
   </div>
   <div class='ocr_carea' id='block_1_97' title="bbox 2231 4785 3842 4866">
    <p class='ocr_par' dir='ltr' id='par_1_97' title="bbox 2231 4785 3842 4866">
     <span class='ocr_line' id='line_1_99' title="bbox 2231 4785 3842 4866; baseline 0.007 -28"><span class='ocrx_word' id='word_1_731' title='bbox 2231 4786 2438 4858; x_wconf 60' lang='grc' dir='ltr'>ἆμενος,</span> <span class='ocrx_word' id='word_1_732' title='bbox 2467 4787 2592 4860; x_wconf 83' lang='grc' dir='ltr'>περὶ</span> <span class='ocrx_word' id='word_1_733' title='bbox 2643 4788 2701 4841; x_wconf 75' lang='grc' dir='ltr'>’ὸν</span> <span class='ocrx_word' id='word_1_734' title='bbox 2749 4786 2871 4842; x_wconf 79' lang='grc' dir='ltr'>οὔτε</span> <span class='ocrx_word' id='word_1_735' title='bbox 2923 4785 3124 4858; x_wconf 82' lang='grc' dir='ltr'>ἀδικία,</span> <span class='ocrx_word' id='word_1_736' title='bbox 3161 4787 3285 4845; x_wconf 64' lang='grc' dir='ltr'>οὔτε</span> <span class='ocrx_word' id='word_1_737' title='bbox 3328 4790 3643 4866; x_wconf 81' lang='grc' dir='ltr'>πλεονεξία</span> <span class='ocrx_word' id='word_1_738' title='bbox 3678 4793 3842 4849; x_wconf 82' lang='grc' dir='ltr'>δύνα-</span> 
     </span>
    </p>
   </div>
   <div class='ocr_carea' id='block_1_98' title="bbox 383 4875 1994 4955">
    <p class='ocr_par' dir='ltr' id='par_1_98' title="bbox 383 4875 1994 4949">
     <span class='ocr_line' id='line_1_100' title="bbox 383 4875 1994 4949; baseline -0.002 -17"><span class='ocrx_word' id='word_1_739' title='bbox 383 4879 626 4934; x_wconf 88' lang='lat' dir='ltr'>avaritia</span> <span class='ocrx_word' id='word_1_740' title='bbox 657 4895 788 4934; x_wconf 89' lang='lat' dir='ltr'>esse</span> <span class='ocrx_word' id='word_1_741' title='bbox 819 4881 1029 4949; x_wconf 87' lang='lat' dir='ltr'>potest,</span> <span class='ocrx_word' id='word_1_742' title='bbox 1057 4875 1172 4930; x_wconf 87' lang='lat' dir='ltr'>ait:</span> <span class='ocrx_word' id='word_1_743' title='bbox 1201 4876 1332 4942; x_wconf 83' lang='lat' dir='ltr'>Quis</span> <span class='ocrx_word' id='word_1_744' title='bbox 1361 4891 1458 4929; x_wconf 85' lang='lat' dir='ltr'>nos</span> <span class='ocrx_word' id='word_1_745' title='bbox 1486 4877 1771 4946; x_wconf 77' lang='lat' dir='ltr'>separabit</span> <span class='ocrx_word' id='word_1_746' title='bbox 1803 4893 1838 4929; x_wconf 88' lang='lat' dir='ltr'>a</span> <span class='ocrx_word' id='word_1_747' title='bbox 1865 4875 1994 4930; x_wconf 86' lang='lat' dir='ltr'>char</span> 
     </span>
    </p>
   </div>
   <div class='ocr_carea' id='block_1_99' title="bbox 2233 4875 3844 4955">
    <p class='ocr_par' dir='ltr' id='par_1_99' title="bbox 2287 4876 3844 4955">
     <span class='ocr_line' id='line_1_101' title="bbox 2287 4876 3844 4955; baseline 0.008 -28"><span class='ocrx_word' id='word_1_748' title='bbox 2287 4877 2587 4949; x_wconf 72' lang='grc' dir='ltr'>γενέσθαι,</span> <span class='ocrx_word' id='word_1_749' title='bbox 2646 4877 2776 4952; x_wconf 75' lang='grc' dir='ltr'>φησί</span> <span class='ocrx_word' id='word_1_750' title='bbox 2812 4895 2825 4908; x_wconf 89' lang='grc'>·</span> <span class='ocrx_word' id='word_1_751' title='bbox 2886 4876 2984 4941; x_wconf 87' lang='grc' dir='ltr'>Τίς</span> <span class='ocrx_word' id='word_1_752' title='bbox 3051 4881 3197 4951; x_wconf 80' lang='grc' dir='ltr'>ἡμᾶς</span> <span class='ocrx_word' id='word_1_753' title='bbox 3255 4880 3498 4955; x_wconf 86' lang='grc' dir='ltr'>χωρίσει</span> <span class='ocrx_word' id='word_1_754' title='bbox 3566 4884 3683 4939; x_wconf 82' lang='grc' dir='ltr'>ἀπὸ</span> <span class='ocrx_word' id='word_1_755' title='bbox 3741 4891 3844 4953; x_wconf 79' lang='grc' dir='ltr'>τῆς</span> 
     </span>
    </p>
   </div>
   <div class='ocr_carea' id='block_1_100' title="bbox 381 4963 1992 5044">
    <p class='ocr_par' dir='ltr' id='par_1_100' title="bbox 381 4965 1987 5035">
     <span class='ocr_line' id='line_1_102' title="bbox 381 4965 1987 5035; baseline -0.002 -13"><span class='ocrx_word' id='word_1_756' title='bbox 381 4971 496 5022; x_wconf 85' lang='lat' dir='ltr'>tate</span> <span class='ocrx_word' id='word_1_757' title='bbox 546 4969 799 5034; x_wconf 78' lang='lat' dir='ltr'>Christi,</span> <span class='ocrx_word' id='word_1_758' title='bbox 855 4966 1141 5022; x_wconf 80' lang='lat' dir='ltr'>tribulatio</span> <span class='ocrx_word' id='word_1_759' title='bbox 1194 4980 1265 5018; x_wconf 86' lang='lat' dir='ltr'>an</span> <span class='ocrx_word' id='word_1_760' title='bbox 1323 4967 1582 5034; x_wconf 78' lang='lat' dir='ltr'>angustia</span> <span class='ocrx_word' id='word_1_761' title='bbox 1627 4965 1753 5035; x_wconf 78' lang='lat' dir='ltr'>(p)?</span> <span class='ocrx_word' id='word_1_762' title='bbox 1801 4970 1857 5019; x_wconf 87' lang='lat' dir='ltr'>et</span> <span class='ocrx_word' id='word_1_763' title='bbox 1911 4981 1987 5035; x_wconf 92' lang='lat' dir='ltr'>qu</span> 
     </span>
    </p>
   </div>
   <div class='ocr_carea' id='block_1_101' title="bbox 2232 4963 3843 5044">
    <p class='ocr_par' dir='ltr' id='par_1_101' title="bbox 2232 4963 3843 5044">
     <span class='ocr_line' id='line_1_103' title="bbox 2232 4963 3843 5044; baseline 0.006 -27"><span class='ocrx_word' id='word_1_764' title='bbox 2232 4963 2363 5034; x_wconf 76' lang='grc' dir='ltr'>ίπης</span> <span class='ocrx_word' id='word_1_765' title='bbox 2420 4969 2518 5019; x_wconf 79' lang='grc' dir='ltr'>τοῦ</span> <span class='ocrx_word' id='word_1_766' title='bbox 2570 4968 2847 5040; x_wconf 79' lang='grc' dir='ltr'>Χριστοῦ,</span> <span class='ocrx_word' id='word_1_767' title='bbox 2906 4964 3091 5040; x_wconf 84' lang='grc' dir='ltr'>θλίψις</span> <span class='ocrx_word' id='word_1_768' title='bbox 3151 4967 3185 5035; x_wconf 75' lang='grc' dir='ltr'><strong>ἢ</strong></span> <span class='ocrx_word' id='word_1_769' title='bbox 3242 4971 3613 5044; x_wconf 82' lang='grc' dir='ltr'>στενοχωρία</span> <span class='ocrx_word' id='word_1_770' title='bbox 3674 4993 3688 5041; x_wconf 90' lang='grc'><strong>;</strong></span> <span class='ocrx_word' id='word_1_771' title='bbox 3752 4975 3843 5027; x_wconf 77' lang='grc' dir='ltr'>καὶ</span> 
     </span>
    </p>
   </div>
   <div class='ocr_carea' id='block_1_102' title="bbox 3831 5063 3844 5080">
    <p class='ocr_par' dir='ltr' id='par_1_102' title="bbox 3831 5063 3844 5080">
     <span class='ocr_line' id='line_1_104' title="bbox 3831 5063 3844 5080; baseline 0 0"><span class='ocrx_word' id='word_1_772' title='bbox 3831 5063 3844 5080; x_wconf 82' lang='lat'><strong><em>\</em></strong></span> 
     </span>
    </p>
   </div>
   <div class='ocr_carea' id='block_1_103' title="bbox 379 5049 1990 5134">
    <p class='ocr_par' dir='ltr' id='par_1_103' title="bbox 379 5049 1990 5128">
     <span class='ocr_line' id='line_1_105' title="bbox 379 5049 1990 5128; baseline -0.001 -18"><span class='ocrx_word' id='word_1_773' title='bbox 379 5057 676 5128; x_wconf 83' lang='lat' dir='ltr'>deinceps.</span> <span class='ocrx_word' id='word_1_774' title='bbox 711 5057 891 5112; x_wconf 81' lang='lat' dir='ltr'>Vocat</span> <span class='ocrx_word' id='word_1_775' title='bbox 922 5059 1118 5109; x_wconf 88' lang='lat' dir='ltr'>autem</span> <span class='ocrx_word' id='word_1_776' title='bbox 1167 5049 1500 5124; x_wconf 82' lang='grc' dir='ltr'>προσύλους,</span> <span class='ocrx_word' id='word_1_777' title='bbox 1535 5070 1632 5108; x_wconf 91' lang='lat' dir='ltr'>eos</span> <span class='ocrx_word' id='word_1_778' title='bbox 1675 5053 1772 5124; x_wconf 89' lang='lat' dir='ltr'>qui</span> <span class='ocrx_word' id='word_1_779' title='bbox 1826 5054 1990 5108; x_wconf 71' lang='lat' dir='ltr'>affect</span> 
     </span>
    </p>
   </div>
   <div class='ocr_carea' id='block_1_104' title="bbox 2237 5049 3848 5134">
    <p class='ocr_par' dir='ltr' id='par_1_104' title="bbox 2265 5051 3848 5134">
     <span class='ocr_line' id='line_1_106' title="bbox 2265 5051 3848 5134; baseline 0.006 -27"><span class='ocrx_word' id='word_1_780' title='bbox 2265 5051 2386 5125; x_wconf 80' lang='grc' dir='ltr'>ἑξῆς</span> <span class='ocrx_word' id='word_1_781' title='bbox 2421 5098 2432 5110; x_wconf 97' lang='grc'><strong><em>.</em></strong></span> <span class='ocrx_word' id='word_1_782' title='bbox 2495 5054 2809 5130; x_wconf 88' lang='grc' dir='ltr'>Προσύλους</span> <span class='ocrx_word' id='word_1_783' title='bbox 2870 5052 2926 5109; x_wconf 72' lang='grc' dir='ltr'>δὲ</span> <span class='ocrx_word' id='word_1_784' title='bbox 2985 5077 3116 5133; x_wconf 85' lang='grc' dir='ltr'>φησι</span> <span class='ocrx_word' id='word_1_785' title='bbox 3167 5055 3296 5118; x_wconf 83' lang='grc' dir='ltr'>τοὺς</span> <span class='ocrx_word' id='word_1_786' title='bbox 3356 5057 3696 5134; x_wconf 80' lang='grc' dir='ltr'>ἐμπαθεῖς,</span> <span class='ocrx_word' id='word_1_787' title='bbox 3753 5063 3848 5117; x_wconf 82' lang='grc' dir='ltr'>καὶ</span> 
     </span>
    </p>
   </div>
   <div class='ocr_carea' id='block_1_105' title="bbox 451 5232 2218 5308">
    <p class='ocr_par' dir='ltr' id='par_1_105' title="bbox 451 5232 2218 5308">
     <span class='ocr_line' id='line_1_107' title="bbox 451 5232 2218 5308; baseline -0.001 -17"><span class='ocrx_word' id='word_1_788' title='bbox 451 5235 528 5308; x_wconf 78' lang='grc' dir='ltr'>(η)</span> <span class='ocrx_word' id='word_1_789' title='bbox 563 5235 712 5292; x_wconf 86' lang='lat' dir='ltr'>Psal.</span> <span class='ocrx_word' id='word_1_790' title='bbox 745 5253 932 5304; x_wconf 78' lang='lat' dir='ltr'>Lxxw,</span> <span class='ocrx_word' id='word_1_791' title='bbox 967 5238 1021 5289; x_wconf 87' lang='lat'>6.</span> <span class='ocrx_word' id='word_1_792' title='bbox 1100 5235 1173 5306; x_wconf 90' lang='lat'>(0)</span> <span class='ocrx_word' id='word_1_793' title='bbox 1208 5235 1227 5289; x_wconf 93' lang='grc' dir='ltr'><strong>Ι</strong></span> <span class='ocrx_word' id='word_1_794' title='bbox 1261 5233 1390 5291; x_wconf 86' lang='lat' dir='ltr'>Cor.</span> <span class='ocrx_word' id='word_1_795' title='bbox 1420 5251 1498 5299; x_wconf 79' lang='lat' dir='ltr'>v1,</span> <span class='ocrx_word' id='word_1_796' title='bbox 1530 5235 1585 5287; x_wconf 92' lang='lat'>7.</span> <span class='ocrx_word' id='word_1_797' title='bbox 1665 5232 1741 5304; x_wconf 77' lang='grc' dir='ltr'>(ρ)</span> <span class='ocrx_word' id='word_1_798' title='bbox 1775 5234 1941 5289; x_wconf 80' lang='lat' dir='ltr'>Rom.</span> <span class='ocrx_word' id='word_1_799' title='bbox 1977 5250 2100 5302; x_wconf 81' lang='lat' dir='ltr'>VIII,</span> <span class='ocrx_word' id='word_1_800' title='bbox 2132 5234 2218 5289; x_wconf 90' lang='lat'>35.</span> 
     </span>
    </p>
   </div>
   <div class='ocr_carea' id='block_1_106' title="bbox 1394 5423 2774 5489">
    <p class='ocr_par' dir='ltr' id='par_1_106' title="bbox 1394 5423 2774 5489">
     <span class='ocr_line' id='line_1_108' title="bbox 1394 5423 2774 5489; baseline 0.002 -5"><span class='ocrx_word' id='word_1_801' title='bbox 1394 5431 1635 5486; x_wconf 62' lang='lat' dir='ltr'>VARIzE</span> <span class='ocrx_word' id='word_1_802' title='bbox 1676 5429 2063 5486; x_wconf 86' lang='lat' dir='ltr'>LEGTIONES</span> <span class='ocrx_word' id='word_1_803' title='bbox 2103 5423 2774 5489; x_wconf 43' lang='lat' dir='ltr'>ET&#39;CORRECTIONES.</span> 
     </span>
    </p>
   </div>
   <div class='ocr_carea' id='block_1_107' title="bbox 442 5563 2053 5646">
    <p class='ocr_par' dir='ltr' id='par_1_107' title="bbox 442 5563 2053 5646">
     <span class='ocr_line' id='line_1_109' title="bbox 442 5563 2053 5646; baseline -0.002 -25"><span class='ocrx_word' id='word_1_804' title='bbox 442 5570 486 5602; x_wconf 88' lang='grc'>’¹⁰</span> <span class='ocrx_word' id='word_1_805' title='bbox 511 5568 596 5621; x_wconf 80' lang='grc' dir='ltr'>Ἐν</span> <span class='ocrx_word' id='word_1_806' title='bbox 624 5565 788 5636; x_wconf 81' lang='grc' dir='ltr'>ἐτέρω</span> <span class='ocrx_word' id='word_1_807' title='bbox 819 5567 991 5641; x_wconf 78' lang='grc' dir='ltr'>εὗρον·</span> <span class='ocrx_word' id='word_1_808' title='bbox 1024 5570 1143 5627; x_wconf 80' lang='grc' dir='ltr'>τοῖς</span> <span class='ocrx_word' id='word_1_809' title='bbox 1177 5566 1572 5646; x_wconf 71' lang='grc' dir='ltr'>ἓτεροκινήτοις</span> <span class='ocrx_word' id='word_1_810' title='bbox 1601 5566 1700 5632; x_wconf 77' lang='grc' dir='ltr'>τήν</span> <span class='ocrx_word' id='word_1_811' title='bbox 1729 5563 2053 5634; x_wconf 77' lang='grc' dir='ltr'>αὐτοκίνητο</span> 
     </span>
    </p>
   </div>
   <div class='ocr_carea' id='block_1_108' title="bbox 2232 5563 3843 5646">
    <p class='ocr_par' dir='ltr' id='par_1_108' title="bbox 2232 5568 3843 5646">
     <span class='ocr_line' id='line_1_110' title="bbox 2232 5568 3843 5646; baseline 0.008 -28"><span class='ocrx_word' id='word_1_812' title='bbox 2232 5585 2371 5638; x_wconf 81' lang='grc' dir='ltr'>(κην.</span> <span class='ocrx_word' id='word_1_813' title='bbox 2396 5570 2466 5646; x_wconf 78' lang='lat' dir='ltr'>_I_n</span> <span class='ocrx_word' id='word_1_814' title='bbox 2495 5568 2606 5624; x_wconf 85' lang='lat' dir='ltr'>alio</span> <span class='ocrx_word' id='word_1_815' title='bbox 2635 5569 2824 5626; x_wconf 79' lang='lat' dir='ltr'>codice</span> <span class='ocrx_word' id='word_1_816' title='bbox 2853 5570 3064 5626; x_wconf 81' lang='lat' dir='ltr'>inveni.</span> <span class='ocrx_word' id='word_1_817' title='bbox 3095 5574 3210 5632; x_wconf 85' lang='grc' dir='ltr'>τοῖς</span> <span class='ocrx_word' id='word_1_818' title='bbox 3252 5568 3690 5644; x_wconf 77' lang='grc' dir='ltr'>ἐτεροκινήτοις</span> <span class='ocrx_word' id='word_1_819' title='bbox 3744 5597 3843 5630; x_wconf 86' lang='grc' dir='ltr'>αυ-</span> 
     </span>
    </p>
   </div>
   <div class='ocr_carea' id='block_1_109' title="bbox 368 5639 1979 5713">
    <p class='ocr_par' dir='ltr' id='par_1_109' title="bbox 368 5639 1979 5713">
     <span class='ocr_line' id='line_1_111' title="bbox 368 5639 1979 5713; baseline -0.002 -18"><span class='ocrx_word' id='word_1_820' title='bbox 368 5641 657 5710; x_wconf 82' lang='grc' dir='ltr'>τοκίνητον</span> <span class='ocrx_word' id='word_1_821' title='bbox 695 5639 952 5713; x_wconf 75' lang='grc' dir='ltr'>ἀνάγκην,</span> <span class='ocrx_word' id='word_1_822' title='bbox 989 5640 1043 5695; x_wconf 79' lang='lat' dir='ltr'>id</span> <span class='ocrx_word' id='word_1_823' title='bbox 1083 5643 1183 5709; x_wconf 83' lang='lat' dir='ltr'>est,</span> <span class='ocrx_word' id='word_1_824' title='bbox 1215 5639 1444 5694; x_wconf 78' lang='lat' dir='ltr'>aliunde</span> <span class='ocrx_word' id='word_1_825' title='bbox 1477 5640 1639 5694; x_wconf 86' lang='lat' dir='ltr'>molis</span> <span class='ocrx_word' id='word_1_826' title='bbox 1665 5656 1698 5692; x_wconf 80' lang='grc' dir='ltr'>ιι</span> <span class='ocrx_word' id='word_1_827' title='bbox 1728 5655 1784 5694; x_wconf 83' lang='lat' dir='ltr'>se</span> <span class='ocrx_word' id='word_1_828' title='bbox 1817 5639 1934 5710; x_wconf 86' lang='lat' dir='ltr'>ipsa</span> <span class='ocrx_word' id='word_1_829' title='bbox 1959 5657 1979 5692; x_wconf 80' lang='grc' dir='ltr'>τ</span> 
     </span>
    </p>
   </div>
   <div class='ocr_carea' id='block_1_110' title="bbox 982 5639 2593 5713">
    <p class='ocr_par' dir='ltr' id='par_1_110' title="bbox 989 5639 2593 5710">
     <span class='ocr_line' id='line_1_112' title="bbox 989 5639 2593 5710; baseline 0 -15"><span class='ocrx_word' id='word_1_830' title='bbox 989 5640 1043 5695; x_wconf 80' lang='lat' dir='ltr'>id</span> <span class='ocrx_word' id='word_1_831' title='bbox 1083 5643 1183 5709; x_wconf 84' lang='lat' dir='ltr'>est,</span> <span class='ocrx_word' id='word_1_832' title='bbox 1215 5639 1444 5694; x_wconf 79' lang='lat' dir='ltr'>aliunde</span> <span class='ocrx_word' id='word_1_833' title='bbox 1477 5640 1639 5694; x_wconf 86' lang='lat' dir='ltr'>molis</span> <span class='ocrx_word' id='word_1_834' title='bbox 1665 5656 1698 5692; x_wconf 77' lang='grc' dir='ltr'>ιι</span> <span class='ocrx_word' id='word_1_835' title='bbox 1728 5655 1784 5694; x_wconf 81' lang='lat' dir='ltr'>se</span> <span class='ocrx_word' id='word_1_836' title='bbox 1817 5639 1934 5710; x_wconf 85' lang='lat' dir='ltr'>ipsa</span> <span class='ocrx_word' id='word_1_837' title='bbox 1959 5643 2163 5694; x_wconf 83' lang='lat' dir='ltr'>motam</span> <span class='ocrx_word' id='word_1_838' title='bbox 2194 5639 2593 5696; x_wconf 78' lang='lat' dir='ltr'>necessitatem.</span> 
     </span>
    </p>
   </div>
  </div>
