4080 6366
264 382 366 437 365

1028 388 1086 439 S.
1126 386 1398 441 ΜΑΧΙΜΙ
1435 386 1740 443 SCHOLPA
1780 386 1855 440 IN
1895 385 2029 440 LIB.
2070 387 2162 440 DE
2200 388 2472 445 DIVINIS
2510 391 2926 448 NOMINIBUS.

3574 388 3680 445 366

271 507 450 581 μόνοις
502 511 625 569 τοῖς
671 505 886 581 γηΐνοις
927 508 1321 582 προκειμένους
1356 527 1368 539 ⁸
1403 505 1891 585 παρευδοκιμεῖσθα

2030 508 2131 565 ἱΠο
2162 514 2509 583 tanguntur,
2543 518 2600 569 et
2629 514 2773 571 solis
2810 516 3059 571 terrenis
3109 516 3396 573 inhaerent
3432 532 3445 571 :
3487 534 3680 591 παρευ-

266 594 319 652 δὲ
344 599 457 650 ἐστι
485 597 549 651 τὸ
577 592 821 666 ἡττὸνως
849 595 1137 669 εὐδόκιμον
1171 596 1471 673 φαίνεσθαι.

332 688 468 747 Ταῖς
547 683 869 761 ἀγγελικαῖς
950 686 1187 761 ἀρεταῖς.
1258 687 1385 742 ’Ότι
1454 684 1639 747 καλῶς
1704 684 1916 759 λέγεται

263 774 347 830 καὶ
397 775 482 829 ἐπ’
534 772 789 849 ἀγγέλων
836 774 1023 848 ἀρετὴ,
1076 774 1258 849 ὥσπερ
1307 776 1394 829 καὶ
1448 774 1535 829 ἐπὶ
1585 779 1738 841 Θεοῦ,
1780 775 1916 828 κατά

260 866 341 933 τὸ,
396 864 704 937 Ἐκάλυψεν
778 863 1040 939 οὐρανοὺς
1089 867 1122 934 ἡ
1183 866 1345 937 ἀρετη
1406 865 1574 919 αὐτοῦ
1610 883 1622 895 ·
1682 864 1772 919 καὶ
1829 863 1910 919 ὅτι

264 952 567 1017 ἀδικεῖσθαι
624 952 751 1015 τοὺς
804 954 925 1029 περὶ
988 955 1053 1008 τὰ
1106 951 1267 1009 ὑλικά
1292 953 1586 1029 πράγματα
1614 960 1713 1022 τῆς
1770 951 1914 1016 θείας

260 1043 365 1099 ἐστὶ
425 1042 691 1118 προνοίας
768 1042 1152 1113 συνεθιζούσης
1212 1042 1409 1105 αὐτοὺς
1463 1048 1572 1098 τῶν
1625 1041 1907 1118 θειοτέρων

256 1133 515 1211 ἐφίεσθαι.

321 1226 429 1286 Τῆς
488 1226 600 1277 τῶν
655 1219 858 1276 ὑλικῶν
919 1221 1315 1297 προσπαθείας.
1361 1224 1505 1296 ⁸Ὀρα
1551 1222 1669 1284 πῶς
1717 1242 1904 1299 φησιν,

256 1312 427 1367 ὅτιτὸ
464 1314 541 1384 μή
594 1312 968 1386 προσπάσχειν
1026 1315 1143 1374 τοῖς
1188 1308 1399 1373 ὑλικοῖς
1446 1310 1757 1387 πράγμασιν
1806 1310 1907 1385 ἀρ-

256 1400 519 1475 ῥενότητα
551 1398 738 1473 δηλοῖ,
771 1399 1042 1454 τουτέστιν
1079 1398 1295 1475 ἀνδρίαν
1324 1419 1337 1431 ⁸
1372 1401 1423 1454 οἱ
1466 1402 1566 1476 γὰρ
1613 1398 1903 1455 δουλεύον-

248 1510 331 1550 τες
372 1494 670 1562 κοσμικοῖς
718 1490 807 1543 καὶ
855 1495 1193 1562 σωματικοῖς
1242 1489 1431 1553 πάθεσι
1482 1486 1772 1561 θηλυδρίαι
1823 1488 1904 1543 εἱ-

246 1578 421 1642 κότως
480 1578 1001 1654 προσαγορεύονται.
1047 1578 1144 1633 Καὶ
1194 1578 1278 1633 ὅτι
1329 1582 1364 1648 ἡ
1416 1579 1532 1633 θεία
1584 1576 1899 1647 δικαιοσύνη

248 1667 307 1721 οὐ
344 1667 610 1743 βούλεται
640 1665 730 1722 διὰ
756 1666 963 1722 τούτων
996 1670 1145 1740 ἡμᾶς
1185 1666 1393 1741 θέλγειν
1442 1669 1530 1722 καὶ
1577 1664 1899 1738 ἀπολλύειν,

248 1757 395 1813 ἀλλὰ
428 1756 690 1825 συνεθίζει
722 1763 858 1832 πρὸς
915 1759 1013 1826 τὴν
1063 1758 1269 1811 τούτων
1318 1758 1729 1833 περιφρόνησιν,
1764 1756 1900 1812 κατὰ

2029 594 2372 671 δοκιμεῖσθαι
2403 618 2536 658 vero
2560 608 2649 659 est
2682 603 2878 660 minus
2911 606 3162 676 probum
3209 605 3414 661 videri.

2095 692 2195 745 Αίί
2209 692 2488 761 angelicas
2510 694 2760 748 virtutes.
2786 692 3073 749 Virtutem
3096 695 3338 765 pulchre
3353 694 3467 751 dici
3498 695 3674 752 etiam

2025 778 2096 832 de
2122 779 2369 851 angelis,
2403 782 2555 836 sicut
2576 786 2632 837 et
2662 783 2732 837 de
2770 784 2901 852 Deo,
2927 784 3098 851 juxta
3122 783 3299 853 illudi:
3321 783 3544 840 Velavit
3564 802 3673 840 cce-

2022 865 2111 921 los
2143 868 2326 924 virtus
2355 870 2521 940 ejus;
2554 874 2729 943 atque
2761 888 2889 927 esse
2914 872 3120 926 divinae
3148 872 3522 943 providentiae
3542 891 3673 947 per-

2021 955 2274 1024 mittere,
2341 976 2467 1029 que:
2524 976 2622 1014 eos
2696 960 3010 1016 assuefacit
3072 961 3359 1017 diviniora
3433 968 3672 1035 appete-

2019 1061 2101 1112 re,
2135 1048 2359 1117 utjusti
2390 1048 2450 1103 in
2474 1049 2881 1106 materialibus
2899 1051 3147 1121 negotiis
3171 1051 3385 1121 injuria
3407 1053 3670 1109 afﬁcian-

2019 1139 2135 1190 tur.

2087 1228 2127 1281 A
2174 1228 2556 1283 materialium
2623 1230 2933 1300 affectione.
2972 1230 3123 1285 Vide
3172 1231 3466 1302 quomodo
3498 1231 3673 1301 dicat,

2015 1316 2344 1371 masculum
2366 1318 2625 1371 animum
2644 1335 2757 1389 prae
2772 1336 2833 1373 se
2849 1320 2999 1374 ferre
3020 1320 3117 1390 qui
3138 1319 3545 1376 materialibus
3570 1320 3671 1376 bo-

2015 1404 2107 1460 nis
2139 1422 2249 1460 non
2284 1405 2561 1473 adhaeret,
2588 1408 2643 1461 id
2675 1412 2763 1463 est
2795 1409 3206 1464 fortitudinem
3257 1409 3526 1478 virilem;
3567 1410 3665 1481 qui

2011 1494 2164 1549 enim
2198 1495 2516 1551 mundanis
2557 1513 2622 1552 ac
2667 1498 2961 1569 corporeis
3012 1499 3420 1554 affectionibus
3463 1500 3661 1554 deser-

2006 1583 2193 1653 viunt,
2245 1584 2598 1640 mulierculis
2660 1587 2870 1641 merito
2914 1592 3219 1643 vocantur.
3280 1589 3349 1643 Et
3401 1588 3658 1644 divinam

1998 1673 2291 1742 justitiam
2325 1691 2438 1729 non
2466 1674 2609 1731 velle
2629 1693 2730 1747 per
2752 1676 2872 1731 haec
2896 1694 3000 1732 nos
3025 1677 3356 1733 demulcere
3373 1682 3431 1733 et
3451 1679 3655 1749 perde-

2005 1779 2085 1831 re,
2120 1763 2219 1817 sed
2252 1764 2616 1819 assuefacere
2647 1765 2852 1821 horum
2895 1766 3281 1837 contemptui,
3332 1768 3655 1822 secundum

240 1847 301 1901 τὸ
379 1846 710 1921 εἰρημένον·
757 1848 852 1903 Ὃν
925 1848 1023 1920 γάρ
1089 1846 1273 1921 ἀγαπᾷ
1336 1846 1555 1921 Κύριος,
1600 1843 1891 1901 παιδεύει’

2012 1852 2368 1923 Scripturam
2405 1870 2417 1908 :
2446 1855 2611 1921 Quem
2637 1855 2787 1909 enim
2817 1855 3004 1926 diligit
3040 1857 3327 1925 Dominus,
3372 1856 3608 1926 castigat
3638 1872 3652 1912 :

243 1941 509 2009 μαστιγοῖ
557 1932 614 1989 δὲ
656 1934 828 1989 πάντα
890 1936 1005 1989 υἱὸν
1071 1934 1130 1989 ’ὸν
1200 1932 1585 2011 παραδέχεται.
1635 1934 1703 1991 Τί
1759 1933 1885 2003 οὗνς

235 2027 283 2079 οἱ
342 2027 436 2079 τὸν
511 2023 750 2079 πλοῦτον
806 2019 1050 2099 ἔχοντες,
1107 2023 1206 2079 οὐκ
1265 2025 1577 2100 ἀγαπῶνται
1640 2024 1743 2078 ὑπὸ
1790 2029 1887 2078 τοῦ

232 2120 400 2183 Θεοῦ;
453 2114 617 2191 ἐρεῖς,
668 2114 749 2169 ὅτι
808 2120 1025 2190 πρῶτον
1096 2117 1188 2188 μὲν
1250 2115 1358 2190 οὐχ
1408 2117 1436 2170 ὁ
1482 2115 1723 2175 πλοῦτος
1768 2116 1887 2178 καθ’

231 2206 416 2259 ἑαυτὸν
473 2204 665 2271 κακὸς,
718 2204 844 2260 ἀλλ’
892 2207 926 2274 ἡ
977 2203 1102 2280 περί
1150 2210 1339 2260 τοῦτον
1386 2203 1743 2274 προσπάθεια,
1795 2205 1882 2258 καὶ

227 2297 261 2363 ἡ
323 2296 466 2362 κοική
524 2302 728 2368 χρῆσις
763 2313 776 2328 ⁸
809 2291 995 2349 ἱέπειτα
1054 2292 1198 2349 οἶδεν
1226 2295 1253 2348 ὁ
1285 2294 1415 2357 Θεὸς
1456 2292 1583 2354 τοὺς
1644 2293 1694 2348 ἐν
1746 2296 1881 2367 ἡμῖν

230 2384 503 2453 ἀσθενεῖς,
578 2384 669 2438 καὶ
751 2382 1091 2457 βουλόμενος
1169 2382 1365 2445 αὐτοὺς
1442 2386 1737 2457 περισῶσαι
1810 2382 1884 2444 εἷς

226 2473 578 2547 προτροπὴν,
611 2473 701 2527 καὶ
732 2474 997 2548 χρήματα
1030 2471 1156 2534 ἴσως
1208 2474 1297 2527 καὶ
1363 2472 1484 2546 βίου
1540 2471 1884 2549 περιφάνειαν

230 2558 452 2615 δίδωσιν
511 2562 720 2629 αὐτοῖς,
773 2562 872 2616 οὐκ
918 2562 1129 2636 ἀγνοῶν
1181 2560 1312 2636 ὅπερ
1362 2560 1465 2615 εἷ’σί
1502 2578 1514 2590 ·
1547 2564 1669 2621 πῶς
1705 2561 1809 2635 γὰρ
1855 2561 1883 2613 ὁ

230 2652 518 2726 γινώσκων
568 2652 743 2705 πάντα
791 2648 914 2725 πρίν
940 2653 1197 2725 γενέσεως
1236 2650 1410 2705 αὐτῶν
1438 2668 1451 2717 ;
1481 2646 1718 2703 ἀλλΗίνα
1773 2671 1882 2720 μη-

230 2737 434 2813 δεμίων
469 2737 690 2814 ἔχωμεν
738 2738 1036 2814 ἀπολογίαν
1079 2740 1214 2795 κατὰ
1250 2741 1341 2794 τὸν
1370 2737 1703 2796 Ἀπόστολον
1739 2756 1751 2769 ·
1786 2738 1885 2792 Διὰ

224 2828 388 2885 τοῦτο
470 2830 889 2904 ἀναπολόγητος
944 2830 1007 2900 εἶ,
1069 2830 1113 2882 ὦ
1166 2829 1413 2904 ἄνθρωπε
1446 2847 1459 2862 ·
1523 2828 1609 2883 καὶ
1667 2826 1830 2882 πάλιν
1867 2844 1880 2859 ·

226 2922 477 2995 ’Ἐχομεν
537 2917 827 2993 Ἀργιερέα
904 2919 1090 2992 μέγαν,
1168 2916 1465 2992 δυνάμενον
1532 2918 1881 2991 συμπαθῖσαι

226 3014 346 3071 ταῖς
382 3010 684 3073 ἀσθενείαις
716 3010 750 3078 ἡ
762 3012 896 3080 μῶν.

296 3100 376 3155 Τὸ
415 3100 493 3171 μὴ
524 3097 755 3173 θέλγειν.
789 3096 1009 3173 Θὲλγειν
1041 3096 1151 3152 ἐστὶ
1181 3097 1244 3152 τὸ
1278 3095 1346 3152 δι’
1375 3094 1580 3167 ἡδονῆς
1631 3097 1837 3167 ἀπατᾷν
1865 3113 1877 3128 ³

228 3186 445 3263 λέγεται
481 3185 539 3242 δὲ
568 3188 657 3242 καὶ
686 3185 749 3242 τὸ
779 3188 972 3249 ἁπλῶς
1002 3184 1240 3256 ἡδύνειν.

294 3374 411 3424 Τῶν
446 3367 706 3441 ἀρίστων.
740 3370 863 3423 Τῶν
893 3366 1269 3438 ἒπιθυμητῶν.

297 3457 641 3531 Ἀμειλίκτῳ
700 3455 899 3511 στάσει.
964 3454 1306 3529 Ἀμείλικτον
1368 3455 1548 3509 στάσιν
1596 3454 1730 3528 φησὶ
1784 3454 1882 3521 τήν

227 3545 516 3602 ἀνένδοτον
573 3547 709 3621 πρὸς
763 3546 855 3600 τὸν
903 3544 1277 3621 γαργαλισμὸν
1328 3548 1434 3597 τῶν
1466 3542 1670 3618 γηίνων
1703 3539 1885 3597 ἔνστα-

223 3657 331 3705 σιν,
364 3636 459 3690 καὶ
511 3635 573 3689 τὸ
626 3635 701 3707 μὴ
751 3635 1090 3706 κάμπτεσθαι
1138 3634 1273 3707 πρὸς
1317 3632 1384 3687 τὰ
1430 3631 1590 3687 ὑλικά
1633 3629 1722 3686 διὰ
1778 3636 1883 3684 τῶν

230 3728 576 3801 πειρασμῶν.

298 3817 424 3885 §X.
471 3816 589 3883 Τῆς
640 3814 692 3868 ἐν
734 3817 851 3874 τοῖς
893 3810 1048 3875 ὅλοις
1097 3809 1464 3886 ἷδιοπραγίας.
1518 3807 1884 3885 ’ἰδιοπραγίαν

232 3904 490 3976 ὠνόμασε
544 3903 643 3970 τὴν
705 3900 929 3956 ἑκάστου
987 3906 1092 3955 τῶν
1156 3897 1325 3955 ὄντων
1373 3900 1509 3953 κατᾶ
1540 3898 1694 3976 φύσιν
1746 3895 1886 3952 ἴδιά-

230 3999 423 4061 ζουσαν
486 3992 705 4061 κίνησιν
742 4009 753 4020 ⁸
816 3987 942 4045 οὐδὲ
998 3989 1097 4065 γὰρ
1153 3990 1219 4043 τὰ
1275 3987 1516 4065 ἀγγέλων
1579 3988 1884 4062 ἀνθρώποις

232 4082 492 4155 πράττειν
554 4077 800 4148 δυνατὸν,
836 4079 871 4147 ἢ
902 4078 967 4133 τὰ
1022 4078 1190 4152 πυρὸς
1249 4077 1425 4148 ὕδατι,
1457 4078 1545 4131 καὶ
1598 4077 1659 4131 τὸ
1708 4072 1885 4149 ἔμπα-

236 4168 345 4227 λιν.

300 4350 402 4403 Καὶ
465 4349 540 4410 ὡς
594 4348 652 4402 ἐκ
694 4352 802 4402 τῶν
861 4345 1149 4421 χειρόνων.
1182 4347 1264 4401 Τὰ
1313 4346 1484 4420 χείρω
1534 4347 1759 4409 ἐνταῦθα
1811 4347 1886 4418 μή

235 4440 438 4511 νοήσῃς
467 4437 606 4510 πρὸς
636 4437 704 4491 τὰ
733 4438 1020 4508 ποιήματα
1053 4454 1065 4467 ·
1101 4432 1254 4488 οὐδὲν
1302 4436 1403 4510 γὰρ
1452 4435 1503 4489 ἐν
1560 4434 1744 4495 αὐτοῖς
1792 4455 1886 4489 κα-

233 4528 327 4583 κόν
370 4548 383 4561 ·
416 4525 567 4583 ἀλλὰ
613 4528 751 4602 πρὸς
809 4528 909 4595 τὴν
967 4525 1258 4599 ἁμαρτίαν,
1290 4524 1413 4593 ἥτις
1466 4525 1524 4579 ἐκ
1577 4531 1677 4594 τῆς
1726 4528 1886 4596 ἡμῶν

235 4616 609 4691 προαιρέσεως
704 4616 839 4670 κατὰ
921 4614 1170 4690 στέρησιν
1263 4614 1467 4689 ἀγαθοῦ
1550 4615 1885 4684 παρυπὲστη.

1998 1942 2239 2012 [ἱαρείἰαί
2269 1946 2453 1997 autem
2486 1958 2697 1998 omnem
2728 1945 2912 2014 ﬁlium
2942 1961 3103 2016 quem
3135 1945 3337 2015 recipit
3354 1946 3450 2015 (ᾳ).
3502 1945 3648 2007 Quid

1999 2031 2217 2101 igitur?
2231 2031 2438 2086 divites
2456 2048 2566 2086 non
2592 2032 2967 2104 diliguntura
2983 2033 3097 2088 Deo
3119 2032 3146 2088 ?
3168 2033 3327 2088 dices
3354 2033 3545 2105 primo
3559 2034 3649 2088 di-

1993 2119 2167 2175 vitias
2197 2137 2312 2175 non
2344 2137 2471 2175 esse
2504 2136 2606 2193 per
2635 2136 2699 2176 se
2731 2121 2937 2189 malas,
2973 2123 3075 2178 sed
3096 2122 3367 2177 affectum
3394 2137 3531 2193 erga
3548 2138 3648 2178 eas

1993 2213 2051 2263 et
2072 2208 2293 2264 malum
2329 2226 2502 2264 usum
2539 2227 2551 2264 :
2586 2215 2807 2281 postea,
2836 2210 3022 2266 Deum
3056 2228 3229 2267 nosse
3258 2212 3358 2282 qui
3401 2212 3519 2267 sint
3549 2212 3645 2267 in-

1993 2302 2082 2353 ter
2112 2316 2218 2353 nos
2249 2298 2491 2369 inﬁrmi,
2523 2298 2933 2371 volentemque
2964 2317 3063 2357 eos
3085 2301 3142 2355 in
3166 2301 3637 2357 adhortationem

1992 2403 2353 2454 conservare,
2391 2388 2681 2458 fortassis,
2715 2393 2773 2443 et
2821 2389 3121 2460 pecunias,
3157 2406 3223 2445 ac
3262 2389 3391 2445 vitae
3439 2388 3637 2461 splen-

1991 2476 2192 2530 dorem
2219 2476 2302 2530 eis
2326 2475 2602 2539 tribuere,
2628 2493 2740 2531 non
2761 2478 2915 2548 quod
2935 2478 3182 2549 ignoret,
3207 2478 3265 2533 id
3290 2478 3444 2549 quod
3467 2482 3636 2547 sunt;

1994 2565 2286 2636 quomodo
2308 2566 2465 2620 enim
2497 2566 2597 2636 qui
2622 2565 2782 2620 novit
2811 2566 3499 2636 omniaantequamﬁant
3528 2568 3639 2639 (r)?

1993 2653 2147 2707 200
2178 2654 2277 2708 sed
2312 2658 2376 2708 ut
2406 2654 2629 2709 nullam
2661 2653 2983 2708 habeamus
3016 2655 3454 2710 excusationem
3474 2656 3645 2725 juxta

1991 2743 2337 2815 Apostolum
2364 2744 2687 2814 :Propterea
2707 2743 3106 2799 inexcusabilis
3130 2760 3204 2811 es,
3225 2760 3254 2799 ο
3292 2743 3452 2799 homo
3471 2745 3570 2816 (s);
3591 2751 3647 2799 et

1992 2833 2206 2887 iterum
2236 2848 2249 2887 :
2277 2834 2559 2887 Habemus
2588 2830 2912 2902 Pontiﬁcem
2954 2835 3051 2903 qui
3093 2836 3268 2904 possit
3302 2834 3538 2904 compati
3557 2832 3647 2887 in-

1992 2921 2348 2992 ﬁrmitatibus
2374 2923 2580 2977 nostris
2611 2924 2695 2993 (t).

2064 3105 2177 3159 Non
2227 3103 2555 3173 demulcere,
2619 3104 2717 3159 Gr.
2757 3103 2820 3157 τὸ
2874 3103 2949 3175 μὴ
3016 3100 3252 3177 θέλγειν.
3298 3099 3514 3175 Θέλγειν
3561 3106 3652 3159 est

1992 3193 2289 3263 voluptate
2320 3194 2587 3265 decipere
2617 3210 2629 3249 :
2662 3193 2883 3248 dicitur
2927 3193 3100 3248 etiam
3148 3192 3499 3265 simpliciter
3542 3209 3647 3248 vo-

1994 3282 2218 3354 luptate
2250 3282 2501 3337 afficere.

1907 3354 1951 3423 C
2064 3371 2425 3442 Optimorum.
2462 3370 2968 3426 Desiderabilium.

2068 3463 2388 3515 Inconcussa
2438 3463 2608 3525 statu,
2676 3459 2773 3514 Gr.
2845 3457 3147 3529 ἀμειλίκτῳ
3213 3458 3413 3513 στάσει.
3469 3458 3651 3514 Vocat

1995 3547 2311 3620 ἀμείλικτον
2347 3548 2529 3600 στάσιν
2560 3543 2899 3603 institutum
2934 3548 3176 3602 minime
3208 3549 3421 3603 cedens
3442 3546 3650 3607 titilla-

1996 3639 2140 3693 tioni
2163 3632 2764 3709 terrenorum,neque
2786 3637 2938 3692 ﬂecti
2965 3639 3034 3693 ad
3061 3635 3393 3692 materialia
3414 3640 3653 3708 propter

1995 3728 2368 3783 tentationes.

2069 3818 2196 3889 ΞΧ.
2234 3819 2296 3872 Ut
2326 3816 2595 3872 actionem
2636 3833 2863 3888 quicque
2905 3832 3065 3871 suam
3113 3819 3504 3886 prosequatur,
3555 3818 3652 3870 Gr.

1994 3912 2093 3973 τῆς
2125 3904 2176 3959 ἐν
2232 3908 2349 3964 τοῖς
2406 3902 2559 3965 ὅλοις
2610 3901 2969 3978 ἷδιοπραγίας.
3016 3904 3345 3976 Appellavit
3404 3900 3652 3976 ἰδιοπρα-

1995 3994 2113 4068 γίαν
2166 3995 2469 4066 pr0prium
2519 3994 2807 4064 cujusque
2860 3996 2940 4048 rei
2994 3995 3321 4049 secundum
3376 3997 3651 4049 naturam

1998 4089 2267 4139 motum:
2329 4099 2518 4153 neque
2573 4083 2728 4136 enim
2803 4083 3073 4137 homines
3147 4083 3337 4138 facere
3405 4086 3649 4154 possent

1997 4190 2124 4243 quae
2155 4172 2378 4244 angelis
2411 4170 2683 4242 propria;
2736 4188 2840 4225 nec
2872 4188 3023 4242 aqua
3062 4188 3190 4241 quae
3230 4170 3372 4241 igni,
3413 4175 3471 4227 et
3509 4187 3647 4225 con-

1995 4266 2107 4316 tra.

2072 4353 2132 4405 Et
2173 4355 2443 4421 quatenus
2484 4350 2869 4404 deterioribus.
2910 4352 3035 4403 Non
3079 4347 3373 4416 intelligas
3416 4348 3526 4403 hoc
3561 4347 3651 4402 lo-

1998 4457 2063 4494 co
2096 4441 2377 4494 deteriora
2415 4442 2680 4507 respectu
2732 4440 2800 4492 ad
2856 4443 3154 4492 creaturas
3194 4437 3434 4505 habito;
3487 4435 3653 4491 nulla

1999 4530 2155 4585 enim
2188 4533 2277 4583 est
2307 4528 2462 4581 inter
2490 4527 2652 4597 ipsas
2685 4526 2877 4593 mala;
2915 4528 3014 4582 sed
3047 4527 3116 4581 ad
3137 4530 3465 4598 peccatum,
3498 4525 3653 4596 quod

2000 4635 2068 4673 ex
2102 4621 2301 4671 nostra
2322 4615 2623 4670 voluntate
2640 4616 2777 4669 boni
2803 4616 3126 4687 privatione
3152 4616 3475 4671 subsistere
3505 4616 3657 4669 vide-

238 4706 569 4779 ’Λναρπάζει
618 4706 720 4780 γὰρ
783 4707 931 4777 ἡμᾶς
975 4705 1002 4758 ὁ
1051 4705 1181 4765 Θεὸς
1243 4702 1292 4773 ἐξ
1337 4702 1503 4771 αὐτῆς
1556 4702 1794 4775 ἑκόντας,
1844 4704 1889 4757 εἷ

2012 4713 2118 4762 tur.
2159 4708 2307 4761 Deus
2338 4705 2493 4759 enim
2518 4722 2653 4760 cum
2684 4704 2956 4760 volumus
2989 4723 3096 4761 nos
3128 4722 3195 4759 ex
3230 4705 3359 4776 ipso
3390 4704 3582 4776 eripit,
3605 4703 3657 4759 si

236 4794 688 4870 προσδράμοιμεν
725 4793 889 4865 αὐτῷ.

310 4884 414 4940 Καὶ
470 4883 680 4958 ἀρῥεπῆ
734 4883 867 4954 πρὸς
918 4882 984 4935 τὰ
1032 4882 1225 4955 χείρω.
1256 4885 1434 4935 Ταῦτα
1481 4882 1604 4953 περὶ
1652 4886 1755 4934 τῶν
1806 4882 1889 4935 αἷ-

245 4979 455 5043 σθητῶν
489 4973 575 5026 καὶ
614 4972 717 5026 ὑπὸ
755 4974 854 5038 τὴν
899 4972 1070 5025 κτίσιν
1111 4967 1280 5024 ὄντων
1324 4970 1516 5041 νόμιζε
1563 4968 1741 5044 λέγειν
1793 4972 1888 5025 αύ-

240 5065 351 5123 τὸν,
411 5061 495 5115 ὅτι
554 5059 725 5114 πάντα
776 5059 826 5114 ἐν
882 5064 950 5133 τῇ
1008 5059 1179 5130 οἰκείᾳ
1236 5058 1449 5128 εὐταξίᾳ
1494 5056 1840 5133 διαφυλάττει
1875 5080 1886 5091 ο

245 5150 395 5205 οὐδὲν
446 5150 551 5225 γὰρ
606 5150 785 5203 αὐτῶν
846 5150 1177 5224 μετετράπη,
1211 5147 1338 5203 ἀλλ’
1394 5147 1565 5208 οὕτως
1621 5149 1693 5209 ὡς
1750 5146 1892 5201 ἐκτί-

248 5252 466 5310 σθησαν,
520 5237 772 5311 ἔμειναν·
826 5243 985 5293 τοῦτο
1036 5236 1203 5307 δηλοῖ
1244 5238 1306 5290 τὸ
1356 5232 1728 5309 ἀμετάϐλητα.
1765 5237 1891 5311 Ἀῤ-

249 5329 380 5403 ῥεπῆ
441 5326 499 5383 δὲ
557 5328 693 5402 πρὸς
750 5328 817 5382 τὰ
874 5327 1071 5403 χείρω,
1116 5327 1151 5394 ἢ
1211 5325 1294 5381 ὅτι
1352 5326 1677 5401 προαιρετὰς
1733 5327 1895 5391 αύτάς

241 5419 556 5487 πεποίηκεν,
590 5418 624 5487 ἢ
677 5417 759 5472 ὅτι
810 5414 966 5472 οὐδὲν
1000 5415 1051 5487 ἐξ
1083 5415 1261 5470 αὐτῶν
1308 5423 1407 5484 τῆς
1463 5414 1667 5477 οἰκείας
1710 5416 1890 5489 ἐξέστη

239 5507 637 5577 καταστάσεως,
669 5509 704 5578 ἢ
759 5507 896 5582 πρὸς
948 5506 1015 5561 τὰ
1064 5501 1420 5580 ὑποδεέστερα
1469 5505 1804 5579 μετηνέχθη.
1838 5507 1894 5558 Ὁ

313 5734 387 5807 ((1)
413 5734 614 5793 Herbr.
651 5750 751 5803 XII,
783 5733 839 5787 6.
917 5731 987 5804 (r)
1019 5729 1163 5786 Dan.
1196 5744 1320 5798 xm,
1346 5729 1433 5784 42.

1510 5728 1579 5801 (ε)
1602 5743 1748 5785 rom.
1784 5747 1848 5801 ιι,
1883 5730 1936 5787 1.

2003 4799 2073 4852 ad
2110 4795 2273 4850 illum
2309 4796 2763 4849 accurrerimus.

2071 4888 2178 4942 Nec
2206 4887 2264 4939 in
2290 4884 2532 4938 deterius
2560 4888 2809 4951 vergant.
2835 4882 3131 4938 Arbitrare
3165 4884 3357 4953 ipsum
3413 4881 3534 4935 haec
3565 4881 3653 4935 di-

2004 4991 2132 5031 cere
2164 4976 2233 5029 de
2264 4972 2582 5029 sensilibus
2616 4980 2669 5027 et
2701 4972 2937 5038 creatis,
2985 4974 3139 5043 quod
3200 4971 3398 5025 omnia
3436 4970 3493 5024 in
3518 4986 3651 5039 pro~

2004 5065 2131 5137 pria
2161 5065 2309 5117 bona
2332 5062 2751 5116 constitutione
2769 5062 3060 5115 custodiat
3092 5059 3269 5126 ;nihil
3301 5059 3455 5113 enim
3492 5059 3653 5129 ipso-

2004 5170 2133 5208 rum
2170 5156 2456 5206 mutalum
2488 5154 2596 5217 est,
2632 5151 2730 5203 sed
2765 5154 2829 5203 ut
2863 5155 3057 5203 creata
3089 5154 3229 5203 sunt
3280 5151 3650 5201 manserunt.

2004 5244 2120 5297 Iloc
2149 5240 2405 5296 declarat
2434 5256 2541 5294 vox
2573 5232 2948 5309 ἀμετάϐλητα,
2982 5256 3095 5293 non
3133 5242 3375 5292 mutata.
3411 5237 3654 5292 Minime

2002 5348 2139 5385 vero
2170 5331 2240 5384 ad
2275 5329 2561 5383 deteriora
2586 5345 2874 5398 propensa
2905 5333 3005 5382 aut
3034 5328 3172 5398 quia
3192 5345 3291 5383 eas
3313 5332 3657 5398 praestantes

2004 5422 2158 5487 fecit,
2177 5425 2277 5473 aut
2299 5418 2436 5486 quia
2451 5416 2594 5471 nihil
2612 5433 2677 5471 ex
2694 5416 2838 5487 ipsis
2863 5418 3098 5488 propria
3119 5416 3537 5473 constitutione
3558 5433 3658 5471 ex-

2005 5510 2092 5577 iit,
2121 5513 2223 5564 aut
2253 5508 2323 5562 ad
2346 5504 2632 5562 deteriora
2655 5505 3009 5562 translatum
3035 5511 3143 5562 est.
3174 5506 3395 5562 Ccslum
3429 5506 3584 5562 enim
3604 5508 3661 5561 et

2015 5729 2081 5803 (t)
2104 5727 2277 5785 Hebr.
2313 5742 2393 5793 ιν,
2432 5724 2521 5781 15.
