  <div class='ocr_page' id='page_1' title='image "/cluster/home/n/w/nwhite01/storage/ocr_20150623/4/mdp.39015078384529/193.png"; bbox 0 0 4080 6366; ppageno 0'>
   <div class='ocr_carea' id='block_1_1' title="bbox 410 419 514 475">
    <p class='ocr_par' dir='ltr' id='par_1_1' title="bbox 410 419 514 475">
     <span class='ocr_line' id='line_1_1' title="bbox 410 419 514 475; baseline -0.038 0"><span class='ocrx_word' id='word_1_1' title='bbox 410 419 514 475; x_wconf 74' lang='lat'>337</span> 
     </span>
    </p>
   </div>
   <div class='ocr_carea' id='block_1_2' title="bbox 1225 393 3017 462">
    <p class='ocr_par' dir='ltr' id='par_1_2' title="bbox 1225 393 3017 462">
     <span class='ocr_line' id='line_1_2' title="bbox 1225 393 3017 462; baseline -0.009 1"><span class='ocrx_word' id='word_1_2' title='bbox 1225 404 1599 462; x_wconf 78' lang='lat' dir='ltr'>APPENDIX</span> <span class='ocrx_word' id='word_1_3' title='bbox 1639 405 1734 457; x_wconf 81' lang='lat' dir='ltr'><strong>AD</strong></span> <span class='ocrx_word' id='word_1_4' title='bbox 1770 400 2013 454; x_wconf 82' lang='lat' dir='ltr'>OPERA</span> <span class='ocrx_word' id='word_1_5' title='bbox 2051 399 2114 450; x_wconf 88' lang='lat' dir='ltr'>S.</span> <span class='ocrx_word' id='word_1_6' title='bbox 2157 395 2470 449; x_wconf 81' lang='lat' dir='ltr'>DIONYSII</span> <span class='ocrx_word' id='word_1_7' title='bbox 2515 393 3017 451; x_wconf 68' lang='lat' dir='ltr'>AREOPAGITE.</span> 
     </span>
    </p>
   </div>
   <div class='ocr_carea' id='block_1_3' title="bbox 3715 392 3809 450">
    <p class='ocr_par' dir='ltr' id='par_1_3' title="bbox 3715 392 3809 450">
     <span class='ocr_line' id='line_1_3' title="bbox 3715 392 3809 450; baseline 0 0"><span class='ocrx_word' id='word_1_8' title='bbox 3715 392 3809 450; x_wconf 85' lang='lat'>368</span> 
     </span>
    </p>
   </div>
   <div class='ocr_carea' id='block_1_4' title="bbox 411 512 2090 611">
    <p class='ocr_par' dir='ltr' id='par_1_4' title="bbox 411 519 2062 611">
     <span class='ocr_line' id='line_1_4' title="bbox 411 519 2062 611; baseline -0.015 -13"><span class='ocrx_word' id='word_1_9' title='bbox 411 550 589 611; x_wconf 89' lang='lat' dir='ltr'>terra,</span> <span class='ocrx_word' id='word_1_10' title='bbox 608 546 665 597; x_wconf 87' lang='lat' dir='ltr'>et</span> <span class='ocrx_word' id='word_1_11' title='bbox 685 556 815 611; x_wconf 67' lang='lat' dir='ltr'>qua:</span> <span class='ocrx_word' id='word_1_12' title='bbox 837 539 890 593; x_wconf 93' lang='lat' dir='ltr'>in</span> <span class='ocrx_word' id='word_1_13' title='bbox 913 535 1079 608; x_wconf 82' lang='lat' dir='ltr'>ipsis,</span> <span class='ocrx_word' id='word_1_14' title='bbox 1100 533 1306 588; x_wconf 88' lang='lat' dir='ltr'>eadem</span> <span class='ocrx_word' id='word_1_15' title='bbox 1332 530 1702 585; x_wconf 90' lang='lat' dir='ltr'>manserunt.</span> <span class='ocrx_word' id='word_1_16' title='bbox 1721 529 1893 580; x_wconf 89' lang='lat' dir='ltr'>Porro</span> <span class='ocrx_word' id='word_1_17' title='bbox 1918 519 2062 577; x_wconf 90' lang='lat' dir='ltr'>illud</span> 
     </span>
    </p>
   </div>
   <div class='ocr_carea' id='block_1_5' title="bbox 2212 512 3815 611">
    <p class='ocr_par' dir='ltr' id='par_1_5' title="bbox 2217 512 3815 591">
     <span class='ocr_line' id='line_1_5' title="bbox 2217 512 3815 591; baseline 0 -21"><span class='ocrx_word' id='word_1_18' title='bbox 2217 518 2279 591; x_wconf 79' lang='grc' dir='ltr'>ἀρ</span> <span class='ocrx_word' id='word_1_19' title='bbox 2338 516 2563 591; x_wconf 82' lang='grc' dir='ltr'>οὐρανὸς</span> <span class='ocrx_word' id='word_1_20' title='bbox 2618 514 2707 570; x_wconf 87' lang='grc' dir='ltr'>καὶ</span> <span class='ocrx_word' id='word_1_21' title='bbox 2764 518 2799 585; x_wconf 80' lang='grc' dir='ltr'>ἠ</span> <span class='ocrx_word' id='word_1_22' title='bbox 2844 521 2910 589; x_wconf 82' lang='grc' dir='ltr'>γῆ</span> <span class='ocrx_word' id='word_1_23' title='bbox 2974 512 3207 586; x_wconf 69' lang='grc' dir='ltr'>ἔμειναν,</span> <span class='ocrx_word' id='word_1_24' title='bbox 3266 513 3357 567; x_wconf 84' lang='grc' dir='ltr'>καὶ</span> <span class='ocrx_word' id='word_1_25' title='bbox 3424 512 3491 567; x_wconf 80' lang='grc' dir='ltr'>τὰ</span> <span class='ocrx_word' id='word_1_26' title='bbox 3540 512 3593 568; x_wconf 74' lang='grc' dir='ltr'>ἰν</span> <span class='ocrx_word' id='word_1_27' title='bbox 3641 514 3815 579; x_wconf 74' lang='grc' dir='ltr'>αὐτοῖς</span> 
     </span>
    </p>
   </div>
   <div class='ocr_carea' id='block_1_6' title="bbox 415 613 2064 690">
    <p class='ocr_par' dir='ltr' id='par_1_6' title="bbox 415 613 2064 690">
     <span class='ocr_line' id='line_1_6' title="bbox 415 613 2064 690; baseline -0.017 0"><span class='ocrx_word' id='word_1_28' title='bbox 415 633 671 689; x_wconf 80' lang='lat' dir='ltr'>alienam</span> <span class='ocrx_word' id='word_1_29' title='bbox 700 630 966 685; x_wconf 77' lang='lat' dir='ltr'>actionem</span> <span class='ocrx_word' id='word_1_30' title='bbox 991 624 1382 690; x_wconf 70' lang='lat' dir='ltr'>extm&#39;minare,</span> <span class='ocrx_word' id='word_1_31' title='bbox 1406 624 1464 674; x_wconf 92' lang='lat' dir='ltr'>et</span> <span class='ocrx_word' id='word_1_32' title='bbox 1484 634 1590 673; x_wconf 88' lang='lat' dir='ltr'>non</span> <span class='ocrx_word' id='word_1_33' title='bbox 1612 615 1866 684; x_wconf 77' lang='lat' dir='ltr'>delapsas</span> <span class='ocrx_word' id='word_1_34' title='bbox 1888 613 2064 665; x_wconf 70' lang='lat' dir='ltr'>custo-</span> 
     </span>
    </p>
   </div>
   <div class='ocr_carea' id='block_1_7' title="bbox 415 702 2067 789">
    <p class='ocr_par' dir='ltr' id='par_1_7' title="bbox 415 702 2067 789">
     <span class='ocr_line' id='line_1_7' title="bbox 415 702 2067 789; baseline -0.016 -12"><span class='ocrx_word' id='word_1_35' title='bbox 415 722 495 777; x_wconf 76' lang='lat' dir='ltr'>dit</span> <span class='ocrx_word' id='word_1_36' title='bbox 524 720 785 789; x_wconf 73' lang='lat' dir='ltr'>cujusque</span> <span class='ocrx_word' id='word_1_37' title='bbox 809 714 1164 784; x_wconf 75' lang='lat' dir='ltr'>proprietates</span> <span class='ocrx_word' id='word_1_38' title='bbox 1196 710 1275 764; x_wconf 89' lang='lat' dir='ltr'>ita</span> <span class='ocrx_word' id='word_1_39' title='bbox 1302 705 1588 776; x_wconf 90' lang='lat' dir='ltr'>intellige,</span> <span class='ocrx_word' id='word_1_40' title='bbox 1620 702 1912 758; x_wconf 88' lang='lat' dir='ltr'>elementa</span> <span class='ocrx_word' id='word_1_41' title='bbox 1944 713 2067 752; x_wconf 87' lang='lat' dir='ltr'>ma-</span> 
     </span>
    </p>
   </div>
   <div class='ocr_carea' id='block_1_8' title="bbox 418 785 2070 865">
    <p class='ocr_par' dir='ltr' id='par_1_8' title="bbox 418 785 2070 865">
     <span class='ocr_line' id='line_1_8' title="bbox 418 785 2070 865; baseline -0.016 0"><span class='ocrx_word' id='word_1_42' title='bbox 418 827 553 865; x_wconf 89' lang='lat' dir='ltr'>nere</span> <span class='ocrx_word' id='word_1_43' title='bbox 581 807 692 862; x_wconf 87' lang='lat' dir='ltr'>sibi</span> <span class='ocrx_word' id='word_1_44' title='bbox 726 804 973 859; x_wconf 87' lang='lat' dir='ltr'>invicem</span> <span class='ocrx_word' id='word_1_45' title='bbox 1008 798 1322 865; x_wconf 87' lang='lat' dir='ltr'>contraria,</span> <span class='ocrx_word' id='word_1_46' title='bbox 1359 809 1568 865; x_wconf 87' lang='lat' dir='ltr'>nempe</span> <span class='ocrx_word' id='word_1_47' title='bbox 1599 791 1855 847; x_wconf 89' lang='lat' dir='ltr'>calidum</span> <span class='ocrx_word' id='word_1_48' title='bbox 1886 792 1944 842; x_wconf 89' lang='lat' dir='ltr'>et</span> <span class='ocrx_word' id='word_1_49' title='bbox 1968 785 2070 841; x_wconf 81' lang='lat' dir='ltr'>fri-</span> 
     </span>
    </p>
   </div>
   <div class='ocr_carea' id='block_1_9' title="bbox 414 877 2072 971">
    <p class='ocr_par' dir='ltr' id='par_1_9' title="bbox 414 877 2072 971">
     <span class='ocr_line' id='line_1_9' title="bbox 414 877 2072 971; baseline -0.014 -19"><span class='ocrx_word' id='word_1_50' title='bbox 414 899 641 971; x_wconf 88' lang='lat' dir='ltr'>gidum,</span> <span class='ocrx_word' id='word_1_51' title='bbox 672 893 989 948; x_wconf 85' lang='lat' dir='ltr'>humidum</span> <span class='ocrx_word' id='word_1_52' title='bbox 1016 896 1071 944; x_wconf 87' lang='lat' dir='ltr'>et</span> <span class='ocrx_word' id='word_1_53' title='bbox 1104 890 1348 955; x_wconf 90' lang='lat' dir='ltr'>siccum,</span> <span class='ocrx_word' id='word_1_54' title='bbox 1383 889 1558 955; x_wconf 88' lang='lat' dir='ltr'>atque</span> <span class='ocrx_word' id='word_1_55' title='bbox 1610 877 2072 948; x_wconf 86' lang='lat' dir='ltr'>unumquodque</span> 
     </span>
    </p>
   </div>
   <div class='ocr_carea' id='block_1_10' title="bbox 413 965 2073 1055">
    <p class='ocr_par' dir='ltr' id='par_1_10' title="bbox 413 965 2073 1055">
     <span class='ocr_line' id='line_1_10' title="bbox 413 965 2073 1055; baseline -0.015 -13"><span class='ocrx_word' id='word_1_56' title='bbox 413 1001 612 1043; x_wconf 90' lang='lat' dir='ltr'>eorum</span> <span class='ocrx_word' id='word_1_57' title='bbox 636 984 696 1038; x_wconf 91' lang='lat' dir='ltr'>in</span> <span class='ocrx_word' id='word_1_58' title='bbox 731 981 964 1055; x_wconf 87' lang='lat' dir='ltr'>propria</span> <span class='ocrx_word' id='word_1_59' title='bbox 994 978 1327 1049; x_wconf 76' lang='lat' dir='ltr'>integritate</span> <span class='ocrx_word' id='word_1_60' title='bbox 1374 986 1741 1045; x_wconf 78' lang='lat' dir='ltr'>permanere,</span> <span class='ocrx_word' id='word_1_61' title='bbox 1795 981 1982 1037; x_wconf 91' lang='lat' dir='ltr'>neque</span> <span class='ocrx_word' id='word_1_62' title='bbox 2014 965 2073 1018; x_wconf 90' lang='lat' dir='ltr'>in</span> 
     </span>
    </p>
   </div>
   <div class='ocr_carea' id='block_1_11' title="bbox 416 1058 2073 1136">
    <p class='ocr_par' dir='ltr' id='par_1_11' title="bbox 416 1058 2073 1136">
     <span class='ocr_line' id='line_1_11' title="bbox 416 1058 2073 1136; baseline -0.014 -5"><span class='ocrx_word' id='word_1_63' title='bbox 416 1075 783 1132; x_wconf 88' lang='lat' dir='ltr'>contrarium</span> <span class='ocrx_word' id='word_1_64' title='bbox 817 1070 1069 1135; x_wconf 88' lang='lat' dir='ltr'>mutari;</span> <span class='ocrx_word' id='word_1_65' title='bbox 1108 1080 1413 1136; x_wconf 85' lang='lat' dir='ltr'>nunquam</span> <span class='ocrx_word' id='word_1_66' title='bbox 1447 1062 1604 1117; x_wconf 88' lang='lat' dir='ltr'>enim</span> <span class='ocrx_word' id='word_1_67' title='bbox 1629 1058 1785 1130; x_wconf 85' lang='lat' dir='ltr'>ignis</span> <span class='ocrx_word' id='word_1_68' title='bbox 1818 1058 2073 1126; x_wconf 75' lang='lat' dir='ltr'>(itaque,</span> 
     </span>
    </p>
   </div>
   <div class='ocr_carea' id='block_1_12' title="bbox 420 1150 2077 1235">
    <p class='ocr_par' dir='ltr' id='par_1_12' title="bbox 420 1150 2077 1235">
     <span class='ocr_line' id='line_1_12' title="bbox 420 1150 2077 1235; baseline -0.015 -14"><span class='ocrx_word' id='word_1_69' title='bbox 420 1182 527 1221; x_wconf 87' lang='lat' dir='ltr'>nec</span> <span class='ocrx_word' id='word_1_70' title='bbox 558 1179 711 1235; x_wconf 89' lang='lat' dir='ltr'>aqua</span> <span class='ocrx_word' id='word_1_71' title='bbox 744 1159 917 1232; x_wconf 83' lang='lat' dir='ltr'>ignis.</span> <span class='ocrx_word' id='word_1_72' title='bbox 951 1157 1011 1212; x_wconf 90' lang='lat' dir='ltr'>Si</span> <span class='ocrx_word' id='word_1_73' title='bbox 1044 1161 1235 1211; x_wconf 84' lang='lat' dir='ltr'>autem</span> <span class='ocrx_word' id='word_1_74' title='bbox 1290 1150 1565 1207; x_wconf 79' lang='lat' dir='ltr'>creatoris</span> <span class='ocrx_word' id='word_1_75' title='bbox 1588 1151 1763 1219; x_wconf 86' lang='lat' dir='ltr'>jussu</span> <span class='ocrx_word' id='word_1_76' title='bbox 1794 1159 2077 1201; x_wconf 87' lang='lat' dir='ltr'>convene-</span> 
     </span>
    </p>
   </div>
   <div class='ocr_carea' id='block_1_13' title="bbox 423 1246 2078 1323">
    <p class='ocr_par' dir='ltr' id='par_1_13' title="bbox 423 1246 2078 1323">
     <span class='ocr_line' id='line_1_13' title="bbox 423 1246 2078 1323; baseline -0.015 -14"><span class='ocrx_word' id='word_1_77' title='bbox 423 1254 560 1323; x_wconf 84' lang='lat' dir='ltr'>rint,</span> <span class='ocrx_word' id='word_1_78' title='bbox 596 1248 1060 1320; x_wconf 87' lang='lat' dir='ltr'>unumquodque</span> <span class='ocrx_word' id='word_1_79' title='bbox 1091 1260 1293 1299; x_wconf 90' lang='lat' dir='ltr'>eorum</span> <span class='ocrx_word' id='word_1_80' title='bbox 1333 1246 1551 1305; x_wconf 89' lang='lat' dir='ltr'>manet,</span> <span class='ocrx_word' id='word_1_81' title='bbox 1610 1254 1778 1293; x_wconf 90' lang='lat' dir='ltr'>suam</span> <span class='ocrx_word' id='word_1_82' title='bbox 1839 1248 2078 1290; x_wconf 88' lang='lat' dir='ltr'>servans</span> 
     </span>
    </p>
   </div>
   <div class='ocr_carea' id='block_1_14' title="bbox 428 1340 869 1416">
    <p class='ocr_par' dir='ltr' id='par_1_14' title="bbox 428 1340 869 1416">
     <span class='ocr_line' id='line_1_14' title="bbox 428 1340 869 1416; baseline -0.014 -18"><span class='ocrx_word' id='word_1_83' title='bbox 428 1340 869 1416; x_wconf 81' lang='lat' dir='ltr'>proprietatem.</span> 
     </span>
    </p>
   </div>
   <div class='ocr_carea' id='block_1_15' title="bbox 499 1410 2080 1499">
    <p class='ocr_par' dir='ltr' id='par_1_15' title="bbox 499 1410 2080 1499">
     <span class='ocr_line' id='line_1_15' title="bbox 499 1410 2080 1499; baseline -0.015 -14"><span class='ocrx_word' id='word_1_84' title='bbox 499 1410 669 1499; x_wconf 70' lang='lat' dir='ltr'>Atque</span> <span class='ocrx_word' id='word_1_85' title='bbox 716 1426 1107 1499; x_wconf 55' lang='lat' dir='ltr'>proportiones,</span> <span class='ocrx_word' id='word_1_86' title='bbox 1139 1425 1235 1475; x_wconf 87' lang='lat' dir='ltr'>Gr.</span> <span class='ocrx_word' id='word_1_87' title='bbox 1268 1417 1357 1499; x_wconf 78' lang='grc' dir='ltr'>καὶ</span> <span class='ocrx_word' id='word_1_88' title='bbox 1414 1415 1507 1476; x_wconf 75' lang='grc' dir='ltr'>τὰς</span> <span class='ocrx_word' id='word_1_89' title='bbox 1558 1410 1873 1499; x_wconf 42' lang='grc' dir='ltr'>ἀιαλογίας..</span> <span class='ocrx_word' id='word_1_90' title='bbox 1925 1412 2080 1465; x_wconf 77' lang='grc' dir='ltr'>Ἀνα-</span> 
     </span>
    </p>
   </div>
   <div class='ocr_carea' id='block_1_16' title="bbox 427 1490 2079 1575">
    <p class='ocr_par' dir='ltr' id='par_1_16' title="bbox 427 1490 2079 1575">
     <span class='ocr_line' id='line_1_16' title="bbox 427 1490 2079 1575; baseline -0.012 -19"><span class='ocrx_word' id='word_1_91' title='bbox 427 1490 618 1575; x_wconf 70' lang='grc' dir='ltr'>λιιγίαῐς</span> <span class='ocrx_word' id='word_1_92' title='bbox 679 1490 826 1553; x_wconf 76' lang='lat' dir='ltr'>dicit</span> <span class='ocrx_word' id='word_1_93' title='bbox 852 1496 1214 1568; x_wconf 84' lang='lat' dir='ltr'>aptitudines</span> <span class='ocrx_word' id='word_1_94' title='bbox 1245 1494 1534 1563; x_wconf 87' lang='lat' dir='ltr'>cujusque</span> <span class='ocrx_word' id='word_1_95' title='bbox 1566 1494 1788 1543; x_wconf 74' lang='lat' dir='ltr'>natura:</span> <span class='ocrx_word' id='word_1_96' title='bbox 1826 1490 1883 1540; x_wconf 86' lang='lat' dir='ltr'>et</span> <span class='ocrx_word' id='word_1_97' title='bbox 1922 1500 2079 1538; x_wconf 89' lang='lat' dir='ltr'>com-</span> 
     </span>
    </p>
   </div>
   <div class='ocr_carea' id='block_1_17' title="bbox 430 1587 929 1645">
    <p class='ocr_par' dir='ltr' id='par_1_17' title="bbox 430 1587 929 1645">
     <span class='ocr_line' id='line_1_17' title="bbox 430 1587 929 1645; baseline -0.014 1"><span class='ocrx_word' id='word_1_98' title='bbox 430 1587 929 1645; x_wconf 89' lang='lat' dir='ltr'>mensurationes.</span> 
     </span>
    </p>
   </div>
   <div class='ocr_carea' id='block_1_18' title="bbox 502 1663 2085 1747">
    <p class='ocr_par' dir='ltr' id='par_1_18' title="bbox 502 1663 2085 1747">
     <span class='ocr_line' id='line_1_18' title="bbox 502 1663 2085 1747; baseline -0.012 -14"><span class='ocrx_word' id='word_1_99' title='bbox 502 1679 855 1747; x_wconf 84' lang='lat' dir='ltr'>Nequaquam</span> <span class='ocrx_word' id='word_1_100' title='bbox 881 1675 1086 1745; x_wconf 77' lang='lat' dir='ltr'>pra&#39;ter</span> <span class='ocrx_word' id='word_1_101' title='bbox 1120 1670 1479 1742; x_wconf 80' lang='lat' dir='ltr'>propositum.</span> <span class='ocrx_word' id='word_1_102' title='bbox 1515 1666 1576 1721; x_wconf 93' lang='lat' dir='ltr'>Id</span> <span class='ocrx_word' id='word_1_103' title='bbox 1635 1668 1726 1719; x_wconf 90' lang='lat' dir='ltr'>est</span> <span class='ocrx_word' id='word_1_104' title='bbox 1752 1680 1864 1717; x_wconf 90' lang='lat' dir='ltr'>non</span> <span class='ocrx_word' id='word_1_105' title='bbox 1923 1663 2085 1716; x_wconf 85' lang='lat' dir='ltr'>extra</span> 
     </span>
    </p>
   </div>
   <div class='ocr_carea' id='block_1_19' title="bbox 436 1766 1058 1837">
    <p class='ocr_par' dir='ltr' id='par_1_19' title="bbox 436 1766 1058 1837">
     <span class='ocr_line' id='line_1_19' title="bbox 436 1766 1058 1837; baseline -0.013 -14"><span class='ocrx_word' id='word_1_106' title='bbox 436 1766 755 1837; x_wconf 61' lang='lat' dir='ltr'>Scriptura:</span> <span class='ocrx_word' id='word_1_107' title='bbox 787 1778 1058 1833; x_wconf 89' lang='lat' dir='ltr'>scopum.</span> 
     </span>
    </p>
   </div>
   <div class='ocr_carea' id='block_1_20' title="bbox 510 1837 2083 1917">
    <p class='ocr_par' dir='ltr' id='par_1_20' title="bbox 510 1837 2083 1917">
     <span class='ocr_line' id='line_1_20' title="bbox 510 1837 2083 1917; baseline -0.013 -5"><span class='ocrx_word' id='word_1_108' title='bbox 510 1854 906 1911; x_wconf 75' lang='lat' dir='ltr'>Remissionem</span> <span class='ocrx_word' id='word_1_109' title='bbox 983 1850 1214 1915; x_wconf 79' lang='lat' dir='ltr'>donans,</span> <span class='ocrx_word' id='word_1_110' title='bbox 1278 1845 1377 1900; x_wconf 90' lang='lat' dir='ltr'>Gr.</span> <span class='ocrx_word' id='word_1_111' title='bbox 1422 1838 1795 1917; x_wconf 82' lang='grc' dir='ltr'>ὑπερείδουσα.</span> <span class='ocrx_word' id='word_1_112' title='bbox 1865 1837 2083 1895; x_wconf 81' lang='lat' dir='ltr'>Sut&#39;ful-</span> 
     </span>
    </p>
   </div>
   <div class='ocr_carea' id='block_1_21' title="bbox 439 1944 781 2005">
    <p class='ocr_par' dir='ltr' id='par_1_21' title="bbox 439 1944 781 2005">
     <span class='ocr_line' id='line_1_21' title="bbox 439 1944 781 2005; baseline 0.012 -4"><span class='ocrx_word' id='word_1_113' title='bbox 439 1944 621 2001; x_wconf 83' lang='lat' dir='ltr'>ciens.</span> <span class='ocrx_word' id='word_1_114' title='bbox 774 2000 781 2005; x_wconf 88' lang='lat'>.</span> 
     </span>
    </p>
   </div>
   <div class='ocr_carea' id='block_1_22' title="bbox 514 2014 2085 2096">
    <p class='ocr_par' dir='ltr' id='par_1_22' title="bbox 514 2014 2085 2096">
     <span class='ocr_line' id='line_1_22' title="bbox 514 2014 2085 2096; baseline -0.011 -6"><span class='ocrx_word' id='word_1_115' title='bbox 514 2035 667 2090; x_wconf 67' lang='lat'>201</span> <span class='ocrx_word' id='word_1_116' title='bbox 718 2032 757 2085; x_wconf 82' lang='lat' dir='ltr'><strong><em>A</em></strong></span> <span class='ocrx_word' id='word_1_117' title='bbox 803 2026 1015 2096; x_wconf 74' lang='lat' dir='ltr'>noxiis,</span> <span class='ocrx_word' id='word_1_118' title='bbox 1062 2026 1158 2081; x_wconf 87' lang='lat' dir='ltr'>Gr.</span> <span class='ocrx_word' id='word_1_119' title='bbox 1203 2026 1306 2075; x_wconf 79' lang='grc' dir='ltr'>τῶν</span> <span class='ocrx_word' id='word_1_120' title='bbox 1342 2014 1774 2092; x_wconf 68' lang='grc' dir='ltr'>λελωϐημένων.</span> <span class='ocrx_word' id='word_1_121' title='bbox 1807 2021 1851 2074; x_wconf 90' lang='grc' dir='ltr'><strong>Α</strong></span> <span class='ocrx_word' id='word_1_122' title='bbox 1910 2017 2085 2085; x_wconf 62' lang='lat' dir='ltr'>laesis,</span> 
     </span>
    </p>
   </div>
   <div class='ocr_carea' id='block_1_23' title="bbox 441 2111 1630 2193">
    <p class='ocr_par' dir='ltr' id='par_1_23' title="bbox 441 2111 1630 2193">
     <span class='ocr_line' id='line_1_23' title="bbox 441 2111 1630 2193; baseline -0.011 -16"><span class='ocrx_word' id='word_1_123' title='bbox 441 2123 722 2193; x_wconf 90' lang='lat' dir='ltr'>injuriam</span> <span class='ocrx_word' id='word_1_124' title='bbox 754 2124 810 2173; x_wconf 89' lang='lat' dir='ltr'>et</span> <span class='ocrx_word' id='word_1_125' title='bbox 838 2119 1122 2172; x_wconf 83' lang='lat' dir='ltr'>damnum</span> <span class='ocrx_word' id='word_1_126' title='bbox 1156 2111 1630 2186; x_wconf 87' lang='lat' dir='ltr'>procurantibus.</span> 
     </span>
    </p>
   </div>
   <div class='ocr_carea' id='block_1_24' title="bbox 513 2197 2090 2279">
    <p class='ocr_par' dir='ltr' id='par_1_24' title="bbox 513 2197 2090 2279">
     <span class='ocr_line' id='line_1_24' title="bbox 513 2197 2090 2279; baseline -0.009 -13"><span class='ocrx_word' id='word_1_127' title='bbox 513 2214 578 2266; x_wconf 86' lang='lat' dir='ltr'>Et</span> <span class='ocrx_word' id='word_1_128' title='bbox 619 2226 839 2265; x_wconf 84' lang='lat' dir='ltr'>omnem</span> <span class='ocrx_word' id='word_1_129' title='bbox 863 2207 1313 2279; x_wconf 59' lang='lat' dir='ltr'>inzqualilatem.</span> <span class='ocrx_word' id='word_1_130' title='bbox 1366 2203 1491 2259; x_wconf 90' lang='lat' dir='ltr'>Non</span> <span class='ocrx_word' id='word_1_131' title='bbox 1535 2201 1679 2255; x_wconf 83' lang='lat' dir='ltr'>dicit</span> <span class='ocrx_word' id='word_1_132' title='bbox 1745 2197 2090 2270; x_wconf 82' lang='lat' dir='ltr'>simpliciter</span> 
     </span>
    </p>
   </div>
   <div class='ocr_carea' id='block_1_25' title="bbox 441 2287 2091 2367">
    <p class='ocr_par' dir='ltr' id='par_1_25' title="bbox 441 2287 2091 2367">
     <span class='ocr_line' id='line_1_25' title="bbox 441 2287 2091 2367; baseline -0.01 -10"><span class='ocrx_word' id='word_1_133' title='bbox 441 2299 827 2357; x_wconf 81' lang='lat' dir='ltr'>exterminare</span> <span class='ocrx_word' id='word_1_134' title='bbox 857 2294 1334 2367; x_wconf 65' lang='lat' dir='ltr'>inaequalitatem,</span> <span class='ocrx_word' id='word_1_135' title='bbox 1367 2292 1469 2346; x_wconf 89' lang='lat' dir='ltr'>sed</span> <span class='ocrx_word' id='word_1_136' title='bbox 1504 2290 1561 2345; x_wconf 90' lang='lat' dir='ltr'>in</span> <span class='ocrx_word' id='word_1_137' title='bbox 1604 2288 1879 2361; x_wconf 87' lang='lat' dir='ltr'>singulis,</span> <span class='ocrx_word' id='word_1_138' title='bbox 1914 2287 1968 2341; x_wconf 90' lang='lat' dir='ltr'>id</span> <span class='ocrx_word' id='word_1_139' title='bbox 2000 2290 2091 2341; x_wconf 90' lang='lat' dir='ltr'>est</span> 
     </span>
    </p>
   </div>
   <div class='ocr_carea' id='block_1_26' title="bbox 442 2374 2089 2460">
    <p class='ocr_par' dir='ltr' id='par_1_26' title="bbox 442 2374 2089 2460">
     <span class='ocr_line' id='line_1_26' title="bbox 442 2374 2089 2460; baseline -0.01 -15"><span class='ocrx_word' id='word_1_140' title='bbox 442 2388 708 2460; x_wconf 89' lang='lat' dir='ltr'>singulas</span> <span class='ocrx_word' id='word_1_141' title='bbox 728 2390 1131 2442; x_wconf 84' lang='lat' dir='ltr'>creaturarum</span> <span class='ocrx_word' id='word_1_142' title='bbox 1164 2399 1279 2437; x_wconf 91' lang='lat' dir='ltr'>non</span> <span class='ocrx_word' id='word_1_143' title='bbox 1315 2395 1551 2435; x_wconf 90' lang='lat' dir='ltr'>manere</span> <span class='ocrx_word' id='word_1_144' title='bbox 1582 2377 1884 2449; x_wconf 69' lang='lat' dir='ltr'>aaqualiter</span> <span class='ocrx_word' id='word_1_145' title='bbox 1931 2381 1987 2430; x_wconf 90' lang='lat' dir='ltr'>et</span> <span class='ocrx_word' id='word_1_146' title='bbox 2016 2374 2089 2429; x_wconf 86' lang='lat' dir='ltr'>si-</span> 
     </span>
    </p>
   </div>
   <div class='ocr_carea' id='block_1_27' title="bbox 440 2465 2089 2537">
    <p class='ocr_par' dir='ltr' id='par_1_27' title="bbox 440 2465 2089 2537">
     <span class='ocr_line' id='line_1_27' title="bbox 440 2465 2089 2537; baseline -0.01 -3"><span class='ocrx_word' id='word_1_147' title='bbox 440 2479 657 2534; x_wconf 88' lang='lat' dir='ltr'>militer</span> <span class='ocrx_word' id='word_1_148' title='bbox 683 2478 741 2531; x_wconf 91' lang='lat' dir='ltr'>in</span> <span class='ocrx_word' id='word_1_149' title='bbox 772 2475 1080 2530; x_wconf 88' lang='lat' dir='ltr'>identitate</span> <span class='ocrx_word' id='word_1_150' title='bbox 1112 2469 1406 2537; x_wconf 83' lang='lat' dir='ltr'>naturali;</span> <span class='ocrx_word' id='word_1_151' title='bbox 1440 2470 1569 2524; x_wconf 92' lang='lat' dir='ltr'>ideo</span> <span class='ocrx_word' id='word_1_152' title='bbox 1601 2467 1831 2522; x_wconf 83' lang='lat' dir='ltr'>addidit</span> <span class='ocrx_word' id='word_1_153' title='bbox 1852 2465 2089 2536; x_wconf 77' lang='lat' dir='ltr'>aprivu-</span> 
     </span>
    </p>
   </div>
   <div class='ocr_carea' id='block_1_28' title="bbox 449 2555 2092 2637">
    <p class='ocr_par' dir='ltr' id='par_1_28' title="bbox 449 2555 2092 2637">
     <span class='ocr_line' id='line_1_28' title="bbox 449 2555 2092 2637; baseline -0.011 -13"><span class='ocrx_word' id='word_1_154' title='bbox 449 2564 913 2637; x_wconf 79' lang='lat' dir='ltr'>tione,quoniam</span> <span class='ocrx_word' id='word_1_155' title='bbox 967 2579 1082 2617; x_wconf 91' lang='lat' dir='ltr'>non</span> <span class='ocrx_word' id='word_1_156' title='bbox 1130 2561 1347 2614; x_wconf 89' lang='lat' dir='ltr'>idcirco</span> <span class='ocrx_word' id='word_1_157' title='bbox 1397 2558 1550 2628; x_wconf 91' lang='lat' dir='ltr'>quod</span> <span class='ocrx_word' id='word_1_158' title='bbox 1596 2555 1994 2611; x_wconf 79' lang='lat' dir='ltr'>indiil‘erentes</span> <span class='ocrx_word' id='word_1_159' title='bbox 2035 2557 2092 2607; x_wconf 89' lang='lat' dir='ltr'>et</span> 
     </span>
    </p>
   </div>
   <div class='ocr_carea' id='block_1_29' title="bbox 439 2646 1757 2727">
    <p class='ocr_par' dir='ltr' id='par_1_29' title="bbox 439 2646 1757 2727">
     <span class='ocr_line' id='line_1_29' title="bbox 439 2646 1757 2727; baseline -0.01 -15"><span class='ocrx_word' id='word_1_160' title='bbox 439 2655 757 2727; x_wconf 64' lang='lat' dir='ltr'>inmquales</span> <span class='ocrx_word' id='word_1_161' title='bbox 790 2653 910 2709; x_wconf 89' lang='lat' dir='ltr'>sint</span> <span class='ocrx_word' id='word_1_162' title='bbox 938 2668 1050 2718; x_wconf 89' lang='lat' dir='ltr'>res,</span> <span class='ocrx_word' id='word_1_163' title='bbox 1072 2648 1443 2720; x_wconf 75' lang='lat' dir='ltr'>inaequalitas</span> <span class='ocrx_word' id='word_1_164' title='bbox 1475 2646 1757 2701; x_wconf 82' lang='lat' dir='ltr'>aufertur.</span> 
     </span>
    </p>
   </div>
   <div class='ocr_carea' id='block_1_30' title="bbox 510 2733 2090 2816">
    <p class='ocr_par' dir='ltr' id='par_1_30' title="bbox 510 2733 2090 2816">
     <span class='ocr_line' id='line_1_30' title="bbox 510 2733 2090 2816; baseline -0.009 -15"><span class='ocrx_word' id='word_1_165' title='bbox 510 2742 869 2816; x_wconf 75' lang='lat' dir='ltr'>AEqualitatis</span> <span class='ocrx_word' id='word_1_166' title='bbox 890 2741 1254 2811; x_wconf 78' lang='lat' dir='ltr'>singulorum.</span> <span class='ocrx_word' id='word_1_167' title='bbox 1289 2738 1433 2791; x_wconf 88' lang='lat' dir='ltr'>Cum</span> <span class='ocrx_word' id='word_1_168' title='bbox 1468 2736 1645 2790; x_wconf 87' lang='lat' dir='ltr'>sciret</span> <span class='ocrx_word' id='word_1_169' title='bbox 1685 2735 1832 2788; x_wconf 91' lang='lat' dir='ltr'>duos</span> <span class='ocrx_word' id='word_1_170' title='bbox 1885 2733 2090 2787; x_wconf 87' lang='lat' dir='ltr'>modos</span> 
     </span>
    </p>
   </div>
   <div class='ocr_carea' id='block_1_31' title="bbox 443 2822 2091 2901">
    <p class='ocr_par' dir='ltr' id='par_1_31' title="bbox 443 2822 2091 2901">
     <span class='ocr_line' id='line_1_31' title="bbox 443 2822 2091 2901; baseline -0.011 -10"><span class='ocrx_word' id='word_1_171' title='bbox 443 2835 763 2890; x_wconf 88' lang='lat' dir='ltr'>secundum</span> <span class='ocrx_word' id='word_1_172' title='bbox 797 2847 947 2901; x_wconf 91' lang='lat' dir='ltr'>quos</span> <span class='ocrx_word' id='word_1_173' title='bbox 972 2827 1338 2898; x_wconf 64' lang='lat' dir='ltr'>inaequalitas</span> <span class='ocrx_word' id='word_1_174' title='bbox 1371 2824 1603 2886; x_wconf 89' lang='lat' dir='ltr'>dicitur,</span> <span class='ocrx_word' id='word_1_175' title='bbox 1640 2822 1787 2875; x_wconf 89' lang='lat' dir='ltr'>duos</span> <span class='ocrx_word' id='word_1_176' title='bbox 1834 2822 2091 2891; x_wconf 86' lang='lat' dir='ltr'>exponit,</span> 
     </span>
    </p>
   </div>
   <div class='ocr_carea' id='block_1_32' title="bbox 443 2913 2090 2985">
    <p class='ocr_par' dir='ltr' id='par_1_32' title="bbox 443 2913 2090 2985">
     <span class='ocr_line' id='line_1_32' title="bbox 443 2913 2090 2985; baseline -0.01 -6"><span class='ocrx_word' id='word_1_177' title='bbox 443 2930 499 2979; x_wconf 88' lang='lat' dir='ltr'>et</span> <span class='ocrx_word' id='word_1_178' title='bbox 514 2927 596 2977; x_wconf 87' lang='lat' dir='ltr'>ait</span> <span class='ocrx_word' id='word_1_179' title='bbox 612 2928 812 2985; x_wconf 88' lang='lat' dir='ltr'>Deum,</span> <span class='ocrx_word' id='word_1_180' title='bbox 830 2913 1531 2983; x_wconf 86' lang='lat' dir='ltr'>eatenusdicijustitiam,</span> <span class='ocrx_word' id='word_1_181' title='bbox 1548 2917 1837 2983; x_wconf 86' lang='lat' dir='ltr'>quatenus</span> <span class='ocrx_word' id='word_1_182' title='bbox 1855 2925 2090 2964; x_wconf 89' lang='lat' dir='ltr'>omnem</span> 
     </span>
    </p>
   </div>
   <div class='ocr_carea' id='block_1_33' title="bbox 450 2999 2092 3081">
    <p class='ocr_par' dir='ltr' id='par_1_33' title="bbox 450 2999 2092 3081">
     <span class='ocr_line' id='line_1_33' title="bbox 450 2999 2092 3081; baseline -0.009 -15"><span class='ocrx_word' id='word_1_183' title='bbox 450 3011 845 3081; x_wconf 65' lang='lat' dir='ltr'>aequalitatem</span> <span class='ocrx_word' id='word_1_184' title='bbox 867 3022 1144 3061; x_wconf 89' lang='lat' dir='ltr'>mensura</span> <span class='ocrx_word' id='word_1_185' title='bbox 1159 3004 1411 3073; x_wconf 85' lang='lat' dir='ltr'>adauget</span> <span class='ocrx_word' id='word_1_186' title='bbox 1428 3001 1557 3055; x_wconf 87' lang='lat' dir='ltr'>etin</span> <span class='ocrx_word' id='word_1_187' title='bbox 1587 3016 1819 3054; x_wconf 87' lang='lat' dir='ltr'>omnem</span> <span class='ocrx_word' id='word_1_188' title='bbox 1853 2999 2092 3069; x_wconf 60' lang='lat' dir='ltr'>aquali-</span> 
     </span>
    </p>
   </div>
   <div class='ocr_carea' id='block_1_34' title="bbox 441 3088 2095 3161">
    <p class='ocr_par' dir='ltr' id='par_1_34' title="bbox 441 3088 2095 3161">
     <span class='ocr_line' id='line_1_34' title="bbox 441 3088 2095 3161; baseline -0.008 -6"><span class='ocrx_word' id='word_1_189' title='bbox 441 3106 621 3155; x_wconf 88' lang='lat' dir='ltr'>tatem</span> <span class='ocrx_word' id='word_1_190' title='bbox 638 3096 1004 3153; x_wconf 84' lang='lat' dir='ltr'>exterminat.</span> <span class='ocrx_word' id='word_1_191' title='bbox 1021 3094 1184 3148; x_wconf 89' lang='lat' dir='ltr'>Nunc</span> <span class='ocrx_word' id='word_1_192' title='bbox 1198 3108 1329 3147; x_wconf 90' lang='lat' dir='ltr'>vero</span> <span class='ocrx_word' id='word_1_193' title='bbox 1344 3088 1800 3161; x_wconf 68' lang='lat' dir='ltr'>inaequalitatem</span> <span class='ocrx_word' id='word_1_194' title='bbox 1817 3088 2095 3158; x_wconf 85' lang='lat' dir='ltr'>intelligit</span> 
     </span>
    </p>
   </div>
   <div class='ocr_carea' id='block_1_35' title="bbox 445 3178 2091 3257">
    <p class='ocr_par' dir='ltr' id='par_1_35' title="bbox 445 3178 2091 3257">
     <span class='ocr_line' id='line_1_35' title="bbox 445 3178 2091 3257; baseline -0.009 -14"><span class='ocrx_word' id='word_1_195' title='bbox 445 3205 575 3243; x_wconf 88' lang='lat' dir='ltr'>eam</span> <span class='ocrx_word' id='word_1_196' title='bbox 608 3204 734 3257; x_wconf 61' lang='lat' dir='ltr'>qua:</span> <span class='ocrx_word' id='word_1_197' title='bbox 765 3202 863 3255; x_wconf 91' lang='lat' dir='ltr'>per</span> <span class='ocrx_word' id='word_1_198' title='bbox 886 3182 1263 3255; x_wconf 85' lang='lat' dir='ltr'>privationem</span> <span class='ocrx_word' id='word_1_199' title='bbox 1308 3179 1541 3243; x_wconf 89' lang='lat' dir='ltr'>accidit,</span> <span class='ocrx_word' id='word_1_200' title='bbox 1577 3178 1633 3232; x_wconf 87' lang='lat' dir='ltr'>id</span> <span class='ocrx_word' id='word_1_201' title='bbox 1654 3183 1743 3231; x_wconf 86' lang='lat' dir='ltr'>est</span> <span class='ocrx_word' id='word_1_202' title='bbox 1785 3178 2091 3231; x_wconf 89' lang='lat' dir='ltr'>abundan-</span> 
     </span>
    </p>
   </div>
   <div class='ocr_carea' id='block_1_36' title="bbox 2176 600 3816 680">
    <p class='ocr_par' dir='ltr' id='par_1_36' title="bbox 2176 600 3816 680">
     <span class='ocr_line' id='line_1_36' title="bbox 2176 600 3816 680; baseline 0 -21"><span class='ocrx_word' id='word_1_203' title='bbox 2176 604 2437 667; x_wconf 71' lang='grc' dir='ltr'>ὡσαύτως</span> <span class='ocrx_word' id='word_1_204' title='bbox 2487 602 2704 680; x_wconf 79' lang='grc' dir='ltr'>ἔχοντα.</span> <span class='ocrx_word' id='word_1_205' title='bbox 2753 604 2824 657; x_wconf 89' lang='grc' dir='ltr'>Τὸ</span> <span class='ocrx_word' id='word_1_206' title='bbox 2877 601 2934 657; x_wconf 69' lang='grc' dir='ltr'>δὲ</span> <span class='ocrx_word' id='word_1_207' title='bbox 2982 605 3082 672; x_wconf 72' lang='grc' dir='ltr'>τὴν</span> <span class='ocrx_word' id='word_1_208' title='bbox 3148 600 3650 678; x_wconf 75' lang='grc' dir='ltr'>ἀλλοτριοπραγίαν</span> <span class='ocrx_word' id='word_1_209' title='bbox 3710 603 3816 674; x_wconf 79' lang='grc' dir='ltr'>ἐξο-</span> 
     </span>
    </p>
   </div>
   <div class='ocr_carea' id='block_1_37' title="bbox 2179 689 3817 768">
    <p class='ocr_par' dir='ltr' id='par_1_37' title="bbox 2179 689 3817 768">
     <span class='ocr_line' id='line_1_37' title="bbox 2179 689 3817 768; baseline 0 -21"><span class='ocrx_word' id='word_1_210' title='bbox 2179 694 2364 767; x_wconf 82' lang='grc' dir='ltr'>ρίζειν,</span> <span class='ocrx_word' id='word_1_211' title='bbox 2422 693 2512 747; x_wconf 82' lang='grc' dir='ltr'>καὶ</span> <span class='ocrx_word' id='word_1_212' title='bbox 2586 690 3015 765; x_wconf 90' lang='grc' dir='ltr'>ἀμεταπτώτους</span> <span class='ocrx_word' id='word_1_213' title='bbox 3092 689 3377 768; x_wconf 74' lang='grc' dir='ltr'>φυλάττειν</span> <span class='ocrx_word' id='word_1_214' title='bbox 3455 692 3548 753; x_wconf 77' lang='grc' dir='ltr'>τὰς</span> <span class='ocrx_word' id='word_1_215' title='bbox 3606 692 3817 747; x_wconf 70' lang='grc' dir='ltr'>ἑκάστου</span> 
     </span>
    </p>
   </div>
   <div class='ocr_carea' id='block_1_38' title="bbox 2180 781 3821 856">
    <p class='ocr_par' dir='ltr' id='par_1_38' title="bbox 2180 781 3821 856">
     <span class='ocr_line' id='line_1_38' title="bbox 2180 781 3821 856; baseline 0 -19"><span class='ocrx_word' id='word_1_216' title='bbox 2180 781 2477 853; x_wconf 75' lang='grc' dir='ltr'>ἰδιότητας,</span> <span class='ocrx_word' id='word_1_217' title='bbox 2540 782 2681 837; x_wconf 68' lang='grc' dir='ltr'>οὕτω</span> <span class='ocrx_word' id='word_1_218' title='bbox 2728 783 2951 853; x_wconf 84' lang='grc' dir='ltr'>νόησον,</span> <span class='ocrx_word' id='word_1_219' title='bbox 3012 782 3095 835; x_wconf 83' lang='grc' dir='ltr'>ὅτι</span> <span class='ocrx_word' id='word_1_220' title='bbox 3159 782 3227 835; x_wconf 83' lang='grc' dir='ltr'>τά</span> <span class='ocrx_word' id='word_1_221' title='bbox 3297 787 3547 856; x_wconf 76' lang='grc' dir='ltr'>στοιχεῖα</span> <span class='ocrx_word' id='word_1_222' title='bbox 3621 781 3821 837; x_wconf 79' lang='grc' dir='ltr'>ἐναντία</span> 
     </span>
    </p>
   </div>
   <div class='ocr_carea' id='block_1_39' title="bbox 2186 866 3819 943">
    <p class='ocr_par' dir='ltr' id='par_1_39' title="bbox 2186 866 3819 943">
     <span class='ocr_line' id='line_1_39' title="bbox 2186 866 3819 943; baseline -0.001 -20"><span class='ocrx_word' id='word_1_223' title='bbox 2186 868 2432 942; x_wconf 69' lang='grc' dir='ltr'>μένουσιν</span> <span class='ocrx_word' id='word_1_224' title='bbox 2481 866 2779 939; x_wconf 67' lang='grc' dir='ltr'>ἀλλήλοις,</span> <span class='ocrx_word' id='word_1_225' title='bbox 2831 872 2944 922; x_wconf 79' lang='grc' dir='ltr'>οἷον</span> <span class='ocrx_word' id='word_1_226' title='bbox 2998 866 3059 922; x_wconf 87' lang='grc' dir='ltr'>τὸ</span> <span class='ocrx_word' id='word_1_227' title='bbox 3093 867 3290 943; x_wconf 85' lang='grc' dir='ltr'>θερμὸν</span> <span class='ocrx_word' id='word_1_228' title='bbox 3339 868 3427 922; x_wconf 86' lang='grc' dir='ltr'>καὶ</span> <span class='ocrx_word' id='word_1_229' title='bbox 3475 868 3707 943; x_wconf 76' lang='grc' dir='ltr'>ψυχρὸν,</span> <span class='ocrx_word' id='word_1_230' title='bbox 3737 869 3819 923; x_wconf 82' lang='grc' dir='ltr'>καὶ</span> 
     </span>
    </p>
   </div>
   <div class='ocr_carea' id='block_1_40' title="bbox 2185 954 3821 1034">
    <p class='ocr_par' dir='ltr' id='par_1_40' title="bbox 2185 954 3821 1034">
     <span class='ocr_line' id='line_1_40' title="bbox 2185 954 3821 1034; baseline 0 -21"><span class='ocrx_word' id='word_1_231' title='bbox 2185 959 2341 1034; x_wconf 84' lang='grc' dir='ltr'>ὑγρὸν</span> <span class='ocrx_word' id='word_1_232' title='bbox 2388 959 2475 1013; x_wconf 83' lang='grc' dir='ltr'>καὶ</span> <span class='ocrx_word' id='word_1_233' title='bbox 2524 958 2708 1033; x_wconf 80' lang='grc' dir='ltr'>ξηρὸν,</span> <span class='ocrx_word' id='word_1_234' title='bbox 2741 958 2828 1012; x_wconf 84' lang='grc' dir='ltr'>καὶ</span> <span class='ocrx_word' id='word_1_235' title='bbox 2875 954 3100 1012; x_wconf 70' lang='grc' dir='ltr'>ἕκαστον</span> <span class='ocrx_word' id='word_1_236' title='bbox 3149 956 3323 1011; x_wconf 74' lang='grc' dir='ltr'>αὐτῶν</span> <span class='ocrx_word' id='word_1_237' title='bbox 3373 956 3423 1011; x_wconf 74' lang='grc' dir='ltr'>ἓν</span> <span class='ocrx_word' id='word_1_238' title='bbox 3466 959 3535 1029; x_wconf 79' lang='grc' dir='ltr'>τῇ</span> <span class='ocrx_word' id='word_1_239' title='bbox 3565 956 3673 1029; x_wconf 76' lang='grc' dir='ltr'>ἰδίᾳ</span> <span class='ocrx_word' id='word_1_240' title='bbox 3697 958 3821 1013; x_wconf 84' lang='grc' dir='ltr'>ὁλό-</span> 
     </span>
    </p>
   </div>
   <div class='ocr_carea' id='block_1_41' title="bbox 2184 1044 3825 1120">
    <p class='ocr_par' dir='ltr' id='par_1_41' title="bbox 2184 1044 3825 1120">
     <span class='ocr_line' id='line_1_41' title="bbox 2184 1044 3825 1120; baseline -0.001 -18"><span class='ocrx_word' id='word_1_241' title='bbox 2184 1069 2307 1117; x_wconf 88' lang='grc' dir='ltr'>τητι</span> <span class='ocrx_word' id='word_1_242' title='bbox 2332 1046 2676 1120; x_wconf 74' lang='grc' dir='ltr'>ἐναπομενει,</span> <span class='ocrx_word' id='word_1_243' title='bbox 2706 1047 2795 1101; x_wconf 81' lang='grc' dir='ltr'>καὶ</span> <span class='ocrx_word' id='word_1_244' title='bbox 2839 1046 2899 1101; x_wconf 79' lang='grc' dir='ltr'>οὐ</span> <span class='ocrx_word' id='word_1_245' title='bbox 2938 1046 3249 1119; x_wconf 78' lang='grc' dir='ltr'>μεθίσταται</span> <span class='ocrx_word' id='word_1_246' title='bbox 3290 1045 3429 1118; x_wconf 85' lang='grc' dir='ltr'>πρὸς</span> <span class='ocrx_word' id='word_1_247' title='bbox 3460 1046 3522 1099; x_wconf 88' lang='grc' dir='ltr'>τὸ</span> <span class='ocrx_word' id='word_1_248' title='bbox 3556 1044 3785 1101; x_wconf 81' lang='grc' dir='ltr'>ἐναντίον</span> <span class='ocrx_word' id='word_1_249' title='bbox 3813 1066 3825 1079; x_wconf 77' lang='grc'><strong><em>⁸</em></strong></span> 
     </span>
    </p>
   </div>
   <div class='ocr_carea' id='block_1_42' title="bbox 2187 1132 3823 1213">
    <p class='ocr_par' dir='ltr' id='par_1_42' title="bbox 2187 1132 3823 1213">
     <span class='ocr_line' id='line_1_42' title="bbox 2187 1132 3823 1213; baseline -0.001 -22"><span class='ocrx_word' id='word_1_250' title='bbox 2187 1135 2445 1191; x_wconf 69' lang='grc' dir='ltr'>οὐδεποτε</span> <span class='ocrx_word' id='word_1_251' title='bbox 2494 1137 2594 1213; x_wconf 77' lang='grc' dir='ltr'>γὰρ</span> <span class='ocrx_word' id='word_1_252' title='bbox 2650 1137 2713 1191; x_wconf 86' lang='grc' dir='ltr'>τὸ</span> <span class='ocrx_word' id='word_1_253' title='bbox 2771 1140 2875 1210; x_wconf 78' lang='grc' dir='ltr'>πῦρ</span> <span class='ocrx_word' id='word_1_254' title='bbox 2937 1134 3081 1209; x_wconf 79' lang='grc' dir='ltr'>ὕδωρ</span> <span class='ocrx_word' id='word_1_255' title='bbox 3140 1134 3369 1209; x_wconf 88' lang='grc' dir='ltr'>γίνεται,</span> <span class='ocrx_word' id='word_1_256' title='bbox 3404 1132 3529 1189; x_wconf 69' lang='grc' dir='ltr'>οὐδὲ</span> <span class='ocrx_word' id='word_1_257' title='bbox 3582 1137 3642 1189; x_wconf 85' lang='grc' dir='ltr'>τὸ</span> <span class='ocrx_word' id='word_1_258' title='bbox 3690 1133 3823 1209; x_wconf 76' lang='grc' dir='ltr'>ὕδωρ</span> 
     </span>
    </p>
   </div>
   <div class='ocr_carea' id='block_1_43' title="bbox 2187 1222 3829 1301">
    <p class='ocr_par' dir='ltr' id='par_1_43' title="bbox 2187 1222 3829 1301">
     <span class='ocr_line' id='line_1_43' title="bbox 2187 1222 3829 1301; baseline -0.002 -20"><span class='ocrx_word' id='word_1_259' title='bbox 2187 1231 2318 1301; x_wconf 76' lang='grc' dir='ltr'>πῦρ.</span> <span class='ocrx_word' id='word_1_260' title='bbox 2355 1226 2418 1282; x_wconf 73' lang='grc' dir='ltr'>Εἴ</span> <span class='ocrx_word' id='word_1_261' title='bbox 2462 1223 2518 1280; x_wconf 66' lang='grc' dir='ltr'>δὲ</span> <span class='ocrx_word' id='word_1_262' title='bbox 2564 1226 2655 1280; x_wconf 76' lang='grc' dir='ltr'>καὶ</span> <span class='ocrx_word' id='word_1_263' title='bbox 2708 1224 3014 1279; x_wconf 68' lang='grc' dir='ltr'>συνέλθοιεν</span> <span class='ocrx_word' id='word_1_264' title='bbox 3060 1225 3195 1279; x_wconf 86' lang='grc' dir='ltr'>κατά</span> <span class='ocrx_word' id='word_1_265' title='bbox 3223 1226 3322 1294; x_wconf 79' lang='grc' dir='ltr'>τὴν</span> <span class='ocrx_word' id='word_1_266' title='bbox 3354 1229 3450 1279; x_wconf 79' lang='grc' dir='ltr'>τοῦ</span> <span class='ocrx_word' id='word_1_267' title='bbox 3498 1222 3829 1299; x_wconf 78' lang='grc' dir='ltr'>δημιουργοῦ</span> 
     </span>
    </p>
   </div>
   <div class='ocr_carea' id='block_1_44' title="bbox 2188 1312 3827 1389">
    <p class='ocr_par' dir='ltr' id='par_1_44' title="bbox 2188 1312 3827 1389">
     <span class='ocr_line' id='line_1_44' title="bbox 2188 1312 3827 1389; baseline -0.001 -20"><span class='ocrx_word' id='word_1_268' title='bbox 2188 1314 2454 1385; x_wconf 77' lang='grc' dir='ltr'>κέλευσιν,</span> <span class='ocrx_word' id='word_1_269' title='bbox 2509 1316 2653 1389; x_wconf 70' lang='grc' dir='ltr'>μένει</span> <span class='ocrx_word' id='word_1_270' title='bbox 2702 1312 2924 1370; x_wconf 70' lang='grc' dir='ltr'>ἕκαστον</span> <span class='ocrx_word' id='word_1_271' title='bbox 2986 1315 3189 1381; x_wconf 78' lang='grc' dir='ltr'>αὐτῶν,</span> <span class='ocrx_word' id='word_1_272' title='bbox 3246 1315 3419 1384; x_wconf 79' lang='grc' dir='ltr'>σῶζον</span> <span class='ocrx_word' id='word_1_273' title='bbox 3477 1314 3577 1383; x_wconf 79' lang='grc' dir='ltr'>τήν</span> <span class='ocrx_word' id='word_1_274' title='bbox 3635 1313 3827 1368; x_wconf 75' lang='grc' dir='ltr'>οἷ’κείαν</span> 
     </span>
    </p>
   </div>
   <div class='ocr_carea' id='block_1_45' title="bbox 2191 1403 2463 1474">
    <p class='ocr_par' dir='ltr' id='par_1_45' title="bbox 2191 1403 2463 1474">
     <span class='ocr_line' id='line_1_45' title="bbox 2191 1403 2463 1474; baseline 0.007 -15"><span class='ocrx_word' id='word_1_275' title='bbox 2191 1403 2463 1474; x_wconf 77' lang='grc' dir='ltr'>ίδιότητα.</span> 
     </span>
    </p>
   </div>
   <div class='ocr_carea' id='block_1_46' title="bbox 2262 1490 3829 1568">
    <p class='ocr_par' dir='ltr' id='par_1_46' title="bbox 2262 1490 3829 1568">
     <span class='ocr_line' id='line_1_46' title="bbox 2262 1490 3829 1568; baseline -0.002 -19"><span class='ocrx_word' id='word_1_276' title='bbox 2262 1494 2362 1549; x_wconf 84' lang='grc' dir='ltr'>Καὶ</span> <span class='ocrx_word' id='word_1_277' title='bbox 2391 1495 2490 1557; x_wconf 83' lang='grc' dir='ltr'>τάς</span> <span class='ocrx_word' id='word_1_278' title='bbox 2516 1493 2830 1568; x_wconf 80' lang='grc' dir='ltr'>ἀναλογίας.</span> <span class='ocrx_word' id='word_1_279' title='bbox 2862 1491 3181 1568; x_wconf 88' lang='grc' dir='ltr'>Ἀναλογίας</span> <span class='ocrx_word' id='word_1_280' title='bbox 3214 1492 3347 1568; x_wconf 86' lang='grc' dir='ltr'>φησὶ</span> <span class='ocrx_word' id='word_1_281' title='bbox 3377 1492 3473 1554; x_wconf 83' lang='grc' dir='ltr'>τὰς</span> <span class='ocrx_word' id='word_1_282' title='bbox 3508 1490 3829 1566; x_wconf 83' lang='grc' dir='ltr'>ἁρμοδιότη-</span> 
     </span>
    </p>
   </div>
   <div class='ocr_carea' id='block_1_47' title="bbox 2189 1581 3295 1661">
    <p class='ocr_par' dir='ltr' id='par_1_47' title="bbox 2189 1581 3295 1661">
     <span class='ocr_line' id='line_1_47' title="bbox 2189 1581 3295 1661; baseline -0.001 -23"><span class='ocrx_word' id='word_1_283' title='bbox 2189 1605 2283 1645; x_wconf 87' lang='grc' dir='ltr'>τας</span> <span class='ocrx_word' id='word_1_284' title='bbox 2317 1584 2543 1653; x_wconf 67' lang='grc' dir='ltr'>ἑκάστης</span> <span class='ocrx_word' id='word_1_285' title='bbox 2577 1586 2786 1661; x_wconf 84' lang='grc' dir='ltr'>φύσεως</span> <span class='ocrx_word' id='word_1_286' title='bbox 2814 1584 2901 1636; x_wconf 82' lang='grc' dir='ltr'>καὶ</span> <span class='ocrx_word' id='word_1_287' title='bbox 2936 1581 3295 1657; x_wconf 83' lang='grc' dir='ltr'>συμμετρίας.</span> 
     </span>
    </p>
   </div>
   <div class='ocr_carea' id='block_1_48' title="bbox 2265 1664 3834 1741">
    <p class='ocr_par' dir='ltr' id='par_1_48' title="bbox 2265 1664 3834 1741">
     <span class='ocr_line' id='line_1_48' title="bbox 2265 1664 3834 1741; baseline -0.003 -13"><span class='ocrx_word' id='word_1_288' title='bbox 2265 1672 2379 1729; x_wconf 79' lang='grc' dir='ltr'>Οὐκ</span> <span class='ocrx_word' id='word_1_289' title='bbox 2406 1673 2512 1726; x_wconf 86' lang='grc' dir='ltr'>ἀπὸ</span> <span class='ocrx_word' id='word_1_290' title='bbox 2544 1677 2770 1729; x_wconf 71' lang='grc' dir='ltr'>σκοποῦ.</span> <span class='ocrx_word' id='word_1_291' title='bbox 2799 1671 3083 1726; x_wconf 76' lang='grc' dir='ltr'>Τουτὲστιν</span> <span class='ocrx_word' id='word_1_292' title='bbox 3120 1670 3218 1725; x_wconf 82' lang='grc' dir='ltr'>οὐκ</span> <span class='ocrx_word' id='word_1_293' title='bbox 3250 1664 3350 1741; x_wconf 75' lang='grc' dir='ltr'>ἔξω</span> <span class='ocrx_word' id='word_1_294' title='bbox 3380 1674 3477 1725; x_wconf 80' lang='grc' dir='ltr'>τοῦ</span> <span class='ocrx_word' id='word_1_295' title='bbox 3510 1669 3716 1724; x_wconf 65' lang='grc' dir='ltr'>σκοποῦ</span> <span class='ocrx_word' id='word_1_296' title='bbox 3741 1674 3834 1737; x_wconf 82' lang='grc' dir='ltr'>τῆς</span> 
     </span>
    </p>
   </div>
   <div class='ocr_carea' id='block_1_49' title="bbox 2195 1768 2437 1836">
    <p class='ocr_par' dir='ltr' id='par_1_49' title="bbox 2195 1768 2437 1836">
     <span class='ocr_line' id='line_1_49' title="bbox 2195 1768 2437 1836; baseline 0.008 -21"><span class='ocrx_word' id='word_1_297' title='bbox 2195 1768 2437 1836; x_wconf 83' lang='grc' dir='ltr'>Γραφῆς.</span> 
     </span>
    </p>
   </div>
   <div class='ocr_carea' id='block_1_50' title="bbox 2265 1847 3182 1924">
    <p class='ocr_par' dir='ltr' id='par_1_50' title="bbox 2265 1847 3182 1924">
     <span class='ocr_line' id='line_1_50' title="bbox 2265 1847 3182 1924; baseline -0.001 -20"><span class='ocrx_word' id='word_1_298' title='bbox 2265 1848 2664 1924; x_wconf 83' lang='grc' dir='ltr'>Ὑπερείδουσα.</span> <span class='ocrx_word' id='word_1_299' title='bbox 2695 1847 3182 1923; x_wconf 68' lang='grc' dir='ltr'>’1³ποστηρίζουσα.</span> 
     </span>
    </p>
   </div>
   <div class='ocr_carea' id='block_1_51' title="bbox 2266 2020 3829 2101">
    <p class='ocr_par' dir='ltr' id='par_1_51' title="bbox 2266 2020 3829 2101">
     <span class='ocr_line' id='line_1_51' title="bbox 2266 2020 3829 2101; baseline -0.003 -17"><span class='ocrx_word' id='word_1_300' title='bbox 2266 2034 2379 2083; x_wconf 82' lang='grc' dir='ltr'>Τῶν</span> <span class='ocrx_word' id='word_1_301' title='bbox 2422 2024 2854 2101; x_wconf 73' lang='grc' dir='ltr'>λελωϐημένων.</span> <span class='ocrx_word' id='word_1_302' title='bbox 2888 2022 3314 2099; x_wconf 75' lang='grc' dir='ltr'>Βεϐλαμμὲνων,</span> <span class='ocrx_word' id='word_1_303' title='bbox 3362 2030 3469 2081; x_wconf 82' lang='grc' dir='ltr'>τῶν</span> <span class='ocrx_word' id='word_1_304' title='bbox 3520 2020 3710 2096; x_wconf 79' lang='grc' dir='ltr'>λώϐην</span> <span class='ocrx_word' id='word_1_305' title='bbox 3747 2026 3829 2080; x_wconf 86' lang='grc' dir='ltr'>καὶ</span> 
     </span>
    </p>
   </div>
   <div class='ocr_carea' id='block_1_52' title="bbox 2197 2116 2951 2194">
    <p class='ocr_par' dir='ltr' id='par_1_52' title="bbox 2197 2116 2951 2194">
     <span class='ocr_line' id='line_1_52' title="bbox 2197 2116 2951 2194; baseline -0.003 -20"><span class='ocrx_word' id='word_1_306' title='bbox 2197 2119 2491 2194; x_wconf 86' lang='grc' dir='ltr'>ἀχρείωσιν</span> <span class='ocrx_word' id='word_1_307' title='bbox 2526 2116 2951 2192; x_wconf 82' lang='grc' dir='ltr'>προξενούντων.</span> 
     </span>
    </p>
   </div>
   <div class='ocr_carea' id='block_1_53' title="bbox 2271 2202 3833 2279">
    <p class='ocr_par' dir='ltr' id='par_1_53' title="bbox 2271 2202 3833 2279">
     <span class='ocr_line' id='line_1_53' title="bbox 2271 2202 3833 2279; baseline -0.004 -16"><span class='ocrx_word' id='word_1_308' title='bbox 2271 2209 2368 2263; x_wconf 80' lang='grc' dir='ltr'>Καὶ</span> <span class='ocrx_word' id='word_1_309' title='bbox 2416 2213 2561 2261; x_wconf 77' lang='grc' dir='ltr'>πᾶσα</span> <span class='ocrx_word' id='word_1_310' title='bbox 2627 2206 2909 2276; x_wconf 90' lang='grc' dir='ltr'>ἀνισότης.</span> <span class='ocrx_word' id='word_1_311' title='bbox 2970 2203 3093 2279; x_wconf 77' lang='grc' dir='ltr'>Οὐχ</span> <span class='ocrx_word' id='word_1_312' title='bbox 3132 2202 3320 2265; x_wconf 80' lang='grc' dir='ltr'>ἁπλῶς</span> <span class='ocrx_word' id='word_1_313' title='bbox 3376 2225 3511 2277; x_wconf 83' lang='grc' dir='ltr'>φησι</span> <span class='ocrx_word' id='word_1_314' title='bbox 3578 2205 3675 2272; x_wconf 80' lang='grc' dir='ltr'>τὴν</span> <span class='ocrx_word' id='word_1_315' title='bbox 3723 2203 3833 2257; x_wconf 87' lang='grc' dir='ltr'>ἀνι-</span> 
     </span>
    </p>
   </div>
   <div class='ocr_carea' id='block_1_54' title="bbox 2199 2290 3835 2370">
    <p class='ocr_par' dir='ltr' id='par_1_54' title="bbox 2199 2290 3835 2370">
     <span class='ocr_line' id='line_1_54' title="bbox 2199 2290 3835 2370; baseline -0.004 -18"><span class='ocrx_word' id='word_1_316' title='bbox 2199 2297 2402 2367; x_wconf 88' lang='grc' dir='ltr'>σὸτητα</span> <span class='ocrx_word' id='word_1_317' title='bbox 2450 2294 2729 2370; x_wconf 76' lang='grc' dir='ltr'>ἐξορίζειν,</span> <span class='ocrx_word' id='word_1_318' title='bbox 2762 2294 2887 2349; x_wconf 87' lang='grc' dir='ltr'>ἀλλ’</span> <span class='ocrx_word' id='word_1_319' title='bbox 2919 2294 2969 2347; x_wconf 84' lang='grc' dir='ltr'>ἐν</span> <span class='ocrx_word' id='word_1_320' title='bbox 3011 2300 3129 2355; x_wconf 84' lang='grc' dir='ltr'>τοῖς</span> <span class='ocrx_word' id='word_1_321' title='bbox 3180 2295 3295 2347; x_wconf 87' lang='grc' dir='ltr'>καθ’</span> <span class='ocrx_word' id='word_1_322' title='bbox 3321 2290 3571 2361; x_wconf 74' lang='grc' dir='ltr'>ἕκαστον,</span> <span class='ocrx_word' id='word_1_323' title='bbox 3603 2292 3835 2347; x_wconf 72' lang='grc' dir='ltr'>τουτέστι</span> 
     </span>
    </p>
   </div>
   <div class='ocr_carea' id='block_1_55' title="bbox 2196 2380 3834 2458">
    <p class='ocr_par' dir='ltr' id='par_1_55' title="bbox 2196 2380 3834 2458">
     <span class='ocr_line' id='line_1_55' title="bbox 2196 2380 3834 2458; baseline -0.004 -18"><span class='ocrx_word' id='word_1_324' title='bbox 2196 2388 2258 2441; x_wconf 87' lang='grc' dir='ltr'>τὸ</span> <span class='ocrx_word' id='word_1_325' title='bbox 2308 2388 2382 2458; x_wconf 77' lang='grc' dir='ltr'>μὴ</span> <span class='ocrx_word' id='word_1_326' title='bbox 2436 2383 2563 2446; x_wconf 64' lang='grc' dir='ltr'>ἴσως</span> <span class='ocrx_word' id='word_1_327' title='bbox 2626 2384 2715 2438; x_wconf 84' lang='grc' dir='ltr'>καὶ</span> <span class='ocrx_word' id='word_1_328' title='bbox 2763 2382 2972 2456; x_wconf 87' lang='grc' dir='ltr'>ὁμοίως</span> <span class='ocrx_word' id='word_1_329' title='bbox 3020 2380 3246 2437; x_wconf 73' lang='grc' dir='ltr'>ἕκαστον</span> <span class='ocrx_word' id='word_1_330' title='bbox 3297 2386 3404 2435; x_wconf 81' lang='grc' dir='ltr'>τῶν</span> <span class='ocrx_word' id='word_1_331' title='bbox 3433 2381 3734 2457; x_wconf 79' lang='grc' dir='ltr'>γεγονότων</span> <span class='ocrx_word' id='word_1_332' title='bbox 3787 2380 3834 2435; x_wconf 76' lang='grc' dir='ltr'>ἐν</span> 
     </span>
    </p>
   </div>
   <div class='ocr_carea' id='block_1_56' title="bbox 2196 2468 3839 2550">
    <p class='ocr_par' dir='ltr' id='par_1_56' title="bbox 2196 2468 3839 2550">
     <span class='ocr_line' id='line_1_56' title="bbox 2196 2468 3839 2550; baseline -0.004 -20"><span class='ocrx_word' id='word_1_333' title='bbox 2196 2475 2487 2544; x_wconf 85' lang='grc' dir='ltr'>ταυτότητι</span> <span class='ocrx_word' id='word_1_334' title='bbox 2518 2477 2585 2546; x_wconf 77' lang='grc' dir='ltr'>τῇ</span> <span class='ocrx_word' id='word_1_335' title='bbox 2613 2472 2748 2527; x_wconf 83' lang='grc' dir='ltr'>κατά</span> <span class='ocrx_word' id='word_1_336' title='bbox 2795 2471 2949 2550; x_wconf 82' lang='grc' dir='ltr'>φύσιν</span> <span class='ocrx_word' id='word_1_337' title='bbox 2999 2469 3297 2544; x_wconf 69' lang='grc' dir='ltr'>διαμένειν·</span> <span class='ocrx_word' id='word_1_338' title='bbox 3339 2468 3422 2524; x_wconf 90' lang='grc' dir='ltr'>διὸ</span> <span class='ocrx_word' id='word_1_339' title='bbox 3469 2472 3561 2524; x_wconf 81' lang='grc' dir='ltr'>καὶ</span> <span class='ocrx_word' id='word_1_340' title='bbox 3609 2471 3669 2524; x_wconf 87' lang='grc' dir='ltr'>τὸ</span> <span class='ocrx_word' id='word_1_341' title='bbox 3715 2472 3839 2524; x_wconf 84' lang='grc' dir='ltr'>κατά</span> 
     </span>
    </p>
   </div>
   <div class='ocr_carea' id='block_1_57' title="bbox 2200 2558 3838 2639">
    <p class='ocr_par' dir='ltr' id='par_1_57' title="bbox 2200 2558 3838 2639">
     <span class='ocr_line' id='line_1_57' title="bbox 2200 2558 3838 2639; baseline -0.004 -21"><span class='ocrx_word' id='word_1_342' title='bbox 2200 2563 2447 2639; x_wconf 71' lang='grc' dir='ltr'>στέρησιν</span> <span class='ocrx_word' id='word_1_343' title='bbox 2482 2562 2837 2637; x_wconf 68' lang='grc' dir='ltr'>προσέθηκεν,</span> <span class='ocrx_word' id='word_1_344' title='bbox 2871 2560 2984 2614; x_wconf 75' lang='grc' dir='ltr'>ἐπεὶ</span> <span class='ocrx_word' id='word_1_345' title='bbox 3015 2560 3152 2614; x_wconf 84' lang='grc' dir='ltr'>κατά</span> <span class='ocrx_word' id='word_1_346' title='bbox 3181 2561 3243 2614; x_wconf 88' lang='grc' dir='ltr'>τὸ</span> <span class='ocrx_word' id='word_1_347' title='bbox 3280 2558 3554 2637; x_wconf 76' lang='grc' dir='ltr'>ἀδιάφορα</span> <span class='ocrx_word' id='word_1_348' title='bbox 3604 2560 3732 2613; x_wconf 80' lang='grc' dir='ltr'>εἶναι</span> <span class='ocrx_word' id='word_1_349' title='bbox 3780 2558 3838 2612; x_wconf 72' lang='grc' dir='ltr'>τὰ</span> 
     </span>
    </p>
   </div>
   <div class='ocr_carea' id='block_1_58' title="bbox 2200 2644 3474 2719">
    <p class='ocr_par' dir='ltr' id='par_1_58' title="bbox 2200 2644 3474 2719">
     <span class='ocr_line' id='line_1_58' title="bbox 2200 2644 3474 2719; baseline -0.003 -13"><span class='ocrx_word' id='word_1_350' title='bbox 2200 2649 2327 2706; x_wconf 74' lang='grc' dir='ltr'>ὄντα</span> <span class='ocrx_word' id='word_1_351' title='bbox 2356 2652 2445 2705; x_wconf 88' lang='grc' dir='ltr'>καὶ</span> <span class='ocrx_word' id='word_1_352' title='bbox 2473 2653 2628 2705; x_wconf 81' lang='grc' dir='ltr'>ἄνισα</span> <span class='ocrx_word' id='word_1_353' title='bbox 2721 2649 2969 2719; x_wconf 81' lang='grc' dir='ltr'>ἀνισότης</span> <span class='ocrx_word' id='word_1_354' title='bbox 3002 2650 3104 2703; x_wconf 84' lang='grc' dir='ltr'>οὐκ</span> <span class='ocrx_word' id='word_1_355' title='bbox 3128 2644 3474 2703; x_wconf 77' lang='grc' dir='ltr'>ἐκϐάλλεται.</span> 
     </span>
    </p>
   </div>
   <div class='ocr_carea' id='block_1_59' title="bbox 2272 2735 3839 2811">
    <p class='ocr_par' dir='ltr' id='par_1_59' title="bbox 2272 2735 3839 2811">
     <span class='ocr_line' id='line_1_59' title="bbox 2272 2735 3839 2811; baseline -0.006 -14"><span class='ocrx_word' id='word_1_356' title='bbox 2272 2744 2388 2808; x_wconf 79' lang='grc' dir='ltr'>Τῆς</span> <span class='ocrx_word' id='word_1_357' title='bbox 2447 2739 2498 2794; x_wconf 80' lang='grc' dir='ltr'>ἐν</span> <span class='ocrx_word' id='word_1_358' title='bbox 2556 2739 2739 2801; x_wconf 69' lang='grc' dir='ltr'>αὐτοῖς</span> <span class='ocrx_word' id='word_1_359' title='bbox 2799 2738 3044 2800; x_wconf 77' lang='grc' dir='ltr'>ἑκάστοις</span> <span class='ocrx_word' id='word_1_360' title='bbox 3104 2737 3379 2807; x_wconf 77' lang='grc' dir='ltr'>ἰσότητος.</span> <span class='ocrx_word' id='word_1_361' title='bbox 3443 2735 3550 2791; x_wconf 79' lang='grc' dir='ltr'>Δύο</span> <span class='ocrx_word' id='word_1_362' title='bbox 3617 2735 3839 2811; x_wconf 79' lang='grc' dir='ltr'>τρόπους</span> 
     </span>
    </p>
   </div>
   <div class='ocr_carea' id='block_1_60' title="bbox 2199 2823 3837 2901">
    <p class='ocr_par' dir='ltr' id='par_1_60' title="bbox 2199 2823 3837 2901">
     <span class='ocr_line' id='line_1_60' title="bbox 2199 2823 3837 2901; baseline -0.004 -18"><span class='ocrx_word' id='word_1_363' title='bbox 2199 2831 2316 2883; x_wconf 88' lang='grc' dir='ltr'>καθ’</span> <span class='ocrx_word' id='word_1_364' title='bbox 2347 2828 2437 2889; x_wconf 75' lang='grc' dir='ltr'>οὒς</span> <span class='ocrx_word' id='word_1_365' title='bbox 2492 2828 2747 2897; x_wconf 76' lang='grc' dir='ltr'>ἀνισότης</span> <span class='ocrx_word' id='word_1_366' title='bbox 2808 2826 3025 2901; x_wconf 71' lang='grc' dir='ltr'>λέγεται</span> <span class='ocrx_word' id='word_1_367' title='bbox 3072 2824 3251 2893; x_wconf 81' lang='grc' dir='ltr'>εἰδώς,</span> <span class='ocrx_word' id='word_1_368' title='bbox 3313 2825 3439 2887; x_wconf 84' lang='grc' dir='ltr'>τοὺς</span> <span class='ocrx_word' id='word_1_369' title='bbox 3491 2823 3589 2880; x_wconf 80' lang='grc' dir='ltr'>δύο</span> <span class='ocrx_word' id='word_1_370' title='bbox 3640 2828 3837 2900; x_wconf 82' lang='grc' dir='ltr'>τρανοῖ,</span> 
     </span>
    </p>
   </div>
   <div class='ocr_carea' id='block_1_61' title="bbox 2200 2913 3839 2995">
    <p class='ocr_par' dir='ltr' id='par_1_61' title="bbox 2200 2913 3839 2995">
     <span class='ocr_line' id='line_1_61' title="bbox 2200 2913 3839 2995; baseline -0.003 -23"><span class='ocrx_word' id='word_1_371' title='bbox 2200 2918 2288 2972; x_wconf 76' lang='grc' dir='ltr'>καί</span> <span class='ocrx_word' id='word_1_372' title='bbox 2320 2939 2506 2995; x_wconf 78' lang='grc' dir='ltr'>φησιν,</span> <span class='ocrx_word' id='word_1_373' title='bbox 2541 2915 2623 2970; x_wconf 83' lang='grc' dir='ltr'>ὅτι</span> <span class='ocrx_word' id='word_1_374' title='bbox 2657 2914 2970 2985; x_wconf 74' lang='grc' dir='ltr'>δικαιοσύνη</span> <span class='ocrx_word' id='word_1_375' title='bbox 3002 2917 3137 2970; x_wconf 85' lang='grc' dir='ltr'>κατά</span> <span class='ocrx_word' id='word_1_376' title='bbox 3182 2919 3344 2970; x_wconf 74' lang='grc' dir='ltr'>τοῦτο</span> <span class='ocrx_word' id='word_1_377' title='bbox 3395 2913 3615 2988; x_wconf 72' lang='grc' dir='ltr'>λέγεται</span> <span class='ocrx_word' id='word_1_378' title='bbox 3644 2915 3671 2968; x_wconf 85' lang='grc' dir='ltr'>ὁ</span> <span class='ocrx_word' id='word_1_379' title='bbox 3699 2914 3839 2978; x_wconf 87' lang='grc' dir='ltr'>Θεὸς,</span> 
     </span>
    </p>
   </div>
   <div class='ocr_carea' id='block_1_62' title="bbox 2200 3002 3842 3079">
    <p class='ocr_par' dir='ltr' id='par_1_62' title="bbox 2200 3002 3842 3079">
     <span class='ocr_line' id='line_1_62' title="bbox 2200 3002 3842 3079; baseline -0.004 -19"><span class='ocrx_word' id='word_1_380' title='bbox 2200 3008 2317 3060; x_wconf 77' lang='grc' dir='ltr'>καθ’</span> <span class='ocrx_word' id='word_1_381' title='bbox 2360 3007 2387 3060; x_wconf 84' lang='grc' dir='ltr'>ὃ</span> <span class='ocrx_word' id='word_1_382' title='bbox 2434 3005 2523 3059; x_wconf 88' lang='grc' dir='ltr'>καὶ</span> <span class='ocrx_word' id='word_1_383' title='bbox 2574 3006 2672 3072; x_wconf 80' lang='grc' dir='ltr'>τὴν</span> <span class='ocrx_word' id='word_1_384' title='bbox 2730 3003 2955 3073; x_wconf 79' lang='grc' dir='ltr'>ἰσότητα</span> <span class='ocrx_word' id='word_1_385' title='bbox 3000 3003 3215 3058; x_wconf 63' lang='grc' dir='ltr'>πάντων</span> <span class='ocrx_word' id='word_1_386' title='bbox 3266 3002 3577 3079; x_wconf 80' lang='grc' dir='ltr'>ἐπιμετρεῖ,</span> <span class='ocrx_word' id='word_1_387' title='bbox 3609 3003 3697 3057; x_wconf 84' lang='grc' dir='ltr'>καὶ</span> <span class='ocrx_word' id='word_1_388' title='bbox 3753 3002 3842 3069; x_wconf 78' lang='grc' dir='ltr'>τὴν</span> 
     </span>
    </p>
   </div>
   <div class='ocr_carea' id='block_1_63' title="bbox 2202 3090 3843 3167">
    <p class='ocr_par' dir='ltr' id='par_1_63' title="bbox 2202 3090 3843 3167">
     <span class='ocr_line' id='line_1_63' title="bbox 2202 3090 3843 3167; baseline -0.004 -19"><span class='ocrx_word' id='word_1_389' title='bbox 2202 3094 2497 3163; x_wconf 82' lang='grc' dir='ltr'>ἀνισότητα</span> <span class='ocrx_word' id='word_1_390' title='bbox 2553 3094 2766 3147; x_wconf 77' lang='grc' dir='ltr'>πάντων</span> <span class='ocrx_word' id='word_1_391' title='bbox 2818 3091 3063 3165; x_wconf 78' lang='grc' dir='ltr'>ἐξορίζει.</span> <span class='ocrx_word' id='word_1_392' title='bbox 3110 3092 3433 3161; x_wconf 89' lang='grc' dir='ltr'>Ἀνισότητα</span> <span class='ocrx_word' id='word_1_393' title='bbox 3482 3090 3545 3146; x_wconf 75' lang='grc' dir='ltr'>δὲ</span> <span class='ocrx_word' id='word_1_394' title='bbox 3591 3097 3679 3147; x_wconf 76' lang='grc' dir='ltr'>νῦν</span> <span class='ocrx_word' id='word_1_395' title='bbox 3724 3110 3843 3167; x_wconf 86' lang='grc' dir='ltr'>φησι</span> 
     </span>
    </p>
   </div>
   <div class='ocr_carea' id='block_1_64' title="bbox 2200 3178 3844 3256">
    <p class='ocr_par' dir='ltr' id='par_1_64' title="bbox 2200 3178 3844 3256">
     <span class='ocr_line' id='line_1_64' title="bbox 2200 3178 3844 3256; baseline -0.002 -19"><span class='ocrx_word' id='word_1_396' title='bbox 2200 3186 2298 3251; x_wconf 73' lang='grc' dir='ltr'>τὴν</span> <span class='ocrx_word' id='word_1_397' title='bbox 2341 3183 2477 3237; x_wconf 85' lang='grc' dir='ltr'>κατά</span> <span class='ocrx_word' id='word_1_398' title='bbox 2520 3184 2769 3256; x_wconf 79' lang='grc' dir='ltr'>στὲρησιν</span> <span class='ocrx_word' id='word_1_399' title='bbox 2816 3190 2915 3251; x_wconf 74' lang='grc' dir='ltr'>τῆς</span> <span class='ocrx_word' id='word_1_400' title='bbox 2963 3182 3213 3252; x_wconf 85' lang='grc' dir='ltr'>ἰσότητος</span> <span class='ocrx_word' id='word_1_401' title='bbox 3244 3178 3671 3255; x_wconf 72' lang='grc' dir='ltr'>συμϐαίνουσαν,</span> <span class='ocrx_word' id='word_1_402' title='bbox 3700 3201 3844 3235; x_wconf 90' lang='grc' dir='ltr'>τουτ-</span> 
     </span>
    </p>
   </div>
   <div class='ocr_carea' id='block_1_65' title="bbox 443 3261 2090 3346">
    <p class='ocr_par' dir='ltr' id='par_1_65' title="bbox 443 3266 2087 3343">
     <span class='ocr_line' id='line_1_65' title="bbox 443 3266 2087 3343; baseline -0.007 -11"><span class='ocrx_word' id='word_1_403' title='bbox 443 3277 608 3332; x_wconf 89' lang='lat' dir='ltr'>tiam.</span> <span class='ocrx_word' id='word_1_404' title='bbox 630 3275 773 3329; x_wconf 89' lang='lat' dir='ltr'>Nam</span> <span class='ocrx_word' id='word_1_405' title='bbox 795 3272 1041 3343; x_wconf 85' lang='lat' dir='ltr'>singulis</span> <span class='ocrx_word' id='word_1_406' title='bbox 1057 3286 1161 3341; x_wconf 90' lang='lat' dir='ltr'>pro</span> <span class='ocrx_word' id='word_1_407' title='bbox 1177 3269 1381 3323; x_wconf 90' lang='lat' dir='ltr'>merito</span> <span class='ocrx_word' id='word_1_408' title='bbox 1399 3266 1700 3338; x_wconf 66' lang='lat' dir='ltr'>azqualiter</span> <span class='ocrx_word' id='word_1_409' title='bbox 1717 3267 2087 3333; x_wconf 82' lang='lat' dir='ltr'>distribuere,</span> 
     </span>
    </p>
   </div>
   <div class='ocr_carea' id='block_1_66' title="bbox 2212 3261 3850 3346">
    <p class='ocr_par' dir='ltr' id='par_1_66' title="bbox 2212 3268 3850 3346">
     <span class='ocr_line' id='line_1_66' title="bbox 2212 3268 3850 3346; baseline -0.003 -19"><span class='ocrx_word' id='word_1_410' title='bbox 2212 3272 2315 3327; x_wconf 76' lang='grc' dir='ltr'>ἐστι</span> <span class='ocrx_word' id='word_1_411' title='bbox 2369 3274 2467 3340; x_wconf 73' lang='grc' dir='ltr'>τὴν</span> <span class='ocrx_word' id='word_1_412' title='bbox 2526 3270 2839 3341; x_wconf 80' lang='grc' dir='ltr'>πλεονεξίαν</span> <span class='ocrx_word' id='word_1_413' title='bbox 2878 3291 2889 3302; x_wconf 95' lang='grc'><strong>·</strong></span> <span class='ocrx_word' id='word_1_414' title='bbox 2923 3272 2985 3325; x_wconf 92' lang='grc' dir='ltr'>τὸ</span> <span class='ocrx_word' id='word_1_415' title='bbox 3030 3273 3133 3346; x_wconf 80' lang='grc' dir='ltr'>γὰρ</span> <span class='ocrx_word' id='word_1_416' title='bbox 3186 3270 3311 3333; x_wconf 62' lang='grc' dir='ltr'>ἴσως</span> <span class='ocrx_word' id='word_1_417' title='bbox 3366 3268 3555 3344; x_wconf 83' lang='grc' dir='ltr'>νέμειν</span> <span class='ocrx_word' id='word_1_418' title='bbox 3617 3270 3850 3330; x_wconf 71' lang='grc' dir='ltr'>ἑκάστοις</span> 
     </span>
    </p>
   </div>
   <div class='ocr_carea' id='block_1_67' title="bbox 444 3356 2095 3422">
    <p class='ocr_par' dir='ltr' id='par_1_67' title="bbox 444 3356 2095 3422">
     <span class='ocr_line' id='line_1_67' title="bbox 444 3356 2095 3422; baseline -0.007 -1"><span class='ocrx_word' id='word_1_419' title='bbox 444 3367 554 3421; x_wconf 89' lang='lat' dir='ltr'>hoc</span> <span class='ocrx_word' id='word_1_420' title='bbox 581 3364 838 3419; x_wconf 86' lang='lat' dir='ltr'>continet</span> <span class='ocrx_word' id='word_1_421' title='bbox 869 3360 1065 3416; x_wconf 90' lang='lat' dir='ltr'>omnia</span> <span class='ocrx_word' id='word_1_422' title='bbox 1097 3366 1153 3413; x_wconf 90' lang='lat' dir='ltr'>et</span> <span class='ocrx_word' id='word_1_423' title='bbox 1192 3362 1516 3413; x_wconf 87' lang='lat' dir='ltr'>conservat.</span> <span class='ocrx_word' id='word_1_424' title='bbox 1569 3357 1672 3409; x_wconf 82' lang='lat' dir='ltr'>His</span> <span class='ocrx_word' id='word_1_425' title='bbox 1720 3356 1912 3422; x_wconf 82' lang='lat' dir='ltr'>dictis,</span> <span class='ocrx_word' id='word_1_426' title='bbox 1952 3356 2095 3410; x_wconf 88' lang='lat' dir='ltr'>alte-</span> 
     </span>
    </p>
   </div>
   <div class='ocr_carea' id='block_1_68' title="bbox 447 3444 2095 3524">
    <p class='ocr_par' dir='ltr' id='par_1_68' title="bbox 447 3444 2095 3524">
     <span class='ocr_line' id='line_1_68' title="bbox 447 3444 2095 3524; baseline -0.007 -15"><span class='ocrx_word' id='word_1_427' title='bbox 447 3471 576 3509; x_wconf 90' lang='lat' dir='ltr'>rum</span> <span class='ocrx_word' id='word_1_428' title='bbox 606 3467 838 3524; x_wconf 91' lang='lat' dir='ltr'>quoque</span> <span class='ocrx_word' id='word_1_429' title='bbox 870 3450 1111 3504; x_wconf 89' lang='lat' dir='ltr'>modum</span> <span class='ocrx_word' id='word_1_430' title='bbox 1157 3447 1475 3502; x_wconf 89' lang='lat' dir='ltr'>secundum</span> <span class='ocrx_word' id='word_1_431' title='bbox 1509 3461 1682 3515; x_wconf 87' lang='lat' dir='ltr'>quem</span> <span class='ocrx_word' id='word_1_432' title='bbox 1731 3444 2095 3515; x_wconf 68' lang='lat' dir='ltr'>inazqualilas</span> 
     </span>
    </p>
   </div>
   <div class='ocr_carea' id='block_1_69' title="bbox 449 3533 2097 3607">
    <p class='ocr_par' dir='ltr' id='par_1_69' title="bbox 449 3533 2097 3607">
     <span class='ocr_line' id='line_1_69' title="bbox 449 3533 2097 3607; baseline -0.007 -9"><span class='ocrx_word' id='word_1_433' title='bbox 449 3544 666 3598; x_wconf 90' lang='lat' dir='ltr'>dicitur</span> <span class='ocrx_word' id='word_1_434' title='bbox 694 3542 878 3596; x_wconf 78' lang='lat' dir='ltr'>affert.</span> <span class='ocrx_word' id='word_1_435' title='bbox 911 3538 1082 3592; x_wconf 91' lang='lat' dir='ltr'>Novit</span> <span class='ocrx_word' id='word_1_436' title='bbox 1113 3536 1268 3591; x_wconf 91' lang='lat' dir='ltr'>enim</span> <span class='ocrx_word' id='word_1_437' title='bbox 1310 3535 1561 3607; x_wconf 69' lang='lat' dir='ltr'>aliquas,</span> <span class='ocrx_word' id='word_1_438' title='bbox 1611 3533 2018 3605; x_wconf 89' lang='lat' dir='ltr'>intelligibiles</span> <span class='ocrx_word' id='word_1_439' title='bbox 2040 3537 2097 3587; x_wconf 90' lang='lat' dir='ltr'>et</span> 
     </span>
    </p>
   </div>
   <div class='ocr_carea' id='block_1_70' title="bbox 449 3623 2095 3703">
    <p class='ocr_par' dir='ltr' id='par_1_70' title="bbox 449 3623 2095 3703">
     <span class='ocr_line' id='line_1_70' title="bbox 449 3623 2095 3703; baseline -0.007 -16"><span class='ocrx_word' id='word_1_440' title='bbox 449 3632 826 3703; x_wconf 82' lang='lat' dir='ltr'>incorporeas</span> <span class='ocrx_word' id='word_1_441' title='bbox 886 3630 1126 3691; x_wconf 77' lang='lat' dir='ltr'>formas,</span> <span class='ocrx_word' id='word_1_442' title='bbox 1185 3642 1250 3679; x_wconf 87' lang='lat' dir='ltr'>ac</span> <span class='ocrx_word' id='word_1_443' title='bbox 1296 3625 1484 3695; x_wconf 89' lang='lat' dir='ltr'>prima</span> <span class='ocrx_word' id='word_1_444' title='bbox 1533 3639 1727 3677; x_wconf 90' lang='lat' dir='ltr'>rerum</span> <span class='ocrx_word' id='word_1_445' title='bbox 1784 3623 2095 3693; x_wconf 70' lang='lat' dir='ltr'>princupia,</span> 
     </span>
    </p>
   </div>
   <div class='ocr_carea' id='block_1_71' title="bbox 449 3712 2098 3787">
    <p class='ocr_par' dir='ltr' id='par_1_71' title="bbox 449 3712 2098 3787">
     <span class='ocr_line' id='line_1_71' title="bbox 449 3712 2098 3787; baseline -0.005 -13"><span class='ocrx_word' id='word_1_446' title='bbox 449 3718 867 3787; x_wconf 85' lang='lat' dir='ltr'>immortalem,</span> <span class='ocrx_word' id='word_1_447' title='bbox 900 3716 1167 3786; x_wconf 89' lang='lat' dir='ltr'>inquam,</span> <span class='ocrx_word' id='word_1_448' title='bbox 1203 3712 1582 3777; x_wconf 87' lang='lat' dir='ltr'>creationem,</span> <span class='ocrx_word' id='word_1_449' title='bbox 1616 3712 1894 3777; x_wconf 89' lang='lat' dir='ltr'>unitates,</span> <span class='ocrx_word' id='word_1_450' title='bbox 1918 3712 1975 3765; x_wconf 92' lang='lat' dir='ltr'>id</span> <span class='ocrx_word' id='word_1_451' title='bbox 2007 3716 2098 3766; x_wconf 88' lang='lat' dir='ltr'>est</span> 
     </span>
    </p>
   </div>
   <div class='ocr_carea' id='block_1_72' title="bbox 451 3800 2099 3875">
    <p class='ocr_par' dir='ltr' id='par_1_72' title="bbox 451 3800 2099 3875">
     <span class='ocr_line' id='line_1_72' title="bbox 451 3800 2099 3875; baseline -0.007 -11"><span class='ocrx_word' id='word_1_452' title='bbox 451 3809 737 3865; x_wconf 87' lang='lat' dir='ltr'>essentias</span> <span class='ocrx_word' id='word_1_453' title='bbox 754 3804 1072 3875; x_wconf 88' lang='lat' dir='ltr'>simplices,</span> <span class='ocrx_word' id='word_1_454' title='bbox 1095 3802 1431 3857; x_wconf 88' lang='lat' dir='ltr'>nominasse</span> <span class='ocrx_word' id='word_1_455' title='bbox 1448 3800 1836 3872; x_wconf 66' lang='lat' dir='ltr'>aequalitatem</span> <span class='ocrx_word' id='word_1_456' title='bbox 1862 3805 1919 3854; x_wconf 90' lang='lat' dir='ltr'>et</span> <span class='ocrx_word' id='word_1_457' title='bbox 1942 3800 2099 3854; x_wconf 83' lang='lat' dir='ltr'>iden-</span> 
     </span>
    </p>
   </div>
   <div class='ocr_carea' id='block_1_73' title="bbox 452 3889 2100 3961">
    <p class='ocr_par' dir='ltr' id='par_1_73' title="bbox 452 3889 2100 3961">
     <span class='ocr_line' id='line_1_73' title="bbox 452 3889 2100 3961; baseline -0.006 -9"><span class='ocrx_word' id='word_1_458' title='bbox 452 3898 678 3953; x_wconf 88' lang='lat' dir='ltr'>titatem</span> <span class='ocrx_word' id='word_1_459' title='bbox 716 3916 729 3959; x_wconf 69' lang='grc' dir='ltr'>ς</span> <span class='ocrx_word' id='word_1_460' title='bbox 758 3893 1001 3951; x_wconf 84' lang='lat' dir='ltr'>sensilia</span> <span class='ocrx_word' id='word_1_461' title='bbox 1030 3909 1162 3947; x_wconf 91' lang='lat' dir='ltr'>vero</span> <span class='ocrx_word' id='word_1_462' title='bbox 1187 3908 1313 3961; x_wconf 71' lang='lat' dir='ltr'>quas</span> <span class='ocrx_word' id='word_1_463' title='bbox 1337 3893 1513 3945; x_wconf 88' lang='lat' dir='ltr'>etiam</span> <span class='ocrx_word' id='word_1_464' title='bbox 1540 3889 1857 3944; x_wconf 89' lang='lat' dir='ltr'>divisibilia</span> <span class='ocrx_word' id='word_1_465' title='bbox 1888 3893 2100 3943; x_wconf 89' lang='lat' dir='ltr'>suntet</span> 
     </span>
    </p>
   </div>
   <div class='ocr_carea' id='block_1_74' title="bbox 453 3977 2100 4049">
    <p class='ocr_par' dir='ltr' id='par_1_74' title="bbox 453 3977 2100 4049">
     <span class='ocr_line' id='line_1_74' title="bbox 453 3977 2100 4049; baseline -0.007 -8"><span class='ocrx_word' id='word_1_466' title='bbox 453 3985 762 4041; x_wconf 84' lang='lat' dir='ltr'>mutabilia</span> <span class='ocrx_word' id='word_1_467' title='bbox 793 3988 850 4038; x_wconf 89' lang='lat' dir='ltr'>et</span> <span class='ocrx_word' id='word_1_468' title='bbox 879 3980 1227 4045; x_wconf 77' lang='lat' dir='ltr'>differentia,</span> <span class='ocrx_word' id='word_1_469' title='bbox 1247 3985 1304 4034; x_wconf 91' lang='lat' dir='ltr'>et</span> <span class='ocrx_word' id='word_1_470' title='bbox 1326 3979 1679 4049; x_wconf 88' lang='lat' dir='ltr'>quandoque</span> <span class='ocrx_word' id='word_1_471' title='bbox 1697 3977 1866 4032; x_wconf 87' lang='lat' dir='ltr'>aliter</span> <span class='ocrx_word' id='word_1_472' title='bbox 1884 3977 2100 4032; x_wconf 85' lang='lat' dir='ltr'>haben-</span> 
     </span>
    </p>
   </div>
   <div class='ocr_carea' id='block_1_75' title="bbox 452 4066 2101 4145">
    <p class='ocr_par' dir='ltr' id='par_1_75' title="bbox 452 4066 2101 4145">
     <span class='ocr_line' id='line_1_75' title="bbox 452 4066 2101 4145; baseline -0.006 -15"><span class='ocrx_word' id='word_1_473' title='bbox 452 4077 554 4145; x_wconf 86' lang='lat' dir='ltr'>tia,</span> <span class='ocrx_word' id='word_1_474' title='bbox 598 4090 834 4129; x_wconf 88' lang='lat' dir='ltr'>vocasse</span> <span class='ocrx_word' id='word_1_475' title='bbox 878 4069 1336 4141; x_wconf 73' lang='lat' dir='ltr'>inazqualitatem</span> <span class='ocrx_word' id='word_1_476' title='bbox 1377 4074 1433 4122; x_wconf 90' lang='lat' dir='ltr'>et</span> <span class='ocrx_word' id='word_1_477' title='bbox 1481 4066 1903 4121; x_wconf 84' lang='lat' dir='ltr'>diversitatem.</span> <span class='ocrx_word' id='word_1_478' title='bbox 1954 4066 2101 4120; x_wconf 87' lang='lat' dir='ltr'>Dicit</span> 
     </span>
    </p>
   </div>
   <div class='ocr_carea' id='block_1_76' title="bbox 449 4155 2102 4236">
    <p class='ocr_par' dir='ltr' id='par_1_76' title="bbox 449 4155 2102 4236">
     <span class='ocr_line' id='line_1_76' title="bbox 449 4155 2102 4236; baseline -0.006 -18"><span class='ocrx_word' id='word_1_479' title='bbox 449 4165 631 4236; x_wconf 87' lang='lat' dir='ltr'>igitur</span> <span class='ocrx_word' id='word_1_480' title='bbox 656 4181 668 4218; x_wconf 91' lang='lat'>:</span> <span class='ocrx_word' id='word_1_481' title='bbox 697 4161 813 4216; x_wconf 83' lang='lat' dir='ltr'>Etsi</span> <span class='ocrx_word' id='word_1_482' title='bbox 846 4161 1058 4229; x_wconf 89' lang='lat' dir='ltr'>aliquis</span> <span class='ocrx_word' id='word_1_483' title='bbox 1092 4160 1239 4212; x_wconf 86' lang='lat' dir='ltr'>hanc</span> <span class='ocrx_word' id='word_1_484' title='bbox 1262 4156 1721 4229; x_wconf 72' lang='lat' dir='ltr'>inaequalitatem</span> <span class='ocrx_word' id='word_1_485' title='bbox 1754 4155 2102 4209; x_wconf 86' lang='lat' dir='ltr'>intellexerit</span> 
     </span>
    </p>
   </div>
   <div class='ocr_carea' id='block_1_77' title="bbox 451 4244 2102 4315">
    <p class='ocr_par' dir='ltr' id='par_1_77' title="bbox 451 4244 2102 4315">
     <span class='ocr_line' id='line_1_77' title="bbox 451 4244 2102 4315; baseline -0.007 -7"><span class='ocrx_word' id='word_1_486' title='bbox 451 4252 842 4309; x_wconf 76' lang='lat' dir='ltr'>differentiam</span> <span class='ocrx_word' id='word_1_487' title='bbox 877 4248 1187 4304; x_wconf 88' lang='lat' dir='ltr'>sensilium</span> <span class='ocrx_word' id='word_1_488' title='bbox 1220 4247 1654 4315; x_wconf 85' lang='lat' dir='ltr'>informis,qua</span> <span class='ocrx_word' id='word_1_489' title='bbox 1677 4244 2015 4298; x_wconf 86' lang='lat' dir='ltr'>animalium</span> <span class='ocrx_word' id='word_1_490' title='bbox 2046 4247 2102 4297; x_wconf 87' lang='lat' dir='ltr'>et</span> 
     </span>
    </p>
   </div>
   <div class='ocr_carea' id='block_1_78' title="bbox 453 4333 2097 4416">
    <p class='ocr_par' dir='ltr' id='par_1_78' title="bbox 453 4333 2097 4416">
     <span class='ocr_line' id='line_1_78' title="bbox 453 4333 2097 4416; baseline -0.008 -18"><span class='ocrx_word' id='word_1_491' title='bbox 453 4344 811 4416; x_wconf 87' lang='lat' dir='ltr'>plantarum,</span> <span class='ocrx_word' id='word_1_492' title='bbox 828 4339 1307 4409; x_wconf 87' lang='lat' dir='ltr'>reliquorumque</span> <span class='ocrx_word' id='word_1_493' title='bbox 1323 4335 1723 4404; x_wconf 84' lang='lat' dir='ltr'>generationes</span> <span class='ocrx_word' id='word_1_494' title='bbox 1745 4333 2097 4401; x_wconf 89' lang='lat' dir='ltr'>subsistunt,</span> 
     </span>
    </p>
   </div>
   <div class='ocr_carea' id='block_1_79' title="bbox 456 4424 2103 4501">
    <p class='ocr_par' dir='ltr' id='par_1_79' title="bbox 456 4424 2103 4501">
     <span class='ocr_line' id='line_1_79' title="bbox 456 4424 2103 4501; baseline -0.007 -14"><span class='ocrx_word' id='word_1_495' title='bbox 456 4434 631 4501; x_wconf 89' lang='lat' dir='ltr'>hujus</span> <span class='ocrx_word' id='word_1_496' title='bbox 652 4436 850 4485; x_wconf 89' lang='lat' dir='ltr'>tamen</span> <span class='ocrx_word' id='word_1_497' title='bbox 883 4427 1057 4483; x_wconf 89' lang='lat' dir='ltr'>etiam</span> <span class='ocrx_word' id='word_1_498' title='bbox 1094 4424 1514 4495; x_wconf 69' lang='lat' dir='ltr'>inaequalitatis</span> <span class='ocrx_word' id='word_1_499' title='bbox 1537 4424 1691 4477; x_wconf 90' lang='lat' dir='ltr'>Deus</span> <span class='ocrx_word' id='word_1_500' title='bbox 1723 4428 1811 4477; x_wconf 91' lang='lat' dir='ltr'>est</span> <span class='ocrx_word' id='word_1_501' title='bbox 1832 4428 2027 4476; x_wconf 90' lang='lat' dir='ltr'>custos</span> <span class='ocrx_word' id='word_1_502' title='bbox 2046 4428 2103 4475; x_wconf 88' lang='lat' dir='ltr'>et</span> 
     </span>
    </p>
   </div>
   <div class='ocr_carea' id='block_1_80' title="bbox 458 4512 2101 4593">
    <p class='ocr_par' dir='ltr' id='par_1_80' title="bbox 458 4512 2101 4593">
     <span class='ocr_line' id='line_1_80' title="bbox 458 4512 2101 4593; baseline -0.007 -18"><span class='ocrx_word' id='word_1_503' title='bbox 458 4525 769 4593; x_wconf 89' lang='lat' dir='ltr'>protector,</span> <span class='ocrx_word' id='word_1_504' title='bbox 805 4535 919 4572; x_wconf 91' lang='lat' dir='ltr'>non</span> <span class='ocrx_word' id='word_1_505' title='bbox 953 4514 1297 4586; x_wconf 87' lang='lat' dir='ltr'>permittens</span> <span class='ocrx_word' id='word_1_506' title='bbox 1342 4512 1633 4567; x_wconf 89' lang='lat' dir='ltr'>contraria</span> <span class='ocrx_word' id='word_1_507' title='bbox 1671 4512 1728 4566; x_wconf 91' lang='lat' dir='ltr'>in</span> <span class='ocrx_word' id='word_1_508' title='bbox 1783 4529 1897 4566; x_wconf 91' lang='lat' dir='ltr'>uno</span> <span class='ocrx_word' id='word_1_509' title='bbox 1939 4527 2101 4565; x_wconf 87' lang='lat' dir='ltr'>com-</span> 
     </span>
    </p>
   </div>
   <div class='ocr_carea' id='block_1_81' title="bbox 2204 3359 3847 3433">
    <p class='ocr_par' dir='ltr' id='par_1_81' title="bbox 2204 3359 3847 3433">
     <span class='ocr_line' id='line_1_81' title="bbox 2204 3359 3847 3433; baseline -0.003 -17"><span class='ocrx_word' id='word_1_510' title='bbox 2204 3363 2271 3417; x_wconf 70' lang='grc' dir='ltr'>τὰ</span> <span class='ocrx_word' id='word_1_511' title='bbox 2323 3368 2436 3416; x_wconf 89' lang='grc' dir='ltr'>κατ’</span> <span class='ocrx_word' id='word_1_512' title='bbox 2493 3360 2661 3433; x_wconf 79' lang='grc' dir='ltr'>ἀξίαν,</span> <span class='ocrx_word' id='word_1_513' title='bbox 2710 3364 2871 3414; x_wconf 82' lang='grc' dir='ltr'>τοῦτο</span> <span class='ocrx_word' id='word_1_514' title='bbox 2951 3366 3237 3433; x_wconf 70' lang='grc' dir='ltr'>συγκρατεῖ</span> <span class='ocrx_word' id='word_1_515' title='bbox 3294 3361 3467 3415; x_wconf 75' lang='grc' dir='ltr'>πάντα</span> <span class='ocrx_word' id='word_1_516' title='bbox 3522 3360 3624 3415; x_wconf 78' lang='grc' dir='ltr'>καὶ</span> <span class='ocrx_word' id='word_1_517' title='bbox 3678 3359 3847 3427; x_wconf 81' lang='grc' dir='ltr'>σώζει.</span> 
     </span>
    </p>
   </div>
   <div class='ocr_carea' id='block_1_82' title="bbox 2208 3445 3850 3526">
    <p class='ocr_par' dir='ltr' id='par_1_82' title="bbox 2208 3445 3850 3526">
     <span class='ocr_line' id='line_1_82' title="bbox 2208 3445 3850 3526; baseline -0.002 -23"><span class='ocrx_word' id='word_1_518' title='bbox 2208 3453 2390 3507; x_wconf 72' lang='grc' dir='ltr'>Ταῦτα</span> <span class='ocrx_word' id='word_1_519' title='bbox 2450 3451 2647 3526; x_wconf 72' lang='grc' dir='ltr'>φήσας,</span> <span class='ocrx_word' id='word_1_520' title='bbox 2680 3447 2919 3524; x_wconf 77' lang='grc' dir='ltr'>ἐπιφέρει</span> <span class='ocrx_word' id='word_1_521' title='bbox 2980 3448 3070 3502; x_wconf 86' lang='grc' dir='ltr'>καὶ</span> <span class='ocrx_word' id='word_1_522' title='bbox 3128 3453 3219 3502; x_wconf 85' lang='grc' dir='ltr'>τὸν</span> <span class='ocrx_word' id='word_1_523' title='bbox 3263 3445 3444 3522; x_wconf 75' lang='grc' dir='ltr'>ἕτερον</span> <span class='ocrx_word' id='word_1_524' title='bbox 3475 3449 3711 3523; x_wconf 81' lang='grc' dir='ltr'>τρόπον,</span> <span class='ocrx_word' id='word_1_525' title='bbox 3741 3447 3850 3500; x_wconf 84' lang='grc' dir='ltr'>καθ’</span> 
     </span>
    </p>
   </div>
   <div class='ocr_carea' id='block_1_83' title="bbox 2206 3533 3846 3610">
    <p class='ocr_par' dir='ltr' id='par_1_83' title="bbox 2206 3533 3846 3610">
     <span class='ocr_line' id='line_1_83' title="bbox 2206 3533 3846 3610; baseline -0.003 -19"><span class='ocrx_word' id='word_1_526' title='bbox 2206 3538 2263 3591; x_wconf 86' lang='grc' dir='ltr'>’ὸν</span> <span class='ocrx_word' id='word_1_527' title='bbox 2324 3536 2577 3606; x_wconf 84' lang='grc' dir='ltr'>ἀνισότης</span> <span class='ocrx_word' id='word_1_528' title='bbox 2643 3534 2874 3610; x_wconf 79' lang='grc' dir='ltr'>λέγεται.</span> <span class='ocrx_word' id='word_1_529' title='bbox 2931 3536 3027 3590; x_wconf 77' lang='grc' dir='ltr'>Καὶ</span> <span class='ocrx_word' id='word_1_530' title='bbox 3085 3537 3186 3609; x_wconf 82' lang='grc' dir='ltr'>γάρ</span> <span class='ocrx_word' id='word_1_531' title='bbox 3247 3533 3357 3590; x_wconf 72' lang='grc' dir='ltr'>οἶδὲ</span> <span class='ocrx_word' id='word_1_532' title='bbox 3404 3556 3586 3605; x_wconf 82' lang='grc' dir='ltr'>τινας,</span> <span class='ocrx_word' id='word_1_533' title='bbox 3634 3537 3702 3590; x_wconf 75' lang='grc' dir='ltr'>τα</span> <span class='ocrx_word' id='word_1_534' title='bbox 3760 3536 3846 3606; x_wconf 73' lang='grc' dir='ltr'>μὲν</span> 
     </span>
    </p>
   </div>
   <div class='ocr_carea' id='block_1_84' title="bbox 2206 3619 3851 3698">
    <p class='ocr_par' dir='ltr' id='par_1_84' title="bbox 2206 3619 3851 3698">
     <span class='ocr_line' id='line_1_84' title="bbox 2206 3619 3851 3698; baseline -0.002 -19"><span class='ocrx_word' id='word_1_535' title='bbox 2206 3628 2375 3696; x_wconf 86' lang='grc' dir='ltr'>νοητά</span> <span class='ocrx_word' id='word_1_536' title='bbox 2424 3625 2513 3678; x_wconf 84' lang='grc' dir='ltr'>καὶ</span> <span class='ocrx_word' id='word_1_537' title='bbox 2563 3625 2825 3697; x_wconf 83' lang='grc' dir='ltr'>ἀσώματα</span> <span class='ocrx_word' id='word_1_538' title='bbox 2857 3622 3000 3691; x_wconf 82' lang='grc' dir='ltr'>εἷ’δη,</span> <span class='ocrx_word' id='word_1_539' title='bbox 3032 3624 3122 3678; x_wconf 80' lang='grc' dir='ltr'>καὶ</span> <span class='ocrx_word' id='word_1_540' title='bbox 3152 3624 3247 3687; x_wconf 82' lang='grc' dir='ltr'>τὰς</span> <span class='ocrx_word' id='word_1_541' title='bbox 3274 3622 3493 3698; x_wconf 84' lang='grc' dir='ltr'>πρώτας</span> <span class='ocrx_word' id='word_1_542' title='bbox 3524 3628 3640 3678; x_wconf 82' lang='grc' dir='ltr'>τῶν</span> <span class='ocrx_word' id='word_1_543' title='bbox 3693 3619 3851 3677; x_wconf 74' lang='grc' dir='ltr'>ὄντων</span> 
     </span>
    </p>
   </div>
   <div class='ocr_carea' id='block_1_85' title="bbox 2207 3710 3853 3790">
    <p class='ocr_par' dir='ltr' id='par_1_85' title="bbox 2207 3710 3853 3790">
     <span class='ocr_line' id='line_1_85' title="bbox 2207 3710 3853 3790; baseline -0.002 -21"><span class='ocrx_word' id='word_1_544' title='bbox 2207 3715 2404 3790; x_wconf 73' lang='grc' dir='ltr'>ἀρχὰς,</span> <span class='ocrx_word' id='word_1_545' title='bbox 2434 3714 2578 3789; x_wconf 76' lang='grc' dir='ltr'>φημὶ</span> <span class='ocrx_word' id='word_1_546' title='bbox 2611 3711 2676 3781; x_wconf 77' lang='grc' dir='ltr'>δὴ</span> <span class='ocrx_word' id='word_1_547' title='bbox 2720 3715 2818 3782; x_wconf 78' lang='grc' dir='ltr'>τήν</span> <span class='ocrx_word' id='word_1_548' title='bbox 2867 3714 3123 3777; x_wconf 75' lang='grc' dir='ltr'>ἀθάνατον</span> <span class='ocrx_word' id='word_1_549' title='bbox 3178 3710 3569 3789; x_wconf 84' lang='grc' dir='ltr'>δημιουργίαν,</span> <span class='ocrx_word' id='word_1_550' title='bbox 3598 3714 3694 3775; x_wconf 86' lang='grc' dir='ltr'>τάς</span> <span class='ocrx_word' id='word_1_551' title='bbox 3744 3712 3853 3766; x_wconf 74' lang='grc' dir='ltr'>ἕνά-</span> 
     </span>
    </p>
   </div>
   <div class='ocr_carea' id='block_1_86' title="bbox 2209 3801 3850 3873">
    <p class='ocr_par' dir='ltr' id='par_1_86' title="bbox 2209 3801 3850 3873">
     <span class='ocr_line' id='line_1_86' title="bbox 2209 3801 3850 3873; baseline -0.004 -13"><span class='ocrx_word' id='word_1_552' title='bbox 2209 3803 2324 3873; x_wconf 86' lang='grc' dir='ltr'>δας,</span> <span class='ocrx_word' id='word_1_553' title='bbox 2376 3804 2621 3858; x_wconf 72' lang='grc' dir='ltr'>τουτέστι</span> <span class='ocrx_word' id='word_1_554' title='bbox 2670 3805 2767 3865; x_wconf 83' lang='grc' dir='ltr'>τάς</span> <span class='ocrx_word' id='word_1_555' title='bbox 2813 3803 2987 3864; x_wconf 81' lang='grc' dir='ltr'>ἁπλᾶς</span> <span class='ocrx_word' id='word_1_556' title='bbox 3039 3801 3248 3871; x_wconf 84' lang='grc' dir='ltr'>οὐσίας,</span> <span class='ocrx_word' id='word_1_557' title='bbox 3286 3802 3511 3872; x_wconf 76' lang='grc' dir='ltr'>ἰσότητα</span> <span class='ocrx_word' id='word_1_558' title='bbox 3545 3803 3637 3857; x_wconf 85' lang='grc' dir='ltr'>καὶ</span> <span class='ocrx_word' id='word_1_559' title='bbox 3668 3802 3850 3857; x_wconf 86' lang='grc' dir='ltr'>ταυτό-</span> 
     </span>
    </p>
   </div>
   <div class='ocr_carea' id='block_1_87' title="bbox 2205 3888 3852 3965">
    <p class='ocr_par' dir='ltr' id='par_1_87' title="bbox 2205 3888 3852 3965">
     <span class='ocr_line' id='line_1_87' title="bbox 2205 3888 3852 3965; baseline -0.004 -17"><span class='ocrx_word' id='word_1_560' title='bbox 2205 3915 2343 3963; x_wconf 90' lang='grc' dir='ltr'>τητα</span> <span class='ocrx_word' id='word_1_561' title='bbox 2402 3892 2769 3964; x_wconf 75' lang='grc' dir='ltr'>ὀνομάσαντας</span> <span class='ocrx_word' id='word_1_562' title='bbox 2806 3912 2817 3925; x_wconf 74' lang='grc'><strong><em>⁸</em></strong></span> <span class='ocrx_word' id='word_1_563' title='bbox 2864 3892 2930 3945; x_wconf 84' lang='grc' dir='ltr'>τά</span> <span class='ocrx_word' id='word_1_564' title='bbox 2986 3888 3043 3945; x_wconf 68' lang='grc' dir='ltr'>δὲ</span> <span class='ocrx_word' id='word_1_565' title='bbox 3098 3891 3352 3961; x_wconf 72' lang='grc' dir='ltr'>αἰσθητὰ,</span> <span class='ocrx_word' id='word_1_566' title='bbox 3410 3890 3443 3944; x_wconf 75' lang='grc' dir='ltr'>ἃ</span> <span class='ocrx_word' id='word_1_567' title='bbox 3487 3891 3583 3946; x_wconf 85' lang='grc' dir='ltr'>καὶ</span> <span class='ocrx_word' id='word_1_568' title='bbox 3640 3888 3852 3965; x_wconf 85' lang='grc' dir='ltr'>μεριστά</span> 
     </span>
    </p>
   </div>
   <div class='ocr_carea' id='block_1_88' title="bbox 2209 3975 3851 4055">
    <p class='ocr_par' dir='ltr' id='par_1_88' title="bbox 2209 3975 3851 4055">
     <span class='ocr_line' id='line_1_88' title="bbox 2209 3975 3851 4055; baseline -0.003 -19"><span class='ocrx_word' id='word_1_569' title='bbox 2209 3981 2333 4049; x_wconf 78' lang='grc' dir='ltr'>εἶσι,</span> <span class='ocrx_word' id='word_1_570' title='bbox 2360 3981 2450 4035; x_wconf 81' lang='grc' dir='ltr'>καὶ</span> <span class='ocrx_word' id='word_1_571' title='bbox 2474 3980 2525 4035; x_wconf 81' lang='grc' dir='ltr'>ἐν</span> <span class='ocrx_word' id='word_1_572' title='bbox 2553 3975 2856 4053; x_wconf 77' lang='grc' dir='ltr'>μεταϐολῇ,</span> <span class='ocrx_word' id='word_1_573' title='bbox 2889 3979 2979 4033; x_wconf 86' lang='grc' dir='ltr'>καὶ</span> <span class='ocrx_word' id='word_1_574' title='bbox 3011 3977 3265 4055; x_wconf 80' lang='grc' dir='ltr'>διαφορᾷ,</span> <span class='ocrx_word' id='word_1_575' title='bbox 3295 3979 3383 4034; x_wconf 81' lang='grc' dir='ltr'>καὶ</span> <span class='ocrx_word' id='word_1_576' title='bbox 3413 3977 3621 4035; x_wconf 75' lang='grc' dir='ltr'>ἄλλοτε</span> <span class='ocrx_word' id='word_1_577' title='bbox 3676 3976 3851 4037; x_wconf 75' lang='grc' dir='ltr'>ἄλλως</span> 
     </span>
    </p>
   </div>
   <div class='ocr_carea' id='block_1_89' title="bbox 2208 4067 3852 4145">
    <p class='ocr_par' dir='ltr' id='par_1_89' title="bbox 2208 4067 3852 4145">
     <span class='ocr_line' id='line_1_89' title="bbox 2208 4067 3852 4145; baseline -0.002 -21"><span class='ocrx_word' id='word_1_578' title='bbox 2208 4067 2425 4145; x_wconf 78' lang='grc' dir='ltr'>ἔχοντα,</span> <span class='ocrx_word' id='word_1_579' title='bbox 2473 4070 2764 4139; x_wconf 87' lang='grc' dir='ltr'>ἀνισότητα</span> <span class='ocrx_word' id='word_1_580' title='bbox 2810 4068 2899 4122; x_wconf 82' lang='grc' dir='ltr'>καὶ</span> <span class='ocrx_word' id='word_1_581' title='bbox 2952 4069 3245 4138; x_wconf 73' lang='grc' dir='ltr'>ἑτερότητα</span> <span class='ocrx_word' id='word_1_582' title='bbox 3294 4068 3653 4130; x_wconf 68' lang='grc' dir='ltr'>καλέσαντας.</span> <span class='ocrx_word' id='word_1_583' title='bbox 3706 4069 3852 4141; x_wconf 79' lang='grc' dir='ltr'>Αὲγει</span> 
     </span>
    </p>
   </div>
   <div class='ocr_carea' id='block_1_90' title="bbox 2211 4156 3853 4232">
    <p class='ocr_par' dir='ltr' id='par_1_90' title="bbox 2211 4156 3853 4232">
     <span class='ocr_line' id='line_1_90' title="bbox 2211 4156 3853 4232; baseline -0.003 -19"><span class='ocrx_word' id='word_1_584' title='bbox 2211 4159 2323 4227; x_wconf 77' lang='grc' dir='ltr'>οὖν,</span> <span class='ocrx_word' id='word_1_585' title='bbox 2358 4158 2462 4227; x_wconf 79' lang='grc' dir='ltr'>ὅτι,</span> <span class='ocrx_word' id='word_1_586' title='bbox 2494 4156 2588 4212; x_wconf 67' lang='grc' dir='ltr'>κᾶν</span> <span class='ocrx_word' id='word_1_587' title='bbox 2643 4157 2842 4227; x_wconf 70' lang='grc' dir='ltr'>ταύτην</span> <span class='ocrx_word' id='word_1_588' title='bbox 2891 4158 2988 4225; x_wconf 78' lang='grc' dir='ltr'>τὴν</span> <span class='ocrx_word' id='word_1_589' title='bbox 3042 4157 3335 4227; x_wconf 82' lang='grc' dir='ltr'>ἀνισότητα</span> <span class='ocrx_word' id='word_1_590' title='bbox 3382 4159 3557 4232; x_wconf 76' lang='grc' dir='ltr'>νοήσῃ</span> <span class='ocrx_word' id='word_1_591' title='bbox 3604 4178 3713 4227; x_wconf 85' lang='grc' dir='ltr'>τις,</span> <span class='ocrx_word' id='word_1_592' title='bbox 3760 4157 3853 4224; x_wconf 74' lang='grc' dir='ltr'>τὴν</span> 
     </span>
    </p>
   </div>
   <div class='ocr_carea' id='block_1_91' title="bbox 2207 4243 3849 4323">
    <p class='ocr_par' dir='ltr' id='par_1_91' title="bbox 2207 4243 3849 4323">
     <span class='ocr_line' id='line_1_91' title="bbox 2207 4243 3849 4323; baseline -0.003 -21"><span class='ocrx_word' id='word_1_593' title='bbox 2207 4253 2313 4302; x_wconf 85' lang='grc' dir='ltr'>τῶν</span> <span class='ocrx_word' id='word_1_594' title='bbox 2347 4247 2619 4315; x_wconf 80' lang='grc' dir='ltr'>αἰσθητῶν</span> <span class='ocrx_word' id='word_1_595' title='bbox 2650 4247 2723 4308; x_wconf 79' lang='grc' dir='ltr'>εἷς</span> <span class='ocrx_word' id='word_1_596' title='bbox 2754 4244 2873 4317; x_wconf 79' lang='grc' dir='ltr'>εἷ’δη</span> <span class='ocrx_word' id='word_1_597' title='bbox 2906 4243 3190 4323; x_wconf 75' lang='grc' dir='ltr'>διαφορὰν,</span> <span class='ocrx_word' id='word_1_598' title='bbox 3225 4244 3295 4299; x_wconf 89' lang='grc' dir='ltr'>δι’</span> <span class='ocrx_word' id='word_1_599' title='bbox 3324 4249 3389 4313; x_wconf 71' lang='grc' dir='ltr'>ἧς</span> <span class='ocrx_word' id='word_1_600' title='bbox 3436 4248 3492 4299; x_wconf 80' lang='grc' dir='ltr'>αἱ</span> <span class='ocrx_word' id='word_1_601' title='bbox 3533 4248 3643 4300; x_wconf 82' lang='grc' dir='ltr'>τῶν</span> <span class='ocrx_word' id='word_1_602' title='bbox 3682 4245 3849 4315; x_wconf 82' lang='grc' dir='ltr'>ζώων,</span> 
     </span>
    </p>
   </div>
   <div class='ocr_carea' id='block_1_92' title="bbox 2209 4334 3859 4412">
    <p class='ocr_par' dir='ltr' id='par_1_92' title="bbox 2209 4334 3859 4412">
     <span class='ocr_line' id='line_1_92' title="bbox 2209 4334 3859 4412; baseline -0.002 -22"><span class='ocrx_word' id='word_1_603' title='bbox 2209 4338 2297 4391; x_wconf 85' lang='grc' dir='ltr'>καὶ</span> <span class='ocrx_word' id='word_1_604' title='bbox 2356 4341 2461 4390; x_wconf 80' lang='grc' dir='ltr'>τῶν</span> <span class='ocrx_word' id='word_1_605' title='bbox 2518 4340 2723 4409; x_wconf 67' lang='grc' dir='ltr'>φυτῶθ,</span> <span class='ocrx_word' id='word_1_606' title='bbox 2772 4334 2861 4389; x_wconf 85' lang='grc' dir='ltr'>καὶ</span> <span class='ocrx_word' id='word_1_607' title='bbox 2917 4338 3023 4388; x_wconf 82' lang='grc' dir='ltr'>τῶν</span> <span class='ocrx_word' id='word_1_608' title='bbox 3074 4335 3195 4404; x_wconf 74' lang='grc' dir='ltr'>ἑξῆς</span> <span class='ocrx_word' id='word_1_609' title='bbox 3238 4336 3468 4409; x_wconf 64' lang='grc' dir='ltr'>γενέσεις</span> <span class='ocrx_word' id='word_1_610' title='bbox 3522 4335 3859 4412; x_wconf 71' lang='grc' dir='ltr'>ὑφίστανται,</span> 
     </span>
    </p>
   </div>
   <div class='ocr_carea' id='block_1_93' title="bbox 2209 4423 3856 4500">
    <p class='ocr_par' dir='ltr' id='par_1_93' title="bbox 2209 4423 3856 4500">
     <span class='ocr_line' id='line_1_93' title="bbox 2209 4423 3856 4500; baseline -0.002 -21"><span class='ocrx_word' id='word_1_611' title='bbox 2209 4423 2355 4479; x_wconf 86' lang='grc' dir='ltr'>ἀλλά</span> <span class='ocrx_word' id='word_1_612' title='bbox 2409 4424 2497 4478; x_wconf 83' lang='grc' dir='ltr'>καὶ</span> <span class='ocrx_word' id='word_1_613' title='bbox 2552 4423 2753 4493; x_wconf 75' lang='grc' dir='ltr'>ταύτης</span> <span class='ocrx_word' id='word_1_614' title='bbox 2806 4430 2906 4492; x_wconf 85' lang='grc' dir='ltr'>τῆς</span> <span class='ocrx_word' id='word_1_615' title='bbox 2957 4424 3275 4493; x_wconf 88' lang='grc' dir='ltr'>ἀνισότητος</span> <span class='ocrx_word' id='word_1_616' title='bbox 3308 4425 3335 4478; x_wconf 85' lang='grc' dir='ltr'>ὁ</span> <span class='ocrx_word' id='word_1_617' title='bbox 3367 4425 3497 4485; x_wconf 84' lang='grc' dir='ltr'>Θεὸς</span> <span class='ocrx_word' id='word_1_618' title='bbox 3546 4423 3725 4500; x_wconf 74' lang='grc' dir='ltr'>φύλαξ</span> <span class='ocrx_word' id='word_1_619' title='bbox 3772 4423 3856 4477; x_wconf 85' lang='grc' dir='ltr'>καί</span> 
     </span>
    </p>
   </div>
   <div class='ocr_carea' id='block_1_94' title="bbox 2211 4511 3860 4591">
    <p class='ocr_par' dir='ltr' id='par_1_94' title="bbox 2211 4511 3860 4591">
     <span class='ocr_line' id='line_1_94' title="bbox 2211 4511 3860 4591; baseline -0.004 -23"><span class='ocrx_word' id='word_1_620' title='bbox 2211 4514 2445 4591; x_wconf 81' lang='grc' dir='ltr'>φρουρός</span> <span class='ocrx_word' id='word_1_621' title='bbox 2493 4511 2624 4579; x_wconf 84' lang='grc' dir='ltr'>ἐστι,</span> <span class='ocrx_word' id='word_1_622' title='bbox 2681 4514 2754 4584; x_wconf 79' lang='grc' dir='ltr'>μή</span> <span class='ocrx_word' id='word_1_623' title='bbox 2806 4511 2906 4566; x_wconf 84' lang='grc' dir='ltr'>ἐῶν</span> <span class='ocrx_word' id='word_1_624' title='bbox 2956 4512 3023 4566; x_wconf 82' lang='grc' dir='ltr'>τά</span> <span class='ocrx_word' id='word_1_625' title='bbox 3068 4511 3282 4566; x_wconf 83' lang='grc' dir='ltr'>ἐναντία</span> <span class='ocrx_word' id='word_1_626' title='bbox 3332 4511 3405 4573; x_wconf 71' lang='grc' dir='ltr'>εἷς</span> <span class='ocrx_word' id='word_1_627' title='bbox 3447 4512 3501 4566; x_wconf 79' lang='grc' dir='ltr'>’ἐν</span> <span class='ocrx_word' id='word_1_628' title='bbox 3556 4516 3601 4551; x_wconf 71' lang='grc' dir='ltr'>ἠ</span> <span class='ocrx_word' id='word_1_629' title='bbox 3657 4532 3860 4584; x_wconf 84' lang='grc' dir='ltr'>συμμι-</span> 
     </span>
    </p>
   </div>
   <div class='ocr_carea' id='block_1_95' title="bbox 460 4598 2090 4698">
    <p class='ocr_par' dir='ltr' id='par_1_95' title="bbox 460 4600 2090 4674">
     <span class='ocr_line' id='line_1_95' title="bbox 460 4600 2090 4674; baseline -0.006 -11"><span class='ocrx_word' id='word_1_630' title='bbox 460 4608 713 4674; x_wconf 89' lang='lat' dir='ltr'>misceri,</span> <span class='ocrx_word' id='word_1_631' title='bbox 747 4611 802 4661; x_wconf 87' lang='lat' dir='ltr'>et</span> <span class='ocrx_word' id='word_1_632' title='bbox 832 4605 1170 4659; x_wconf 88' lang='lat' dir='ltr'>mistionem</span> <span class='ocrx_word' id='word_1_633' title='bbox 1203 4601 1613 4656; x_wconf 89' lang='lat' dir='ltr'>concurrentia</span> <span class='ocrx_word' id='word_1_634' title='bbox 1661 4600 1717 4655; x_wconf 86' lang='lat' dir='ltr'>in</span> <span class='ocrx_word' id='word_1_635' title='bbox 1772 4601 2090 4671; x_wconf 89' lang='lat' dir='ltr'>corruptio-</span> 
     </span>
    </p>
   </div>
   <div class='ocr_carea' id='block_1_96' title="bbox 2212 4598 3862 4698">
    <p class='ocr_par' dir='ltr' id='par_1_96' title="bbox 2216 4598 3862 4678">
     <span class='ocr_line' id='line_1_96' title="bbox 2216 4598 3862 4678; baseline -0.002 -21"><span class='ocrx_word' id='word_1_636' title='bbox 2216 4606 2435 4677; x_wconf 74' lang='grc' dir='ltr'>χθῆναι,</span> <span class='ocrx_word' id='word_1_637' title='bbox 2468 4602 2556 4655; x_wconf 83' lang='grc' dir='ltr'>καὶ</span> <span class='ocrx_word' id='word_1_638' title='bbox 2588 4598 2959 4675; x_wconf 89' lang='grc' dir='ltr'>συνδραμόντα</span> <span class='ocrx_word' id='word_1_639' title='bbox 2988 4599 3076 4655; x_wconf 77' lang='grc' dir='ltr'>διὰ</span> <span class='ocrx_word' id='word_1_640' title='bbox 3100 4608 3199 4671; x_wconf 79' lang='grc' dir='ltr'>τῆς</span> <span class='ocrx_word' id='word_1_641' title='bbox 3229 4602 3508 4678; x_wconf 74' lang='grc' dir='ltr'>φυράσεως</span> <span class='ocrx_word' id='word_1_642' title='bbox 3540 4604 3589 4637; x_wconf 73' lang='grc'>⁷³</span> <span class='ocrx_word' id='word_1_643' title='bbox 3619 4602 3699 4663; x_wconf 74' lang='grc' dir='ltr'>εἷς</span> <span class='ocrx_word' id='word_1_644' title='bbox 3735 4603 3862 4677; x_wconf 83' lang='grc' dir='ltr'>φθο-</span> 
     </span>
    </p>
   </div>
   <div class='ocr_carea' id='block_1_97' title="bbox 462 4689 2104 4759">
    <p class='ocr_par' dir='ltr' id='par_1_97' title="bbox 462 4689 2104 4759">
     <span class='ocr_line' id='line_1_97' title="bbox 462 4689 2104 4759; baseline -0.003 -7"><span class='ocrx_word' id='word_1_645' title='bbox 462 4714 595 4752; x_wconf 90' lang='lat' dir='ltr'>nem</span> <span class='ocrx_word' id='word_1_646' title='bbox 635 4694 849 4751; x_wconf 89' lang='lat' dir='ltr'>venire.</span> <span class='ocrx_word' id='word_1_647' title='bbox 896 4693 968 4748; x_wconf 88' lang='lat' dir='ltr'>Ut</span> <span class='ocrx_word' id='word_1_648' title='bbox 1007 4692 1163 4746; x_wconf 89' lang='lat' dir='ltr'>enim</span> <span class='ocrx_word' id='word_1_649' title='bbox 1219 4690 1417 4744; x_wconf 90' lang='lat' dir='ltr'>omnia</span> <span class='ocrx_word' id='word_1_650' title='bbox 1456 4689 1752 4759; x_wconf 83' lang='lat' dir='ltr'>produxit,</span> <span class='ocrx_word' id='word_1_651' title='bbox 1796 4690 1877 4744; x_wconf 86' lang='lat' dir='ltr'>sic</span> <span class='ocrx_word' id='word_1_652' title='bbox 1928 4691 2104 4747; x_wconf 88' lang='lat' dir='ltr'>etiam</span> 
     </span>
    </p>
   </div>
   <div class='ocr_carea' id='block_1_98' title="bbox 462 4778 2103 4860">
    <p class='ocr_par' dir='ltr' id='par_1_98' title="bbox 462 4778 2103 4860">
     <span class='ocr_line' id='line_1_98' title="bbox 462 4778 2103 4860; baseline -0.004 -18"><span class='ocrx_word' id='word_1_653' title='bbox 462 4790 589 4860; x_wconf 87' lang='lat' dir='ltr'>ipsa</span> <span class='ocrx_word' id='word_1_654' title='bbox 620 4787 951 4847; x_wconf 87' lang='lat' dir='ltr'>conservat,</span> <span class='ocrx_word' id='word_1_655' title='bbox 976 4786 1031 4835; x_wconf 88' lang='lat' dir='ltr'>et</span> <span class='ocrx_word' id='word_1_656' title='bbox 1064 4784 1202 4835; x_wconf 89' lang='lat' dir='ltr'>sunt</span> <span class='ocrx_word' id='word_1_657' title='bbox 1242 4778 1396 4833; x_wconf 89' lang='lat' dir='ltr'>sicut</span> <span class='ocrx_word' id='word_1_658' title='bbox 1426 4795 1459 4832; x_wconf 91' lang='lat' dir='ltr'>a</span> <span class='ocrx_word' id='word_1_659' title='bbox 1509 4779 1795 4850; x_wconf 91' lang='lat' dir='ltr'>principio</span> <span class='ocrx_word' id='word_1_660' title='bbox 1847 4782 2103 4836; x_wconf 88' lang='lat' dir='ltr'>fuerunt.</span> 
     </span>
    </p>
   </div>
   <div class='ocr_carea' id='block_1_99' title="bbox 539 4868 2103 4946">
    <p class='ocr_par' dir='ltr' id='par_1_99' title="bbox 539 4868 2103 4946">
     <span class='ocr_line' id='line_1_99' title="bbox 539 4868 2103 4946; baseline -0.004 -16"><span class='ocrx_word' id='word_1_661' title='bbox 539 4875 981 4946; x_wconf 69' lang='lat' dir='ltr'>Inaequalitatem</span> <span class='ocrx_word' id='word_1_662' title='bbox 1002 4871 1170 4924; x_wconf 74' lang='lat' dir='ltr'>enim.</span> <span class='ocrx_word' id='word_1_663' title='bbox 1218 4868 1362 4923; x_wconf 84' lang='lat' dir='ltr'>Nota</span> <span class='ocrx_word' id='word_1_664' title='bbox 1391 4884 1525 4921; x_wconf 91' lang='lat' dir='ltr'>eum</span> <span class='ocrx_word' id='word_1_665' title='bbox 1576 4868 1765 4923; x_wconf 83' lang='lat' dir='ltr'>dicere</span> <span class='ocrx_word' id='word_1_666' title='bbox 1806 4871 2103 4942; x_wconf 67' lang='lat' dir='ltr'>inaequali-</span> 
     </span>
    </p>
   </div>
   <div class='ocr_carea' id='block_1_100' title="bbox 461 4957 2105 5029">
    <p class='ocr_par' dir='ltr' id='par_1_100' title="bbox 461 4957 2105 5029">
     <span class='ocr_line' id='line_1_100' title="bbox 461 4957 2105 5029; baseline -0.004 -8"><span class='ocrx_word' id='word_1_667' title='bbox 461 4971 664 5029; x_wconf 85' lang='lat' dir='ltr'>tatem,</span> <span class='ocrx_word' id='word_1_668' title='bbox 697 4962 963 5017; x_wconf 90' lang='lat' dir='ltr'>omnium</span> <span class='ocrx_word' id='word_1_669' title='bbox 998 4960 1055 5012; x_wconf 89' lang='lat' dir='ltr'>in</span> <span class='ocrx_word' id='word_1_670' title='bbox 1089 4963 1212 5012; x_wconf 87' lang='lat' dir='ltr'>toto</span> <span class='ocrx_word' id='word_1_671' title='bbox 1236 4957 1389 5011; x_wconf 88' lang='lat' dir='ltr'>inter</span> <span class='ocrx_word' id='word_1_672' title='bbox 1418 4973 1479 5011; x_wconf 89' lang='lat' dir='ltr'>se</span> <span class='ocrx_word' id='word_1_673' title='bbox 1502 4958 1991 5027; x_wconf 86' lang='lat' dir='ltr'>diversitatem,et</span> <span class='ocrx_word' id='word_1_674' title='bbox 2009 4961 2105 5015; x_wconf 89' lang='lat' dir='ltr'>Dei</span> 
     </span>
    </p>
   </div>
   <div class='ocr_carea' id='block_1_101' title="bbox 452 5046 2108 5127">
    <p class='ocr_par' dir='ltr' id='par_1_101' title="bbox 452 5046 2108 5127">
     <span class='ocr_line' id='line_1_101' title="bbox 452 5046 2108 5127; baseline -0.003 -18"><span class='ocrx_word' id='word_1_675' title='bbox 452 5054 750 5127; x_wconf 89' lang='lat' dir='ltr'>justitiam</span> <span class='ocrx_word' id='word_1_676' title='bbox 774 5048 1063 5121; x_wconf 87' lang='lat' dir='ltr'>ejusmodi</span> <span class='ocrx_word' id='word_1_677' title='bbox 1098 5046 1552 5117; x_wconf 65' lang='lat' dir='ltr'>inaequalitatem</span> <span class='ocrx_word' id='word_1_678' title='bbox 1574 5064 1935 5104; x_wconf 87' lang='lat' dir='ltr'>conservare.</span> <span class='ocrx_word' id='word_1_679' title='bbox 1961 5049 2108 5105; x_wconf 89' lang='lat' dir='ltr'>Nota</span> 
     </span>
    </p>
   </div>
   <div class='ocr_carea' id='block_1_102' title="bbox 458 5134 1678 5209">
    <p class='ocr_par' dir='ltr' id='par_1_102' title="bbox 458 5134 1678 5209">
     <span class='ocr_line' id='line_1_102' title="bbox 458 5134 1678 5209; baseline -0.007 -11"><span class='ocrx_word' id='word_1_680' title='bbox 458 5147 656 5209; x_wconf 86' lang='lat' dir='ltr'>etiam,</span> <span class='ocrx_word' id='word_1_681' title='bbox 683 5157 811 5196; x_wconf 88' lang='lat' dir='ltr'>esse</span> <span class='ocrx_word' id='word_1_682' title='bbox 844 5136 1174 5194; x_wconf 90' lang='lat' dir='ltr'>naturalem</span> <span class='ocrx_word' id='word_1_683' title='bbox 1206 5134 1678 5204; x_wconf 64' lang='lat' dir='ltr'>inaequalitatem.</span> 
     </span>
    </p>
   </div>
   <div class='ocr_carea' id='block_1_103' title="bbox 1085 5313 1486 5370">
    <p class='ocr_par' dir='ltr' id='par_1_103' title="bbox 1085 5313 1486 5370">
     <span class='ocr_line' id='line_1_103' title="bbox 1085 5313 1486 5370; baseline 0.007 -3"><span class='ocrx_word' id='word_1_684' title='bbox 1085 5313 1158 5368; x_wconf 90' lang='grc' dir='ltr'>ΙΝ</span> <span class='ocrx_word' id='word_1_685' title='bbox 1203 5316 1354 5369; x_wconf 87' lang='lat' dir='ltr'>CAP.</span> <span class='ocrx_word' id='word_1_686' title='bbox 1400 5314 1486 5370; x_wconf 83' lang='lat' dir='ltr'>IX.</span> 
     </span>
    </p>
   </div>
   <div class='ocr_carea' id='block_1_104' title="bbox 458 5422 2108 5498">
    <p class='ocr_par' dir='ltr' id='par_1_104' title="bbox 458 5422 2108 5498">
     <span class='ocr_line' id='line_1_104' title="bbox 458 5422 2108 5498; baseline -0.001 -14"><span class='ocrx_word' id='word_1_687' title='bbox 458 5432 562 5498; x_wconf 87' lang='lat' dir='ltr'>§I.</span> <span class='ocrx_word' id='word_1_688' title='bbox 642 5428 847 5481; x_wconf 80' lang='lat' dir='ltr'>(lorum</span> <span class='ocrx_word' id='word_1_689' title='bbox 901 5422 1214 5477; x_wconf 78' lang='lat' dir='ltr'>divinorum</span> <span class='ocrx_word' id='word_1_690' title='bbox 1286 5422 1597 5477; x_wconf 80' lang='lat' dir='ltr'>nominum.</span> <span class='ocrx_word' id='word_1_691' title='bbox 1666 5423 2108 5495; x_wconf 89' lang='lat' dir='ltr'>Sapientissime</span> 
     </span>
    </p>
   </div>
   <div class='ocr_carea' id='block_1_105' title="bbox 2218 4689 3864 4769">
    <p class='ocr_par' dir='ltr' id='par_1_105' title="bbox 2218 4689 3864 4769">
     <span class='ocr_line' id='line_1_105' title="bbox 2218 4689 3864 4769; baseline -0.004 -23"><span class='ocrx_word' id='word_1_692' title='bbox 2218 4694 2309 4769; x_wconf 83' lang='grc' dir='ltr'>ράν</span> <span class='ocrx_word' id='word_1_693' title='bbox 2363 4690 2561 4754; x_wconf 80' lang='grc' dir='ltr'>ἐλθεῖν.</span> <span class='ocrx_word' id='word_1_694' title='bbox 2595 4691 2681 4751; x_wconf 75' lang='grc' dir='ltr'>Ὠς</span> <span class='ocrx_word' id='word_1_695' title='bbox 2720 4690 2819 4765; x_wconf 73' lang='grc' dir='ltr'>γὰρ</span> <span class='ocrx_word' id='word_1_696' title='bbox 2869 4692 3151 4764; x_wconf 86' lang='grc' dir='ltr'>παρήγαγε</span> <span class='ocrx_word' id='word_1_697' title='bbox 3196 4690 3390 4759; x_wconf 83' lang='grc' dir='ltr'>πάντα,</span> <span class='ocrx_word' id='word_1_698' title='bbox 3425 4689 3571 4745; x_wconf 76' lang='grc' dir='ltr'>οὕτω</span> <span class='ocrx_word' id='word_1_699' title='bbox 3616 4691 3864 4763; x_wconf 86' lang='grc' dir='ltr'>συντηρεῖ</span> 
     </span>
    </p>
   </div>
   <div class='ocr_carea' id='block_1_106' title="bbox 2216 4777 3351 4853">
    <p class='ocr_par' dir='ltr' id='par_1_106' title="bbox 2216 4777 3351 4853">
     <span class='ocr_line' id='line_1_106' title="bbox 2216 4777 3351 4853; baseline -0.001 -17"><span class='ocrx_word' id='word_1_700' title='bbox 2216 4782 2369 4849; x_wconf 74' lang='grc' dir='ltr'>αὐτὰ,</span> <span class='ocrx_word' id='word_1_701' title='bbox 2402 4780 2489 4833; x_wconf 76' lang='grc' dir='ltr'>καὶ</span> <span class='ocrx_word' id='word_1_702' title='bbox 2525 4778 2656 4833; x_wconf 75' lang='grc' dir='ltr'>εἰσὶν</span> <span class='ocrx_word' id='word_1_703' title='bbox 2682 4780 2755 4839; x_wconf 78' lang='grc' dir='ltr'>ὡς</span> <span class='ocrx_word' id='word_1_704' title='bbox 2788 4778 2838 4849; x_wconf 75' lang='grc' dir='ltr'>ἐξ</span> <span class='ocrx_word' id='word_1_705' title='bbox 2870 4780 3051 4853; x_wconf 82' lang='grc' dir='ltr'>ἀρχῆς</span> <span class='ocrx_word' id='word_1_706' title='bbox 3085 4777 3351 4852; x_wconf 80' lang='grc' dir='ltr'>ἐγένοντο.</span> 
     </span>
    </p>
   </div>
   <div class='ocr_carea' id='block_1_107' title="bbox 2286 4866 3867 4943">
    <p class='ocr_par' dir='ltr' id='par_1_107' title="bbox 2286 4866 3867 4943">
     <span class='ocr_line' id='line_1_107' title="bbox 2286 4866 3867 4943; baseline -0.003 -20"><span class='ocrx_word' id='word_1_707' title='bbox 2286 4871 2391 4937; x_wconf 76' lang='grc' dir='ltr'>Τὴν</span> <span class='ocrx_word' id='word_1_708' title='bbox 2437 4869 2537 4943; x_wconf 74' lang='grc' dir='ltr'>γὰρ</span> <span class='ocrx_word' id='word_1_709' title='bbox 2571 4868 2881 4937; x_wconf 85' lang='grc' dir='ltr'>ἀνισότητα.</span> <span class='ocrx_word' id='word_1_710' title='bbox 2918 4868 3259 4940; x_wconf 85' lang='grc' dir='ltr'>Σημείωσαι,</span> <span class='ocrx_word' id='word_1_711' title='bbox 3293 4868 3377 4923; x_wconf 75' lang='grc' dir='ltr'>ὅτι</span> <span class='ocrx_word' id='word_1_712' title='bbox 3424 4870 3523 4937; x_wconf 77' lang='grc' dir='ltr'>τήν</span> <span class='ocrx_word' id='word_1_713' title='bbox 3580 4866 3867 4936; x_wconf 86' lang='grc' dir='ltr'>ἀνισότητά</span> 
     </span>
    </p>
   </div>
   <div class='ocr_carea' id='block_1_108' title="bbox 2218 4954 3869 5037">
    <p class='ocr_par' dir='ltr' id='par_1_108' title="bbox 2218 4954 3869 5037">
     <span class='ocr_line' id='line_1_108' title="bbox 2218 4954 3869 5037; baseline -0.003 -24"><span class='ocrx_word' id='word_1_714' title='bbox 2218 4980 2347 5037; x_wconf 73' lang='grc' dir='ltr'>φησι</span> <span class='ocrx_word' id='word_1_715' title='bbox 2380 4958 2468 5012; x_wconf 82' lang='grc' dir='ltr'>καὶ</span> <span class='ocrx_word' id='word_1_716' title='bbox 2494 4959 2591 5026; x_wconf 76' lang='grc' dir='ltr'>τήν</span> <span class='ocrx_word' id='word_1_717' title='bbox 2624 4957 2674 5011; x_wconf 82' lang='grc' dir='ltr'>ἐν</span> <span class='ocrx_word' id='word_1_718' title='bbox 2706 4962 2786 5028; x_wconf 80' lang='grc' dir='ltr'>τῷ</span> <span class='ocrx_word' id='word_1_719' title='bbox 2817 4955 2933 5022; x_wconf 81' lang='grc' dir='ltr'>δλῳ</span> <span class='ocrx_word' id='word_1_720' title='bbox 2960 4958 3098 5031; x_wconf 88' lang='grc' dir='ltr'>πρὸς</span> <span class='ocrx_word' id='word_1_721' title='bbox 3131 4956 3235 5011; x_wconf 80' lang='grc' dir='ltr'>ὅλα</span> <span class='ocrx_word' id='word_1_722' title='bbox 3266 4955 3523 5034; x_wconf 81' lang='grc' dir='ltr'>διαφορὰν</span> <span class='ocrx_word' id='word_1_723' title='bbox 3558 4962 3670 5012; x_wconf 79' lang='grc' dir='ltr'>τῶν</span> <span class='ocrx_word' id='word_1_724' title='bbox 3705 4954 3869 5023; x_wconf 77' lang='grc' dir='ltr'>ὅλων,</span> 
     </span>
    </p>
   </div>
   <div class='ocr_carea' id='block_1_109' title="bbox 2216 5044 3872 5116">
    <p class='ocr_par' dir='ltr' id='par_1_109' title="bbox 2216 5044 3872 5116">
     <span class='ocr_line' id='line_1_109' title="bbox 2216 5044 3872 5116; baseline -0.004 -12"><span class='ocrx_word' id='word_1_725' title='bbox 2216 5052 2304 5104; x_wconf 80' lang='grc' dir='ltr'>καὶ</span> <span class='ocrx_word' id='word_1_726' title='bbox 2353 5048 2437 5103; x_wconf 75' lang='grc' dir='ltr'>ὅτι</span> <span class='ocrx_word' id='word_1_727' title='bbox 2480 5049 2579 5115; x_wconf 79' lang='grc' dir='ltr'>τήν</span> <span class='ocrx_word' id='word_1_728' title='bbox 2619 5046 2876 5116; x_wconf 73' lang='grc' dir='ltr'>τοιαύτην</span> <span class='ocrx_word' id='word_1_729' title='bbox 2928 5046 3226 5115; x_wconf 85' lang='grc' dir='ltr'>ἀνισότητα</span> <span class='ocrx_word' id='word_1_730' title='bbox 3272 5050 3306 5116; x_wconf 85' lang='grc' dir='ltr'>ἠ</span> <span class='ocrx_word' id='word_1_731' title='bbox 3356 5052 3453 5102; x_wconf 77' lang='grc' dir='ltr'>τοῦ</span> <span class='ocrx_word' id='word_1_732' title='bbox 3493 5052 3634 5101; x_wconf 69' lang='grc' dir='ltr'>Θεοῦ</span> <span class='ocrx_word' id='word_1_733' title='bbox 3668 5044 3872 5100; x_wconf 85' lang='grc' dir='ltr'>δικαιο-</span> 
     </span>
    </p>
   </div>
   <div class='ocr_carea' id='block_1_110' title="bbox 2218 5132 3871 5215">
    <p class='ocr_par' dir='ltr' id='par_1_110' title="bbox 2218 5132 3871 5215">
     <span class='ocr_line' id='line_1_110' title="bbox 2218 5132 3871 5215; baseline -0.003 -24"><span class='ocrx_word' id='word_1_734' title='bbox 2218 5138 2350 5207; x_wconf 85' lang='grc' dir='ltr'>σύνη</span> <span class='ocrx_word' id='word_1_735' title='bbox 2411 5142 2655 5215; x_wconf 81' lang='grc' dir='ltr'>φρουρεῖ.</span> <span class='ocrx_word' id='word_1_736' title='bbox 2711 5134 3027 5207; x_wconf 84' lang='grc' dir='ltr'>Σημείωσαι</span> <span class='ocrx_word' id='word_1_737' title='bbox 3090 5132 3166 5207; x_wconf 75' lang='grc' dir='ltr'>δὲ,</span> <span class='ocrx_word' id='word_1_738' title='bbox 3224 5134 3305 5189; x_wconf 77' lang='grc' dir='ltr'>ὅτι</span> <span class='ocrx_word' id='word_1_739' title='bbox 3365 5134 3472 5189; x_wconf 80' lang='grc' dir='ltr'>ἐστι</span> <span class='ocrx_word' id='word_1_740' title='bbox 3522 5135 3618 5189; x_wconf 82' lang='grc' dir='ltr'>καὶ</span> <span class='ocrx_word' id='word_1_741' title='bbox 3676 5132 3871 5207; x_wconf 85' lang='grc' dir='ltr'>φυσική</span> 
     </span>
    </p>
   </div>
   <div class='ocr_carea' id='block_1_111' title="bbox 2216 5226 2493 5298">
    <p class='ocr_par' dir='ltr' id='par_1_111' title="bbox 2216 5226 2493 5298">
     <span class='ocr_line' id='line_1_111' title="bbox 2216 5226 2493 5298; baseline -0.004 -17"><span class='ocrx_word' id='word_1_742' title='bbox 2216 5226 2493 5298; x_wconf 88' lang='grc' dir='ltr'>ἀνισότης.</span> 
     </span>
    </p>
   </div>
   <div class='ocr_carea' id='block_1_112' title="bbox 2709 5314 3373 5369">
    <p class='ocr_par' dir='ltr' id='par_1_112' title="bbox 2709 5314 3373 5369">
     <span class='ocr_line' id='line_1_112' title="bbox 2709 5314 3373 5369; baseline -0.003 0"><span class='ocrx_word' id='word_1_743' title='bbox 2709 5315 2824 5369; x_wconf 83' lang='grc' dir='ltr'>ΕΙΣ</span> <span class='ocrx_word' id='word_1_744' title='bbox 2864 5314 2955 5369; x_wconf 92' lang='grc' dir='ltr'>ΤΟ</span> <span class='ocrx_word' id='word_1_745' title='bbox 2996 5317 3260 5369; x_wconf 83' lang='grc' dir='ltr'>ΚΕΦΑΛ.</span> <span class='ocrx_word' id='word_1_746' title='bbox 3301 5319 3373 5368; x_wconf 91' lang='grc' dir='ltr'>Θ’.</span> 
     </span>
    </p>
   </div>
   <div class='ocr_carea' id='block_1_113' title="bbox 2290 5420 3869 5498">
    <p class='ocr_par' dir='ltr' id='par_1_113' title="bbox 2290 5420 3869 5498">
     <span class='ocr_line' id='line_1_113' title="bbox 2290 5420 3869 5498; baseline -0.006 -19"><span class='ocrx_word' id='word_1_747' title='bbox 2290 5430 2315 5493; x_wconf 78' lang='lat'>§</span> <span class='ocrx_word' id='word_1_748' title='bbox 2346 5426 2387 5479; x_wconf 90' lang='grc' dir='ltr'>Ι.</span> <span class='ocrx_word' id='word_1_749' title='bbox 2420 5421 2643 5479; x_wconf 72' lang='grc' dir='ltr'>Τούτων</span> <span class='ocrx_word' id='word_1_750' title='bbox 2672 5425 2779 5475; x_wconf 79' lang='grc' dir='ltr'>τῶν</span> <span class='ocrx_word' id='word_1_751' title='bbox 2800 5421 3175 5493; x_wconf 84' lang='grc' dir='ltr'>θεωνυμικῶν.</span> <span class='ocrx_word' id='word_1_752' title='bbox 3212 5420 3511 5498; x_wconf 77' lang='grc' dir='ltr'>Σοφώτατά</span> <span class='ocrx_word' id='word_1_753' title='bbox 3551 5440 3690 5497; x_wconf 89' lang='grc' dir='ltr'>φησι</span> <span class='ocrx_word' id='word_1_754' title='bbox 3742 5420 3869 5472; x_wconf 84' lang='grc' dir='ltr'>θεω-</span> 
     </span>
    </p>
   </div>
   <div class='ocr_carea' id='block_1_114' title="bbox 1489 5600 2830 5662">
    <p class='ocr_par' dir='ltr' id='par_1_114' title="bbox 1489 5600 2830 5662">
     <span class='ocr_line' id='line_1_114' title="bbox 1489 5600 2830 5662; baseline -0.002 -5"><span class='ocrx_word' id='word_1_755' title='bbox 1489 5602 1727 5659; x_wconf 74' lang='lat' dir='ltr'>VARI/E</span> <span class='ocrx_word' id='word_1_756' title='bbox 1765 5604 2156 5662; x_wconf 86' lang='lat' dir='ltr'>LECTIONES</span> <span class='ocrx_word' id='word_1_757' title='bbox 2197 5605 2286 5661; x_wconf 89' lang='lat' dir='ltr'><strong>ET</strong></span> <span class='ocrx_word' id='word_1_758' title='bbox 2325 5600 2830 5660; x_wconf 82' lang='lat' dir='ltr'>COREC’I‘lONES.</span> 
     </span>
    </p>
   </div>
   <div class='ocr_carea' id='block_1_115' title="bbox 533 5697 1342 5776">
    <p class='ocr_par' dir='ltr' id='par_1_115' title="bbox 533 5697 1342 5776">
     <span class='ocr_line' id='line_1_115' title="bbox 533 5697 1342 5776; baseline -0.009 -18"><span class='ocrx_word' id='word_1_759' title='bbox 533 5708 575 5743; x_wconf 66' lang='grc' dir='ltr'>τι</span> <span class='ocrx_word' id='word_1_760' title='bbox 609 5702 957 5776; x_wconf 66' lang='grc' dir='ltr'>συναχθέντα.</span> <span class='ocrx_word' id='word_1_761' title='bbox 1035 5700 1079 5733; x_wconf 67' lang='grc'>⁷³</span> <span class='ocrx_word' id='word_1_762' title='bbox 1111 5697 1342 5774; x_wconf 72' lang='grc' dir='ltr'>φύσεως.</span> 
     </span>
    </p>
   </div>
  </div>
