4080 6366
257 450 359 505 369

1031 458 1087 509 S.
1133 458 1401 511 MAXIMI
1441 459 1747 513 SCHOLIA
1784 460 1858 512 IN
1895 458 2029 510 LIB.
2072 458 2166 510 DE
2203 459 2473 511 DIVINIB
2510 454 2925 511 NOMINIBUS.

3578 452 3682 507 370

256 577 502 647 νομικῶν
539 573 903 648 ἀγαλμάτων,
936 575 984 648 ἐξ
1018 574 1299 648 Ἑλλήνων
1333 578 1419 635 ἐπὶ
1440 581 1499 634 τὸ
1530 578 1733 650 ἀληθὲς
1760 580 1893 652 μετά

2031 578 2171 635 dicit
2200 579 2531 635 divinorum
2566 581 2873 635 nominum
2907 578 3095 650 signa,
3128 594 3195 633 ex
3242 576 3559 649 gentilibus
3607 578 3679 632 ad

258 683 391 740 γων·
430 662 633 718 ἐκεῖνοι
666 666 771 740 γὰρ
805 667 894 719 οἷά
930 687 1078 730 τινας
1125 665 1437 742 ἀνδριάντας
1480 668 1720 738 ἐποίουν,
1781 670 1920 741 μήτε

260 759 450 827 χεῖρας
490 756 636 826 μήτε
658 752 829 815 πόδας
851 750 1101 829 ἔχοντας,
1128 757 1218 818 οὕς
1250 759 1452 832 Ἑρμᾶς
1481 756 1731 813 ἐκάλουν·
1767 758 1916 813 ἐποί-

259 863 349 895 ουν
380 839 437 896 δὲ
470 843 673 903 αὐτοὺς
706 840 980 906 διακένους
1004 845 1166 921 θύρας
1190 842 1439 921 ἔχοντας,
1460 848 1695 921 καθάπερ
1722 868 1916 922 τοιχο-

254 931 611 1007 πυργίσκους.
640 938 879 995 ’Έσωοεν
900 932 990 987 οὖν
1024 935 1200 989 αὐτῶν
1233 935 1464 991 ἐτίθεσαν
1496 936 1805 1012 ἀγάλματα,
1840 938 1912 989 ὢν

253 1016 438 1075 ἔσεϐον
504 1026 665 1093 θεῶν,
736 1018 925 1092 ἔξωθεν
1009 1021 1065 1077 δὲ
1133 1024 1419 1080 ἀπέκλειον
1495 1026 1621 1088 τοὺς
1689 1028 1910 1100 Ἑρμᾶς·

253 1110 537 1186 ἐφαίνοντο
572 1109 663 1165 οὖν
698 1112 749 1164 οἱ
798 1112 999 1184 Ἑρμαῖ
1040 1112 1298 1187 εὐτελεῖς,
1347 1112 1544 1179 ἔσωθεν
1594 1114 1651 1170 δὶ
1704 1116 1909 1169 τούτων

254 1204 388 1262 θεῶν
421 1200 601 1254 αὐτῶν
636 1199 1072 1274 καλλωπισμοῦς
1104 1206 1280 1278 εἶχον.
1325 1204 1512 1268 Οὕτως
1551 1204 1643 1259 οὖν
1682 1206 1914 1259 κάνταῦ-

250 1289 315 1342 θα
343 1291 587 1359 νοήσεις,
615 1290 682 1344 τὰ
716 1291 808 1363 μὶν
842 1291 965 1367 περὶ
996 1296 1092 1346 τοῦ
1136 1289 1291 1355 ὄντος
1342 1295 1430 1348 καὶ
1482 1294 1747 1363 ἀληθινοῦ
1777 1298 1909 1349 Θεοῦ

255 1378 422 1449 μόνου
476 1375 530 1430 ἐν
579 1382 647 1451 τῇ
702 1384 891 1453 Γραφῇ
942 1379 1182 1453 ὀνόματα
1211 1382 1398 1452 ἀνάξια
1430 1382 1714 1459 εἶναιπερὶ
1774 1387 1908 1437 Θεοῦ

251 1464 549 1540 λεγόμενα,
602 1467 676 1530 ὡς
730 1468 791 1521 τὸ
845 1469 1060 1542 μικρὸν,
1111 1472 1197 1525 καὶ
1248 1471 1312 1525 τὸ
1356 1474 1643 1541 καθῆσθαι,
1700 1472 1788 1527 xui
1842 1474 1907 1526 τὰ

248 1554 393 1624 ἑξῆς·
426 1556 877 1628 ἀναπτυσσόμενα
908 1555 963 1612 δὲ
1011 1558 1078 1612 τὰ
1112 1559 1375 1631 ὀνόματα,
1432 1561 1521 1615 καὶ
1554 1562 1712 1631 ἀξίως
1772 1566 1905 1615 Θεοῦ

248 1644 687 1717 ἐρμηνευόμενα,
719 1642 940 1719 ἔχουσιν
991 1644 1186 1702 ἔσωθεν
1217 1649 1284 1702 τά
1313 1648 1606 1723 ἀγάλματα
1636 1652 1721 1704 καὶ
1776 1649 1902 1712 τοὺς

245 1734 421 1794 θείους
450 1732 661 1796 τύπους
692 1738 793 1800 τῆς
821 1735 944 1807 περὶ
978 1740 1112 1791 Θεοῦ
1144 1734 1325 1809 δόξης.

318 1913 512 1987 Μέγας
553 1915 645 1969 οῦν
704 1916 731 1968 6
782 1916 909 1977 Θεὸς
966 1915 1017 1969 έν
1071 1922 1189 1979 τοῖς
1246 1918 1464 1994 Λογίοις
1498 1920 1762 1992 ὑμνεῖται.
1823 1919 1975 2019 ΟὖΒ

244 2004 380 2077 πρὸς
454 2004 870 2079 ἀντιπαράθεσιν
949 2006 976 2059 6
1054 2006 1181 2068 Θεὸς
1261 2006 1421 2082 μέγας
1497 2007 1656 2085 φησὶν
1714 2008 1896 2081 ἑτέρου

243 2092 425 2166 ὥσπερ
480 2093 608 2167 βοῦς
660 2092 856 2165 μείζων
908 2089 1226 2169 προϐάτου,
1282 2099 1316 2165 ἠ
1375 2097 1583 2170 κύαμος
1633 2096 1892 2173 κέγχρου·

242 2179 388 2235 ἀλλά
421 2178 515 2236 διά
540 2182 603 2235 τὸ
634 2181 967 2257 ἀπαράθετον
1012 2184 1101 2237 xui
1147 2180 1317 2247 ὅντως
1358 2185 1742 2256 ἀκατάληπτον
1797 2195 1897 2256 τῆς

239 2270 384 2330 θείας
438 2269 887 2346 μεγαλειότητος·
947 2276 1109 2327 τοῦτο
1158 2274 1261 2349 γὰρ
1310 2274 1546 2347 έσήμανε
1602 2276 1663 2329 τὸ
1718 2273 1891 2349 ἰδίως,

236 2356 403 2431 ἤγουν
442 2357 694 2427 ἰδιότητα
726 2359 917 2416 sim-3v.

301 2452 327 2517 ξ
388 2450 459 2504 ΙΙ.
540 2450 725 2523 Μέγας
806 2450 899 2521 μὲν
969 2451 1059 2505 οὖν
1136 2452 1163 2505 ὁ
1222 2452 1354 2514 Θεὸς
1416 2452 1765 2525 ὀνομάζεται.
1825 2455 1889 2508 Εἰ

231 2537 317 2591 καὶ
376 2537 669 2610 ἑρμηνεύει
726 2542 835 2592 τῶν
897 2539 981 2594 ἐπὶ
1045 2545 1178 2594 Θεοῦ
1236 2544 1733 2617 κατηγορουμένων
1792 2544 1888 2606 τὰς

234 2624 636 2701 προσηγορίας,
715 2625 843 2682 ἀλλ’
920 2627 1122 2702 ἀνάγκη
1199 2635 1495 2703 Γραφικαῖς
1573 2632 1891 2706 μαρτυρίαις

232 2714 433 2776 ταύτας
485 2716 780 2790 τρανῶσαι.
828 2715 1007 2791 Μέγας
1058 2720 1151 2790 μέν
1186 2720 1275 2772 οὖν
1336 2718 1567 2793 εἶίρηται,
1628 2720 1750 2784 ἔνθα
1800 2724 1887 2796 γέ-

234 2823 506 2877 γραπται.
573 2804 761 2879 Μέγας
822 2806 849 2858 6
908 2806 1107 2880 Κύριος
1166 2809 1373 2879 ἡμῶν,
1432 2809 1523 2863 καὶ
1586 2809 1795 2886 μεγάλη
1853 2814 1886 2879 ἡ

234 2892 395 2966 ἱσχῦς
454 2891 647 2965 αὐτοῦ,
707 2892 797 2947 xui
847 2893 945 2949 ὅσα
991 2900 1214 2950 τοιαῦτα
1262 2896 1314 2951 ἐν
1352 2901 1421 2970 τῇ
1454 2903 1660 2974 Γραφῇ·
1710 2911 1772 2954 τὸ
1833 2897 1890 2954 δὲ

238 2982 365 3035 εἶναι
415 2980 509 3035 xui
572 2983 790 3053 μικρὸς,
844 2980 1107 3053 δηλοῦται
1168 2983 1218 3038 ἐν
1276 2989 1344 3059 τῇ
1396 2987 1555 3061 τρίτῃ
1586 2992 1692 3042 τῶν
1727 2991 1888 3045 Βασι-

240 3068 425 3137 λειῶν,
476 3067 604 3133 ἔνθα
653 3072 785 3147 φησὶ
830 3071 967 3146 πρὸς
1018 3071 1210 3128 Ἠλίαν
1256 3075 1346 3129 τὸν
1389 3078 1699 3153 προφήτην·
1748 3075 1887 3134 Ἰδοὺ

238 3160 389 3233 φωνή
440 3154 610 3231 αὔρας
664 3158 892 3229 λεπτῆς,
947 3162 1035 3215 καὶ
1098 3161 1206 3216 ἐκεῖ
1264 3163 1461 3238 Κύριος
1497 3184 1510 3198 ο
1566 3163 1734 3235 δηλοῖ
1784 3168 1885 3240 γὰρ

242 3248 309 3308 ὡς
370 3246 772 3322 περιεχόμενον
804 3248 961 3303 αὐτὸν
1018 3250 1122 3304 ὑπὸ
1151 3258 1249 3319 τῆς
1283 3250 1466 3327 αὔρας,
1521 3252 1551 3307 ὅ
1607 3254 1716 3308 ἐστι
1770 3254 1885 3328 [λε-

2030 670 2335 725 veritatem
2400 670 2746 737 traducens;
2798 668 2880 723 illi
2940 668 3095 723 enim
3155 668 3439 738 quasdam
3500 666 3680 721 veluti

2030 764 2255 813 statuas
2292 758 2601 825 faciebant,
2638 774 2823 828 neque
2857 774 3092 822 manus,
3128 773 3313 826 neque
3345 757 3520 826 pedes
3575 755 3677 809 ha-

2027 847 2256 917 bentes,
2292 864 2440 919 quas
2474 851 2713 903 Hermas
2764 846 3078 915 vocabant;
3140 844 3431 899 faciebant
3480 849 3676 899 autem

2026 954 2124 992 eas
2157 953 2373 991 vacuas
2424 938 2574 992 fores
2628 936 2933 1001 habentes,
2994 939 3270 1005 tanquam
3324 934 3475 989 202
3510 950 3675 988 arcas

2030 1026 2269 1081 turzitas
2302 1026 2359 1080 in
2394 1042 2582 1080 muro.
2619 1028 2776 1080 Intra
2801 1026 2961 1096 ipsas
2994 1024 3289 1095 ponebant
3320 1022 3492 1093 signa
3540 1023 3674 1077 deo-

2023 1132 2155 1169 rum
2190 1132 2339 1187 quos
2381 1116 2669 1179 colebant,
2716 1120 2877 1169 extra
2919 1129 3052 1167 vero
3103 1112 3485 1167 includebant
3535 1112 3673 1166 Her-

2024 1221 2171 1259 mas.
2229 1206 2431 1275 ltaque
2480 1204 2703 1259 Hermae
2753 1202 2896 1257 viles
2945 1203 3328 1273 apparebant,
3364 1201 3518 1255 intra
3565 1199 3670 1255 hos

2019 1310 2153 1349 vero
2187 1294 2399 1348 decora
2428 1294 2669 1349 deorum
2716 1309 2958 1347 suorum
3003 1290 3319 1345 habebant.
3354 1290 3446 1343 Sic
3490 1289 3672 1361 igitur

2019 1382 2112 1437 hic
2147 1382 2458 1454 intelliges,
2516 1382 2757 1437 nomina
2783 1398 2914 1452 quae
2959 1381 3017 1434 in
3050 1380 3352 1450 Scriptura
3400 1394 3568 1433 sacra
3598 1379 3669 1433 de

2017 1488 2085 1526 eo
2116 1472 2214 1542 qui
2247 1477 2354 1540 est,
2390 1476 2445 1527 et
2476 1472 2597 1527 solo
2630 1486 2761 1525 vero
2794 1470 2909 1525 Deo
2943 1469 3240 1534 dicuntur,
3275 1468 3515 1538 indigna
3537 1483 3667 1521 esse

2017 1576 2142 1632 quae
2176 1561 2245 1615 de
2274 1560 2387 1615 Deo
2420 1560 2719 1626 dicantur,
2751 1563 2814 1613 ut
2832 1574 3100 1629 parvum,
3123 1561 3180 1611 et
3204 1557 3429 1621 sedere,
3453 1559 3509 1609 et
3531 1572 3660 1626 quae

2014 1649 2310 1719 deinceps.
2344 1652 2484 1703 Cum
2532 1665 2664 1703 vero
2715 1647 2954 1702 nomina
3003 1645 3119 1701 ista
3166 1643 3554 1715 explicantur,
3610 1648 3667 1699 et

2013 1738 2187 1809 digne
2219 1738 2334 1793 Deo
2366 1741 2759 1809 exponuntur,
2792 1735 3093 1791 continent
3123 1734 3278 1788 intra
3321 1750 3383 1788 se
3407 1733 3574 1805 signa
3606 1738 3664 1788 et

2012 1827 2241 1882 divinas
2271 1827 2468 1898 gloriae
2492 1826 2591 1881 Dei
2624 1826 2862 1897 ﬁguras.

2083 1918 2307 1985 Magnus
2328 1916 2545 1989 quidem
2584 1917 2726 1969 Deus
2764 1916 2823 1967 in
2847 1913 3146 1984 Scripturis
3169 1912 3449 1966 laudatur.
3479 1910 3655 1979 Deus,

2006 2006 2221 2077 inquit,
2254 2024 2368 2061 non
2419 2006 2638 2060 dicitur
2669 2020 2923 2076 magnus
2953 2019 3022 2057 ex
3051 2001 3484 2072 comparatione
3516 2016 3650 2054 cum

2006 2096 2208 2166 altero,
2240 2097 2388 2151 sicut
2418 2097 2522 2150 bos
2554 2096 2740 2165 major
2770 2111 2891 2164 ove,
2951 2097 3054 2148 aut
3111 2092 3244 2147 faba
3298 2090 3498 2155 milio;
3552 2090 3652 2143 sed

2005 2185 2144 2255 quia
2170 2186 2369 2240 divina
2420 2184 2763 2256 magnitudo
2815 2199 2919 2239 nec
2950 2182 3197 2237 conferri
3248 2197 3380 2235 cum
3430 2178 3646 2247 aliquo,

2004 2291 2109 2329 nec
2140 2291 2270 2329 vere
2301 2272 2717 2345 comprehendi
2748 2276 2959 2343 potest,
2992 2270 3102 2327 hoc
3148 2270 3305 2325 enim
3355 2268 3651 2341 signiﬁcat

1999 2362 2061 2416 τὸ
2097 2360 2251 2424 ίδίως
2283 2380 2383 2418 seu
2421 2364 2832 2434 proprietatem
2866 2361 3136 2415 dicendo.

2072 2455 2098 2520 §
2130 2452 2196 2506 Il.
2230 2454 2303 2507 Ac
2332 2468 2564 2522 magnus
2593 2451 2815 2521 quidem
2845 2451 2982 2504 Deus
3019 2446 3355 2519 appellatur.
3391 2444 3526 2500 Etsi
3559 2444 3653 2498 in-

2001 2546 2356 2612 terpretetur
2385 2539 2810 2612 appellationes
2846 2554 3048 2593 eorum
3083 2554 3209 2607 quae
3234 2537 3304 2591 de
3324 2540 3437 2589 Deo
3459 2551 3651 2589 enun-

2001 2631 2247 2697 tiantur,
2281 2635 2475 2685 tamen
2507 2645 2744 2684 necesse
2784 2633 2871 2683 est
2918 2626 3274 2682 testimoniis
3332 2624 3651 2695 Scriptura;

2000 2721 2235 2775 easdem
2270 2718 2588 2774 declarare.
2622 2720 2846 2787 Magnus
2876 2716 3113 2787 quidem
3147 2715 3363 2769 dicitur
3394 2713 3491 2768 ubi
3515 2712 3650 2767 scri.

2000 2815 2164 2881 ptum
2190 2814 2279 2863 est
2311 2825 2324 2863 :
2356 2814 2587 2879 Magnus
2617 2808 2881 2862 Dominus
2908 2814 3111 2875 noster,
3144 2812 3196 2859 et
3234 2803 3426 2873 Magna
3477 2803 3653 2856 virtus

1998 2900 2117 2970 ejus
2134 2899 2311 2970 (u),et
2335 2914 2580 2968 queque
2603 2896 2891 2952 similiain
2914 2894 3249 2965 Scriptura:
3273 2893 3426 2963 quod
3458 2899 3651 2946 autem

1998 2988 2173 3043 etiam
2206 3004 2407 3058 parvus
2440 2987 2519 3041 sit
2550 2985 2883 3041 declaratur
2909 2985 2966 3038 in
3007 2984 3176 3038 tertio
3217 2983 3443 3053 Regum
3474 2980 3648 3051 (v-m),

1998 3078 2097 3131 ubi
2132 3077 2268 3131 dicit
2294 3076 2588 3148 prophetae
2613 3074 2747 3129 Elim
2772 3090 2787 3129 :
2812 3076 2948 3129 Ecce
3000 3089 3108 3129 vox
3157 3088 3315 3127 aurae
3359 3072 3562 3139 tenuis,
3597 3077 3652 3124 et

1996 3167 2119 3222 illic
2150 3166 2431 3221 Dominus.
2474 3164 2736 3220 Declarat
2764 3162 2919 3218 enim
2954 3162 3148 3233 ipsum
3179 3162 3336 3216 velut
3380 3175 3648 3231 compre-

2000 3257 2246 3311 hensum
2283 3256 2352 3310 ab
2382 3271 2545 3321 aura,
2571 3254 2723 3324 quod
2752 3257 2842 3307 est
2865 3250 3190 3322 [tenuitatis
3211 3253 3290 3319 et]
3320 3250 3645 3319 parvitatis.

236 3337 510 3404 πτότητος
540 3336 652 3409 xui]
684 3340 1078 3413 σμικρότητος·
1111 3341 1172 3394 τὸ
1212 3338 1267 3394 δὲ
1298 3341 1476 3409 αὐτὸς,
1510 3338 1656 3418 ἔχεις
1703 3343 1884 3399 ἐνταῦ-

2010 3347 2160 3410 Quod
2195 3360 2327 3398 vero
2360 3358 2573 3414 semper
2592 3322 2750 3396 idem
2795 3340 2891 3407 sit,
2944 3339 3124 3393 habes
3170 3338 3279 3393 hoc
3330 3338 3454 3392 loco
3492 3355 3503 3391 :
3539 3343 3648 3407 Ego

240 3436 317 3497 θα,
348 3425 441 3479 καὶ
475 3424 529 3480 έν
583 3431 685 3497 τῷ,
746 3429 889 3501 Ἐγώ
922 3427 1057 3501 εἶμι,
1114 3430 1202 3483 xui
1257 3431 1355 3484 οὐκ
1411 3431 1750 3505 ἠλλοίωμαι.
1811 3436 1886 3490 Τὸ

240 3511 291 3568 δὶ
345 3512 533 3569 ἕτερον
612 3514 698 3569 ὅτ’
757 3515 827 3570 τ’
895 3519 932 3574 ’l
1004 3539 1039 3558 ε·
1100 3519 1112 3537 ⁸
1206 3514 1230 3535 ”
1412 3522 1424 3540 “
1506 3520 1529 3539 ”

438 3567 447 3589 ι
544 3559 557 3584 ,
679 3548 701 3569 ε
790 3539 835 3588 ῳ
942 3518 1159 3586 εζυιιηλ
1193 3522 1348 3594 ωφθη
1396 3543 1470 3584 ως
1501 3534 1780 3598 ανθρωπος
1830 3523 1885 3578 ἐν

237 3604 399 3674 πυρὸς
448 3604 543 3657 καὶ
592 3602 890 3677 ἠλέκτρου,
919 3608 1005 3660 καὶ
1043 3607 1284 3680 ἑτέρωθι·
1319 3610 1383 3665 Oi
1418 3611 1693 3687 ὀφθαλμοὶ
1724 3612 1886 3667 αὐτοῦ

240 3693 307 3755 ὠς
334 3690 648 3764 λαμπάδες,
698 3694 787 3747 xui
840 3694 906 3749 τὰ
964 3695 1152 3750 λοιπά·
1212 3698 1285 3760 ὡς
1341 3696 1481 3760 εἶδος
1530 3701 1745 3774 χαλκοῦ
1797 3702 1885 3756 καὶ

238 3776 523 3849 κλιϐάνου,
558 3781 689 3856 ὅπερ
746 3785 911 3856 φησὶν
946 3786 1200 3856 Ἰωάννης
1234 3786 1285 3841 έν
1346 3790 1736 3863 Ἀποκαλύψει·
1797 3792 1886 3846 καὶ

240 3867 452 3941 ὅμοιος,
517 3868 606 3925 ὅτε
660 3873 778 3924 καθ’
810 3873 1112 3945 ὁμοιότητα
1142 3874 1306 3930 αὐτοῦ
1356 3876 1498 3952 λέγει
1532 3876 1884 3956 δημιουργεῖν

239 3959 324 4012 τὸν
360 3957 673 4035 ἄνθρωπον.
721 3961 1008 4034 Ἀνὸμοιος
1070 3960 1147 4029 δὲ,
1182 3964 1232 4019 έν
1292 3965 1504 4037 Ἠσαίᾳ,
1565 3968 1689 4022 ὅταν
1727 3968 1883 4044 λέγῃ·

242 4047 355 4102 Τίνι
392 4068 459 4119 με
518 4047 867 4119 ὡμοιώσατε,
920 4050 1064 4126 λέγει
1124 4054 1343 4128 Κύριος,
1404 4058 1495 4110 ἁτε
1535 4054 1689 4111 οὐδὲν
1739 4056 1882 4133 ἔχων

242 4133 451 4207 ὅμοιον.
490 4137 595 4192 Καὶ
642 4136 811 4200 ἑστὼς
858 4139 947 4193 xui
984 4140 1236 4211 ἀκίνητος
1266 4142 1317 4196 ἐν
1347 4148 1428 4215 τῷ
1457 4143 1630 4221 λέγειν
1664 4148 1888 4202 Μωϋσεῖ

243 4224 357 4299 περὶ
406 4231 512 4293 τῆς
574 4224 809 4300 πέτρας,
887 4226 1012 4283 Ὧδε
1080 4228 1185 4302 ἐγὼ
1252 4225 1451 4302 ἕστηκα
1523 4234 1629 4308 πρὸ
1684 4240 1780 4289 τοῦ
1829 4258 1885 4291 σε

244 4313 366 4366 εἶναι
428 4312 565 4379 ἐκεῖ,
623 4314 713 4368 καὶ
778 4316 845 4370 τὰ
917 4315 1101 4388 ὅμοια.
1179 4321 1500 4393 Καθήμενος
1563 4320 1618 4377 δὲ
1673 4323 1799 4378 ἔνθα
1857 4327 1883 4378 6

244 4401 456 4476 Βαρούχ
516 4422 689 4476 φησι·
750 4402 824 4457 Σὺ
882 4407 1190 4478 καθήμενος
1248 4409 1322 4469 εἷς
1381 4410 1471 4464 τὸν
1533 4411 1738 4480 αἰῶνα,
1794 4415 1883 4468 xui

243 4490 398 4560 ἡμεῖς
460 4489 840 4564 ἀπολλύμενοι
893 4493 969 4555 εἷς
1021 4496 1113 4549 τὸν
1161 4497 1362 4552 αἶ’ῶνα·
1420 4501 1507 4554 xui
1578 4501 1767 4558 πάλιν.
1826 4504 1885 4560 Ὀ

243 4580 547 4650 καθήμενος
636 4579 723 4635 ἐπὶ
778 4586 884 4636 τῶν
948 4580 1238 4658 χερουϐίμ.
1300 4588 1630 4661 Κινούμενος
1674 4589 1750 4659 δὲ,
1812 4593 1885 4654 ὡς

1996 3452 2121 3490 sum
2150 3443 2199 3489 et
2228 3450 2335 3488 non
2366 3431 2641 3501 mutor(y)
2666 3428 2820 3484 aliud
2844 3445 3002 3493 vero,
3022 3428 3257 3499 quando
3278 3425 3438 3481 visus
3463 3430 3553 3480 est
3575 3427 3645 3481 ab

1997 3522 2292 3580 Ezechiele
2326 3526 2608 3591 tanquam
2642 3519 2815 3573 homo
2846 3534 2912 3572 ex
2944 3516 3079 3587 igne
3108 3516 3321 3571 electro
3350 3516 3443 3585 (χι),
3477 3520 3535 3569 et
3567 3516 3643 3569 al-

1996 3613 2077 3667 ibi
2114 3629 2125 3665 :
2163 3612 2318 3667 Oculi
2347 3611 2462 3680 ejus
2496 3618 2761 3679 tanquam
2796 3606 3197 3677 lampadcsia),
3229 3610 3285 3659 et
3306 3605 3561 3676 reliqua;
3588 3612 3648 3658 ut

1995 3704 2199 3773 species
2229 3701 2362 3756 aris
2392 3703 2442 3753 et
2471 3698 2736 3768 fornacis,
2772 3697 2927 3768 quod
2955 3695 3036 3749 ait
3057 3696 3313 3750 Joannes
3340 3693 3397 3747 in
3420 3696 3641 3764 Apoca-

1995 3790 2144 3863 lypsi
2175 3790 2249 3861 (b)
2282 3794 2335 3844 et
2364 3789 2728 3855 similis,cum
2761 3786 2979 3841 dicitur
3010 3785 3337 3839 secundum
3371 3782 3644 3838 similitu-

1997 3880 2193 3935 dinem
2228 3896 2391 3933 suam
2426 3894 2653 3931 creasse
2680 3876 2974 3930 hominem
3000 3871 3304 3928 Dissimilis
3325 3877 3541 3939 autem,
3584 3873 3640 3925 in

1998 3970 2150 4024 Isaia
2178 3968 2271 4037 (c),
2304 3967 2539 4037 quando
2568 3965 2729 4029 dicit,
2767 3966 2867 4019 Cui
2895 3964 3265 4031 assimilastis,
3297 3960 3429 4015 dicit
3454 3962 3641 4014 Domi-

1997 4073 2121 4125 nus,
2161 4062 2442 4126 tanquam
2492 4054 2722 4108 nullum
2756 4053 2981 4106 habens
3032 4052 3243 4105 simile.
3279 4052 3344 4104 Et
3372 4058 3546 4115 stans,
3588 4054 3645 4103 et

1997 4145 2327 4211 immobilis,
2360 4159 2491 4198 cum
2528 4141 2707 4212 Moysi
2743 4141 2812 4194 de
2843 4144 3004 4210 petra
3037 4139 3177 4193 dicit
3211 4155 3224 4192 :
3258 4140 3355 4192 Hic
3379 4154 3472 4208 ego
3518 4138 3647 4193 steti

1997 4239 2294 4304 antequam
2324 4242 2382 4287 tu
2410 4247 2550 4287 esses
2582 4231 2724 4297 illic,
2748 4234 2803 4283 et
2829 4227 3081 4294 similia;
3128 4226 3315 4281 sedens
3347 4243 3499 4292 vero,
3543 4226 3642 4279 ubi

1997 4322 2224 4379 Baruch
2250 4322 2485 4389 dicit(d)
2520 4337 2531 4372 :
2567 4321 2638 4374 Tu
2667 4318 2815 4373 sedes
2848 4317 2909 4371 in
2937 4318 3219 4381 aeternum,
3254 4324 3303 4369 et
3348 4332 3449 4368 nos
3493 4315 3643 4384 peri-

2000 4413 2178 4467 bimus
2215 4411 2277 4465 in
2304 4426 2510 4470 aevum;
2537 4413 2593 4462 et
2622 4408 2834 4463 iterum
2863 4407 3011 4476 :Qui
3057 4405 3205 4460 sedet
3250 4420 3421 4474 super
3446 4404 3642 4458 cheru-

1996 4502 2106 4556 bim
2129 4502 2199 4571 (e)
2228 4501 2396 4555 Motus
2425 4514 2580 4567 vero,
2602 4502 2667 4552 ut
2696 4497 2930 4567 quando
2964 4496 3106 4549 dicit
3138 4512 3150 4549 :
3182 4496 3244 4549 Et
3274 4493 3517 4548 ascendit
3544 4509 3642 4547 su-

1994 4607 2094 4661 per
2124 4588 2431 4654 cherubim,
2464 4596 2516 4642 ει
2548 4587 2751 4642 volavit
2783 4586 2870 4655 (ί),
2904 4601 2970 4639 ac
3000 4586 3209 4639 iterum
3236 4601 3250 4639 :
3282 4585 3481 4647 Venite,
3520 4582 3643 4637 des-

248 4664 365 4721 ὅταν
399 4667 551 4743 λέγῃ·
619 4670 717 4724 Καὶ
772 4667 939 4742 ἐπέϐη
990 4671 1078 4727 ἐπὶ
1133 4672 1425 4749 χερουϐὶμ,
1476 4680 1563 4733 xui
1599 4679 1884 4750 ἐπετάσθη·

2010 4678 2288 4733 :endamus
2319 4682 2370 4731 et
2402 4674 2802 4745 confundamus
2834 4672 3055 4742 linguas
3086 4688 3273 4727 eorum
3294 4673 3394 4741 (y).
3429 4672 3528 4725 Et:
3551 4670 3643 4724 1η-

248 4757 329 4810 xui
416 4757 586 4811 πάλιν
622 4776 634 4789 ·
713 4763 872 4814 Δεῦτε
952 4757 1278 4825 καταϐάντες
1311 4809 1324 4833 ,
1403 4768 1718 4842 συγχέωμεν
1797 4772 1892 4832 τὰς

251 4845 500 4918 γλώσσας
561 4844 756 4901 αὐτῶν·
790 4848 900 4917 xui,
958 4850 1206 4906 Ἐκλινεν
1257 4854 1515 4929 οὐρανοὺς
1546 4857 1633 4911 καὶ
1664 4855 1887 4928 κατέϐη.

252 4935 360 5023 Κιιὶ⁸
380 4938 551 5023 ταῦτα
584 4936 678 5007 μὶν
708 4941 822 4991 νῦν·
857 4936 908 4992 ἐν
944 4936 1000 4993 δὲ
1026 4946 1145 5005 ταῖς
1168 4943 1303 4997 κατὰ
1364 4945 1526 5020 μέρος
1585 4945 1888 5023 ἐξηγήσεσι,

251 5022 311 5075 τά
343 5020 529 5078 δέοντα
561 5029 1037 5098 σαφηνισθήσεται.

312 5112 387 5167 Τὸ
460 5111 687 5188 μέγεθος
749 5118 912 5170 τοῦτο
978 5117 1067 5171 καὶ
1130 5116 1351 5195 ἄπειρόν
1430 5122 1589 5180 ἐστιν.
1666 5122 1889 5193 Ἐπειδὴ

249 5199 560 5255 παντέλειον
614 5203 781 5278 πέρας
834 5203 948 5278 ἔχει
999 5207 1026 5260 ὁ
1071 5207 1219 5278 Θεὸς,
1269 5211 1359 5263 καὶ
1412 5210 1754 5286 ὑπερτέλειος
1798 5212 1891 5278 ὢν,

249 5291 330 5341 καὶ
362 5289 724 5365 ὑπεράπειρός
756 5292 922 5367 ἐστιν,
956 5296 1029 5359 ὡς
1052 5298 1136 5367 τὸ,
1180 5298 1281 5353 Καὶ
1328 5306 1429 5367 τῆς
1481 5300 1758 5375 βασιλείας
1806 5302 1894 5357 αὖ·

249 5380 336 5463 τοῦ
391 5377 493 5432 οὐκ
539 5375 687 5434 ἔσται
740 5383 923 5453 πέρας·
977 5383 1123 5439 ἀλλά
1168 5385 1260 5440 xui
1313 5388 1443 5463 ὑπὲρ
1510 5391 1684 5446 πάντα
1750 5391 1891 5446 ἐστὶν

253 5461 493 5537 ἀριθμόν·
531 5466 578 5520 εἰ
605 5467 707 5543 γὰρ
732 5469 823 5524 καὶ
856 5468 1081 5546 λέγοιπο
1118 5474 1146 5528 ὁ
1168 5474 1297 5529 Θεὸς
1320 5461 1515 5539 αῖς-καὶ
1536 5475 1611 5551 ἓν,
1646 5477 1773 5535 ἀλλ’
1802 5481 1892 5536 οῦν

330 5628 408 5699 (u)
444 5630 602 5710 geel.
625 5647 813 5710 cxnvr,
841 5634 896 5691 5.
974 5636 1123 5708 (v-ae)
1150 5638 1288 5710 Cap.
1320 5655 1435 5710 xxx,
1468 5659 1523 5710 ν,
1556 5643 1644 5698 42.

264 5711 345 5783 1:,
373 5716 431 5769 ν,
457 5704 509 5756 2.
585 5704 671 5783 (o)_
688 5709 920 5783 Cap__xt_.,
950 5704 1006 5771 ν,
1036 5704 1183 5783 25⁷..-
1205 5704 1284 5780 (ἆ)
1313 5704 1448 5783 Cap.
1470 5704 1553 5779 ni,
1580 5731 1635 5780 v,
1655 5714 1707 5768 3.

274 5766 698 5843 Reg.’xxu,'1'0.
768 5766 844 5849 '(i)
877 5766 1015 5836 Luc.
1049 5794 1087 5851 ι,
1120 5780 1208 5835 33.

1723 5644 1798 5717 (y)
1833 5642 1965 5717 Mal.
1998 5659 2084 5717 in,
2118 5644 2170 5696 6.

1785 5716 1855 5786 (e)
1887 5713 2039 5772 Psal.
2062 5728 2255 5783 xcvm,
2281 5714 2333 5769 4.

2000 4767 2235 4823 clinavit
2263 4767 2419 4821 caelos
2450 4773 2499 4819 et
2527 4763 2803 4818 descendit
2830 4762 2937 4832 (li),
2970 4771 3019 4816 el
3051 4762 3170 4815 hinc
3187 4761 3425 4830 quidem
3446 4761 3639 4813 modo.

2001 4858 2064 4911 In
2096 4854 2553 4926 particularibus
2584 4858 2780 4907 autem
2814 4850 3321 4921 explicationibus,
3355 4848 3508 4918 quod
3543 4863 3643 4900 ne-

2001 4945 2319 5001 cessarium
2354 4943 2528 4998 fuerit
2557 4945 2895 5011 exponetur.

2076 5124 2228 5180 203
2262 5124 2579 5191 Magnitudo
2623 5122 2738 5177 haec
2767 5128 2822 5176 et
2870 5121 3093 5188 inﬁnita
3120 5126 3215 5172 est.
3267 5116 3649 5186 Quandoqui-

2003 5215 2135 5269 dem
2159 5214 2311 5268 Deus
2336 5214 2509 5267 {inem
2540 5212 2780 5267 omnino
2807 5208 3123 5281 perfectum
3158 5206 3389 5275 habeat,
3413 5222 3544 5261 cum
3576 5206 3654 5260 sit

2004 5319 2184 5373 supra
2218 5302 2632 5373 perfectionem
2668 5316 2769 5355 seu
2802 5300 2978 5352 finem
3026 5296 3203 5350 etiam
3238 5313 3419 5366 supra
3461 5295 3656 5349 inﬁni-

2008 5397 2192 5448 tatem
2222 5393 2353 5457 erit,
2378 5396 2442 5445 ut
2471 5391 2614 5445 illud
2644 5392 2742 5445 :El
2769 5386 2925 5459 regni
2965 5387 3079 5455 eius
3102 5402 3214 5441 non
3251 5384 3355 5440 erit
3384 5385 3513 5455 finis
3543 5386 3609 5455 (i)
3637 5402 3657 5437 :

2013 5481 2338 5553 quinetiam
2372 5496 2607 5535 omnem
2660 5492 2970 5533 numerum
3029 5480 3310 5547 superat:
3344 5475 3453 5529 etsi
3501 5475 3658 5529 enim

2250 5642 2323 5713 (κ)
2356 5641 2555 5696 Ezecb.
2589 5657 2627 5694 ι.
2659 5640 2749 5707 26,
2781 5639 2869 5692 27.
2949 5637 3183 5778 (agDan.
3206 5652 3262 5704 x,
3288 5637 3341 5691 6.
3420 5636 3488 5706 (bl
3521 5636 3655 5757 Cap.

2250 5714 2333 5778 ,l.
2410 5712 2478 5778 (Ι)
2514 5710 2799 5778 Psalxvn,
2831 5708 2918 5764 Η.
3020 5708 3242 5778 g)Gen.
3273 5709 3427 5778 x1,7.
3505 5705 3584 5775 (ἡ)
3637 5706 3655 5760 l

2410 5712 2478 5783 (f)
2514 5710 2637 5768 Psal
2661 5705 2799 5780 xvii,
2831 5708 2918 5764 Η.
2956 5705 2964 5709 ’
2999 5705 3242 5780 (g)Gen.
3273 5705 3433 5778 x1,7.'
3505 5705 3584 5775 (ἡ)
3610 5705 3665 5763 ll
