4080 6366
429 413 532 468 371
1254 413 1619 466 APPENDIX
1657 414 1752 464 AD
1791 412 2032 465 OPERA
2066 414 2126 464 8.
2168 412 2486 467 DIONYSII
2525 413 3027 468 AREOPAGITE.
3718 413 3807 469 372

429 538 586 594 Deus
616 537 846 592 dicatur
875 553 1034 591 unus
1080 540 1135 591 et
1182 553 1387 607 unum,
1452 539 1707 591 attamen
1765 538 1854 590 est
1901 551 2040 605 supr

2201 532 2326 609 ὅπερ
2357 534 2419 589 τὸ
2449 531 2503 589 ἓν
2536 532 2668 592 ἐστι.
2714 536 2926 610 Κυρίως
2975 534 3070 606 μὶν
3104 534 3205 607 γὰρ
3238 533 3299 586 τὸ
3329 528 3383 586 ἓν
3434 530 3613 607 σχέσιν
3668 532 3812 603 δηλοῖ

431 641 640 682 unum.
676 627 852 682 Unum
885 626 1039 681 enim
1082 625 1315 696 proprie
1346 625 1767 680 connexionem
1816 623 2042 679 declare

2197 624 2323 696 πρὸς
2371 623 2497 685 τοὺς
2561 624 2611 697 ἐξ
2662 622 2826 678 αὐτοῦ
2872 620 3121 684 πολλοὺς
3181 620 3472 697 ἀριθμοὺς,
3531 621 3615 675 καὶ
3669 625 3808 680 οἱονεὶ

434 731 568 769 cum
603 715 809 771 multis
840 716 1102 770 numeris
1134 716 1231 786 qui
1266 715 1339 769 ab
1387 716 1513 785 ipso
1546 718 1779 780 exeunt,
1814 718 1871 767 et
1900 713 2045 768 velut

2199 713 2335 789 ὶρχὴ
2381 712 2632 783 πλήθους
2690 712 2937 788 ἀριθμῶν
2989 712 3122 767 εἶναι
3176 709 3343 766 δοκεῖ’
3380 710 3558 783 ,ὅμως
3612 712 3810 782 ἠξίωσεν

430 802 787 874 principium
814 802 1211 859 multitudinis
1235 819 1617 858 numerorum
1641 818 1769 863 esse
1801 803 2033 857 videtur

2198 804 2215 856 5
2274 803 2403 863 Θεὸς
2442 802 2530 856 καὶ
2588 803 2650 856 τὸ
2708 800 2763 856 ἓν
2816 801 2875 857 ἐκ
2915 806 3022 856 τῶν
3061 801 3109 874 ἐξ
3142 801 3305 855 αὐτοῦ
3355 798 3618 870 δέξασθαι,
3649 801 3809 873 ἐπειδὴ

428 897 627 947 tamen
678 897 829 947 Deus
874 893 1149 964 dignatus
1182 898 1271 946 est
1302 894 1477 947 etiam
1511 909 1578 947 ex
1612 890 1730 946 illis
1761 909 1883 961 quae
1939 908 2039 963 pro

2203 891 2248 945 :6
2278 889 2332 945 ἓν
2364 891 2571 947 ἀπλοῦν
2598 891 2708 947 ἐστι
2738 893 2826 946 καὶ
2864 893 3057 966 ἀμερὲς
3104 897 3220 954 καθ’
3268 890 3447 961 ἑαυτὸ,
3493 890 3579 944 καὶ
3623 892 3814 947 ἀσύνθε-

428 982 595 1037 duxit
623 998 796 1036 unum
837 997 1069 1036 sumere
1100 998 1111 1036 :
1146 980 1425 1052 quoniam
1472 997 1666 1050 unum,
1696 984 1785 1035 est
1834 980 2039 1051 simple

2203 1003 2299 1051 :ov,
2333 979 2479 1037 ἀλλὰ
2520 982 2609 1035 xui
2662 981 2835 1045 οὕτως
2881 982 3245 1055 ὑπερήνωται,
3291 979 3409 1034 ἀντὶ
3456 978 3571 1049 τοῦ,
3620 981 3739 1057 ὑπὲρ
3762 983 3814 1037 τὸ

428 1076 485 1126 et
512 1071 883 1126 individuum
916 1070 975 1124 in
1010 1071 1225 1141 seipso,
1262 1075 1319 1124 et
1349 1070 1593 1124 minime
1645 1069 2039 1140 compositum

2207 1067 2239 1123 ἓν
2288 1070 2419 1125 ἐστι⁸
2468 1068 2552 1125 διὸ
2603 1068 2837 1146 εἷ’ρηται,
2887 1072 2989 1127 Καὶ
3043 1074 3143 1137 τῆς
3174 1071 3496 1131 συνέσιως⁷³
3538 1069 3693 1125 αὐτοῦ
3732 1072 3818 1126 οὐκ

431 1164 836 1215 verumtamen
892 1157 1069 1214 etiam
1129 1159 1213 1213 sic
1266 1158 1606 1232 ὑπερήνωται
1642 1175 1741 1214 seu
1780 1163 1869 1213 est
1900 1176 2042 1230 supr

1013 1175 1069 1213 m
1129 1159 1213 1213 sic
1266 1158 1606 1232 ὑπερήνωται
1642 1175 1741 1214 seu
1780 1163 1869 1213 est
1900 1175 2082 1230 supra
2188 1157 2331 1213 ἔστιν
2363 1158 2620 1235 ἀριθμός,

428 1265 608 1304 unum
641 1266 653 1303 :
688 1249 817 1304 ideo
848 1248 1085 1315 dicitur,
1138 1250 1210 1302 Et
1249 1247 1498 1304 scientias
1560 1248 1680 1319 ejus
1722 1264 1829 1303 non
1865 1255 1943 1303 est
1973 1264 2039 1301 nu

2258 1252 2285 1317 §
2345 1255 2438 1305 III.
2497 1248 2683 1311 Οὕτως
2740 1251 2830 1303 οὗν
2890 1249 2976 1304 ἐπὶ
3039 1253 3173 1305 Θεοῦ
3228 1251 3290 1305 τὸ
3351 1248 3602 1322 σμικρόν.
3659 1250 3820 1306 Πάντα

427 1337 750 1409 merus
2189 1338 2293 1411 γὰρ
2323 1338 2389 1392 τὰ
2415 1334 2564 1406 ὄντα,
2614 1340 2701 1393 καὶ
2757 1338 2823 1393 τὰ
2880 1336 3002 1393 λίαν
3064 1336 3294 1413 μεγάλα,
3346 1339 3534 1393 καὶτὰ
3577 1335 3701 1414 ἄγαν
3734 1362 3818 1412 μι-

501 1427 529 1501 ﬁ
562 1429 661 1483 III.
690 1428 780 1483 Sic
815 1428 985 1498 igitur
1011 1442 1250 1497 parvum
1280 1426 1341 1481 in
1384 1428 1504 1482 Deo.
1555 1427 1698 1481 Nam
1750 1443 1954 1482 omnes
1987 1442 2078 1482 res

2210 1427 2314 1501 ιρὰ,
2349 1428 2641 1502 μετέχουσι
2669 1435 2770 1497 τῆς
2799 1433 2898 1482 τοῦ
2951 1432 3150 1504 μικροῦ
3204 1428 3510 1499 μετουσίας
3557 1425 3701 1482 οὐδὲν
3730 1431 3821 1504 γὰρ

430 1520 486 1572 et
516 1517 679 1573 valde
711 1533 936 1589 magnai
968 1521 1025 1572 et
1066 1515 1233 1571 valde
1283 1533 1469 1587 parvae
1516 1515 1870 1588 participant
1917 1532 2041 1587 pari

2211 1519 2297 1569 τῶν
2345 1512 2509 1571 ὄντων
2572 1514 2786 1594 διέφυγε
2836 1516 2898 1571 τὸ
2957 1516 3187 1591 σμικρὸν
3230 1516 3280 1570 ἐν
3340 1522 3500 1571 πᾶσιν
3547 1516 3822 1594 ἀναφαινό-

433 1605 902 1662 communionem
939 1624 950 1659 :
987 1604 1146 1660 nulla
1174 1605 1332 1660 enim
1365 1621 1456 1660 res
1487 1604 1693 1676 effugit
1724 1620 1968 1675 parvum
2018 1603 2035 1657 i

2213 1625 2373 1659 LEVOV'
2410 1605 2443 1674 ἢ
2478 1603 2563 1660 ὅτι
2594 1605 2652 1660 ἐκ
2684 1610 2881 1679 μικροῦ
2912 1607 3047 1679 πρὸς
3105 1606 3166 1660 τὸ
3229 1611 3417 1679 μεῖζον
3449 1608 3663 1681 πρόεισι
3690 1607 3753 1661 τὰ
3778 1606 3824 1660 ἐν

433 1695 730 1765 omnibus,
764 1699 865 1750 aut
896 1695 1037 1766 quia
1068 1711 1135 1749 ex
1165 1711 1343 1765 parvo
1373 1694 1443 1748 ad
1479 1695 1672 1764 majus
1715 1693 2044 1765 progreditu

2215 1692 2428 1764 ιύξήσει,
2462 1694 2624 1749 τοῦτό
2657 1716 2819 1768 φησιν
2849 1696 2877 1748 6
2910 1697 3119 1771 Πατήρ·
3148 1696 3181 1763 ἢ
3211 1690 3293 1749 ὅτι
3329 1693 3380 1749 ἐν
3414 1699 3495 1766 τῷ
3531 1695 3726 1767 μείζονι
3771 1696 3826 1749 τὸ

434 1785 590 1855 quod
610 1790 877 1855 augetur,
914 1784 1030 1838 haec
1061 1783 1201 1837 dicit
1228 1787 1416 1853 Pater,
1452 1787 1556 1837 aut
1587 1783 1725 1853 quia
1756 1800 2001 1854 parvum
2027 1782 2040 1836 i

2213 1784 2389 1857 ιικρὸν
2421 1782 2757 1859 ἐνθεωρεῖται
2813 1784 2903 1839 καὶ
2964 1784 3066 1838 οὐκ
3105 1782 3159 1839 ἓν
3206 1788 3286 1856 τῷ
3342 1787 3525 1859 μικρῷ
3562 1786 3623 1839 τὸ
3657 1789 3824 1857 μεῖζον

435 1874 643 1945 majori
675 1873 1102 1939 consideratur,
1147 1876 1205 1927 et
1245 1889 1359 1928 non
1411 1873 1603 1942 majus
1633 1871 1692 1926 in
1727 1889 1922 1943 parvo,
1948 1887 2046 1943 que

1346 1890 1359 1927 ι
1411 1873 1603 1942 majus
1633 1871 1692 1926 in
1727 1889 1922 1943 parvo,
1948 1887 2086 1943 qua-
2114 1915 2163 1980 B
2192 1872 2308 1927 κατ’
2335 1873 2468 1927 αὐτὸ
2497 1873 2559 1927 τὸ
2590 1878 2774 1945 μεῖζον
2805 1872 2957 1930 εἶναι.

430 1967 605 2019 tenus
637 1963 833 2032 majus
864 1966 975 2017 est.

2272 2059 2310 2105 Κ
2353 2052 2368 2070 ‘
2419 2048 2447 2105 δ
2606 2051 2619 2072 ’
3217 2050 3230 2071 ¹
3492 2054 3521 2065 ⁸
3651 2056 3678 2066 ⁸
3805 2055 3828 2066 ’⁸

2316 2073 2369 2106 αι
2456 2072 2812 2124 ιικνουμενον.
2869 2052 2946 2108 Τὸ
3008 2052 3393 2126 ὑπεροξυτερον
3449 2073 3551 2121 της
3583 2073 3681 2106 του
3710 2058 3832 2106 Θεου

507 2142 571 2195 Et
599 2142 937 2211 pertingens.
974 2139 1121 2194 Hinc
1153 2140 1605 2195 demonstratur
1632 2139 1909 2195 velocitas
1959 2156 2090 2211 pro-

2221 2142 2287 2196 Lui
2347 2142 2434 2196 ἐπὶ
2490 2141 2556 2195 τὰ
2604 2141 2867 2213 ἀσώματα
2912 2143 3213 2217 χωρήσεως
3260 2141 3495 2196 ἐντεῦθεν
3560 2138 3832 2212 δηλοῦται·

437 2246 675 2302 gressus
704 2229 804 2285 Dei
837 2230 907 2285 ad
962 2230 1324 2301 incorporea.
1374 2230 1519 2284 Nam
1570 2228 1715 2283 illud
1767 2228 2048 2300 pertinger

2234 2232 2260 2285 6
2303 2231 2404 2306 γὰρ
2452 2228 2769 2285 διικνεῖσθαι
2816 2228 2947 2305 ἄχρι
3003 2235 3271 2304 μερισμοῦ
3318 2234 3506 2307 ψυχῆς
3554 2230 3646 2285 xui
3692 2229 3839 2285 πνεύ-

444 2323 507 2374 ut
562 2320 634 2374 ad
694 2319 1036 2374 divisionem
1100 2319 1306 2374 animas
1357 2325 1412 2374 et
1462 2318 1740 2389 spiritus;
1793 2334 1884 2372 res
1936 2319 2055 2373 enir

2231 2339 2372 2379 ιατος
2428 2318 2569 2373 οὕτω
2599 2320 2701 2394 γὰρ
2734 2314 2879 2393 ἔχειν
2913 2316 3081 2373 δοκεῖ·
3115 2323 3274 2374 τοῦτο
3307 2318 3619 2397 ἀποφαίνει,
3654 2320 3733 2373 δτι
3761 2317 3842 2372 xui

446 2408 527 2462 ita
558 2423 619 2462 se
652 2406 849 2475 habet;
883 2407 991 2462 hoc
1025 2407 1284 2462 declarat
1307 2409 1461 2479 quod
1487 2408 1663 2462 etiam
1689 2407 1882 2478 ipsum
1911 2407 2057 2461 inco:

2238 2407 2331 2462 ὐτὸ
2355 2408 2417 2461 τὸ
2447 2408 2735 2481 ἀσώματον
2778 2415 2879 2477 τῆς
2929 2410 3112 2483 ψυχῆς
3159 2405 3390 2470 ἐνοειδὶς
3441 2408 3549 2463 ὑπὸ
3601 2405 3698 2462 τοῦ
3726 2410 3846 2462 Θεοῦ

448 2513 691 2569 poreum
724 2496 1015 2551 uniforme
1047 2498 1255 2551 animas
1291 2514 1324 2551 a
1353 2498 1463 2552 Deo
1495 2496 1674 2551 dividi
1719 2496 1926 2568 possit.
1960 2495 2056 2551 Ide

2240 2499 2521 2570 ιαιρεῖσθαι
2555 2495 2794 2554 δύναται.
2847 2499 2940 2551 Διὸ
2988 2496 3079 2551 καὶ
3109 2497 3205 2559 τὰς
3238 2497 3447 2559 ἐννοίας
3481 2498 3511 2552 6
3545 2497 3680 2559 Θεὸς
3723 2500 3847 2562 νοεῖ,

445 2586 599 2641 Deus
631 2586 1009 2657 cogitationes
1047 2586 1200 2656 quod
1242 2584 1517 2656 intelligit
1556 2602 1704 2655 quas
1738 2601 1903 2639 mens
1934 2590 2056 2639 mot

2240 2605 2262 2645 ς
2294 2585 2320 2638 6
2363 2589 2489 2646 νοῦς
2528 2585 2849 2658 κινούμενος
2891 2586 2981 2639 xui
3024 2584 3256 2660 ἆνεργῶν
3285 2590 3423 2657 νοεῖ,
3451 2585 3677 2655 καὶτῆς
3728 2605 3849 2639 τοσ-

442 2679 499 2730 et
528 2691 777 2747 operans
809 2677 1046 2745 cogitat,
1081 2691 1206 2746 quae
1265 2678 1463 2729 tamen
1523 2673 1775 2729 maxime
1826 2674 2053 2744 incorpc

2240 2672 2369 2744 ύτης
2426 2674 2741 2747 ἁσωματίας
2797 2674 2886 2729 καὶ
2927 2672 3291 2751 ἀδιαιρεσίας⁶
3363 2674 3439 2745 (τί
3500 2676 3605 2751 γὰρ
3669 2672 3851 2748 μεταξὺ

440 2781 548 2819 reas
581 2768 637 2819 et
666 2764 1006 2831 individua;
1040 2762 1204 2833 (quid
1236 2763 1395 2817 enim
1427 2762 1581 2817 inter
1627 2761 1993 2817 intellectum
2038 2778 2051 2816 ε

2239 2767 2296 2817 οῦ
2359 2762 2449 2818 καὶ
2515 2766 2754 2834 νοήσεως
2782 2766 2818 2837 ;)
2894 2764 2921 2818 6
2978 2765 3111 2826 Θεὸς
3169 2765 3329 2837 μέσος
3385 2770 3590 2840 χωρεῖ,
3643 2765 3718 2826 ὡς
3770 2763 3850 2817 xui

438 2851 960 2921 intellectionem?)
999 2852 1145 2905 Deus
1178 2850 1408 2905 medius
1442 2854 1724 2921 penetrat,
1758 2850 1910 2906 sicut
1943 2851 2049 2905 dici

2241 2850 2412 2926 ἷρηται
2447 2873 2459 2887 ο
2532 2853 2607 2907 Σὺ
2662 2855 2892 2927 συνῆκας
2950 2852 3077 2917 τοὺς
3131 2850 3533 2931 διαλογισμούς
3598 2875 3703 2927 μου
3755 2853 3852 2907 ἀπὸ

434 2944 532 2995 tur
558 2957 571 2993 :
595 2941 668 2994 Tu
693 2940 1030 2995 intellexisti
1048 2940 1413 3010 cogitationes
1445 2956 1593 2995 meas
1607 2941 1679 2995 de
1696 2941 1853 3007 longe
1869 2941 1931 3011 (ι)
1948 2957 1968 3001 ,·
1992 2956 2045 2995 se

2241 2943 2495 3017 .ακρόθεν’
2574 2941 2718 2997 ἀλλὰ
2787 2942 2875 2997 καὶ
2957 2943 3149 3015 μεταξὺ
3211 2950 3311 3012 τῆς
3370 2946 3563 3019 ψυχῆς
3619 2944 3709 2997 καὶ
3763 2945 3852 2995 τοῦ

442 3030 620 3084 etiam
643 3028 796 3083 inter
816 3029 1070 3083 animam
1094 3033 1151 3083 et
1172 3028 1531 3099 spiritum,id
1556 3034 1643 3085 est
1660 3029 1718 3083 in
1744 3046 1857 3100 quo
1884 3045 2053 3084 sensu

2245 3031 2531 3103 νεύματος,
2581 3032 2852 3086 τουτέστιν
2901 3031 2952 3085 ἐν
3001 3032 3168 3103 ᾧτὰς
3228 3031 3509 3101 αἰσθήσεις
3574 3031 3856 3106 ἑπεστηρι-

443 3117 733 3173 stabilitas
760 3118 1068 3187 habemus,
1120 3135 1222 3189 per
1271 3119 1425 3190 quod
1465 3117 1641 3173 etiam
1676 3118 1870 3173 anima
1916 3135 2050 3173 sens

2241 3121 2398 3191 μὲνας
2444 3115 2644 3194 ἔχομεν
2673 3163 2686 3189 ,
2738 3118 2809 3174 δι’
2858 3117 2919 3174 οῦ
2966 3120 3055 3173 καὶ
3103 3125 3220 3181 τοῖς
3270 3120 3563 3190 αἰσθητοῖς
3620 3123 3655 3189 ἡ
3707 3120 3852 3193 ψυχή

443 3207 601 3262 libus
649 3207 922 3274 intendit,
976 3212 1032 3262 et
1077 3207 1194 3262 vim
1251 3207 1611 3278 intelligendi
1662 3207 2054 3278 speculatione

2246 3204 2563 3283 ροσϐάλλει,
2612 3210 2701 3263 καὶ
2728 3209 2788 3263 τὸ
2820 3206 3162 3279 διανοητικὸν
3193 3213 3299 3264 τῶν
3360 3210 3608 3283 σκέψεων
3638 3206 3856 3283 ἔχομεν,

441 3296 750 3362 habemus,
782 3296 934 3351 Deus
984 3296 1112 3352 sine
1159 3296 1584 3367 impedimento
1633 3297 1865 3351 transit.
1925 3296 2052 3351 Hun

2246 3296 2498 3359 ιιωλύτως
2549 3303 2727 3373 χωρεῖ
2768 3299 2796 3351 6
2846 3297 2997 3358 Θεός.
3048 3302 3216 3351 Τοῦτο
3269 3295 3411 3352 δὲτὸ
3444 3303 3671 3371 πνεῦμα
3700 3295 3857 3351 δύνα-

434 3401 567 3441 vero
604 3384 880 3457 spiritum
913 3385 1211 3457 sapientes
1241 3388 1573 3440 Graecorum
1603 3390 1811 3440 vocant
1843 3385 2045 3441 faculis

2250 3407 2292 3439 ιν
2340 3387 2429 3439 καὶ
2480 3387 2645 3441 οἱονεὶ
2692 3385 2941 3461 δευτέραν
2987 3389 3170 3461 ψυχὴν
3214 3386 3544 3457 αἰσθητικὴν
3607 3390 3713 3455 τῆς
3761 3390 3861 3459 ψυ-

434 3476 652 3545 ιθω,ὀι
675 3474 851 3528 veluti
875 3474 1194 3528 secundam
1216 3473 1470 3529 animam
1488 3474 1830 3530 sensitivnm
1855 3474 2045 3529 anima

2247 3478 2304 3539 ἧς
2370 3476 2419 3529 oi
2479 3477 2604 3550 παρ’
2655 3473 2896 3546 Ἕλλησι
2952 3477 3110 3553 σοφοὶ
3144 3473 3425 3530 καλοῦσιν·
3462 3479 3501 3545 ἡ
3542 3475 3637 3531 οῦν
3674 3476 3858 3544 αἰσθη-

435 3580 572 3635 ergo
595 3562 792 3617 anima
823 3562 944 3616 hac
975 3562 1255 3617 sensitiva
1303 3567 1565 3631 penetrat
1613 3579 1800 3633 usque
1848 3564 1919 3618 ad
1964 3580 2046 3618 me

2250 3564 2317 3632 κή
2352 3562 2485 3633 αὕτη
2518 3566 2669 3639 ψυχή
2708 3562 2847 3618 ἐστιν
2872 3568 2906 3633 ἡ
2946 3563 3111 3640 μέχρι
3167 3562 3407 3635 μυελῶν,
3461 3566 3559 3621 καὶ
3616 3558 3859 3639 φλεϐῶν,

439 3651 633 3707 dullas
663 3656 720 3707 et
746 3666 949 3719 venas,
981 3655 1036 3705 et
1068 3650 1336 3717 arterias,
1365 3655 1423 3705 et
1467 3667 1622 3717 ossa,
1656 3657 1712 3706 et
1737 3656 1927 3707 totum
1959 3668 2050 3707 cor

2250 3653 2281 3706 ιῖ
2332 3654 2629 3728 ἀρτηριῶν,
2689 3652 2779 3708 καὶ
2828 3652 3050 3722 ὀστέων,
3103 3654 3193 3708 καὶ
3242 3652 3377 3709 ὅλου
3434 3659 3544 3709 τοῦ
3608 3656 3861 3727 σώματος

438 3757 575 3812 pus.

2195 3738 2477 3813 διήκουσα.

505 3919 657 3988 §1V.
707 3918 853 3986 Quod
897 3934 1008 3973 non
1061 3922 1234 3989 potest
1279 3920 1480 3987 minui,
1552 3919 1891 3986 ingenitum.
1937 3918 2084 3974 Nota

2263 3915 2289 3981 §
2347 3913 2436 3969 IV.
2511 3910 2830 3984 Ἀμείωτον,
2908 3913 3219 3988 ἀγέννητον.
3289 3914 3627 3985 Σημείωσαι
3692 3933 3859 3969 ποσα-

428 4013 574 4081 quot
602 4008 792 4064 modis
824 4012 1096 4063 sumatur
1130 4007 1480 4079 significatio
1511 4006 1775 4075 ἕης]θηίιὺ
1798 4010 1899 4062 aut
1924 4024 2039 4078 quo

2251 4005 2311 4062 ῖυς
2359 3995 2692 4073 λαμϐάνεται
2748 4005 2846 4056 τοῦ
2904 4002 3200 4077 ἀγεννήτου
3258 4005 3292 4072 ἡ
3356 4006 3641 4075 σημασίω
3709 4004 3745 4072 ἢ
3802 4002 3862 4056 τὸ

430 4099 683 4153 necdum
714 4096 998 4168 genitum,
1033 4097 1133 4152 sed
1170 4095 1551 4167 gignendum,
1606 4100 1671 4150 ut
1716 4096 1857 4151 Sara
1914 4096 2041 4152 diXil

2253 4092 2362 4159 ςττω
2392 4090 2705 4163 γενόμενον,
2727 4090 3117 4164 γεννησόμενον
3153 4089 3311 4160 δὲ⁷³”,
3344 4091 3419 4154 ὡς
3457 4094 3495 4161 ἡ
3525 4092 3723 4169 Σάρῥα
3754 4093 3864 4147 εἶπε

426 4191 721 4258 Nunquam
748 4185 891 4240 mihi
919 4184 1139 4253 accidit,
1189 4185 1277 4241 vel
1328 4190 1391 4240 ut
1440 4186 1595 4241 204
1642 4183 2037 4255 imperfectum

2255 4223 2269 4249 ,
2302 4176 2469 4236 Οὕπω
2531 4180 2625 4251 μὲν
2676 4179 2800 4255 ἐμοὶ
2851 4178 3083 4255 γέγονεν’
3135 4181 3169 4247 ἣ
3220 4182 3294 4243 ὡς
3350 4178 3727 4251 ἀτελείωτον,
3793 4183 3863 4241 ὡς

426 4276 582 4332 sicut
604 4274 782 4331 turris
814 4274 872 4329 in
904 4273 1198 4329 Ghalane:
1231 4273 1321 4329 vel
1346 4279 1409 4328 ut
1427 4273 1498 4328 ab
1524 4272 1741 4343 aliquo,
1778 4277 1841 4327 ut
1866 4272 2037 4328 Paulu

2260 4267 2310 4321 ἐν
2362 4267 2579 4342 Χαλάνῃ
2632 4268 2853 4343 πύργος’
2918 4270 2951 4336 ἢ
3011 4268 3114 4323 ὑπό
3170 4290 3289 4337 του,
3346 4270 3423 4331 ὡς
3485 4272 3580 4339 τὸ,
3644 4268 3867 4330 Παῦλος

423 4365 749 4436 apostolus,
770 4380 882 4418 non
910 4378 979 4417 ex
1001 4362 1385 4417 hominibus:
1413 4361 1501 4415 vel
1527 4366 1731 4417 contra
1756 4367 1819 4417 ut
1844 4362 2034 4417 Justus

2256 4356 2494 4419 τόστολος
2525 4358 2623 4412 οὐκ
2670 4356 2721 4427 ἐξ
2752 4358 3076 4431 ἀνθρώπων
3109 4360 3143 4427 ἢ
3171 4355 3316 4431 τόδε,
3369 4358 3447 4421 ὡς
3504 4360 3762 4421 Ἰοῦστος
3794 4360 3867 4419 εἷς

422 4470 577 4507 unus
608 4469 639 4507 e
669 4451 1004 4516 duodecim,
1036 4454 1139 4505 aut
1188 4451 1341 4521 quod
1376 4450 1538 4506 nullo
1572 4452 1744 4506 modo
1777 4455 1888 4519 est,
1925 4451 2033 4506 siet

2255 4470 2290 4501 »ν
2322 4443 2550 4501 δώδεκα·
2586 4449 2619 4515 ἦ
2663 4444 2893 4519 μηδαμῆ
2926 4443 3198 4519 μηδαμῶς
3258 4446 3339 4514 ὃν,
3400 4447 3483 4511 ὡς
3542 4446 3652 4503 ὅσα
3709 4468 3866 4522 τερα-

419 4540 687 4614 prodigia
731 4556 765 4595 a
810 4540 1024 4595 Graecis
1073 4540 1248 4608 dicta,
1298 4538 1485 4611 Scylla
1535 4544 1592 4594 et
1646 4539 1957 4606 Chimaera,
2009 4558 2030 4595 ε

2259 4533 2745 4605 ΞονταιἝλληνες,
2799 4532 3075 4605 Σκύλλαν,
3125 4536 3211 4589 καὶ
3274 4533 3589 4611 Χίμαιραν,
3650 4536 3746 4592 καὶ
3804 4536 3870 4591 τὰ

422 4630 661 4694 similia,
694 4628 1022 4699 ingenitum
1053 4632 1143 4683 est
1176 4628 1235 4683 in
1263 4628 1399 4683 Deo.
1435 4628 1498 4683 In
1553 4628 1709 4684 idem
1760 4646 1893 4685 cum
1927 4630 2033 4685 dix:

2262 4645 2367 4681 οια.
2428 4622 2636 4685 Ἰδικῶς
2686 4622 2777 4678 οῦν
2834 4623 2922 4678 xui
2957 4622 3245 4686 ἀπολύσεως
3303 4624 3366 4679 τὸ
3424 4624 3745 4699 ἀγέννητον
3781 4624 3866 4679 ἐπὶ

421 4725 606 4775 Deum
640 4734 768 4773 esse
798 4716 1148 4788 ingenitum,
1168 4717 1359 4789 expiat
1391 4717 1791 4789 inauspicatas
1815 4719 2032 4774 nomini

2255 4717 2313 4767 οῦ
2331 4716 2397 4768 ⁷⁴.
2432 4712 2524 4774 Εἲς
2550 4713 2611 4767 τὸ
2660 4713 2811 4768 αὐτὸ.
2845 4711 3029 4769 Εἰπὼν
3072 4711 3367 4787 ἀγέννητον
3398 4714 3501 4769 τὸν
3542 4715 3712 4787 Θεὸν,
3770 4715 3866 4775 τὰς

421 4806 959 4880 interpretationes,
1012 4811 1185 4877 atque
1219 4823 1230 4860 :
1265 4805 1430 4873 Vide,
1483 4823 1553 4862 ne
1602 4824 1853 4879 usurpes
1920 4806 2032 4862 han

2260 4801 2583 4879 λιμφήμους
2644 4802 2936 4877 ἑρμηνείας
2981 4804 3079 4856 τοῦ
3145 4801 3413 4873 ὀνόματος
3457 4800 3867 4878 ἀποκαθαίρει,

417 4898 735 4954 dictionem
770 4913 873 4968 pro
924 4894 1213 4967 generari,
1274 4900 1560 4966 tanquam
1620 4900 1773 4952 Deus
1830 4896 2028 4951 habere

2256 4892 2268 4944 ί
2318 4912 2515 4968 φησιν.
2580 4892 2718 4965 ’Ὸρα
2775 4892 2850 4964 μή
2910 4889 2985 4951 εἷς
3028 4889 3090 4943 τὸ
3148 4892 3515 4964 γεγεννῆσθαι
3580 4892 3715 4967 δέξῃ
3765 4893 3867 4962 τὴν

417 4988 673 5059 aliquem
703 5002 765 5041 se
800 4985 1108 5056 majorem,
1167 4988 1231 5039 ut
1282 4984 1353 5039 ab
1416 5001 1482 5039 eo
1541 4986 1638 5055 qui
1693 4992 1822 5040 ante
1872 4986 2028 5056 ipsur

2263 4985 2347 5050 ξιν,
2380 4980 2453 5041 ὡς
2502 4985 2598 5034 τοῦ
2647 4983 2780 5035 Θεοῦ
2830 4978 3060 5053 ἔχοντος
3110 4980 3203 5033 τὸν
3232 4979 3361 5051 ὑπὲρ
3422 4982 3639 5049 αὐτὸν,
3664 4984 3759 5036 ἱνα
3814 4981 3874 5037 ἐκ

414 5076 607 5131 fuerat
637 5080 776 5129 tunc
809 5076 1039 5145 genitus
1067 5073 1259 5142 fuerit,
1293 5089 1481 5143 neque
1532 5074 1786 5143 Creator,
1822 5079 1923 5129 aut
1968 5076 2025 5130 bc

2267 5070 2406 5143 ›πρὸ
2440 5070 2605 5124 αὐτοῦ
2658 5068 2966 5144 γὲρνηταιπ
3017 5065 3164 5139 τόδε,
3226 5070 3342 5122 οἷον
3391 5066 3793 5148 δημιουργὸς,
3844 5071 3878 5139 ἦ

421 5181 557 5236 nus,
577 5168 678 5220 aut
703 5162 968 5235 spiritus,
994 5166 1095 5217 aut
1114 5161 1293 5234 ignis,
1320 5166 1421 5216 aut
1452 5162 1679 5233 aliquid
1704 5162 1852 5218 tale:
1879 5178 2029 5233 nequ

2268 5160 2397 5229 ιθὸς,
2431 5158 2466 5228 ἢ
2497 5163 2725 5231 πνεῦμα,
2759 5158 2793 5226 ἤ
2846 5162 2975 5232 πῦρ,
3007 5158 3042 5227 ἢ
3072 5178 3124 5212 τι
3172 5160 3447 5211 τοιοῦτον·
3504 5159 3675 5216 ἀλλὰ
3732 5158 3879 5235 μηδέ

485 5288 564 5359 (Ic)
594 5285 747 5342 Psal.
781 5301 925 5355 cxu,
955 5285 1009 5339 5.
1090 5284 1151 5355 (ι)
1182 5284 1337 5341 Psal.
1370 5302 1640 5356 cxxxvm,
1672 5287 1726 5357 3,

1411 5410 1652 5466 VARI/E
1693 5410 2083 5467 LECTIONES
2124 5412 2211 5469 ET
2250 5411 2813 5471 CORREGTIONES.

476 5511 520 5546 73
553 5508 882 5588 ogvﬂéauocL
920 5507 1012 5588 _73'
1049 5508 2107 5588 p’tﬁnw__y§vvtbpsvov,_yevvnoyoouevoy
2137 5505 2228 5588 δὲ.
2307 5512 2352 5588 Ἶξ
2403 5506 2568 5588 ἤγοῦν
2619 5509 2755 5588 κατὰ
2805 5508 2973 5588 μηδὲν
3022 5514 3228 5573 τούτων
3281 5516 3365 5573 ἐπὶ
3425 5527 3609 5584 Θεοῦ.
3682 5532 3749 5587 Id
3789 5535 3873 5588 εει

409 5583 714 5672 secundum
736 5580 882 5671 nihjl
914 5579 1131 5669 horum.
1208 5578 1576 5672 3"uyév‘vntoo
1605 5578 1817 5672 ἀκούων
1843 5578 1930 5667 εξπί
1956 5578 2020 5662 βε

2256 5578 2476 5672 ςφιημιυς
2507 5578 2827 5672 ἐπινοῇς-ηεξ,
2860 5578 2935 5647 ὦς
2972 5578 3533 5672 μήπω-γενόμενον,
3790 5578 3867 5656 νονῦ

407 5652 768 5739 τελειωθέντα
790 5650 880 5739 εἷς.
905 5656 965 5704 τὸ
995 5671 1164 5733 γεγεν.
1196 5650 1509 5739 Ingenuum
1555 5653 1788 5709 audiens
1835 5652 2003 5724 impie

2265 5650 2528 5727 ntelligas
2574 5655 2640 5712 de
2664 5650 2785 5727 Dab,
2814 5650 2982 5729 quasi
3008 5650 3249 5720 nondum
3276 5650 3521 5739 g'enituis
3557 5650 3749 5739 esset:
3769 5650 3873 5733 aut

410 5727 655 5786 nondum
676 5727 913 5799 perfecte
941 5717 1158 5794 genitus
1182 5717 1343 5793 [om
1910 5717 1922 5724 '
2424 5717 2448 5727 ν
2773 5717 2784 5727 -
2824 5717 2842 5729 -
3055 5717 3062 5719 τ
3276 5717 3518 5739 σνη--ην
3558 5717 3733 5745 ---νη
