4080 6366
268 421 359 476 373
1008 422 1066 475 Β.
1109 420 1376 475 MAXIM!
1412 420 1718 474 SCHOLIA
1755 420 1831 471 IN
1870 419 2002 471 LIB.
2047 420 2143 472 DE
2183 421 2453 476 DIVINIS
2491 424 2912 481 NOMINIBUS.

3573 428 3684 513 374t

269 546 549 619 ἀγέννητον
597 537 877 616 ὑπολάϐῃς
923 542 1015 596 τὸν
1085 540 1270 607 αὐτὸν,
1333 537 1474 613 μηδὲ
1520 535 1649 594 ὄντα
1703 559 1899 593 παντε-

2025 542 2289 597 eumdem
2322 543 2634 615 ingenitum
2666 548 2970 606 arbitreris
3002 568 3106 607 nec
3138 568 3382 623 prorsus
3415 569 3543 609 esse
3572 563 3678 625 ge'

269 636 370 698 λῶς
418 636 561 707 μήτε
611 632 662 687 ἐν
711 630 935 709 γενέσει,
984 632 1123 705 μήτε
1168 626 1353 704 ἕτερόν
1399 651 1471 686 τι.
1521 634 1643 691 Πῶς
1701 630 1791 683 οὗν
1835 626 1917 683 δεῖ

266 724 321 778 τὸ
355 723 649 798 ἀγέννητον
694 722 929 791 ἀκούειν,
983 720 1144 798 φησὶν
1198 718 1410 793 ἐφεξῆς.
1460 722 1640 777 Ταῦτα
1681 716 1736 772 δὲ
1781 718 1918 772 κατά

267 814 557 887 Ἀρειανῶν
605 813 691 866 καὶ
746 810 1094 882 Εὐνομιανῶν
1163 815 1329 877 ποιεῖ,
1393 813 1498 862 τῶν
1545 806 1605 861 ἐκ
1652 812 1915 882 γεννητοῦ

268 903 347 956 καὶ
379 902 683 976 ἀγέννητοι)
712 901 803 955 τὸν
833 902 961 955 Θεὸν
994 898 1209 975 βλασφη
1224 900 1530 971 μησάντων.

332 1007 491 1064 Ἀλλ’
545 1007 725 1079 ὥσπερ
805 1005 1223 1080 παναγέννητον.
1284 1004 1526 1073 Ἐπειδὴ,
1608 1004 1679 1065 ὣς
1751 1025 1910 1081 φησιν

267 1099 391 1173 ὑπὲρ
442 1102 548 1152 πᾶν
612 1098 905 1171 ἀγέννητον
955 1091 1082 1150 ὅντα
1133 1096 1219 1150 τὸν
1285 1095 1435 1166 Θεὸν,
1480 1098 1629 1148 ποιεῖ
1692 1093 1912 1165 νομίζε-

264 1199 398 1260 σθαι,
432 1189 522 1242 καὶ
554 1184 731 1262 λέγειν
780 1185 937 1240 αὐτὸν
984 1184 1044 1240 ἐκ
1079 1184 1276 1239 τούτου
1322 1183 1455 1237 εἶναί
1498 1204 1617 1238 τινα
1654 1184 1787 1255 μετὰ
1812 1183 1912 1249 τὴν

262 1277 407 1349 ἁγίαν
460 1273 665 1351 Τριάδα
724 1275 983 1348 ἀγέννητα
1058 1274 1108 1328 έν
1178 1278 1246 1346 τῇ
1313 1274 1507 1341 κτίσει,
1568 1273 1694 1349 φέρε
1752 1273 1913 1349 σαφὲς

259 1367 577 1437 ποιήσωμεν
626 1365 689 1419 τὸ
740 1363 1169 1436 σημαινόμενον.
1216 1362 1318 1419 Καὶ
1365 1364 1502 1423 τέως
1552 1359 1724 1427 δῆλός
1770 1361 1909 1415 ἐστιν

260 1453 309 1525 ἐξ
364 1455 548 1529 ἀρχῆς
605 1454 632 1507 6
680 1459 822 1516 θεῖος
889 1451 1191 1520 Διονύσιος,
1251 1452 1342 1506 ἅτε
1405 1450 1639 1523 μάλιστα
1689 1449 1811 1503 τότε
1859 1449 1910 1503 ἐν

263 1544 467 1619 Ἐφέσῳ
528 1542 885 1615 ἀκμαζόντων
953 1546 1059 1595 τῶν
1127 1540 1464 1618 φιλοσόφων,
1544 1537 1669 1603 ἔνθα
1731 1538 1821 1593 καὶ
1875 1541 1909 1608 ἡ

264 1633 481 1700 Ἰωνικὴ
525 1629 825 1708 φιλοσοφία
872 1632 1232 1701 συνειστήκει,
1287 1634 1384 1684 τοῦ
1437 1629 1595 1703 ἁγίου
1636 1625 1911 1700 Τιμοθέου

264 1722 560 1776 ἐπισκόπου
635 1716 813 1787 ὄντος,
901 1716 1218 1787 σπουδάζων
1287 1719 1457 1772 πάντα
1539 1718 1605 1771 τὰ
1687 1716 1911 1778 ἐκείνοις

264 1808 618 1888 έσφαλμένως
658 1807 951 1883 λεγόμενα,
1004 1807 1092 1862 ἐπὶ
1136 1809 1233 1876 τὴν
1269 1806 1531 1877 ἀλήθειαν
1568 1812 1908 1881 μεταγαγεῖν.

263 1898 407 1968 ᾝδει
474 1900 565 1954 οὗν
626 1900 758 1953 εἶναι
813 1895 994 1973 δόγμα
1066 1901 1227 1951 τινῶν
1289 1896 1463 1950 αὐτῶν
1519 1894 1787 1971 λεγόντων
1845 1896 1989 1984 τᾶΒ

261 1989 429 2058 νοητά
457 1989 633 2043 πάντα
677 1988 765 2042 καὶ
825 1986 1085 2053 ἀθάνατα,
1129 1986 1221 2041 καὶ
1270 1986 1431 2060 νοερά
1464 1986 1695 2060 γεννητά
1737 1984 1908 2039 πάντα

260 2079 343 2134 καὶ
376 2078 645 2151 ἀγέννητα
678 2097 689 2109 ·
742 2076 974 2151 γεννητᾶ.
1024 2077 1142 2148 μὶν,
1194 2078 1269 2137 ὡς
1327 2075 1378 2145 ἐξ
1429 2074 1605 2129 αἱτίου
1652 2079 1749 2129 τοῦ
1776 2079 1908 2129 Θεοῦ

261 2167 565 2223 ὑποστάντα
620 2166 755 2221 κατά
801 2163 1036 2238 πρόοδον
1090 2162 1416 2237 ἐλλάμψεως
1452 2184 1465 2197 ·
1521 2165 1787 2238 ἀγέννητα
1828 2163 1904 2231 δὲ,

259 2258 370 2320 καθ’
400 2257 430 2310 ’ὸ
466 2256 545 2329 μὴ
580 2253 632 2310 ἐν
666 2254 873 2330 χρόνῳ,
926 2253 1051 2309 ἀλλ’
1096 2253 1351 2321 αἱωνίως,
1391 2253 1663 2308 τουτέστιν
1707 2253 1757 2307 ἐν
1790 2258 1906 2315 τοῖς

259 2347 413 2401 αἶῶσι
482 2342 786 2421 προῆλθον.
839 2342 941 2399 Καὶ
995 2342 1095 2418 γὰρ
1148 2337 1353 2419 ἔφημεν
1412 2341 1521 2396 ἄνω
1566 2342 1633 2397 τὰ
1681 2342 1909 2412 αἰσθητά

258 2437 343 2491 τὸν
376 2434 577 2510 χρόνον
613 2432 759 2509 ἔχειν
794 2452 807 2465 ⁶
839 2433 906 2487 τὰ
955 2430 1012 2486 δὲ
1058 2433 1247 2503 νοητὰ,
1297 2432 1389 2487 τὸν
1438 2431 1628 2499 αἰῶνα,
1668 2432 1786 2494 ὅθεν
1818 2432 1904 2486 καὶ

264 2524 451 2579 αἰώνια
484 2522 758 2597 λέγονται.
808 2523 897 2584 Ὦς
941 2519 1031 2576 οὖν
1085 2521 1140 2575 ἐκ
1190 2519 1430 2594 προόδου
1480 2518 1772 2594 λάμψαντα
1818 2521 1907 2574 καὶ

261 2614 531 2687 ἀγέννητα
560 2612 695 2666 αὖτά
747 2614 900 2666 εἷπον
931 2628 944 2643 ⁸
995 2610 1159 2666 πάλιν
1212 2606 1332 2684 ᾔδει
1385 2608 1597 2685 ἐτέρους
1637 2610 1724 2664 καὶ
1758 2606 1909 2663 τόνδε

260 2708 352 2757 τοῦ
381 2703 585 2779 ὁρατοῦ
637 2700 883 2761 εἰπόντας
931 2702 1136 2772 κόσμον
1182 2698 1271 2753 καὶ
1320 2699 1578 2772 γεννητὸν
1621 2699 1711 2753 καὶ
1754 2698 1907 2772 ἀγέν-

261 2814 419 2862 νητον
452 2809 465 2822 ”
496 2790 588 2844 καὶ
618 2790 876 2865 γεννητὸν
907 2789 1022 2862 μὲν,
1068 2790 1185 2852 καθ’
1214 2786 1338 2841 ὅσον
1390 2787 1463 2849 εἷς
1493 2785 1647 2841 τόνδε
1671 2788 1733 2841 τὸ
1762 2793 1863 2841 πᾶν
1892 2804 1906 2818 ⁸

259 2880 292 2950 ἤ
326 2880 375 2952 ἐξ
400 2880 520 2940 ἑνὸς
556 2880 643 2933 ἐπὶ
692 2876 882 2933 πολλά
934 2874 1128 2947 ὁδεύει,
1173 2875 1304 2951 ὅπερ
1355 2875 1467 2930 ἐστί
1526 2875 1609 2930 ἐπὶ
1643 2878 1736 2937 τὰς
1764 2874 1909 2951 γενέ-

259 2990 363 3030 σεις
390 2973 502 3023 τῶν
540 2968 658 3021 κατ’
692 2964 834 3028 εἶδος
869 2966 1045 3035 ζώων,
1077 2964 1167 3019 καὶ
1195 2969 1397 3041 φυτῶν,
1425 2964 1514 3018 καὶ
1544 2969 1650 3018 τῶν
1686 2962 1870 3019 ἄλλων
1894 2984 1907 2996 ·

256 3056 291 3127 ἤ
343 3058 402 3112 ἐκ
455 3062 564 3112 τῶν
618 3054 843 3111 πολλῶν
895 3055 982 3109 ἐπὶ
1040 3054 1102 3109 τὸ
1154 3050 1234 3119 ἓν,
1290 3053 1405 3107 ἀντὶ
1454 3058 1573 3121 τοῦ,
1637 3051 1762 3108 ὅταν
1822 3052 1909 3107 ἐπὶ

258 3146 465 3223 φθορὰν
525 3142 713 3219 δδεύῃ,
772 3144 849 3206 εἰς
905 3145 1004 3212 τὴν
1053 3143 1136 3197 ἐπὶ
1187 3142 1253 3197 τά
1307 3148 1559 3217 στοιχεῖα
1606 3139 1861 3195 ἀνάλυσιν
1896 3161 1906 3173 ⁸

258 3234 547 3309 ἀγέννητον
582 3231 638 3288 δὲ
668 3232 820 3295 αὖθις
868 3232 960 3287 τὸν
1009 3231 1172 3285 αὐτὸν
1228 3232 1483 3306 λέγοντας
1522 3231 1753 3303 κόσμον,
1784 3228 1909 3298 ἤτοι

260 3322 455 3393 ἀίδιον,
489 3325 609 3378 καθ’
643 3324 765 3377 ὅσον
816 3326 922 3376 τῶν
973 3323 1239 3391 κινήσεων
1284 3324 1392 3374 τῶν
1443 3320 1528 3375 ἐπὶ
1570 3318 1909 3394 γένεσιν,καὶ

258 3417 359 3469 τῶν
398 3412 926 3468 ἆποκατάαστασεων
953 3415 1060 3465 τῶν
1095 3408 1183 3464 ἐπὶ
1232 3409 1456 3486 φθορὰν,
1488 3406 1748 3463 οὐδέποτε
1796 3410 1909 3462 κατ’

261 3503 457 3563 αὐτοὺς
489 3501 789 3579 ἐφίσταται.
825 3502 999 3569 Φησὶν
1038 3499 1129 3553 οὖν
1162 3499 1189 3553 ὁ
1234 3498 1402 3573 μέγας
1432 3498 1732 3566 Διονύσιος,
1761 3496 1909 3559 ὅπως

261 3593 379 3647 ποτ’
410 3595 470 3646 ἂν
502 3591 717 3666 λέγοιτο
766 3590 827 3644 τὸ
877 3591 1187 3664 ἀγέννητον,
1231 3586 1335 3641 εἷίτε
1384 3586 1457 3648 ὠς
1504 3582 1658 3662 ἔφην,
1705 3584 1808 3640 εἴτε
1839 3587 1913 3648 ὡς

264 3683 317 3735 οἷ
365 3679 664 3751 ιΈλληνες,
719 3679 794 3751 μή
849 3676 934 3732 ἐπὶ
988 3681 1087 3731 τοῦ
1140 3680 1273 3730 Θεοῦ
1322 3680 1482 3729 τοῦτο
1534 3673 1679 3749 δέξῃ,
1719 3676 1913 3747 τὰμὲν

264 3768 407 3825 ἄλλα
446 3769 703 3830 αἷτιατῶς
738 3766 950 3842 λέγεται
1005 3767 1281 3840 ἀγέννητα,
1318 3766 1345 3819 6
1395 3765 1524 3828 Θεὸς
1572 3762 1628 3817 δὶ
1660 3764 1913 3825 ἀναιτίως

261 3859 348 3913 καὶ
405 3855 700 3919 ἀπολύτως
734 3877 746 3890 ·
807 3857 889 3918 τίς
937 3855 1037 3931 γὰρ
1096 3854 1239 3909 αἰτία
1286 3859 1401 3927 Θεῷ
1441 3854 1654 3907 πάντων
1711 3853 1911 3924 ἁπαξα-

263 3948 419 4009 πλῶς
440 3946 765 4021 ὑπερέχοντι
798 3964 810 4013 ;

2028 630 2241 699 nitum,
2293 649 2399 687 nec
2431 633 2653 705 aliquid
2686 636 2868 693 aliud.
2916 642 3213 704 Quomodo
3247 641 3428 713 igitur
3471 643 3681 700 debeat

2026 719 2275 791 intelligi
2313 723 2643 791 ingenitum,
2670 731 2871 796 postea
2893 729 3051 784 dicit.
3079 730 3206 785 Haec
3231 737 3423 786 autem
3476 738 3676 787 contra

2030 809 2271 864 Arianos
2323 817 2379 865 et
2428 814 2826 871 Eunomianos
2877 818 3116 886 f-iciunt,
3149 820 3247 889 qui
3280 838 3347 875 ex
3378 820 3574 893 genito
3624 825 3680 877 et

2024 897 2287 969 ingenito
2320 900 2747 973 blasphemiam
2783 904 2897 961 Deo
2929 907 3209 962 inferunt.

2094 1004 2201 1059 Sed
2244 1015 2508 1077 tanquam
2555 1011 2741 1065 omina
2787 1011 3119 1082 ingenitum.
3166 1014 3674 1086 Quandoquidem,

2025 1098 2090 1148 ut
2121 1096 2219 1164 ait,
2272 1096 2455 1150 Deum
2515 1099 2616 1168 qui
2665 1117 2846 1171 supra
2912 1119 3086 1157 omne
3136 1102 3485 1174 ingenitum,
3541 1104 3676 1161 facit

2023 1184 2373 1253 existimari,
2422 1191 2479 1241 et
2508 1188 2699 1243 dicere
2729 1188 2923 1260 ipsum
2958 1208 3026 1245 ex
3056 1191 3162 1246 hoc
3196 1209 3324 1247 esse
3356 1192 3553 1263 aliqua
3584 1195 3674 1248 in-

2023 1280 2225 1329 sancta
2257 1274 2544 1330 Trinitate
2575 1276 2838 1349 ingenita
2870 1297 2969 1351 per
2998 1282 3350 1336 creationem
3379 1300 3392 1351 ;
3427 1284 3672 1353 agedum

2022 1362 2396 1433 perspicuum
2450 1364 2734 1422 faciamus
2767 1367 2823 1421 id
2854 1370 3008 1440 quod
3045 1370 3429 1440 signiﬁcatur.
3463 1375 3672 1427 Hacte-

2022 1468 2134 1505 nus
2167 1452 2545 1507 manifestum
2580 1461 2669 1509 est
2690 1472 2721 1509 a
2753 1456 3040 1527 principio
3061 1464 3116 1513 S.
3142 1459 3508 1530 Dionysium,
3537 1477 3669 1516 cum

2021 1541 2275 1595 maxime
2310 1548 2435 1596 tum
2460 1545 2740 1614 temporis
2773 1544 3107 1617 philosophi
3134 1547 3347 1618 Ephesi
3376 1549 3669 1619 ﬂorerent,

2022 1630 2120 1683 ubi
2170 1630 2347 1684 etiam
2390 1632 2582 1687 Ionica
2638 1632 3008 1706 philosophia
3066 1636 3393 1692 constituta
3454 1639 3666 1709 fuerat,

2020 1722 2225 1773 sancto
2276 1719 2582 1776 Timotheo
2628 1722 2925 1794 episcopo,
2958 1724 3258 1780 studuisse
3290 1725 3490 1781 omnia
3540 1744 3666 1797 quae

2021 1807 2092 1861 ab
2138 1807 2256 1862 illis
2288 1825 2421 1863 cum
2454 1825 2649 1865 errore
2679 1812 2975 1880 dicuntur,
3007 1814 3077 1868 ad
3109 1814 3409 1870 veritatem
3457 1816 3665 1869 tradu-

2020 1912 2170 1950 cere.
2203 1897 2435 1952 Sciebat
2465 1897 2647 1971 igitur
2676 1910 2805 1954 esse
2835 1902 3051 1972 dogma
3081 1905 3475 1973 quorumdam
3500 1905 3663 1974 ipso-

2020 2002 2149 2039 rum
2183 1985 2502 2041 diccnlium
2533 1989 2732 2043 omnia
2768 1989 3165 2062 intelligihilia
3195 1997 3251 2045 et
3280 1992 3662 2059 immortalia,

2017 2078 2074 2129 et
2123 2074 2422 2130 intellectu
2472 2078 2712 2148 praedila
2760 2080 2957 2149 genita
3008 2081 3204 2134 omnia
3255 2087 3312 2135 et
3362 2082 3659 2153 ingenita:

2016 2163 2214 2234 genita
2244 2165 2501 2233 quidem,
2536 2170 2601 2221 ut
2623 2166 2737 2221 Deo
2770 2172 3006 2224 auctore
3036 2170 3422 2225 subsistentia
3452 2186 3661 2225 secun-

2017 2253 2158 2307 dum
2189 2270 2563 2325 progressum
2590 2256 2999 2312 illustrationis
3027 2279 3040 2327 ;
3074 2258 3339 2330 ingenita
3360 2275 3495 2315 vero
3516 2276 3663 2331 qua-

2016 2346 2189 2398 tenus
2220 2360 2335 2397 non
2368 2345 2425 2398 in
2468 2350 2750 2416 tempore,
2784 2347 2884 2401 sed
2917 2352 3223 2416 aeternum,
3257 2348 3313 2402 id
3342 2354 3429 2403 est
3466 2349 3522 2402 in
3556 2367 3669 2404 sas-

2018 2432 2167 2485 culis
2201 2439 2629 2503 processerunt.
2654 2435 2797 2489 Nam
2853 2453 3037 2507 supra
3089 2437 3346 2493 diximus
3406 2438 3671 2495 sensillia

2018 2518 2231 2575 habere
2278 2527 2543 2593 tempus;
2606 2523 3004 2595 intelligibilia
3051 2542 3209 2593 vero,
3256 2528 3668 2596 aeternitatem,

2018 2610 2172 2664 unde
2222 2611 2397 2666 etiam
2429 2618 2643 2666 aeterna
2675 2614 2974 2670 dicuntur.
3025 2615 3189 2670 Sicut
3218 2616 3399 2687 igitur
3430 2634 3497 2672 ex
3532 2634 3669 2689 pro-

2017 2714 2223 2769 gressu
2272 2699 2528 2754 lucentia
2576 2706 2633 2755 et
2661 2700 2925 2773 ingenita
2954 2719 3021 2758 ea
3074 2704 3383 2760 dixerunt:
3438 2712 3663 2771 contra,

2019 2788 2237 2843 sciebat
2288 2788 2432 2843 alios
2485 2790 2701 2845 dixisse
2754 2793 3045 2847 mundum
3080 2792 3235 2847 hunc
3287 2795 3553 2862 genitum
3605 2799 3663 2849 et

2018 2877 2389 2949 ingenitum:
2440 2895 2506 2933 ac
2544 2880 2805 2950 genitum
2842 2882 3101 2950 quidem,
3138 2886 3428 2953 quatenus
3459 2883 3516 2938 in
3558 2883 3667 2938 hoc

2019 2966 2307 3038 quidlibet
2353 2971 2457 3022 aut
2487 2984 2556 3022 ex
2588 2985 2702 3023 uno
2737 2971 2795 3024 in
2838 2969 3024 3024 multa
3058 2971 3450 3042 progreditur,
3513 2972 3671 3042 quod

2019 3063 2109 3113 est
2181 3056 2239 3110 in
2313 3058 2722 3127 generationes
2798 3059 3244 3129 particularium
3322 3060 3672 3116 animalium

2020 3152 2076 3201 et
2130 3145 2494 3217 plantarum,
2553 3163 2619 3201 ac
2679 3146 2926 3203 aliorum
2984 3167 2997 3215 ;
3060 3153 3161 3204 aut
3229 3166 3297 3205 ex
3353 3149 3556 3206 multis
3614 3150 3673 3204 in

2023 3252 2230 3301 unum,
2284 3252 2409 3306 pro,
2459 3237 2697 3308 quando
2746 3238 2805 3290 in
2855 3238 3291 3308 corruptionem
3342 3240 3549 3307 tendit,
3612 3239 3672 3293 in

2024 3322 2441 3378 resolutionem
2496 3325 2643 3380 205
2698 3326 2755 3380 in
2805 3325 3114 3381 elementa.
3159 3327 3491 3399 Ingenitum
3543 3344 3677 3382 vero

2025 3418 2227 3484 postea
2260 3413 2523 3468 dicentes
2559 3414 2755 3484 ipsum
2791 3415 3099 3480 mundum,
3139 3416 3364 3471 scilicet
3398 3421 3678 3470 aeternum

2023 3507 2316 3573 quatenus
2370 3504 2695 3557 secundum
2729 3503 2888 3574 ipsos
2921 3521 3227 3575 nunquam
3277 3504 3499 3559 insistit
3549 3522 3677 3559 mo-

2020 3589 2282 3644 tionibus
2305 3606 2433 3661 quae
2460 3590 2513 3644 in
2543 3591 3044 3661 generationibus,
3071 3598 3247 3664 atque
3271 3594 3329 3647 in
3353 3594 3674 3664 pristinum

2023 3683 2242 3733 statum
2297 3679 2769 3735 restitutionibus
2822 3697 2947 3751 quas
2980 3681 3037 3735 in
3088 3681 3460 3754 corruptione
3507 3699 3673 3754 repe-

2023 3768 2278 3822 riuntur.
2312 3767 2463 3823 Dicit
2492 3768 2693 3839 itaque
2725 3786 2978 3840 magnus
3001 3770 3320 3842 Dionysius
3353 3773 3670 3842 quomodo-

2024 3873 2256 3927 cunque
2288 3856 2604 3927 aliquando
2635 3858 2865 3911 dicatur
2897 3858 3250 3929 ingenitum,
3284 3860 3403 3914 sive
3436 3865 3499 3913 ut
3530 3860 3670 3925 dixi,

2028 3946 2147 4000 sive
2199 3950 2261 3999 ut
2292 3946 2494 4013 Graeci,
2528 3964 2641 4001 non
2675 3948 2745 4001 de
2783 3947 2898 4001 Deo
2930 3947 3040 4001 hoc
3082 3948 3354 4019 accipies,
3388 3948 3501 4003 alia
3542 3949 3674 4021 qui-

259 4040 392 4094 dem
446 4054 553 4109 per
599 4037 841 4091 modum
891 4034 1131 4089 effectus
1182 4033 1444 4106 ingenita
1492 4034 1800 4100 dicuntur;
1851 4035 2000 4090 Deus
2067 4051 2200 4089 vero
2232 4035 2358 4089 sine
2390 4051 2566 4089 causa
2596 4040 2652 4089 et
2683 4034 2900 4089 libere:
2937 4053 3063 4105 quae
3095 4039 3251 4091 enim
3284 4038 3421 4105 Deo,
3473 4054 3672 4108 causa,

261 4127 534 4183 absolute
565 4130 622 4181 et
650 4125 923 4181 omnibus
954 4122 1232 4178 excellit?

324 4228 640 4292 Μονοειδῶς
689 4228 780 4284 καὶ
846 4224 1190 4289 ταύτοειδῶς.
1272 4224 1586 4288 Μονοειδῶς
1663 4228 1755 4300 μὲν
1811 4224 1910 4305 ἔφη

256 4319 345 4376 διὰ
391 4322 456 4377 τὸ
533 4317 817 4380 παντελῶς
871 4311 1257 4390 ἀπαραϐλητον
1306 4318 1402 4387 τῆς
1456 4315 1598 4380 θείας
1654 4315 1863 4394 φύσεως
1898 4337 1909 4349 ·

252 4404 583 4468 ταῦτοειδῶς
617 4404 673 4461 δὲ
724 4403 813 4460 διὰ
858 4405 921 4460 τὸ
973 4402 1345 4459 ἀναλλοίωτον
1397 4407 1486 4458 καί
1534 4399 1913 4476 ἀμετάϐλητον

253 4496 657 4575 ἀφοριζόμενον
702 4492 759 4549 δὲ
805 4495 866 4549 τὸ
905 4491 1274 4567 δεικνύμενον,
1310 4492 1412 4549 ἀπὸ
1444 4496 1539 4547 τοῦ
1571 4492 1772 4567 ὁρίζειν
1808 4512 1819 4525 ·
1873 4490 1907 4561 ἤ

248 4589 311 4643 τὸ
343 4587 684 4664 ἐξῃρημένον
714 4584 804 4639 καὶ
834 4583 1265 4661 κεχωρισμένον.

327 4765 425 4821 K01:-
457 4765 520 4820 τὸ
560 4762 772 4819 ταύτόν.
825 4764 901 4821 Τὸ
961 4761 1041 4817 ἀεὶ
1090 4759 1282 4815 ταύτὸν
1330 4760 1419 4814 καὶ
1470 4760 1726 4823 ὡσαύτως
1774 4756 1899 4837 ἔχον

2099 4232 2384 4300 Uni/orme
2418 4229 2667 4299 idemque
2710 4229 2911 4300 specie,
2972 4231 3067 4285 Gr.
3102 4227 3396 4301 μονοειδῶς
3436 4231 3527 4284 καὶ
3554 4230 3678 4285 ταύ-

2020 4314 2268 4377 τοειδῶς.
2294 4318 2450 4373 Dixit
2475 4313 2778 4388 μονοειδῶς
2802 4335 2917 4372 uno
2941 4319 3136 4386 modo,
3163 4320 3301 4389 quia
3324 4321 3564 4374 omnino
3587 4320 3675 4374 di-

2020 4407 2156 4461 vina
2190 4413 2401 4462 natura
2424 4423 2556 4461 cum
2585 4406 2745 4460 nullo
2772 4407 3098 4477 comparari
3130 4407 3355 4478 nequit.
3380 4407 3533 4462 Dixit
3550 4406 3677 4460 ταύ-

2019 4491 2243 4555 τοειδῶς
2272 4513 2285 4561 ;
2320 4496 2524 4550 eodem
2561 4497 2754 4562 modo,
2773 4496 2911 4566 quia
2942 4512 3046 4550 nec
3073 4495 3303 4551 alterari
3340 4513 3441 4551 nec
3460 4496 3674 4552 mutari

2021 4589 2232 4654 potest.
2268 4582 2697 4659 Ἀφοριζόμενον
2721 4601 2855 4639 vero
2890 4590 2980 4640 est
3001 4586 3472 4641 demonstratum
3497 4604 3530 4642 a
3550 4603 3672 4641 ver-

2017 4673 2090 4728 bo
2124 4671 2370 4744 apicem,
2405 4678 2508 4728 aut
2532 4679 2870 4744 exemptum
2902 4679 2958 4728 et
2990 4681 3349 4746 separatum.

2084 4762 2147 4816 Et
2177 4764 2340 4817 idem.
2394 4762 2636 4833 Semper
2668 4762 2820 4817 idem
2854 4767 2909 4817 et
2940 4762 3213 4817 similiter
3245 4780 3307 4818 se
3351 4763 3572 4817 habens
3606 4762 3665 4817 in

252 4857 343 4912 ἐπὶ
379 4855 555 4930 μόνης
586 4861 686 4925 τῆς
718 4857 828 4909 τῶν
870 4852 1015 4908 ὅλων
1068 4857 1364 4921 ποιητικῆς
1399 4851 1585 4924 ὁρᾶται
1626 4850 1823 4921 αἷτίας,
1852 4851 1900 4923 ἐξ

2025 4850 2138 4905 sola
2169 4868 2348 4905 causa
2370 4868 2498 4921 qua:
2522 4851 2722 4905 omnia
2749 4852 2937 4906 facere
2968 4857 3157 4922 potest
3179 4852 3427 4915 videtur,
3462 4867 3529 4904 ex
3550 4868 3668 4921 qua

247 4948 315 5015 ἧς
353 4946 445 5000 καὶ
498 4949 614 5006 τοῖς
656 4942 907 5012 κτίσμασι
947 4942 1009 4996 τὸ
1058 4941 1110 4995 ἐν
1164 4939 1453 5009 ταυτότητι
1504 4937 1772 5012 διαμένειν
1822 4936 1904 4994 δε-

252 5032 524 5111 δώρηται,
556 5034 643 5087 καὶ
678 5035 713 5101 ἡ
762 5036 869 5086 τῶν
917 5029 1195 5101 ἐναντίων,
1240 5027 1411 5104 ἤγουν
1466 5027 1717 5102 ἒτεροίως
1747 5028 1905 5103 ἐχόν-

250 5145 360 5179 των
392 5125 533 5199 πρὸς
565 5120 790 5191 ἄλληλα
834 5120 1092 5193 σύνταξις.
1138 5117 1361 5181 Ταύτῶς
1410 5115 1502 5172 οὖν
1534 5118 1691 5187 ἅπαν,
1725 5117 1811 5173 καὶ
1841 5117 1907 5173 τὰ

257 5215 336 5285 μή
368 5212 421 5268 ἐν
454 5210 747 5281 ταύτότητι
780 5209 1010 5287 φύσεως,
1053 5207 1105 5263 ἐν
1136 5212 1213 5279 τῷ
1244 5208 1358 5278 Θεῷ
1391 5209 1671 5281 θεωρεῖται
1704 5225 1717 5239 ’
1768 5208 1905 5260 πάν-

250 5323 360 5357 των
406 5302 508 5378 γὰρ
562 5305 671 5355 τῶν
726 5296 892 5354 ὄντων
941 5296 1171 5367 ταύτῶς,
1226 5293 1392 5371 ἤγουν
1450 5294 1682 5369 ὁμοίως,
1733 5292 1906 5358 αἴτιος

250 5390 280 5443 6
313 5391 464 5452 Θεός.

327 5480 477 5535 Κατὰ
525 5479 626 5547 τήν
692 5476 817 5550 μίαν
868 5477 956 5531 καὶ
1009 5474 1212 5543 ένικήν.
1263 5474 1339 5531 Τὸ
1379 5472 1459 5528 ἀεὶ
1520 5471 1778 5536 ὡσαύτως
1815 5472 1903 5528 καὶ

251 5566 650 5629 ἀναλλοιώτως
691 5564 860 5643 ἔχειν,
913 5560 1042 5638 ὅπερ
1092 5562 1203 5617 ἐστὶ
1247 5562 1460 5632 ταύτὸν,
1512 5563 1539 5615 ὁ
1589 5562 1716 5625 Θεός
1750 5563 1901 5617 ἐστι’

252 5657 348 5712 καὶ
376 5658 462 5735 ὑφ’
520 5656 708 5730 ἑτέρου
757 5656 850 5730 μὲν
912 5652 1075 5715 αὐτὸς
1124 5650 1184 5705 οὐ
1242 5655 1590 5727 περατοῦται,
1638 5648 1751 5706 οὐδ’
1793 5649 1904 5706 ἐστί

254 5764 310 5799 τι
342 5744 508 5801 αὐτοῦ
537 5746 726 5820 πέρας,
761 5741 835 5805 εἷς
885 5740 1043 5797 αὐτὸν
1097 5736 1153 5795 δὶ
1198 5738 1264 5794 τὰ
1306 5740 1479 5794 πάντα
1526 5744 1853 5816 περατοῦταῖ
1886 5756 1899 5774 ο

2015 4940 2190 4993 etiam
2226 4941 2426 4995 datum
2452 4946 2541 4994 est
2571 4940 2857 4995 creaturis
2889 4940 2944 4993 in
2974 4940 3273 4994 idcntitate
3301 4956 3665 5011 permanere,

2015 5028 2392 5083 etcontrariis
2416 5046 2515 5083 seu
2543 5028 2714 5083 aliter
2733 5029 3087 5083 habentibus
3112 5028 3262 5081 inter
3283 5044 3345 5080 se
3364 5027 3664 5097 conjungi.

2015 5117 2231 5171 Eodem
2269 5119 2440 5172 modo
2475 5118 2655 5188 igitur
2680 5118 2901 5182 omnia,
2935 5118 3109 5171 etiam
3145 5133 3271 5186 quae
3306 5133 3419 5170 non
3447 5118 3667 5172 suntin

2014 5207 2215 5260 eadem
2252 5210 2481 5273 natura,
2515 5206 2572 5259 in
2606 5206 2723 5260 Deo
2750 5205 3054 5259 videntur:
3091 5221 3222 5259 nam
3255 5210 3409 5261 Deus
3440 5210 3529 5261 est
3547 5203 3671 5259 ταύ-

2012 5297 2121 5353 τῶς
2154 5312 2254 5350 seu
2288 5295 2564 5350 similiter
2595 5294 2861 5349 omnium
2892 5309 3073 5348 eausa

2086 5475 2396 5531 Secundum
2416 5492 2584 5529 unam
2610 5481 2772 5545 atque
2794 5472 3039 5526 unicam.
3064 5473 3308 5544 Semper
3330 5473 3599 5531 similiter
3612 5482 3667 5531 et

2010 5564 2464 5619 immutabiliter
2496 5564 2727 5631 habere,
2764 5562 2918 5633 quod
2948 5562 3102 5615 idem
3136 5568 3244 5631 est,
3277 5562 3431 5617 Deus
3464 5571 3571 5618 est.
3600 5566 3664 5620 Et
3710 5622 3713 5623 ν

2012 5651 2140 5723 ipso
2171 5652 2412 5723 quidem
2446 5652 2516 5706 ab
2544 5649 2655 5706 alio
2676 5666 2789 5707 non
2817 5649 3187 5716 terminatur,
3213 5666 3316 5705 nec
3338 5655 3426 5705 est
3446 5650 3661 5723 aliquis

2013 5740 2141 5811 ejus
2193 5740 2351 5811 ﬁnis,
2382 5740 2480 5796 sed
2514 5738 2711 5796 omnia
2744 5737 2801 5793 in
2848 5738 2976 5811 ipso
3010 5737 3437 5809 terminantur;
3488 5748 3663 5816 atque
