4062 6366
365 457 472 511 375

1187 453 1550 506 APPENDIX
1588 451 1685 502 AD
1721 447 1967 502 OPERA
2003 446 2060 498 S.
2101 444 2413 499 DIONYSII
2454 449 2955 505 AREOPAGITE.

3683 446 3794 501 376

364 580 523 635 idem
542 592 772 648 semper
800 578 889 631 est
918 574 1089 641 Deus,
1113 589 1246 627 cum
1269 572 1347 628 sit
1370 588 1577 627 monas
1605 586 1670 625 ac
1693 584 1824 624 vere
1855 567 2011 622 idem

2152 562 2216 617 :ui
2252 561 2391 619 ἔστιν
2440 567 2467 619 ὁ
2520 566 2682 629 αὐτὸς
2727 569 2804 622 ἀεὶ
2864 569 3013 635 Θεὸς,
3069 570 3152 629 ὡς
3219 565 3384 640 μονὰς
3445 566 3541 636 ὥν,
3596 566 3688 621 καὶ
3733 554 3795 621 τὸ

372 668 585 739 suique
607 666 797 737 ipsius
820 663 1134 732 terminus,
1155 666 1330 732 atque
1356 662 1620 716 ominum
1646 657 1935 713 terminus
1957 654 2027 710 ab

372 756 646 811 omnibus
664 753 1040 821 discretus,et
1067 767 1182 805 uno
1207 751 1529 819 eodemque
1543 748 2026 802 modotranscen-

370 848 558 913 dens;
612 844 669 899 id
702 847 792 898 est
821 847 1114 914 quatenus
1146 844 1235 895 est
1264 856 1470 894 monas
1504 836 1648 891 nulli
1683 834 1859 890 mista
1892 834 2031 887 sim-

369 935 509 1007 plex
539 938 709 1003 atque
740 930 875 985 κατά
904 930 963 983 τὸ
993 927 1185 982 ταύτόν
1220 946 1323 984 seu
1356 926 1629 982 similiter
1672 941 1734 979 se
1766 923 2020 977 habens:

371 1023 519 1079 nihil
551 1023 707 1078 enim
742 1022 935 1076 differt
965 1021 1156 1074 dicere
1189 1018 1440 1072 monada
1464 1019 1564 1070 aut
1586 1013 1949 1077 uniusmodi,
1975 1014 2032 1066 et

370 1113 526 1167 idem
558 1115 659 1166 aut
676 1108 966 1181 ejusmodi
995 1109 1178 1162 :idem
1196 1106 1346 1161 enim
1361 1104 1673 1176 signiﬁcat.
1698 1103 1850 1156 Deus
1867 1117 2027 1155 com-

375 1200 640 1255 municat
666 1198 846 1253 etiam
879 1195 1004 1251 suis
1036 1190 1729 1256 creaturisidentitatem,
1750 1189 1903 1243 unde
1918 1203 2033 1241 om-

379 1288 478 1343 nia
490 1287 695 1343 eadem
710 1290 766 1341 et
780 1284 1073 1349 similiter,
1093 1281 1592 1354 quemadmodum
1611 1281 1796 1347 erant,
1812 1276 1870 1331 in
1890 1292 2029 1331 con-

376 1375 696 1448 spiratione
726 1380 782 1431 et
815 1372 1276 1439 conservatione,
1310 1387 1376 1425 ac
1417 1370 1621 1426 eodem
1654 1367 1863 1422 affectu
1909 1381 2034 1420 ma-

381 1472 539 1533 nent,
610 1467 764 1521 sicut
824 1466 1070 1535 possunt
1131 1478 1256 1532 qua:
1332 1459 1441 1515 hoc
1505 1456 1880 1529 participant.
1952 1454 2036 1507 Ita

379 1555 554 1611 etiam
610 1552 997 1620 diversitates,
1032 1552 1088 1605 id
1136 1554 1245 1620 est,
1308 1548 1571 1603 diversas
1626 1563 1695 1601 ex
1751 1561 1817 1599 eo
1876 1559 2036 1599 crea-

384 1651 650 1700 turarum
684 1641 1126 1713 progressiones
1161 1640 1220 1694 in
1254 1638 1447 1710 seipso
1481 1638 1788 1692 conservat
1820 1637 1875 1688 et
1906 1650 2037 1688 con-

380 1733 621 1805 jungit:
672 1729 851 1786 simul
884 1730 1253 1785 identitatem
1310 1744 1478 1783 suam
1511 1725 1791 1791 retinens,
1824 1728 1881 1779 et
1937 1738 2036 1776 ne-

389 1840 503 1893 que
533 1823 591 1877 in
644 1820 1041 1875 diversitatem
1076 1822 1363 1887 mutatus,
1394 1832 1583 1887 neque
1615 1816 1672 1869 in
1720 1812 2036 1869 contrarie-

2139 651 2361 723 ἀληθῶς
2389 656 2607 726 ταύτὸν,
2658 656 2749 711 καὶ
2800 656 2925 730 ὅρος
2976 658 3189 726 ἑαυτοῦ,
3220 656 3308 710 καὶ
3339 660 3447 710 τῶν
3501 658 3785 710 ἁπάντων·

2140 740 2264 815 ὅρος
2317 743 2375 798 ἐκ
2418 746 2632 799 πάντων
2694 746 3092 823 ἀφωρισμένος,
3144 746 3235 800 xui
3294 740 3791 819 ὑπεραναϐεϐηκὼς

2145 830 2440 904 μονοειδῶς
2472 836 2560 889 καὶ
2622 834 2972 903 ταύτοείδῶς,
3025 833 3275 889 τουτέστι
3330 835 3468 889 κατά
3514 834 3577 889 τὸ
3626 834 3792 907 μονὰς

2140 923 2275 974 εἶναι
2308 923 2341 990 ἡ
2379 923 2589 978 πάντων
2638 925 2840 999 ἀμιγὴς
2885 923 2974 978 καὶ
3026 921 3175 992 ἁπλῆ
3221 925 3311 977 καὶ
3350 924 3485 978 κατὰ
3510 923 3573 978 τὸ
3604 923 3796 977 ταύτὸν

2141 1008 2253 1062 ἀντὶ
2284 1016 2379 1065 τοῦ
2411 1013 2546 1066 κατᾶ
2588 1014 2650 1066 τὸ
2704 1013 2962 1077 ὡσαύτως
3007 1010 3151 1088 ἔχειν
3182 1033 3195 1045 ·
3258 1011 3410 1067 οὐδὲν
3461 1014 3563 1088 γὰρ
3612 1010 3795 1091 διαιρέ-

2142 1118 2221 1172 ρει
2247 1098 2455 1171 μονάδα
2514 1102 2682 1156 εἰπεῖν
2746 1100 2781 1170 ἤ
2845 1101 3145 1176 μονοειδὲς,
3200 1103 3291 1157 καὶ
3348 1102 3544 1157 ταύτὸν
3586 1101 3623 1171 ἤ
3663 1102 3792 1157 ταύ-

2140 1186 2345 1250 τοειδές
2381 1210 2393 1222 ·
2427 1191 2489 1244 τὸ
2521 1192 2625 1266 γὰρ
2670 1189 2801 1247 αὕτὸ
2858 1192 3132 1264 σημαίνει.
3169 1189 3511 1249 Μεταδίδωσι
3552 1192 3643 1247 καὶ
3678 1198 3795 1255 τοῖς

2142 1276 2191 1348 ἐξ
2218 1276 2383 1332 αὐτοῦ
2414 1279 2670 1352 κτίσμασι
2702 1285 2799 1335 τοῦ
2842 1281 3038 1336 ταύτοῦ
3088 1281 3116 1335 ὁ
3174 1282 3327 1351 Θεὸς,
3374 1283 3491 1336 ὅθεν
3522 1282 3589 1336 τὰ
3625 1281 3798 1337 πάντα

2142 1368 2279 1421 κατά
2334 1368 2403 1422 τὰ
2459 1369 2594 1424 αὐτὰ
2646 1369 2737 1424 καὶ
2810 1371 3090 1443 ὡσαύτως,
3148 1372 3327 1432 καθὼς
3385 1372 3473 1425 καὶ
3526 1370 3794 1446 ἐγένοντο,

2146 1456 2197 1511 ἐν
2224 1461 2292 1531 τῇ
2344 1461 2619 1532 συμπνοίᾳ
2663 1460 2755 1515 καὶ
2812 1462 3058 1536 σωτηρίᾳ
3113 1462 3202 1516 καὶ
3260 1462 3567 1535 συμπαθείᾳ
3601 1461 3792 1535 μένου-

2154 1568 2260 1615 σιν,
2313 1548 2386 1609 ὠς
2436 1546 2686 1604 δύνανται
2720 1549 2915 1605 τούτου
2973 1549 3291 1626 μετέχοντα.
3343 1550 3502 1608 Οὕτω
3559 1551 3649 1605 xui
3704 1552 3795 1613 τὰς

2149 1637 2490 1712 ἑτερότητας,
2520 1641 2763 1694 τουτέστι
2793 1641 2889 1702 τὰς
2926 1640 2975 1713 ἐξ
3018 1640 3181 1695 αὐτοῦ
3210 1645 3319 1695 τῶν
3370 1638 3792 1715 δημιουργημά-

2146 1748 2251 1779 των
2305 1725 2596 1802 διαφόρους
2655 1727 2947 1803 προόδους,
3002 1730 3052 1783 ἐν
3096 1729 3271 1803 ἑαυτῷ
3319 1730 3628 1803 σωζομένας
3683 1728 3795 1806 ἔχει

2146 1816 2239 1870 καὶ
2267 1820 2708 1892 συντεταγμένας,
2743 1818 2898 1891 ὅμως
2938 1825 3037 1889 τῆς
3084 1819 3418 1891 ταυτότητος
3444 1820 3636 1874 ἑαυτοῦ
3670 1819 3795 1895 ἐχό-

388 1915 595 1978 tatem,
627 1909 889 1983 quamvis
915 1907 1091 1963 etiam
1124 1906 1416 1962 contraria
1440 1905 1501 1959 in
1532 1903 1850 1960 sensilibus
1894 1918 2033 1957 con-

2152 1926 2331 2005 μενος,
2362 1907 2452 1960 καὶ
2502 1907 2578 1970 εἷς
2623 1908 2916 1982 ἑτερότητα
2964 1909 3038 1981 μὴ
3091 1906 3516 1981 ἀλλοιούμενος,
3553 1909 3692 1981 μήτε
3724 1908 3797 1970 εἷς

393 2001 668 2073 stringat.

460 2181 489 2253 ἒ
514 2181 581 2236 ν.
616 2180 762 2249 Quia
785 2179 998 2236 cunctis
1027 2177 1277 2250 provide.
1306 2174 1675 2232 Constructio
1698 2173 1877 2243 hujus
1909 2189 2038 2227 ora-

388 2270 567 2325 tionis
598 2274 687 2326 est
718 2285 820 2340 per
850 2268 1256 2339 trajectionem
1290 2267 1444 2322 206
1470 2264 1773 2320 referenda
1804 2262 1875 2317 ad
1912 2259 2035 2329 οἰη-

384 2359 529 2427 τέον,
562 2364 628 2414 ut
660 2358 737 2414 sit
768 2358 901 2413 ﬁnis
943 2356 1391 2424 existimandus,
1427 2354 1705 2426 quoniam
1733 2354 1879 2407 Deus
1904 2368 2035 2422 pro-

384 2448 640 2504 videntia
661 2448 827 2503 adest
858 2446 1155 2515 omnibus,
1192 2450 1249 2499 et
1280 2461 1406 2515 quae
1438 2444 1734 2514 deinceps.

458 2547 609 2602 Sicut
657 2548 803 2603 enim
833 2546 884 2601 si
913 2547 1178 2601 animam.
1213 2542 1358 2598 Vide
1389 2541 1684 2614 quomodo
1707 2539 1878 2594 liceat
1911 2538 2038 2593 ani-

387 2653 544 2692 mam
577 2637 750 2692 modo
782 2630 1423 2707 corporeointelligere,
1458 2636 1513 2684 et
1545 2630 1834 2701 quomodo
1868 2628 2037 2683 intel-

389 2725 538 2797 ligat
569 2725 741 2780 modo
773 2741 1049 2795 corporeo
1090 2738 1217 2777 esse
1248 2725 1441 2792 partes
1472 2718 1755 2790 quasdam
1786 2716 1994 2771 animae
2022 2734 2034 2769 :

386 2814 633 2886 pulchre
663 2814 817 2869 enim
851 2812 1037 2883 ipsam
1074 2825 1342 2865 sermone
1373 2807 1617 2878 efﬁngit.

462 2902 725 2958 Partium
753 2900 985 2972 experti.
1016 2897 1227 2953 Anima
1260 2914 1374 2951 non
1406 2902 1495 2951 est
1513 2894 1861 2966 simpliciter
1891 2893 2039 2948 indi-

386 2990 596 3047 vidua:
631 2991 731 3045 sed
759 2994 1024 3060 respectu
1058 2986 1317 3056 corporis
1352 2983 1656 3038 individua
1697 2999 1709 3038 :
1744 3000 1877 3037 nam
1909 2984 2037 3053 ejus

388 3088 584 3150 partes
608 3077 914 3133 facultates
937 3076 1101 3143 dicit,
1124 3075 1195 3129 ad
1222 3090 1473 3146 quarum
1499 3072 1815 3143 imaginem
1851 3088 2037 3143 quan-

390 3168 582 3238 doque
612 3170 807 3238 partes
840 3164 1101 3236 corporis
1128 3166 1467 3217 sumuntur.

460 3254 975 3326 Explanationibus,
1011 3250 1378 3319 άναπτύξεσιν.
1421 3246 1740 3320 Ἀνάπτυξιν
1787 3266 1917 3304 vero
1947 3249 2034 3303 di-

2147 1994 2514 2065 ἐναντιότητα,
2575 1995 2755 2051 καίτοι
2806 1997 2895 2051 xui
2944 1996 3181 2053 ηναντία
3244 1998 3295 2053 ἐν
3342 2004 3459 2061 τοῖς
3518 1998 3799 2069 αἰσθητοῖς

2148 2085 2388 2159 συνέχων
2400 2128 2411 2139 .

2219 2177 2339 2244 §V.
2388 2172 2612 2243 Ἐπειδή
2664 2174 2794 2229 πὰσι
2844 2182 3243 2253 προνοητικῶς.
3303 2178 3437 2232 Καθ’
3496 2172 3798 2251 ὑπέρϐατόν

2146 2261 2285 2317 ἐστιν
2339 2266 2373 2332 ἡ
2428 2263 2669 2334 σύνταξις
2726 2267 2861 2339 πρὸς
2910 2267 2971 2319 τὸ
3010 2266 3224 2336 οἷήτέον
3272 2260 3477 2341 ἔχουσα
3513 2266 3614 2333 τήν
3664 2265 3799 2321 ἀπό-

2148 2349 2319 2419 δοσιν,
2348 2350 2438 2406 ῗνα
2468 2353 2501 2421 ἦ
2552 2354 2613 2407 τὸ
2660 2352 2821 2415 τέλος
2873 2354 3111 2424 οἰητέον,
3162 2352 3349 2424 ἐπειδὴ
3399 2360 3528 2410 πᾶσι
3559 2374 3801 2430 προνοη-

2144 2443 2311 2505 τικῶς
2341 2442 2593 2517 πάρεστιν
2620 2444 2646 2496 ὁ
2680 2443 2829 2514 Θεὸς,
2852 2444 2941 2497 xui
2971 2445 3037 2497 τὰ
3063 2444 3209 2516 ἑξῆς.

2218 2541 2305 2601 Ὡς
2354 2541 2454 2614 γὰρ
2509 2540 2553 2594 εἰ
2609 2542 2708 2609 τὴν
2786 2542 2993 2617 ψυχὴν.
3070 2545 3214 2617 ’Όρα
3288 2546 3407 2603 πῶς
3465 2538 3635 2598 ἔνεστι
3700 2545 3798 2611 τήν

2150 2629 2337 2702 ψυχὴν
2371 2629 2699 2701 σωματίκῶς
2749 2634 2965 2701 νοῆσαι,
3012 2630 3102 2684 καὶ
3146 2635 3264 2693 πῶς
3295 2636 3410 2685 νοεῖ
3442 2633 3581 2705 μέρη
3611 2634 3803 2706 ψυχῆς

2150 2718 2282 2771 εἶναι
2334 2722 2662 2790 σωματικῶς
2699 2738 2711 2750 ·
2772 2716 2956 2781 καλῶς
3005 2721 3105 2793 γὰρ
3153 2718 3319 2789 αὐτὴν
3367 2718 3685 2775 διαπλάττει
3725 2725 3803 2790 τῷ

2152 2804 2322 2879 λόγῳ.

2220 2898 2304 2969 Τῇ
2328 2894 2536 2969 ἀμερει.
2597 2898 2836 2972 Ἀμερὴς
2889 2898 2922 2966 ἡ
2967 2899 3120 2971 ψυχὴ
3168 2896 3274 2973 οὐχ
3310 2896 3526 2965 ἁπλῶς,
3567 2896 3697 2954 ἀλλ’
3727 2901 3801 2962 ὡς

2147 2985 2282 3056 πρὸς
2312 2990 2470 3057 σῶμα
2500 2985 2709 3061 ἀμερής
2744 3004 2756 3017 ⁸
2812 2988 2949 3061 μέρη
2996 2986 3098 3061 γὰρ
3149 2988 3318 3051 αὐτῆς
3374 2987 3461 3041 xui
3503 2988 3599 3049 τὰς
3634 2985 3799 3042 δυνά-

2152 3094 2271 3145 μεις
2298 3074 2482 3151 φησὶν,
2516 3074 2589 3127 ὦν
2638 3074 2713 3134 εἰς
2754 3073 2933 3128 εἰκόνα
2977 3074 3042 3128 τὰ
3094 3074 3233 3149 μέρη
3282 3080 3378 3131 τοῦ
3409 3077 3666 3149 σώματος
3693 3072 3800 3140 ἔσθ’

2148 3161 2237 3216 ὅτε
2267 3158 2769 3238 παραλαμϐάνεται.

2219 3250 2621 3321 Ἀναπτύξεσιν.
2699 3251 3015 3322 Ἀνάπτυξιν

3132 3251 3188 3307 δὲ
3273 3251 3421 3329 λέγει
3495 3254 3797 3325 ἐξάπλωσιν

387 3344 462 3399 cit
495 3343 943 3417 explicationem
975 3359 1077 3398 seu
1112 3339 1647 3396 manifestationem
1680 3340 2033 3394 absconditae

2152 3337 2272 3409 ἤτοι
2327 3309 2615 3413 σαφήνειαν
2676 3348 2775 3409 τῆς
2818 3309 3265 3415 ἐγκεκρυμμένης
3306 3309 3361 3397 ἐν
3404 3348 3473 3417 τῇ
3524 3309 3797 3416 λέξειεν·

384 3433 444 3489 in
478 3433 731 3489 dictione
760 3430 1247 3505 signiﬁcationis;
1300 3426 1742 3501 ἀνακαθαίρεσθαι
1776 3445 1908 3484 vero
1947 3433 2039 3483 est

383 3523 723 3579 omnimodo
759 3520 1313 3593 corporeisliberare
1363 3518 1420 3572 id
1440 3518 1593 3588 quod
1614 3518 2035 3583 consideratur,

476 3621 802 3692 Tripartitas
842 3636 1133 3691 corporum
1184 3623 1406 3688 ﬁguras.
1456 3617 1676 3672 Ternas
1726 3632 2035 3687 corporum

388 3711 607 3782 figuras
630 3710 791 3773 dicit,
809 3709 1097 3779 triplicem
1134 3706 1496 3773 distantiam,
1519 3705 2035 3775 utclareexplical:

385 3805 444 3855 et
469 3803 620 3853 recte
651 3814 720 3853 ex
754 3798 857 3853 hoc
892 3797 1016 3850 loco
1049 3795 1341 3865 intelliges
1365 3795 1715 3849 sententiam
1747 3794 2032 3865 Apostoli,

391 3888 455 3943 Ut
483 3888 813 3958 cognoscatis
851 3900 976 3956 quae
1001 3883 1378 3955 profunditas,
1411 3887 1463 3937 et
1502 3899 1619 3953 quae
1650 3882 1882 3937 altitudo
1913 3883 2032 3953 (τη),

388 3982 447 4033 et
475 3982 699 4045 caetera,
724 3976 878 4046 quod
898 3973 1077 4045 aliqui
1098 3974 1169 4027 de
1192 3972 1436 4027 salutari
1457 3987 1625 4026 cruce
1660 3976 2030 4040 acceperunt.

386 4066 536 4121 Nota
564 4081 695 4119 vero
728 4064 866 4135 quid
889 4062 1213 4135 longitudo,
1241 4066 1298 4117 et
1320 4061 1687 4133 profunditas
1710 4064 1765 4115 et
1788 4058 2034 4114 latitudo

388 4158 448 4211 in
481 4154 620 4209 Deo.

456 4242 614 4297 Nunc
654 4248 837 4297 autem
879 4243 1057 4310 ipsam
1106 4238 1384 4294 divinam.
1438 4237 1589 4292 Illud
1639 4236 1927 4291 unitatem
1977 4239 2034 4291 et

382 4332 769 4398 identitatem,
819 4334 875 4385 et
903 4327 1322 4400 aequalitatem,
1357 4332 1531 4397 atque
1578 4325 2033 4380 similitudinem

384 4420 612 4493 antiqui
644 4436 883 4475 causam
928 4417 1252 4473 concordia;
1279 4419 1537 4470 totorum
1572 4419 1629 4469 et
1660 4414 2034 4484 providentia:

384 4514 563 4581 atque
594 4509 801 4564 salutis
827 4510 1132 4571 vocarunt,
1157 4504 1313 4575 quod
1337 4504 1512 4558 etiam
1536 4520 1707 4557 unum
1725 4502 2033 4558 dicebanti

386 4598 783 4653 diversitatem
807 4614 960 4662 vero,
996 4600 1052 4650 et
1081 4592 1626 4649 dissimilitudinem
1660 4597 1716 4647 et
1740 4592 2033 4662 inaequali-

2146 3428 2299 3490 νοίας
2333 3448 2344 3461 ·
2379 3430 2441 3483 τὸ
2472 3426 2527 3483 δν
2573 3430 3037 3501 ἂνακαθαίρεσθαι,
3076 3432 3138 3485 τὸ
3168 3431 3438 3494 παντοίως
3463 3436 3571 3487 τῶν
3610 3456 3797 3506 σωμα-

2144 3523 2313 3574 τικῶν
2347 3517 2654 3588 ἀπαλλάξαι
2687 3520 2746 3573 τὸ
2772 3520 3167 3595 θεωρούμενον.

2218 3616 2300 3673 Τὰ
2355 3616 2545 3685 τριττά
2598 3621 2706 3670 τῶν
2764 3616 3033 3689 σῶμάτων
3067 3620 3349 3692 σχήματα.
3402 3622 3602 3693 Τριττᾶ
3652 3624 3797 3697 σχή-

2150 3727 2289 3777 ματα
2344 3710 2452 3759 τῶν
2505 3704 2774 3778 σωμάτων
2831 3706 2963 3783 φησὶ
3018 3707 3081 3761 τὸ
3138 3711 3307 3783 τριχῆ
3365 3705 3673 3781 διαστατὸν,
3722 3711 3796 3772 ὡς

2146 3793 2300 3857 εὐθὺς
2358 3794 2687 3869 σαφηνίζει·
2747 3795 2837 3849 xui
2921 3793 3107 3857 καλῶς
3165 3795 3403 3851 ἐντεῦθεν
3458 3801 3673 3869 νοήσεις
3732 3800 3793 3854 τὸ

2146 3881 2430 3956 εἰρημένον
2481 3886 2559 3953 τῷ
2612 3881 2953 3955 Ἀποστολῳ,
2998 3886 3113 3939 Ἵνα
3159 3888 3333 3959 γνῶτε
3385 3886 3435 3940 τί
3493 3886 3556 3941 τὸ
3610 3886 3791 3961 βάθος,

2143 3968 2233 4022 xui
2263 3970 2314 4023 τί
2343 3970 2403 4024 τὸ
2456 3967 2614 4043 ὕψος,
2646 3971 2735 4024 καὶ
2792 3971 2859 4024 τὰ
2900 3971 3044 4041 ἑξῆς,
3089 3973 3219 4046 ὅπερ
3277 3974 3417 4035 τινὲς
3451 3974 3528 4036 εἷς
3560 3976 3648 4030 τὸν
3685 3997 3793 4029 σω-

2142 4059 2331 4129 τηριον
2367 4058 2591 4131 σταυρὸν
2626 4054 2890 4127 ἐδέξαντο.
2947 4057 3265 4131 Σημείωσαι
3308 4058 3363 4114 δὲ
3392 4060 3444 4115 τί
3478 4064 3673 4134 μῆκος,
3704 4061 3793 4117 καὶ

2149 4146 2334 4219 βάθος,
2367 4145 2456 4199 xui
2486 4144 2692 4207 πλάτος
2726 4145 2813 4199 ἐπὶ
2853 4151 3008 4203 Θεοῦ.

2216 4239 2318 4289 Νῦν
2359 4232 2416 4288 δὲ
2456 4233 2621 4303 αὐτὴν
2674 4236 2771 4303 τὴν
2824 4236 2991 4292 θείαν.
3042 4238 3115 4291 Τὸ
3169 4233 3418 4309 ἑνότητα,
3465 4240 3555 4293 xui
3600 4239 3793 4296 ταυτό-

2141 4344 2302 4392 τητα,
2360 4323 2447 4377 καὶ
2508 4323 2753 4394 ἰσότητα,
2816 4325 2905 4379 xui
2967 4324 3295 4398 ὁμοιότητα,
3343 4329 3405 4382 τὸ
3463 4327 3636 4384 αἶ’τιον
3694 4336 3793 4398 τῆς

2141 4418 2248 4467 τῶν
2279 4411 2423 4467 ὅλων
2473 4414 2829 4486 σ)μπαθείας,
2890 4415 2977 4469 xui
3039 4416 3319 4492 προνοίας,
3374 4417 3461 4471 καὶ
3523 4419 3794 4493 σωτηρίας

2145 4502 2359 4575 [α’ίτιον]
2392 4500 2649 4556 ἐκάλεσαν
2708 4503 2759 4556 oi
2818 4502 3067 4571 παλαιοὶ,
3130 4504 3261 4579 ὅπερ
3322 4507 3413 4560 καὶ
3468 4506 3523 4561 ἓν
3557 4504 3741 4583 ἔλεγον
3781 4528 3793 4541 ·

2145 4591 2433 4664 ἑτερότητα
2467 4589 2523 4645 δὲ
2581 4591 2669 4645 καὶ
2719 4591 3092 4664 ἀνομοιότητα
3148 4595 3248 4663 τὴν
3308 4594 3384 4657 είς
3436 4597 3501 4649 τὰ
3545 4599 3788 4670 μεριστὰ,

384 4691 565 4742 tatem
598 4686 882 4741 vocabant
914 4684 1341 4756 providentiam
1364 4682 1653 4737 Creatoris
1683 4698 1821 4752 erga
1844 4680 2033 4736 divisi-

2152 4679 2232 4733 καὶ
2289 4676 2628 4751 μεταϐλητὰ,
2679 4680 2769 4733 xui
2829 4680 3081 4753 αἰσθητὰ,
3140 4682 3229 4736 καὶ
3283 4685 3381 4751 τὴν
3442 4684 3517 4746 εἷς
3567 4686 3633 4738 τὰ
3663 4682 3791 4739 ὄντα

386 4776 530 4831 bilia
576 4781 632 4832 et
662 4773 992 4842 mutabilia,
1039 4777 1095 4828 et
1121 4770 1385 4841 sensilia,
1418 4776 1594 4841 atque
1624 4787 1761 4842 erga
1791 4788 1860 4827 ea
1907 4787 2033 4841 qum

386 4870 527 4922 sunt
558 4865 676 4921 sive
704 4861 1134 4934 intelligibilia:
1169 4860 1563 4931 intelligentes
1597 4860 1832 4914 nomina
1865 4864 2036 4929 prout

382 4971 480 5011 res
502 4972 628 5026 quae
652 4953 1063 5025 signiﬁcantur
1082 4951 1342 5021 exigunt,
1368 4950 1520 5003 sicut
1542 4950 1716 5003 etiam
1739 4966 1920 5019 supra
1937 4966 2034 5003 va-

388 5044 473 5099 rie
505 5044 794 5111 diximus;
857 5041 953 5096 alii
986 5057 1120 5095 vero
1152 5038 1514 5093 identitatem
1548 5042 1603 5092 et
1638 5037 2033 5094 diversitatem

380 5133 507 5190 sive
538 5133 804 5187 eamdem
836 5135 894 5185 et
924 5130 1212 5184 diversam
1265 5128 1513 5181 formam
1556 5142 1621 5180 ac
1654 5126 2038 5196 privationem

390 5220 701 5288 dixerunt;
735 5218 833 5275 alii
856 5234 987 5273 vero
1012 5218 1187 5272 ﬁnem
1221 5219 1277 5270 et
1296 5214 1667 5269 inﬁnitatem.
1694 5214 1859 5284 [Nota
1881 5215 2035 5284 quod

383 5309 481 5367 hic
504 5310 763 5365 declarat
784 5324 845 5363 se
868 5311 1179 5363 tractatum
1197 5302 1875 5375 Deaymboticatheologia
1888 5318 2039 5358 com-

453 5515 553 5589 (m)
580 5514 797 5587 Ephes'
833 5531 920 5582 III,
959 5515 1044 5569 18.

2146 4766 2223 4839 δὲ,
2283 4766 2407 4833 ἤτοι
2464 4768 2634 4838 νοητά
2702 4766 3101 4844 δημιουργικὴν
3155 4773 3414 4844 πρόνοιαν
3437 4775 3481 4809 ⁷⁸
3538 4772 3788 4839 ἐκάλουν,

2143 4856 2423 4932 ἀναλόγως
2478 4863 2595 4918 τοῖς
2647 4855 3018 4931 δηλουμένοις
3077 4865 3326 4922 νοοῦντες
3389 4863 3495 4933 [καὶ
3547 4864 3617 4917 τὰ
3672 4862 3789 4917 ὀνό-

2146 4950 2332 5019 ματα],
2376 4947 2449 5007 ὡς
2504 4947 2593 5000 xui
2645 4944 2754 5000 ἄνω
2817 4944 3090 5025 διαφόρως
3143 4949 3439 5023 εἰρήκαμεν
3461 4954 3523 5008 ⁷⁷.
3585 4950 3787 5007 Ἀλλοι

2140 5032 2197 5088 δὲ
2253 5035 2350 5102 τὴν
2401 5034 2707 5103 ταυτότητά
2760 5035 2849 5089 καὶ
2908 5036 3221 5109 ἑτερότητα,
3277 5035 3401 5106 ἤτοι
3453 5038 3647 5095 ταύτὸν
3699 5040 3789 5095 καὶ

2134 5119 2318 5196 ἕτερον
2372 5120 2512 5184 εἶδος
2564 5122 2653 5176 xui
2712 5123 2961 5199 στέρησιν
3020 5125 3191 5182 εἶπον.
3243 5128 3453 5200 Ἐτεροι
3514 5126 3592 5198 δὲ,
3625 5129 3789 5205 πέρας

2136 5213 2226 5267 καὶ
2285 5211 2507 5285 ἄπειρον
2540 5214 2604 5267 ⁷⁸.
2651 5214 2791 5283 [”Οτι
2836 5214 3139 5267 συντάττειν
3200 5213 3592 5291 ἐπαγγέλλεται
3640 5224 3789 5291 Συμ-

2142 5296 2373 5371 ϐολικὴν
2436 5300 2765 5376 θεολογίαν.Ι
2841 5302 3075 5357 Ἑνιαῖον
3139 5300 3196 5357 δὲ
3253 5301 3786 5381 πολλαπλασιασμον

1372 5638 1613 5696 ΝΑΒΙιΕ
1651 5638 2032 5699 LEGI‘IONES
2072 5640 2163 5698 ET
2215 5637 2775 5699 CORRECTIONES.

447 5778 493 5819 ⁷⁸
514 5771 768 5854 πρόοδον.
843 5775 886 5810 ⁷⁷
917 5770 1395 5848 παρατεθείκαμεν.
1472 5775 1514 5811 ⁷³
1536 5770 1801 5849 ἀπειρίαν.
