  <div class='ocr_page' id='page_1' title='image "/cluster/home/n/w/nwhite01/storage/ocr_20150623/4/mdp.39015078384529/198.png"; bbox 0 0 4062 6366; ppageno 0'>
   <div class='ocr_carea' id='block_1_1' title="bbox 170 406 2818 473">
    <p class='ocr_par' dir='ltr' id='par_1_1' title="bbox 170 406 2818 473">
     <span class='ocr_line' id='line_1_1' title="bbox 170 406 2818 473; baseline 0.003 -12"><span class='ocrx_word' id='word_1_1' title='bbox 170 406 257 461; x_wconf 74' lang='lat' dir='ltr'>3T7</span> <span class='ocrx_word' id='word_1_2' title='bbox 920 416 978 467; x_wconf 85' lang='lat' dir='ltr'>S.</span> <span class='ocrx_word' id='word_1_3' title='bbox 1021 415 1285 469; x_wconf 78' lang='lat' dir='ltr'>MAXIM!</span> <span class='ocrx_word' id='word_1_4' title='bbox 1322 415 1627 469; x_wconf 79' lang='lat' dir='ltr'>SCHOLIA</span> <span class='ocrx_word' id='word_1_5' title='bbox 1665 418 1742 469; x_wconf 86' lang='lat' dir='ltr'>IN</span> <span class='ocrx_word' id='word_1_6' title='bbox 1780 416 1913 469; x_wconf 87' lang='lat' dir='ltr'>LIB.</span> <span class='ocrx_word' id='word_1_7' title='bbox 1954 419 2051 469; x_wconf 83' lang='lat' dir='ltr'>DE</span> <span class='ocrx_word' id='word_1_8' title='bbox 2090 418 2364 472; x_wconf 82' lang='lat' dir='ltr'>DIVINIS</span> <span class='ocrx_word' id='word_1_9' title='bbox 2401 419 2818 473; x_wconf 84' lang='lat' dir='ltr'>NOMINIBUS.</span> 
     </span>
    </p>
   </div>
   <div class='ocr_carea' id='block_1_2' title="bbox 3474 418 3578 471">
    <p class='ocr_par' dir='ltr' id='par_1_2' title="bbox 3474 418 3578 471">
     <span class='ocr_line' id='line_1_2' title="bbox 3474 418 3578 471; baseline 0 -1"><span class='ocrx_word' id='word_1_10' title='bbox 3474 418 3578 471; x_wconf 83' lang='lat'>378</span> 
     </span>
    </p>
   </div>
   <div class='ocr_carea' id='block_1_3' title="bbox 169 529 1815 612">
    <p class='ocr_par' dir='ltr' id='par_1_3' title="bbox 169 529 1815 607">
     <span class='ocr_line' id='line_1_3' title="bbox 169 529 1815 607; baseline 0.004 -24"><span class='ocrx_word' id='word_1_11' title='bbox 169 551 287 607; x_wconf 66' lang='grc' dir='ltr'>φησι</span> <span class='ocrx_word' id='word_1_12' title='bbox 318 531 380 585; x_wconf 89' lang='grc' dir='ltr'>τὸ</span> <span class='ocrx_word' id='word_1_13' title='bbox 412 529 467 585; x_wconf 74' lang='grc' dir='ltr'>έν</span> <span class='ocrx_word' id='word_1_14' title='bbox 504 531 686 604; x_wconf 81' lang='grc' dir='ltr'>οἰκείᾳ</span> <span class='ocrx_word' id='word_1_15' title='bbox 716 532 981 603; x_wconf 82' lang='grc' dir='ltr'>ἁπλότητι</span> <span class='ocrx_word' id='word_1_16' title='bbox 1019 536 1250 607; x_wconf 77' lang='grc' dir='ltr'>μένοντα</span> <span class='ocrx_word' id='word_1_17' title='bbox 1277 535 1370 591; x_wconf 92' lang='grc' dir='ltr'>τὸν</span> <span class='ocrx_word' id='word_1_18' title='bbox 1413 537 1565 606; x_wconf 86' lang='grc' dir='ltr'>Θεὸν,</span> <span class='ocrx_word' id='word_1_19' title='bbox 1595 535 1661 591; x_wconf 78' lang='grc' dir='ltr'>τὰ</span> <span class='ocrx_word' id='word_1_20' title='bbox 1703 557 1815 590; x_wconf 90' lang='grc' dir='ltr'>ποι-</span> 
     </span>
    </p>
   </div>
   <div class='ocr_carea' id='block_1_4' title="bbox 1933 529 3581 612">
    <p class='ocr_par' dir='ltr' id='par_1_4' title="bbox 1934 538 3581 612">
     <span class='ocr_line' id='line_1_4' title="bbox 1934 538 3581 612; baseline 0.001 -18"><span class='ocrx_word' id='word_1_21' title='bbox 1934 538 2310 612; x_wconf 73' lang='lat' dir='ltr'>positurum]</span> <span class='ocrx_word' id='word_1_22' title='bbox 2343 545 2416 596; x_wconf 84' lang='lat' dir='ltr'>At</span> <span class='ocrx_word' id='word_1_23' title='bbox 2443 542 2572 611; x_wconf 85' lang='lat' dir='ltr'>ejus</span> <span class='ocrx_word' id='word_1_24' title='bbox 2604 556 2671 595; x_wconf 88' lang='lat' dir='ltr'>ex</span> <span class='ocrx_word' id='word_1_25' title='bbox 2702 558 2817 595; x_wconf 91' lang='lat' dir='ltr'>uno</span> <span class='ocrx_word' id='word_1_26' title='bbox 2851 540 3397 612; x_wconf 86' lang='lat' dir='ltr'>multiplicationem</span> <span class='ocrx_word' id='word_1_27' title='bbox 3439 542 3581 596; x_wconf 75' lang='lat' dir='ltr'>dicit</span> 
     </span>
    </p>
   </div>
   <div class='ocr_carea' id='block_1_5' title="bbox 163 619 1819 700">
    <p class='ocr_par' dir='ltr' id='par_1_5' title="bbox 163 619 1819 700">
     <span class='ocr_line' id='line_1_5' title="bbox 163 619 1819 700; baseline 0.004 -26"><span class='ocrx_word' id='word_1_28' title='bbox 163 619 283 675; x_wconf 86' lang='grc' dir='ltr'>κίλα</span> <span class='ocrx_word' id='word_1_29' title='bbox 339 621 431 675; x_wconf 82' lang='grc' dir='ltr'>καὶ</span> <span class='ocrx_word' id='word_1_30' title='bbox 486 621 812 692; x_wconf 74' lang='grc' dir='ltr'>παντοδαπῇ</span> <span class='ocrx_word' id='word_1_31' title='bbox 859 620 977 693; x_wconf 76' lang='grc' dir='ltr'>εἷ’δη</span> <span class='ocrx_word' id='word_1_32' title='bbox 1038 628 1137 693; x_wconf 75' lang='grc' dir='ltr'>τῆς</span> <span class='ocrx_word' id='word_1_33' title='bbox 1189 625 1413 687; x_wconf 79' lang='grc' dir='ltr'>κτίσεως</span> <span class='ocrx_word' id='word_1_34' title='bbox 1472 630 1819 700; x_wconf 87' lang='grc' dir='ltr'>παραγαγεῖν·</span> 
     </span>
    </p>
   </div>
   <div class='ocr_carea' id='block_1_6' title="bbox 165 707 1821 787">
    <p class='ocr_par' dir='ltr' id='par_1_6' title="bbox 165 707 1821 787">
     <span class='ocr_line' id='line_1_6' title="bbox 165 707 1821 787; baseline 0.004 -25"><span class='ocrx_word' id='word_1_35' title='bbox 165 707 395 782; x_wconf 77' lang='grc' dir='ltr'>πρόοδον</span> <span class='ocrx_word' id='word_1_36' title='bbox 426 710 529 785; x_wconf 68' lang='grc' dir='ltr'>γὰρ</span> <span class='ocrx_word' id='word_1_37' title='bbox 581 709 730 786; x_wconf 78' lang='grc' dir='ltr'>λέγει</span> <span class='ocrx_word' id='word_1_38' title='bbox 782 714 879 780; x_wconf 73' lang='grc' dir='ltr'>τήν</span> <span class='ocrx_word' id='word_1_39' title='bbox 926 714 1064 787; x_wconf 86' lang='grc' dir='ltr'>πρὸς</span> <span class='ocrx_word' id='word_1_40' title='bbox 1109 715 1172 768; x_wconf 91' lang='grc' dir='ltr'>τὸ</span> <span class='ocrx_word' id='word_1_41' title='bbox 1221 714 1397 769; x_wconf 90' lang='grc' dir='ltr'>κτίσαι</span> <span class='ocrx_word' id='word_1_42' title='bbox 1428 716 1495 769; x_wconf 78' lang='grc' dir='ltr'>τὰ</span> <span class='ocrx_word' id='word_1_43' title='bbox 1526 712 1671 783; x_wconf 76' lang='grc' dir='ltr'>ὄντα,</span> <span class='ocrx_word' id='word_1_44' title='bbox 1706 717 1821 769; x_wconf 82' lang='grc' dir='ltr'>οἷον</span> 
     </span>
    </p>
   </div>
   <div class='ocr_carea' id='block_1_7' title="bbox 167 798 740 874">
    <p class='ocr_par' dir='ltr' id='par_1_7' title="bbox 167 798 740 874">
     <span class='ocr_line' id='line_1_7' title="bbox 167 798 740 874; baseline 0.007 -22"><span class='ocrx_word' id='word_1_45' title='bbox 167 798 284 868; x_wconf 86' lang='grc' dir='ltr'>κίνη</span> <span class='ocrx_word' id='word_1_46' title='bbox 298 821 378 853; x_wconf 84' lang='grc' dir='ltr'>σιν</span> <span class='ocrx_word' id='word_1_47' title='bbox 411 801 500 854; x_wconf 78' lang='grc' dir='ltr'>καὶ</span> <span class='ocrx_word' id='word_1_48' title='bbox 537 801 740 874; x_wconf 79' lang='grc' dir='ltr'>ὁρμήν.</span> 
     </span>
    </p>
   </div>
   <div class='ocr_carea' id='block_1_8' title="bbox 233 977 1821 1059">
    <p class='ocr_par' dir='ltr' id='par_1_8' title="bbox 233 977 1821 1059">
     <span class='ocr_line' id='line_1_8' title="bbox 233 977 1821 1059; baseline 0.004 -28"><span class='ocrx_word' id='word_1_49' title='bbox 233 978 383 1045; x_wconf 80' lang='lat' dir='ltr'>§VI.</span> <span class='ocrx_word' id='word_1_50' title='bbox 415 981 651 1052; x_wconf 74' lang='grc' dir='ltr'>’Ὁμοιον</span> <span class='ocrx_word' id='word_1_51' title='bbox 690 978 746 1035; x_wconf 76' lang='grc' dir='ltr'>δὲ</span> <span class='ocrx_word' id='word_1_52' title='bbox 775 982 865 1035; x_wconf 84' lang='grc' dir='ltr'>τὸν</span> <span class='ocrx_word' id='word_1_53' title='bbox 900 983 1050 1037; x_wconf 85' lang='grc' dir='ltr'>Θεὸν.</span> <span class='ocrx_word' id='word_1_54' title='bbox 1083 984 1200 1059; x_wconf 79' lang='grc' dir='ltr'>Ἐφ’</span> <span class='ocrx_word' id='word_1_55' title='bbox 1232 986 1391 1057; x_wconf 82' lang='grc' dir='ltr'>ἡμῶν</span> <span class='ocrx_word' id='word_1_56' title='bbox 1428 984 1524 1038; x_wconf 82' lang='grc' dir='ltr'>οὐκ</span> <span class='ocrx_word' id='word_1_57' title='bbox 1566 977 1706 1037; x_wconf 78' lang='grc' dir='ltr'>ἔστιν</span> <span class='ocrx_word' id='word_1_58' title='bbox 1742 984 1821 1037; x_wconf 85' lang='grc' dir='ltr'>εἷ’-</span> 
     </span>
    </p>
   </div>
   <div class='ocr_carea' id='block_1_9' title="bbox 165 1067 1822 1145">
    <p class='ocr_par' dir='ltr' id='par_1_9' title="bbox 165 1067 1822 1145">
     <span class='ocr_line' id='line_1_9' title="bbox 165 1067 1822 1145; baseline 0.006 -27"><span class='ocrx_word' id='word_1_59' title='bbox 165 1072 286 1119; x_wconf 81' lang='grc' dir='ltr'>πεῖν</span> <span class='ocrx_word' id='word_1_60' title='bbox 320 1067 542 1140; x_wconf 79' lang='grc' dir='ltr'>ὅμοιον·</span> <span class='ocrx_word' id='word_1_61' title='bbox 566 1071 627 1124; x_wconf 88' lang='grc' dir='ltr'>τὸ</span> <span class='ocrx_word' id='word_1_62' title='bbox 649 1072 749 1145; x_wconf 69' lang='grc' dir='ltr'>γὰρ</span> <span class='ocrx_word' id='word_1_63' title='bbox 782 1076 942 1143; x_wconf 87' lang='grc' dir='ltr'>σῶμα</span> <span class='ocrx_word' id='word_1_64' title='bbox 963 1074 1123 1144; x_wconf 80' lang='grc' dir='ltr'>ἡμῶν</span> <span class='ocrx_word' id='word_1_65' title='bbox 1148 1070 1199 1142; x_wconf 79' lang='grc' dir='ltr'>ἐξ</span> <span class='ocrx_word' id='word_1_66' title='bbox 1223 1074 1571 1145; x_wconf 68' lang='grc' dir='ltr'>ὁμοιομερῶν</span> <span class='ocrx_word' id='word_1_67' title='bbox 1593 1073 1679 1127; x_wconf 87' lang='grc' dir='ltr'>καὶ</span> <span class='ocrx_word' id='word_1_68' title='bbox 1704 1074 1822 1128; x_wconf 83' lang='grc' dir='ltr'>ἀνο-</span> 
     </span>
    </p>
   </div>
   <div class='ocr_carea' id='block_1_10' title="bbox 172 1160 1819 1234">
    <p class='ocr_par' dir='ltr' id='par_1_10' title="bbox 172 1160 1819 1234">
     <span class='ocr_line' id='line_1_10' title="bbox 172 1160 1819 1234; baseline 0.004 -25"><span class='ocrx_word' id='word_1_69' title='bbox 172 1162 485 1231; x_wconf 86' lang='grc' dir='ltr'>μοιομερῶν</span> <span class='ocrx_word' id='word_1_70' title='bbox 519 1160 863 1229; x_wconf 75' lang='grc' dir='ltr'>συνέστηκεν,</span> <span class='ocrx_word' id='word_1_71' title='bbox 900 1162 976 1222; x_wconf 84' lang='grc' dir='ltr'>ὡς</span> <span class='ocrx_word' id='word_1_72' title='bbox 1011 1162 1097 1215; x_wconf 86' lang='grc' dir='ltr'>καὶ</span> <span class='ocrx_word' id='word_1_73' title='bbox 1140 1160 1525 1234; x_wconf 72' lang='grc' dir='ltr'>Ἀριστοτέλης</span> <span class='ocrx_word' id='word_1_74' title='bbox 1558 1160 1819 1217; x_wconf 81' lang='grc' dir='ltr'>δείκνυσιν</span> 
     </span>
    </p>
   </div>
   <div class='ocr_carea' id='block_1_11' title="bbox 166 1244 1818 1327">
    <p class='ocr_par' dir='ltr' id='par_1_11' title="bbox 166 1244 1818 1327">
     <span class='ocr_line' id='line_1_11' title="bbox 166 1244 1818 1327; baseline 0.005 -29"><span class='ocrx_word' id='word_1_75' title='bbox 166 1244 214 1298; x_wconf 80' lang='grc' dir='ltr'>έν</span> <span class='ocrx_word' id='word_1_76' title='bbox 240 1249 307 1319; x_wconf 81' lang='grc' dir='ltr'>τῇ</span> <span class='ocrx_word' id='word_1_77' title='bbox 342 1248 492 1323; x_wconf 83' lang='grc' dir='ltr'>ἀρχῇ</span> <span class='ocrx_word' id='word_1_78' title='bbox 523 1256 624 1318; x_wconf 88' lang='grc' dir='ltr'>τῆς</span> <span class='ocrx_word' id='word_1_79' title='bbox 682 1249 812 1325; x_wconf 83' lang='grc' dir='ltr'>Περὶ</span> <span class='ocrx_word' id='word_1_80' title='bbox 862 1251 1015 1319; x_wconf 85' lang='grc' dir='ltr'>ζώων</span> <span class='ocrx_word' id='word_1_81' title='bbox 1061 1252 1318 1324; x_wconf 78' lang='grc' dir='ltr'>γενέσεως</span> <span class='ocrx_word' id='word_1_82' title='bbox 1356 1251 1727 1327; x_wconf 86' lang='grc' dir='ltr'>πραγματείας</span> <span class='ocrx_word' id='word_1_83' title='bbox 1753 1257 1818 1312; x_wconf 75' lang='grc' dir='ltr'>⁷ο.</span> 
     </span>
    </p>
   </div>
   <div class='ocr_carea' id='block_1_12' title="bbox 166 1331 1816 1416">
    <p class='ocr_par' dir='ltr' id='par_1_12' title="bbox 166 1331 1816 1416">
     <span class='ocr_line' id='line_1_12' title="bbox 166 1331 1816 1416; baseline 0.005 -29"><span class='ocrx_word' id='word_1_84' title='bbox 166 1336 191 1387; x_wconf 85' lang='grc' dir='ltr'>ὁ</span> <span class='ocrx_word' id='word_1_85' title='bbox 217 1331 272 1387; x_wconf 74' lang='grc' dir='ltr'>δὲ</span> <span class='ocrx_word' id='word_1_86' title='bbox 303 1336 458 1408; x_wconf 81' lang='grc' dir='ltr'>Θεὸς,</span> <span class='ocrx_word' id='word_1_87' title='bbox 492 1335 521 1391; x_wconf 76' lang='grc' dir='ltr'>ὅ</span> <span class='ocrx_word' id='word_1_88' title='bbox 571 1336 739 1405; x_wconf 82' lang='grc' dir='ltr'>ἐστιν,</span> <span class='ocrx_word' id='word_1_89' title='bbox 793 1337 941 1400; x_wconf 81' lang='grc' dir='ltr'>ὅλως</span> <span class='ocrx_word' id='word_1_90' title='bbox 993 1341 1204 1412; x_wconf 88' lang='grc' dir='ltr'>ὁμοίως</span> <span class='ocrx_word' id='word_1_91' title='bbox 1256 1339 1419 1410; x_wconf 81' lang='grc' dir='ltr'>ἐστὶν,</span> <span class='ocrx_word' id='word_1_92' title='bbox 1462 1340 1661 1395; x_wconf 84' lang='grc' dir='ltr'>έπείτοι</span> <span class='ocrx_word' id='word_1_93' title='bbox 1692 1363 1754 1416; x_wconf 91' lang='grc' dir='ltr'>γε</span> <span class='ocrx_word' id='word_1_94' title='bbox 1783 1346 1816 1411; x_wconf 83' lang='grc' dir='ltr'>ἡ</span> 
     </span>
    </p>
   </div>
   <div class='ocr_carea' id='block_1_13' title="bbox 168 1426 1820 1503">
    <p class='ocr_par' dir='ltr' id='par_1_13' title="bbox 168 1426 1820 1503">
     <span class='ocr_line' id='line_1_13' title="bbox 168 1426 1820 1503; baseline 0.005 -25"><span class='ocrx_word' id='word_1_95' title='bbox 168 1426 280 1488; x_wconf 86' lang='grc' dir='ltr'>θεία</span> <span class='ocrx_word' id='word_1_96' title='bbox 315 1427 527 1503; x_wconf 74' lang='grc' dir='ltr'>Γραφή,</span> <span class='ocrx_word' id='word_1_97' title='bbox 562 1428 638 1489; x_wconf 83' lang='grc' dir='ltr'>ῶς</span> <span class='ocrx_word' id='word_1_98' title='bbox 684 1430 729 1464; x_wconf 77' lang='grc' dir='ltr'>⁸ο</span> <span class='ocrx_word' id='word_1_99' title='bbox 775 1427 854 1482; x_wconf 78' lang='grc' dir='ltr'>ἀεὶ</span> <span class='ocrx_word' id='word_1_100' title='bbox 904 1429 995 1483; x_wconf 87' lang='grc' dir='ltr'>τὸν</span> <span class='ocrx_word' id='word_1_101' title='bbox 1050 1430 1211 1483; x_wconf 84' lang='grc' dir='ltr'>αὐτὸν</span> <span class='ocrx_word' id='word_1_102' title='bbox 1254 1429 1641 1492; x_wconf 78' lang='grc' dir='ltr'>ἁναλλοιώτως</span> <span class='ocrx_word' id='word_1_103' title='bbox 1693 1428 1820 1486; x_wconf 74' lang='grc' dir='ltr'>ὄντα</span> 
     </span>
    </p>
   </div>
   <div class='ocr_carea' id='block_1_14' title="bbox 165 1514 1816 1594">
    <p class='ocr_par' dir='ltr' id='par_1_14' title="bbox 165 1514 1816 1594">
     <span class='ocr_line' id='line_1_14' title="bbox 165 1514 1816 1594; baseline 0.004 -26"><span class='ocrx_word' id='word_1_104' title='bbox 165 1514 417 1586; x_wconf 84' lang='grc' dir='ltr'>ἀνόμοιον</span> <span class='ocrx_word' id='word_1_105' title='bbox 479 1516 609 1570; x_wconf 80' lang='grc' dir='ltr'>πᾶσί</span> <span class='ocrx_word' id='word_1_106' title='bbox 667 1539 854 1594; x_wconf 79' lang='grc' dir='ltr'>φησιν,</span> <span class='ocrx_word' id='word_1_107' title='bbox 917 1518 992 1579; x_wconf 87' lang='grc' dir='ltr'>ὡς</span> <span class='ocrx_word' id='word_1_108' title='bbox 1048 1518 1129 1572; x_wconf 92' lang='grc' dir='ltr'>τό·</span> <span class='ocrx_word' id='word_1_109' title='bbox 1178 1520 1268 1580; x_wconf 87' lang='grc' dir='ltr'>Τίς</span> <span class='ocrx_word' id='word_1_110' title='bbox 1325 1519 1377 1591; x_wconf 75' lang='grc' dir='ltr'>έν</span> <span class='ocrx_word' id='word_1_111' title='bbox 1432 1521 1575 1582; x_wconf 81' lang='grc' dir='ltr'>θεοῖς</span> <span class='ocrx_word' id='word_1_112' title='bbox 1624 1520 1816 1593; x_wconf 82' lang='grc' dir='ltr'>ὅμοιός</span> 
     </span>
    </p>
   </div>
   <div class='ocr_carea' id='block_1_15' title="bbox 166 1604 1817 1683">
    <p class='ocr_par' dir='ltr' id='par_1_15' title="bbox 166 1604 1817 1683">
     <span class='ocr_line' id='line_1_15' title="bbox 166 1604 1817 1683; baseline 0.004 -26"><span class='ocrx_word' id='word_1_113' title='bbox 166 1624 266 1671; x_wconf 85' lang='grc' dir='ltr'>σοι,</span> <span class='ocrx_word' id='word_1_114' title='bbox 314 1604 524 1678; x_wconf 81' lang='grc' dir='ltr'>Κύριε;</span> <span class='ocrx_word' id='word_1_115' title='bbox 584 1606 673 1660; x_wconf 86' lang='grc' dir='ltr'>καὶ</span> <span class='ocrx_word' id='word_1_116' title='bbox 728 1606 917 1662; x_wconf 59' lang='grc' dir='ltr'>πάλιν</span> <span class='ocrx_word' id='word_1_117' title='bbox 968 1606 1088 1663; x_wconf 85' lang='grc' dir='ltr'>Τίνι</span> <span class='ocrx_word' id='word_1_118' title='bbox 1142 1629 1207 1681; x_wconf 79' lang='grc' dir='ltr'>με</span> <span class='ocrx_word' id='word_1_119' title='bbox 1266 1609 1612 1681; x_wconf 84' lang='grc' dir='ltr'>ὡμοιώσατε,</span> <span class='ocrx_word' id='word_1_120' title='bbox 1674 1607 1817 1683; x_wconf 92' lang='grc' dir='ltr'>λέγει</span> 
     </span>
    </p>
   </div>
   <div class='ocr_carea' id='block_1_16' title="bbox 165 1693 1817 1770">
    <p class='ocr_par' dir='ltr' id='par_1_16' title="bbox 165 1693 1817 1770">
     <span class='ocr_line' id='line_1_16' title="bbox 165 1693 1817 1770; baseline 0.002 -23"><span class='ocrx_word' id='word_1_121' title='bbox 165 1693 386 1764; x_wconf 82' lang='grc' dir='ltr'>Κύριος·</span> <span class='ocrx_word' id='word_1_122' title='bbox 470 1693 559 1748; x_wconf 83' lang='grc' dir='ltr'>καὶ</span> <span class='ocrx_word' id='word_1_123' title='bbox 619 1694 770 1759; x_wconf 76' lang='grc' dir='ltr'>αὖθις</span> <span class='ocrx_word' id='word_1_124' title='bbox 806 1717 817 1729; x_wconf 95' lang='grc'><strong>·</strong></span> <span class='ocrx_word' id='word_1_125' title='bbox 878 1697 1019 1770; x_wconf 78' lang='grc' dir='ltr'>Ἐγὼ</span> <span class='ocrx_word' id='word_1_126' title='bbox 1076 1698 1287 1767; x_wconf 81' lang='grc' dir='ltr'>ὁράσεις</span> <span class='ocrx_word' id='word_1_127' title='bbox 1340 1696 1666 1769; x_wconf 82' lang='grc' dir='ltr'>έπλήθυνα,</span> <span class='ocrx_word' id='word_1_128' title='bbox 1727 1699 1817 1752; x_wconf 77' lang='grc' dir='ltr'>καὶ</span> 
     </span>
    </p>
   </div>
   <div class='ocr_carea' id='block_1_17' title="bbox 166 1783 1817 1859">
    <p class='ocr_par' dir='ltr' id='par_1_17' title="bbox 166 1783 1817 1859">
     <span class='ocr_line' id='line_1_17' title="bbox 166 1783 1817 1859; baseline 0.004 -24"><span class='ocrx_word' id='word_1_129' title='bbox 166 1783 314 1856; x_wconf 82' lang='grc' dir='ltr'>χερσὶ</span> <span class='ocrx_word' id='word_1_130' title='bbox 376 1788 487 1836; x_wconf 90' lang='grc' dir='ltr'>τῶν</span> <span class='ocrx_word' id='word_1_131' title='bbox 548 1789 847 1859; x_wconf 78' lang='grc' dir='ltr'>προφητῶν</span> <span class='ocrx_word' id='word_1_132' title='bbox 920 1786 1243 1858; x_wconf 85' lang='grc' dir='ltr'>ὡμοιώθην,</span> <span class='ocrx_word' id='word_1_133' title='bbox 1320 1784 1596 1841; x_wconf 73' lang='grc' dir='ltr'>τουτέστιν</span> <span class='ocrx_word' id='word_1_134' title='bbox 1658 1786 1817 1849; x_wconf 76' lang='grc' dir='ltr'>αὐτὸς</span> 
     </span>
    </p>
   </div>
   <div class='ocr_carea' id='block_1_18' title="bbox 166 1868 1815 1949">
    <p class='ocr_par' dir='ltr' id='par_1_18' title="bbox 166 1868 1815 1949">
     <span class='ocr_line' id='line_1_18' title="bbox 166 1868 1815 1949; baseline 0.003 -24"><span class='ocrx_word' id='word_1_135' title='bbox 166 1871 265 1944; x_wconf 75' lang='grc' dir='ltr'>ἐγὼ</span> <span class='ocrx_word' id='word_1_136' title='bbox 313 1868 559 1945; x_wconf 82' lang='grc' dir='ltr'>ἐμαυτῷ,</span> <span class='ocrx_word' id='word_1_137' title='bbox 602 1873 675 1934; x_wconf 85' lang='grc' dir='ltr'>ὡς</span> <span class='ocrx_word' id='word_1_138' title='bbox 722 1873 1011 1949; x_wconf 66' lang='grc' dir='ltr'>Εἰρηναῖος</span> <span class='ocrx_word' id='word_1_139' title='bbox 1075 1873 1217 1949; x_wconf 90' lang='grc' dir='ltr'>λέγει</span> <span class='ocrx_word' id='word_1_140' title='bbox 1268 1875 1319 1930; x_wconf 83' lang='grc' dir='ltr'>ἐν</span> <span class='ocrx_word' id='word_1_141' title='bbox 1374 1880 1492 1939; x_wconf 81' lang='grc' dir='ltr'>τοῖς</span> <span class='ocrx_word' id='word_1_142' title='bbox 1541 1878 1672 1939; x_wconf 85' lang='grc' dir='ltr'>Καθ’</span> <span class='ocrx_word' id='word_1_143' title='bbox 1728 1877 1815 1930; x_wconf 77' lang='grc' dir='ltr'>αἱ·</span> 
     </span>
    </p>
   </div>
   <div class='ocr_carea' id='block_1_19' title="bbox 171 1959 384 2031">
    <p class='ocr_par' dir='ltr' id='par_1_19' title="bbox 171 1959 384 2031">
     <span class='ocr_line' id='line_1_19' title="bbox 171 1959 384 2031; baseline 0.005 -18"><span class='ocrx_word' id='word_1_144' title='bbox 171 1959 359 2031; x_wconf 83' lang='grc' dir='ltr'>ρέσεων</span> <span class='ocrx_word' id='word_1_145' title='bbox 371 2002 384 2014; x_wconf 89' lang='grc'><strong><em>.</em></strong></span> 
     </span>
    </p>
   </div>
   <div class='ocr_carea' id='block_1_20' title="bbox 240 2048 1824 2127">
    <p class='ocr_par' dir='ltr' id='par_1_20' title="bbox 240 2048 1824 2127">
     <span class='ocr_line' id='line_1_20' title="bbox 240 2048 1824 2127; baseline 0.003 -22"><span class='ocrx_word' id='word_1_146' title='bbox 240 2051 323 2121; x_wconf 80' lang='grc' dir='ltr'>Τῇ</span> <span class='ocrx_word' id='word_1_147' title='bbox 379 2050 515 2103; x_wconf 85' lang='grc' dir='ltr'>κατᾶ</span> <span class='ocrx_word' id='word_1_148' title='bbox 565 2048 791 2124; x_wconf 82' lang='grc' dir='ltr'>δύναμιν</span> <span class='ocrx_word' id='word_1_149' title='bbox 849 2055 1099 2125; x_wconf 60' lang='grc' dir='ltr'>μιμήσει.</span> <span class='ocrx_word' id='word_1_150' title='bbox 1156 2059 1308 2109; x_wconf 82' lang='grc' dir='ltr'>Ἔστι</span> <span class='ocrx_word' id='word_1_151' title='bbox 1361 2055 1455 2126; x_wconf 72' lang='grc' dir='ltr'>μὲν</span> <span class='ocrx_word' id='word_1_152' title='bbox 1506 2056 1606 2124; x_wconf 83' lang='grc' dir='ltr'>τήν</span> <span class='ocrx_word' id='word_1_153' title='bbox 1651 2054 1824 2127; x_wconf 89' lang='grc' dir='ltr'>μίμη-</span> 
     </span>
    </p>
   </div>
   <div class='ocr_carea' id='block_1_21' title="bbox 175 2133 1827 2217">
    <p class='ocr_par' dir='ltr' id='par_1_21' title="bbox 175 2133 1827 2217">
     <span class='ocr_line' id='line_1_21' title="bbox 175 2133 1827 2217; baseline 0.005 -27"><span class='ocrx_word' id='word_1_154' title='bbox 175 2158 252 2190; x_wconf 91' lang='grc' dir='ltr'>σιν</span> <span class='ocrx_word' id='word_1_155' title='bbox 311 2133 504 2192; x_wconf 79' lang='grc' dir='ltr'>λαϐεῖν</span> <span class='ocrx_word' id='word_1_156' title='bbox 563 2138 615 2193; x_wconf 81' lang='grc' dir='ltr'>ἐν</span> <span class='ocrx_word' id='word_1_157' title='bbox 659 2140 877 2203; x_wconf 90' lang='grc' dir='ltr'>τούτοις</span> <span class='ocrx_word' id='word_1_158' title='bbox 926 2141 1013 2196; x_wconf 79' lang='grc' dir='ltr'>ἐπὶ</span> <span class='ocrx_word' id='word_1_159' title='bbox 1060 2145 1160 2206; x_wconf 80' lang='grc' dir='ltr'>τῆς</span> <span class='ocrx_word' id='word_1_160' title='bbox 1211 2148 1401 2217; x_wconf 79' lang='grc' dir='ltr'>νοερᾶς</span> <span class='ocrx_word' id='word_1_161' title='bbox 1447 2143 1537 2197; x_wconf 84' lang='grc' dir='ltr'>καὶ</span> <span class='ocrx_word' id='word_1_162' title='bbox 1598 2141 1827 2217; x_wconf 81' lang='grc' dir='ltr'>λογικῆς</span> 
     </span>
    </p>
   </div>
   <div class='ocr_carea' id='block_1_22' title="bbox 172 2227 1820 2305">
    <p class='ocr_par' dir='ltr' id='par_1_22' title="bbox 172 2227 1820 2305">
     <span class='ocr_line' id='line_1_22' title="bbox 172 2227 1820 2305; baseline 0.004 -25"><span class='ocrx_word' id='word_1_163' title='bbox 172 2227 379 2303; x_wconf 66' lang='grc' dir='ltr'>φύσεως</span> <span class='ocrx_word' id='word_1_164' title='bbox 435 2229 570 2303; x_wconf 88' lang='grc' dir='ltr'>πρὸς</span> <span class='ocrx_word' id='word_1_165' title='bbox 623 2229 713 2283; x_wconf 93' lang='grc' dir='ltr'>τὸν</span> <span class='ocrx_word' id='word_1_166' title='bbox 776 2231 902 2284; x_wconf 88' lang='grc' dir='ltr'>Θεὸν</span> <span class='ocrx_word' id='word_1_167' title='bbox 966 2230 1460 2305; x_wconf 76' lang='grc' dir='ltr'>ἐπιστρεφομένης,</span> <span class='ocrx_word' id='word_1_168' title='bbox 1522 2232 1657 2286; x_wconf 77' lang='grc' dir='ltr'>κατὰ</span> <span class='ocrx_word' id='word_1_169' title='bbox 1713 2232 1773 2286; x_wconf 89' lang='grc' dir='ltr'>τό</span> <span class='ocrx_word' id='word_1_170' title='bbox 1809 2252 1820 2263; x_wconf 91' lang='grc'><strong>·</strong></span> 
     </span>
    </p>
   </div>
   <div class='ocr_carea' id='block_1_23' title="bbox 172 2316 1823 2397">
    <p class='ocr_par' dir='ltr' id='par_1_23' title="bbox 172 2316 1823 2397">
     <span class='ocr_line' id='line_1_23' title="bbox 172 2316 1823 2397; baseline 0.004 -27"><span class='ocrx_word' id='word_1_171' title='bbox 172 2316 380 2371; x_wconf 82' lang='grc' dir='ltr'>Γίνεσθε</span> <span class='ocrx_word' id='word_1_172' title='bbox 435 2316 661 2387; x_wconf 76' lang='grc' dir='ltr'>τέλειοι,</span> <span class='ocrx_word' id='word_1_173' title='bbox 714 2320 801 2373; x_wconf 85' lang='grc' dir='ltr'>καὶ</span> <span class='ocrx_word' id='word_1_174' title='bbox 855 2322 1065 2394; x_wconf 81' lang='grc' dir='ltr'>γίνεσθε</span> <span class='ocrx_word' id='word_1_175' title='bbox 1123 2320 1492 2397; x_wconf 76' lang='grc' dir='ltr'>οἶκτίρμονες,</span> <span class='ocrx_word' id='word_1_176' title='bbox 1543 2323 1617 2383; x_wconf 83' lang='grc' dir='ltr'>ὡς</span> <span class='ocrx_word' id='word_1_177' title='bbox 1657 2324 1823 2376; x_wconf 90' lang='grc' dir='ltr'>ὁΠα-</span> 
     </span>
    </p>
   </div>
   <div class='ocr_carea' id='block_1_24' title="bbox 166 2408 1824 2487">
    <p class='ocr_par' dir='ltr' id='par_1_24' title="bbox 166 2408 1824 2487">
     <span class='ocr_line' id='line_1_24' title="bbox 166 2408 1824 2487; baseline 0.004 -27"><span class='ocrx_word' id='word_1_178' title='bbox 166 2408 263 2480; x_wconf 80' lang='grc' dir='ltr'>τήρ</span> <span class='ocrx_word' id='word_1_179' title='bbox 325 2409 541 2479; x_wconf 80' lang='grc' dir='ltr'>ὑμῶνὸ</span> <span class='ocrx_word' id='word_1_180' title='bbox 598 2410 871 2483; x_wconf 70' lang='grc' dir='ltr'>οὐράνιος*</span> <span class='ocrx_word' id='word_1_181' title='bbox 932 2411 1067 2482; x_wconf 77' lang='grc' dir='ltr'>ἅπερ</span> <span class='ocrx_word' id='word_1_182' title='bbox 1125 2410 1211 2465; x_wconf 81' lang='grc' dir='ltr'>ἐπὶ</span> <span class='ocrx_word' id='word_1_183' title='bbox 1271 2415 1403 2466; x_wconf 84' lang='grc' dir='ltr'>Θεοῦ</span> <span class='ocrx_word' id='word_1_184' title='bbox 1466 2413 1559 2484; x_wconf 73' lang='grc' dir='ltr'>μὲν</span> <span class='ocrx_word' id='word_1_185' title='bbox 1622 2412 1824 2487; x_wconf 87' lang='grc' dir='ltr'>κυρίως</span> 
     </span>
    </p>
   </div>
   <div class='ocr_carea' id='block_1_25' title="bbox 164 2496 1824 2575">
    <p class='ocr_par' dir='ltr' id='par_1_25' title="bbox 164 2496 1824 2575">
     <span class='ocr_line' id='line_1_25' title="bbox 164 2496 1824 2575; baseline 0.004 -27"><span class='ocrx_word' id='word_1_186' title='bbox 164 2498 249 2549; x_wconf 81' lang='grc' dir='ltr'>καὶ</span> <span class='ocrx_word' id='word_1_187' title='bbox 277 2497 412 2571; x_wconf 71' lang='grc' dir='ltr'>ὑπὲρ</span> <span class='ocrx_word' id='word_1_188' title='bbox 446 2500 617 2552; x_wconf 77' lang='grc' dir='ltr'>πάντα</span> <span class='ocrx_word' id='word_1_189' title='bbox 665 2496 791 2571; x_wconf 77' lang='grc' dir='ltr'>ὅρον</span> <span class='ocrx_word' id='word_1_190' title='bbox 842 2520 930 2553; x_wconf 88' lang='grc' dir='ltr'>και</span> <span class='ocrx_word' id='word_1_191' title='bbox 982 2498 1173 2575; x_wconf 86' lang='grc' dir='ltr'>λόγον·</span> <span class='ocrx_word' id='word_1_192' title='bbox 1222 2499 1309 2554; x_wconf 82' lang='grc' dir='ltr'>ἐπὶ</span> <span class='ocrx_word' id='word_1_193' title='bbox 1361 2498 1418 2555; x_wconf 78' lang='grc' dir='ltr'>δὲ</span> <span class='ocrx_word' id='word_1_194' title='bbox 1455 2505 1565 2555; x_wconf 86' lang='grc' dir='ltr'>τῶν</span> <span class='ocrx_word' id='word_1_195' title='bbox 1596 2503 1824 2573; x_wconf 84' lang='grc' dir='ltr'>κτισμά-</span> 
     </span>
    </p>
   </div>
   <div class='ocr_carea' id='block_1_26' title="bbox 164 2585 1819 2667">
    <p class='ocr_par' dir='ltr' id='par_1_26' title="bbox 164 2585 1819 2667">
     <span class='ocr_line' id='line_1_26' title="bbox 164 2585 1819 2667; baseline 0.005 -30"><span class='ocrx_word' id='word_1_196' title='bbox 164 2605 267 2638; x_wconf 85' lang='grc' dir='ltr'>των</span> <span class='ocrx_word' id='word_1_197' title='bbox 317 2585 457 2640; x_wconf 74' lang='grc' dir='ltr'>κατᾶ</span> <span class='ocrx_word' id='word_1_198' title='bbox 499 2588 596 2655; x_wconf 79' lang='grc' dir='ltr'>τήν</span> <span class='ocrx_word' id='word_1_199' title='bbox 650 2588 875 2642; x_wconf 76' lang='grc' dir='ltr'>ἑκάστου</span> <span class='ocrx_word' id='word_1_200' title='bbox 933 2588 1158 2660; x_wconf 87' lang='grc' dir='ltr'>δύναμιν</span> <span class='ocrx_word' id='word_1_201' title='bbox 1210 2587 1488 2662; x_wconf 81' lang='grc' dir='ltr'>ἀναλόγως</span> <span class='ocrx_word' id='word_1_202' title='bbox 1533 2594 1601 2663; x_wconf 78' lang='grc' dir='ltr'>τῇ</span> <span class='ocrx_word' id='word_1_203' title='bbox 1645 2590 1819 2667; x_wconf 79' lang='grc' dir='ltr'>φύσει.</span> 
     </span>
    </p>
   </div>
   <div class='ocr_carea' id='block_1_27' title="bbox 164 2672 1817 2752">
    <p class='ocr_par' dir='ltr' id='par_1_27' title="bbox 164 2672 1817 2752">
     <span class='ocr_line' id='line_1_27' title="bbox 164 2672 1817 2752; baseline 0.002 -24"><span class='ocrx_word' id='word_1_204' title='bbox 164 2676 309 2729; x_wconf 79' lang='grc' dir='ltr'>Ἔστι</span> <span class='ocrx_word' id='word_1_205' title='bbox 341 2672 399 2728; x_wconf 71' lang='grc' dir='ltr'>δὲ</span> <span class='ocrx_word' id='word_1_206' title='bbox 435 2674 671 2747; x_wconf 76' lang='grc' dir='ltr'>μίμησιν</span> <span class='ocrx_word' id='word_1_207' title='bbox 724 2676 775 2731; x_wconf 82' lang='grc' dir='ltr'>ἐν</span> <span class='ocrx_word' id='word_1_208' title='bbox 825 2677 1041 2739; x_wconf 87' lang='grc' dir='ltr'>τούτοις</span> <span class='ocrx_word' id='word_1_209' title='bbox 1087 2684 1281 2747; x_wconf 88' lang='grc' dir='ltr'>νοῆσαι</span> <span class='ocrx_word' id='word_1_210' title='bbox 1312 2677 1401 2733; x_wconf 81' lang='grc' dir='ltr'>καὶ</span> <span class='ocrx_word' id='word_1_211' title='bbox 1439 2680 1538 2747; x_wconf 76' lang='grc' dir='ltr'>τὴν</span> <span class='ocrx_word' id='word_1_212' title='bbox 1574 2680 1817 2752; x_wconf 75' lang='grc' dir='ltr'>μετοχὴν</span> 
     </span>
    </p>
   </div>
   <div class='ocr_carea' id='block_1_28' title="bbox 163 2762 1819 2841">
    <p class='ocr_par' dir='ltr' id='par_1_28' title="bbox 163 2762 1819 2841">
     <span class='ocr_line' id='line_1_28' title="bbox 163 2762 1819 2841; baseline 0.004 -26"><span class='ocrx_word' id='word_1_213' title='bbox 163 2768 265 2816; x_wconf 86' lang='grc' dir='ltr'>τῶν</span> <span class='ocrx_word' id='word_1_214' title='bbox 320 2762 372 2816; x_wconf 85' lang='grc' dir='ltr'>έν</span> <span class='ocrx_word' id='word_1_215' title='bbox 430 2769 548 2836; x_wconf 89' lang='grc' dir='ltr'>Θεῷ</span> <span class='ocrx_word' id='word_1_216' title='bbox 600 2766 987 2839; x_wconf 85' lang='grc' dir='ltr'>Θεωρουμένων</span> <span class='ocrx_word' id='word_1_217' title='bbox 1038 2764 1394 2840; x_wconf 86' lang='grc' dir='ltr'>ύπερουσίως,</span> <span class='ocrx_word' id='word_1_218' title='bbox 1448 2768 1512 2836; x_wconf 77' lang='grc' dir='ltr'>ἢν</span> <span class='ocrx_word' id='word_1_219' title='bbox 1564 2767 1628 2820; x_wconf 82' lang='grc' dir='ltr'>τὰ</span> <span class='ocrx_word' id='word_1_220' title='bbox 1679 2787 1819 2841; x_wconf 85' lang='grc' dir='ltr'>πρα-</span> 
     </span>
    </p>
   </div>
   <div class='ocr_carea' id='block_1_29' title="bbox 165 2852 1824 2931">
    <p class='ocr_par' dir='ltr' id='par_1_29' title="bbox 165 2852 1824 2931">
     <span class='ocr_line' id='line_1_29' title="bbox 165 2852 1824 2931; baseline 0.004 -28"><span class='ocrx_word' id='word_1_221' title='bbox 165 2852 360 2925; x_wconf 75' lang='grc' dir='ltr'>χθέντα</span> <span class='ocrx_word' id='word_1_222' title='bbox 415 2852 555 2927; x_wconf 91' lang='grc' dir='ltr'>πρὸς</span> <span class='ocrx_word' id='word_1_223' title='bbox 595 2852 796 2928; x_wconf 80' lang='grc' dir='ltr'>γένεσιν</span> <span class='ocrx_word' id='word_1_224' title='bbox 847 2852 1060 2931; x_wconf 62' lang='grc' dir='ltr'>εἴληφε,</span> <span class='ocrx_word' id='word_1_225' title='bbox 1108 2859 1203 2909; x_wconf 79' lang='grc' dir='ltr'>τοῦ</span> <span class='ocrx_word' id='word_1_226' title='bbox 1253 2855 1381 2909; x_wconf 77' lang='grc' dir='ltr'>εἶναι</span> <span class='ocrx_word' id='word_1_227' title='bbox 1432 2855 1521 2909; x_wconf 87' lang='grc' dir='ltr'>καὶ</span> <span class='ocrx_word' id='word_1_228' title='bbox 1569 2860 1674 2909; x_wconf 87' lang='grc' dir='ltr'>τῶν</span> <span class='ocrx_word' id='word_1_229' title='bbox 1709 2854 1824 2910; x_wconf 86' lang='grc' dir='ltr'>λοι-</span> 
     </span>
    </p>
   </div>
   <div class='ocr_carea' id='block_1_30' title="bbox 166 2940 1817 3019">
    <p class='ocr_par' dir='ltr' id='par_1_30' title="bbox 166 2940 1817 3019">
     <span class='ocr_line' id='line_1_30' title="bbox 166 2940 1817 3019; baseline 0.002 -26"><span class='ocrx_word' id='word_1_230' title='bbox 166 2945 279 2994; x_wconf 80' lang='grc' dir='ltr'>πῶν</span> <span class='ocrx_word' id='word_1_231' title='bbox 341 2941 667 3015; x_wconf 84' lang='grc' dir='ltr'>μετέχοντα,</span> <span class='ocrx_word' id='word_1_232' title='bbox 719 2943 792 2996; x_wconf 83' lang='grc' dir='ltr'>ὧν</span> <span class='ocrx_word' id='word_1_233' title='bbox 844 2940 1129 3013; x_wconf 81' lang='grc' dir='ltr'>διεξῆλθον</span> <span class='ocrx_word' id='word_1_234' title='bbox 1180 2942 1233 2997; x_wconf 84' lang='grc' dir='ltr'>ἐν</span> <span class='ocrx_word' id='word_1_235' title='bbox 1282 2949 1401 3007; x_wconf 83' lang='grc' dir='ltr'>τοῖς</span> <span class='ocrx_word' id='word_1_236' title='bbox 1452 2943 1557 3019; x_wconf 92' lang='grc' dir='ltr'>πρὸ</span> <span class='ocrx_word' id='word_1_237' title='bbox 1587 2942 1817 2999; x_wconf 86' lang='grc' dir='ltr'>τούτων.</span> 
     </span>
    </p>
   </div>
   <div class='ocr_carea' id='block_1_31' title="bbox 166 3027 1821 3104">
    <p class='ocr_par' dir='ltr' id='par_1_31' title="bbox 166 3027 1821 3104">
     <span class='ocr_line' id='line_1_31' title="bbox 166 3027 1775 3084; baseline 0.002 -1"><span class='ocrx_word' id='word_1_238' title='bbox 166 3031 222 3083; x_wconf 84' lang='lat' dir='ltr'>T‘</span> <span class='ocrx_word' id='word_1_239' title='bbox 264 3027 321 3084; x_wconf 72' lang='grc' dir='ltr'>δὲ</span> <span class='ocrx_word' id='word_1_240' title='bbox 384 3030 397 3049; x_wconf 87' lang='grc'>’</span> <span class='ocrx_word' id='word_1_241' title='bbox 479 3036 500 3046; x_wconf 80' lang='lat'><strong>&#39;</strong></span> <span class='ocrx_word' id='word_1_242' title='bbox 575 3028 605 3084; x_wconf 76' lang='grc' dir='ltr'>ὅ</span> <span class='ocrx_word' id='word_1_243' title='bbox 868 3036 895 3047; x_wconf 62' lang='grc'>⁸</span> <span class='ocrx_word' id='word_1_244' title='bbox 1070 3034 1083 3049; x_wconf 90' lang='lat'><strong>‘</strong></span> <span class='ocrx_word' id='word_1_245' title='bbox 1183 3034 1197 3051; x_wconf 93' lang='lat'><strong>‘</strong></span> <span class='ocrx_word' id='word_1_246' title='bbox 1358 3033 1368 3049; x_wconf 92' lang='lat'><em>&#39;</em></span> <span class='ocrx_word' id='word_1_247' title='bbox 1763 3032 1775 3052; x_wconf 92' lang='lat'><strong>’</strong></span> 
     </span>
     <span class='ocr_line' id='line_1_32' title="bbox 205 3032 1821 3104; baseline 0.002 -21"><span class='ocrx_word' id='word_1_248' title='bbox 205 3052 232 3083; x_wconf 96' lang='grc' dir='ltr'>ο</span> <span class='ocrx_word' id='word_1_249' title='bbox 355 3051 529 3085; x_wconf 85' lang='grc' dir='ltr'>ειπειν</span> <span class='ocrx_word' id='word_1_250' title='bbox 612 3052 742 3102; x_wconf 88' lang='grc' dir='ltr'>μοια</span> <span class='ocrx_word' id='word_1_251' title='bbox 792 3039 908 3104; x_wconf 89' lang='grc' dir='ltr'>Θεῳ</span> <span class='ocrx_word' id='word_1_252' title='bbox 960 3053 1092 3087; x_wconf 87' lang='grc' dir='ltr'>κατα</span> <span class='ocrx_word' id='word_1_253' title='bbox 1136 3054 1235 3102; x_wconf 90' lang='grc' dir='ltr'>την</span> <span class='ocrx_word' id='word_1_254' title='bbox 1290 3034 1432 3087; x_wconf 82' lang='grc' dir='ltr'>θειαν</span> <span class='ocrx_word' id='word_1_255' title='bbox 1485 3032 1687 3101; x_wconf 85' lang='grc' dir='ltr'>εἰκόνα,</span> <span class='ocrx_word' id='word_1_256' title='bbox 1722 3054 1821 3087; x_wconf 90' lang='grc' dir='ltr'>ουκ</span> 
     </span>
    </p>
   </div>
   <div class='ocr_carea' id='block_1_32' title="bbox 167 3119 1820 3197">
    <p class='ocr_par' dir='ltr' id='par_1_32' title="bbox 167 3119 1820 3197">
     <span class='ocr_line' id='line_1_33' title="bbox 167 3119 1820 3197; baseline 0.001 -25"><span class='ocrx_word' id='word_1_257' title='bbox 167 3120 525 3194; x_wconf 79' lang='grc' dir='ltr'>ἀναιροῦντός</span> <span class='ocrx_word' id='word_1_258' title='bbox 556 3119 664 3174; x_wconf 80' lang='grc' dir='ltr'>ἐστι</span> <span class='ocrx_word' id='word_1_259' title='bbox 719 3121 780 3175; x_wconf 92' lang='grc' dir='ltr'>τὸ</span> <span class='ocrx_word' id='word_1_260' title='bbox 837 3119 923 3175; x_wconf 78' lang='grc' dir='ltr'>ἐπὶ</span> <span class='ocrx_word' id='word_1_261' title='bbox 975 3125 1071 3175; x_wconf 77' lang='grc' dir='ltr'>τοῦ</span> <span class='ocrx_word' id='word_1_262' title='bbox 1122 3121 1409 3195; x_wconf 85' lang='grc' dir='ltr'>ἀνθρώπου</span> <span class='ocrx_word' id='word_1_263' title='bbox 1456 3126 1616 3177; x_wconf 74' lang='grc' dir='ltr'>τοῦτο</span> <span class='ocrx_word' id='word_1_264' title='bbox 1670 3120 1820 3197; x_wconf 70' lang='grc' dir='ltr'>εῗρῆ-</span> 
     </span>
    </p>
   </div>
   <div class='ocr_carea' id='block_1_33' title="bbox 167 3208 1818 3286">
    <p class='ocr_par' dir='ltr' id='par_1_33' title="bbox 167 3208 1818 3286">
     <span class='ocr_line' id='line_1_34' title="bbox 167 3208 1818 3286; baseline 0.003 -25"><span class='ocrx_word' id='word_1_265' title='bbox 167 3220 306 3275; x_wconf 86' lang='grc' dir='ltr'>σθαι,</span> <span class='ocrx_word' id='word_1_266' title='bbox 344 3208 493 3264; x_wconf 75' lang='grc' dir='ltr'>ἀλλὰ</span> <span class='ocrx_word' id='word_1_267' title='bbox 525 3210 658 3264; x_wconf 85' lang='grc' dir='ltr'>κατᾶ</span> <span class='ocrx_word' id='word_1_268' title='bbox 688 3211 779 3264; x_wconf 87' lang='grc' dir='ltr'>τὸν</span> <span class='ocrx_word' id='word_1_269' title='bbox 802 3218 902 3280; x_wconf 90' lang='grc' dir='ltr'>τῆς</span> <span class='ocrx_word' id='word_1_270' title='bbox 953 3218 1198 3286; x_wconf 79' lang='grc' dir='ltr'>μετοχῆς</span> <span class='ocrx_word' id='word_1_271' title='bbox 1251 3210 1416 3286; x_wconf 88' lang='grc' dir='ltr'>λόγον</span> <span class='ocrx_word' id='word_1_272' title='bbox 1450 3211 1540 3266; x_wconf 88' lang='grc' dir='ltr'>καὶ</span> <span class='ocrx_word' id='word_1_273' title='bbox 1592 3210 1679 3266; x_wconf 83' lang='grc' dir='ltr'>ἐπὶ</span> <span class='ocrx_word' id='word_1_274' title='bbox 1710 3215 1818 3266; x_wconf 89' lang='grc' dir='ltr'>τῶν</span> 
     </span>
    </p>
   </div>
   <div class='ocr_carea' id='block_1_34' title="bbox 161 3296 1109 3375">
    <p class='ocr_par' dir='ltr' id='par_1_34' title="bbox 161 3296 1109 3375">
     <span class='ocr_line' id='line_1_35' title="bbox 161 3296 1109 3375; baseline 0.006 -24"><span class='ocrx_word' id='word_1_275' title='bbox 161 3296 369 3351; x_wconf 87' lang='grc' dir='ltr'>λοιπῶν</span> <span class='ocrx_word' id='word_1_276' title='bbox 404 3299 505 3366; x_wconf 71' lang='grc' dir='ltr'>τὴν</span> <span class='ocrx_word' id='word_1_277' title='bbox 542 3297 683 3368; x_wconf 82' lang='grc' dir='ltr'>λέξιν</span> <span class='ocrx_word' id='word_1_278' title='bbox 716 3298 1012 3375; x_wconf 78' lang='grc' dir='ltr'>παρῴδησε</span> <span class='ocrx_word' id='word_1_279' title='bbox 1044 3302 1109 3357; x_wconf 74' lang='grc'>⁸¹.</span> 
     </span>
    </p>
   </div>
   <div class='ocr_carea' id='block_1_35' title="bbox 230 3386 1816 3450">
    <p class='ocr_par' dir='ltr' id='par_1_35' title="bbox 230 3386 1816 3450">
     <span class='ocr_line' id='line_1_36' title="bbox 230 3386 1816 3450; baseline 0.003 -10"><span class='ocrx_word' id='word_1_280' title='bbox 230 3387 334 3440; x_wconf 83' lang='grc' dir='ltr'>Καὶ</span> <span class='ocrx_word' id='word_1_281' title='bbox 380 3386 521 3441; x_wconf 82' lang='grc' dir='ltr'>κατᾶ</span> <span class='ocrx_word' id='word_1_282' title='bbox 569 3386 713 3449; x_wconf 85' lang='grc' dir='ltr'>θείαν</span> <span class='ocrx_word' id='word_1_283' title='bbox 766 3388 966 3444; x_wconf 83' lang='grc' dir='ltr'>εἰκόνα.</span> <span class='ocrx_word' id='word_1_284' title='bbox 1018 3393 1143 3450; x_wconf 90' lang='grc' dir='ltr'>Πῶς</span> <span class='ocrx_word' id='word_1_285' title='bbox 1202 3389 1264 3443; x_wconf 89' lang='grc' dir='ltr'>τὸ</span> <span class='ocrx_word' id='word_1_286' title='bbox 1322 3391 1436 3444; x_wconf 88' lang='grc' dir='ltr'>κατ’</span> <span class='ocrx_word' id='word_1_287' title='bbox 1490 3390 1670 3445; x_wconf 76' lang='grc' dir='ltr'>εἷ’κόνα</span> <span class='ocrx_word' id='word_1_288' title='bbox 1725 3392 1816 3445; x_wconf 78' lang='grc' dir='ltr'>καὶ</span> 
     </span>
    </p>
   </div>
   <div class='ocr_carea' id='block_1_36' title="bbox 162 3474 1816 3555">
    <p class='ocr_par' dir='ltr' id='par_1_36' title="bbox 162 3474 1816 3555">
     <span class='ocr_line' id='line_1_37' title="bbox 162 3474 1816 3555; baseline 0.004 -27"><span class='ocrx_word' id='word_1_289' title='bbox 162 3474 429 3547; x_wconf 80' lang='grc' dir='ltr'>ὁμοίωσιν</span> <span class='ocrx_word' id='word_1_290' title='bbox 482 3475 725 3546; x_wconf 86' lang='grc' dir='ltr'>νοητέον,</span> <span class='ocrx_word' id='word_1_291' title='bbox 778 3476 997 3532; x_wconf 79' lang='grc' dir='ltr'>ἐνταῦθά</span> <span class='ocrx_word' id='word_1_292' title='bbox 1042 3498 1219 3555; x_wconf 79' lang='grc' dir='ltr'>φησιν’</span> <span class='ocrx_word' id='word_1_293' title='bbox 1255 3480 1337 3533; x_wconf 84' lang='grc' dir='ltr'>ὅτι</span> <span class='ocrx_word' id='word_1_294' title='bbox 1388 3478 1448 3533; x_wconf 81' lang='grc' dir='ltr'>οὐ</span> <span class='ocrx_word' id='word_1_295' title='bbox 1497 3481 1615 3534; x_wconf 88' lang='grc' dir='ltr'>κατ’</span> <span class='ocrx_word' id='word_1_296' title='bbox 1645 3477 1816 3549; x_wconf 82' lang='grc' dir='ltr'>εἶδος,</span> 
     </span>
    </p>
   </div>
   <div class='ocr_carea' id='block_1_37' title="bbox 158 3562 1814 3643">
    <p class='ocr_par' dir='ltr' id='par_1_37' title="bbox 158 3562 1814 3643">
     <span class='ocr_line' id='line_1_38' title="bbox 158 3562 1814 3643; baseline 0.005 -28"><span class='ocrx_word' id='word_1_297' title='bbox 158 3562 302 3616; x_wconf 77' lang='grc' dir='ltr'>ἀλλὰ</span> <span class='ocrx_word' id='word_1_298' title='bbox 332 3564 472 3617; x_wconf 78' lang='grc' dir='ltr'>κατὰ</span> <span class='ocrx_word' id='word_1_299' title='bbox 518 3564 581 3618; x_wconf 89' lang='grc' dir='ltr'>τὸ</span> <span class='ocrx_word' id='word_1_300' title='bbox 623 3563 981 3643; x_wconf 73' lang='grc' dir='ltr'>ἐπεστράφθαι</span> <span class='ocrx_word' id='word_1_301' title='bbox 1012 3569 1077 3635; x_wconf 79' lang='grc'>⁸²,</span> <span class='ocrx_word' id='word_1_302' title='bbox 1109 3566 1197 3621; x_wconf 84' lang='grc' dir='ltr'>καὶ</span> <span class='ocrx_word' id='word_1_303' title='bbox 1245 3568 1335 3621; x_wconf 90' lang='grc' dir='ltr'>τὸν</span> <span class='ocrx_word' id='word_1_304' title='bbox 1384 3572 1506 3621; x_wconf 82' lang='grc' dir='ltr'>νοῦν</span> <span class='ocrx_word' id='word_1_305' title='bbox 1561 3569 1814 3623; x_wconf 82' lang='grc' dir='ltr'>ἀνατετα-</span> 
     </span>
    </p>
   </div>
   <div class='ocr_carea' id='block_1_38' title="bbox 160 3650 1814 3728">
    <p class='ocr_par' dir='ltr' id='par_1_38' title="bbox 160 3650 1814 3728">
     <span class='ocr_line' id='line_1_39' title="bbox 160 3650 1814 3728; baseline 0.004 -23"><span class='ocrx_word' id='word_1_306' title='bbox 160 3651 318 3724; x_wconf 81' lang='grc' dir='ltr'>μένον</span> <span class='ocrx_word' id='word_1_307' title='bbox 349 3650 501 3727; x_wconf 82' lang='grc' dir='ltr'>ἔχειν</span> <span class='ocrx_word' id='word_1_308' title='bbox 559 3654 694 3728; x_wconf 80' lang='grc' dir='ltr'>πρὸς</span> <span class='ocrx_word' id='word_1_309' title='bbox 742 3656 832 3709; x_wconf 94' lang='grc' dir='ltr'>τὸν</span> <span class='ocrx_word' id='word_1_310' title='bbox 880 3655 1010 3710; x_wconf 88' lang='grc' dir='ltr'>Θεὸν</span> <span class='ocrx_word' id='word_1_311' title='bbox 1060 3656 1151 3711; x_wconf 92' lang='grc' dir='ltr'>τὸν</span> <span class='ocrx_word' id='word_1_312' title='bbox 1194 3653 1365 3710; x_wconf 80' lang='grc' dir='ltr'>αἶ’τιον</span> <span class='ocrx_word' id='word_1_313' title='bbox 1420 3661 1516 3711; x_wconf 75' lang='grc' dir='ltr'>τοῦ</span> <span class='ocrx_word' id='word_1_314' title='bbox 1566 3658 1814 3712; x_wconf 69' lang='grc' dir='ltr'>εἶναικαὶ</span> 
     </span>
    </p>
   </div>
   <div class='ocr_carea' id='block_1_39' title="bbox 158 3740 1813 3818">
    <p class='ocr_par' dir='ltr' id='par_1_39' title="bbox 158 3740 1813 3818">
     <span class='ocr_line' id='line_1_40' title="bbox 158 3740 1813 3818; baseline 0.004 -24"><span class='ocrx_word' id='word_1_315' title='bbox 158 3742 210 3795; x_wconf 73' lang='grc' dir='ltr'>εὖ</span> <span class='ocrx_word' id='word_1_316' title='bbox 246 3741 402 3795; x_wconf 77' lang='grc' dir='ltr'>εἶναι·</span> <span class='ocrx_word' id='word_1_317' title='bbox 437 3742 569 3816; x_wconf 82' lang='grc' dir='ltr'>ὅπερ</span> <span class='ocrx_word' id='word_1_318' title='bbox 601 3740 775 3818; x_wconf 80' lang='grc' dir='ltr'>’ἑτεροι</span> <span class='ocrx_word' id='word_1_319' title='bbox 805 3744 867 3797; x_wconf 88' lang='grc' dir='ltr'>τό</span> <span class='ocrx_word' id='word_1_320' title='bbox 918 3744 1260 3817; x_wconf 71' lang='grc' dir='ltr'>αὐτεξούσιον</span> <span class='ocrx_word' id='word_1_321' title='bbox 1312 3743 1561 3817; x_wconf 81' lang='grc' dir='ltr'>ἐνόησαν,</span> <span class='ocrx_word' id='word_1_322' title='bbox 1596 3746 1711 3801; x_wconf 77' lang='grc' dir='ltr'>ἐπεὶ</span> <span class='ocrx_word' id='word_1_323' title='bbox 1752 3747 1813 3800; x_wconf 84' lang='grc' dir='ltr'>οὐ</span> 
     </span>
    </p>
   </div>
   <div class='ocr_carea' id='block_1_40' title="bbox 160 3831 1813 3907">
    <p class='ocr_par' dir='ltr' id='par_1_40' title="bbox 160 3831 1813 3907">
     <span class='ocr_line' id='line_1_41' title="bbox 160 3831 1813 3907; baseline 0.005 -24"><span class='ocrx_word' id='word_1_324' title='bbox 160 3831 290 3885; x_wconf 69' lang='grc' dir='ltr'>κατᾶ</span> <span class='ocrx_word' id='word_1_325' title='bbox 338 3834 441 3900; x_wconf 76' lang='grc' dir='ltr'>τῆν</span> <span class='ocrx_word' id='word_1_326' title='bbox 500 3831 685 3886; x_wconf 71' lang='grc' dir='ltr'>οὐσίαν</span> <span class='ocrx_word' id='word_1_327' title='bbox 719 3833 746 3886; x_wconf 87' lang='grc' dir='ltr'>ὁ</span> <span class='ocrx_word' id='word_1_328' title='bbox 779 3834 909 3895; x_wconf 85' lang='grc' dir='ltr'>Θεὸς</span> <span class='ocrx_word' id='word_1_329' title='bbox 959 3833 1153 3906; x_wconf 79' lang='grc' dir='ltr'>ὅμοιος</span> <span class='ocrx_word' id='word_1_330' title='bbox 1200 3840 1317 3895; x_wconf 79' lang='grc' dir='ltr'>τοῖς</span> <span class='ocrx_word' id='word_1_331' title='bbox 1370 3833 1634 3907; x_wconf 81' lang='grc' dir='ltr'>λογικοῖς·</span> <span class='ocrx_word' id='word_1_332' title='bbox 1689 3833 1813 3891; x_wconf 72' lang='grc' dir='ltr'>οὔτε</span> 
     </span>
    </p>
   </div>
   <div class='ocr_carea' id='block_1_41' title="bbox 158 3919 1815 3996">
    <p class='ocr_par' dir='ltr' id='par_1_41' title="bbox 158 3919 1815 3996">
     <span class='ocr_line' id='line_1_42' title="bbox 158 3919 1815 3996; baseline 0.004 -24"><span class='ocrx_word' id='word_1_333' title='bbox 158 3920 259 3993; x_wconf 71' lang='grc' dir='ltr'>γὰρ</span> <span class='ocrx_word' id='word_1_334' title='bbox 291 3923 461 3992; x_wconf 81' lang='grc' dir='ltr'>ἡμεῖς</span> <span class='ocrx_word' id='word_1_335' title='bbox 514 3919 702 3992; x_wconf 79' lang='grc' dir='ltr'>ὅμοιοι</span> <span class='ocrx_word' id='word_1_336' title='bbox 752 3922 956 3996; x_wconf 74' lang='grc' dir='ltr'>[ἐσμὲν]</span> <span class='ocrx_word' id='word_1_337' title='bbox 1003 3928 1122 3985; x_wconf 86' lang='grc' dir='ltr'>ταῖς</span> <span class='ocrx_word' id='word_1_338' title='bbox 1170 3922 1369 3977; x_wconf 87' lang='grc' dir='ltr'>εἰκόσιν</span> <span class='ocrx_word' id='word_1_339' title='bbox 1414 3925 1575 3995; x_wconf 85' lang='grc' dir='ltr'>ἡμῶν</span> <span class='ocrx_word' id='word_1_340' title='bbox 1606 3930 1724 3985; x_wconf 81' lang='grc' dir='ltr'>ταῖς</span> <span class='ocrx_word' id='word_1_341' title='bbox 1756 3923 1815 3979; x_wconf 84' lang='grc' dir='ltr'>ἐκ</span> 
     </span>
    </p>
   </div>
   <div class='ocr_carea' id='block_1_42' title="bbox 156 4008 1812 4084">
    <p class='ocr_par' dir='ltr' id='par_1_42' title="bbox 156 4008 1812 4084">
     <span class='ocr_line' id='line_1_43' title="bbox 156 4008 1812 4084; baseline 0.005 -24"><span class='ocrx_word' id='word_1_342' title='bbox 156 4013 330 4083; x_wconf 77' lang='grc' dir='ltr'>κηροῦ</span> <span class='ocrx_word' id='word_1_343' title='bbox 378 4010 551 4084; x_wconf 82' lang='grc' dir='ltr'>τυχὸν</span> <span class='ocrx_word' id='word_1_344' title='bbox 598 4009 633 4077; x_wconf 75' lang='grc' dir='ltr'><strong>ἢ</strong></span> <span class='ocrx_word' id='word_1_345' title='bbox 684 4008 921 4084; x_wconf 77' lang='grc' dir='ltr'>γαλκοῦ,</span> <span class='ocrx_word' id='word_1_346' title='bbox 972 4012 1123 4065; x_wconf 78' lang='grc' dir='ltr'>ἅτινα</span> <span class='ocrx_word' id='word_1_347' title='bbox 1182 4012 1464 4084; x_wconf 78' lang='grc' dir='ltr'>έτερούσια</span> <span class='ocrx_word' id='word_1_348' title='bbox 1514 4015 1650 4084; x_wconf 82' lang='grc' dir='ltr'>ἡμῖν</span> <span class='ocrx_word' id='word_1_349' title='bbox 1701 4012 1812 4068; x_wconf 82' lang='grc' dir='ltr'>ἐστι</span> 
     </span>
    </p>
   </div>
   <div class='ocr_carea' id='block_1_43' title="bbox 157 4097 1812 4177">
    <p class='ocr_par' dir='ltr' id='par_1_43' title="bbox 157 4097 1812 4177">
     <span class='ocr_line' id='line_1_44' title="bbox 157 4097 1812 4177; baseline 0.005 -27"><span class='ocrx_word' id='word_1_350' title='bbox 157 4099 240 4150; x_wconf 83' lang='grc' dir='ltr'>καὶ</span> <span class='ocrx_word' id='word_1_351' title='bbox 287 4103 475 4159; x_wconf 85' lang='grc' dir='ltr'>ποσῶς</span> <span class='ocrx_word' id='word_1_352' title='bbox 527 4097 713 4170; x_wconf 79' lang='grc' dir='ltr'>ὅμοια·</span> <span class='ocrx_word' id='word_1_353' title='bbox 747 4099 814 4153; x_wconf 73' lang='grc' dir='ltr'>τὰ</span> <span class='ocrx_word' id='word_1_354' title='bbox 847 4101 940 4172; x_wconf 79' lang='grc' dir='ltr'>μὲν</span> <span class='ocrx_word' id='word_1_355' title='bbox 992 4100 1093 4174; x_wconf 74' lang='grc' dir='ltr'>γὰρ</span> <span class='ocrx_word' id='word_1_356' title='bbox 1141 4102 1409 4177; x_wconf 84' lang='grc' dir='ltr'>ὁμοταγῆ,</span> <span class='ocrx_word' id='word_1_357' title='bbox 1462 4103 1706 4157; x_wconf 77' lang='grc' dir='ltr'>τουτέστι</span> <span class='ocrx_word' id='word_1_358' title='bbox 1746 4106 1812 4158; x_wconf 72' lang='grc' dir='ltr'>τὰ</span> 
     </span>
    </p>
   </div>
   <div class='ocr_carea' id='block_1_44' title="bbox 155 4185 1808 4264">
    <p class='ocr_par' dir='ltr' id='par_1_44' title="bbox 155 4185 1808 4264">
     <span class='ocr_line' id='line_1_45' title="bbox 155 4185 1808 4264; baseline 0.004 -25"><span class='ocrx_word' id='word_1_359' title='bbox 155 4192 249 4255; x_wconf 83' lang='grc' dir='ltr'>τῆς</span> <span class='ocrx_word' id='word_1_360' title='bbox 297 4186 471 4255; x_wconf 77' lang='grc' dir='ltr'>αὐτῆς</span> <span class='ocrx_word' id='word_1_361' title='bbox 519 4185 720 4257; x_wconf 81' lang='grc' dir='ltr'>τάξεως</span> <span class='ocrx_word' id='word_1_362' title='bbox 760 4188 849 4242; x_wconf 84' lang='grc' dir='ltr'>καὶ</span> <span class='ocrx_word' id='word_1_363' title='bbox 904 4188 1109 4259; x_wconf 83' lang='grc' dir='ltr'>οὐσίας,</span> <span class='ocrx_word' id='word_1_364' title='bbox 1157 4190 1229 4251; x_wconf 83' lang='grc' dir='ltr'>ὡς</span> <span class='ocrx_word' id='word_1_365' title='bbox 1279 4189 1344 4243; x_wconf 75' lang='grc' dir='ltr'>τὰ</span> <span class='ocrx_word' id='word_1_366' title='bbox 1391 4186 1669 4264; x_wconf 78' lang='grc' dir='ltr'>χερουϐὶμ</span> <span class='ocrx_word' id='word_1_367' title='bbox 1719 4192 1808 4246; x_wconf 83' lang='grc' dir='ltr'>καὶ</span> 
     </span>
    </p>
   </div>
   <div class='ocr_carea' id='block_1_45' title="bbox 155 4274 1809 4352">
    <p class='ocr_par' dir='ltr' id='par_1_45' title="bbox 155 4274 1809 4352">
     <span class='ocr_line' id='line_1_46' title="bbox 155 4274 1809 4352; baseline 0.004 -24"><span class='ocrx_word' id='word_1_368' title='bbox 155 4275 393 4352; x_wconf 69' lang='grc' dir='ltr'>σεραφὶμ</span> <span class='ocrx_word' id='word_1_369' title='bbox 423 4276 511 4329; x_wconf 79' lang='grc' dir='ltr'>καὶ</span> <span class='ocrx_word' id='word_1_370' title='bbox 547 4274 736 4330; x_wconf 82' lang='grc' dir='ltr'>λοιπαὶ</span> <span class='ocrx_word' id='word_1_371' title='bbox 778 4278 975 4348; x_wconf 78' lang='grc' dir='ltr'>τάξεις,</span> <span class='ocrx_word' id='word_1_372' title='bbox 1026 4280 1340 4349; x_wconf 77' lang='grc' dir='ltr'>ὸμοιοῦνται</span> <span class='ocrx_word' id='word_1_373' title='bbox 1396 4277 1671 4348; x_wconf 73' lang='grc' dir='ltr'>ἀλλήλοις</span> <span class='ocrx_word' id='word_1_374' title='bbox 1714 4302 1809 4334; x_wconf 86' lang='grc' dir='ltr'>κα-</span> 
     </span>
    </p>
   </div>
   <div class='ocr_carea' id='block_1_46' title="bbox 151 4364 1808 4439">
    <p class='ocr_par' dir='ltr' id='par_1_46' title="bbox 151 4364 1808 4439">
     <span class='ocr_line' id='line_1_47' title="bbox 151 4364 1808 4439; baseline 0.003 -22"><span class='ocrx_word' id='word_1_375' title='bbox 151 4365 215 4417; x_wconf 73' lang='grc' dir='ltr'>τὰ</span> <span class='ocrx_word' id='word_1_376' title='bbox 242 4364 305 4419; x_wconf 79' lang='grc' dir='ltr'>τὸ</span> <span class='ocrx_word' id='word_1_377' title='bbox 356 4364 779 4439; x_wconf 85' lang='grc' dir='ltr'>προηγούμενον</span> <span class='ocrx_word' id='word_1_378' title='bbox 834 4364 996 4427; x_wconf 74' lang='grc' dir='ltr'>εἶδος⁴</span> <span class='ocrx_word' id='word_1_379' title='bbox 1032 4368 1163 4439; x_wconf 76' lang='grc' dir='ltr'>ὅπερ</span> <span class='ocrx_word' id='word_1_380' title='bbox 1214 4364 1355 4429; x_wconf 76' lang='grc' dir='ltr'>εἶδος</span> <span class='ocrx_word' id='word_1_381' title='bbox 1403 4364 1489 4420; x_wconf 81' lang='grc' dir='ltr'>ἐπὶ</span> <span class='ocrx_word' id='word_1_382' title='bbox 1536 4373 1642 4421; x_wconf 89' lang='grc' dir='ltr'>τῶν</span> <span class='ocrx_word' id='word_1_383' title='bbox 1677 4390 1808 4439; x_wconf 90' lang='grc' dir='ltr'>νοη-</span> 
     </span>
    </p>
   </div>
   <div class='ocr_carea' id='block_1_47' title="bbox 150 4450 1804 4527">
    <p class='ocr_par' dir='ltr' id='par_1_47' title="bbox 150 4450 1804 4527">
     <span class='ocr_line' id='line_1_48' title="bbox 150 4450 1804 4527; baseline 0.004 -22"><span class='ocrx_word' id='word_1_384' title='bbox 150 4457 255 4506; x_wconf 87' lang='grc' dir='ltr'>τῶν</span> <span class='ocrx_word' id='word_1_385' title='bbox 288 4452 454 4525; x_wconf 81' lang='grc' dir='ltr'>ἐστιν,</span> <span class='ocrx_word' id='word_1_386' title='bbox 490 4450 581 4507; x_wconf 80' lang='grc' dir='ltr'>οἷά</span> <span class='ocrx_word' id='word_1_387' title='bbox 607 4474 689 4515; x_wconf 91' lang='grc' dir='ltr'>τις</span> <span class='ocrx_word' id='word_1_388' title='bbox 740 4453 1069 4527; x_wconf 83' lang='grc' dir='ltr'>ὑποκειμένη</span> <span class='ocrx_word' id='word_1_389' title='bbox 1127 4452 1231 4524; x_wconf 75' lang='grc' dir='ltr'>ὕλη</span> <span class='ocrx_word' id='word_1_390' title='bbox 1283 4452 1451 4516; x_wconf 73' lang='grc' dir='ltr'>ἄυλος</span> <span class='ocrx_word' id='word_1_391' title='bbox 1506 4457 1617 4525; x_wconf 78' lang='grc' dir='ltr'>ζωὴ</span> <span class='ocrx_word' id='word_1_392' title='bbox 1653 4457 1804 4525; x_wconf 78' lang='grc' dir='ltr'>οὖσα,</span> 
     </span>
    </p>
   </div>
   <div class='ocr_carea' id='block_1_48' title="bbox 150 4539 1808 4613">
    <p class='ocr_par' dir='ltr' id='par_1_48' title="bbox 150 4539 1808 4613">
     <span class='ocr_line' id='line_1_49' title="bbox 222 4540 1678 4567; baseline -0.001 -5"><span class='ocrx_word' id='word_1_393' title='bbox 222 4541 237 4562; x_wconf 90' lang='lat'><em>\</em></span> <span class='ocrx_word' id='word_1_394' title='bbox 319 4542 331 4559; x_wconf 67' lang='grc' dir='ltr'>ν</span> <span class='ocrx_word' id='word_1_395' title='bbox 494 4542 507 4560; x_wconf 80' lang='lat'><em>\</em></span> <span class='ocrx_word' id='word_1_396' title='bbox 760 4544 767 4557; x_wconf 69' lang='grc' dir='ltr'>ι</span> <span class='ocrx_word' id='word_1_397' title='bbox 985 4540 1009 4563; x_wconf 68' lang='grc' dir='ltr'>τι</span> <span class='ocrx_word' id='word_1_398' title='bbox 1292 4548 1319 4557; x_wconf 87' lang='lat'><strong>~</strong></span> <span class='ocrx_word' id='word_1_399' title='bbox 1554 4549 1580 4559; x_wconf 75' lang='grc' dir='ltr'>-ρ</span> <span class='ocrx_word' id='word_1_400' title='bbox 1668 4552 1678 4567; x_wconf 81' lang='grc'>,</span> 
     </span>
     <span class='ocr_line' id='line_1_50' title="bbox 150 4539 1808 4613; baseline 0.003 -18"><span class='ocrx_word' id='word_1_401' title='bbox 150 4562 239 4595; x_wconf 83' lang='grc' dir='ltr'>και</span> <span class='ocrx_word' id='word_1_402' title='bbox 275 4543 405 4597; x_wconf 85' lang='grc' dir='ltr'>αυτὸ</span> <span class='ocrx_word' id='word_1_403' title='bbox 454 4562 516 4595; x_wconf 90' lang='grc' dir='ltr'>το</span> <span class='ocrx_word' id='word_1_404' title='bbox 568 4539 707 4604; x_wconf 78' lang='grc' dir='ltr'>εἶδος</span> <span class='ocrx_word' id='word_1_405' title='bbox 739 4544 765 4596; x_wconf 86' lang='grc' dir='ltr'>ὁ</span> <span class='ocrx_word' id='word_1_406' title='bbox 793 4543 933 4598; x_wconf 73' lang='grc' dir='ltr'>ἐστιν</span> <span class='ocrx_word' id='word_1_407' title='bbox 988 4564 1206 4597; x_wconf 87' lang='grc' dir='ltr'>εκαστον</span> <span class='ocrx_word' id='word_1_408' title='bbox 1254 4564 1357 4597; x_wconf 89' lang='grc' dir='ltr'>των</span> <span class='ocrx_word' id='word_1_409' title='bbox 1409 4565 1644 4613; x_wconf 90' lang='grc' dir='ltr'>νοητων.</span> <span class='ocrx_word' id='word_1_410' title='bbox 1682 4550 1725 4602; x_wconf 95' lang='grc' dir='ltr'>Ο</span> <span class='ocrx_word' id='word_1_411' title='bbox 1752 4543 1808 4600; x_wconf 80' lang='grc' dir='ltr'>δὲ</span> 
     </span>
    </p>
   </div>
   <div class='ocr_carea' id='block_1_49' title="bbox 1850 1920 1897 1983">
    <p class='ocr_par' dir='ltr' id='par_1_49' title="bbox 1850 1920 1897 1983">
     <span class='ocr_line' id='line_1_51' title="bbox 1850 1920 1897 1983; baseline 0 -2"><span class='ocrx_word' id='word_1_412' title='bbox 1850 1920 1897 1983; x_wconf 86' lang='grc' dir='ltr'><strong>Β</strong></span> 
     </span>
    </p>
   </div>
   <div class='ocr_carea' id='block_1_50' title="bbox 1932 628 3584 701">
    <p class='ocr_par' dir='ltr' id='par_1_50' title="bbox 1932 628 3584 701">
     <span class='ocr_line' id='line_1_52' title="bbox 1932 628 3584 701; baseline 0.002 -19"><span class='ocrx_word' id='word_1_413' title='bbox 1932 628 2117 683; x_wconf 90' lang='lat' dir='ltr'>Deum</span> <span class='ocrx_word' id='word_1_414' title='bbox 2139 629 2197 682; x_wconf 91' lang='lat' dir='ltr'>in</span> <span class='ocrx_word' id='word_1_415' title='bbox 2226 629 2457 700; x_wconf 90' lang='lat' dir='ltr'>propria</span> <span class='ocrx_word' id='word_1_416' title='bbox 2480 630 2860 701; x_wconf 81' lang='lat' dir='ltr'>simplicitate</span> <span class='ocrx_word' id='word_1_417' title='bbox 2877 634 3229 697; x_wconf 88' lang='lat' dir='ltr'>manentem,</span> <span class='ocrx_word' id='word_1_418' title='bbox 3252 630 3445 685; x_wconf 87' lang='lat' dir='ltr'>varias</span> <span class='ocrx_word' id='word_1_419' title='bbox 3464 647 3584 685; x_wconf 83' lang='lat' dir='ltr'>om-</span> 
     </span>
    </p>
   </div>
   <div class='ocr_carea' id='block_1_51' title="bbox 1932 717 3581 791">
    <p class='ocr_par' dir='ltr' id='par_1_51' title="bbox 1932 717 3581 791">
     <span class='ocr_line' id='line_1_53' title="bbox 1932 717 3581 791; baseline 0.002 -21"><span class='ocrx_word' id='word_1_420' title='bbox 1932 717 2141 787; x_wconf 84' lang='lat' dir='ltr'>nisque</span> <span class='ocrx_word' id='word_1_421' title='bbox 2172 719 2403 789; x_wconf 82' lang='lat' dir='ltr'>generis</span> <span class='ocrx_word' id='word_1_422' title='bbox 2436 719 2660 789; x_wconf 87' lang='lat' dir='ltr'>species</span> <span class='ocrx_word' id='word_1_423' title='bbox 2691 723 2967 773; x_wconf 77' lang='lat' dir='ltr'>creaturae</span> <span class='ocrx_word' id='word_1_424' title='bbox 2990 720 3333 791; x_wconf 82' lang='lat' dir='ltr'>produxisse</span> <span class='ocrx_word' id='word_1_425' title='bbox 3360 738 3372 787; x_wconf 90' lang='lat'><strong>;</strong></span> <span class='ocrx_word' id='word_1_426' title='bbox 3416 723 3581 776; x_wconf 86' lang='lat' dir='ltr'>vocat</span> 
     </span>
    </p>
   </div>
   <div class='ocr_carea' id='block_1_52' title="bbox 1931 804 3583 881">
    <p class='ocr_par' dir='ltr' id='par_1_52' title="bbox 1931 804 3583 881">
     <span class='ocr_line' id='line_1_54' title="bbox 1931 804 3583 881; baseline 0.002 -20"><span class='ocrx_word' id='word_1_427' title='bbox 1931 808 2087 861; x_wconf 89' lang='lat' dir='ltr'>enim</span> <span class='ocrx_word' id='word_1_428' title='bbox 2118 804 2353 880; x_wconf 83' lang='grc' dir='ltr'>πρόοδον</span> <span class='ocrx_word' id='word_1_429' title='bbox 2380 808 2567 878; x_wconf 91' lang='lat' dir='ltr'>ipsam</span> <span class='ocrx_word' id='word_1_430' title='bbox 2598 807 2778 863; x_wconf 88' lang='lat' dir='ltr'>veluti</span> <span class='ocrx_word' id='word_1_431' title='bbox 2812 808 3122 863; x_wconf 85' lang='lat' dir='ltr'>motionem</span> <span class='ocrx_word' id='word_1_432' title='bbox 3153 813 3208 863; x_wconf 89' lang='lat' dir='ltr'>et</span> <span class='ocrx_word' id='word_1_433' title='bbox 3238 810 3583 881; x_wconf 86' lang='lat' dir='ltr'>prepensio—</span> 
     </span>
    </p>
   </div>
   <div class='ocr_carea' id='block_1_53' title="bbox 1931 898 2794 953">
    <p class='ocr_par' dir='ltr' id='par_1_53' title="bbox 1931 898 2794 953">
     <span class='ocr_line' id='line_1_55' title="bbox 1931 898 2794 953; baseline 0.003 -3"><span class='ocrx_word' id='word_1_434' title='bbox 1931 912 2063 950; x_wconf 88' lang='lat' dir='ltr'>nem</span> <span class='ocrx_word' id='word_1_435' title='bbox 2091 898 2159 950; x_wconf 89' lang='lat' dir='ltr'>ad</span> <span class='ocrx_word' id='word_1_436' title='bbox 2194 914 2388 951; x_wconf 91' lang='lat' dir='ltr'>rerum</span> <span class='ocrx_word' id='word_1_437' title='bbox 2422 898 2794 953; x_wconf 81' lang='lat' dir='ltr'>creationem.</span> 
     </span>
    </p>
   </div>
   <div class='ocr_carea' id='block_1_54' title="bbox 2002 984 3577 1059">
    <p class='ocr_par' dir='ltr' id='par_1_54' title="bbox 2002 984 3577 1059">
     <span class='ocr_line' id='line_1_56' title="bbox 2002 984 3577 1059; baseline 0.003 -21"><span class='ocrx_word' id='word_1_438' title='bbox 2002 987 2029 1052; x_wconf 88' lang='lat'>§</span> <span class='ocrx_word' id='word_1_439' title='bbox 2056 984 2151 1040; x_wconf 92' lang='lat' dir='ltr'>VI.</span> <span class='ocrx_word' id='word_1_440' title='bbox 2197 986 2443 1041; x_wconf 82' lang='lat' dir='ltr'>Similem</span> <span class='ocrx_word' id='word_1_441' title='bbox 2468 1003 2593 1041; x_wconf 78' lang='lat' dir='ltr'>vero</span> <span class='ocrx_word' id='word_1_442' title='bbox 2611 988 2799 1041; x_wconf 85' lang='lat' dir='ltr'>Deum.</span> <span class='ocrx_word' id='word_1_443' title='bbox 2823 990 2949 1041; x_wconf 90' lang='lat' dir='ltr'>Non</span> <span class='ocrx_word' id='word_1_444' title='bbox 2970 990 3161 1059; x_wconf 88' lang='lat' dir='ltr'>potest</span> <span class='ocrx_word' id='word_1_445' title='bbox 3180 987 3249 1042; x_wconf 91' lang='lat' dir='ltr'>de</span> <span class='ocrx_word' id='word_1_446' title='bbox 3273 987 3439 1042; x_wconf 88' lang='lat' dir='ltr'>nobis</span> <span class='ocrx_word' id='word_1_447' title='bbox 3462 988 3577 1042; x_wconf 91' lang='lat' dir='ltr'>dici</span> 
     </span>
    </p>
   </div>
   <div class='ocr_carea' id='block_1_55' title="bbox 1932 1072 3578 1147">
    <p class='ocr_par' dir='ltr' id='par_1_55' title="bbox 1932 1072 3578 1147">
     <span class='ocr_line' id='line_1_57' title="bbox 1932 1072 3578 1147; baseline 0.004 -24"><span class='ocrx_word' id='word_1_448' title='bbox 1932 1072 2123 1143; x_wconf 80' lang='grc' dir='ltr'>ὅμοιον</span> <span class='ocrx_word' id='word_1_449' title='bbox 2158 1117 2169 1140; x_wconf 93' lang='grc'>,</span> <span class='ocrx_word' id='word_1_450' title='bbox 2206 1092 2339 1129; x_wconf 84' lang='lat' dir='ltr'>nam</span> <span class='ocrx_word' id='word_1_451' title='bbox 2374 1092 2588 1147; x_wconf 90' lang='lat' dir='ltr'>corpus</span> <span class='ocrx_word' id='word_1_452' title='bbox 2611 1081 2874 1131; x_wconf 87' lang='lat' dir='ltr'>nostrum</span> <span class='ocrx_word' id='word_1_453' title='bbox 2900 1093 2967 1130; x_wconf 84' lang='lat' dir='ltr'>ex</span> <span class='ocrx_word' id='word_1_454' title='bbox 2989 1075 3353 1132; x_wconf 89' lang='lat' dir='ltr'>similaribus</span> <span class='ocrx_word' id='word_1_455' title='bbox 3379 1080 3436 1131; x_wconf 88' lang='lat' dir='ltr'>et</span> <span class='ocrx_word' id='word_1_456' title='bbox 3457 1076 3578 1130; x_wconf 88' lang='lat' dir='ltr'>dis-</span> 
     </span>
    </p>
   </div>
   <div class='ocr_carea' id='block_1_56' title="bbox 1931 1162 3581 1229">
    <p class='ocr_par' dir='ltr' id='par_1_56' title="bbox 1931 1162 3581 1229">
     <span class='ocr_line' id='line_1_58' title="bbox 1931 1162 3581 1229; baseline 0.002 -13"><span class='ocrx_word' id='word_1_457' title='bbox 1931 1162 2294 1218; x_wconf 89' lang='lat' dir='ltr'>similaribus</span> <span class='ocrx_word' id='word_1_458' title='bbox 2316 1169 2567 1229; x_wconf 85' lang='lat' dir='ltr'>constat,</span> <span class='ocrx_word' id='word_1_459' title='bbox 2594 1164 2746 1219; x_wconf 87' lang='lat' dir='ltr'>sicut</span> <span class='ocrx_word' id='word_1_460' title='bbox 2768 1166 2939 1219; x_wconf 89' lang='lat' dir='ltr'>etiam</span> <span class='ocrx_word' id='word_1_461' title='bbox 2965 1166 3303 1221; x_wconf 86' lang='lat' dir='ltr'>Aristoteles</span> <span class='ocrx_word' id='word_1_462' title='bbox 3325 1164 3581 1221; x_wconf 87' lang='lat' dir='ltr'>ostendit</span> 
     </span>
    </p>
   </div>
   <div class='ocr_carea' id='block_1_57' title="bbox 1930 1251 3580 1323">
    <p class='ocr_par' dir='ltr' id='par_1_57' title="bbox 1930 1251 3580 1323">
     <span class='ocr_line' id='line_1_59' title="bbox 1930 1251 3580 1323; baseline 0.002 -18"><span class='ocrx_word' id='word_1_463' title='bbox 1930 1251 1990 1305; x_wconf 90' lang='lat' dir='ltr'>in</span> <span class='ocrx_word' id='word_1_464' title='bbox 2025 1252 2310 1323; x_wconf 89' lang='lat' dir='ltr'>principio</span> <span class='ocrx_word' id='word_1_465' title='bbox 2342 1252 2474 1307; x_wconf 87' lang='lat' dir='ltr'>libri</span> <span class='ocrx_word' id='word_1_466' title='bbox 2509 1254 2583 1308; x_wconf 86' lang='lat' dir='ltr'>De</span> <span class='ocrx_word' id='word_1_467' title='bbox 2611 1254 2963 1323; x_wconf 78' lang='lat' dir='ltr'>generatione</span> <span class='ocrx_word' id='word_1_468' title='bbox 3007 1254 3381 1309; x_wconf 78' lang='lat' dir='ltr'>animalium:</span> <span class='ocrx_word' id='word_1_469' title='bbox 3424 1254 3580 1309; x_wconf 89' lang='lat' dir='ltr'>Deus</span> 
     </span>
    </p>
   </div>
   <div class='ocr_carea' id='block_1_58' title="bbox 1931 1342 3582 1415">
    <p class='ocr_par' dir='ltr' id='par_1_58' title="bbox 1931 1342 3582 1415">
     <span class='ocr_line' id='line_1_60' title="bbox 1931 1342 3582 1415; baseline 0.002 -21"><span class='ocrx_word' id='word_1_470' title='bbox 1931 1356 2086 1407; x_wconf 92' lang='lat' dir='ltr'>vero,</span> <span class='ocrx_word' id='word_1_471' title='bbox 2121 1342 2271 1412; x_wconf 90' lang='lat' dir='ltr'>quod</span> <span class='ocrx_word' id='word_1_472' title='bbox 2289 1346 2396 1406; x_wconf 89' lang='lat' dir='ltr'>est,</span> <span class='ocrx_word' id='word_1_473' title='bbox 2414 1359 2654 1413; x_wconf 91' lang='lat' dir='ltr'>prorsus</span> <span class='ocrx_word' id='word_1_474' title='bbox 2671 1342 2942 1398; x_wconf 87' lang='lat' dir='ltr'>similiter</span> <span class='ocrx_word' id='word_1_475' title='bbox 2956 1347 3065 1410; x_wconf 90' lang='lat' dir='ltr'>est,</span> <span class='ocrx_word' id='word_1_476' title='bbox 3082 1344 3359 1415; x_wconf 88' lang='lat' dir='ltr'>quoniam</span> <span class='ocrx_word' id='word_1_477' title='bbox 3383 1342 3582 1398; x_wconf 88' lang='lat' dir='ltr'>divina</span> 
     </span>
    </p>
   </div>
   <div class='ocr_carea' id='block_1_59' title="bbox 1928 1430 3581 1503">
    <p class='ocr_par' dir='ltr' id='par_1_59' title="bbox 1928 1430 3581 1503">
     <span class='ocr_line' id='line_1_61' title="bbox 1928 1430 3581 1503; baseline 0.001 -20"><span class='ocrx_word' id='word_1_478' title='bbox 1928 1430 2248 1502; x_wconf 81' lang='lat' dir='ltr'>Scriptura,</span> <span class='ocrx_word' id='word_1_479' title='bbox 2269 1435 2546 1502; x_wconf 91' lang='lat' dir='ltr'>tanquam</span> <span class='ocrx_word' id='word_1_480' title='bbox 2568 1448 2800 1503; x_wconf 89' lang='lat' dir='ltr'>semper</span> <span class='ocrx_word' id='word_1_481' title='bbox 2819 1432 3089 1488; x_wconf 90' lang='lat' dir='ltr'>eumdem</span> <span class='ocrx_word' id='word_1_482' title='bbox 3106 1434 3233 1488; x_wconf 88' lang='lat' dir='ltr'>sine</span> <span class='ocrx_word' id='word_1_483' title='bbox 3257 1433 3581 1487; x_wconf 81' lang='lat' dir='ltr'>mutatione</span> 
     </span>
    </p>
   </div>
   <div class='ocr_carea' id='block_1_60' title="bbox 1930 1519 3581 1591">
    <p class='ocr_par' dir='ltr' id='par_1_60' title="bbox 1930 1519 3581 1591">
     <span class='ocr_line' id='line_1_62' title="bbox 1930 1519 3581 1591; baseline 0.002 -19"><span class='ocrx_word' id='word_1_484' title='bbox 1930 1519 2207 1574; x_wconf 90' lang='lat' dir='ltr'>omnibus</span> <span class='ocrx_word' id='word_1_485' title='bbox 2233 1519 2579 1575; x_wconf 85' lang='lat' dir='ltr'>dissimilem</span> <span class='ocrx_word' id='word_1_486' title='bbox 2617 1521 2779 1591; x_wconf 89' lang='lat' dir='ltr'>dicit,</span> <span class='ocrx_word' id='word_1_487' title='bbox 2824 1526 2887 1575; x_wconf 90' lang='lat' dir='ltr'>ut</span> <span class='ocrx_word' id='word_1_488' title='bbox 2937 1521 3079 1575; x_wconf 89' lang='lat' dir='ltr'>illud</span> <span class='ocrx_word' id='word_1_489' title='bbox 3122 1522 3305 1577; x_wconf 74' lang='lat'><strong>207:</strong></span> <span class='ocrx_word' id='word_1_490' title='bbox 3358 1521 3490 1589; x_wconf 86' lang='lat' dir='ltr'>Quis</span> <span class='ocrx_word' id='word_1_491' title='bbox 3520 1523 3581 1575; x_wconf 87' lang='lat' dir='ltr'>in</span> 
     </span>
    </p>
   </div>
   <div class='ocr_carea' id='block_1_61' title="bbox 1929 1608 3581 1681">
    <p class='ocr_par' dir='ltr' id='par_1_61' title="bbox 1929 1608 3581 1681">
     <span class='ocr_line' id='line_1_63' title="bbox 1929 1608 3581 1681; baseline 0.002 -20"><span class='ocrx_word' id='word_1_492' title='bbox 1929 1608 2154 1663; x_wconf 82' lang='lat' dir='ltr'>diistibi</span> <span class='ocrx_word' id='word_1_493' title='bbox 2180 1609 2412 1673; x_wconf 83' lang='lat' dir='ltr'>similis,</span> <span class='ocrx_word' id='word_1_494' title='bbox 2440 1612 2667 1665; x_wconf 87' lang='lat' dir='ltr'>Domine</span> <span class='ocrx_word' id='word_1_495' title='bbox 2681 1611 2802 1681; x_wconf 87' lang='lat' dir='ltr'>(n);</span> <span class='ocrx_word' id='word_1_496' title='bbox 2833 1627 2896 1664; x_wconf 92' lang='lat' dir='ltr'>ac</span> <span class='ocrx_word' id='word_1_497' title='bbox 2928 1610 3141 1665; x_wconf 88' lang='lat' dir='ltr'>iterum</span> <span class='ocrx_word' id='word_1_498' title='bbox 3172 1629 3183 1664; x_wconf 87' lang='lat'>:</span> <span class='ocrx_word' id='word_1_499' title='bbox 3212 1612 3315 1665; x_wconf 83' lang='lat' dir='ltr'>Cui</span> <span class='ocrx_word' id='word_1_500' title='bbox 3332 1627 3417 1666; x_wconf 89' lang='lat' dir='ltr'>me</span> <span class='ocrx_word' id='word_1_501' title='bbox 3446 1612 3581 1665; x_wconf 88' lang='lat' dir='ltr'>assi-</span> 
     </span>
    </p>
   </div>
   <div class='ocr_carea' id='block_1_62' title="bbox 1928 1696 3581 1769">
    <p class='ocr_par' dir='ltr' id='par_1_62' title="bbox 1928 1696 3581 1769">
     <span class='ocr_line' id='line_1_64' title="bbox 1928 1696 3581 1769; baseline 0.001 -18"><span class='ocrx_word' id='word_1_502' title='bbox 1928 1696 2193 1763; x_wconf 85' lang='lat' dir='ltr'>milastis,</span> <span class='ocrx_word' id='word_1_503' title='bbox 2228 1698 2410 1769; x_wconf 80' lang='lat' dir='ltr'>inquit</span> <span class='ocrx_word' id='word_1_504' title='bbox 2443 1700 2847 1769; x_wconf 88' lang='lat' dir='ltr'>Dominus(o);</span> <span class='ocrx_word' id='word_1_505' title='bbox 2868 1702 2960 1754; x_wconf 88' lang='lat' dir='ltr'>et:</span> <span class='ocrx_word' id='word_1_506' title='bbox 2994 1702 3101 1769; x_wconf 90' lang='lat' dir='ltr'>Ego</span> <span class='ocrx_word' id='word_1_507' title='bbox 3131 1702 3363 1756; x_wconf 83' lang='lat' dir='ltr'>visiones</span> <span class='ocrx_word' id='word_1_508' title='bbox 3392 1698 3581 1753; x_wconf 83' lang='lat' dir='ltr'>mulli-</span> 
     </span>
    </p>
   </div>
   <div class='ocr_carea' id='block_1_63' title="bbox 1925 1786 3584 1859">
    <p class='ocr_par' dir='ltr' id='par_1_63' title="bbox 1925 1786 3584 1859">
     <span class='ocr_line' id='line_1_65' title="bbox 1925 1786 3584 1859; baseline 0.001 -19"><span class='ocrx_word' id='word_1_509' title='bbox 1925 1786 2151 1858; x_wconf 81' lang='lat' dir='ltr'>plicavi,</span> <span class='ocrx_word' id='word_1_510' title='bbox 2226 1796 2276 1842; x_wconf 89' lang='lat' dir='ltr'>et</span> <span class='ocrx_word' id='word_1_511' title='bbox 2348 1788 2407 1842; x_wconf 84' lang='lat' dir='ltr'>in</span> <span class='ocrx_word' id='word_1_512' title='bbox 2490 1788 2749 1842; x_wconf 85' lang='lat' dir='ltr'>manibus</span> <span class='ocrx_word' id='word_1_513' title='bbox 2799 1790 3192 1859; x_wconf 81' lang='lat' dir='ltr'>prophetarum</span> <span class='ocrx_word' id='word_1_514' title='bbox 3246 1788 3584 1843; x_wconf 78' lang='lat' dir='ltr'>assimilatas</span> 
     </span>
    </p>
   </div>
   <div class='ocr_carea' id='block_1_64' title="bbox 1926 1875 3579 1948">
    <p class='ocr_par' dir='ltr' id='par_1_64' title="bbox 1926 1875 3579 1948">
     <span class='ocr_line' id='line_1_66' title="bbox 1926 1875 3579 1948; baseline 0.002 -19"><span class='ocrx_word' id='word_1_515' title='bbox 1926 1875 2020 1946; x_wconf 84' lang='lat' dir='ltr'>fui</span> <span class='ocrx_word' id='word_1_516' title='bbox 2043 1875 2137 1945; x_wconf 84' lang='lat' dir='ltr'>(p),</span> <span class='ocrx_word' id='word_1_517' title='bbox 2167 1876 2223 1929; x_wconf 90' lang='lat' dir='ltr'>id</span> <span class='ocrx_word' id='word_1_518' title='bbox 2248 1885 2354 1943; x_wconf 88' lang='lat' dir='ltr'>est,</span> <span class='ocrx_word' id='word_1_519' title='bbox 2381 1877 2534 1930; x_wconf 91' lang='lat' dir='ltr'>idem</span> <span class='ocrx_word' id='word_1_520' title='bbox 2558 1892 2664 1947; x_wconf 85' lang='lat' dir='ltr'>ego</span> <span class='ocrx_word' id='word_1_521' title='bbox 2684 1876 2828 1931; x_wconf 88' lang='lat' dir='ltr'>mibi</span> <span class='ocrx_word' id='word_1_522' title='bbox 2852 1877 2987 1948; x_wconf 88' lang='lat' dir='ltr'>ipsi,</span> <span class='ocrx_word' id='word_1_523' title='bbox 3006 1883 3070 1932; x_wconf 91' lang='lat' dir='ltr'>ut</span> <span class='ocrx_word' id='word_1_524' title='bbox 3092 1880 3340 1933; x_wconf 73' lang='lat' dir='ltr'>Irenaeus</span> <span class='ocrx_word' id='word_1_525' title='bbox 3362 1878 3505 1933; x_wconf 83' lang='lat' dir='ltr'>dicit</span> <span class='ocrx_word' id='word_1_526' title='bbox 3522 1878 3579 1932; x_wconf 92' lang='lat' dir='ltr'>in</span> 
     </span>
    </p>
   </div>
   <div class='ocr_carea' id='block_1_65' title="bbox 1936 1964 2611 2021">
    <p class='ocr_par' dir='ltr' id='par_1_65' title="bbox 1936 1964 2611 2021">
     <span class='ocr_line' id='line_1_67' title="bbox 1936 1964 2611 2021; baseline 0.004 -3"><span class='ocrx_word' id='word_1_527' title='bbox 1936 1964 2105 2019; x_wconf 90' lang='lat' dir='ltr'>libris</span> <span class='ocrx_word' id='word_1_528' title='bbox 2133 1969 2319 2021; x_wconf 81' lang='lat' dir='ltr'>contra</span> <span class='ocrx_word' id='word_1_529' title='bbox 2352 1964 2611 2021; x_wconf 78' lang='lat' dir='ltr'>haereses.</span> 
     </span>
    </p>
   </div>
   <div class='ocr_carea' id='block_1_66' title="bbox 2009 2055 3585 2127">
    <p class='ocr_par' dir='ltr' id='par_1_66' title="bbox 2009 2055 3585 2127">
     <span class='ocr_line' id='line_1_68' title="bbox 2009 2055 3585 2127; baseline 0.002 -20"><span class='ocrx_word' id='word_1_530' title='bbox 2009 2055 2322 2109; x_wconf 85' lang='lat' dir='ltr'>lmitatione</span> <span class='ocrx_word' id='word_1_531' title='bbox 2350 2071 2519 2125; x_wconf 89' lang='lat' dir='ltr'>quam</span> <span class='ocrx_word' id='word_1_532' title='bbox 2550 2056 2808 2111; x_wconf 83' lang='lat' dir='ltr'>adhibere</span> <span class='ocrx_word' id='word_1_533' title='bbox 2835 2065 3085 2127; x_wconf 82' lang='lat' dir='ltr'>possunt.</span> <span class='ocrx_word' id='word_1_534' title='bbox 3122 2055 3276 2110; x_wconf 88' lang='lat' dir='ltr'>Licet</span> <span class='ocrx_word' id='word_1_535' title='bbox 3306 2072 3447 2111; x_wconf 88' lang='lat' dir='ltr'>sane</span> <span class='ocrx_word' id='word_1_536' title='bbox 3475 2055 3585 2111; x_wconf 87' lang='lat' dir='ltr'>hoc</span> 
     </span>
    </p>
   </div>
   <div class='ocr_carea' id='block_1_67' title="bbox 1936 2142 3583 2213">
    <p class='ocr_par' dir='ltr' id='par_1_67' title="bbox 1936 2142 3583 2213">
     <span class='ocr_line' id='line_1_69' title="bbox 1936 2142 3583 2213; baseline 0.001 -16"><span class='ocrx_word' id='word_1_537' title='bbox 1936 2142 2061 2198; x_wconf 91' lang='lat' dir='ltr'>loco</span> <span class='ocrx_word' id='word_1_538' title='bbox 2094 2142 2353 2213; x_wconf 89' lang='lat' dir='ltr'>accipere</span> <span class='ocrx_word' id='word_1_539' title='bbox 2372 2144 2764 2200; x_wconf 86' lang='lat' dir='ltr'>imitationem</span> <span class='ocrx_word' id='word_1_540' title='bbox 2791 2145 2847 2199; x_wconf 89' lang='lat' dir='ltr'>in</span> <span class='ocrx_word' id='word_1_541' title='bbox 2873 2149 3083 2200; x_wconf 86' lang='lat' dir='ltr'>natura</span> <span class='ocrx_word' id='word_1_542' title='bbox 3106 2149 3301 2201; x_wconf 83' lang='lat' dir='ltr'>mente</span> <span class='ocrx_word' id='word_1_543' title='bbox 3323 2162 3389 2200; x_wconf 85' lang='lat' dir='ltr'>ac</span> <span class='ocrx_word' id='word_1_544' title='bbox 3411 2144 3583 2199; x_wconf 86' lang='lat' dir='ltr'>ratio-</span> 
     </span>
    </p>
   </div>
   <div class='ocr_carea' id='block_1_68' title="bbox 1936 2233 3590 2304">
    <p class='ocr_par' dir='ltr' id='par_1_68' title="bbox 1936 2233 3590 2304">
     <span class='ocr_line' id='line_1_70' title="bbox 1936 2233 3590 2304; baseline 0.002 -18"><span class='ocrx_word' id='word_1_545' title='bbox 1936 2248 2008 2286; x_wconf 91' lang='lat' dir='ltr'>ne</span> <span class='ocrx_word' id='word_1_546' title='bbox 2031 2233 2276 2303; x_wconf 71' lang='lat' dir='ltr'>praadita</span> <span class='ocrx_word' id='word_1_547' title='bbox 2306 2234 2375 2288; x_wconf 89' lang='lat' dir='ltr'>ad</span> <span class='ocrx_word' id='word_1_548' title='bbox 2400 2239 2584 2289; x_wconf 91' lang='lat' dir='ltr'>Deum</span> <span class='ocrx_word' id='word_1_549' title='bbox 2620 2251 2918 2301; x_wconf 87' lang='lat' dir='ltr'>conversa,</span> <span class='ocrx_word' id='word_1_550' title='bbox 2945 2236 3116 2304; x_wconf 85' lang='lat' dir='ltr'>juxta</span> <span class='ocrx_word' id='word_1_551' title='bbox 3170 2233 3313 2289; x_wconf 91' lang='lat' dir='ltr'>illud</span> <span class='ocrx_word' id='word_1_552' title='bbox 3344 2251 3356 2289; x_wconf 91' lang='lat'>:</span> <span class='ocrx_word' id='word_1_553' title='bbox 3402 2238 3590 2289; x_wconf 81' lang='lat' dir='ltr'>Eslote</span> 
     </span>
    </p>
   </div>
   <div class='ocr_carea' id='block_1_69' title="bbox 1932 2322 3588 2392">
    <p class='ocr_par' dir='ltr' id='par_1_69' title="bbox 1932 2322 3588 2392">
     <span class='ocr_line' id='line_1_71' title="bbox 1932 2322 3588 2392; baseline 0.001 -17"><span class='ocrx_word' id='word_1_554' title='bbox 1932 2322 2180 2392; x_wconf 78' lang='lat' dir='ltr'>perfecti,</span> <span class='ocrx_word' id='word_1_555' title='bbox 2211 2327 2387 2378; x_wconf 81' lang='lat' dir='ltr'>estote</span> <span class='ocrx_word' id='word_1_556' title='bbox 2435 2324 2814 2379; x_wconf 79' lang='lat' dir='ltr'>misericordes</span> <span class='ocrx_word' id='word_1_557' title='bbox 2854 2327 2997 2379; x_wconf 81' lang='lat' dir='ltr'>sicut</span> <span class='ocrx_word' id='word_1_558' title='bbox 3048 2329 3215 2378; x_wconf 79' lang='lat' dir='ltr'>Pater</span> <span class='ocrx_word' id='word_1_559' title='bbox 3260 2328 3439 2378; x_wconf 86' lang='lat' dir='ltr'>vester</span> <span class='ocrx_word' id='word_1_560' title='bbox 3485 2339 3588 2377; x_wconf 73' lang='lat' dir='ltr'>ca:-</span> 
     </span>
    </p>
   </div>
   <div class='ocr_carea' id='block_1_70' title="bbox 1940 2410 3584 2483">
    <p class='ocr_par' dir='ltr' id='par_1_70' title="bbox 1940 2410 3584 2483">
     <span class='ocr_line' id='line_1_72' title="bbox 1940 2410 3584 2483; baseline 0.001 -19"><span class='ocrx_word' id='word_1_561' title='bbox 1940 2410 2091 2465; x_wconf 84' lang='lat' dir='ltr'>leslis</span> <span class='ocrx_word' id='word_1_562' title='bbox 2117 2412 2191 2481; x_wconf 86' lang='lat' dir='ltr'>(q)</span> <span class='ocrx_word' id='word_1_563' title='bbox 2215 2429 2343 2483; x_wconf 54' lang='lat' dir='ltr'>qua),</span> <span class='ocrx_word' id='word_1_564' title='bbox 2364 2412 2422 2465; x_wconf 88' lang='lat' dir='ltr'>in</span> <span class='ocrx_word' id='word_1_565' title='bbox 2449 2416 2559 2467; x_wconf 91' lang='lat' dir='ltr'>Deo</span> <span class='ocrx_word' id='word_1_566' title='bbox 2579 2413 2810 2483; x_wconf 87' lang='lat' dir='ltr'>quidem</span> <span class='ocrx_word' id='word_1_567' title='bbox 2827 2412 3057 2483; x_wconf 88' lang='lat' dir='ltr'>proprie</span> <span class='ocrx_word' id='word_1_568' title='bbox 3080 2416 3137 2467; x_wconf 90' lang='lat' dir='ltr'>et</span> <span class='ocrx_word' id='word_1_569' title='bbox 3159 2428 3584 2483; x_wconf 87' lang='lat' dir='ltr'>supraomnem</span> 
     </span>
    </p>
   </div>
   <div class='ocr_carea' id='block_1_71' title="bbox 1932 2500 3589 2572">
    <p class='ocr_par' dir='ltr' id='par_1_71' title="bbox 1932 2500 3589 2572">
     <span class='ocr_line' id='line_1_73' title="bbox 1932 2500 3589 2572; baseline 0.001 -19"><span class='ocrx_word' id='word_1_570' title='bbox 1932 2500 2252 2554; x_wconf 88' lang='lat' dir='ltr'>terminum</span> <span class='ocrx_word' id='word_1_571' title='bbox 2281 2517 2346 2555; x_wconf 89' lang='lat' dir='ltr'>ac</span> <span class='ocrx_word' id='word_1_572' title='bbox 2372 2500 2657 2555; x_wconf 88' lang='lat' dir='ltr'>rationem</span> <span class='ocrx_word' id='word_1_573' title='bbox 2684 2518 2697 2567; x_wconf 91' lang='lat'><strong>;</strong></span> <span class='ocrx_word' id='word_1_574' title='bbox 2724 2500 2781 2554; x_wconf 88' lang='lat' dir='ltr'>in</span> <span class='ocrx_word' id='word_1_575' title='bbox 2807 2500 3089 2555; x_wconf 88' lang='lat' dir='ltr'>creaturis</span> <span class='ocrx_word' id='word_1_576' title='bbox 3114 2517 3243 2555; x_wconf 88' lang='lat' dir='ltr'>vero</span> <span class='ocrx_word' id='word_1_577' title='bbox 3262 2517 3364 2572; x_wconf 92' lang='lat' dir='ltr'>pro</span> <span class='ocrx_word' id='word_1_578' title='bbox 3387 2501 3589 2570; x_wconf 86' lang='lat' dir='ltr'>cujus-</span> 
     </span>
    </p>
   </div>
   <div class='ocr_carea' id='block_1_72' title="bbox 1934 2588 3584 2660">
    <p class='ocr_par' dir='ltr' id='par_1_72' title="bbox 1934 2588 3584 2660">
     <span class='ocr_line' id='line_1_74' title="bbox 1934 2588 3584 2660; baseline -0.001 -17"><span class='ocrx_word' id='word_1_579' title='bbox 1934 2605 2046 2660; x_wconf 90' lang='lat' dir='ltr'>que</span> <span class='ocrx_word' id='word_1_580' title='bbox 2082 2588 2356 2644; x_wconf 80' lang='lat' dir='ltr'>facultate</span> <span class='ocrx_word' id='word_1_581' title='bbox 2424 2590 2837 2645; x_wconf 87' lang='lat' dir='ltr'>convenienter</span> <span class='ocrx_word' id='word_1_582' title='bbox 2884 2594 3153 2646; x_wconf 75' lang='lat' dir='ltr'>naturae:</span> <span class='ocrx_word' id='word_1_583' title='bbox 3206 2589 3343 2645; x_wconf 89' lang='lat' dir='ltr'>licet</span> <span class='ocrx_word' id='word_1_584' title='bbox 3387 2594 3584 2643; x_wconf 87' lang='lat' dir='ltr'>autem</span> 
     </span>
    </p>
   </div>
   <div class='ocr_carea' id='block_1_73' title="bbox 1932 2677 3587 2750">
    <p class='ocr_par' dir='ltr' id='par_1_73' title="bbox 1932 2677 3587 2750">
     <span class='ocr_line' id='line_1_75' title="bbox 1932 2677 3587 2750; baseline -0.001 -18"><span class='ocrx_word' id='word_1_585' title='bbox 1932 2678 2107 2733; x_wconf 87' lang='lat' dir='ltr'>etiam</span> <span class='ocrx_word' id='word_1_586' title='bbox 2142 2678 2248 2733; x_wconf 90' lang='lat' dir='ltr'>hoc</span> <span class='ocrx_word' id='word_1_587' title='bbox 2280 2677 2402 2733; x_wconf 90' lang='lat' dir='ltr'>loco</span> <span class='ocrx_word' id='word_1_588' title='bbox 2427 2678 2815 2733; x_wconf 89' lang='lat' dir='ltr'>imitationem</span> <span class='ocrx_word' id='word_1_589' title='bbox 2842 2678 3167 2750; x_wconf 85' lang='lat' dir='ltr'>intelligere</span> <span class='ocrx_word' id='word_1_590' title='bbox 3189 2678 3587 2750; x_wconf 88' lang='lat' dir='ltr'>participatio-</span> 
     </span>
    </p>
   </div>
   <div class='ocr_carea' id='block_1_74' title="bbox 1934 2766 3583 2838">
    <p class='ocr_par' dir='ltr' id='par_1_74' title="bbox 1934 2766 3583 2838">
     <span class='ocr_line' id='line_1_76' title="bbox 1934 2766 3583 2838; baseline -0.001 -16"><span class='ocrx_word' id='word_1_591' title='bbox 1934 2783 2065 2822; x_wconf 86' lang='lat' dir='ltr'>nem</span> <span class='ocrx_word' id='word_1_592' title='bbox 2092 2783 2291 2821; x_wconf 91' lang='lat' dir='ltr'>eorum</span> <span class='ocrx_word' id='word_1_593' title='bbox 2313 2784 2438 2838; x_wconf 68' lang='lat' dir='ltr'>quae</span> <span class='ocrx_word' id='word_1_594' title='bbox 2462 2766 2518 2821; x_wconf 89' lang='lat' dir='ltr'>in</span> <span class='ocrx_word' id='word_1_595' title='bbox 2547 2768 2663 2822; x_wconf 92' lang='lat' dir='ltr'>Deo</span> <span class='ocrx_word' id='word_1_596' title='bbox 2686 2784 2864 2838; x_wconf 90' lang='lat' dir='ltr'>supra</span> <span class='ocrx_word' id='word_1_597' title='bbox 2890 2767 3209 2823; x_wconf 87' lang='lat' dir='ltr'>essentiam</span> <span class='ocrx_word' id='word_1_598' title='bbox 3239 2771 3583 2836; x_wconf 84' lang='lat' dir='ltr'>cernuntur,</span> 
     </span>
    </p>
   </div>
   <div class='ocr_carea' id='block_1_75' title="bbox 1932 2855 3587 2928">
    <p class='ocr_par' dir='ltr' id='par_1_75' title="bbox 1932 2855 3587 2928">
     <span class='ocr_line' id='line_1_77' title="bbox 1932 2855 3587 2928; baseline -0.001 -18"><span class='ocrx_word' id='word_1_599' title='bbox 1932 2874 2106 2927; x_wconf 86' lang='lat' dir='ltr'>quam</span> <span class='ocrx_word' id='word_1_600' title='bbox 2125 2873 2215 2912; x_wconf 88' lang='lat' dir='ltr'>res</span> <span class='ocrx_word' id='word_1_601' title='bbox 2231 2857 2593 2928; x_wconf 71' lang='lat' dir='ltr'>productaain</span> <span class='ocrx_word' id='word_1_602' title='bbox 2619 2856 3053 2928; x_wconf 81' lang='lat' dir='ltr'>generationem</span> <span class='ocrx_word' id='word_1_603' title='bbox 3072 2859 3421 2928; x_wconf 78' lang='lat' dir='ltr'>acceperunt</span> <span class='ocrx_word' id='word_1_604' title='bbox 3438 2855 3587 2910; x_wconf 90' lang='lat' dir='ltr'>exsi-</span> 
     </span>
    </p>
   </div>
   <div class='ocr_carea' id='block_1_76' title="bbox 1932 2945 3581 3017">
    <p class='ocr_par' dir='ltr' id='par_1_76' title="bbox 1932 2945 3581 3017">
     <span class='ocr_line' id='line_1_78' title="bbox 1932 2945 3581 3017; baseline -0.001 -18"><span class='ocrx_word' id='word_1_605' title='bbox 1932 2946 2179 3001; x_wconf 89' lang='lat' dir='ltr'>sentiam</span> <span class='ocrx_word' id='word_1_606' title='bbox 2202 2952 2257 3000; x_wconf 88' lang='lat' dir='ltr'>et</span> <span class='ocrx_word' id='word_1_607' title='bbox 2279 2945 2393 3001; x_wconf 87' lang='lat' dir='ltr'>alia</span> <span class='ocrx_word' id='word_1_608' title='bbox 2419 2946 2862 3017; x_wconf 84' lang='lat' dir='ltr'>participantes,</span> <span class='ocrx_word' id='word_1_609' title='bbox 2884 2963 3009 3017; x_wconf 73' lang='lat' dir='ltr'>quae</span> <span class='ocrx_word' id='word_1_610' title='bbox 3034 2946 3092 3001; x_wconf 88' lang='lat' dir='ltr'>in</span> <span class='ocrx_word' id='word_1_611' title='bbox 3118 2945 3581 3017; x_wconf 78' lang='lat' dir='ltr'>praecedentibus</span> 
     </span>
    </p>
   </div>
   <div class='ocr_carea' id='block_1_77' title="bbox 1930 3032 3579 3106">
    <p class='ocr_par' dir='ltr' id='par_1_77' title="bbox 1930 3032 3579 3106">
     <span class='ocr_line' id='line_1_79' title="bbox 1930 3032 3579 3106; baseline -0.001 -17"><span class='ocrx_word' id='word_1_612' title='bbox 1930 3035 2233 3106; x_wconf 83' lang='lat' dir='ltr'>explicavi.</span> <span class='ocrx_word' id='word_1_613' title='bbox 2265 3036 2425 3099; x_wconf 89' lang='lat' dir='ltr'>Quod</span> <span class='ocrx_word' id='word_1_614' title='bbox 2455 3039 2647 3090; x_wconf 84' lang='lat' dir='ltr'>autem</span> <span class='ocrx_word' id='word_1_615' title='bbox 2674 3035 2883 3091; x_wconf 87' lang='lat' dir='ltr'>dixerit</span> <span class='ocrx_word' id='word_1_616' title='bbox 2900 3034 3117 3091; x_wconf 88' lang='lat' dir='ltr'>similia</span> <span class='ocrx_word' id='word_1_617' title='bbox 3139 3035 3463 3090; x_wconf 80' lang='lat' dir='ltr'>secundum</span> <span class='ocrx_word' id='word_1_618' title='bbox 3490 3032 3579 3088; x_wconf 89' lang='lat' dir='ltr'>di-</span> 
     </span>
    </p>
   </div>
   <div class='ocr_carea' id='block_1_78' title="bbox 1927 3123 3578 3197">
    <p class='ocr_par' dir='ltr' id='par_1_78' title="bbox 1927 3123 3578 3197">
     <span class='ocr_line' id='line_1_80' title="bbox 1927 3123 3578 3197; baseline -0.001 -19"><span class='ocrx_word' id='word_1_619' title='bbox 1927 3124 2121 3179; x_wconf 89' lang='lat' dir='ltr'>vinam</span> <span class='ocrx_word' id='word_1_620' title='bbox 2157 3124 2498 3196; x_wconf 84' lang='lat' dir='ltr'>imaginem,</span> <span class='ocrx_word' id='word_1_621' title='bbox 2523 3141 2637 3179; x_wconf 92' lang='lat' dir='ltr'>non</span> <span class='ocrx_word' id='word_1_622' title='bbox 2657 3129 2745 3180; x_wconf 89' lang='lat' dir='ltr'>est</span> <span class='ocrx_word' id='word_1_623' title='bbox 2770 3127 2920 3197; x_wconf 89' lang='lat' dir='ltr'>quod</span> <span class='ocrx_word' id='word_1_624' title='bbox 2948 3128 3119 3197; x_wconf 90' lang='lat' dir='ltr'>neget</span> <span class='ocrx_word' id='word_1_625' title='bbox 3141 3124 3251 3179; x_wconf 91' lang='lat' dir='ltr'>hoc</span> <span class='ocrx_word' id='word_1_626' title='bbox 3268 3124 3486 3179; x_wconf 90' lang='lat' dir='ltr'>dictum</span> <span class='ocrx_word' id='word_1_627' title='bbox 3508 3123 3578 3177; x_wconf 90' lang='lat' dir='ltr'>de</span> 
     </span>
    </p>
   </div>
   <div class='ocr_carea' id='block_1_79' title="bbox 1930 3211 3577 3284">
    <p class='ocr_par' dir='ltr' id='par_1_79' title="bbox 1930 3211 3577 3284">
     <span class='ocr_line' id='line_1_81' title="bbox 1930 3211 3577 3284; baseline -0.001 -17"><span class='ocrx_word' id='word_1_628' title='bbox 1930 3212 2203 3279; x_wconf 80' lang='lat' dir='ltr'>homine;</span> <span class='ocrx_word' id='word_1_629' title='bbox 2240 3214 2334 3268; x_wconf 92' lang='lat' dir='ltr'>sed</span> <span class='ocrx_word' id='word_1_630' title='bbox 2371 3230 2474 3284; x_wconf 90' lang='lat' dir='ltr'>pro</span> <span class='ocrx_word' id='word_1_631' title='bbox 2509 3214 2969 3284; x_wconf 86' lang='lat' dir='ltr'>participationis</span> <span class='ocrx_word' id='word_1_632' title='bbox 3014 3214 3238 3269; x_wconf 88' lang='lat' dir='ltr'>ratione</span> <span class='ocrx_word' id='word_1_633' title='bbox 3280 3213 3455 3268; x_wconf 88' lang='lat' dir='ltr'>etiam</span> <span class='ocrx_word' id='word_1_634' title='bbox 3506 3211 3577 3266; x_wconf 91' lang='lat' dir='ltr'>de</span> 
     </span>
    </p>
   </div>
   <div class='ocr_carea' id='block_1_80' title="bbox 1926 3302 2869 3372">
    <p class='ocr_par' dir='ltr' id='par_1_80' title="bbox 1926 3302 2869 3372">
     <span class='ocr_line' id='line_1_82' title="bbox 1926 3302 2869 3372; baseline -0.002 -16"><span class='ocrx_word' id='word_1_635' title='bbox 1926 3302 2169 3371; x_wconf 88' lang='lat' dir='ltr'>reliquis</span> <span class='ocrx_word' id='word_1_636' title='bbox 2201 3302 2510 3356; x_wconf 84' lang='lat' dir='ltr'>dictionem</span> <span class='ocrx_word' id='word_1_637' title='bbox 2543 3302 2869 3372; x_wconf 88' lang='lat' dir='ltr'>usurpavit.</span> 
     </span>
    </p>
   </div>
   <div class='ocr_carea' id='block_1_81' title="bbox 2002 3389 3575 3461">
    <p class='ocr_par' dir='ltr' id='par_1_81' title="bbox 2002 3389 3575 3461">
     <span class='ocr_line' id='line_1_83' title="bbox 2002 3389 3575 3461; baseline -0.002 -15"><span class='ocrx_word' id='word_1_638' title='bbox 2002 3393 2061 3446; x_wconf 86' lang='lat' dir='ltr'>Et</span> <span class='ocrx_word' id='word_1_639' title='bbox 2085 3390 2154 3444; x_wconf 86' lang='lat' dir='ltr'>ad</span> <span class='ocrx_word' id='word_1_640' title='bbox 2183 3391 2431 3445; x_wconf 78' lang='lat' dir='ltr'>divinam</span> <span class='ocrx_word' id='word_1_641' title='bbox 2458 3393 2773 3461; x_wconf 82' lang='lat' dir='ltr'>imaginem.</span> <span class='ocrx_word' id='word_1_642' title='bbox 2802 3390 2954 3445; x_wconf 89' lang='lat' dir='ltr'>Dicit</span> <span class='ocrx_word' id='word_1_643' title='bbox 2983 3390 3091 3445; x_wconf 89' lang='lat' dir='ltr'>hoc</span> <span class='ocrx_word' id='word_1_644' title='bbox 3123 3390 3249 3445; x_wconf 92' lang='lat' dir='ltr'>loco</span> <span class='ocrx_word' id='word_1_645' title='bbox 3281 3389 3575 3461; x_wconf 91' lang='lat' dir='ltr'>quomodo</span> 
     </span>
    </p>
   </div>
   <div class='ocr_carea' id='block_1_82' title="bbox 1926 3479 3573 3548">
    <p class='ocr_par' dir='ltr' id='par_1_82' title="bbox 1926 3479 3573 3548">
     <span class='ocr_line' id='line_1_84' title="bbox 1926 3479 3573 3548; baseline -0.001 -15"><span class='ocrx_word' id='word_1_646' title='bbox 1926 3479 2368 3546; x_wconf 69' lang='lat' dir='ltr'>intelligendum</span> <span class='ocrx_word' id='word_1_647' title='bbox 2421 3479 2469 3535; x_wconf 91' lang='lat' dir='ltr'>si</span> <span class='ocrx_word' id='word_1_648' title='bbox 2507 3479 2806 3535; x_wconf 86' lang='lat' dir='ltr'>secundum</span> <span class='ocrx_word' id='word_1_649' title='bbox 2854 3480 3156 3548; x_wconf 82' lang='lat' dir='ltr'>imaginem</span> <span class='ocrx_word' id='word_1_650' title='bbox 3205 3488 3257 3533; x_wconf 80' lang='lat' dir='ltr'>et</span> <span class='ocrx_word' id='word_1_651' title='bbox 3303 3480 3573 3533; x_wconf 80' lang='lat' dir='ltr'>similitu-</span> 
     </span>
    </p>
   </div>
   <div class='ocr_carea' id='block_1_83' title="bbox 1926 3569 3573 3640">
    <p class='ocr_par' dir='ltr' id='par_1_83' title="bbox 1926 3569 3573 3640">
     <span class='ocr_line' id='line_1_85' title="bbox 1926 3569 3573 3640; baseline -0.001 -17"><span class='ocrx_word' id='word_1_652' title='bbox 1926 3569 2112 3624; x_wconf 85' lang='lat' dir='ltr'>dinem</span> <span class='ocrx_word' id='word_1_653' title='bbox 2148 3586 2158 3622; x_wconf 90' lang='lat'><strong>:</strong></span> <span class='ocrx_word' id='word_1_654' title='bbox 2194 3586 2402 3640; x_wconf 89' lang='lat' dir='ltr'>nempe</span> <span class='ocrx_word' id='word_1_655' title='bbox 2434 3585 2548 3623; x_wconf 86' lang='lat' dir='ltr'>non</span> <span class='ocrx_word' id='word_1_656' title='bbox 2583 3569 2905 3624; x_wconf 85' lang='lat' dir='ltr'>secundum</span> <span class='ocrx_word' id='word_1_657' title='bbox 2938 3569 3208 3634; x_wconf 79' lang='lat' dir='ltr'>formam,</span> <span class='ocrx_word' id='word_1_658' title='bbox 3242 3569 3341 3623; x_wconf 92' lang='lat' dir='ltr'>sed</span> <span class='ocrx_word' id='word_1_659' title='bbox 3371 3572 3573 3638; x_wconf 88' lang='lat' dir='ltr'>quate-</span> 
     </span>
    </p>
   </div>
   <div class='ocr_carea' id='block_1_84' title="bbox 1927 3656 3575 3727">
    <p class='ocr_par' dir='ltr' id='par_1_84' title="bbox 1927 3656 3575 3727">
     <span class='ocr_line' id='line_1_86' title="bbox 1927 3656 3575 3727; baseline -0.001 -16"><span class='ocrx_word' id='word_1_660' title='bbox 1927 3675 2037 3712; x_wconf 89' lang='lat' dir='ltr'>nus</span> <span class='ocrx_word' id='word_1_661' title='bbox 2070 3675 2357 3712; x_wconf 73' lang='lat' dir='ltr'>conversaa</span> <span class='ocrx_word' id='word_1_662' title='bbox 2393 3662 2551 3720; x_wconf 87' lang='lat' dir='ltr'>sunt,</span> <span class='ocrx_word' id='word_1_663' title='bbox 2586 3662 2911 3713; x_wconf 89' lang='lat' dir='ltr'>etmentcm</span> <span class='ocrx_word' id='word_1_664' title='bbox 2934 3658 3002 3711; x_wconf 89' lang='lat' dir='ltr'>ad</span> <span class='ocrx_word' id='word_1_665' title='bbox 3028 3657 3232 3727; x_wconf 90' lang='lat' dir='ltr'>Deum,</span> <span class='ocrx_word' id='word_1_666' title='bbox 3257 3656 3575 3711; x_wconf 87' lang='lat' dir='ltr'>exsistendi</span> 
     </span>
    </p>
   </div>
   <div class='ocr_carea' id='block_1_85' title="bbox 1926 3745 3572 3815">
    <p class='ocr_par' dir='ltr' id='par_1_85' title="bbox 1926 3745 3572 3815">
     <span class='ocr_line' id='line_1_87' title="bbox 1926 3745 3572 3815; baseline -0.002 -14"><span class='ocrx_word' id='word_1_667' title='bbox 1926 3747 2149 3801; x_wconf 83' lang='lat' dir='ltr'>acbena</span> <span class='ocrx_word' id='word_1_668' title='bbox 2171 3746 2492 3801; x_wconf 85' lang='lat' dir='ltr'>exsistendi</span> <span class='ocrx_word' id='word_1_669' title='bbox 2512 3751 2830 3815; x_wconf 86' lang='lat' dir='ltr'>auctorem,</span> <span class='ocrx_word' id='word_1_670' title='bbox 2853 3746 3133 3801; x_wconf 87' lang='lat' dir='ltr'>elevatam</span> <span class='ocrx_word' id='word_1_671' title='bbox 3155 3745 3572 3815; x_wconf 85' lang='lat' dir='ltr'>habent;quod</span> 
     </span>
    </p>
   </div>
   <div class='ocr_carea' id='block_1_86' title="bbox 1926 3833 3576 3905">
    <p class='ocr_par' dir='ltr' id='par_1_86' title="bbox 1926 3833 3576 3905">
     <span class='ocr_line' id='line_1_88' title="bbox 1926 3833 3576 3905; baseline 0 -16"><span class='ocrx_word' id='word_1_672' title='bbox 1926 3835 2022 3889; x_wconf 90' lang='lat' dir='ltr'>alii</span> <span class='ocrx_word' id='word_1_673' title='bbox 2046 3835 2295 3890; x_wconf 91' lang='lat' dir='ltr'>liberum</span> <span class='ocrx_word' id='word_1_674' title='bbox 2322 3834 2630 3890; x_wconf 86' lang='lat' dir='ltr'>arbitrium</span> <span class='ocrx_word' id='word_1_675' title='bbox 2659 3833 3095 3899; x_wconf 81' lang='lat' dir='ltr'>intellexerunt,</span> <span class='ocrx_word' id='word_1_676' title='bbox 3120 3834 3398 3905; x_wconf 88' lang='lat' dir='ltr'>quoniam</span> <span class='ocrx_word' id='word_1_677' title='bbox 3423 3834 3576 3889; x_wconf 88' lang='lat' dir='ltr'>Deus</span> 
     </span>
    </p>
   </div>
   <div class='ocr_carea' id='block_1_87' title="bbox 1925 3922 3572 3995">
    <p class='ocr_par' dir='ltr' id='par_1_87' title="bbox 1925 3922 3572 3995">
     <span class='ocr_line' id='line_1_89' title="bbox 1925 3922 3572 3995; baseline -0.001 -15"><span class='ocrx_word' id='word_1_678' title='bbox 1925 3942 2037 3980; x_wconf 91' lang='lat' dir='ltr'>non</span> <span class='ocrx_word' id='word_1_679' title='bbox 2072 3929 2162 3980; x_wconf 91' lang='lat' dir='ltr'>est</span> <span class='ocrx_word' id='word_1_680' title='bbox 2192 3925 2405 3980; x_wconf 87' lang='lat' dir='ltr'>similis</span> <span class='ocrx_word' id='word_1_681' title='bbox 2429 3925 2752 3995; x_wconf 82' lang='lat' dir='ltr'>secundum</span> <span class='ocrx_word' id='word_1_682' title='bbox 2783 3924 3100 3979; x_wconf 89' lang='lat' dir='ltr'>essentiam</span> <span class='ocrx_word' id='word_1_683' title='bbox 3132 3922 3572 3991; x_wconf 50' lang='lat' dir='ltr'>lrationalibus:</span> 
     </span>
    </p>
   </div>
   <div class='ocr_carea' id='block_1_88' title="bbox 1923 4011 3574 4085">
    <p class='ocr_par' dir='ltr' id='par_1_88' title="bbox 1923 4011 3574 4085">
     <span class='ocr_line' id='line_1_90' title="bbox 1923 4011 3574 4085; baseline -0.002 -17"><span class='ocrx_word' id='word_1_684' title='bbox 1923 4030 2113 4085; x_wconf 89' lang='lat' dir='ltr'>neque</span> <span class='ocrx_word' id='word_1_685' title='bbox 2141 4014 2294 4067; x_wconf 91' lang='lat' dir='ltr'>enim</span> <span class='ocrx_word' id='word_1_686' title='bbox 2333 4030 2438 4068; x_wconf 91' lang='lat' dir='ltr'>nos</span> <span class='ocrx_word' id='word_1_687' title='bbox 2461 4013 2686 4068; x_wconf 90' lang='lat' dir='ltr'>similes</span> <span class='ocrx_word' id='word_1_688' title='bbox 2720 4030 2927 4067; x_wconf 89' lang='lat' dir='ltr'>sumus</span> <span class='ocrx_word' id='word_1_689' title='bbox 2960 4012 3319 4083; x_wconf 89' lang='lat' dir='ltr'>imaginibus</span> <span class='ocrx_word' id='word_1_690' title='bbox 3358 4011 3574 4065; x_wconf 83' lang='lat' dir='ltr'>nostris</span> 
     </span>
    </p>
   </div>
   <div class='ocr_carea' id='block_1_89' title="bbox 1923 4100 3569 4171">
    <p class='ocr_par' dir='ltr' id='par_1_89' title="bbox 1923 4100 3569 4171">
     <span class='ocr_line' id='line_1_91' title="bbox 1923 4100 3569 4171; baseline -0.002 -14"><span class='ocrx_word' id='word_1_691' title='bbox 1923 4102 2105 4157; x_wconf 89' lang='lat' dir='ltr'>cereis</span> <span class='ocrx_word' id='word_1_692' title='bbox 2140 4102 2305 4170; x_wconf 83' lang='lat' dir='ltr'>forte,</span> <span class='ocrx_word' id='word_1_693' title='bbox 2339 4108 2438 4157; x_wconf 88' lang='lat' dir='ltr'>aut</span> <span class='ocrx_word' id='word_1_694' title='bbox 2468 4103 2653 4171; x_wconf 72' lang='lat' dir='ltr'>aereis,</span> <span class='ocrx_word' id='word_1_695' title='bbox 2688 4118 2811 4171; x_wconf 64' lang='lat' dir='ltr'>quae</span> <span class='ocrx_word' id='word_1_696' title='bbox 2844 4101 3083 4155; x_wconf 79' lang='lat' dir='ltr'>alterius</span> <span class='ocrx_word' id='word_1_697' title='bbox 3103 4100 3367 4155; x_wconf 71' lang='lat' dir='ltr'>essentia:</span> <span class='ocrx_word' id='word_1_698' title='bbox 3393 4114 3569 4169; x_wconf 88' lang='lat' dir='ltr'>quam</span> 
     </span>
    </p>
   </div>
   <div class='ocr_carea' id='block_1_90' title="bbox 1922 4187 3568 4261">
    <p class='ocr_par' dir='ltr' id='par_1_90' title="bbox 1922 4187 3568 4261">
     <span class='ocr_line' id='line_1_92' title="bbox 1922 4187 3568 4261; baseline -0.002 -16"><span class='ocrx_word' id='word_1_699' title='bbox 1922 4207 2027 4245; x_wconf 92' lang='lat' dir='ltr'>nos</span> <span class='ocrx_word' id='word_1_700' title='bbox 2060 4196 2117 4245; x_wconf 91' lang='lat' dir='ltr'>et</span> <span class='ocrx_word' id='word_1_701' title='bbox 2148 4207 2353 4261; x_wconf 89' lang='lat' dir='ltr'>parum</span> <span class='ocrx_word' id='word_1_702' title='bbox 2383 4190 2645 4245; x_wconf 86' lang='lat' dir='ltr'>similes:</span> <span class='ocrx_word' id='word_1_703' title='bbox 2680 4206 2807 4258; x_wconf 73' lang='lat' dir='ltr'>quae</span> <span class='ocrx_word' id='word_1_704' title='bbox 2826 4189 2980 4243; x_wconf 88' lang='lat' dir='ltr'>enim</span> <span class='ocrx_word' id='word_1_705' title='bbox 3007 4189 3271 4258; x_wconf 89' lang='lat' dir='ltr'>ejusdem</span> <span class='ocrx_word' id='word_1_706' title='bbox 3300 4187 3568 4256; x_wconf 89' lang='lat' dir='ltr'>seriei,id</span> 
     </span>
    </p>
   </div>
   <div class='ocr_carea' id='block_1_91' title="bbox 1920 4276 3571 4350">
    <p class='ocr_par' dir='ltr' id='par_1_91' title="bbox 1920 4276 3571 4350">
     <span class='ocr_line' id='line_1_93' title="bbox 1920 4276 3571 4350; baseline -0.002 -16"><span class='ocrx_word' id='word_1_707' title='bbox 1920 4284 2009 4334; x_wconf 88' lang='lat' dir='ltr'>est</span> <span class='ocrx_word' id='word_1_708' title='bbox 2033 4280 2296 4350; x_wconf 88' lang='lat' dir='ltr'>ejusdem</span> <span class='ocrx_word' id='word_1_709' title='bbox 2334 4279 2554 4333; x_wconf 90' lang='lat' dir='ltr'>ordinis</span> <span class='ocrx_word' id='word_1_710' title='bbox 2602 4295 2666 4332; x_wconf 87' lang='lat' dir='ltr'>ac</span> <span class='ocrx_word' id='word_1_711' title='bbox 2701 4278 2986 4345; x_wconf 59' lang='lat' dir='ltr'>essentia,</span> <span class='ocrx_word' id='word_1_712' title='bbox 3039 4280 3105 4330; x_wconf 86' lang='lat' dir='ltr'>ut</span> <span class='ocrx_word' id='word_1_713' title='bbox 3151 4276 3453 4331; x_wconf 89' lang='lat' dir='ltr'>cherubim</span> <span class='ocrx_word' id='word_1_714' title='bbox 3513 4280 3571 4331; x_wconf 91' lang='lat' dir='ltr'>et</span> 
     </span>
    </p>
   </div>
   <div class='ocr_carea' id='block_1_92' title="bbox 1919 4363 3569 4439">
    <p class='ocr_par' dir='ltr' id='par_1_92' title="bbox 1919 4363 3569 4439">
     <span class='ocr_line' id='line_1_94' title="bbox 1919 4363 3569 4439; baseline -0.005 -15"><span class='ocrx_word' id='word_1_715' title='bbox 1919 4368 2215 4439; x_wconf 87' lang='lat' dir='ltr'>serapbim</span> <span class='ocrx_word' id='word_1_716' title='bbox 2241 4384 2306 4421; x_wconf 93' lang='lat' dir='ltr'>ac</span> <span class='ocrx_word' id='word_1_717' title='bbox 2330 4367 2537 4437; x_wconf 91' lang='lat' dir='ltr'>reliqui</span> <span class='ocrx_word' id='word_1_718' title='bbox 2568 4366 2820 4434; x_wconf 91' lang='lat' dir='ltr'>ordines,</span> <span class='ocrx_word' id='word_1_719' title='bbox 2855 4365 3265 4420; x_wconf 88' lang='lat' dir='ltr'>assimilantur</span> <span class='ocrx_word' id='word_1_720' title='bbox 3294 4363 3404 4418; x_wconf 92' lang='lat' dir='ltr'>sibi</span> <span class='ocrx_word' id='word_1_721' title='bbox 3429 4363 3569 4417; x_wconf 86' lang='lat' dir='ltr'>invi-</span> 
     </span>
    </p>
   </div>
   <div class='ocr_carea' id='block_1_93' title="bbox 1919 4450 3565 4527">
    <p class='ocr_par' dir='ltr' id='par_1_93' title="bbox 1919 4450 3565 4527">
     <span class='ocr_line' id='line_1_95' title="bbox 1919 4450 3565 4527; baseline -0.003 -16"><span class='ocrx_word' id='word_1_722' title='bbox 1919 4473 2040 4512; x_wconf 92' lang='lat' dir='ltr'>cem</span> <span class='ocrx_word' id='word_1_723' title='bbox 2075 4457 2131 4510; x_wconf 89' lang='lat' dir='ltr'>in</span> <span class='ocrx_word' id='word_1_724' title='bbox 2168 4455 2473 4527; x_wconf 85' lang='lat' dir='ltr'>principali</span> <span class='ocrx_word' id='word_1_725' title='bbox 2509 4455 2734 4521; x_wconf 81' lang='lat' dir='ltr'>forma;</span> <span class='ocrx_word' id='word_1_726' title='bbox 2769 4471 2894 4526; x_wconf 66' lang='lat' dir='ltr'>quae</span> <span class='ocrx_word' id='word_1_727' title='bbox 2927 4454 3132 4518; x_wconf 84' lang='lat' dir='ltr'>forma,</span> <span class='ocrx_word' id='word_1_728' title='bbox 3175 4453 3234 4506; x_wconf 90' lang='lat' dir='ltr'>in</span> <span class='ocrx_word' id='word_1_729' title='bbox 3286 4450 3565 4523; x_wconf 83' lang='lat' dir='ltr'>intelligi-</span> 
     </span>
    </p>
   </div>
   <div class='ocr_carea' id='block_1_94' title="bbox 1918 4540 3563 4614">
    <p class='ocr_par' dir='ltr' id='par_1_94' title="bbox 1918 4540 3563 4614">
     <span class='ocr_line' id='line_1_96' title="bbox 1918 4540 3563 4614; baseline -0.003 -15"><span class='ocrx_word' id='word_1_730' title='bbox 1918 4544 2136 4600; x_wconf 89' lang='lat' dir='ltr'>bilibus</span> <span class='ocrx_word' id='word_1_731' title='bbox 2168 4549 2257 4599; x_wconf 91' lang='lat' dir='ltr'>est</span> <span class='ocrx_word' id='word_1_732' title='bbox 2277 4544 2455 4599; x_wconf 88' lang='lat' dir='ltr'>veluti</span> <span class='ocrx_word' id='word_1_733' title='bbox 2486 4544 2751 4613; x_wconf 81' lang='lat' dir='ltr'>subjecta</span> <span class='ocrx_word' id='word_1_734' title='bbox 2782 4544 3046 4614; x_wconf 72' lang='lat' dir='ltr'>quaedam</span> <span class='ocrx_word' id='word_1_735' title='bbox 3082 4541 3325 4596; x_wconf 89' lang='lat' dir='ltr'>materia</span> <span class='ocrx_word' id='word_1_736' title='bbox 3355 4540 3563 4595; x_wconf 87' lang='lat' dir='ltr'>imma-</span> 
     </span>
    </p>
   </div>
   <div class='ocr_carea' id='block_1_95' title="bbox 152 4629 1815 4722">
    <p class='ocr_par' dir='ltr' id='par_1_95' title="bbox 152 4629 1807 4706">
     <span class='ocr_line' id='line_1_97' title="bbox 152 4629 1807 4706; baseline 0.002 -22"><span class='ocrx_word' id='word_1_737' title='bbox 152 4630 279 4692; x_wconf 80' lang='grc' dir='ltr'>Θεὸς</span> <span class='ocrx_word' id='word_1_738' title='bbox 310 4631 421 4706; x_wconf 78' lang='grc' dir='ltr'>οὐχ</span> <span class='ocrx_word' id='word_1_739' title='bbox 451 4629 594 4685; x_wconf 69' lang='grc' dir='ltr'>οὕτω</span> <span class='ocrx_word' id='word_1_740' title='bbox 626 4630 761 4702; x_wconf 88' lang='grc' dir='ltr'>πρὸς</span> <span class='ocrx_word' id='word_1_741' title='bbox 810 4632 875 4686; x_wconf 69' lang='grc' dir='ltr'>τὶ</span> <span class='ocrx_word' id='word_1_742' title='bbox 921 4632 969 4704; x_wconf 80' lang='grc' dir='ltr'>ἐξ</span> <span class='ocrx_word' id='word_1_743' title='bbox 1025 4633 1211 4687; x_wconf 77' lang='grc' dir='ltr'>αὐτοῦ·</span> <span class='ocrx_word' id='word_1_744' title='bbox 1269 4631 1329 4685; x_wconf 85' lang='grc' dir='ltr'>ού</span> <span class='ocrx_word' id='word_1_745' title='bbox 1378 4631 1476 4706; x_wconf 78' lang='grc' dir='ltr'>γὰρ</span> <span class='ocrx_word' id='word_1_746' title='bbox 1519 4632 1715 4705; x_wconf 78' lang='grc' dir='ltr'>ὅμοιον</span> <span class='ocrx_word' id='word_1_747' title='bbox 1747 4636 1807 4688; x_wconf 89' lang='grc' dir='ltr'>τὸ</span> 
     </span>
    </p>
   </div>
   <div class='ocr_carea' id='block_1_96' title="bbox 1933 4629 3564 4722">
    <p class='ocr_par' dir='ltr' id='par_1_96' title="bbox 1933 4630 3564 4703">
     <span class='ocr_line' id='line_1_98' title="bbox 1933 4630 3564 4703; baseline -0.003 -15"><span class='ocrx_word' id='word_1_748' title='bbox 1933 4632 2136 4689; x_wconf 87' lang='lat' dir='ltr'>;erialis</span> <span class='ocrx_word' id='word_1_749' title='bbox 2166 4634 2385 4696; x_wconf 89' lang='lat' dir='ltr'>vivens,</span> <span class='ocrx_word' id='word_1_750' title='bbox 2420 4649 2485 4687; x_wconf 89' lang='lat' dir='ltr'>ac</span> <span class='ocrx_word' id='word_1_751' title='bbox 2520 4634 2642 4703; x_wconf 89' lang='lat' dir='ltr'>ipsa</span> <span class='ocrx_word' id='word_1_752' title='bbox 2674 4632 2855 4687; x_wconf 82' lang='lat' dir='ltr'>forma</span> <span class='ocrx_word' id='word_1_753' title='bbox 2892 4648 3021 4702; x_wconf 68' lang='lat' dir='ltr'>quis</span> <span class='ocrx_word' id='word_1_754' title='bbox 3052 4634 3140 4686; x_wconf 88' lang='lat' dir='ltr'>est</span> <span class='ocrx_word' id='word_1_755' title='bbox 3187 4630 3564 4700; x_wconf 90' lang='lat' dir='ltr'>unumquod-</span> 
     </span>
    </p>
   </div>
   <div class='ocr_carea' id='block_1_97' title="bbox 152 4719 1803 4795">
    <p class='ocr_par' dir='ltr' id='par_1_97' title="bbox 152 4719 1803 4795">
     <span class='ocr_line' id='line_1_99' title="bbox 152 4719 1803 4795; baseline 0.004 -24"><span class='ocrx_word' id='word_1_756' title='bbox 152 4719 323 4775; x_wconf 74' lang='grc' dir='ltr'>α’ίτιον</span> <span class='ocrx_word' id='word_1_757' title='bbox 385 4726 501 4781; x_wconf 83' lang='grc' dir='ltr'>τοῖς</span> <span class='ocrx_word' id='word_1_758' title='bbox 559 4719 845 4782; x_wconf 86' lang='grc' dir='ltr'>αἰτιατοῖς.</span> <span class='ocrx_word' id='word_1_759' title='bbox 878 4722 940 4778; x_wconf 70' lang='grc'>³0</span> <span class='ocrx_word' id='word_1_760' title='bbox 996 4720 1053 4775; x_wconf 78' lang='grc' dir='ltr'>δὲ</span> <span class='ocrx_word' id='word_1_761' title='bbox 1107 4723 1253 4775; x_wconf 65' lang='grc' dir='ltr'>εἶπον</span> <span class='ocrx_word' id='word_1_762' title='bbox 1312 4720 1399 4775; x_wconf 82' lang='grc' dir='ltr'>ἐπὶ</span> <span class='ocrx_word' id='word_1_763' title='bbox 1446 4726 1557 4777; x_wconf 88' lang='grc' dir='ltr'>τῶν</span> <span class='ocrx_word' id='word_1_764' title='bbox 1588 4728 1803 4795; x_wconf 81' lang='grc' dir='ltr'>νοητῶν</span> 
     </span>
    </p>
   </div>
   <div class='ocr_carea' id='block_1_98' title="bbox 150 4808 1401 4887">
    <p class='ocr_par' dir='ltr' id='par_1_98' title="bbox 150 4808 1401 4887">
     <span class='ocr_line' id='line_1_100' title="bbox 150 4808 1401 4887; baseline 0.003 -25"><span class='ocrx_word' id='word_1_765' title='bbox 150 4809 345 4879; x_wconf 80' lang='grc' dir='ltr'>νόησον</span> <span class='ocrx_word' id='word_1_766' title='bbox 379 4811 469 4864; x_wconf 83' lang='grc' dir='ltr'>καὶ</span> <span class='ocrx_word' id='word_1_767' title='bbox 504 4808 593 4864; x_wconf 79' lang='grc' dir='ltr'>ἐπὶ</span> <span class='ocrx_word' id='word_1_768' title='bbox 626 4812 731 4863; x_wconf 88' lang='grc' dir='ltr'>τῶν</span> <span class='ocrx_word' id='word_1_769' title='bbox 760 4815 963 4887; x_wconf 86' lang='grc' dir='ltr'>νοερῶν</span> <span class='ocrx_word' id='word_1_770' title='bbox 994 4811 1156 4884; x_wconf 81' lang='grc' dir='ltr'>ἡμῶν</span> <span class='ocrx_word' id='word_1_771' title='bbox 1188 4814 1401 4885; x_wconf 78' lang='grc' dir='ltr'>ψυχῶν.</span> 
     </span>
    </p>
   </div>
   <div class='ocr_carea' id='block_1_99' title="bbox 218 5077 1801 5156">
    <p class='ocr_par' dir='ltr' id='par_1_99' title="bbox 218 5077 1801 5156">
     <span class='ocr_line' id='line_1_101' title="bbox 218 5077 1801 5156; baseline -0.003 -19"><span class='ocrx_word' id='word_1_772' title='bbox 218 5080 341 5138; x_wconf 78' lang='grc' dir='ltr'>Ἐπὶ</span> <span class='ocrx_word' id='word_1_773' title='bbox 406 5078 505 5153; x_wconf 71' lang='grc' dir='ltr'>μὲν</span> <span class='ocrx_word' id='word_1_774' title='bbox 559 5078 661 5156; x_wconf 77' lang='grc' dir='ltr'>γὰρ</span> <span class='ocrx_word' id='word_1_775' title='bbox 730 5083 836 5135; x_wconf 86' lang='grc' dir='ltr'>τῶν</span> <span class='ocrx_word' id='word_1_776' title='bbox 894 5077 1181 5155; x_wconf 85' lang='grc' dir='ltr'>ὁμοταγῶν</span> <span class='ocrx_word' id='word_1_777' title='bbox 1215 5120 1230 5137; x_wconf 91' lang='grc'><strong>.</strong></span> <span class='ocrx_word' id='word_1_778' title='bbox 1292 5080 1615 5152; x_wconf 86' lang='grc' dir='ltr'>Ὁμοταγῶν</span> <span class='ocrx_word' id='word_1_779' title='bbox 1672 5100 1801 5156; x_wconf 79' lang='grc' dir='ltr'>φησι</span> 
     </span>
    </p>
   </div>
   <div class='ocr_carea' id='block_1_100' title="bbox 148 5168 1798 5248">
    <p class='ocr_par' dir='ltr' id='par_1_100' title="bbox 148 5168 1798 5248">
     <span class='ocr_line' id='line_1_102' title="bbox 148 5168 1798 5248; baseline 0 -27"><span class='ocrx_word' id='word_1_780' title='bbox 148 5172 256 5224; x_wconf 83' lang='grc' dir='ltr'>τῶν</span> <span class='ocrx_word' id='word_1_781' title='bbox 306 5171 590 5248; x_wconf 76' lang='grc' dir='ltr'>ἀμοφυῶν,</span> <span class='ocrx_word' id='word_1_782' title='bbox 651 5169 703 5239; x_wconf 75' lang='grc' dir='ltr'>ἒξ</span> <span class='ocrx_word' id='word_1_783' title='bbox 748 5170 820 5223; x_wconf 83' lang='grc' dir='ltr'>ὧν</span> <span class='ocrx_word' id='word_1_784' title='bbox 879 5171 913 5239; x_wconf 76' lang='grc' dir='ltr'>ἡ</span> <span class='ocrx_word' id='word_1_785' title='bbox 977 5168 1246 5242; x_wconf 83' lang='grc' dir='ltr'>ὁμοιότης</span> <span class='ocrx_word' id='word_1_786' title='bbox 1302 5168 1638 5245; x_wconf 76' lang='grc' dir='ltr'>ἀντιστρέφει</span> <span class='ocrx_word' id='word_1_787' title='bbox 1684 5170 1798 5222; x_wconf 84' lang='grc' dir='ltr'>οἷον</span> 
     </span>
    </p>
   </div>
   <div class='ocr_carea' id='block_1_101' title="bbox 1918 4720 3564 4795">
    <p class='ocr_par' dir='ltr' id='par_1_101' title="bbox 1918 4720 3564 4795">
     <span class='ocr_line' id='line_1_103' title="bbox 1918 4720 3564 4795; baseline -0.004 -17"><span class='ocrx_word' id='word_1_788' title='bbox 1918 4740 2031 4795; x_wconf 94' lang='lat' dir='ltr'>que</span> <span class='ocrx_word' id='word_1_789' title='bbox 2060 4721 2545 4792; x_wconf 85' lang='lat' dir='ltr'>intelligibilium.</span> <span class='ocrx_word' id='word_1_790' title='bbox 2581 4725 2732 4775; x_wconf 90' lang='lat' dir='ltr'>Deus</span> <span class='ocrx_word' id='word_1_791' title='bbox 2764 4737 2898 4775; x_wconf 89' lang='lat' dir='ltr'>vero</span> <span class='ocrx_word' id='word_1_792' title='bbox 2931 4738 3044 4775; x_wconf 91' lang='lat' dir='ltr'>non</span> <span class='ocrx_word' id='word_1_793' title='bbox 3076 4720 3157 4775; x_wconf 91' lang='lat' dir='ltr'>ita</span> <span class='ocrx_word' id='word_1_794' title='bbox 3188 4736 3319 4773; x_wconf 91' lang='lat' dir='ltr'>cum</span> <span class='ocrx_word' id='word_1_795' title='bbox 3345 4724 3564 4773; x_wconf 89' lang='lat' dir='ltr'>creatu-</span> 
     </span>
    </p>
   </div>
   <div class='ocr_carea' id='block_1_102' title="bbox 1916 4807 3560 4883">
    <p class='ocr_par' dir='ltr' id='par_1_102' title="bbox 1916 4807 3560 4883">
     <span class='ocr_line' id='line_1_104' title="bbox 1916 4807 3560 4883; baseline -0.004 -15"><span class='ocrx_word' id='word_1_796' title='bbox 1916 4813 1998 4869; x_wconf 89' lang='lat' dir='ltr'>ris</span> <span class='ocrx_word' id='word_1_797' title='bbox 2012 4814 2386 4883; x_wconf 87' lang='lat' dir='ltr'>comparatur</span> <span class='ocrx_word' id='word_1_798' title='bbox 2409 4826 2619 4876; x_wconf 88' lang='lat' dir='ltr'>;causa</span> <span class='ocrx_word' id='word_1_799' title='bbox 2636 4810 2791 4865; x_wconf 91' lang='lat' dir='ltr'>enim</span> <span class='ocrx_word' id='word_1_800' title='bbox 2816 4826 2930 4864; x_wconf 89' lang='lat' dir='ltr'>non</span> <span class='ocrx_word' id='word_1_801' title='bbox 2955 4807 3265 4864; x_wconf 88' lang='lat' dir='ltr'>estsimilis</span> <span class='ocrx_word' id='word_1_802' title='bbox 3279 4807 3560 4863; x_wconf 84' lang='lat' dir='ltr'>efflectui:</span> 
     </span>
    </p>
   </div>
   <div class='ocr_carea' id='block_1_103' title="bbox 1917 4896 3560 4973">
    <p class='ocr_par' dir='ltr' id='par_1_103' title="bbox 1917 4896 3560 4973">
     <span class='ocr_line' id='line_1_105' title="bbox 1917 4896 3560 4973; baseline -0.005 -16"><span class='ocrx_word' id='word_1_803' title='bbox 1917 4903 2069 4973; x_wconf 93' lang='lat' dir='ltr'>quod</span> <span class='ocrx_word' id='word_1_804' title='bbox 2099 4905 2294 4957; x_wconf 89' lang='lat' dir='ltr'>autem</span> <span class='ocrx_word' id='word_1_805' title='bbox 2318 4900 2435 4954; x_wconf 89' lang='lat' dir='ltr'>dixi</span> <span class='ocrx_word' id='word_1_806' title='bbox 2468 4900 2537 4954; x_wconf 90' lang='lat' dir='ltr'>de</span> <span class='ocrx_word' id='word_1_807' title='bbox 2570 4898 3060 4970; x_wconf 87' lang='lat' dir='ltr'>intelligibilibus,</span> <span class='ocrx_word' id='word_1_808' title='bbox 3093 4896 3355 4967; x_wconf 79' lang='lat' dir='ltr'>intelligo</span> <span class='ocrx_word' id='word_1_809' title='bbox 3385 4896 3560 4951; x_wconf 89' lang='lat' dir='ltr'>etiam</span> 
     </span>
    </p>
   </div>
   <div class='ocr_carea' id='block_1_104' title="bbox 1917 4986 3087 5060">
    <p class='ocr_par' dir='ltr' id='par_1_104' title="bbox 1917 4986 3087 5060">
     <span class='ocr_line' id='line_1_106' title="bbox 1917 4986 3087 5060; baseline -0.005 -14"><span class='ocrx_word' id='word_1_810' title='bbox 1917 4992 1987 5046; x_wconf 87' lang='lat' dir='ltr'>de</span> <span class='ocrx_word' id='word_1_811' title='bbox 2009 4989 2477 5060; x_wconf 78' lang='lat' dir='ltr'>intelligentibus</span> <span class='ocrx_word' id='word_1_812' title='bbox 2508 4987 2818 5043; x_wconf 88' lang='lat' dir='ltr'>animabus</span> <span class='ocrx_word' id='word_1_813' title='bbox 2851 4986 3087 5041; x_wconf 89' lang='lat' dir='ltr'>nostris.</span> 
     </span>
    </p>
   </div>
   <div class='ocr_carea' id='block_1_105' title="bbox 1989 5072 3563 5149">
    <p class='ocr_par' dir='ltr' id='par_1_105' title="bbox 1989 5072 3563 5149">
     <span class='ocr_line' id='line_1_107' title="bbox 1989 5072 3563 5149; baseline -0.006 -15"><span class='ocrx_word' id='word_1_814' title='bbox 1989 5079 2256 5147; x_wconf 85' lang='lat' dir='ltr'>Quoniam</span> <span class='ocrx_word' id='word_1_815' title='bbox 2306 5078 2366 5132; x_wconf 83' lang='lat' dir='ltr'>in</span> <span class='ocrx_word' id='word_1_816' title='bbox 2413 5079 2506 5147; x_wconf 86' lang='lat' dir='ltr'>iis,</span> <span class='ocrx_word' id='word_1_817' title='bbox 2539 5091 2663 5149; x_wconf 64' lang='lat' dir='ltr'>quae</span> <span class='ocrx_word' id='word_1_818' title='bbox 2707 5077 2951 5148; x_wconf 72' lang='lat' dir='ltr'>aequalia</span> <span class='ocrx_word' id='word_1_819' title='bbox 3001 5078 3149 5129; x_wconf 88' lang='lat' dir='ltr'>sunt.</span> <span class='ocrx_word' id='word_1_820' title='bbox 3197 5076 3380 5129; x_wconf 87' lang='lat' dir='ltr'>Vocat</span> <span class='ocrx_word' id='word_1_821' title='bbox 3426 5072 3563 5143; x_wconf 85' lang='grc' dir='ltr'>ὁμο-</span> 
     </span>
    </p>
   </div>
   <div class='ocr_carea' id='block_1_106' title="bbox 1914 5161 3563 5239">
    <p class='ocr_par' dir='ltr' id='par_1_106' title="bbox 1914 5161 3563 5239">
     <span class='ocr_line' id='line_1_108' title="bbox 1914 5161 3563 5239; baseline -0.002 -21"><span class='ocrx_word' id='word_1_822' title='bbox 1914 5170 2092 5239; x_wconf 85' lang='grc' dir='ltr'>ταγῶν</span> <span class='ocrx_word' id='word_1_823' title='bbox 2126 5182 2257 5237; x_wconf 66' lang='lat' dir='ltr'>quae</span> <span class='ocrx_word' id='word_1_824' title='bbox 2286 5166 2550 5237; x_wconf 89' lang='lat' dir='ltr'>ejusdem</span> <span class='ocrx_word' id='word_1_825' title='bbox 2581 5169 2717 5221; x_wconf 90' lang='lat' dir='ltr'>sunt</span> <span class='ocrx_word' id='word_1_826' title='bbox 2748 5168 2992 5232; x_wconf 80' lang='lat' dir='ltr'>naturae,</span> <span class='ocrx_word' id='word_1_827' title='bbox 3026 5162 3084 5217; x_wconf 91' lang='lat' dir='ltr'>in</span> <span class='ocrx_word' id='word_1_828' title='bbox 3117 5162 3331 5233; x_wconf 87' lang='lat' dir='ltr'>quibus</span> <span class='ocrx_word' id='word_1_829' title='bbox 3354 5161 3563 5217; x_wconf 84' lang='lat' dir='ltr'>simili-</span> 
     </span>
    </p>
   </div>
   <div class='ocr_carea' id='block_1_107' title="bbox 224 5372 1815 5450">
    <p class='ocr_par' dir='ltr' id='par_1_107' title="bbox 224 5374 1815 5450">
     <span class='ocr_line' id='line_1_109' title="bbox 224 5374 1815 5450; baseline -0.002 -18"><span class='ocrx_word' id='word_1_830' title='bbox 224 5377 305 5449; x_wconf 82' lang='lat' dir='ltr'>(n)</span> <span class='ocrx_word' id='word_1_831' title='bbox 330 5376 490 5435; x_wconf 85' lang='lat' dir='ltr'>Psal.</span> <span class='ocrx_word' id='word_1_832' title='bbox 523 5392 727 5450; x_wconf 65' lang='grc' dir='ltr'>ων,</span> <span class='ocrx_word' id='word_1_833' title='bbox 756 5376 810 5432; x_wconf 94' lang='lat'>8.</span> <span class='ocrx_word' id='word_1_834' title='bbox 843 5376 914 5449; x_wconf 90' lang='grc' dir='ltr'>(ο)</span> <span class='ocrx_word' id='word_1_835' title='bbox 946 5377 1057 5433; x_wconf 88' lang='lat' dir='ltr'>Isa.</span> <span class='ocrx_word' id='word_1_836' title='bbox 1081 5392 1172 5444; x_wconf 78' lang='lat' dir='ltr'>XL,</span> <span class='ocrx_word' id='word_1_837' title='bbox 1204 5376 1296 5432; x_wconf 85' lang='lat'>25.</span> <span class='ocrx_word' id='word_1_838' title='bbox 1327 5374 1404 5447; x_wconf 84' lang='lat' dir='ltr'>(p)</span> <span class='ocrx_word' id='word_1_839' title='bbox 1426 5374 1572 5432; x_wconf 88' lang='lat' dir='ltr'>Osee</span> <span class='ocrx_word' id='word_1_840' title='bbox 1600 5391 1701 5443; x_wconf 82' lang='lat' dir='ltr'>xu,</span> <span class='ocrx_word' id='word_1_841' title='bbox 1736 5374 1815 5429; x_wconf 89' lang='grc'>10.</span> 
     </span>
    </p>
   </div>
   <div class='ocr_carea' id='block_1_108' title="bbox 1933 5372 2334 5450">
    <p class='ocr_par' dir='ltr' id='par_1_108' title="bbox 1960 5372 2334 5440">
     <span class='ocr_line' id='line_1_110' title="bbox 1960 5372 2334 5440; baseline -0.011 -11"><span class='ocrx_word' id='word_1_842' title='bbox 1960 5373 2095 5429; x_wconf 90' lang='lat' dir='ltr'>Luc.</span> <span class='ocrx_word' id='word_1_843' title='bbox 2131 5389 2211 5440; x_wconf 85' lang='lat' dir='ltr'>VI,</span> <span class='ocrx_word' id='word_1_844' title='bbox 2247 5372 2334 5427; x_wconf 86' lang='lat'>36.</span> 
     </span>
    </p>
   </div>
   <div class='ocr_carea' id='block_1_109' title="bbox 1167 5584 2549 5646">
    <p class='ocr_par' dir='ltr' id='par_1_109' title="bbox 1167 5584 2549 5646">
     <span class='ocr_line' id='line_1_111' title="bbox 1167 5584 2549 5646; baseline -0.004 -1"><span class='ocrx_word' id='word_1_845' title='bbox 1167 5589 1407 5646; x_wconf 66' lang='grc' dir='ltr'>νΑΡιΙίΕ</span> <span class='ocrx_word' id='word_1_846' title='bbox 1447 5588 1839 5646; x_wconf 87' lang='lat' dir='ltr'>LECTIONES</span> <span class='ocrx_word' id='word_1_847' title='bbox 1865 5585 1957 5644; x_wconf 91' lang='lat' dir='ltr'>ET</span> <span class='ocrx_word' id='word_1_848' title='bbox 1996 5584 2549 5645; x_wconf 84' lang='lat' dir='ltr'>GORREGTIONES.</span> 
     </span>
    </p>
   </div>
   <div class='ocr_carea' id='block_1_110' title="bbox 225 5733 3234 5818">
    <p class='ocr_par' dir='ltr' id='par_1_110' title="bbox 225 5733 3234 5818">
     <span class='ocr_line' id='line_1_112' title="bbox 225 5733 3234 5818; baseline -0.001 -22"><span class='ocrx_word' id='word_1_849' title='bbox 225 5743 271 5779; x_wconf 76' lang='grc'>⁷⁸</span> <span class='ocrx_word' id='word_1_850' title='bbox 298 5738 448 5806; x_wconf 68' lang='grc' dir='ltr'>εὐθὺς</span> <span class='ocrx_word' id='word_1_851' title='bbox 478 5742 579 5814; x_wconf 73' lang='grc' dir='ltr'>τῆς</span> <span class='ocrx_word' id='word_1_852' title='bbox 606 5738 730 5814; x_wconf 84' lang='grc' dir='ltr'>περὶ</span> <span class='ocrx_word' id='word_1_853' title='bbox 762 5739 914 5811; x_wconf 85' lang='grc' dir='ltr'>ζώων</span> <span class='ocrx_word' id='word_1_854' title='bbox 944 5736 1220 5812; x_wconf 77' lang='grc' dir='ltr'>ἰδιότητος</span> <span class='ocrx_word' id='word_1_855' title='bbox 1247 5736 1644 5818; x_wconf 84' lang='grc' dir='ltr'>πραγματείας.</span> <span class='ocrx_word' id='word_1_856' title='bbox 1717 5740 1762 5777; x_wconf 77' lang='grc' dir='ltr'>⁸ο</span> <span class='ocrx_word' id='word_1_857' title='bbox 1794 5738 1868 5803; x_wconf 85' lang='grc' dir='ltr'>ὡς</span> <span class='ocrx_word' id='word_1_858' title='bbox 1902 5734 1965 5810; x_wconf 85' lang='grc' dir='ltr'>δη</span> <span class='ocrx_word' id='word_1_859' title='bbox 1979 5733 2258 5813; x_wconf 85' lang='grc' dir='ltr'>μιουργόν.</span> <span class='ocrx_word' id='word_1_860' title='bbox 2336 5736 2380 5774; x_wconf 71' lang='grc'>³1</span> <span class='ocrx_word' id='word_1_861' title='bbox 2418 5734 2662 5806; x_wconf 81' lang='grc' dir='ltr'>ἐπέθηκε.</span> <span class='ocrx_word' id='word_1_862' title='bbox 2739 5735 2783 5772; x_wconf 76' lang='grc'>⁸³</span> <span class='ocrx_word' id='word_1_863' title='bbox 2815 5733 3234 5811; x_wconf 73' lang='grc' dir='ltr'>ἐπιστραφῆναι.</span> 
     </span>
    </p>
   </div>
  </div>
