4062 6366
460 345 569 402 379

1295 353 1660 407 APPENDIX
1696 354 1796 405 AD
1834 349 2077 406 OPERA
2111 346 2169 398 8.
2212 344 2525 401 DIONYBII
2567 348 3066 404 AREOPAGITE.

3769 342 3879 398 380

464 471 607 526 tudo
640 470 1035 539 convertitur;
1063 473 1221 527 velut
1247 473 1451 529 Petrus
1475 474 1687 531 similis
1710 474 1889 529 Paulo
1912 490 2113 529 secun-

2234 468 2431 542 [Ιέτρος
2490 468 2693 542 Παύλῳ
2746 468 2940 542 ὅμοιος
2992 467 3127 522 κατὰ
3178 467 3276 535 τήν
3336 464 3515 536 φύσιν,
3569 465 3663 519 καὶ
3721 466 3875 520 ἀντι-

464 562 606 615 dum
636 567 927 629 naturam,
954 566 1009 616 et
1040 563 1365 618 conversim
1402 564 1616 620 Paulus
1663 563 1876 620 similis
1926 563 2114 616 Petro.

466 652 529 705 In
562 650 797 705 homine
830 667 961 705 vero
994 668 1059 705 ac
1093 653 1221 721 ejus
1256 653 1514 724 imagine
1543 672 1655 709 non
1688 658 1777 708 est
1798 653 2000 708 eadem
2028 668 2114 706 ra-

457 739 538 793 tio
565 756 576 794 :
602 755 714 793 non
750 744 839 794 est
871 741 1029 794 enim
1063 742 1263 796 eadem
1290 743 1561 797 essentia:
1581 744 1633 797 in
1658 742 1921 812 utrisque
1945 741 2114 807 ratio,

460 829 611 897 quod
643 829 867 883 vocavit
902 829 1053 884 208
1076 831 1456 903 principalem
1483 830 1697 886 similis
1720 831 2116 902 speciem.IIo-

463 934 557 972 mo
590 934 721 972 vero
754 918 931 973 etiam
966 918 1076 973 alio
1108 920 1277 974 modo
1301 921 1514 974 dicitur
1538 920 1845 975 dissimilis
1871 918 2115 991 proprie

468 1007 900 1078 imagini,quod
927 1008 1119 1079 imago
1142 1009 1371 1078 quidem
1395 1010 1543 1063 facta
1566 1009 1641 1064 sit
1664 1010 1732 1063 ad
1753 1008 2010 1063 hominis
2033 1007 2116 1061 si—

468 1094 887 1164 militudinem,
922 1112 1033 1150 non
1070 1103 1260 1152 autem
1282 1098 1455 1152 homo
1479 1098 1548 1152 ad
1574 1098 1754 1168 hujus
1778 1097 2115 1152 similitudi-

468 1200 601 1239 nem
640 1201 651 1239 :
677 1184 759 1239 ita
790 1185 972 1257 igitur
1003 1202 1190 1257 neque
1219 1187 1273 1241 in
1301 1204 1500 1255 causa,
1524 1204 1712 1258 neque
1736 1188 1789 1242 in
1810 1188 2017 1242 effectu
2054 1184 2116 1238 τὸ

465 1270 850 1349 ἀντιστρέφειν,
901 1291 1000 1328 seu
1056 1276 1405 1345 reciprocari
1449 1278 1896 1331 admittendum.
1943 1277 2116 1330 Porro

466 1363 815 1433 reciprocari
848 1367 937 1417 est
969 1379 1100 1418 cum
1134 1363 1252 1418 illis
1284 1365 1459 1419 etiam
1483 1364 1582 1436 qui
1615 1365 1973 1420 contrarium
1998 1369 2115 1419 tra-

464 1455 627 1506 ctant
649 1468 1007 1520 sermonem,
1041 1452 1345 1523 aequaliter
1391 1454 1584 1509 dicere
1632 1454 1787 1523 licet,
1834 1454 2011 1509 veluti
2036 1454 2117 1508 si-

468 1539 688 1595 animal
723 1540 875 1611 quod
910 1541 968 1595 in
994 1546 1181 1608 utero,
1202 1547 1257 1597 et
1279 1544 1661 1611 contrarium,
1688 1544 1734 1598 si
1762 1560 1873 1598 non
1897 1544 2117 1599 animal

466 1630 622 1700 quod
658 1630 715 1683 in
749 1632 931 1684 utero.
970 1630 1055 1685 Ita
1077 1630 1340 1702 loquitur
1364 1632 1629 1688 Clemens
1652 1633 1707 1687 in
1735 1632 2021 1704 principio
2045 1632 2119 1686 li-

469 1718 557 1772 bri
589 1717 778 1789 quinti
810 1719 1166 1791 Stromatum,
1187 1720 1270 1775 sic
1292 1720 1471 1791 igitur
1496 1721 1668 1776 etiam
1694 1721 1802 1777 hoc
1831 1722 1970 1777 loco.
2003 1723 2117 1776 Ita-

464 1823 578 1878 que
609 1807 659 1861 si
686 1806 906 1862 similia
937 1824 1063 1879 quae
1094 1809 1359 1878 ejusdem
1393 1810 1641 1877 ordinis,
1664 1815 1719 1866 et
1745 1827 1775 1866 e
1805 1810 2115 1879 contrario,
2152 1840 2197 1904 Β

465 1896 513 1951 si
545 1913 658 1950 non
693 1896 913 1951 similia
946 1914 1070 1966 qua:
1102 1899 1368 1968 ejusdem
1404 1900 1647 1954 ordinis.

540 1984 715 2055 Ipsius
743 1984 1161 2040 similitudinis.
1177 1987 1331 2042 Solet
1344 2004 1595 2059 magnus
1611 1989 1919 2060 Dionysius
1934 1989 2126 2043 dicere

467 2072 651 2127 Deum
683 2073 741 2127 in
764 2075 985 2130 effectis
1002 2091 1131 2130 esse
1150 2077 1301 2147 quod
1320 2093 1421 2149 per
1434 2094 1495 2132 se
1508 2083 1615 2148 est,
1632 2081 1829 2150 etejus
1844 2080 1994 2149 quod
2025 2094 2127 2150 per

468 2178 532 2216 se
561 2167 651 2218 est
683 2164 1067 2233 conditorem,
1099 2171 1156 2219 et
1189 2166 1383 2237 ipsum
1416 2184 1545 2222 esse
1590 2168 1992 2223 exsistentiam
2028 2184 2127 2238 per

471 2267 555 2316 se,
590 2257 645 2306 et
678 2252 1028 2308 exsistentize
1082 2271 1183 2325 per
1229 2272 1291 2311 se
1341 2256 1700 2311 conditorem
1751 2263 1903 2312 sicut
1949 2256 2123 2311 etiam

473 2356 630 2395 nunc
663 2341 856 2412 ipsum
891 2359 1019 2397 esse
1050 2343 1234 2413 ipsam
1256 2346 1730 2415 similitudinem,
1754 2351 1811 2401 et
1836 2346 2025 2417 ipsius
2047 2346 2126 2401 si-

476 2428 831 2485 militudinis
863 2432 1245 2488 conditorem.
1273 2434 1402 2489 Haec
1424 2440 1618 2490 autem
1646 2436 1805 2502 dicit,
1833 2452 1946 2489 non
1971 2435 2124 2505 quod

476 2519 631 2573 dicat
662 2519 845 2573 Deum
878 2520 1167 2576 diversam
1202 2523 1439 2592 quidem
1471 2539 1597 2578 esse
1625 2523 1827 2587 vitam,
1851 2541 1916 2578 ac
1938 2524 2125 2578 diver-

476 2623 602 2662 sam
636 2609 705 2662 ab
739 2625 804 2663 eo
835 2609 954 2663 vita
998 2611 1367 2666 essentialem
1418 2613 1759 2683 productam
1814 2613 2015 2680 fuisse,
2061 2629 2125 2667 ac

473 2696 653 2751 veluti
679 2698 898 2751 diceret
928 2697 1185 2768 aliquam
1222 2705 1428 2770 praeter
1470 2700 1652 2755 Deum
1701 2701 2123 2756 subsistentem

476 2800 651 2856 quam
686 2786 1041 2855 participant
1072 2804 1138 2841 ea
1182 2804 1308 2858 quas
1357 2788 1534 2842 vitam
1578 2790 1970 2859 participant:
2021 2790 2118 2844 sed

472 2874 623 2928 sicut
654 2875 914 2944 seipsum
949 2876 1196 2945 explicat
1245 2876 1304 2931 in
1353 2878 1539 2947 capite
1589 2879 1916 2947 undecimo,
1968 2878 2122 2934 Deus

476 2962 694 3015 dicitur
727 2962 857 3033 ipsa
887 2963 1023 3027 vita,
1061 2980 1127 3018 ac
1147 2963 1275 3034 ipsa
1306 2966 1509 3033 virlus,
1554 2973 1727 3037 atque
1759 2967 1887 3038 ipsa
1912 2967 2121 3022 simili-

478 3051 643 3112 tudo,
676 3056 732 3103 et
764 3052 1079 3121 ejusmodi,
1113 3056 1177 3107 ut
1230 3053 1338 3108 hoc
1386 3055 1673 3110 exsistens
1730 3072 1831 3127 per
1878 3057 2119 3110 modum

478 3138 770 3210 principii,
806 3155 871 3193 ac
907 3146 969 3194 ut
1012 3141 1187 3208 Deus,
1239 3148 1413 3215 atque
1461 3144 1619 3199 velut
1657 3161 1864 3199 causa:
1911 3145 2118 3200 borum

2228 556 2474 633 στρόφως
2517 556 2733 620 Παῦλος
2782 557 2970 630 Πέτρῳ
3023 557 3239 628 ὅμοιος.
3273 555 3396 610 Ἐπὶ
3443 553 3499 607 δὲ
3537 557 3637 608 τοῦ
3667 555 3879 629 ἀνθρώ-

2226 666 2330 700 που
2382 647 2470 700 καὶ
2523 653 2621 715 τῆς
2668 645 2863 700 τούτου
2909 645 3119 707 εἰκόνος
3176 644 3284 718 οὐχ
3312 644 3339 697 6
3391 644 3554 707 αὐτὸς
3596 640 3787 719 λόγος·
3824 642 3884 697 ού

2225 735 2327 808 γὰρ
2377 737 2403 788 6
2456 742 2557 804 τῆς
2604 734 2792 796 οὐσίας
2844 730 3007 808 λόγος
3058 735 3085 787 6
3130 734 3291 794 αὐτὸς
3340 731 3419 787 ἐπ’
3470 733 3699 810 ἀμφοῖν,
3750 732 3883 806 ὅπερ

2227 822 2446 878 ἐκάλεσε
2477 824 2894 900 προηγούμενον
2939 824 3133 895 ὁμοίου
3183 820 3346 884 εἶδος.
3380 823 3435 876 '0
3487 819 3542 875 δὲ
3592 819 3882 888 ἅνθρωπος

2226 912 2315 966 καὶ
2348 914 2541 987 έτέρως
2578 912 2792 988 λέγεται
2841 913 2949 988 οὐχ
2980 913 3174 985 ὅμοιος
3220 914 3288 985 τῇ
3346 908 3459 981 ἰδίᾳ
3502 909 3693 979 εἷκόνι,
3728 910 3812 964 ὅτι
3846 914 3881 979 ἡ

2228 1001 2385 1056 εἷ’κὼν
2437 1002 2532 1075 μὲν
2582 1004 2717 1078 πρὸς
2760 1005 2859 1071 τὴν
2893 1007 2988 1056 τοῦ
3039 1002 3326 1077 ἀνθρώπου
3359 999 3580 1074 γέγονεν
3614 999 3887 1071 ὁμοιότη-

2225 1112 2313 1157 τα,
2367 1090 2459 1145 καὶ
2512 1091 2647 1166 οὐχὶ
2683 1092 2710 1145 6
2744 1088 3028 1166 ἄνθρωπος
3080 1091 3215 1163 πρὸς
3263 1091 3362 1158 τήν
3405 1088 3630 1158 ταύτης.
3689 1085 3882 1148 Οὕτως

2228 1177 2318 1234 οὖν
2350 1179 2439 1234 καὶ
2472 1181 2557 1233 ἐπὶ
2607 1184 2704 1234 τοῦ
2754 1179 2954 1247 αἰτίου,
2985 1179 3075 1234 καὶ
3118 1183 3225 1233 τῶν
3272 1178 3323 1249 ἐξ
3353 1177 3539 1245 αὐτοῦ,
3576 1178 3652 1250 μὴ
3696 1175 3884 1232 δεκτὸν

2228 1271 2359 1323 εἶναι
2418 1270 2480 1324 τὸ
2537 1268 3328 1348 ἀντιστρέφειν·ἆντιστρὲφειν
3387 1267 3445 1322 δέ
3501 1267 3668 1333 ἐστιν,
3722 1265 3753 1320 ἃ
3794 1266 3887 1320 καὶ

2225 1363 2342 1419 τοῖς
2372 1359 2463 1413 τὸν
2502 1357 2732 1414 ἐναντίον
2769 1360 3069 1434 χειρίζουσι
3103 1360 3148 1394 ⁸³
3197 1357 3358 1433 λόγον
3400 1355 3591 1426 ἐπίσης
3624 1352 3767 1410 ἔστιν
3803 1353 3886 1409 εἷ’-

2227 1453 2371 1515 πεῖν,
2404 1450 2519 1502 οἷον
2554 1448 2600 1503 εἰ
2657 1452 2794 1516 ζῶον
2841 1448 2901 1502 τὸ
2945 1448 3081 1502 κατά
3112 1447 3366 1522 γαστρὸς,
3399 1447 3487 1501 καὶ
3521 1445 3584 1499 τὸ
3615 1444 3883 1512 ἐναντίον,

2229 1537 2274 1591 εἷ
2307 1536 2368 1591 οὐ
2403 1542 2537 1605 ζῶον
2586 1537 2648 1592 τὸ
2697 1537 2834 1592 κατὰ
2878 1538 3128 1612 γαστρός.
3162 1534 3319 1593 Οὕτω
3368 1536 3529 1611 φησὶν
3564 1536 3592 1589 6
3640 1532 3884 1606 Κλήμης

2228 1626 2280 1679 ἐν
2331 1627 2479 1701 ἀρχῇ
2524 1630 2621 1680 τοῦ
2666 1626 2916 1697 πέμπτου
2968 1623 3366 1701 Στρωματέων,
3415 1624 3595 1697 ὥσπερ
3644 1621 3736 1677 οὖν
3795 1623 3887 1677 καὶ

2228 1712 2469 1770 ἐνταῦθα.
2505 1714 2564 1769 Ei
2598 1715 2693 1769 οὗν
2728 1713 2896 1787 ὅμοια
2938 1715 3007 1768 τὰ
3054 1714 3321 1787 ὁμοταγῆ,
3354 1711 3444 1767 καὶ
3494 1711 3552 1765 ἐκ
3602 1716 3700 1766 τοῦ
3743 1711 3897 1766 ἐραν-

2228 1804 2369 1873 τίου,
2403 1804 2449 1858 εἰ
2477 1803 2581 1881 οὐχ
2612 1806 2778 1877 ὅμοια
2807 1804 2873 1858 τὰ
2905 1804 3177 1878 ὁμοταγῆ.

2304 1990 2413 2053 Τῆς
2472 1983 2961 2056 αύτοομοιὸτητος.
3021 1985 3181 2045 Ἒθος
3221 1981 3331 2036 ἐστὶ
3372 1985 3451 2053 τῷ
3502 1979 3728 2055 μεγάλῳ
3761 1986 3890 2033 Διο-

2233 2074 2418 2146 νυσίῳ,
2444 2073 2536 2127 τὸν
2570 2074 2695 2127 Θεὸν
2731 2072 2903 2147 λέγειν
2946 2072 3032 2126 ἐπὶ
3080 2076 3186 2125 τῶν
3238 2071 3490 2125 αἰτιατῶν
3533 2070 3695 2124 αὐτὸν
3756 2069 3891 2123 εἶναι

2233 2163 2294 2217 τὸ
2334 2161 2532 2216 αὐτοὸν
2581 2161 2670 2217 καὶ
2715 2166 2812 2216 τοῦ
2861 2161 3132 2216 αύτοεῖναι
3188 2161 3517 2229 ὑποστάτην·
3577 2159 3669 2213 καὶ
3727 2157 3889 2212 αὐτὸν

2236 2252 2367 2306 εἶναι
2415 2252 2513 2319 τήν
2562 2251 2867 2319 αὐτοζωῆν,
2915 2251 3005 2304 καὶ
3054 2254 3154 2314 τῆς
3210 2248 3493 2317 αὐτοζωῆς
3552 2248 3886 2317 ὑποστάτηνυ

2236 2342 2309 2402 ὡς
2337 2340 2426 2394 καὶ
2458 2344 2547 2394 νῦν
2600 2339 2757 2394 αὐτὸν
2793 2339 2924 2393 εἶναι
2956 2340 3055 2407 τὴν
3106 2337 3572 2411 αὐτοομοιότητα,
3603 2336 3692 2390 καὶ
3744 2338 3890 2407 [τῆς]

2234 2428 2701 2503 αύτοομοιότητος
2753 2428 3081 2498 ὑποστάτην.
3137 2426 3281 2498 Φησὶ
3333 2424 3389 2481 δὲ
3436 2426 3624 2496 ταῦτα,
3668 2424 3780 2499 οὐχ
3818 2426 3893 2486 ὡς

2235 2518 2417 2593 ἑτέραν
2456 2519 2549 2591 μὲν
2592 2518 2807 2595 φάσκων
2865 2518 3007 2586 ζωὴν
3053 2516 3212 2571 αὐτὸν
3260 2516 3350 2570 τὸν
3403 2514 3557 2582 Θεάν,
3605 2514 3788 2587 ἑτέραν
3836 2510 3894 2566 δὲ

2234 2610 2517 2682 παρῆγθαι
2564 2607 2705 2675 ζωὴν
2742 2604 3008 2676 ούσιώδη,
3048 2606 3138 2660 καὶ
3188 2607 3302 2659 οἷον
3336 2603 3388 2658 εἷ’
3427 2625 3545 2658 τινα
3590 2601 3887 2657 ἐνυπὸστα-

2231 2716 2323 2750 τον
2373 2696 2519 2770 παρά
2572 2695 2662 2750 τὸν
2721 2696 2871 2763 Θεὸν,
2925 2698 2990 2764 ἧς
3045 2693 3263 2769 μετέχει
3293 2694 3362 2748 τὰ
3406 2700 3507 2761 τῆς
3556 2697 3702 2761 ζωῆς
3738 2691 3893 2761 μετέ-

2238 2806 2420 2861 χοντα,
2468 2785 2596 2839 ἀλλ’
2646 2784 2718 2845 ὡς
2766 2784 2928 2846 αὐτὸς
2960 2785 3145 2839 ἑαυτὸν
3196 2782 3480 2856 έρμηνεύει
3538 2781 3588 2835 ἐν
3639 2785 3721 2853 τῷ
3751 2776 3891 2835 ἑνδε-

2234 2876 2379 2946 κάτῳ
2436 2871 2740 2951 κεφαλαίῳ,
2791 2873 3042 2942 αύτοζωὴ
3092 2872 3183 2927 καὶ
3224 2869 3616 2943 αύτοδύναμις,
3649 2869 3741 2923 καὶ
3796 2869 3888 2922 αύ-

2228 2963 2591 3035 τοομοιότης,
2638 2962 2727 3017 καὶ
2776 2963 2841 3016 τὰ
2892 2967 3121 3016 τοιαῦτα
3169 2959 3386 3035 λέγεται
3419 2962 3446 3014 6
3478 2959 3633 3030 Θεὸς,
3665 2959 3741 3021 ὡς
3791 2958 3885 3031 ἀρ-

2232 3058 2410 3128 χικῶς
2433 3057 2594 3107 τοῦτο
2640 3047 2735 3117 ὤν,
2788 3052 2877 3106 καὶ
2906 3053 3118 3121 θεῖκῶς,
3170 3049 3260 3105 καὶ
3306 3050 3641 3104 αἰτιατικῶς·
3672 3047 3885 3102 τούτων

2232 3143 2336 3217 γάρ
2369 3141 2528 3203 αὐτὸς
2575 3145 2655 3212 τῷ
2709 3135 2825 3194 ὅντι
2872 3141 3111 3215 πηγαῖός
3162 3138 3291 3194 ἐστιΔ
3345 3146 3445 3208 τῆς
3494 3135 3551 3191 δὲ
3597 3137 3891 3205 αὐτοζωῆς

475 3229 628 3280 enim
655 3233 744 3281 est
776 3245 973 3283 revera
1006 3230 1135 3284 fons
1167 3247 1232 3286 ac
1264 3232 1461 3304 origo;
1496 3232 1682 3305 ipsius
1733 3239 1926 3289 autem
1968 3235 2116 3301 vitae,

2234 3229 2375 3285 ἐστιν
2408 3232 2740 3301 ὑποστάτης,
2771 3228 2861 3285 καὶ
2906 3226 3394 3301 αὒτοομοιότητος,
3432 3224 3522 3281 καί
3552 3230 3656 3280 τῶν
3707 3225 3894 3280 τοιού-

479 3332 545 3370 ac
577 3315 769 3388 ipsius
791 3317 1200 3375 similitudinis
1218 3326 1275 3375 et
1299 3320 1505 3378 talium
1530 3328 1616 3378 est
1654 3324 1941 3391 conditor,
1979 3328 2043 3378 ut
2074 3324 2123 3378 is

476 3405 577 3477 qui
613 3407 1055 3478 participatione
1085 3408 1229 3478 ipsis
1249 3428 1375 3481 quae
1404 3411 1678 3483 primario
1701 3412 1853 3467 inter
1879 3428 1990 3480 res,
2017 3412 2124 3467 hoc

475 3496 695 3550 donum
732 3497 1082 3568 participant
1114 3498 1361 3571 largitur
1396 3518 1408 3554 :
1435 3518 1567 3555 nam
1604 3501 1798 3557 omnia
1824 3519 1925 3573 pro
1951 3507 2120 3574 captu

474 3601 582 3639 suo
615 3584 753 3639 talia
806 3587 1192 3657 participant:
1240 3589 1441 3659 prima;
1492 3590 1725 3662 quidem
1772 3596 1828 3647 et
1858 3608 2124 3663 supernaa

476 3672 938 3742 intelligibilium
972 3681 1247 3730 creatura:
1273 3694 1373 3748 per
1395 3681 1635 3733 modum
1662 3680 1969 3751 principii:
1998 3697 2124 3751 qua

476 3776 609 3814 vero
640 3760 935 3832 deinceps,
970 3766 1293 3820 secundum
1330 3767 1677 3822 descensum
1729 3785 1829 3823 seu
1886 3768 2126 3822 interio-

480 3864 602 3903 rem
638 3849 908 3920 gradum.
944 3850 1085 3908 Poro
1126 3853 1302 3909 etiam
1345 3854 1615 3925 superius
1640 3856 1899 3911 diximus
1920 3855 2125 3910 simili-

476 3939 745 3993 tudinem
779 3955 907 3995 esse
938 3945 1191 3997 totorum
1226 3943 1533 4012 unitatem,
1568 3961 1684 4016 qua
1714 3949 1857 4012 tota,
1887 3944 1943 3999 id
1970 3946 2123 4014 quod

478 4045 541 4084 se
573 4030 775 4083 eodem
810 4031 980 4087 modo
1012 4032 1209 4098 habet,
1243 4038 1299 4089 et
1328 4036 1650 4090 secundum
1676 4034 1958 4090 eademin
1984 4051 2123 4090 con-

479 4117 799 4189 spiratione
831 4121 1200 4194 participant,
1225 4123 1425 4195 primas
1459 4141 1648 4179 caussa
1670 4124 2120 4180 communione:

480 4206 627 4262 dixit
649 4213 863 4278 autem,
898 4225 1024 4281 quae
1053 4227 1167 4267 esse
1194 4216 1388 4284 potest,
1420 4213 1562 4283 quia
1592 4229 1707 4268 non
1732 4213 2001 4285 perfecte,
2024 4229 2123 4268 ne-

480 4312 593 4369 que
613 4296 674 4351 in
705 4301 823 4353 toto
846 4299 1117 4356 imitatio.

549 4389 577 4451 §
608 4386 726 4442 VII.
761 4388 1090 4457 Desciscens,
1119 4390 1215 4445 Gr.
1247 4390 1309 4443 τὸ
1340 4386 1593 4447 ἀποδέον.
1624 4390 1932 4447 Deﬁciens.

550 4476 580 4547 §
614 4477 764 4531 VIII.
792 4477 935 4544 Quid
946 4482 1129 4532 autem
1141 4478 1205 4533 de
1219 4478 1406 4534 divino
1417 4484 1583 4535 statu.
1608 4480 1841 4535 Statum
1855 4485 1912 4536 et
1924 4482 2121 4537 sedem

2230 3341 2363 3387 των,
2398 3320 2472 3381 ὡς
2528 3324 2800 3391 pegma);
2848 3318 3034 3379 αὐτοῖς
3083 3323 3201 3379 τοῖς
3249 3318 3482 3392 πρώτως
3517 3314 3566 3371 ἐν
3616 3320 3734 3376 τοῖς
3770 3314 3890 3369 οὖσι

2231 3416 2333 3477 τῆς
2362 3406 2571 3483 δωρεᾶς
2623 3406 2825 3477 ταύτης
2880 3406 3169 3481 μετέχουσι
3223 3409 3507 3481 χορηγῶν.
3553 3402 3734 3458 Πάντα
3783 3403 3888 3475 γὰρ

2236 3497 2451 3557 οἰκείως
2497 3497 2710 3557 ἑαυτοῖς
2762 3497 2980 3571 μετέχει
3031 3501 3139 3550 τῶν
3187 3495 3475 3550 τοιούτων·
3512 3494 3565 3547 αἱ
3617 3494 3712 3564 μὶν
3746 3495 3894 3566 πρῶ-

2231 3608 2319 3641 ται
2348 3587 2436 3641 καὶ
2468 3586 2738 3640 ἀνώταται
2786 3590 2892 3640 τῶν
2943 3590 3156 3654 νοητῶν
3202 3583 3401 3645 κτίσεις
3446 3585 3792 3657 ἁρχηγικῶς·
3826 3582 3894 3634 τιὶ

2235 3674 2292 3730 δὲ
2336 3677 2459 3746 ἑξῆς
2507 3668 2870 3735 ὑποϐατικῶς.
2905 3675 3247 3747 Ὁμοιότητα
3295 3670 3351 3728 δὲ
3389 3672 3476 3727 καὶ
3522 3674 3634 3725 ἄνω
3679 3665 3888 3747 ἔφημεν

2231 3767 2330 3834 τὴν
2362 3768 2469 3819 τῶν
2499 3763 2647 3817 ὅλων
2699 3762 2946 3833 ἑνότητα,
2977 3768 3095 3826 καθ’
3146 3763 3206 3831 ἢν
3255 3763 3323 3816 τὰ
3373 3760 3475 3816 ὅλα
3522 3763 3621 3814 τοῦ
3663 3757 3801 3812 κατὰ
3827 3757 3889 3811 τὸ

2234 3852 2491 3914 ὡσαύτως
2544 3850 2771 3927 ἔχοντος
2819 3852 2908 3906 καὶ
2967 3854 3104 3907 κατὰ
3143 3851 3211 3905 τὰ
3270 3849 3405 3905 αὐτὰ
3453 3849 3528 3910 εἰς
3579 3848 3886 3919 σύμπνοιαν

2238 3941 2478 4015 μετέχει,
2532 3940 2668 3994 κατά
2719 3939 3005 4012 μετουσίαν
3054 3943 3152 3993 τοῦ
3201 3940 3422 4013 πρώτου
3476 3936 3676 3991 αἰτίου.
3708 3933 3891 3991 Ἔνδε-

2234 4029 2473 4103 χόμενον
2506 4026 2563 4082 δὲ
2595 4029 2764 4096 εἶπεν,
2797 4029 2860 4082 οὐ
2906 4029 3009 4104 γὰρ
3059 4026 3308 4097 τελείως,
3342 4024 3467 4083 οὐδὲ
3513 4026 3633 4088 καθ’
3684 4022 3822 4078 ὅλου
3854 4025 3889 4090 ἡ

2238 4117 2495 4190 μίμησις.

2304 4393 2332 4458 §
2363 4390 2484 4444 VII.
2520 4386 2596 4445 T6
2626 4382 2880 4441 ἀποδέον.
2916 4383 3268 4441 Ἀπολεῖπον.

2306 4480 2510 4549 §VlII.
2546 4478 2613 4534 Τί
2676 4474 2733 4530 δὲ
2786 4476 2875 4531 καὶ
2931 4475 3056 4551 περὶ
3112 4481 3211 4544 τῆς
3272 4471 3417 4537 θείας
3472 4468 3734 4534 στάσεως.
3786 4471 3893 4539 Τὴν

478 4580 583 4633 pro
609 4564 811 4618 eodem
835 4556 1080 4636 a'ccipit:
1110 4570 1330 4621 statum
1363 4567 1541 4635 enim,
1571 4584 1684 4622 non
1728 4570 1879 4640 quod
1931 4574 2121 4626 rectus

2238 4570 2417 4621 στάσιν
2476 4566 2566 4621 καὶ
2621 4567 2722 4634 τήν
2767 4561 3030 4638 καθέδραν
3087 4564 3150 4617 τὸ
3200 4562 3329 4617 αὐτὸ
3387 4558 3642 4636 δέχεται·
3708 4560 3893 4615 στάσιν

476 4654 597 4719 fiat,
635 4656 942 4723 postquam
972 4653 1027 4707 in
1049 4656 1184 4709 sede
1208 4655 1541 4711 incurvatus
1566 4657 1738 4712 fuerit
1757 4657 2121 4729 suspicatur;

478 4741 578 4795 sed
595 4740 721 4795 sine
739 4741 1147 4808 concussione,
1171 4760 1235 4798 ac
1258 4744 1582 4800 mutatione
1605 4745 1728 4811 Dei,
1753 4747 1989 4802 firmum
2011 4753 2125 4802 sta-

476 4835 603 4884 tum
653 4830 916 4886 vocavit:
968 4831 1121 4886 sicut
1167 4834 1343 4887 etiam
1401 4834 1605 4889 sedere
1654 4836 1947 4906 signiﬁcat
1996 4852 2124 4891 esse

478 4919 755 4974 continuo
798 4937 862 4975 ac
900 4920 1572 4992 incomprehensibiliter
1620 4924 1770 4979 209
1818 4925 1877 4979 in
1924 4941 2125 4996 regno,

477 5023 544 5062 ac
574 5007 770 5078 quiete
801 5008 1058 5063 nominis
1088 5014 1339 5080 experte.
1375 5010 1523 5065 Sane
1554 5011 1613 5065 in
1647 5012 1968 5082 Scriptura,
1992 5018 2124 5067 tan-

477 5112 654 5167 quam
687 5114 720 5152 a
749 5099 887 5153 sede
920 5114 1239 5169 exsurgens
1271 5100 1488 5154 dicitur
1520 5105 1584 5156 ut
1613 5100 1695 5156 ibi
1732 5118 1744 5156 :
1776 5106 1976 5170 Surge,
2020 5103 2123 5156 Do-

472 5184 642 5250 mine,
669 5186 918 5253 praeveni
946 5203 1036 5243 eos
1064 5187 1158 5258 (r);
1191 5203 1257 5242 ac
1284 5188 1519 5255 iterum,
1549 5189 1741 5245 sicuta
1765 5194 1920 5245 statu
1945 5190 2017 5245 ad
2043 5206 2126 5245 se-

548 5400 624 5471 (r)
662 5398 814 5458 Psal.
845 5417 961 5469 XVI,
997 5401 1083 5457 13.
1124 5430 1125 5435 π

2233 4657 2335 4731 γὰρ
2370 4656 2431 4710 οὐ
2461 4657 2558 4724 τήν
2593 4656 2668 4716 εἷς
2718 4654 2779 4708 τὸ
2831 4652 2991 4728 ὀρθὸν
3024 4650 3269 4728 γενέσθαι
3318 4650 3424 4706 ἀπὸ
3453 4654 3550 4704 τοῦ
3580 4651 3893 4725 συγκεκάμ-

2235 4748 2362 4822 (pesti
2391 4744 2441 4799 ἐν
2472 4747 2540 4818 τῇ
2589 4740 2823 4817 καθέδρᾳ
2878 4741 3134 4797 ὑπόνοιαν
3185 4762 3370 4819 φησιν,
3421 4738 3567 4795 ἀλλά
3607 4740 3671 4793 τὸ
3717 4738 3889 4793 ἀκΛό-

2236 4854 2397 4903 νητον
2454 4832 2543 4887 καὶ
2616 4832 3017 4907 ἀμετάτρεπτον
3068 4834 3165 4885 τοῦ
3233 4832 3366 4883 Θεοῦ
3427 4823 3646 4903 βεϐαίαν
3702 4829 3889 4882 στάσιν

2236 4920 2506 4975 ἐκάλεσεν
2541 4921 2615 4981 ὡς
2661 4919 2752 4974 καὶ
2804 4920 2863 4973 τὸ
2914 4920 3177 4988 καθῆσθαι
3226 4918 3288 4972 τὸ
3336 4916 3390 4972 ἐν
3445 4915 3821 4989 ἀνωνομάστῳ
3851 4919 3894 4953 ⁸³

2240 5007 2505 5086 βασιλείᾳ,
2554 5008 2641 5063 καὶ
2696 5006 2988 5062 ἀναπαύσει
3046 5004 3280 5079 διαρκῶς
3337 5005 3426 5060 καὶ
3479 5002 3890 5075 ἀκαταλήπτως

2235 5095 2399 5174 ἔχειν,
2437 5097 2533 5152 Καὶ
2588 5098 2697 5170 μὴν
2745 5096 2796 5151 ἰν
2846 5100 2916 5170 τῇ
2969 5100 3177 5173 Γραφῇ,
3213 5095 3286 5158 ὠς
3339 5095 3444 5150 ἀπὸ
3490 5098 3587 5149 τοῦ
3617 5096 3888 5165 καθῆσθαι

2235 5187 2591 5261 ἀνιστάμενος
2647 5183 2880 5261 εἷ’ρηται,
2929 5186 3005 5249 ὡς
3060 5184 3113 5239 ἐν
3164 5188 3264 5257 τῷ,
3325 5182 3637 5254 Ἀνάστηθι,
3698 5184 3884 5260 Κύριε,

1468 5529 1710 5587 VARI/1E
1747 5528 2139 5587 LECTIONES
2178 5527 2270 5584 ET
2317 5523 2876 5583 COBRECTIONES.

546 5672 590 5708 ⁸³
625 5669 1080 5746 μεταχειρίζουσι.
1156 5671 1202 5707 ⁸⁸
1228 5674 1295 5745 τῇ
1328 5668 1701 5745 ἀνονομάστῳ.
