4062 6366
442 362 551 417 383

438 592 645 648 poreas
691 574 999 643 motiones,
1032 573 1290 629 declarat
1341 573 1635 643 quomodo
1683 570 2092 627 convenienter

438 665 555 719 Deo
596 663 983 735 intelligenda
1031 663 1108 717 sit
1166 663 1223 715 in
1277 662 1393 716 Deo
1446 661 1647 730 motio,
1700 660 2091 731 interpretans

438 753 754 825 anagogice
786 752 1098 807 sensitivas
1124 752 1183 805 in
1221 752 1492 805 universo
1524 751 1832 805 motiones.

511 864 573 917 Et
602 866 808 917 rectum
857 862 1099 932 quidem.
1148 860 1447 923 Quomodo
1497 858 1802 914 circularis
1852 863 1907 913 et
1937 862 2091 913 recta

437 957 496 1006 et
526 956 790 1006 tortuosa
822 966 919 1004 seu
952 949 1193 1020 obliqua
1225 949 1402 1003 motio
1447 947 1505 1001 in
1559 948 1674 1002 Deo
1704 946 2089 1017 intelligatur,

434 1040 562 1111 lege
594 1045 773 1110 caput
804 1044 1107 1111 quartum,
1142 1044 1273 1109 post
1309 1053 1491 1107 pauca
1524 1036 1656 1090 folia
1689 1035 1958 1107 principii
1991 1052 2091 1089 ca-

438 1130 665 1202 pitis,et
694 1129 886 1185 disces
918 1128 1211 1199 quomodo
1244 1128 1302 1180 in
1335 1126 1560 1197 angelis
1582 1130 1638 1180 et
1668 1125 1981 1180 animabus
2000 1128 2091 1179 at-

440 1236 549 1291 que
580 1218 923 1289 corporibus
956 1218 1102 1273 tales
1140 1216 1426 1271 motiones
1447 1214 1872 1286 intelligantur.

517 1399 696 1454 Media
745 1407 796 1454 et
832 1407 1098 1454 extrema.
1154 1395 1465 1467 Superiora
1514 1410 1745 1465 semper
1791 1392 2092 1449 continent

446 1488 725 1544 inferiora
750 1504 761 1543 :
792 1494 1051 1542 extrema
1073 1486 1306 1555 quidem
1329 1488 1494 1539 vocat
1511 1499 1818 1554 supremas
1849 1481 2090 1535 virtutes

442 1583 501 1634 et
535 1582 644 1632 Deo
673 1576 911 1643 vicinas,
946 1575 1139 1630 media
1166 1591 1325 1640 vero,
1357 1590 1456 1627 eas
1500 1590 1625 1643 quae
1673 1570 1802 1626 illas
1852 1571 2088 1641 quidem

441 1672 793 1738 sequuntur,
827 1667 928 1720 sed
964 1663 1206 1720 sensilia
1236 1662 1435 1718 omnia
1468 1665 1767 1733 superant.
1815 1661 1961 1733 Ergo
1993 1677 2091 1716 su-

440 1770 657 1825 premae
689 1752 1165 1824 complectuntur
1197 1751 1655 1815 medias,medim
1687 1753 1879 1803 autem
1904 1748 2089 1802 sensi-

1266 361 1639 415 APPENDIX
1676 362 1776 414 AD
1813 360 2054 413 OPERA
2093 360 2149 411 S.
2191 358 2503 413 DIONYSII
2540 361 3043 417 AREOPAGITE.

511 487 658 554 Quin
688 488 856 542 etiam
882 489 1061 541 motus
1090 486 1211 540 Dei.
1243 484 1389 538 Cum
1423 487 1695 555 negasset
1726 483 1783 537 in
1817 482 1933 537 Deo
1967 497 2087 535 cor-
2118 484 2171 547 Α

3751 366 3855 421 384

2276 477 2454 534 Ἀλλά
2484 481 2571 535 καὶ
2619 483 2862 553 κινήσεις
2911 480 3065 541 Θεοῦ.
3102 484 3503 559 Ἀπαγορεύσας
3552 489 3593 523 ⁹¹
3634 486 3703 541 τὰ
3754 494 3855 543 τῶν

2200 573 2525 640 σωματικῶν
2568 572 2831 639 κινήσεων
2883 569 2970 624 ἐπὶ
3019 576 3174 644 Θεοῦ,
3209 572 3358 635 ὅπως
3388 575 3501 649 χρὴ
3535 581 3858 649 θεοπρεπῶς

2199 664 2340 712 νοεῖν
2374 658 2580 729 κίνησιν
2613 659 2699 713 ἐπὶ
2734 663 2867 713 Θεοῦ
2900 661 3204 735 σαφηνίζει,
3234 664 3327 724 τὰς
3370 662 3631 735 αἰσθητὰς
3679 663 3731 719 ἐν
3778 672 3857 739 τῷ

2199 749 2357 802 παντὶ
2386 750 2629 819 κινήσεις
2663 749 3016 824 ἀναγωγικῶς
3049 750 3386 824 ἑρμηνεύων.

2273 853 2369 908 Καὶ
2407 856 2468 909 τὸ
2522 856 2616 927 μὶν
2670 854 2813 911 εὐθύ.
2849 861 2971 917 Πῶς
3019 859 3053 925 ἡ
3089 860 3223 911 κατά
3268 856 3495 927 κύκλον,
3526 860 3617 914 καὶ
3668 863 3703 929 ἡ
3735 866 3856 916 κατ’

2201 943 2432 1011 εὐθεῖαν,
2470 944 2559 997 καὶ
2618 946 2652 1012 ἡ
2715 941 3022 1013 ἐλικοειδὴς
3070 946 3281 1017 κίνησις
3328 946 3414 1002 ἐπὶ
3465 954 3599 1002 Θεοῦ
3629 956 3854 1019 νοεῖται,

2204 1032 2473 1107 ἀνάγνωθι
2531 1032 2592 1086 τὸ
2643 1033 2895 1109 τέταρτον
2953 1032 3272 1111 κεφάλαιον,
3309 1039 3426 1109 μετ’
3456 1036 3621 1112 ὀλίγα
3667 1037 3855 1098 φύλλα

2202 1128 2304 1190 τῆς
2337 1120 2516 1196 ἀρχῆς
2547 1122 2642 1176 τοῦ
2694 1120 3013 1199 κεφαλαίου,
3046 1123 3134 1177 καὶ
3187 1127 3430 1200 μαθήσῃ,
3463 1131 3580 1188 πῶς
3628 1127 3717 1181 ἐπὶ
3756 1128 3857 1201 ἀγ-

2198 1212 2404 1287 γέλων,
2441 1210 2532 1265 καὶ
2562 1213 2781 1286 ψυχῶν,
2813 1211 2902 1265 καὶ
2956 1214 3223 1286 σωμάτων
3271 1215 3327 1268 αἱ
3367 1219 3613 1270 τοιαῦται
3659 1221 3855 1271 νοοῦν-

2197 1322 2307 1356 ται.

2273 1390 2357 1447 Τὰ
2437 1389 2572 1463 μέσα
2640 1387 2731 1443 καί
2789 1384 2947 1463 ἄκρα.
3007 1390 3116 1447 Ἀεὶ
3172 1391 3239 1446 τὰ
3294 1388 3707 1467 ὑπερϐεϐηκότα
3765 1416 3858 1450 πε-

2202 1480 2378 1555 ριέχει
2436 1482 2504 1534 τὰ
2566 1473 2965 1548 ὑποϐεϐηκότα.
3012 1481 3185 1554 ’Ἄκρα
3245 1481 3337 1553 μὶν
3398 1480 3487 1537 οῦν
3542 1481 3706 1538 καλεῖ
3758 1485 3855 1545 τὰς

2201 1569 2460 1623 ἀνωτάτω
2538 1566 2795 1640 δυνάμεις
2870 1568 2959 1622 καὶ
3007 1569 3344 1638 πελαζούσας
3390 1576 3506 1643 Θεῷ
3538 1591 3552 1605 ’
3607 1575 3749 1645 μέσα
3798 1572 3854 1627 δὲ

2198 1658 2292 1719 τὰς
2372 1661 2488 1729 μετ’
2542 1657 2745 1719 ἐκείνας
2814 1662 2932 1733 μὲν,
2990 1664 3097 1714 τῶν
3152 1656 3209 1712 δὶ
3263 1659 3534 1729 αἰσθητῶν
3598 1662 3850 1715 ἁπάντων

2205 1745 2620 1822 ὑπερκειμένας.
2656 1752 2725 1804 Ai
2786 1751 2880 1823 μὲν
2932 1748 3022 1804 οῦν
3057 1748 3319 1803 ἀνώταται
3377 1748 3697 1823 περιέχουσι
3754 1750 3849 1812 τὰς

438 1845 518 1899 lia
547 1861 558 1898 :
596 1844 725 1899 ideo
756 1844 912 1898 enim
945 1844 1249 1914 Scriptura
1280 1842 1424 1896 dixit
1455 1841 1630 1895 etiam
1663 1841 1897 1897 ordines
1921 1855 2091 1909 ange-

2217 1835 2366 1898 ιέσας
2400 1857 2413 1870 ·
2444 1840 2497 1892 αἱ
2531 1835 2587 1893 δὲ
2621 1840 2776 1912 μέσαι
2822 1839 2889 1893 τά
2940 1838 3170 1908 αἰσθητά
3202 1857 3214 1868 ·
3250 1834 3341 1891 διὰ
3385 1842 3546 1893 τοῦτο
3596 1839 3704 1914 γὰρ
3763 1840 3851 1894 καὶ

438 1932 631 1988 lorum
651 1932 711 1986 in
732 1932 1074 1987 caalis.Deus
1098 1930 1337 2001 quidem
1364 1930 1775 2000 complectitur
1797 1928 2087 1998 universa,

441 2022 592 2077 sicut
621 2020 877 2076 circulus
910 2019 1109 2074 omnia
1141 2036 1268 2090 quae
1298 2019 1452 2073 intra
1499 2019 1716 2089 ipsum,
1748 2022 1806 2072 et
1836 2017 1907 2071 ad
1940 2016 2091 2086 seip-

445 2126 576 2165 sum
612 2115 893 2179 tanquam
928 2109 998 2163 ad
1034 2124 1271 2162 causam
1305 2109 1764 2162 oonvertit.Nota
1791 2103 2090 2176 vero,quid

442 2198 624 2267 idem,
656 2203 713 2253 et
735 2197 972 2268 justitia
1000 2197 1059 2251 in
1093 2201 1206 2252 Deo
1238 2202 1295 2252 et
1324 2196 1566 2268 aequale.

514 2377 544 2449 §
575 2376 640 2433 X.
674 2377 929 2433 Similem
962 2380 1251 2433 incessum.
1292 2375 1515 2431 Similis
1541 2375 1870 2447 progressio
1903 2392 2004 2447 per
2034 2391 2095 2430 se

444 2471 650 2522 mutuo
683 2472 740 2521 et
772 2467 828 2521 in
863 2466 1352 2522 elementisznam
1382 2465 1623 2536 aequalis
1640 2466 1846 2520 horum
1871 2469 2094 2535 tempe-

447 2556 730 2621 ries,facit
760 2556 934 2611 etiam
963 2561 1028 2609 ut
1059 2556 1464 2626 generationes
1499 2554 1701 2609 mundi
1734 2555 1790 2607 in
1823 2554 2096 2608 commis-

440 2645 709 2700 tionibus
744 2662 858 2700 non
901 2646 1346 2715 praeponderent
1380 2660 1392 2699 :
1429 2644 1477 2697 si
1512 2644 1667 2697 enim
1701 2642 1938 2713 aliquod
1981 2642 2093 2697 ele-

444 2738 713 2789 mentum
747 2734 1084 2800 abundarit,
1131 2733 1530 2803 corrumpitur
1579 2735 1731 2802 quod
1762 2734 2095 2802 generatur.

522 2841 585 2895 Et
639 2839 902 2910 quoniam
961 2856 1175 2894 omnem
1244 2840 1624 2908 aequalitatem
1700 2837 2095 2893 intellectilem.

450 2928 766 2985 Sciendum
807 2929 961 2998 quod
994 2946 1192 2995 νοητόν
1245 2944 1345 2981 seu
1400 2926 1791 2998 intelligibile,
1825 2931 1913 2982 est
1950 2926 2096 2981 illud

452 3019 609 3090 quod
642 3018 918 3072 sensibus
947 3035 1060 3071 non
1094 3017 1426 3087 subjicitur,
1460 3034 1649 3089 neque
1675 3018 1731 3071 in
1767 3034 1829 3072 se
1858 3017 2097 3088 ipsoin-

450 3106 750 3179 telligendi
784 3106 1120 3162 facultatem
1156 3107 1351 3171 habet,
1377 3106 1529 3161 sicut
1550 3105 1858 3161 facultates
1888 3107 2099 3161 animae

2196 1926 2371 1995 τάξεις
2423 1925 2473 1981 ἐν
2531 1933 2650 1989 τοῖς
2695 1928 2947 2003 οὐρανοῖς
2988 1926 3231 2003 ἀγγέλων
3256 1929 3304 1963 ⁰²
3351 1927 3494 1982 εἶπεν
3542 1930 3577 1995 ἡ
3634 1931 3846 2005 Γραφή.

2196 2016 2259 2071 Ὁ
2293 2016 2477 2087 μέντοι
2511 2016 2638 2079 Θεὸς
2670 2019 2874 2073 ἅπαντα
2901 2018 3170 2091 περιέχει,
3203 2016 3276 2078 ὡς
3308 2018 3334 2070 ὸ
3365 2014 3569 2079 κύκλος
3599 2018 3667 2071 τὰ
3699 2017 3850 2078 ἐντὸς

2201 2104 2367 2158 αὐτοῦ
2399 2107 2592 2179 πάντα,
2625 2107 2712 2162 ιαὶ
2742 2107 2815 2169 εἰς
2848 2107 3036 2161 ἑαυτὸν
3070 2107 3143 2166 ὡς
3185 2106 3321 2181 πρὸς
3372 2104 3542 2161 αἴτιον
3603 2104 3853 2179 ἐπιστρέ-

2201 2214 2307 2270 φει.
2336 2196 2652 2267 Σημείωσαι
2687 2195 2764 2264 δὲ,
2793 2196 2847 2251 τί
2893 2196 2955 2251 τὸ
3002 2194 3224 2264 ταύτὸν,
3258 2194 3347 2249 καὶ
3394 2192 3712 2265 δικαιοσύνη
3765 2193 3852 2249 ἐπὶ

2200 2287 2297 2337 τοῦ
2328 2288 2483 2351 Θεοῦ,
2514 2284 2604 2339 καὶ
2635 2285 2696 2340 τὸ
2728 2283 2862 2342 ἴσον.

2270 2378 2394 2439 ἓΧ.
2428 2375 2651 2446 Ὀμοίαν
2701 2376 2973 2450 χώρησιν.
3024 2374 3220 2446 Ὁμοία
3268 2374 3518 2448 χώρησις
3567 2372 3638 2428 δι’
3676 2371 3856 2443 ἀλλή-

2204 2461 2317 2517 λων
2366 2463 2455 2518 καὶ
2506 2463 2591 2518 ἐπὶ
2645 2469 2751 2517 τῶν
2781 2463 3069 2538 στοιχείων
3101 2466 3161 2500 ⁸³·
3197 2465 3231 2532 ἡ
3266 2463 3368 2537 γὰρ
3430 2462 3624 2533 ἐπίσης
3669 2468 3859 2537 κρᾶσις

2202 2551 2434 2616 τούτων,
2463 2553 2553 2606 καὶ
2602 2552 2663 2606 τὸ
2720 2555 2794 2625 μή
2856 2551 3335 2628 ὑπερταλαντεύειν
3383 2551 3435 2605 ἐν
3475 2556 3595 2619 τοῖς
3637 2553 3860 2627 συγκρί-

2210 2662 2337 2713 μασι
2382 2641 2475 2702 τάς
2527 2643 2762 2715 γενέσεις
2809 2640 2905 2695 τοῦ
2938 2643 3148 2714 κόσμου
3201 2645 3392 2695 ποιεῖ·
3427 2640 3471 2694 εἰ
3500 2640 3601 2716 γάρ
3650 2662 3706 2694 τι
3752 2644 3859 2695 τῶν

2205 2728 2497 2804 στοιχείων
2529 2728 2865 2797 πλεονάσειε,
2899 2730 3171 2807 φθείρεται
3200 2732 3262 2785 τὸ
3292 2729 3601 2805 γινόμενον.

2278 2836 2375 2890 Καὶ
2451 2838 2587 2891 κατά
2664 2839 2724 2892 τὸ
2800 2842 2973 2893 πᾶσαν
3060 2837 3285 2908 ἰσότητα
3362 2838 3587 2907 νοητήν.
3664 2838 3857 2891 Ἰστέον

2207 2927 2289 2981 δτι
2320 2925 2517 2997 νοητὸν
2554 2927 2647 2999 μὲν
2680 2924 2793 2980 ἐστι
2840 2927 2903 2981 τὸ
2932 2930 3000 2999 τῇ
3052 2925 3298 2997 αἰσθήσει
3358 2926 3470 3001 οὐχ
3528 2925 3857 2993 ὑποπίπτον,

2209 3010 2331 3070 οὔτε
2358 3016 2419 3069 τὸ
2449 3016 2634 3089 νοερὸν
2668 3010 2798 3089 ἔχον
2837 3015 2890 3069 έν
2922 3016 3095 3087 ἑαυτῷ
3127 3018 3194 3086 9‘,
3227 3015 3299 3069 ὠς
3346 3017 3401 3069 αἱ
3451 3012 3709 3087 δυνάμεις
3763 3020 3863 3083 τῆς

2208 3107 2393 3179 ψυχῆς
2434 3103 2525 3158 καί
2567 3109 2673 3157 τῶν
2712 3104 3013 3174 αἰσθήσεων
3042 3125 3053 3136 '
3088 3104 3271 3180 νοερὸν
3320 3102 3376 3158 δὲ
3424 3106 3486 3158 τὸ
3538 3102 3719 3166 ἁπλᾶς
3773 3104 3862 3157 καὶ

452 3200 509 3251 et
539 3210 825 3250 sensuum
852 3213 865 3262 ;
897 3193 1083 3267 νοερόν
1104 3196 1247 3250 vero
1279 3211 1379 3249 seu
1429 3195 1787 3265 intelligens,
1825 3200 1913 3249 est
1943 3194 2097 3265 quod

2217 3190 2521 3255 ἀπολύτους
2574 3191 2703 3266 ἔχον
2735 3193 2828 3255 τὰς
2861 3195 3100 3262 νοήσεις,
3135 3194 3209 3254 ὡς
3239 3191 3463 3269 ἄγγελοι
3496 3211 3510 3223 '
3544 3192 3771 3268 λογικὸν
3809 3189 3865 3245 δὲ

453 3284 754 3354 simplices
784 3289 840 3339 et
871 3284 1083 3338 liberas
1117 3284 1293 3338 habet
1322 3283 1846 3349 intellectiones,ut
1876 3283 2095 3354 angeli:

452 3369 674 3446 λογικόν
711 3378 905 3428 autem
938 3388 1041 3427 seu
1073 3371 1380 3436 rationale,
1414 3377 1503 3425 est
1551 3373 1707 3443 quod
1741 3372 1964 3426 ratione
1997 3389 2098 3427 seu

452 3463 819 3533 argumentis
852 3464 995 3517 2|]
1038 3479 1103 3516 ac
1136 3460 1537 3533 speculatione
1583 3478 1777 3517 rerum
1822 3462 2101 3531 cognitio-

456 3567 561 3605 nes
594 3549 999 3620 accipit,sicut
1023 3566 1188 3603 mens
1227 3550 1487 3604 humana
1518 3568 1530 3616 ;
1578 3550 1924 3606 sensitivum
1968 3568 2101 3607 vero

453 3641 607 3711 quod
642 3640 915 3694 sensibus
948 3639 1282 3707 subjicitur,
1315 3652 1379 3693 ut
1410 3645 1603 3710 partes
1657 3646 1937 3696 creatura;
1973 3658 2100 3712 quae

451 3729 794 3783 dividuntur
824 3728 881 3781 in
908 3727 1249 3781 essentiales
1282 3744 1347 3781 ac
1380 3728 1698 3797 naturales,
1724 3729 1780 3783 id
1810 3735 1901 3784 est
1923 3730 1981 3783 in
2008 3746 2101 3785 res

452 3832 577 3887 qua
611 3814 940 3869 immobiles
974 3831 1039 3869 ac
1070 3816 1308 3869 omnino
1334 3832 1544 3869 sensus
1580 3821 1869 3886 expertes,
1920 3822 1978 3871 et
2006 3834 2103 3872 eas

455 3923 584 3978 quas
617 3905 812 3976 aliquo
847 3906 1020 3959 modo
1054 3905 1268 3959 moveri
1320 3910 1540 3974 queunt
1574 3923 1586 3960 :
1624 3910 1895 3961 naturam
1947 3908 2103 3962 enim

455 3995 746 4051 definiunt
776 3994 1130 4067 principium
1167 3994 1441 4050 motionis
1474 3999 1530 4050 et
1552 3995 1787 4066 quietis.
1821 3995 2101 4052 Volunta-

455 4085 603 4140 riam
634 4101 767 4139 vero
799 4083 1285 4156 aequabilitatem,
1318 4101 1441 4154 quas
1492 4084 1707 4155 eligere
1758 4084 1911 4141 valet
1938 4102 1956 4139 :
1988 4103 2103 4141 non

456 4172 696 4245 quidem
731 4173 933 4244 ignoro
966 4173 1121 4243 quod
1153 4172 1353 4228 anima
1390 4172 1647 4227 hominis
1676 4173 1908 4227 dicatur
1930 4173 2104 4229 etiam

459 4261 695 4317 abusive
728 4259 1060 4332 intelligens
1093 4275 1159 4315 ac
1193 4260 1517 4315 rationalis.

533 4367 795 4422 Virtutem
827 4369 1002 4422 omnis
1039 4366 1386 4439 xqualilatis
1414 4368 1759 4437 eﬂectricem.
1784 4368 1886 4423 Est
1915 4386 2104 4441 aequa-

461 4456 661 4510 bilitas
693 4472 820 4525 quae
850 4455 1131 4508 tribuitur
1158 4455 1388 4509 naturis
1423 4472 1456 4509 a
1490 4460 1599 4509 Deo
1653 4456 1920 4513 omnium
1969 4476 2106 4514 con-

458 4543 666 4608 ditore,
702 4546 909 4613 estque
940 4542 1302 4612 aequabilitas
1332 4542 1870 4614 voluntaria,quam
1903 4546 2106 4602 volun-

460 4629 593 4685 tarii
628 4634 805 4701 atque
838 4647 905 4684 ex
938 4630 1340 4700 praeelectinne
1371 4632 1634 4703 dirigunt
1682 4634 1782 4705 qui
1815 4636 2108 4705 justitiam

461 4723 517 4773 et
539 4717 696 4787 juris
727 4718 1182 4788 aquabilitatem
1217 4726 1508 4776 exercent.
1528 4725 1657 4776 Haec
1688 4723 1883 4794 itaque
1914 4742 2112 4796 aequa-

460 4808 681 4876 bilitas,
715 4824 784 4862 ex
816 4813 925 4863 Deo
954 4810 1277 4865 constituta
1306 4815 1412 4866 est.
1455 4816 1701 4867 Omnem
1753 4813 1932 4885 igitur
1954 4816 2109 4885 juris

461 4896 916 4967 aequabilitatem
949 4901 1005 4952 et
1026 4898 1325 4968 justitiam
1362 4902 1511 4955 Deus
1541 4901 1597 4954 in
1653 4902 1846 4973 seipso
1878 4904 2109 4975 simpli-

462 4987 609 5040 citer
641 4989 697 5040 et
730 4984 1032 5040 indivisim
1059 4986 1294 5042 sicutin
1320 4987 1467 5044 ideis
1500 5005 1565 5044 ac
1596 4991 2029 5062 exemplaribus
2050 4994 2109 5047 in

461 5075 587 5129 suis
618 5075 851 5129 aeternis
885 5076 1344 5147 cogitationibus
1375 5082 1509 5135 ante
1542 5078 1736 5146 habet,
1757 5097 1857 5135 seu
1882 5082 2112 5153 proprie

461 5160 759 5232 loquendo
792 5164 1226 5236 complectitur.

2141 4596 2188 4659 D

2207 3282 2272 3336 τὸ
2332 3279 2422 3335 διὰ
2474 3281 2646 3356 λόγου
2694 3283 2786 3336 καὶ
2847 3281 3073 3356 θεωρίας
3116 3282 3210 3343 τὰς
3262 3288 3366 3336 τῶν
3401 3279 3571 3336 ὄντων
3630 3282 3863 3355 γνώσεις

2212 3368 2535 3446 δεχόμενον,
2570 3372 2644 3433 ὡς
2678 3372 2704 3425 ὁ
2738 3372 3077 3446 ἀνθρώπινος
3106 3375 3232 3432 νοῦς
3265 3390 3277 3404 ’
3315 3370 3567 3441 αἰσθητὸν
3618 3367 3677 3424 δὲ
3706 3372 3769 3424 τὸ
3799 3374 3865 3440 τῇ

2211 3459 2457 3530 αἰσθήσει
2511 3460 2838 3528 ὑποπίπτον,
2872 3460 2946 3522 ὡς
3004 3461 3071 3513 τὰ
3124 3461 3260 3534 μέρη
3312 3467 3413 3528 τῆς
3442 3459 3694 3523 κτίσεως,
3732 3460 3865 3533 ἅπερ

2213 3546 2546 3621 διαιροῦνται
2580 3548 2657 3610 εἷς
2702 3546 2942 3617 οὐσιώδη
2975 3548 3063 3603 καὶ
3099 3548 3317 3625 φυσικὰ,
3351 3550 3622 3603 τουτέστιν
3676 3545 3752 3608 εῗς
3811 3568 3869 3601 τε

2210 3639 2276 3693 τὰ
2307 3637 2578 3708 ἀκινήτως
2610 3638 2699 3692 καὶ
2742 3637 2916 3707 πάντη
2968 3638 3311 3707 ἀναισθήτως
3361 3634 3509 3707 ὄντα,
3534 3636 3623 3691 καὶ
3668 3636 3747 3698 εἷς
3805 3638 3870 3690 τὰ

2210 3730 2311 3796 τὴν
2340 3728 2630 3782 ὁποιανοῦν
2665 3723 2865 3801 ἔχοντα
2894 3726 3103 3796 κίνησιν
3139 3746 3151 3759 ο
3185 3728 3287 3795 τὴν
3336 3727 3439 3800 γὰρ
3494 3725 3647 3803 φύσιν
3692 3726 3871 3800 ἀρχὴν

2211 3819 2481 3885 κινήσεως
2513 3815 2601 3870 καὶ
2634 3816 2865 3889 ἠρεμίας
2896 3817 3190 3891 ὁρίζονται.
3226 3814 3472 3883 Θελητήν
3525 3812 3583 3868 δὶ
3640 3813 3873 3883 ἰσότητα

2212 3907 2310 3973 τήν
2360 3906 2749 3980 προαιρετικήν
2782 3922 2793 3934 ·
2830 3904 2928 3958 οὐκ
2969 3903 3154 3979 ἀγνοῶ
3203 3902 3412 3976 μέντοι,
3447 3903 3520 3965 ὡς
3567 3901 3655 3955 καὶ
3708 3923 3871 3955 κατα-

2214 3999 2527 4068 χρηστικῶς
2574 3994 2663 4047 καί
2698 3992 2785 4047 έπὶ
2829 3999 2928 4063 τῆς
2972 3997 3069 4046 τοῦ
3098 3992 3389 4067 ἀνθρώπου
3420 3994 3605 4066 ψυχῆς
3637 3993 3683 4027 ⁸⁵
3711 3989 3875 4065 νοερά

2212 4102 2270 4135 τε
2294 4082 2385 4136 καὶ
2419 4080 2614 4156 λογική
2649 4085 2713 4139 π.

2288 4371 2472 4439 ΙῙάσης
2528 4368 2781 4438 ἰσότητος
2855 4368 3150 4437 ποιηνικήν
3224 4364 3472 4439 δύναμιν.
3519 4370 3704 4419 Ἔστιν
3759 4365 3877 4419 ἰσό-

2214 4479 2314 4527 της
2346 4460 2379 4527 ἡ
2414 4457 2463 4511 έν
2497 4461 2615 4511 ταῖς
2648 4456 2866 4533 φύσεσιν
2891 4455 2951 4510 ἐκ
2981 4460 3114 4511 Θεοῦ
3168 4453 3265 4509 τοῦ
3322 4456 3537 4508 πάντων
3572 4472 3585 4486 ’
3634 4458 3875 4523 ποιητοῦ

2220 4544 2486 4619 διδομένη
2521 4548 2585 4615 97,
2617 4545 2706 4599 καὶ
2757 4543 2896 4599 ἔστιν
2958 4544 3143 4611 ἰσότης
3200 4542 3429 4612 θελητή,
3483 4543 3544 4611 ἣν
3594 4540 3878 4603 ἐθέλοντες

2217 4636 2305 4691 καὶ
2364 4636 2424 4689 έκ
2470 4636 2840 4708 προαιρέσεως
2871 4637 3222 4710 κατορθοῦσιν
3246 4636 3288 4669 ⁰⁸
3320 4633 3372 4686 οἳ
3421 4633 3483 4686 τὸ
3527 4629 3734 4685 δίκαιον
3785 4630 3878 4685 καὶ

2221 4725 2284 4778 τὸ
2315 4724 2438 4796 περὶ
2471 4724 2562 4778 τὸν
2602 4723 2716 4798 βίον
2750 4722 3063 4796 ἰσονομικὸν
3097 4722 3328 4795 μετίασι.
3359 4722 3457 4775 Καὶ
3513 4719 3645 4790 αῦτη
3694 4720 3789 4774 οῦν
3843 4721 3876 4788 ἠ

2222 4813 2408 4883 ἰσότης
2457 4811 2517 4867 ἐκ
2559 4816 2692 4867 Θεοῦ
2744 4814 2991 4883 συνέστη.
3049 4817 3227 4865 Πᾶσαν
3273 4814 3399 4884 γοῦν
3448 4808 3735 4881 ἰσονομίαν
3785 4810 3879 4863 καὶ

2224 4901 2572 4972 δικαιοσύνην
2622 4903 2648 4955 ὁ
2697 4902 2825 4963 Θεὸς
2875 4901 2925 4956 έν
2988 4902 3162 4972 ἑαυτῷ
3192 4897 3381 4962 ἁπλῶς
3408 4897 3498 4953 καὶ
3529 4898 3773 4974 ἀμερῶς,
3808 4899 3884 4959 ὡς

2224 4990 2277 5046 έν
2333 4989 2500 5053 ἰδέαις
2557 4990 2648 5045 καὶ
2697 4988 3129 5067 παραδείγμασιν
3182 4989 3234 5043 έν
3283 4992 3403 5048 ταῖς
3456 4984 3657 5049 ἀϊδίοις
3716 4986 3883 5041 αὐτοῦ

2221 5082 2443 5151 νοήσεσι
2474 5080 2727 5155 προέχει,
2761 5079 2888 5150 ἤτοι
2920 5080 3165 5155 περιέχει
3196 5076 3398 5152 κυρίως
3439 5076 3627 5133 εἰπεῖν.

1472 5404 1708 5463 νΑΒΙλΕ
1748 5404 2138 5463 LECTIONES
2174 5404 2266 5462 ET
2302 5404 2868 5463 CORRECTIONES.

536 5609 577 5644 ⁰¹
614 5606 1017 5683 ὑπαγορεύσας.

464 5676 679 5735 ἑαυτοῦ.
742 5676 803 5716 ’⁸⁸
831 5678 1177 5755 ἀνθρωπίνης
1209 5676 1416 5759 ψυχῆς.

1096 5612 1140 5646 ⁹²
1170 5610 1440 5720 ούρανίοις
1472 5609 1760 5720 ἀθγγδέλοιςιΞ
1839 5610 2123 5720 θὲἵὸἓμὲίανι
2143 5610 2389 5720 χώρηοῗιν
2426 5606 2494 5663 δι’
2526 5608 2793 5720 ἀδλλήλων
2824 5610 2924 5679 τήν
2956 5611 3063 5663 τῶν
3094 5604 3380 5681 στοιχείων
3414 5605 3603 5679 φησίν.
3680 5608 3725 5642 ⁸⁸
3760 5604 3878 5677 μεθ’

1096 5703 1177 5720 ,ν
1209 5688 1394 5720 ...ωενι-
1605 5703 1723 5720 nu...
1966 5703 1987 5720 .
2027 5702 2093 5720 η..
2128 5704 2193 5720 υ..
2365 5699 2531 5720 ...κη-ηδ
2572 5685 2735 5720 ,ιπηιυ

1605 5684 1780 5758 ογικᾶ.
1859 5686 1901 5723 9"
1933 5680 2245 5759 δεδομίνή.’
2294 5683 2337 5720 ⁸⁸
2365 5680 2756 5757 κατορθοῦμεν.
