4062 6366
152 362 244 416 385
888 362 948 415 Β.
987 360 1263 415 MAXIM!
1298 360 1605 416 SCHOLIA
1649 363 1727 415 IN
1765 362 1900 416 LIB.
1942 364 2039 417 DE
2078 367 2348 421 DIVINIS
2386 370 2801 430 NOMINIBUS.

1828 485 1879 550 A

656 483 769 537 ΕΙΣ
808 481 893 539 ΤΟ
931 481 1196 536 ΚΕΦΑΛ.
1240 480 1298 534 Ι’.

213 590 308 659 §I.
368 589 459 649 Ὠς
520 587 933 663 παντοκράτορα
988 587 1077 641 καὶ
1135 587 1208 648 ὡς
1266 584 1523 642 παλαιόν.
1586 586 1791 650 Πολιὸς

159 680 240 751 μέν
296 677 451 751 ὤφθη
514 677 544 730 6
601 679 731 739 Θεὸς
762 681 843 749 τῷ
900 675 1129 747 Δανιήλ,
1162 675 1360 743 λευκὴν
1395 673 1539 749 ἔχων
1569 676 1667 744 τὴν
1702 697 1794 731 κε-

155 768 338 847 φαλὴν,
370 768 447 829 ὡς
499 766 671 841 ἔριον,
713 769 832 831 καθ’
863 769 891 822 ’ὁ
924 767 1014 822 καὶ
1047 765 1288 828 Παλαιὸς
1318 769 1541 839 ἡμερῶν
1573 766 1796 839 ὠνομά-

160 870 265 926 σθη·
295 855 561 929 νεώτερος
596 854 655 910 δὲ
689 860 784 911 τοῦ
833 855 1035 911 πολιοῦ
1066 855 1340 931 γέροντος,
1376 854 1499 910 ὅταν
1552 856 1625 918 ὡς
1658 856 1795 929 ἀνὴρ

160 944 294 1021 ὤφθη
322 950 402 1016 τῷ
434 940 693 1021 Ἀϐραὰμ
745 947 876 1019 μετὰ
912 950 1018 999 τῶν
1053 944 1317 1020 ἀγγέλων,
1373 945 1464 999 καὶ
1504 944 1796 1007 νεανίσκος.

158 1037 216 1091 Ἀ
255 1034 340 1088 καὶ
383 1036 611 1108 θεωρῶν
667 1033 930 1089 ἀπέλυσεν
985 1032 1111 1089 ὧδε·
1169 1029 1475 1108 πρεσϐύτην
1544 1035 1663 1107 μέν,
1722 1036 1796 1095 ὡς

159 1125 349 1178 πάντων
382 1123 443 1177 ἐκ
501 1129 641 1178 Θεοῦ
681 1145 740 1179 τε
787 1120 954 1178 ὄντων
1004 1123 1095 1177 καὶ
1150 1125 1264 1196 μετ’
1322 1124 1507 1177 αὐτόν’
1571 1122 1656 1178 διὸ
1706 1123 1796 1177 καὶ

159 1212 413 1287 νεωτέρων
472 1212 643 1268 αὐτοῦ
680 1232 692 1245 ·
752 1213 869 1268 νέον
923 1211 1000 1282 δὲ,
1063 1213 1138 1275 ὡς
1197 1212 1275 1266 ἀεὶ
1335 1210 1385 1265 ἐν
1448 1212 1654 1285 ἀκμαίᾳ
1708 1212 1797 1268 καὶ

161 1302 381 1365 tenues?
435 1301 805 1377 μακαριότητι
874 1300 1218 1357 ἀπαλαίωτον
1276 1297 1422 1356 ὄντα.
1478 1302 1543 1357 Εἰ
1597 1299 1655 1356 δὲ
1708 1300 1798 1356 καὶ

160 1388 313 1452 ε’ἶποις
363 1390 425 1445 τὸ
482 1390 917 1468 συναμφότερον,
968 1392 1211 1445 τουτέστι
1270 1390 1332 1444 τὸ
1386 1390 1659 1465 γηραλέον
1709 1392 1801 1444 καὶ

156 1481 254 1535 νέον
286 1480 414 1552 ἅμα,
448 1481 529 1541 ὡς
561 1480 653 1535 ἀπ’
684 1480 863 1554 ἀρχῆς
891 1480 1053 1535 αὐτὸν
1086 1476 1289 1549 δηλοῦν
1335 1477 1422 1533 ἐπὶ
1453 1480 1626 1534 πάντα
1677 1477 1799 1550 διή-

156 1590 299 1623 κοντα
327 1568 415 1622 καὶ
484 1569 750 1643 προϊόντα
782 1569 914 1644 ἀχρι
945 1568 1138 1630 τέλους
1172 1566 1517 1638 διαιωνίζειν,
1552 1568 1683 1645 ὅπερ
1714 1570 1801 1623 τέ-

157 1658 296 1719 loc”
338 1664 435 1727 τῆς
480 1659 661 1734 ἀρχῆς
690 1657 800 1713 ἐστι
834 1659 1116 1731 νεώτερον,
1156 1656 1283 1727 ἓξει,
1318 1657 1472 1735 φησὶ,
1519 1656 1608 1711 καὶ
1638 1661 1799 1712 τοῦτο

159 1746 326 1820 λόγον·
377 1748 503 1802 εἶτα
549 1748 780 1823 παράγει
812 1746 901 1801 καὶ
931 1747 1159 1822 γνώμην
1187 1746 1443 1817 Ἱεροθέου
1500 1750 1597 1801 τοῦ
1630 1748 1798 1810 θείου·

3456 388 3563 445 386

2540 494 2612 548 IN
2652 495 2808 553 CAP.
2850 499 2919 555 Χ.

1978 594 2008 666 §
2039 596 2079 651 Ι.
2113 596 2176 652 Ut
2224 598 2651 668 omnipotentem
2683 614 2736 657 et
2764 609 2821 659 ut
2869 611 3175 681 antiquum.
3210 615 3368 672 Deus
3398 620 3562 676 visus

1907 689 1995 737 est
2028 702 2057 738 ει
2091 685 2328 741 Daniele
2355 705 2540 744 canus
2573 692 2892 749 candidum
2923 696 3142 756 habens
3184 711 3360 775 caput
3403 708 3563 765 velut

1908 772 2105 828 lanam
2140 781 2376 846 propter
2398 780 2552 848 quod
2586 782 2762 837 etiam
2807 785 3073 857 Antiquus
3121 772 3337 849 dierum
3368 800 3562 853 nomi-

1910 867 2085 917 natus
2107 868 2227 933 est;
2251 865 2458 935 junior
2487 884 2619 924 vero
2651 887 2788 926 sene
2821 890 2985 945 cano,
3012 881 3247 947 quando
3280 886 3561 956 tanquam

1908 949 1997 1003 vir
2026 957 2380 1023 conspectus
2412 959 2500 1010 est
2522 958 2854 1016 Abrahamo
2886 978 3019 1018 cum
3055 968 3301 1041 angelis,
3335 949 3563 1031 et-ado-

1910 1037 2138 1095 lescens
2172 1058 2184 1095 :
2220 1058 2349 1112 quae
2369 1048 2542 1098 etiam
2573 1049 2956 1106 considerans
2978 1054 3151 1110 solvit
3179 1037 3309 1114 hic':
3337 1078 3563 1130 senem,

1910 1129 2065 1197 quod
2098 1130 2295 1185 omnia
2317 1149 2348 1185 a
2376 1133 2484 1187 Deo
2510 1137 2789 1204 producta
2822 1146 2961 1196 sunt
2981 1148 3037 1198 et
3057 1145 3183 1215 ipso
3207 1129 3561 1218 posteriora:

1910 1216 2158 1288 ideoque
2190 1218 2569 1290 ipsojuniora
2603 1226 2917 1295 :juvenem
2941 1248 3095 1304 vero,
3130 1216 3285 1306 quod
3334 1256 3567 1312 semper

1910 1305 1988 1360 sit
2019 1306 2076 1361 in
2108 1307 2321 1380 vigore,
2346 1315 2403 1365 et
2427 1312 2592 1368 ﬁrma
2618 1316 2890 1373 beatitate
2913 1322 3062 1377 senii
3088 1305 3328 1397 expers;
3357 1330 3405 1383 si
3432 1305 3564 1387 vero

1910 1395 2089 1450 etiam
2122 1398 2299 1452 simul
2335 1405 2649 1472 utrumque
2681 1405 2918 1474 dixeris,
2951 1410 3007 1464 id
3042 1418 3130 1468 est
3157 1395 3333 1471 simul
3359 1436 3562 1475 senem

1911 1487 1968 1538 et
1993 1484 2292 1556 juvenem,
2319 1489 2615 1547 declarare
2647 1497 2800 1563 quod
2851 1515 2882 1551 a
2928 1500 3213 1574 principio
3258 1508 3327 1560 ad
3364 1510 3564 1565 omnia

1912 1575 2253 1642 perveniens
2284 1582 2339 1631 et
2371 1581 2751 1650 progrediens
2797 1602 2984 1658 usque
3028 1590 3096 1643 ad
3147 1592 3321 1649 finem
3356 1613 3565 1667 peren-

1913 1664 2029 1730 net,
2053 1663 2154 1733 qui
2180 1663 2534 1735 finisjunior
2557 1674 2643 1723 est
2666 1670 2973 1745 principio,
3001 1676 3131 1747 hoc,
3153 1663 3373 1753 inquit,
3387 1685 3563 1743 etiam

1910 1750 2198 1806 rationem
2254 1753 2494 1810 habebit
2544 1774 2556 1810 :
2615 1765 2816 1830 postea
2864 1765 3102 1821 adducit
3129 1750 3304 1826 etiam
3332 1750 3563 1830 senten-

160 1836 260 1909 περὶ
291 1834 503 1891 τούτου
533 1836 637 1911 γὰρ
669 1831 958 1891 ἐπιϐάλλω
990 1835 1164 1910 λέγειν
1209 1835 1366 1890 αὺτὸν
1404 1836 1605 1890 οἰκεῖον
1654 1836 1800 1909 ἱερο-

1922 1841 2054 1895 tiam
2080 1842 2259 1896 divini
2282 1843 2884 1919 IIierotheizconjicio
2933 1855 3088 1910 enim
3136 1873 3270 1914 eum
3321 1862 3391 1917 de
3420 1862 3548 1933 ipso

161 1922 416 1993 τελεστὴν,
465 1926 556 1978 ἁτε
588 1922 914 1980 διδάσκαλον
949 1924 1141 1979 ἑαυτοῦ
1174 1922 1578 1982 ἀποκαλοῦντα.

222 2103 338 2171 ςΙΙ.
373 2102 489 2158 Καὶ
534 2101 729 2164 πολιὸς
769 2103 859 2157 καὶ
909 2102 1050 2163 νέος.
1100 2106 1224 2164 Πῶς
1273 2102 1405 2157 ποτὶ
1458 2104 1553 2175 μὲν
1584 2102 1803 2172 πολιὸς,

166 2192 281 2245 ποτε
310 2188 365 2244 δέ
392 2190 526 2252 νέος
559 2192 585 2245 6
618 2194 815 2261 Κύριος
843 2191 1127 2268 γράφεται,
1163 2190 1239 2252 ὡς
1268 2191 1356 2245 τό’
1390 2193 1603 2260 Ἰησοῦς
1634 2197 1803 2265 Χρισ-

167 2281 242 2341 τὸς
266 2281 390 2354 χθὲς
424 2280 520 2334 καὶ
553 2282 796 2356 σήμερον
824 2282 851 2335 ὁ
880 2280 1064 2351 αὐτὸς,
1094 2279 1183 2335 καὶ
1217 2280 1293 2343 εἷς
1322 2279 1448 2342 τοὺς
1499 2279 1712 2344 αἰῶναςο
1746 2282 1806 2336 τὸ

164 2373 274 2443 γοῦν
306 2371 555 2443 σήμερον
587 2374 683 2425 τοῦ
715 2370 846 2445 χθὲς
876 2371 1164 2443 νεώτερον.

227 2460 484 2533 Ἐπείπερ
547 2461 578 2527 ἠ
647 2458 830 2532 μόνας.
885 2456 1215 2534 Ἐπειδήπερ
1261 2460 1294 2529 ἠ
1344 2458 1682 2534 ἀριθμητική
1741 2460 1803 2513 τὸ

165 2546 209 2600 έν
236 2548 498 2621 ἀριθμοῖς
556 2545 811 2624 διαίρεσιν
866 2543 995 2622 ἔχον
1046 2546 1262 2616 πλῆθος
1318 2546 1394 2610 εἷς
1450 2548 1617 2623 πέρας
1676 2549 1801 2617 ἀνή-

162 2657 295 2711 γαγε’
361 2635 581 2712 μονάδα
646 2639 737 2710 μέν
812 2638 989 2712 ἀρχὴν
1042 2636 1239 2709 θεμένη
1289 2641 1387 2691 τοῦ
1445 2638 1645 2701 παντὸς
1693 2639 1807 2712 ἀρι-

165 2731 287 2797 θμοῦ
344 2723 526 2781 δυάδα
583 2723 641 2780 δὲ
710 2725 932 2800 ἀρτίων,
983 2725 1071 2779 καὶ
1118 2729 1226 2780 τῶν
1275 2726 1397 2795 ἑξῆς
1451 2724 1525 2787 εἷς
1581 2726 1804 2801 μέγεθος

164 2816 458 2887 προϊόντων
487 2816 735 2890 ἀριθμῶν
766 2814 902 2869 κατά
956 2816 1246 2888 παράθεσιν
1306 2811 1577 2887 μονάδων,
1612 2812 1800 2884 ἐπειδὴ

162 2904 213 2957 τὸ
256 2902 501 2975 πλῆθος,
554 2904 827 2958 τουτέστιν
890 2906 925 2972 ἡ
964 2903 1158 2972 κτίσις,
1209 2904 1269 2958 ἐκ
1313 2907 1411 2957 τοῦ
1451 2908 1585 2957 Θεοῦ
1638 2902 1801 2958 ἐστιν’

165 2989 266 3047 ὁδε
310 2992 558 3066 ἀριθμὸς
604 2992 691 3046 έπὶ
720 2996 800 3064 τῷ
848 2991 1048 3062 πλήθει
1098 2991 1258 3047 ἐστίν’
1313 2992 1535 3054 εἰκότως
1580 2993 1642 3047 τὸ
1689 2993 1805 3047 κατ’

164 3082 379 3154 ἀριθμὸν
425 3082 686 3157 νεώτερον
752 3080 1111 3153 ὀνομάζεται*
1180 3082 1243 3135 τὸ
1298 3082 1400 3156 γὰρ
1449 3079 1687 3150 πλῆθος,
1743 3083 1805 3136 τὸ

162 3169 237 3223 καὶ
265 3170 703 3243 ἀριθμούμενον,
760 3170 895 3241 μετά
936 3170 1026 3224 τὸν
1062 3169 1188 3223 Θεὸν
1224 3169 1437 3245 ἀφάτως
1485 3169 1575 3224 καὶ
1622 3168 1681 3224 ἐκ
1709 3174 1805 3225 τοῦ

162 3264 277 3312 Θεοῦ
307 3260 605 3334 παρήχθη·
642 3256 786 3313 ἀλλά
814 3257 903 3312 καὶ
935 3262 1031 3311 τοῦ
1051 3258 1318 3333 νεωτέρου
1348 3257 1543 3313 τούτου
1572 3259 1807 3331 ἀριθμοῦ

160 3354 245 3416 τῆς
273 3348 512 3411 κτίσεως
562 3346 1009 3422 ἀρχηγικώτερόν
1062 3345 1206 3401 ἐστιν
1254 3348 1288 3416 ἡ
1328 3348 1515 3418 μονὰς,
1550 3348 1626 3407 ὡς
1658 3346 1812 3422 ἔφην,

164 3437 194 3503 ἢ
222 3437 440 3491 καὶτῶν
477 3437 726 3509 ἀριθμῶν
776 3435 942 3505 αἰτία,
972 3434 1062 3489 καὶ
1087 3429 1291 3509 ἔχουσα
1323 3436 1510 3509 σχέσιν
1532 3435 1654 3489 τινὰ
1683 3437 1820 3505 πρὸς

162 3524 220 3578 τὰ
248 3525 298 3594 ἐξ
342 3525 517 3592 αὐτῆς
560 3523 770 3580 πολλά.
820 3524 1028 3581 Οὐκοῦν
1076 3525 1103 3577 ὁ
1154 3524 1302 3591 Θεὸς,
1337 3525 1411 3585 ὡς
1460 3524 1550 3578 καὶ
1608 3524 1815 3579 τούτων

163 3612 346 3683 α’ίτιος,
400 3614 492 3667 καὶ
529 3610 762 3686 μονάδος
793 3611 958 3687 λόγον
992 3612 1229 3687 ἐπέχων,
1260 3614 1520 3686 νεώτερος
1548 3614 1686 3667 κατά
1711 3614 1809 3681 τὴν

165 3702 447 3776 εἶρημένην
503 3701 731 3777 θεωρίαν
782 3700 842 3756 ἐκ
888 3706 993 3756 τῶν
1045 3700 1095 3773 ἒξ
1127 3701 1292 3756 αὐτοῦ
1330 3701 1810 3777 προσαγορεύεται.

166 3789 272 3846 Εἷσὶ
304 3788 362 3845 δὲ
393 3790 445 3845 οἳ
474 3792 542 3845 τὰ
572 3790 799 3863 σώματα
827 3792 894 3828 ¹⁰⁰
924 3789 1154 3863 ἀριθμὸν
1189 3784 1495 3862 ὠνόμαζον.

227 4060 253 4130 ξ
298 4065 393 4115 III.
446 4058 547 4112 Καὶ
604 4055 896 4119 ἀπολύτως
948 4058 1230 4132 ἀγέννητα.
1278 4058 1425 4112 ’Ἁνω
1474 4057 1568 4129 μὲν
1629 4054 1682 4111 ἐν
1730 4061 1809 4129 τῷ

167 4148 388 4218 πέμπτῳ
438 4145 720 4224 κεφαλαίῳ
768 4145 891 4218 περὶ
933 4145 1131 4207 αἰῶνος
1182 4148 1267 4200 καὶ
1321 4144 1525 4219 χρόνου
1554 4143 1808 4208 πλατέως

168 4230 514 4308 διελάϐομινί
573 4240 665 4289 νῦν
713 4232 770 4290 δὲ
816 4235 883 4289 τὰ
932 4234 1243 4306 ζητούμενα
1296 4237 1687 4310 σαφηνιστέον·
1748 4236 1809 4289 οὐ

168 4323 313 4392 μόνον
341 4326 446 4400 γὰρ
479 4326 514 4392 ἡ
546 4325 757 4399 Γραφὴ,
790 4324 976 4401 φησὶν,
1034 4322 1254 4377 αἰώνιον
1283 4321 1443 4377 καλεῖ
1498 4324 1590 4377 τὸν
1653 4324 1803 4394 Θεὸν,

168 4409 211 4464 ἐν
237 4418 309 4484 τῷ
340 4411 539 4487 λέγειν·
602 4415 661 4470 Ὁ
692 4414 822 4476 Θεὸς
852 4414 879 4466 6
929 4411 1171 4479 αἰώνιος,
1204 4414 1232 4465 6
1284 4412 1686 4475 κατασκευάσας
1742 4413 1808 4467 τὰ

170 4500 288 4574 ἂκρα
332 4510 435 4571 τῆς
481 4509 601 4577 γῆς·
650 4503 741 4556 τὸν
787 4503 888 4577 γὰρ
935 4502 1064 4555 Θεὸν
1113 4498 1257 4576 λέγει
1313 4498 1606 4563 ἀπολύτως
1662 4500 1813 4577 ἀγέν-

1917 1930 2109 1984 dicere
2139 1932 2441 2002 proprium
2476 1933 2533 1987 in
2567 1936 2752 1993 sacris
2784 1940 3159 2011 iniliatorem,
3193 1963 3296 2003 seu
3345 1930 3566 2023 magis-

1916 2023 2073 2073 trum
2106 2036 2279 2075 suum
2312 2022 2724 2093 appellantem.

1986 2107 2013 2180 Ξ
2046 2108 2113 2162 ΙΙ.
2146 2111 2212 2163 Et
2233 2126 2426 2177 canus,
2459 2116 2510 2167 et
2530 2114 2772 2184 juvenis.
2808 2119 3111 2184 Quomodo
3142 2124 3428 2183 Dominus
3449 2127 3562 2183 ali-

1916 2198 2151 2266 quando
2184 2199 2423 2269 quidem
2484 2203 2787 2275 antiquus,
2821 2207 3139 2280 aliquando
3195 2230 3329 2270 vero
3380 2235 3566 2273 novus

1916 2286 2301 2354 describatur,
2338 2295 2401 2343 ut
2432 2307 2445 2344 :
2479 2292 2634 2347 Iesus
2662 2294 2911 2352 Christus
2942 2299 3063 2354 heri
3093 2305 3144 2355 et
3192 2303 3380 2371 lwdz'e,
3422 2307 3565 2361 idem

1913 2378 1964 2428 et
1996 2376 2058 2429 in
2086 2378 2290 2431 secula
2319 2378 2395 2447 (ά)
2432 2396 2444 2432 ;
2482 2387 2634 2435 certe
2665 2382 2837 2439 hodie
2867 2392 2954 2440 est
2977 2389 3187 2458 junius
3220 2392 3363 2447 heri.

1984 2466 2136 2520 212
2170 2467 2617 2538 Quandoquidem
2656 2475 2875 2529 veritas.
2916 2478 3404 2550 Quandoquidem
3440 2485 3555 2539 ari-

1915 2552 2190 2609 thmetica
2230 2555 2674 2613 multitudinem
2699 2562 2755 2615 in
2784 2567 3044 2620 numeris
3070 2567 3415 2626 divisionem
3449 2572 3556 2628 ha-

1916 2641 2143 2696 bentem
2169 2642 2227 2697 in
2263 2645 2436 2699 ﬁnem
2469 2647 2732 2714 deduxit,
2760 2668 2985 2720 ponens
3008 2659 3261 2713 monada
3290 2676 3392 2714 seu
3432 2662 3564 2715 uni-

1914 2733 2094 2786 tatem
2118 2733 2311 2787 omnis
2341 2736 2569 2789 numeri
2605 2738 2992 2810 principium;
3027 2744 3221 2800 duada
3244 2763 3345 2801 seu
3372 2749 3563 2803 duali-

1916 2823 2095 2874 tatem
2125 2838 2281 2891 vero,
2320 2824 2551 2893 parium
2593 2831 2649 2879 et
2684 2826 3042 2900 reliquorum
3078 2850 3460 2891 numerorum
3503 2837 3563 2893 in

1917 2909 2326 2981 magnitudine
2369 2914 2870 2984 progredientium
2910 2920 3207 2977 additione
3240 2924 3557 2994 unitatum,

1916 2997 2194 3069 quoniam
2243 3001 2582 3069 multitudo,
2631 3004 2688 3058 id
2739 3011 2827 3060 est
2867 3012 3132 3064 creatura
3162 3016 3251 3067 est
3289 3029 3359 3068 ex
3403 3015 3563 3072 Deo:

1917 3102 2199 3141 numerus
2230 3094 2425 3143 autem
2451 3092 2615 3145 estin
2643 3093 3257 3161 multitudine,merito
3272 3109 3563 3172 quantum

1919 3175 1990 3228 ad
2024 3191 2336 3231 numerum
2364 3178 2568 3246 junior
2599 3183 2940 3238 nominatur
2973 3204 2985 3240 :
3020 3187 3339 3245 multitudo
3389 3193 3573 3258 enim,

1924 3278 2051 3332 quae
2078 3268 2167 3316 est
2197 3263 2251 3318 id
2277 3267 2429 3334 quod
2474 3275 2841 3339 numeratur,
2896 3278 3021 3342 post
3054 3274 3234 3330 Deum
3264 3276 3575 3333 ineffabili-

1924 3355 2007 3404 ter
2034 3356 2090 3405 et
2132 3352 2314 3407 a‘Deo
2349 3356 2632 3424 producta
2678 3362 2809 3412 est:
2848 3360 3171 3429 quinetiam
3222 3381 3427 3421 monas
3483 3370 3575 3421 est

1924 3439 2218 3509 antiquior
2238 3442 2608 3511 juniorehoc
2631 3451 2913 3502 creaturae
2938 3466 3202 3520 nurnero,
3236 3468 3384 3522 quae,
3418 3456 3574 3509 sicut

1923 3527 2063 3597 dixi,
2094 3532 2183 3582 est
2207 3546 2586 3586 numerorum
2621 3550 2822 3601 causa,
2862 3540 2917 3590 et
2945 3536 3119 3592 habet
3148 3541 3571 3598 connexionem

1923 3618 2237 3687 quamdam
2272 3635 2406 3673 cum
2440 3620 2667 3686 multis,
2700 3640 2827 3693 quae
2859 3641 2925 3679 ex
2957 3626 3084 3696 ipsa
3114 3631 3572 3698 procedunt.Ita-

1922 3722 2034 3777 que
2066 3707 2239 3774 Deus,
2278 3712 2341 3762 ut
2370 3709 2545 3764 etiam
2579 3712 2788 3767 horum
2822 3720 3046 3783 auctor,
3080 3722 3138 3771 et
3169 3721 3440 3776 monadis
3477 3739 3572 3777 ra-

1919 3795 2137 3851 tionem
2161 3797 2453 3868 obtinens,
2487 3802 2813 3857 secundum
2849 3805 3065 3859 dictam
3100 3810 3572 3881 comtemplatio-

1920 3900 2076 3955 nem,
2110 3886 2439 3957 appellatur
2462 3889 2667 3958 junior
2697 3891 2769 3945 iis
2791 3908 2919 3961 quae
2946 3894 3017 3948 ab
3043 3911 3109 3949 eo
3142 3898 3424 3967 producta
3447 3900 3574 3955 fue-

1919 3978 2058 4029 runt
2089 3992 2101 4029 :
2137 3980 2277 4030 sunt
2296 3978 2399 4047 qui
2429 3993 2674 4049 corpora
2705 3981 3081 4051 appellarunt
3115 4001 3456 4042 numerum.

1987 4066 2013 4130 §
2072 4064 2151 4118 ΙΙΙ
2210 4066 2271 4118 Et
2331 4066 2577 4122 absolute
2636 4068 2909 4137 ingenita.
2972 4076 3157 4143 Supra
3218 4075 3455 4146 quidem
3514 4078 3574 4133 in

1919 4152 2123 4223 quinto
2173 4156 2382 4225 capite,
2437 4156 2562 4211 fuse
2602 4158 2989 4214 tractavimus
3039 4161 3108 4215 de
3152 4163 3477 4219 aeternitate
3518 4169 3578 4220 et

1918 4247 2174 4310 tempore
2210 4260 2221 4296 :
2257 4261 2413 4298 nunc
2440 4262 2575 4300 vero
2608 4246 2955 4316 explicanda
2999 4254 3139 4302 sunt
3191 4267 3314 4319 quae
3366 4257 3575 4322 petun-

1916 4336 2203 4384 turznon
2266 4337 2493 4387 tantum
2528 4333 2686 4388 enim
2747 4335 3073 4406 Scriptura,
3130 4337 3346 4407 inquit,
3411 4346 3577 4397 vocat

1922 4419 2099 4473 Deum
2134 4414 2439 4486 aeternum,
2469 4422 2607 4475 dum
2642 4422 2821 4477 dicit:
2858 4423 3011 4479 Deus
3044 4430 3319 4493 aeternus,
3358 4429 3457 4499 qui
3488 4430 3569 4482 fa-

1918 4506 2179 4561 bricatus
2210 4513 2299 4562 est
2340 4515 2599 4564 extrema
2652 4516 2855 4566 terrae:
2890 4512 3031 4567 dicit
3065 4514 3221 4569 enim
3257 4519 3436 4571 Deum
3470 4518 3571 4572 ab-

169 4608 339 4659 νητον,
391 4591 484 4646 ἅτε
532 4592 622 4645 καὶ
670 4590 925 4652 ἀναιτίως
975 4588 1103 4646 ὄντα
1147 4594 1313 4644 τοῦτο
1341 4632 1354 4657 ,
1414 4588 1560 4645 ἀλλᾶ
1606 4591 1696 4645 καὶ
1745 4593 1804 4646 τὰ

1922 4594 2106 4650 solute
2139 4597 2490 4666 ingenitum,
2524 4603 2806 4669 tanquam
2859 4617 2992 4655 eum
3040 4602 3139 4672 qui
3172 4602 3281 4659 hoc
3316 4609 3405 4660 est
3449 4606 3577 4661 sine

175 4678 461 4754 μετέχοντα
489 4680 788 4757 ἀφθαρσίας
820 4679 909 4734 καὶ
959 4678 1306 4733 ἀναλλοίωτα
1352 4679 1476 4752 περὶ
1511 4678 1679 4748 αὐτὴν
1712 4682 1811 4749 τὴν

174 4766 341 4822 οὐσίαν
406 4768 603 4823 αἰώνια
670 4769 837 4841 Λέγει,
890 4766 996 4822 εῚτε
1039 4765 1330 4842 ἀγγέλους,
1394 4764 1499 4821 έίτε
1547 4768 1813 4844 ἀνώτερον

174 4855 402 4931 οὐρανὸν,
448 4859 522 4919 ὡς
570 4856 651 4912 τό·
704 4859 965 4926 ’Ἑστησεν
1018 4855 1150 4911 αὐτὰ
1197 4856 1272 4917 εἷς
1315 4856 1406 4910 τὸν
1458 4854 1666 4923 αἶ’ῶνα,
1724 4858 1815 4911 καὶ

175 4943 240 5005 εἷς
264 4946 351 5000 τὸν
404 4946 572 5001 αἶῶνα
625 4951 723 5000 τοῦ
775 4944 994 5011 αἰῶνος,
1048 4947 1135 4999 καὶ
1198 4945 1280 4999 τό·
1341 4945 1423 5000 Tu
1484 4946 1558 5017 μὴ
1612 4945 1815 5020 βλεπό-

175 5052 311 5106 μενα,
344 5034 560 5091 αἰώνια.
590 5033 971 5090 Ἀναλλοίωτα
1004 5031 1061 5089 δέ
1092 5056 1223 5110 φησι
1280 5032 1536 5105 μείναντα
1581 5033 1654 5096 ὠς
1705 5034 1815 5110 έγέ-

172 5141 331 5177 νοντο·
380 5125 469 5178 καὶ
521 5122 698 5185 πύλας
747 5122 970 5185 αῗωνίας
1021 5123 1180 5178 καλεῖ
1230 5120 1335 5177 έίτε
1369 5121 1649 5196 οὐρανοὺς,
1711 5122 1818 5178 ε’ἰτε

170 5210 282 5275 τοὺς
326 5209 686 5291 ἐφεστηκότας
731 5211 947 5274 τούτοις
998 5210 1298 5287 ἀγγέλους,
1353 5214 1442 5265 οἶα
1498 5210 1812 5286 πυλωρούς·

234 5352 307 5424 (d)
337 5355 511 5412 Hebr.
545 5370 670 5423 xm,
701 5355 756 5410 8.
861 5354 934 5426 (e)
967 5354 1117 5410 Psal.
1149 5370 1379 5425 CXLVIII,
1410 5354 1463 5408 6.

1925 4690 2182 4754 auctore,
2206 4702 2406 4740 verum
2440 4686 2616 4741 etiam
2649 4688 2789 4742 dicit
2818 4695 3034 4745 aeterna
3065 4708 3191 4760 quas
3225 4694 3579 4766 participant

1923 4772 2450 4843 incorruptionem,
2484 4793 2671 4845 neque
2701 4776 2758 4830 in
2796 4777 2922 4846 ipsa
2952 4781 3208 4834 essentia
3249 4788 3573 4852 mutantur,

1926 4860 2046 4916 sive
2076 4862 2193 4916 sint
2219 4862 2431 4932 angeli,
2454 4864 2576 4918 sive
2599 4864 2809 4920 coelum
2843 4883 3209 4937 supremum,
3236 4871 3423 4923 sicut:
3450 4870 3575 4925 Sta-

1926 4950 2031 5004 tuit
2054 4967 2117 5005 ea
2148 4951 2206 5005 in
2237 4958 2536 5022 aeternum,
2568 4957 2621 5009 et
2667 4955 2731 5009 in
2778 4954 3043 5009 secutum
3094 4958 3286 5012 δάνειΗί
3330 4964 3395 5025 (e)
3418 4978 3440 5021 ;
3471 4966 3527 5013 et
3560 4976 3574 5014 :

1926 5040 2062 5107 Quae
2091 5056 2198 5095 non
2238 5043 2519 5110 videntur,
2550 5048 2761 5097 eterna
2787 5044 2878 5114 (Γ).
2915 5045 3089 5099 Porro
3113 5043 3458 5099 ἀναλλοίωτα
3475 5065 3575 5102 vo-

1926 5134 2019 5183 cat
2066 5145 2194 5199 quae
2242 5136 2479 5185 manent
2509 5131 2665 5187 sicut
2696 5133 2953 5200 fuerunt,
3001 5139 3060 5187 et
3095 5140 3292 5204 portas
3323 5141 3574 5194 aeternas

1929 5223 2110 5284 vocat,
2147 5219 2266 5273 sive
2322 5219 2520 5285 caelos,
2574 5221 2693 5276 sive
2752 5220 2991 5291 angelos
3044 5223 3141 5293 qui
3175 5223 3259 5278 eis
3288 5233 3570 5298 praesunt,

1541 5353 1617 5425 (Γ)
1649 5353 1695 5410 ΙΙ
1726 5354 1857 5412 Cor.
1883 5372 1963 5423 Iv,
1994 5357 2079 5412 18.

1171 5506 1412 5561 νΑΒΙλΕ
1454 5505 1838 5562 LECTIONES
1879 5509 1969 5563 ET
2006 5508 2563 5567 CORRECTIONES.

239 5603 282 5638 ”
310 5600 437 5677 ἄχρι
477 5599 670 5664 τέλους
718 5601 1112 5673 διαιωνίζοντα,
1168 5602 1258 5657 καὶ
1310 5601 1398 5658 ἐπὶ
1456 5604 1627 5658 πάντα
1686 5600 1894 5673 διήκειν
1949 5606 2037 5659 καὶ
2098 5607 2367 5680 προϊέναι,
2423 5605 2555 5682 ὅπερ
2613 5605 2795 5671 τέλος.
2876 5612 2943 5647 ¹⁰⁰
2991 5610 3250 5685 ὀνόματα.
3329 5618 3345 5651 ι
3407 5616 3577 5691 παρέ-

183 5681 351 5746 θεμεν.
