4062 6366
491 359 598 415 387

1309 357 1672 414 APPENDIX
1709 357 1806 411 AD
1843 355 2084 410 OPERA
2119 355 2176 408 8.
2218 353 2534 409 DIONYSII
2575 352 3082 411 AREOPAGITE.

3805 354 3911 410 388

491 486 778 556 tanquam
837 486 1141 556 portarum
1203 481 1518 547 custodes;
1580 483 1637 534 et
1673 479 1918 550 antiqua
1965 493 2113 531 voca'

2246 473 2430 528 καὶτὰ
2486 473 2692 551 ἀρχαῖα
2749 471 2808 528 δὲ
2864 473 3062 529 αἰώνια
3109 472 3288 544 καλεῖ,
3343 473 3418 535 ὡς
3474 475 3588 528 xui‘
3622 475 3708 530 τὸ·
3770 478 3904 547 Ἐτη

491 577 728 642 aeterna,
763 573 938 640 sicut,
997 572 1179 627 Annos
1208 581 1447 628 aeternos
1495 571 1554 624 in
1593 574 1780 624 mente
1835 566 2004 622 habui
2035 565 2134 636 (g),

492 665 879 732 nostrumque
908 664 1143 732 tempus
1175 659 1452 715 saeculum
1486 657 1646 726 dicit,
1680 657 1829 712 sicut
1864 657 2038 726 Usque
2067 654 2138 710 ad

488 751 1011 806 consummationem
1064 750 1260 806 saeculi
1290 749 1367 820 (ἡ)
1393 766 1405 815 ;
1431 753 1487 802 et
1518 764 1530 803 :
1569 748 1629 804 Ut
1668 748 1910 817 eriperet
1947 759 2045 798 nos
2074 749 2138 798 de

486 841 751 912 praesenti
775 839 973 895 saeculo
1003 855 1238 910 nequam
1270 839 1355 908 (i);
1399 841 1454 891 et
1482 835 1602 890 vice
1633 851 1819 900 versa,
1853 832 2135 888 saeculum

490 933 726 1000 tempus
753 927 914 994 dicit,
953 931 1013 981 ut
1046 944 1059 980 :
1095 932 1201 997 Ego
1223 925 1581 981 ressuscitabo
1630 939 1754 979 eum
1797 925 1855 978 in
1897 921 2133 977 novissi-

489 1035 576 1074 mo
605 1017 696 1073 die
724 1017 801 1086 (k)
833 1035 851 1072 :
883 1015 1159 1071 saeculum
1223 1015 1400 1082 enim,
1463 1030 1578 1068 non
1637 1029 1771 1068 vero
1830 1012 1977 1075 dies,
2009 1027 2137 1082 quae

423 1168 452 1190 Ι
481 1107 542 1162 in
576 1106 1005 1161 resurrectione
1041 1122 1054 1159 :
1089 1109 1143 1159 et
1177 1104 1387 1158 iterum
1426 1119 1438 1156 :
1475 1103 1533 1157 In
1567 1104 1763 1172 quibus
1795 1103 1932 1156 Deus
1964 1101 2133 1172 hujus

478 1197 687 1265 szeculi,
717 1195 1008 1250 excaecauit
1051 1197 1262 1248 mentes
1319 1191 1634 1262 inﬁdelium
1661 1193 1746 1262 (ι),
1781 1199 1956 1262 atque
1984 1195 2129 1244 tem-

478 1303 610 1357 pus,
640 1283 916 1339 szeeulum
953 1282 1112 1348 dicit,
1147 1286 1210 1335 ut
1245 1298 1256 1334 :
1293 1281 1415 1336 Dies
1464 1281 1665 1338 saeculi
1694 1280 1836 1351 (m);
1877 1286 1933 1334 et
1980 1280 2130 1333 Moa-

473 1375 606 1429 bites
633 1382 684 1428 et
715 1373 1047 1427 Ammonites
1077 1372 1243 1425 etiam
1271 1374 1394 1441 post
1415 1369 1685 1425 decimam
1715 1369 2128 1436 generationem

467 1480 575 1520 non
610 1462 897 1518 intrabunt
947 1460 1249 1514 Ecclesium
1297 1459 1533 1525 Domini,
1592 1460 1653 1512 in
1699 1463 1975 1514 aeternum
2025 1461 2122 1526 (η).

468 1557 615 1609 Nam
649 1551 848 1606 decem
879 1548 1289 1620 generationes
1333 1547 1613 1603 saculum
1674 1546 1836 1602 dicit.
1895 1546 2118 1601 Aliter:

469 1646 592 1698 Non
617 1645 861 1712 oportet,
897 1640 1109 1712 inquit,
1144 1639 1241 1694 ubi
1273 1637 1579 1708 Scriptura
1629 1635 1906 1690 saeculum
1959 1635 2120 1704 dicit,

470 1730 706 1786 omnino
737 1729 1103 1784 divinitatem
1134 1726 1495 1798 intelligere:
1523 1725 1631 1780 hoc
1659 1725 1816 1780 enim
1849 1728 1937 1781 est
1967 1726 2119 1781 213

2250 560 2446 616 αἰώνια
2503 562 2800 636 ἐμνήσθην·
2849 563 2938 618 καὶ
2977 562 3069 617 τὸν
3128 563 3246 625 καθ’
3296 564 3444 635 ἡμᾶς
3503 564 3708 639 χρόνον
3738 565 3907 620 αἰῶνα

2248 672 2433 728 φησιν,
2467 653 2540 713 ὡς
2568 648 2651 707 τό”
2685 655 2830 714 Ἕως
2885 658 2989 720 τῆς
3045 649 3352 713 συντελείας
3381 656 3476 706 τοῦ
3536 651 3756 716 αἰῶνος’
3815 656 3904 709 xui

2245 741 2328 795 τό·
2360 743 2545 803 Ὅπως
2576 741 2824 814 ἐξέληται
2854 744 3002 814 ἡμᾶς
3037 742 3141 795 ἀπὸ
3193 745 3290 796 τοῦ
3350 740 3642 804 ἐνεστῶτος
3699 743 3900 806 αἰῶνος

2247 835 2513 906 πονηροῦ·
2559 832 2648 886 καὶ
2690 829 2982 901 ἀνάπαλιν,
3023 831 3116 885 τὸν
3171 829 3342 885 αἰῶνα
3373 831 3575 906 χρόνον
3607 829 3773 907 λέγει,
3831 834 3906 895 ὡς

2244 920 2328 974 τό·
2398 919 2538 994 Ἐγώ
2596 920 2883 992 ἀναστήσω
2942 919 3102 974 αὐτὸν
3163 919 3215 975 ἐν
3270 923 3339 992 τῇ
3400 918 3604 995 ἐσχάτῃ
3665 921 3853 996 ἡμέρᾳ
3887 943 3900 954 ⁸

2246 1007 2378 1062 αἰὼν
2417 1009 2537 1084 γὰρ,
2583 1007 2714 1064 ἀλλ’
2761 1008 2866 1084 οὐχ
2914 1010 3116 1083 ἡμέρα,
3149 1009 3214 1063 τὰ
3263 1008 3314 1063 ἐν
3346 1011 3413 1074 τῆ
3448 1009 3753 1065 ἀναστάσει·
3810 1012 3904 1065 καὶ

2243 1096 2430 1152 πάλιν·
2491 1099 2576 1155 Ἐν
2639 1102 2720 1160 οἷς
2777 1100 2804 1153 ὁ
2837 1099 2964 1159 Θεὸς
3020 1103 3117 1153 τοῦ
3148 1097 3348 1160 αἰῶνος
3379 1097 3578 1152 τούτου
3619 1097 3902 1172 ἐτύφλωσε

2239 1187 2307 1241 τὰ
2335 1189 2586 1259 νοήματα
2630 1192 2736 1242 τῶν
2792 1187 3053 1242 ἀπίστωνο
3106 1188 3194 1242 καὶ
3238 1188 3328 1242 τὸν
3377 1189 3574 1263 χρόνον
3611 1185 3668 1242 δὲ
3725 1187 3900 1242 αἰῶνα

2240 1297 2427 1352 φησιν,
2487 1277 2560 1338 ὡς
2616 1276 2696 1330 τό·
2758 1277 2825 1332 Αἰ
2878 1277 3081 1352 ἡμέραι
3112 1280 3207 1330 τοῦ
3239 1277 3458 1343 αἰῶνος,
3523 1275 3635 1331 καί·
3664 1271 3898 1332 Μωαϐί-

2234 1386 2334 1435 της
2393 1364 2483 1420 xui
2543 1364 2843 1438 Ἀμανίτης
2876 1365 2976 1420 οὐκ
3005 1363 3402 1420 εἰσελεύσονται
3464 1364 3538 1427 εἰς
3592 1366 3684 1420 τὸν
3745 1365 3900 1420 οἰκον

2237 1455 2439 1529 Κυρίου
2486 1451 2588 1516 ἕως
2621 1452 2853 1525 δεκάτητ
2885 1460 3069 1530 γενεᾶς
3129 1453 3206 1516 εἰς
3261 1453 3356 1510 τὸν
3414 1453 3602 1510 αἰῶναο
3661 1454 3757 1517 τὰς
3790 1455 3898 1529 γὰρ

2235 1541 2365 1598 δέκα
2391 1544 2574 1619 γενεὰς
2605 1539 2776 1597 αἰῶνᾶ
2816 1564 3001 1618 φησιν.
3050 1542 3302 1604 ’Ἄλλως
3365 1542 3441 1599 Οὐ
3502 1544 3639 1617 χρὴ,
3700 1543 3895 1617 φησὶν,

2233 1625 2408 1700 ἕνθαή
2444 1633 2628 1707 Γραφὴ
2675 1631 2896 1686 αἰώνιον
2931 1630 3103 1706 λέγει,
3163 1631 3377 1692 πάντως
3423 1632 3485 1686 τὸ
3517 1634 3664 1686 Θεῖον
3719 1637 3889 1686 νοεῖν·

2229 1724 2390 1774 τοῦτο
2423 1721 2527 1796 γάρ
2559 1718 2669 1774 ἐστι
2697 1721 2759 1775 τὸ
2791 1721 2963 1790 πάντη
2997 1720 3087 1774 καὶ
3117 1719 3430 1787 ἀπολύτως,
3472 1722 3720 1775 τουτέστι
3753 1722 3892 1775 κατᾶ

466 1815 640 1886 πῦντη
673 1823 729 1873 et
758 1813 1073 1884 ἀπολᾶτως,
1109 1817 1262 1871 idem
1318 1815 1644 1870 secundum
1695 1831 1930 1869 omnem
1981 1829 2113 1869 sen-

2230 1815 2401 1865 πᾶσαν
2451 1809 2684 1880 ἔννοιαν,
2715 1811 3001 1885 ἀγέννητον
3033 1809 3124 1864 xui
3157 1807 3355 1864 ἆίδιον·
3393 1808 3540 1865 ἀλλὰ
3587 1812 3674 1864 xui
3729 1811 3890 1886 ἀγγέ-

2230 1899 2247 1913 ι
2432 1904 2458 1913 ..
2623 1900 2634 1913 ,
2739 1897 2827 1913 κ...
3065 1897 3076 1913 .
3173 1901 3195 1913 η
3325 1899 3338 1913 .
3456 1900 3468 1913 ι
3513 1897 3527 1913 .
3741 1898 3752 1913 .

467 1924 622 1973 sum,
665 1906 994 1978 ingenitum
1027 1921 1092 1960 ac
1123 1909 1403 1959 aeternum
1443 1904 1805 1973 :quinetiam
1840 1903 1938 1959 tali
1986 1903 2109 1958 dic-

465 2000 625 2050 tione
657 1995 848 2066 angeli
881 1995 1311 2065 signiﬁcantur,
1338 1998 1412 2048 ut'
1433 1994 1532 2064 qui
1565 1993 1622 2046 in
1658 1993 1964 2048 identitate
1982 2010 2112 2066 per-

467 2100 732 2140 severare
763 2088 1038 2154 possunt.

537 2175 922 2228 xEternitatem
963 2180 1364 2228 consecuturos.
1419 2171 1585 2226 Hunc
1644 2171 1816 2226 etiam
1881 2172 2110 2227 Patrem

463 2263 727 2333 accipere
757 2262 1162 2329 aeternitatem,
1197 2261 1524 2315 secundum
1575 2261 1916 2333 Gregorium
1952 2262 2110 2316 theo-

461 2348 687 2422 logum,
736 2366 838 2421 pro
879 2349 1274 2406 declarations
1329 2351 1616 2422 perpetui,
1651 2367 1752 2406 seu
1795 2351 1924 2420 ejus
1956 2351 2109 2421 quod

463 2456 698 2510 semper
723 2456 854 2494 esse
885 2438 1120 2494 dicitur.

536 2527 851 2596 Quinetiam
907 2543 1088 2585 aevum
1119 2529 1418 2598 temporale
1445 2529 1768 2583 celebratur.
1800 2527 2112 2584 [Eternitas

461 2617 521 2670 in
554 2622 838 2687 tempore,
901 2621 965 2670 ut
1022 2616 1268 2687 psalmis
1303 2635 1315 2673 :
1350 2617 1645 2672 Laboravit
1701 2619 1758 2671 in
1815 2627 2108 2687 mtcrnum,

457 2710 510 2760 et
539 2705 682 2760 vivet
714 2707 771 2760 in
796 2706 962 2775 ﬁnem
991 2707 1087 2777 (0).
1114 2711 1416 2761 xEternum
1449 2711 1644 2761 autem
1679 2711 1936 2778 tempus,
1980 2725 2107 2778 quae

453 2795 608 2866 apud
632 2794 1006 2866 Apostolum,
1040 2794 1214 2850 veluti
1242 2812 1254 2850 :
1280 2796 1416 2849 Ante
1437 2804 1680 2866 tempora
1706 2797 2106 2866 secularia(p);

457 2888 544 2939 et:
570 2885 916 2954 Temporibus
935 2886 1174 2940 mternis
1214 2885 1372 2940 taciti
1400 2885 1494 2957 (q).
1531 2885 1686 2939 Acin
1729 2885 1954 2956 Moyse:
1987 2886 2108 2940 Erit

456 2973 560 3027 tibi
583 2989 856 3043 possessus
889 2974 951 3027 in
979 2981 1275 3029 aeternum.
1305 2974 1450 3029 Nota
1481 2990 1632 3040 vero,
1683 2973 1964 3029 saeculum
2016 2975 2104 3029 fu-

456 3066 657 3116 turum
691 3077 817 3117 esse
845 3061 1253 3135 incorruptum
1279 3067 1338 3119 et
1359 3079 1591 3135 semper
1619 3064 1824 3120 eodem
1849 3065 2020 3120 modo
2044 3081 2105 3120 se

456 3149 696 3206 habere.
1953 3161 1978 3176 κ

523 3240 764 3295 Tametsi
789 3241 994 3296 scimus
1024 3241 1090 3296 ab
1125 3243 1271 3312 ipsis.
1310 3241 1458 3312 Ipsis
1516 3241 1786 3298 videlicet
1828 3243 2050 3300 sanctis
2083 3260 2096 3298 :
2133 3213 2176 3279 C

447 3335 587 3384 nota
620 3334 812 3384 autem
841 3332 996 3402 quod
1021 3330 1439 3401 intelligibilia,
1463 3332 1621 3386 entia
1670 3337 1855 3402 vocat,
1888 3332 2104 3402 quibus

449 3419 626 3475 etiam
659 3420 1045 3475 aeternitatem
1078 3426 1498 3489 connumerat;
1544 3421 1790 3476 sensilia
1812 3437 1967 3492 vero,
2001 3438 2102 3492 ge-

452 3508 812 3564 nerationem
849 3509 991 3564 dicit
1015 3526 1266 3580 quorum
1291 3510 1468 3564 etiam
1505 3515 1742 3582 tempus
1775 3527 1904 3566 esse
1925 3510 2103 3582 signi—

448 3597 600 3652 ﬂeat.
627 3598 757 3654 Haec
781 3599 1030 3669 perfecte
1052 3599 1233 3654 habes
1266 3600 1323 3653 in
1352 3599 1540 3670 capite
1572 3599 1799 3670 quinto.

517 3687 631 3740 Non
665 3688 998 3756 simpliciter
1029 3691 1302 3743 coaeterna
1344 3689 1468 3742 Deo.
1519 3688 1968 3758 Sapientissime
2016 3705 2102 3743 se-

450 3790 656 3828 curum
691 3775 878 3829 reddit
911 3776 1239 3831 auditorem
1274 3776 1332 3830 in
1367 3776 1665 3848 religione,
1702 3778 1938 3834 discens
1987 3795 2100 3832 non

446 3862 657 3916 debere
717 3863 1035 3918 existimari
1097 3881 1164 3919 ea
1214 3881 1342 3934 quae
1391 3872 1607 3919 aeterna
1637 3866 1940 3930 dicuntur,
1973 3866 2103 3921 ideo

445 3967 577 4005 esse
611 3956 723 4006 Deo
765 3962 1048 4008 coaeterna
1097 3953 1197 4024 qui
1249 3960 1341 4009 est
1395 3959 1528 4010 ante
1586 3955 1822 4010 saecula.
1854 3956 1924 4009 Et
1970 3955 2098 4025 jam

447 4041 684 4111 quidem
722 4057 902 4110 supra
929 4042 1210 4112 diximus,
1234 4048 1516 4098 aeternum
1553 4044 1784 4114 proprie
1817 4044 1954 4110 dici,
1982 4061 2098 4099 non

448 4128 636 4198 ipsam
669 4130 1076 4197 aeternitatem,
1114 4132 1209 4186 sed
1244 4133 1398 4203 quod
1433 4132 1815 4188 aeternitatem
1863 4133 2103 4204 partici-

447 4223 549 4289 pat
573 4233 585 4271 :
611 4234 746 4289 ergo
771 4237 897 4290 quae
923 4219 1320 4291 intelligibilia
1350 4223 1583 4293 proprie
1605 4226 1661 4278 et
1682 4221 1863 4287 entia,
1892 4226 1956 4276 ut
1978 4238 2103 4292 quae

447 4308 651 4362 eli'ecta
676 4315 816 4363 sunt
840 4309 1219 4378 immortalia,
1250 4314 1308 4365 et
1343 4316 1582 4379 interna,
1611 4315 1674 4365 ut
1708 4327 1838 4382 quin
1882 4311 1974 4366 Dei
2006 4329 2105 4367 vo-

446 4395 671 4452 luntate
703 4397 829 4452 sine
893 4398 1006 4452 ﬁne
1055 4405 1422 4469 permanent,
1455 4400 1646 4455 dicere
1677 4406 1924 4470 oportet,
1975 4408 2103 4456 tan-

445 4501 622 4555 quam
657 4491 712 4540 et
741 4503 774 4540 a
804 4486 920 4541 Deo
972 4487 1276 4557 producta,
1321 4504 1454 4542 cum
1503 4488 1667 4558 prius
1720 4506 1833 4543 non
1881 4496 2100 4546 essent.

2228 1899 2362 1962 λους
2392 1904 2461 1964 τῆ
2483 1900 2709 1972 τοιαύτῃ
2739 1897 2878 1971 λέξει
2903 1897 3281 1973 σημαίνεσθαι,
3309 1899 3384 1962 ὡς
3415 1900 3478 1954 τὸ
3509 1897 3563 1954 ἐν
3589 1898 3889 1969 ταυτότητι

2223 1986 2491 2063 διαμένειν
2516 1983 2763 2064 ἔχοντας.

2293 2168 2500 2231 Αἰῶνος
2550 2169 2809 2241 μεθέξειν.
2854 2170 2976 2226 ’Ότι
3023 2171 3112 2223 καὶ
3166 2165 3322 2231 οὗτος
3371 2171 3399 2224 ὁ
3447 2169 3635 2244 Πατὴρ
3698 2168 3879 2223 αἰῶνα

2221 2253 2484 2330 λαμϐάνει
2515 2259 2652 2312 κατὰ
2672 2259 2759 2312 τὸν
2792 2253 3054 2331 θεολόγον
3089 2257 3414 2334 Γρηγὸριον,
3437 2261 3534 2312 τοῦ
3564 2255 3877 2328 διηνεκοῦς,

2220 2343 2392 2421 ἤγουν
2423 2351 2519 2401 τοῦ
2550 2347 2631 2401 ἀεὶ
2664 2347 2794 2401 εἶναι
2822 2353 2922 2415 τήν
2955 2343 3222 2417 δήλωσιν.

2292 2530 2386 2586 Καὶ
2421 2527 2688 2603 ἓγχρονος
2748 2526 2880 2582 αἰὼν
2915 2525 3216 2600 δοξάζεται.
3248 2533 3557 2603 ’Έγχρονος
3618 2527 3754 2582 αἰὼν
3813 2529 3878 2583 τὸ

2219 2617 2270 2673 ἐν
2330 2616 2596 2691 ψαλμοῖς’
2639 2617 2954 2672 Ἐκοπίασεν
3013 2616 3088 2678 εἰς
3125 2617 3218 2672 τὸν
3277 2617 3448 2672 αἰῶνα
3503 2618 3591 2672 xui
3657 2620 3876 2688 ζήσεται

2217 2706 2294 2770 εἰς
2325 2705 2503 2768 τέλος.
2538 2707 2777 2768 Αἰώνιος
2809 2704 2866 2760 δὲ
2897 2701 3100 2781 χρόνος
3128 2706 3195 2760 τὰ
3223 2706 3369 2780 παρά
3417 2710 3496 2777 τῷ
3530 2705 3877 2779 Ἀποστόλῳ,

2218 2798 2333 2850 οἷον
2361 2797 2443 2850 τό·
2480 2797 2593 2871 ΙΙρὸ
2624 2795 2841 2871 χρόνων
2875 2795 3136 2866 αἰωνίων,
3181 2794 3290 2850 καί·
3353 2796 3590 2868 Χρόνοις
3634 2795 3878 2857 αἰωνίοις

2217 2883 2599 2960 σεσιγημένου·
2631 2884 2720 2938 καὶ
2753 2884 2803 2938 ἐν
2838 2887 3029 2942 Μωσεῖ
3056 2885 3138 2938 τό·
3193 2885 3377 2938 Ἐσται
3428 2904 3512 2938 σοι
3561 2883 3876 2959 κατόχιμος

2215 2973 2292 3035 εἷς
2340 2974 2430 3028 τὸν
2477 2973 2666 3028 αἰῶνα.
2719 2971 3040 3045 Σημείωσαι
3095 2969 3174 3042 δὲ,
3220 2973 3302 3028 ὅτι
3336 2969 3607 3049 ἄφθαρτος
3634 2972 3728 3026 xui
3785 2973 3870 3028 ἀεὶ

2214 3061 2471 3124 ὡσαύτως
2500 3057 2644 3137 ἔχων
2674 3063 2701 3116 ὁ
2737 3059 2958 3135 μέλλων
2991 3060 3148 3116 αἰών.

2287 3246 2353 3300 ’Ἡ
2387 3243 2472 3298 καὶ
2529 3240 2742 3315 μᾶλλον
2791 3240 2946 3314 ἴσμεν
2995 3240 3203 3305 αὐτοῖς.
3264 3241 3462 3305 Αὐτοῖς
3518 3247 3636 3306 τοῖς
3687 3244 3870 3318 ἁγίοις

2215 3330 2496 3402 δηλονότι.
2559 3330 2878 3403 Σημείωσαι
2935 3328 3012 3402 δὲ,
3046 3329 3128 3386 ὅτι
3160 3332 3228 3386 τὰ
3257 3333 3448 3402 νοητὰ,
3507 3327 3636 3386 ὄντα
3688 3332 3872 3401 καλεῖ,

2214 3425 2297 3483 οἷς
2326 3421 2415 3476 xui
2446 3421 2536 3475 τὸν
2573 3420 2744 3474 αἰῶνα
2775 3422 3113 3494 συναριθμεῖ·
3150 3423 3215 3474 τὰ
3245 3417 3302 3475 δὲ
3348 3420 3602 3490 αἰσθητὰ,
3661 3421 3874 3495 γένεσιν

2214 3510 2403 3586 λέγει,
2457 3509 2530 3564 ὧν
2585 3510 2675 3563 xui
2729 3509 2822 3563 τὸν
2888 3509 3090 3584 χρόνον
3155 3509 3288 3564 εἰναι
3348 3509 3638 3582 σημαίνει.
3692 3515 3872 3565 Ταῦτα

2209 3600 2438 3662 τελείως
2469 3595 2614 3674 ἔχεις
2649 3597 2700 3652 ἐν
2731 3595 3011 3675 κεφαλαίῳ
3043 3600 3297 3672 πέμπτῳ.

2284 3689 2408 3764 Οὐχ
2464 3687 2655 3750 ἁπλῶς
2715 3684 2960 3742 συναίδια
3015 3692 3165 3758 Θεῷ.
3238 3689 3538 3766 Σοφώτατα
3591 3708 3874 3765 κατασφα-

2213 3775 2417 3846 λίζεται
2447 3776 2537 3830 τὸν
2567 3776 2835 3849 ἀκροατὴν
2873 3776 2947 3836 εἱς
2977 3770 3272 3843 εὐσέϐειαν,
3327 3776 3544 3852 φᾶσκων
3586 3777 3663 3848 μὴ
3725 3782 3874 3850 χρῆ-

2211 3887 2296 3919 ναι
2349 3865 2593 3919 ὑπονοεῖν
2647 3865 2715 3918 τὰ
2772 3863 3041 3940 λεγόμενα
3091 3864 3307 3936 αἰώνια,
3365 3864 3501 3918 κατὰ
3555 3868 3718 3919 τοῦτο
3779 3865 3873 3918 καὶ

2214 3952 2458 4008 συναίδια
2507 3956 2645 4007 εἶναι
2688 3957 2804 4024 Θεῷ
2851 3957 2930 4024 τῷ
2983 3954 3090 4028 πρὸ
3140 3953 3388 4008 αἰώνων.
3445 3952 3543 4007 Καὶ
3597 3950 3706 4024 ἤδη
3774 3954 3870 4026 μὲν

2213 4046 2316 4118 γὰρ
2349 4041 2459 4098 ἅνω
2491 4043 2782 4116 εἰρήκαμεν
2815 4042 3030 4096 αἰώνιον
3080 4040 3334 4116 λέγεσθαι
3387 4042 3590 4116 κυρίως
3623 4042 3722 4096 οὐκ
3770 4043 3868 4096 αὐ-

2211 4135 2302 4188 τὸν
2334 4133 2425 4187 τὸν
2459 4132 2652 4203 αἰῶνα,
2685 4130 2831 4186 ἀλλὰ
2876 4132 2938 4186 τὸ
2986 4130 3190 4193 αἰῶνος
3242 4129 3496 4207 μετέχοψ
3550 4130 3746 4187 οὐκοῦν
3808 4132 3878 4186 τὰ

2213 4223 2382 4292 νοητὰ
2436 4222 2640 4296 κυρίως
2690 4220 2778 4275 καὶ
2834 4216 2963 4275 ὄντα
3019 4221 3095 4282 ὡς
3155 4220 3394 4274 ἀθάνατα
3440 4219 3729 4297 γενόμενα,
3784 4221 3878 4276 καὶ

2216 4312 2410 4367 αἰώνια
2441 4310 2513 4371 ὠς
2544 4307 2876 4380 ἀτελεύτητα
2905 4307 3168 4384 βουλήσει
3201 4313 3336 4364 Θεοῦ
3370 4305 3700 4381 διαμένοντα
3761 4312 3878 4385 χρὴ

2217 4399 2415 4474 λέγειν,
2449 4400 2538 4453 ἅτε
2585 4399 2675 4452 xui
2729 4397 3076 4473 παραχθέντα
3132 4397 3235 4452 ὑπὸ
3285 4402 3445 4470 Θεοῦ,
3492 4397 3552 4452 οὐ
3611 4398 3878 4474 πρότερον

2217 4487 2360 4543 ὄντα·
2412 4487 2778 4563 κυριολεκτῶν
2815 4485 2872 4540 δὲ
2903 4485 3166 4559 μάλιστα,
3195 4489 3262 4542 τὰ
3307 4491 3415 4541 τῶν
3473 4489 3600 4562 παρ’
3627 4486 3874 4558 ’Ἐλλησι

446 4575 690 4627 Maxime
719 4589 854 4628 vero
889 4575 1142 4644 propriis
1179 4580 1345 4630 utens
1377 4575 1757 4642 dictionibus,
1783 4595 1910 4649 quae
1941 4581 2095 4651 apud

2230 4577 2522 4654 ›ιλοσὸφων
2586 4575 2756 4647 σεμνά
2816 4575 3031 4651 μετάγει
3083 4575 3170 4629 ἐπὶ
3215 4578 3314 4644 τὴν
3368 4571 3644 4630 εὐσέϐειαν
3699 4576 3873 4654 ἀσφα-

444 4659 834 4731 philosophos
865 4679 1084 4732 graecos
1117 4680 1328 4718 arcana
1361 4667 1710 4730 veneranda,
1765 4666 1892 4722 sine
1953 4669 2101 4738 peri-

445 4749 574 4804 culo
606 4751 678 4805 ad
713 4750 1052 4820 religionem
1113 4753 1369 4807 traducit
1423 4771 1435 4809 :
1477 4753 1620 4808 dicit
1682 4757 1901 4826 itaque,
1948 4757 2104 4811 entia

445 4838 686 4909 quidem
718 4856 847 4894 esse
870 4857 934 4895 ac
956 4844 1191 4907 aeterna,
1220 4841 1594 4912 incorporeas
1645 4845 1892 4899 virtutes
1925 4863 1955 4900 a
1987 4846 2103 4901 Deo

447 4934 676 4984 creatas
701 4946 811 4984 non
857 4939 1050 4985 tamen
1096 4930 1209 4985 Deo
1235 4938 1578 4998 comternas,
1605 4933 1758 4988 sicut
1778 4934 1958 4988 Graeci
1993 4952 2104 4989 nu-

449 5024 686 5088 gantur,
722 5019 909 5074 Simul
944 5019 1118 5085 Deus,
1154 5020 1331 5074 simul
1365 5021 1563 5075 omnia
1610 5022 1914 5090 dicentes;
1964 5031 2105 5078 sunt

449 5114 646 5162 autem
679 5125 806 5179 quae
827 5110 1157 5180 gignuntur
1179 5109 1322 5174 hazc,
1344 5110 1556 5176 inquit,
1585 5115 1814 5166 terrena
1837 5129 2100 5183 corpora,

449 5212 575 5265 qua:
606 5203 664 5252 et
704 5201 1137 5266 generationem
1199 5205 1257 5252 et
1314 5200 1750 5270 corruptionem
1785 5203 2101 5272 appellant,

519 5349 594 5420 (g)
628 5350 777 5405 Psal.
809 5369 990 5414 LXXVI.
1021 5354 1075 5406 6.

1156 5352 1231 5423 (ὴ)
1262 5352 1466 5408 Matth.
1499 5370 1692 5418 xxvm,
1724 5356 1813 5408 20.

446 5420 602 5476 lacb.
639 5439 722 5490 ιιι,
758 5424 789 5476 4

864 5423 945 5494 (η)
981 5425 1142 5480 Deut.
1174 5441 1335 5496 χχιιι,
1366 5425 1419 5478 3.
1497 5424 1571 5496 (o)
1606 5425 1753 5480 Psal.
1788 5423 1980 5495 XLViIi,
2012 5430 2066 5482 9.

1893 5355 1958 5426 (i)
1989 5357 2177 5414 Galat.
2203 5375 2241 5425 ι,
2277 5359 2328 5412 li.

2143 5430 2220 5501 (p)
2247 5429 2358 5485 Tit.
2391 5445 2432 5496 ι,
2463 5431 2516 5483 2.

2217 4669 2350 4731 λῶς.
2386 4666 2559 4736 Φησὶν
2583 4665 2698 4731 οὖν,
2731 4661 2861 4718 ὄντα
2888 4665 2982 4738 μὲν
3015 4666 3149 4719 εἶναι
3191 4664 3280 4719 καὶ
3330 4665 3525 4720 αἰώνια
3585 4667 3680 4727 τὰς
3739 4666 3878 4720 ἀσω-

2220 4754 2524 4831 ματώδεις²
2580 4751 2836 4826 δυνάμεις
2896 4754 2999 4807 ὑπὸ
3055 4758 3187 4809 Θεοῦ
3221 4752 3741 4829 δημιουργηθείσας,
3815 4753 3876 4809 οὐ

2219 4847 2326 4920 μὴν
2351 4841 2658 4904 συναϊδίους
2687 4847 2822 4913 Θεῷ,
2859 4843 2932 4906 ὡς
2983 4841 3256 4912 ’Έλληνες
3291 4841 3661 4919 ληρῳδοῦσιν,
3723 4847 3877 4916 ’Ἅμα

2216 4936 2366 5003 Θεὸς,
2429 4937 2542 5006 ἅμα
2597 4933 2788 4995 πάντα,
2823 4931 3096 5007 λέγοντες.
3132 4933 3248 4989 Εἰσὶ
3285 4930 3343 4988 δὶ
3380 4933 3467 4987 xui
3518 4933 3587 4987 τὰ
3614 4932 3879 5007 γινόμενα

2213 5031 2402 5092 ταῦτα,
2437 5023 2592 5098 φησί,
2624 5023 2689 5076 τὰ
2721 5022 2983 5096 πρόσγεια
3026 5023 3275 5093 σώματα,
3338 5022 3369 5076 ἃ
3411 5023 3497 5076 xui
3531 5023 3736 5096 γένεσιν
3788 5022 3877 5077 xui

2216 5116 2420 5192 φθορὰν
2467 5113 2852 5186 ὀνομάζουσιν,
2914 5113 2989 5172 ὡς
3036 5115 3136 5175 τῆς
3190 5113 3541 5184 ὑποστάθμης
3593 5107 3722 5165 ὄντα
3777 5119 3876 5179 τῆς

2215 5205 2376 5272 ὕλης,
2433 5203 2520 5257 καὶ
2580 5201 2862 5275 παχύτερα
2921 5200 3096 5255 πάντα
3153 5200 3220 5255 τὰ
3281 5199 3414 5272 μετὰ
3464 5198 3730 5270 σελήνην.
3760 5200 3875 5255 Εἰσὶ

2409 5357 2480 5425 (lt)
2513 5357 2681 5412 Joan.
2714 5372 2790 5419 νι,
2821 5355 2914 5409 55.
2994 5355 3056 5424 (l)
3101 5355 3149 5410 Il
3201 5354 3330 5410 Cor.
3366 5371 3442 5420 ιν,
3469 5354 3521 5408 4.

2595 5428 2670 5499 (q)
2702 5427 2866 5482 Rom.
2901 5443 3016 5492 xw,
3047 5427 3142 5482 25.

3603 5353 3703 5425 (νη)
3756 5353 3871 5408 Ma-

1462 5579 1693 5634 VARLE
1734 5579 2126 5639 LECTIONES
2165 5582 2258 5639 ET
2297 5579 2860 5639 CORRECTIONES.

525 5683 547 5716 ²
575 5679 918 5755 ἀσωμάτους.
