4062 6366
142 411 237 467 389
890 412 949 465 S.
989 409 1261 463 MAXIM!
1297 407 1605 463 SCHOLlA
1641 408 1720 460 IN
1755 406 1888 460 LIB.
1926 401 2026 460 DE
2064 407 2336 461 DIVINIS
2375 406 2792 464 NOMINIBUS.

3448 411 3554 466 390

143 535 190 591 δὲ
222 535 359 609 μέσα
388 533 543 605 ὄντα,
576 533 707 604 ἤτοι
740 532 974 588 αἰωνίων
1022 531 1113 585 καὶ
1159 531 1485 605 γενομένων,
1515 526 1641 599 ἤτοι
1685 548 1795 583 πα-

1915 529 2061 585 velut
2081 546 2149 585 ea
2169 546 2299 602 quae
2328 530 2386 584 in
2421 531 2686 602 subjecta
2708 531 2997 588 exsistunt
3028 535 3273 590 materia
3297 535 3365 590 ad
3401 551 3557 590 cras-

146 626 383 700 χυτέρων
415 624 509 678 καὶ
560 622 869 698 προσγείων
922 618 1344 693 σωμάτων,τῶν
1398 617 1698 693 γινομένων
1740 637 1799 670 τε

140 715 222 770 καὶ
279 712 701 789 ἀπογινομένων
757 714 975 771 πυκνῶς
1035 708 1110 771 εἴς
1170 707 1371 782 γένεσιν
1431 707 1518 761 καὶ
1570 706 1794 785 φθορὰν,

142 808 281 859 ἅτινα
344 802 485 875 μέσα
541 801 751 856 τούτων
803 804 1030 872 σώματα
1080 798 1174 871 μέν
1214 797 1316 851 εἶσι
1342 797 1431 850 καὶ
1464 795 1616 863 αὐτὰ,
1648 793 1794 863 πλὴν

140 895 216 948 καὶ
251 893 457 955 αἰῶνος
492 890 811 966 μετέχουσι,
842 888 933 943 καὶ
967 889 1171 963 χρόνου
1203 890 1386 947 ποσῶς
1420 905 1433 918 ο
1466 885 1533 939 τὰ
1565 882 1621 939 δὲ
1662 885 1799 957 μέσα

144 983 287 1051 είσὶν,
323 981 560 1056 οὐρανὸς
610 979 700 1034 καὶ
741 977 961 1049 ἀστέρες
1008 978 1203 1038 πάντες
1232 995 1243 1006 ·
1291 976 1519 1048 σώματα
1561 972 1664 1048 γὰρ
1706 970 1796 1027 καὶ

139 1077 319 1139 ταῦτα,
362 1070 409 1124 εἶ
442 1069 535 1124 καὶ
569 1067 1060 1143 λεπτομερέστερα,
1093 1065 1181 1119 καὶ
1211 1072 1312 1134 τῆς
1350 1062 1491 1133 ὕλης
1544 1062 1605 1117 τὸ
1655 1061 1795 1117 εἰλι-

139 1158 504 1230 κρινέστατον,
540 1154 615 1217 ὥς
661 1175 823 1233 φησιν
880 1154 907 1207 6
945 1150 1303 1221 Ἀπὸστολος,
1337 1153 1577 1223 Σώματα
1631 1149 1796 1204 ἐπου-

147 1250 296 1323 ράνια
354 1245 449 1300 καὶ
509 1245 737 1317 σώματα
797 1242 1007 1316 ἐπίγεια
1040 1261 1053 1274 ·
1114 1242 1228 1296 εἶτα
1285 1240 1617 1316 σαφηνίζων,
1666 1238 1798 1293 ποῖά

146 1337 296 1403 εἰσιν,
330 1333 520 1409 ἐπάγει
560 1353 573 1366 ·
604 1332 783 1403 ’Ἄλλη
814 1330 943 1402 δόξα
973 1330 1162 1399 ἡλίου,
1194 1330 1284 1384 καὶ
1344 1327 1489 1399 άλλη
1533 1324 1660 1400 δὸξα
1708 1348 1796 1382 σε-

142 1425 337 1495 λήνης,
370 1424 465 1477 καὶ
518 1419 666 1491 ἄλλη
719 1418 845 1493 δόξα
891 1419 1154 1495 ἀστέρων.
1208 1420 1265 1471 Ὀ
1318 1419 1411 1491 μὲν
1460 1418 1549 1472 οὗν
1593 1417 1799 1471 ἀνώτε-

143 1536 228 1590 ρος
264 1514 498 1584 οὐρανὸς
542 1511 594 1566 ἐν
636 1515 755 1571 τοῖς
802 1509 962 1564 αἱῶσι
1011 1508 1205 1583 γέγονε
1234 1508 1324 1562 καὶ
1355 1510 1389 1576 ἡ
1421 1513 1491 1583 γῆ
1512 1525 1528 1541 ο
1554 1506 1660 1581 πρὸ
1692 1506 1795 1581 γὰρ

142 1609 232 1658 τοῦ
283 1599 597 1661 κτισθέντος
648 1599 826 1674 φωτὸς
893 1602 991 1653 τοῦ
1056 1597 1145 1652 γαὶ
1206 1598 1415 1672 ἡμέρας
1475 1594 1796 1666 κληθέντος,

144 1689 695 1764 ἑδημιουργήθησαν,
728 1688 802 1749 ὥς
831 1708 962 1764 φησι
996 1688 1239 1755 Μωυσῆς
1275 1705 1287 1717 ’
1335 1684 1387 1739 ἐν
1437 1690 1554 1746 τοῖς
1605 1704 1796 1759 χρονι-

140 1786 252 1842 κοῖς
301 1778 663 1851 διαστήμασι,
702 1776 765 1831 τὸ
814 1776 1095 1850 στερέωμα
1138 1775 1225 1829 καὶ
1278 1775 1329 1828 οἱ
1380 1773 1617 1847 ἀστέρες,
1649 1769 1795 1841 πλὴν

142 1868 231 1924 κᾶν
286 1868 523 1939 σώματα
571 1867 662 1920 καὶ
707 1862 943 1940 ἕγχρονα
975 1884 987 1895 ·
1038 1862 1142 1918 εἰσὶ
1188 1864 1288 1937 γὰρ
1356 1864 1445 1917 καὶ
1510 1862 1650 1916 ἁπτὰ
1708 1860 1797 1915 καὶ

152 1957 337 2032 ὁρατὰ,
373 1955 530 2027 ὅμως
564 1953 755 2008 αἰώνια
786 1947 1022 2020 ἔσονται,
1059 1952 1344 2025 μεθέξοντα
1390 1952 1479 2006 καὶ
1529 1950 1663 2005 αὐτὰ
1707 1952 1803 2003 τοῦ

147 2045 364 2115 αἰῶνος,
397 2044 474 2104 ὡς
523 2043 613 2097 καὶ
646 2043 712 2096 τὰ
742 2042 968 2115 σώματα
997 2043 1158 2113 ἡμῶν
1218 2038 1807 2115 μετασχηματιζόμενοι

154 2134 227 2196 εἷς
257 2132 570 2211 ἀφθαρσίαν
602 2135 643 2168 ³*
680 2131 755 2193 ὡς
785 2130 874 2184 καὶ
906 2132 934 2184 ὁ
963 2127 1300 2190 Ἀπόστολος
1336 2126 1522 2199 δηλοῖ,
1553 2128 1616 2181 τὸ
1664 2134 1805 2203 σχῆ-

150 2244 218 2295 μα
268 2222 448 2297 λέγων
502 2219 758 2295 παράγειν
805 2222 902 2272 τοῦ
950 2218 1160 2291 κόσμου
1206 2218 1425 2289 τούτου,
1459 2216 1519 2270 οὐ
1570 2217 1661 2270 τὸν
1709 2216 1806 2270 κό-

147 2332 277 2383 σμον
316 2332 329 2345 ο
369 2308 457 2363 διὸ
506 2309 748 2383 καὶπερὶ
798 2312 903 2361 τῶν
958 2306 1133 2380 μέσων
1167 2306 1373 2360 τούτων
1425 2304 1692 2378 σωμάτων
1727 2303 1805 2359 εἷί-

148 2421 305 2475 ρηται
370 2398 423 2452 ὲν
485 2396 734 2470 ψαλμοῖς
769 2414 782 2427 ⁸
844 2402 1106 2465 ’Ἑστησεν
1167 2394 1301 2449 αὐτὰ
1350 2395 1425 2457 εἷς
1465 2393 1555 2448 τὸν
1610 2393 1805 2465 αῗῶνα,

146 2490 231 2544 καὶ
288 2487 367 2549 εἷς
416 2488 510 2541 τὸν
564 2485 736 2540 αἰῶνα
793 2489 888 2539 τοῦ
941 2484 1138 2545 αἰῶνος
1173 2504 1186 2517 ·
1247 2483 1568 2557 πρόσταγμα
1633 2477 1801 2555 ἔθετο,

144 2579 224 2632 καὶ
280 2576 346 2631 οὐ
398 2573 814 2649 παρελεύσεται.
869 2573 1185 2647 Σημείωσαι
1236 2571 1326 2626 οὖν
1387 2571 1470 2626 ὅτι
1532 2573 1583 2624 οἱ
1650 2571 1801 2625 ἀστέ-

145 2687 249 2740 ρες,
284 2664 377 2719 καὶ
436 2666 465 2718 ὁ
515 2662 698 2735 ἥλιος,
726 2663 814 2717 καὶ
861 2664 895 2731 ἡ
953 2660 1184 2732 σελήνη,
1216 2660 1305 2716 καὶ
1355 2662 1382 2714 ὁ
1415 2660 1658 2735 οὐρανὸς,
1692 2661 1803 2714 σώ-

150 2775 285 2827 ματα
366 2752 463 2825 μέν
541 2751 643 2805 εἶ’σι
721 2748 1211 2824 λεπτομερέστερα,
1270 2749 1502 2804 ἀθάνατα
1552 2746 1610 2803 δε
1670 2752 1803 2803 Θεοῦ

153 2841 418 2917 βουλήσει
451 2841 722 2916 ἐγένοντο,
756 2841 831 2903 ὡς
860 2839 948 2894 καὶ
979 2838 1044 2893 τὰ
1075 2840 1303 2911 σώματα
1350 2842 1510 2911 ἡμῶν
1560 2837 1803 2913 γίνονται

150 2932 279 3005 μετὰ
322 2933 427 3000 τήν
460 2929 766 2987 ἀνάστασιν.
801 2926 1028 2989 ’Ἄλλως
1062 2946 1075 2959 ⁶
1111 2928 1263 2985 Μέσα
1311 2925 1478 2982 ὄντων
1530 2927 1620 2981 καὶ
1660 2946 1805 3002 γινο-

151 3022 322 3093 μένων
356 3018 623 3095 ἀγγέλους
652 3016 752 3095 ἔφη
784 3018 875 3071 καὶ
906 3018 1106 3092 ψυχὰς,
1138 3017 1215 3085 πή
1272 3017 1390 3088 μὶν,
1425 3016 1623 3079 αἲῶνος
1674 3037 1803 3089 μετ-

149 3110 365 3186 έχοντα,
400 3106 493 3163 διὰ
540 3108 603 3162 τὸ
648 3108 915 3181 ἄφθαρτον
965 3106 1054 3160 καὶ
1104 3104 1387 3177 ἀθάνατον,
1426 3106 1503 3173 πὴ
1555 3103 1612 3160 δε
1663 3105 1803 3179 χρό·

146 3220 257 3269 νου,
307 3196 401 3251 διὰ
445 3198 509 3251 τὸ
558 3194 609 3249 ἐν
649 3196 849 3271 γενέσει
911 3195 1133 3268 ὁρᾶσθαι
1170 3215 1183 3228 ο
1227 3192 1311 3249 διὸ
1357 3198 1525 3248 ταῦτα
1572 3192 1806 3270 ἔγχρονα

1774 1914 1881 1979 πΒ

1906 619 2063 673 siora
2094 620 2291 674 omnia
2330 619 2700 675 sublunaria.
2734 622 2883 676 Sunt
2928 639 3063 678 vero
3111 624 3304 679 media
3351 640 3553 679 eorum

1906 725 2033 778 quae
2065 713 2224 777 sunt,
2250 709 2370 763 sive
2401 714 2748 764 aeternorum
2774 714 2830 765 et
2849 727 3048 766 eorum
3080 729 3205 782 quae
3231 713 3398 780 fiunt,
3433 713 3553 768 sive

1907 795 2264 851 crassiorum
2294 802 2351 851 et
2383 804 2742 853 terrenorum
2777 815 3109 870 corporum,
3135 817 3259 871 quae
3294 819 3552 857 nascun-

1905 888 2004 938 tur
2046 889 2102 940 et
2146 885 2545 941 denascuntur
2594 887 2926 958 frequenter
2975 887 3035 942 in
3085 890 3453 959 generatione
3486 908 3550 945 ac

1907 973 2315 1044 corruptione:
2342 990 2467 1045 quaa
2493 974 2701 1030 borum
2728 978 2935 1047 media,
2956 982 3091 1032 sunt
3114 977 3350 1049 quidem
3372 980 3548 1035 etiam

1908 1079 2171 1133 corpora,
2224 1063 2367 1134 quin
2424 1063 2599 1118 etiam
2651 1066 3034 1121 aeternitatem
3086 1067 3458 1138 participant,
3502 1073 3559 1123 et

1907 1152 2188 1223 temporis
2235 1169 2474 1223 parum;
2525 1154 2719 1208 media
2760 1171 2897 1209 vero
2947 1160 3106 1222 sunt,
3138 1156 3369 1223 malum,
3403 1158 3557 1213 214

1908 1245 1963 1296 et
1994 1246 2152 1294 astra
2197 1241 2469 1296 universa
2502 1257 2512 1294 :
2550 1247 2688 1296 sunt
2719 1244 2875 1297 enim
2928 1244 3105 1299 etiam
3156 1262 3418 1316 corpora,
3453 1247 3560 1302 etsi

1906 1329 2278 1384 tenuioribus
2309 1336 2577 1385 constent
2606 1332 2893 1401 partibus,
2915 1334 3155 1405 sintque
3179 1336 3433 1390 materies
3468 1338 3562 1391 de-

1910 1419 2369 1489 fzecatissimum,
2395 1424 2457 1474 ut
2490 1419 2750 1490 loquitur
2772 1422 3086 1492 Apostolus
3130 1440 3141 1477 :
3185 1427 3431 1496 Corpora
3461 1442 3561 1480 cre-

1910 1508 2065 1564 lestia
2084 1513 2139 1563 et
2158 1525 2389 1578 corpora
2412 1513 2699 1565 terrestria
2723 1512 2799 1581 (ν)
2826 1528 2836 1565 :
2865 1518 3066 1583 postea
3087 1513 3412 1579 declarans,
3428 1532 3562 1585 qua-

1911 1597 1989 1653 lia
2018 1598 2139 1653 sint
2170 1599 2367 1654 addit:
2393 1599 2518 1654 Alia
2548 1600 2732 1668 gloria
2766 1599 2913 1667 solis,
2944 1609 2993 1656 et
3021 1601 3146 1657 alia
3175 1604 3357 1671 gloria
3389 1605 3561 1672 lunae,

1911 1696 1960 1742 et
1979 1687 2095 1742 alia
2116 1687 2299 1756 gloria
2319 1690 2608 1743 stellarum
2629 1675 2718 1761 (ὲ).
2744 1691 2942 1759 Itaque
2964 1691 3173 1746 cretum
3195 1710 3561 1763 supremum,

1911 1779 1967 1831 et
1995 1776 2234 1831 terrain
2269 1777 2698 1832 aeternitatibus
2730 1779 2997 1845 fuerunt;
3032 1797 3167 1835 nam
3200 1786 3394 1837 creata
3425 1787 3565 1838 sunt

1913 1864 2259 1936 priusquam
2292 1864 2517 1932 lumen,
2551 1867 2706 1936 quod
2758 1867 2933 1921 etiam
2987 1873 3257 1923 vocatum
3295 1875 3385 1925 est
3414 1871 3561 1938 dies,

1912 1959 2227 2023 crearetur,
2262 1953 2415 2009 sicut
2465 1955 2605 2009 dicit
2655 1955 2916 2027 Moyses;
2953 1956 3011 2010 in
3043 1963 3375 2027 temporum
3428 1977 3564 2015 vero

1915 2042 2143 2113 spatiis,
2170 2043 2609 2099 ﬁrmamentum
2635 2051 2691 2098 et
2722 2045 3201 2115 stellaa,quamvis
3234 2064 3477 2120 corpora
3508 2053 3566 2103 et
3638 2088 3641 2091 »

1914 2132 2307 2203 temporaria:
2335 2138 2473 2187 sunt
2503 2133 2658 2187 enim
2691 2133 2998 2205 tangibilia
3030 2151 3094 2189 ac
3115 2135 3386 2206 visibilia,
3409 2138 3569 2209 pari-

1914 2227 2003 2277 ter
2032 2228 2247 2278 aaterna
2278 2227 2470 2290 erunt,
2498 2238 2565 2277 ea.
2596 2240 2830 2295 quoque
2861 2224 3305 2296 participabunt
3336 2228 3569 2283 aeterni-

1914 2318 2117 2381 tatem,
2151 2313 2305 2366 sicut
2349 2328 2591 2380 corpora
2623 2317 2843 2380 nostra,
2877 2315 3012 2367 dum
3068 2315 3125 2367 in
3175 2314 3569 2387 incorruptio-

1918 2417 2050 2456 nem
2096 2402 2619 2471 transﬁgurantur,
2651 2402 3149 2471 quemadmodum
3199 2404 3373 2458 etiam
3412 2407 3569 2478 Apo-

1916 2490 2103 2544 stolus
2136 2487 2413 2556 declarat,
2448 2489 2650 2543 dicens
2682 2490 2932 2559 ﬁguram
2967 2490 3145 2561 hujus
3179 2492 3385 2546 mundi
3420 2511 3567 2564 prae-

1915 2577 2089 2633 terire
2110 2578 2193 2649 (ι),
2220 2594 2335 2632 non
2370 2578 2655 2631 mundum
2687 2594 2699 2631 :
2726 2579 2855 2632 ideo
2891 2578 2961 2632 de
2993 2579 3202 2634 mediis
3236 2580 3329 2635 his
3362 2599 3564 2653 corpo-

1915 2667 2080 2722 ribus
2110 2666 2326 2721 dicitur
2356 2666 2413 2720 in
2456 2666 2697 2737 psalmis
2727 2685 2739 2722 :
2774 2666 2978 2722 Statuit
3009 2684 3073 2722 ea
3104 2670 3163 2722 in
3205 2675 3480 2725 mtcrnum
3513 2682 3564 2727 el

1915 2757 1975 2809 in
2003 2756 2274 2813 sarculum
2301 2756 2530 2817 saeculi;
2559 2766 2892 2826 praeceptum
2922 2759 3126 2827 posuit,
3151 2761 3202 2812 el
3230 2774 3339 2813 non
3366 2766 3568 2830 priris-

1913 2844 2051 2899 ribil
2073 2844 2174 2916 (α).
2201 2843 2350 2898 Nota
2382 2842 2564 2915 igitur
2588 2844 2739 2913 quod
2767 2842 2970 2910 stellae,
2997 2850 3052 2898 et
3075 2844 3181 2911 sol,
3210 2852 3383 2917 atque
3404 2847 3567 2919 luna,

1912 2948 2017 2987 nec
2047 2948 2161 2986 non
2195 2930 2425 3000 coelum,
2458 2936 2596 2985 sunt
2627 2932 2866 3003 quidem
2909 2949 3153 3004 corpora
3202 2936 3570 2992 tenuioribus

1913 3021 2180 3093 partibus
2234 3022 2595 3089 constantia;
2660 3022 2753 3075 Dei
2815 3028 3009 3078 autem
3058 3024 3356 3081 voluntate
3418 3030 3569 3086 facta

1914 3116 2055 3165 sunt
2101 3107 2476 3179 immortalia,
2511 3109 2663 3163 sicut
2692 3109 2867 3164 etiam
2902 3126 3146 3182 corpora
3196 3119 3399 3169 nostra
3427 3117 3541 3172 fien

1912 3204 2045 3269 post
2063 3196 2573 3252 resurrectionem.
2590 3196 2799 3253 Aliter:
2816 3198 3007 3254 Media
3022 3216 3224 3255 eorum
3249 3218 3375 3273 quae
3398 3210 3559 3276 sunt,

145 3289 227 3342 καὶ
256 3286 460 3342 αἰώνιά
490 3306 623 3362 φησι
656 3305 670 3317 ⁵
703 3290 933 3358 προεῖπε
961 3285 1062 3360 γὰρ
1109 3283 1176 3338 τὰ
1227 3285 1455 3356 μένοντα
1502 3288 1582 3355 τῷ
1640 3284 1797 3337 αἰῶνι

1915 3291 1965 3342 et
1986 3304 2113 3357 quae
2137 3286 2307 3350 fiunt,
2330 3285 2473 3339 dicit
2499 3285 2738 3355 angelos
2762 3303 2826 3341 ac
2850 3288 3099 3353 animas,
3128 3306 3254 3359 quae
3278 3293 3567 3361 quodam-

149 3375 479 3448 δηλοῦσθαι,
509 3375 784 3429 τουτέστιν
834 3372 933 3428 ὅσα
976 3372 1099 3446 περὶ
1143 3378 1277 3427 Θεοῦ
1324 3373 1539 3446 λέγεται
1572 3392 1584 3405 ο
1635 3372 1701 3425 τὰ
1743 3370 1800 3426 δὲ

149 3467 195 3521 ἐν
243 3468 454 3541 γενέσει
501 3469 581 3536 τῷ
630 3464 817 3539 χρόνῳ
850 3482 862 3496 ’
897 3463 945 3517 εἲ
993 3463 1082 3517 καὶ
1133 3462 1428 3525 ἀκούοντας
1477 3461 1672 3516 αἰώνια
1710 3463 1799 3516 καὶ

148 3554 403 3631 ἔγχρονα,
439 3555 555 3627 οὐχ
582 3551 771 3615 ἁπλῶς
805 3552 947 3607 οὕτω
975 3556 1143 3607 ταῦτα
1181 3547 1477 3625 λαμϐάνειν
1531 3552 1668 3627 χρὴ,
1701 3550 1798 3604 ἆλ-

150 3644 214 3699 λὰ
242 3644 381 3699 κατὰ
409 3642 540 3705 τοὺς
584 3640 1051 3716 συνεγνωσμίνους
1098 3640 1283 3705 αὐτοῖς
1326 3640 1563 3714 τρόπους
1613 3639 1798 3717 φησὶν,

149 3733 314 3811 ἤγουν
345 3732 475 3796 τοὺς
503 3738 686 3811 σαφῶς
714 3732 1154 3805 πιστευομένους.

1910 3375 2081 3428 modo
2131 3374 2369 3443 quidem
2421 3374 2694 3427 videntur
2750 3375 3136 3429 aeternitatem
3190 3379 3563 3451 participare,

1912 3461 2049 3532 quia
2098 3462 2341 3516 minime
2384 3462 2681 3531 corrumpi
2728 3479 2793 3517 ac
2842 3462 3080 3518 interire
3130 3472 3383 3535 queunt;
3418 3485 3562 3540 quo-

1911 3551 2226 3605 dammodo
2257 3553 2477 3617 autem,
2510 3554 2748 3621 tempus
2799 3551 3168 3622 participare,
3194 3555 3329 3623 quia
3361 3573 3563 3611 crean-

1910 3644 2009 3695 tur
2053 3656 2066 3694 :
2114 3638 2327 3693 idcirco
2380 3639 2501 3693 haec
2550 3644 2716 3694 vocat
2766 3642 3121 3712 temporaria
3167 3660 3233 3697 ac
3298 3650 3561 3703 aeterna:

1912 3733 2083 3783 antea
2114 3727 2271 3781 enim
2325 3726 2469 3782 dixit
2506 3726 2570 3779 τὰ
2614 3724 3312 3800 μὲνοντα,’ρθνιηηηεηιὶα,
3370 3734 3425 3788 id
3475 3741 3566 3790 est

152 3842 275 3897 qua:
307 3826 379 3880 de
412 3825 531 3880 Deo
564 3825 861 3891 dicuntur,
895 3821 1215 3894 signiﬁcari
1264 3838 1366 3893 per
1393 3824 1472 3891 τῷ
1504 3817 1657 3873 αἷῶνι
1692 3836 1703 3875 :
1740 3834 1867 3890 quae
1917 3821 2112 3871 autem
2144 3816 2472 3886 gignuntur
2502 3832 2603 3885 per
2630 3818 2709 3886 τῷ
2740 3814 2968 3889 χρόνῳε
3004 3819 3113 3874 etsi
3164 3820 3264 3890 qui
3312 3822 3566 3878 audiunt

152 3913 344 3967 αἲώνια
376 3913 469 3967 καὶ
503 3910 743 3987 ἔγχρονα
774 3918 990 3967 aeterna
1019 3918 1075 3967 et
1104 3910 1478 3983 temporaria,
1512 3927 1627 3966 non
1675 3909 1927 3964 debeant
1974 3904 2321 3976 simpliciter
2371 3904 2492 3960 hinc
2523 3922 2749 3977 capere,
2791 3907 2889 3961 sed
2934 3908 3105 3977 juxta
3152 3911 3418 3981 cognitos
3449 3912 3563 3967 sibi

155 4004 378 4070 modos,
413 4002 627 4072 inquit,
665 4016 765 4055 seu
803 3999 1109 4054 manifeste
1140 4000 1411 4054 creditos.

622 4129 736 4178 ΕΙΣ
779 4124 872 4179 ΤΟ
916 4127 1171 4177 ΚΕΦΑΛ.
1219 4125 1322 4180 ΙΑ’.

228 4219 253 4284 §
294 4221 333 4269 Ι.
390 4212 874 4288 ’Ᾱρχισυνάγωγον
920 4211 1166 4288 εἰρήνην.
1214 4212 1535 4284 Σημείωσαι
1586 4210 1667 4263 ὅτι
1714 4210 1805 4263 τὸν

160 4306 280 4359 Θεὸν
313 4303 567 4358 ἐκάλεσεν
602 4302 1047 4378 ἀρχισυνάγωγον
1085 4321 1097 4333 ⁸
1129 4301 1192 4356 τὸ
1222 4298 1277 4355 δὲ
1311 4301 1558 4374 μεριστὸν
1593 4298 1807 4369 πλῆθος

157 4394 347 4463 νόησον
380 4392 445 4447 τὸ
480 4390 764 4461 αἰσθητόν.

228 4484 320 4545 Εἷς
348 4485 449 4552 τήν
485 4480 623 4551 ὅλην
656 4480 903 4553 ἑνότητα.
936 4483 1112 4552 ’Ὁλην
1165 4480 1391 4551 ἑνότητα
1437 4481 1488 4535 οἳ
1532 4482 1625 4553 μὲν
1676 4474 1804 4533 ἕλα-

160 4567 251 4625 ϐον
306 4574 408 4640 τὴν
460 4569 643 4640 ἁπλῆν
686 4571 774 4625 καὶ
826 4571 1001 4646 ἀμερῆ
1056 4575 1162 4625 τῶν
1220 4566 1386 4624 ὄντων
1435 4568 1628 4638 αἰτίαν,
1670 4567 1807 4643 πρὸς

159 4663 220 4730 ἦν
265 4662 328 4715 τὰ
375 4658 550 4716 πᾶντα
603 4660 985 4735 έπέστραπται,
1017 4661 1089 4721 ὡς
1131 4659 1181 4713 ἐν
1230 4660 1367 4733 αὐτῇ
1412 4658 1801 4731 συνιστάμενα·

162 4752 215 4803 οἱ
269 4748 322 4805 δὲ
377 4752 477 4819 τήν
532 4754 628 4804 τοῦ
686 4749 887 4812 παντὸς
934 4749 1193 4824 ἁρμονίαν
1248 4748 1297 4818 ἐξ
1341 4750 1641 4826 ὲτεροφυῶν
1696 4750 1801 4800 τῶν

163 4839 441 4915 στοιχείων
468 4836 902 4912 συγκεκραμένην
940 4856 951 4868 '
988 4834 1071 4891 διὸ
1102 4837 1191 4891 καὶ
1236 4838 1480 4909 πόλεμον
1536 4834 1802 4912 ἐμφύλιον

165 4927 406 5001 ὠνόμασε
453 4928 553 4996 τὴν
603 4931 709 4981 τῶν
762 4926 813 4981 ἐν
856 4927 1040 4988 αὐτοῖς
1090 4929 1399 4997 ποιοτήτων
1433 4926 1802 4995 ἐναντιότητα,

164 5022 363 5090 θερμοῦ
394 5018 529 5091 πρὸς
562 5016 799 5091 ψυχρὸν,
831 5017 920 5070 καὶ
954 5017 1122 5091 ὑγροῦ
1162 5017 1296 5091 πρὸς
1342 5016 1530 5087 ξηρὸν,
1562 5015 1649 5068 καὶ
1698 5019 1803 5069 τῶν

164 5102 342 5160 ἄλλων
392 5106 622 5179 ὁμοίως,
676 5108 807 5181 ἅπερ
861 5104 935 5167 εἷς
985 5106 1102 5168 ἑνὸς
1146 5106 1355 5179 κόσμου
1408 5102 1807 5176 συμπλήρωσιν

163 5193 381 5259 ἥνωται.
419 5197 439 5230 δ

238 5323 301 5393 (r)
335 5325 353 5379 Ι
383 5323 513 5379 Cor.
546 5340 640 5392 xv,
673 5324 759 5377 40.
840 5322 904 5393 (s)
938 5321 1111 5389 lbid.,
1146 5323 1235 5378 41,

1313 5322 1374 5393 (ι)
1413 5322 1431 5376 Ι
1464 5321 1590 5376 Cor.
1622 5337 1722 5389 vn,
1757 5320 1846 5375 31.

2545 4117 2617 4172 ΙΝ
2659 4117 2812 4172 CAP.
2855 4118 2945 4174 XI.

1987 4212 2014 4277 §
2052 4209 2089 4264 Ι.
2137 4208 2334 4261 Pacem
2381 4206 2799 4262 conciliationis
2850 4211 3182 4280 principem.
3216 4212 3363 4267 Nota
3413 4214 3571 4283 quod

1916 4302 2082 4352 vocet
2118 4302 2292 4351 Deum
2329 4295 2677 4350 conciliandi
2722 4298 3039 4368 principem
3082 4316 3094 4353 :
3142 4316 3241 4370 per
3270 4302 3573 4357 dividuam

1916 4386 2360 4442 multitudinem
2396 4384 2658 4456 intellige
2688 4385 2744 4440 id
2779 4389 2933 4457 quod
2968 4387 3266 4444 sensibile.

1987 4476 2065 4531 Ad
2108 4479 2387 4546 integram
2436 4477 2725 4531 unitatem.
2781 4478 2894 4532 Alii
2947 4481 3184 4550 quidem
3239 4497 3340 4552 per
3388 4485 3572 4537 totam

1918 4569 2205 4623 unitatem
2256 4565 2669 4622 intellexerunt
2711 4569 3037 4641 simplicem
3092 4589 3157 4626 ac
3207 4572 3572 4629 individuam

1915 4674 2110 4714 rerum
2146 4674 2411 4725 causam,
2440 4657 2511 4711 ad
2547 4674 2722 4727 quam
2759 4660 2952 4714 omnia
2988 4678 3269 4717 conversa
3312 4667 3471 4731 sunt,
3507 4667 3575 4718 ut

1915 4747 1974 4801 in
2001 4747 2127 4817 ipsa
2150 4744 2561 4813 consistentia;
2588 4745 2686 4799 alii
2711 4764 2841 4802 vero
2869 4766 3204 4821 compagem
3230 4750 3485 4806 universi
3507 4767 3576 4805 ex

1916 4835 2223 4891 elementis
2256 4834 2498 4889 diversae
2531 4842 2753 4890 naturae
2785 4839 3157 4894 commistam
3187 4856 3201 4894 :
3238 4840 3366 4895 ideo
3398 4840 3573 4895 etiam

1917 4924 2241 4981 nominavit
2271 4923 2492 4980 bellum
2538 4924 2907 4993 intestinum,
2941 4945 3141 4983 earum
3176 4946 3301 4998 quae
3334 4929 3393 4983 in
3425 4929 3573 4998 ipsis

1917 5014 2271 5087 qualitatum
2295 5014 2443 5070 215
2472 5015 3160 5083 contrarietatem,calidi
3192 5033 3325 5072 cum
3360 5017 3573 5089 frigido

1917 5112 1973 5161 et
2003 5104 2233 5160 humidi
2265 5120 2400 5159 cum
2434 5106 2619 5173 sicco;
2653 5111 2710 5161 et
2740 5107 3015 5163 similiter
3046 5107 3318 5176 aliorum,
3340 5124 3467 5179 quae
3501 5110 3575 5164 ad

1917 5196 2094 5250 unius
2127 5195 2332 5249 mundi
2364 5194 2860 5266 complementum
2892 5198 3204 5251 uniuntur.

1923 5320 2006 5393 (ιι)
2040 5320 2194 5377 Psal.
2227 5338 2458 5390 CXLVIII,
2492 5323 2547 5375 6.

1166 5463 1407 5520 VARl/E
1447 5462 1839 5519 LECTIONES
1878 5462 1969 5520 ET
2004 5462 2567 5521 CORRECTIONES.

240 5566 257 5599 ³
285 5561 591 5621 ἀθανασίαν.
667 5565 689 5598 ’⁸
718 5563 808 5639 καὶ
835 5566 1006 5639 ταῦτα
1037 5564 1142 5638 γὰρ
1174 5565 1216 5639 ἡ.
1240 5563 1464 5639 μετοχῇ-
1484 5568 1582 5639 τῆς
1616 5561 1769 5639 ρείας-
1791 5561 2016 5639 εἰρήνης
2048 5564 2184 5639 πρᾷς
2218 5560 2952 5639 μίανιὰρμονίαν-συνάπτει.
2985 5564 3331 5639 Ἥίπόλεμον
3358 5566 3568 5639 νόησον

169 5634 254 5687 τὸν
304 5640 541 5714 φυσικῶς
596 5640 713 5696 τοῖς
770 5633 1082 5707 ἀσωμάτοις
1114 5633 1275 5714 ’πρὸς
1306 5633 1579 5714 ἰα”ὑλικξι
1628 5633 2047 5714 ἐγκείμενον-’.Ἡ
2090 5633 2189 5709 γὰρ
2221 5633 2389 5714 σὰρξ,
2414 5633 2614 5714 φησὶν,
2647 5634 2902 5714 έπιβυμεῖ
2950 5638 3085 5691 κατὰ
3111 5642 3210 5714 τοῦ
3231 5633 3569 5714 πνεύματος,

173 5708 255 5761 καὶ
281 5705 339 5764 τὸ
368 5713 581 5782 πνεῦμα
608 5707 744 5762 κατὰ
789 5705 900 5777 τῆς
918 5709 1112 5785 σαρκός
1146 5705 1280 5762 (καὶ
1310 5709 1400 5762 τὸν
1426 5705 1676 5762 τοιοῦτον
1719 5708 1820 5781 γὰρ
1873 5705 2118 5780 πόλεμον

2171 5710 2204 5776 ἡ
2250 5708 2363 5763 θεία
2417 5706 2608 5781 εῗρήνη
2660 5706 2819 5781 πρὸς
2851 5706 3038 5764 ἕνωσιν
3100 5707 3232 5767 ἄνει.
3272 5706 3573 5788 Πρεσϐυτὲέ-
