  <div class='ocr_page' id='page_1' title='image "/cluster/home/n/w/nwhite01/storage/ocr_20150623/4/mdp.39015078384529/206.png"; bbox 0 0 4062 6366; ppageno 0'>
   <div class='ocr_carea' id='block_1_1' title="bbox 156 429 252 483">
    <p class='ocr_par' dir='ltr' id='par_1_1' title="bbox 156 429 252 483">
     <span class='ocr_line' id='line_1_1' title="bbox 156 429 252 483; baseline -0.01 0"><span class='ocrx_word' id='word_1_1' title='bbox 156 429 252 483; x_wconf 83' lang='grc'><strong>393</strong></span> 
     </span>
    </p>
   </div>
   <div class='ocr_carea' id='block_1_2' title="bbox 219 547 1585 626">
    <p class='ocr_par' dir='ltr' id='par_1_2' title="bbox 219 547 1585 626">
     <span class='ocr_line' id='line_1_2' title="bbox 219 547 1585 626; baseline -0.001 -20"><span class='ocrx_word' id='word_1_2' title='bbox 219 552 318 607; x_wconf 85' lang='grc' dir='ltr'><strong>Ἤν</strong></span> <span class='ocrx_word' id='word_1_3' title='bbox 408 551 437 603; x_wconf 82' lang='grc' dir='ltr'>ὁ</span> <span class='ocrx_word' id='word_1_4' title='bbox 523 550 676 625; x_wconf 70' lang='grc' dir='ltr'>ἱερὸς</span> <span class='ocrx_word' id='word_1_5' title='bbox 753 553 986 614; x_wconf 78' lang='grc' dir='ltr'><strong>Ἰοῦστος</strong></span> <span class='ocrx_word' id='word_1_6' title='bbox 1052 550 1333 626; x_wconf 78' lang='grc' dir='ltr'>ἀφθεγξίαν</span> <span class='ocrx_word' id='word_1_7' title='bbox 1407 547 1585 605; x_wconf 86' lang='grc' dir='ltr'>καλεῖ.</span> 
     </span>
    </p>
   </div>
   <div class='ocr_carea' id='block_1_3' title="bbox 158 637 1810 713">
    <p class='ocr_par' dir='ltr' id='par_1_3' title="bbox 158 637 1810 713">
     <span class='ocr_line' id='line_1_3' title="bbox 158 637 1810 713; baseline -0.001 -20"><span class='ocrx_word' id='word_1_8' title='bbox 158 639 408 713; x_wconf 79' lang='grc' dir='ltr'>μείωσαι]</span> <span class='ocrx_word' id='word_1_9' title='bbox 437 638 564 713; x_wconf 82' lang='grc' dir='ltr'><strong>περῖ</strong></span> <span class='ocrx_word' id='word_1_10' title='bbox 625 638 887 708; x_wconf 69' lang='grc' dir='ltr'>Ἰούστου,</span> <span class='ocrx_word' id='word_1_11' title='bbox 920 640 1011 694; x_wconf 83' lang='grc' dir='ltr'><strong>καὶ</strong></span> <span class='ocrx_word' id='word_1_12' title='bbox 1071 639 1154 695; x_wconf 82' lang='grc' dir='ltr'>ὅτι</span> <span class='ocrx_word' id='word_1_13' title='bbox 1184 642 1282 710; x_wconf 83' lang='grc' dir='ltr'>τήν</span> <span class='ocrx_word' id='word_1_14' title='bbox 1336 644 1432 694; x_wconf 74' lang='grc' dir='ltr'>τοῦ</span> <span class='ocrx_word' id='word_1_15' title='bbox 1465 639 1612 702; x_wconf 84' lang='grc' dir='ltr'>θείου</span> <span class='ocrx_word' id='word_1_16' title='bbox 1662 637 1810 712; x_wconf 77' lang='grc' dir='ltr'>είρή·</span> 
     </span>
    </p>
   </div>
   <div class='ocr_carea' id='block_1_4' title="bbox 155 723 1810 804">
    <p class='ocr_par' dir='ltr' id='par_1_4' title="bbox 155 723 1810 804">
     <span class='ocr_line' id='line_1_4' title="bbox 155 723 1810 804; baseline -0.002 -22"><span class='ocrx_word' id='word_1_17' title='bbox 155 751 244 797; x_wconf 70' lang='grc' dir='ltr'><strong>νην</strong></span> <span class='ocrx_word' id='word_1_18' title='bbox 296 727 585 804; x_wconf 67' lang='grc' dir='ltr'>ἀφθεγξίαν</span> <span class='ocrx_word' id='word_1_19' title='bbox 651 727 740 783; x_wconf 82' lang='grc' dir='ltr'><strong>καὶ</strong></span> <span class='ocrx_word' id='word_1_20' title='bbox 789 728 1077 799; x_wconf 75' lang='grc' dir='ltr'><strong>ἀκινησίαν</strong></span> <span class='ocrx_word' id='word_1_21' title='bbox 1137 729 1435 801; x_wconf 79' lang='grc' dir='ltr'>ὀνομᾶζει.</span> <span class='ocrx_word' id='word_1_22' title='bbox 1488 727 1695 782; x_wconf 68' lang='grc' dir='ltr'>Τούτου</span> <span class='ocrx_word' id='word_1_23' title='bbox 1754 723 1810 780; x_wconf 75' lang='grc' dir='ltr'><strong>δὲ</strong></span> 
     </span>
    </p>
   </div>
   <div class='ocr_carea' id='block_1_5' title="bbox 154 814 1808 892">
    <p class='ocr_par' dir='ltr' id='par_1_5' title="bbox 154 814 1808 892">
     <span class='ocr_line' id='line_1_5' title="bbox 154 814 1808 892; baseline -0.003 -20"><span class='ocrx_word' id='word_1_24' title='bbox 154 823 242 872; x_wconf 69' lang='grc' dir='ltr'>τοῦ</span> <span class='ocrx_word' id='word_1_25' title='bbox 272 817 430 889; x_wconf 83' lang='grc' dir='ltr'>ἁγίου</span> <span class='ocrx_word' id='word_1_26' title='bbox 463 816 704 874; x_wconf 72' lang='grc' dir='ltr'>Ἰούστου</span> <span class='ocrx_word' id='word_1_27' title='bbox 737 819 1041 890; x_wconf 66' lang='grc' dir='ltr'>μίμνηνται</span> <span class='ocrx_word' id='word_1_28' title='bbox 1095 819 1150 872; x_wconf 70' lang='grc' dir='ltr'><strong>αἱ</strong></span> <span class='ocrx_word' id='word_1_29' title='bbox 1200 815 1426 892; x_wconf 73' lang='grc' dir='ltr'>Πρόίξεις</span> <span class='ocrx_word' id='word_1_30' title='bbox 1482 821 1590 870; x_wconf 88' lang='grc' dir='ltr'><strong>τῶν</strong></span> <span class='ocrx_word' id='word_1_31' title='bbox 1646 814 1808 888; x_wconf 80' lang='grc' dir='ltr'>ἁγίων</span> 
     </span>
    </p>
   </div>
   <div class='ocr_carea' id='block_1_6' title="bbox 157 903 1809 983">
    <p class='ocr_par' dir='ltr' id='par_1_6' title="bbox 157 903 1809 983">
     <span class='ocr_line' id='line_1_6' title="bbox 157 903 1809 983; baseline -0.002 -21"><span class='ocrx_word' id='word_1_32' title='bbox 157 905 506 978; x_wconf 79' lang='grc' dir='ltr'>ἀποστόλων,</span> <span class='ocrx_word' id='word_1_33' title='bbox 562 903 860 983; x_wconf 61' lang='grc' dir='ltr'>φάσκουσαι</span> <span class='ocrx_word' id='word_1_34' title='bbox 919 906 1077 962; x_wconf 79' lang='grc' dir='ltr'>αὐτὸν</span> <span class='ocrx_word' id='word_1_35' title='bbox 1119 906 1210 962; x_wconf 89' lang='grc' dir='ltr'><strong>καὶ</strong></span> <span class='ocrx_word' id='word_1_36' title='bbox 1260 908 1446 975; x_wconf 78' lang='grc' dir='ltr'><strong>Ἰωσῆν</strong></span> <span class='ocrx_word' id='word_1_37' title='bbox 1502 903 1809 967; x_wconf 81' lang='grc' dir='ltr'>καλεῖσθαι.</span> 
     </span>
    </p>
   </div>
   <div class='ocr_carea' id='block_1_7' title="bbox 158 990 1811 1072">
    <p class='ocr_par' dir='ltr' id='par_1_7' title="bbox 158 990 1811 1072">
     <span class='ocr_line' id='line_1_7' title="bbox 158 990 1811 1072; baseline -0.005 -19"><span class='ocrx_word' id='word_1_38' title='bbox 158 995 381 1053; x_wconf 69' lang='grc' dir='ltr'>Μᾶλλον</span> <span class='ocrx_word' id='word_1_39' title='bbox 441 995 533 1052; x_wconf 77' lang='grc' dir='ltr'><strong>οὖν</strong></span> <span class='ocrx_word' id='word_1_40' title='bbox 585 995 675 1050; x_wconf 80' lang='grc' dir='ltr'><strong>καὶ</strong></span> <span class='ocrx_word' id='word_1_41' title='bbox 735 993 1031 1072; x_wconf 71' lang='grc' dir='ltr'>συνέγραψε</span> <span class='ocrx_word' id='word_1_42' title='bbox 1081 1017 1155 1069; x_wconf 84' lang='grc' dir='ltr'><strong>τι,</strong></span> <span class='ocrx_word' id='word_1_43' title='bbox 1211 995 1247 1065; x_wconf 73' lang='grc' dir='ltr'>ἢ</span> <span class='ocrx_word' id='word_1_44' title='bbox 1310 995 1400 1050; x_wconf 71' lang='grc' dir='ltr'><strong>καὶ</strong></span> <span class='ocrx_word' id='word_1_45' title='bbox 1436 991 1696 1071; x_wconf 65' lang='grc' dir='ltr'>ἆγρᾶίφοις</span> <span class='ocrx_word' id='word_1_46' title='bbox 1724 990 1811 1046; x_wconf 83' lang='grc' dir='ltr'><strong>δι-</strong></span> 
     </span>
    </p>
   </div>
   <div class='ocr_carea' id='block_1_8' title="bbox 157 1083 1810 1160">
    <p class='ocr_par' dir='ltr' id='par_1_8' title="bbox 157 1083 1810 1160">
     <span class='ocr_line' id='line_1_8' title="bbox 157 1083 1810 1160; baseline -0.004 -21"><span class='ocrx_word' id='word_1_47' title='bbox 157 1083 476 1146; x_wconf 74' lang='grc' dir='ltr'>δασκαλίαις</span> <span class='ocrx_word' id='word_1_48' title='bbox 505 1083 802 1160; x_wconf 79' lang='grc' dir='ltr'>ἐχρήσατο.</span> <span class='ocrx_word' id='word_1_49' title='bbox 838 1086 940 1142; x_wconf 84' lang='grc' dir='ltr'><strong>Καὶ</strong></span> <span class='ocrx_word' id='word_1_50' title='bbox 970 1089 1132 1140; x_wconf 76' lang='grc' dir='ltr'>τοῦτο</span> <span class='ocrx_word' id='word_1_51' title='bbox 1166 1086 1256 1139; x_wconf 76' lang='grc' dir='ltr'><strong>οὖν</strong></span> <span class='ocrx_word' id='word_1_52' title='bbox 1305 1084 1654 1159; x_wconf 74' lang='grc' dir='ltr'>παρατίθεται</span> <span class='ocrx_word' id='word_1_53' title='bbox 1712 1084 1810 1135; x_wconf 78' lang='grc' dir='ltr'>τοῦ</span> 
     </span>
    </p>
   </div>
   <div class='ocr_carea' id='block_1_9' title="bbox 158 1172 1810 1250">
    <p class='ocr_par' dir='ltr' id='par_1_9' title="bbox 158 1172 1810 1250">
     <span class='ocr_line' id='line_1_9' title="bbox 158 1172 1810 1250; baseline -0.002 -22"><span class='ocrx_word' id='word_1_54' title='bbox 158 1175 301 1250; x_wconf 74' lang='grc' dir='ltr'>ἁγίου</span> <span class='ocrx_word' id='word_1_55' title='bbox 349 1173 636 1229; x_wconf 74' lang='grc' dir='ltr'>Διονυσίου</span> <span class='ocrx_word' id='word_1_56' title='bbox 683 1176 784 1244; x_wconf 80' lang='grc' dir='ltr'>τὴν</span> <span class='ocrx_word' id='word_1_57' title='bbox 833 1175 1197 1250; x_wconf 75' lang='grc' dir='ltr'>ἃρχαιὸτητα,</span> <span class='ocrx_word' id='word_1_58' title='bbox 1255 1173 1343 1228; x_wconf 83' lang='grc' dir='ltr'><strong>καὶ</strong></span> <span class='ocrx_word' id='word_1_59' title='bbox 1399 1175 1483 1228; x_wconf 80' lang='grc' dir='ltr'><strong>ὅτι</strong></span> <span class='ocrx_word' id='word_1_60' title='bbox 1520 1177 1637 1234; x_wconf 86' lang='grc' dir='ltr'>τοῖς</span> <span class='ocrx_word' id='word_1_61' title='bbox 1671 1172 1810 1225; x_wconf 82' lang='grc' dir='ltr'>ἀπο-</span> 
     </span>
    </p>
   </div>
   <div class='ocr_carea' id='block_1_10' title="bbox 158 1260 1810 1336">
    <p class='ocr_par' dir='ltr' id='par_1_10' title="bbox 158 1260 1810 1336">
     <span class='ocr_line' id='line_1_10' title="bbox 158 1260 1810 1336; baseline -0.001 -18"><span class='ocrx_word' id='word_1_62' title='bbox 158 1265 373 1327; x_wconf 74' lang='grc' dir='ltr'>στόλοις</span> <span class='ocrx_word' id='word_1_63' title='bbox 422 1263 611 1326; x_wconf 78' lang='grc' dir='ltr'>αὐτοῖς</span> <span class='ocrx_word' id='word_1_64' title='bbox 662 1264 749 1318; x_wconf 89' lang='grc' dir='ltr'><strong>καὶ</strong></span> <span class='ocrx_word' id='word_1_65' title='bbox 798 1261 1190 1325; x_wconf 84' lang='grc' dir='ltr'>ἀποστολικοῖς</span> <span class='ocrx_word' id='word_1_66' title='bbox 1224 1260 1443 1336; x_wconf 72' lang='grc' dir='ltr'>ἆνὸρᾶἱσι</span> <span class='ocrx_word' id='word_1_67' title='bbox 1478 1263 1810 1333; x_wconf 72' lang='grc' dir='ltr'>συνήκμασε.</span> 
     </span>
    </p>
   </div>
   <div class='ocr_carea' id='block_1_11' title="bbox 160 1347 1814 1427">
    <p class='ocr_par' dir='ltr' id='par_1_11' title="bbox 160 1347 1814 1427">
     <span class='ocr_line' id='line_1_11' title="bbox 160 1347 1814 1427; baseline -0.002 -20"><span class='ocrx_word' id='word_1_68' title='bbox 160 1353 470 1425; x_wconf 71' lang='grc' dir='ltr'>Σημείωσαι</span> <span class='ocrx_word' id='word_1_69' title='bbox 505 1349 564 1407; x_wconf 66' lang='grc' dir='ltr'><strong>δὲ</strong></span> <span class='ocrx_word' id='word_1_70' title='bbox 594 1351 676 1406; x_wconf 81' lang='grc' dir='ltr'>ὅτι</span> <span class='ocrx_word' id='word_1_71' title='bbox 707 1352 796 1407; x_wconf 84' lang='grc' dir='ltr'><strong>καὶ</strong></span> <span class='ocrx_word' id='word_1_72' title='bbox 830 1353 882 1408; x_wconf 70' lang='grc' dir='ltr'><strong>οἳ</strong></span> <span class='ocrx_word' id='word_1_73' title='bbox 917 1358 1053 1416; x_wconf 81' lang='grc' dir='ltr'>θεῖοι</span> <span class='ocrx_word' id='word_1_74' title='bbox 1086 1351 1285 1406; x_wconf 76' lang='grc' dir='ltr'>ἐκεῖνοι</span> <span class='ocrx_word' id='word_1_75' title='bbox 1331 1348 1520 1426; x_wconf 79' lang='grc' dir='ltr'>ἄνδρες</span> <span class='ocrx_word' id='word_1_76' title='bbox 1581 1347 1814 1427; x_wconf 70' lang='grc' dir='ltr'>φιλοσό-</span> 
     </span>
    </p>
   </div>
   <div class='ocr_carea' id='block_1_12' title="bbox 161 1438 1812 1518">
    <p class='ocr_par' dir='ltr' id='par_1_12' title="bbox 161 1438 1812 1518">
     <span class='ocr_line' id='line_1_12' title="bbox 161 1438 1812 1518; baseline -0.004 -22"><span class='ocrx_word' id='word_1_77' title='bbox 161 1464 275 1516; x_wconf 67' lang='grc' dir='ltr'>σοις</span> <span class='ocrx_word' id='word_1_78' title='bbox 329 1440 538 1512; x_wconf 75' lang='grc' dir='ltr'>λὲξεσιν</span> <span class='ocrx_word' id='word_1_79' title='bbox 599 1441 869 1517; x_wconf 76' lang='grc' dir='ltr'>ἐχρῶντο,</span> <span class='ocrx_word' id='word_1_80' title='bbox 933 1441 1221 1518; x_wconf 69' lang='grc' dir='ltr'>ἀφθεγξίαν</span> <span class='ocrx_word' id='word_1_81' title='bbox 1261 1440 1350 1496; x_wconf 81' lang='grc' dir='ltr'><strong>καὶ</strong></span> <span class='ocrx_word' id='word_1_82' title='bbox 1401 1439 1680 1510; x_wconf 75' lang='grc' dir='ltr'>ἀκινησίαν</span> <span class='ocrx_word' id='word_1_83' title='bbox 1713 1438 1812 1507; x_wconf 68' lang='grc' dir='ltr'>τὴν</span> 
     </span>
    </p>
   </div>
   <div class='ocr_carea' id='block_1_13' title="bbox 159 1530 1090 1605">
    <p class='ocr_par' dir='ltr' id='par_1_13' title="bbox 159 1530 1090 1605">
     <span class='ocr_line' id='line_1_13' title="bbox 159 1530 1090 1605; baseline 0 -19"><span class='ocrx_word' id='word_1_84' title='bbox 159 1535 248 1586; x_wconf 73' lang='grc' dir='ltr'>τοΰ</span> <span class='ocrx_word' id='word_1_85' title='bbox 279 1535 416 1586; x_wconf 67' lang='grc' dir='ltr'>Θεοῦ</span> <span class='ocrx_word' id='word_1_86' title='bbox 449 1531 672 1605; x_wconf 72' lang='grc' dir='ltr'>εἰρήνην</span> <span class='ocrx_word' id='word_1_87' title='bbox 709 1530 1090 1603; x_wconf 73' lang='grc' dir='ltr'>ὀνομάζοντες.</span> 
     </span>
    </p>
   </div>
   <div class='ocr_carea' id='block_1_14' title="bbox 224 1616 1814 1689">
    <p class='ocr_par' dir='ltr' id='par_1_14' title="bbox 224 1616 1814 1689">
     <span class='ocr_line' id='line_1_14' title="bbox 224 1616 1814 1689; baseline -0.004 -14"><span class='ocrx_word' id='word_1_88' title='bbox 224 1619 552 1675; x_wconf 83' lang='grc' dir='ltr'>Ἀπολείπει</span> <span class='ocrx_word' id='word_1_89' title='bbox 582 1620 683 1688; x_wconf 76' lang='grc' dir='ltr'>τήν</span> <span class='ocrx_word' id='word_1_90' title='bbox 731 1619 927 1689; x_wconf 75' lang='grc' dir='ltr'>ἑαυτῆς</span> <span class='ocrx_word' id='word_1_91' title='bbox 969 1616 1181 1675; x_wconf 70' lang='grc' dir='ltr'>ἕνωσιν.</span> <span class='ocrx_word' id='word_1_92' title='bbox 1213 1621 1449 1676; x_wconf 83' lang='grc' dir='ltr'>Ἕνωσιν</span> <span class='ocrx_word' id='word_1_93' title='bbox 1482 1616 1706 1681; x_wconf 73' lang='grc' dir='ltr'>ἐνταῦθα</span> <span class='ocrx_word' id='word_1_94' title='bbox 1753 1616 1814 1669; x_wconf 89' lang='grc' dir='ltr'>τὸ</span> 
     </span>
    </p>
   </div>
   <div class='ocr_carea' id='block_1_15' title="bbox 164 1706 1492 1786">
    <p class='ocr_par' dir='ltr' id='par_1_15' title="bbox 164 1706 1492 1786">
     <span class='ocr_line' id='line_1_15' title="bbox 164 1706 1492 1786; baseline 0 -23"><span class='ocrx_word' id='word_1_95' title='bbox 164 1709 362 1764; x_wconf 75' lang='grc' dir='ltr'>ἁπλοῦν</span> <span class='ocrx_word' id='word_1_96' title='bbox 393 1709 485 1764; x_wconf 86' lang='grc' dir='ltr'>καί</span> <span class='ocrx_word' id='word_1_97' title='bbox 517 1709 739 1776; x_wconf 79' lang='grc' dir='ltr'>ἐνιαῖον,</span> <span class='ocrx_word' id='word_1_98' title='bbox 772 1709 938 1783; x_wconf 75' lang='grc' dir='ltr'>ἤγουν</span> <span class='ocrx_word' id='word_1_99' title='bbox 961 1706 1268 1782; x_wconf 82' lang='grc' dir='ltr'>ἀδιαίρετον</span> <span class='ocrx_word' id='word_1_100' title='bbox 1305 1707 1492 1786; x_wconf 71' lang='grc' dir='ltr'>φησίν.</span> 
     </span>
    </p>
   </div>
   <div class='ocr_carea' id='block_1_16' title="bbox 223 1795 1815 1872">
    <p class='ocr_par' dir='ltr' id='par_1_16' title="bbox 223 1795 1815 1872">
     <span class='ocr_line' id='line_1_16' title="bbox 223 1795 1815 1872; baseline -0.004 -17"><span class='ocrx_word' id='word_1_101' title='bbox 223 1797 415 1855; x_wconf 82' lang='grc' dir='ltr'>Ἐνδον</span> <span class='ocrx_word' id='word_1_102' title='bbox 450 1797 558 1866; x_wconf 75' lang='grc' dir='ltr'><strong>ὅλη</strong></span> <span class='ocrx_word' id='word_1_103' title='bbox 597 1797 848 1870; x_wconf 66' lang='grc' dir='ltr'>μένουσα.</span> <span class='ocrx_word' id='word_1_104' title='bbox 885 1799 1144 1854; x_wconf 78' lang='grc' dir='ltr'>Τουτέστι</span> <span class='ocrx_word' id='word_1_105' title='bbox 1175 1799 1274 1866; x_wconf 69' lang='grc' dir='ltr'>τήν</span> <span class='ocrx_word' id='word_1_106' title='bbox 1324 1799 1548 1851; x_wconf 72' lang='grc' dir='ltr'>ὲαυτοῦθ</span> <span class='ocrx_word' id='word_1_107' title='bbox 1585 1795 1815 1872; x_wconf 58' lang='grc' dir='ltr'>κρυριὸ-</span> 
     </span>
    </p>
   </div>
   <div class='ocr_carea' id='block_1_17' title="bbox 162 1884 1197 1962">
    <p class='ocr_par' dir='ltr' id='par_1_17' title="bbox 162 1884 1197 1962">
     <span class='ocr_line' id='line_1_17' title="bbox 162 1884 1197 1962; baseline -0.001 -20"><span class='ocrx_word' id='word_1_108' title='bbox 162 1907 289 1957; x_wconf 85' lang='grc' dir='ltr'>τητα</span> <span class='ocrx_word' id='word_1_109' title='bbox 317 1888 652 1962; x_wconf 79' lang='grc' dir='ltr'>παρεξιοῦσα</span> <span class='ocrx_word' id='word_1_110' title='bbox 680 1888 769 1941; x_wconf 78' lang='grc' dir='ltr'><strong>καὶ</strong></span> <span class='ocrx_word' id='word_1_111' title='bbox 805 1884 1197 1941; x_wconf 83' lang='grc' dir='ltr'>ἀπολείπουσα.</span> 
     </span>
    </p>
   </div>
   <div class='ocr_carea' id='block_1_18' title="bbox 224 1972 1812 2052">
    <p class='ocr_par' dir='ltr' id='par_1_18' title="bbox 224 1972 1812 2052">
     <span class='ocr_line' id='line_1_18' title="bbox 224 1972 1812 2052; baseline -0.004 -19"><span class='ocrx_word' id='word_1_112' title='bbox 224 1976 332 2038; x_wconf 73' lang='grc' dir='ltr'><strong>Τὰς</strong></span> <span class='ocrx_word' id='word_1_113' title='bbox 377 1976 584 2047; x_wconf 72' lang='grc' dir='ltr'>νοητὰς</span> <span class='ocrx_word' id='word_1_114' title='bbox 634 1975 801 2046; x_wconf 82' lang='grc' dir='ltr'>αὐτῆς</span> <span class='ocrx_word' id='word_1_115' title='bbox 844 1975 934 2030; x_wconf 84' lang='grc' dir='ltr'><strong>καὶ</strong></span> <span class='ocrx_word' id='word_1_116' title='bbox 981 1975 1169 2052; x_wconf 74' lang='grc' dir='ltr'>ῥητάς.</span> <span class='ocrx_word' id='word_1_117' title='bbox 1231 1976 1449 2046; x_wconf 77' lang='grc' dir='ltr'>Νοητᾶς</span> <span class='ocrx_word' id='word_1_118' title='bbox 1504 1975 1591 2029; x_wconf 81' lang='grc' dir='ltr'><strong>καὶ</strong></span> <span class='ocrx_word' id='word_1_119' title='bbox 1645 1972 1812 2049; x_wconf 73' lang='grc' dir='ltr'>ῥητὰς</span> 
     </span>
    </p>
   </div>
   <div class='ocr_carea' id='block_1_19' title="bbox 168 2062 1813 2141">
    <p class='ocr_par' dir='ltr' id='par_1_19' title="bbox 168 2062 1813 2141">
     <span class='ocr_line' id='line_1_19' title="bbox 168 2062 1813 2141; baseline -0.002 -21"><span class='ocrx_word' id='word_1_120' title='bbox 168 2064 453 2138; x_wconf 70' lang='grc' dir='ltr'>μετουσίας</span> <span class='ocrx_word' id='word_1_121' title='bbox 485 2064 652 2139; x_wconf 75' lang='grc' dir='ltr'>φησὶν</span> <span class='ocrx_word' id='word_1_122' title='bbox 712 2064 808 2120; x_wconf 71' lang='grc' dir='ltr'>ὅσα</span> <span class='ocrx_word' id='word_1_123' title='bbox 868 2062 957 2120; x_wconf 70' lang='grc' dir='ltr'><strong>διὰ</strong></span> <span class='ocrx_word' id='word_1_124' title='bbox 1011 2070 1120 2120; x_wconf 87' lang='grc' dir='ltr'><strong>τῶν</strong></span> <span class='ocrx_word' id='word_1_125' title='bbox 1155 2063 1462 2141; x_wconf 69' lang='grc' dir='ltr'>εἰρημένων</span> <span class='ocrx_word' id='word_1_126' title='bbox 1503 2067 1574 2137; x_wconf 81' lang='grc' dir='ltr'>τῇ</span> <span class='ocrx_word' id='word_1_127' title='bbox 1626 2066 1813 2139; x_wconf 77' lang='grc' dir='ltr'>Γραφῇ</span> 
     </span>
    </p>
   </div>
   <div class='ocr_carea' id='block_1_20' title="bbox 167 2154 746 2232">
    <p class='ocr_par' dir='ltr' id='par_1_20' title="bbox 167 2154 746 2232">
     <span class='ocr_line' id='line_1_20' title="bbox 167 2154 746 2232; baseline 0.005 -22"><span class='ocrx_word' id='word_1_128' title='bbox 167 2154 360 2232; x_wconf 58' lang='grc' dir='ltr'>ἐφεῖται</span> <span class='ocrx_word' id='word_1_129' title='bbox 392 2160 540 2210; x_wconf 88' lang='grc' dir='ltr'>νοεῖν</span> <span class='ocrx_word' id='word_1_130' title='bbox 573 2157 608 2225; x_wconf 80' lang='grc' dir='ltr'>ἡ</span> <span class='ocrx_word' id='word_1_131' title='bbox 621 2161 722 2229; x_wconf 75' lang='grc' dir='ltr'>μᾶς</span> <span class='ocrx_word' id='word_1_132' title='bbox 735 2199 746 2213; x_wconf 95' lang='grc'><strong>.</strong></span> 
     </span>
    </p>
   </div>
   <div class='ocr_carea' id='block_1_21' title="bbox 231 2333 1812 2412">
    <p class='ocr_par' dir='ltr' id='par_1_21' title="bbox 231 2333 1812 2412">
     <span class='ocr_line' id='line_1_21' title="bbox 231 2333 1812 2412; baseline -0.004 -18"><span class='ocrx_word' id='word_1_133' title='bbox 231 2341 258 2408; x_wconf 85' lang='lat'>§</span> <span class='ocrx_word' id='word_1_134' title='bbox 289 2339 358 2394; x_wconf 80' lang='grc' dir='ltr'><strong>ΙΙ.</strong></span> <span class='ocrx_word' id='word_1_135' title='bbox 394 2335 542 2391; x_wconf 79' lang='grc' dir='ltr'><strong>Κατᾶ</strong></span> <span class='ocrx_word' id='word_1_136' title='bbox 568 2338 668 2404; x_wconf 72' lang='grc' dir='ltr'>τήν</span> <span class='ocrx_word' id='word_1_137' title='bbox 698 2335 1001 2412; x_wconf 59' lang='grc' dir='ltr'>εἰσ-ἔγχυτον</span> <span class='ocrx_word' id='word_1_138' title='bbox 1033 2337 1214 2392; x_wconf 81' lang='grc' dir='ltr'>αὐτῶν</span> <span class='ocrx_word' id='word_1_139' title='bbox 1242 2333 1450 2393; x_wconf 73' lang='grc' dir='ltr'>ἕνωσιν.</span> <span class='ocrx_word' id='word_1_140' title='bbox 1481 2337 1604 2392; x_wconf 76' lang='grc' dir='ltr'>’Ὁτι</span> <span class='ocrx_word' id='word_1_141' title='bbox 1627 2333 1717 2389; x_wconf 83' lang='grc' dir='ltr'><strong>καὶ</strong></span> <span class='ocrx_word' id='word_1_142' title='bbox 1748 2333 1812 2388; x_wconf 72' lang='grc' dir='ltr'>τὰ</span> 
     </span>
    </p>
   </div>
   <div class='ocr_carea' id='block_1_22' title="bbox 170 2421 1808 2498">
    <p class='ocr_par' dir='ltr' id='par_1_22' title="bbox 170 2421 1808 2498">
     <span class='ocr_line' id='line_1_22' title="bbox 170 2421 1808 2498; baseline -0.002 -18"><span class='ocrx_word' id='word_1_143' title='bbox 170 2426 236 2488; x_wconf 79' lang='grc' dir='ltr'>εἷς</span> <span class='ocrx_word' id='word_1_144' title='bbox 284 2425 530 2489; x_wconf 68' lang='grc' dir='ltr'>σύνθεσιν</span> <span class='ocrx_word' id='word_1_145' title='bbox 581 2424 730 2480; x_wconf 68' lang='grc' dir='ltr'>ἰόντα</span> <span class='ocrx_word' id='word_1_146' title='bbox 782 2421 966 2480; x_wconf 77' lang='grc' dir='ltr'>ἕνωσιν</span> <span class='ocrx_word' id='word_1_147' title='bbox 995 2424 1174 2498; x_wconf 83' lang='grc' dir='ltr'>καλεῖ,</span> <span class='ocrx_word' id='word_1_148' title='bbox 1223 2425 1318 2480; x_wconf 67' lang='grc' dir='ltr'>κᾶν</span> <span class='ocrx_word' id='word_1_149' title='bbox 1417 2423 1669 2495; x_wconf 77' lang='grc' dir='ltr'>ἀνόμοια·</span> <span class='ocrx_word' id='word_1_150' title='bbox 1719 2422 1808 2478; x_wconf 83' lang='grc' dir='ltr'><strong>καὶ</strong></span> 
     </span>
    </p>
   </div>
   <div class='ocr_carea' id='block_1_23' title="bbox 166 2511 1449 2593">
    <p class='ocr_par' dir='ltr' id='par_1_23' title="bbox 166 2511 1449 2593">
     <span class='ocr_line' id='line_1_23' title="bbox 166 2511 1449 2593; baseline 0 -23"><span class='ocrx_word' id='word_1_151' title='bbox 166 2511 312 2570; x_wconf 80' lang='grc' dir='ltr'>ποῖόν</span> <span class='ocrx_word' id='word_1_152' title='bbox 345 2537 514 2592; x_wconf 78' lang='grc' dir='ltr'>φησιν</span> <span class='ocrx_word' id='word_1_153' title='bbox 542 2515 601 2570; x_wconf 86' lang='grc' dir='ltr'><strong>’ὀν</strong></span> <span class='ocrx_word' id='word_1_154' title='bbox 630 2516 847 2593; x_wconf 76' lang='grc' dir='ltr'>προὲφη</span> <span class='ocrx_word' id='word_1_155' title='bbox 881 2513 1149 2592; x_wconf 72' lang='grc' dir='ltr'>ἐμφύλιον</span> <span class='ocrx_word' id='word_1_156' title='bbox 1181 2513 1449 2588; x_wconf 73' lang='grc' dir='ltr'>πόλεμον.</span> 
     </span>
    </p>
   </div>
   <div class='ocr_carea' id='block_1_24' title="bbox 227 2692 1808 2771">
    <p class='ocr_par' dir='ltr' id='par_1_24' title="bbox 227 2692 1808 2771">
     <span class='ocr_line' id='line_1_24' title="bbox 227 2692 1808 2771; baseline -0.005 -19"><span class='ocrx_word' id='word_1_157' title='bbox 227 2695 419 2768; x_wconf 83' lang='grc' dir='ltr'>Ὅμως</span> <span class='ocrx_word' id='word_1_158' title='bbox 479 2695 773 2771; x_wconf 76' lang='grc' dir='ltr'>ἀκραιφνῆ.</span> <span class='ocrx_word' id='word_1_159' title='bbox 818 2695 880 2750; x_wconf 78' lang='lat' dir='ltr'><strong>Ei</strong></span> <span class='ocrx_word' id='word_1_160' title='bbox 929 2693 1019 2749; x_wconf 81' lang='grc' dir='ltr'><strong>καὶ</strong></span> <span class='ocrx_word' id='word_1_161' title='bbox 1057 2695 1126 2750; x_wconf 71' lang='grc' dir='ltr'><strong>τὰ</strong></span> <span class='ocrx_word' id='word_1_162' title='bbox 1179 2699 1448 2770; x_wconf 85' lang='grc' dir='ltr'>στοιχεῖα,</span> <span class='ocrx_word' id='word_1_163' title='bbox 1507 2692 1663 2767; x_wconf 71' lang='grc' dir='ltr'>φησὶ,</span> <span class='ocrx_word' id='word_1_164' title='bbox 1707 2693 1808 2760; x_wconf 82' lang='grc' dir='ltr'>τήν</span> 
     </span>
    </p>
   </div>
   <div class='ocr_carea' id='block_1_25' title="bbox 167 2778 1805 2855">
    <p class='ocr_par' dir='ltr' id='par_1_25' title="bbox 167 2778 1805 2855">
     <span class='ocr_line' id='line_1_25' title="bbox 167 2778 1805 2855; baseline -0.001 -19"><span class='ocrx_word' id='word_1_165' title='bbox 167 2783 290 2855; x_wconf 80' lang='grc' dir='ltr'>πρὸς</span> <span class='ocrx_word' id='word_1_166' title='bbox 335 2779 566 2852; x_wconf 70' lang='grc' dir='ltr'>ἄλληλα</span> <span class='ocrx_word' id='word_1_167' title='bbox 615 2781 704 2836; x_wconf 76' lang='grc' dir='ltr'><strong>καὶ</strong></span> <span class='ocrx_word' id='word_1_168' title='bbox 764 2781 906 2854; x_wconf 79' lang='grc' dir='ltr'>μίξιν</span> <span class='ocrx_word' id='word_1_169' title='bbox 964 2782 1052 2836; x_wconf 82' lang='grc' dir='ltr'><strong>καὶ</strong></span> <span class='ocrx_word' id='word_1_170' title='bbox 1113 2780 1438 2854; x_wconf 79' lang='grc' dir='ltr'>συμπλοκὴν</span> <span class='ocrx_word' id='word_1_171' title='bbox 1499 2778 1805 2855; x_wconf 83' lang='grc' dir='ltr'>ἀδιαίρετον</span> 
     </span>
    </p>
   </div>
   <div class='ocr_carea' id='block_1_26' title="bbox 169 2869 1809 2947">
    <p class='ocr_par' dir='ltr' id='par_1_26' title="bbox 169 2869 1809 2947">
     <span class='ocr_line' id='line_1_26' title="bbox 169 2869 1809 2947; baseline -0.001 -21"><span class='ocrx_word' id='word_1_172' title='bbox 169 2869 398 2947; x_wconf 75' lang='grc' dir='ltr'>ἔχουσιν,</span> <span class='ocrx_word' id='word_1_173' title='bbox 453 2871 582 2926; x_wconf 82' lang='grc' dir='ltr'>ἀλλ’</span> <span class='ocrx_word' id='word_1_174' title='bbox 639 2869 792 2944; x_wconf 74' lang='grc' dir='ltr'>ὅμως</span> <span class='ocrx_word' id='word_1_175' title='bbox 821 2871 875 2924; x_wconf 77' lang='grc' dir='ltr'>αἱ</span> <span class='ocrx_word' id='word_1_176' title='bbox 922 2870 1130 2926; x_wconf 77' lang='grc' dir='ltr'>τούτων</span> <span class='ocrx_word' id='word_1_177' title='bbox 1185 2870 1472 2941; x_wconf 80' lang='grc' dir='ltr'>ποιότητες</span> <span class='ocrx_word' id='word_1_178' title='bbox 1499 2872 1595 2939; x_wconf 74' lang='grc' dir='ltr'>τὴν</span> <span class='ocrx_word' id='word_1_179' title='bbox 1650 2869 1809 2945; x_wconf 85' lang='grc' dir='ltr'>ἀκρό-</span> 
     </span>
    </p>
   </div>
   <div class='ocr_carea' id='block_1_27' title="bbox 169 2957 1812 3036">
    <p class='ocr_par' dir='ltr' id='par_1_27' title="bbox 169 2957 1812 3036">
     <span class='ocr_line' id='line_1_27' title="bbox 169 2957 1812 3036; baseline -0.001 -21"><span class='ocrx_word' id='word_1_180' title='bbox 169 2982 296 3030; x_wconf 80' lang='grc' dir='ltr'>τητα</span> <span class='ocrx_word' id='word_1_181' title='bbox 324 2961 504 3015; x_wconf 74' lang='grc' dir='ltr'>αὐτῶν</span> <span class='ocrx_word' id='word_1_182' title='bbox 555 2961 620 3016; x_wconf 80' lang='grc' dir='ltr'>οὐ</span> <span class='ocrx_word' id='word_1_183' title='bbox 669 2957 1177 3036; x_wconf 82' lang='grc' dir='ltr'>παραπολλύουσιν,</span> <span class='ocrx_word' id='word_1_184' title='bbox 1228 2963 1343 3015; x_wconf 83' lang='grc' dir='ltr'>οἷον</span> <span class='ocrx_word' id='word_1_185' title='bbox 1373 2960 1436 3014; x_wconf 81' lang='grc' dir='ltr'>τὸ</span> <span class='ocrx_word' id='word_1_186' title='bbox 1468 2961 1690 3035; x_wconf 78' lang='grc' dir='ltr'>θερμὸν,</span> <span class='ocrx_word' id='word_1_187' title='bbox 1749 2960 1812 3015; x_wconf 86' lang='grc' dir='ltr'>τὸ</span> 
     </span>
    </p>
   </div>
   <div class='ocr_carea' id='block_1_28' title="bbox 171 3046 1812 3126">
    <p class='ocr_par' dir='ltr' id='par_1_28' title="bbox 171 3046 1812 3126">
     <span class='ocr_line' id='line_1_28' title="bbox 171 3046 1812 3126; baseline -0.002 -21"><span class='ocrx_word' id='word_1_188' title='bbox 171 3050 343 3126; x_wconf 80' lang='grc' dir='ltr'>ξηρὸν,</span> <span class='ocrx_word' id='word_1_189' title='bbox 375 3050 469 3104; x_wconf 65' lang='grc' dir='ltr'><strong>καὶ</strong></span> <span class='ocrx_word' id='word_1_190' title='bbox 503 3049 571 3104; x_wconf 70' lang='grc' dir='ltr'>τὰ</span> <span class='ocrx_word' id='word_1_191' title='bbox 601 3047 770 3104; x_wconf 81' lang='grc' dir='ltr'>λοιπὰ</span> <span class='ocrx_word' id='word_1_192' title='bbox 797 3047 847 3102; x_wconf 77' lang='grc' dir='ltr'>ἐν</span> <span class='ocrx_word' id='word_1_193' title='bbox 875 3051 944 3122; x_wconf 80' lang='grc' dir='ltr'>τῇ</span> <span class='ocrx_word' id='word_1_194' title='bbox 991 3053 1098 3103; x_wconf 87' lang='grc' dir='ltr'><strong>τῶν</strong></span> <span class='ocrx_word' id='word_1_195' title='bbox 1131 3046 1444 3124; x_wconf 70' lang='grc' dir='ltr'>ἓτεροειδῶν</span> <span class='ocrx_word' id='word_1_196' title='bbox 1472 3050 1681 3124; x_wconf 80' lang='grc' dir='ltr'>κράσει,</span> <span class='ocrx_word' id='word_1_197' title='bbox 1711 3049 1812 3118; x_wconf 84' lang='grc' dir='ltr'>τήν</span> 
     </span>
    </p>
   </div>
   <div class='ocr_carea' id='block_1_29' title="bbox 173 3136 956 3214">
    <p class='ocr_par' dir='ltr' id='par_1_29' title="bbox 173 3136 956 3214">
     <span class='ocr_line' id='line_1_29' title="bbox 173 3136 956 3214; baseline 0 -21"><span class='ocrx_word' id='word_1_198' title='bbox 173 3139 217 3193; x_wconf 77' lang='grc' dir='ltr'>ἒν</span> <span class='ocrx_word' id='word_1_199' title='bbox 246 3144 322 3212; x_wconf 82' lang='grc' dir='ltr'><strong>τῷ</strong></span> <span class='ocrx_word' id='word_1_200' title='bbox 352 3138 514 3194; x_wconf 77' lang='grc' dir='ltr'>παντὶ</span> <span class='ocrx_word' id='word_1_201' title='bbox 547 3136 956 3214; x_wconf 77' lang='grc' dir='ltr'>Θεωρουμὲνην.</span> 
     </span>
    </p>
   </div>
   <div class='ocr_carea' id='block_1_30' title="bbox 236 3224 1813 3302">
    <p class='ocr_par' dir='ltr' id='par_1_30' title="bbox 236 3224 1813 3302">
     <span class='ocr_line' id='line_1_30' title="bbox 236 3224 1813 3302; baseline -0.001 -19"><span class='ocrx_word' id='word_1_202' title='bbox 236 3229 376 3302; x_wconf 81' lang='grc' dir='ltr'>Πρὸς</span> <span class='ocrx_word' id='word_1_203' title='bbox 436 3226 504 3282; x_wconf 68' lang='grc' dir='ltr'>τὰ</span> <span class='ocrx_word' id='word_1_204' title='bbox 573 3225 915 3299; x_wconf 82' lang='grc' dir='ltr'>ἀντικείμενα</span> <span class='ocrx_word' id='word_1_205' title='bbox 987 3225 1228 3300; x_wconf 77' lang='grc' dir='ltr'>κράσεως</span> <span class='ocrx_word' id='word_1_206' title='bbox 1266 3271 1278 3284; x_wconf 90' lang='grc'><strong>.</strong></span> <span class='ocrx_word' id='word_1_207' title='bbox 1330 3233 1525 3299; x_wconf 75' lang='grc' dir='ltr'>Κρᾶσιν</span> <span class='ocrx_word' id='word_1_208' title='bbox 1588 3224 1813 3289; x_wconf 80' lang='grc' dir='ltr'>ἐνταῦθα</span> 
     </span>
    </p>
   </div>
   <div class='ocr_carea' id='block_1_31' title="bbox 912 429 2804 486">
    <p class='ocr_par' dir='ltr' id='par_1_31' title="bbox 912 429 2804 486">
     <span class='ocr_line' id='line_1_31' title="bbox 912 429 2804 486; baseline -0.002 -1"><span class='ocrx_word' id='word_1_209' title='bbox 912 433 972 485; x_wconf 84' lang='lat' dir='ltr'><strong>S.</strong></span> <span class='ocrx_word' id='word_1_210' title='bbox 1013 430 1288 485; x_wconf 80' lang='grc' dir='ltr'><strong>ΜΔΧΙΜΙ</strong></span> <span class='ocrx_word' id='word_1_211' title='bbox 1325 430 1628 486; x_wconf 83' lang='lat' dir='ltr'><strong>SCHOLIA</strong></span> <span class='ocrx_word' id='word_1_212' title='bbox 1667 429 1741 482; x_wconf 83' lang='lat' dir='ltr'><strong>IN</strong></span> <span class='ocrx_word' id='word_1_213' title='bbox 1780 429 1913 482; x_wconf 80' lang='lat' dir='ltr'><strong>LIB.</strong></span> <span class='ocrx_word' id='word_1_214' title='bbox 1954 430 2050 482; x_wconf 83' lang='lat' dir='ltr'><strong>DE</strong></span> <span class='ocrx_word' id='word_1_215' title='bbox 2086 431 2357 484; x_wconf 65' lang='lat' dir='ltr'><strong>DIVISIS</strong></span> <span class='ocrx_word' id='word_1_216' title='bbox 2394 429 2804 485; x_wconf 80' lang='lat' dir='ltr'><strong>NOMINIBUS.</strong></span> 
     </span>
    </p>
   </div>
   <div class='ocr_carea' id='block_1_32' title="bbox 3461 430 3569 487">
    <p class='ocr_par' dir='ltr' id='par_1_32' title="bbox 3461 430 3569 487">
     <span class='ocr_line' id='line_1_32' title="bbox 3461 430 3569 487; baseline -0.009 -1"><span class='ocrx_word' id='word_1_217' title='bbox 3461 430 3569 487; x_wconf 83' lang='grc'><strong>394</strong></span> 
     </span>
    </p>
   </div>
   <div class='ocr_carea' id='block_1_33' title="bbox 1699 551 3571 625">
    <p class='ocr_par' dir='ltr' id='par_1_33' title="bbox 1699 551 3571 625">
     <span class='ocr_line' id='line_1_33' title="bbox 1699 551 3571 625; baseline 0.005 -24"><span class='ocrx_word' id='word_1_218' title='bbox 1699 555 1810 617; x_wconf 85' lang='grc' dir='ltr'><strong>Ση·</strong></span> <span class='ocrx_word' id='word_1_219' title='bbox 1844 552 1895 616; x_wconf 82' lang='grc' dir='ltr'><strong>Α</strong></span> <span class='ocrx_word' id='word_1_220' title='bbox 1999 551 2172 618; x_wconf 80' lang='lat' dir='ltr'><strong>Quam</strong></span> <span class='ocrx_word' id='word_1_221' title='bbox 2219 561 2438 606; x_wconf 76' lang='lat' dir='ltr'><strong>sanctus</strong></span> <span class='ocrx_word' id='word_1_222' title='bbox 2493 553 2679 608; x_wconf 75' lang='lat' dir='ltr'><strong>Justus</strong></span> <span class='ocrx_word' id='word_1_223' title='bbox 2726 556 2883 606; x_wconf 75' lang='lat' dir='ltr'><strong>vocat</strong></span> <span class='ocrx_word' id='word_1_224' title='bbox 2927 552 3322 609; x_wconf 76' lang='lat' dir='ltr'><strong>insonuntiam.</strong></span> <span class='ocrx_word' id='word_1_225' title='bbox 3377 553 3571 625; x_wconf 87' lang='lat' dir='ltr'><strong>[Nota]</strong></span> 
     </span>
    </p>
   </div>
   <div class='ocr_carea' id='block_1_34' title="bbox 1919 640 3571 712">
    <p class='ocr_par' dir='ltr' id='par_1_34' title="bbox 1919 640 3571 712">
     <span class='ocr_line' id='line_1_34' title="bbox 1919 640 3571 712; baseline 0.004 -20"><span class='ocrx_word' id='word_1_226' title='bbox 1919 640 1990 693; x_wconf 85' lang='lat' dir='ltr'><strong>de</strong></span> <span class='ocrx_word' id='word_1_227' title='bbox 2019 640 2206 702; x_wconf 73' lang='lat' dir='ltr'><strong>Iusto.</strong></span> <span class='ocrx_word' id='word_1_228' title='bbox 2239 644 2295 695; x_wconf 92' lang='lat' dir='ltr'><strong>et</strong></span> <span class='ocrx_word' id='word_1_229' title='bbox 2324 641 2478 711; x_wconf 91' lang='lat' dir='ltr'><strong>quod</strong></span> <span class='ocrx_word' id='word_1_230' title='bbox 2513 640 2775 695; x_wconf 86' lang='lat' dir='ltr'><strong>numinis</strong></span> <span class='ocrx_word' id='word_1_231' title='bbox 2807 640 3345 712; x_wconf 83' lang='lat' dir='ltr'><strong>paeem,silentium</strong></span> <span class='ocrx_word' id='word_1_232' title='bbox 3367 647 3427 698; x_wconf 90' lang='lat' dir='ltr'><strong>et</strong></span> <span class='ocrx_word' id='word_1_233' title='bbox 3443 659 3571 698; x_wconf 87' lang='lat' dir='ltr'><strong>mo-</strong></span> 
     </span>
    </p>
   </div>
   <div class='ocr_carea' id='block_1_35' title="bbox 1919 729 3571 800">
    <p class='ocr_par' dir='ltr' id='par_1_35' title="bbox 1919 729 3571 800">
     <span class='ocr_line' id='line_1_35' title="bbox 1919 729 3571 800; baseline 0.004 -18"><span class='ocrx_word' id='word_1_234' title='bbox 1919 731 2016 782; x_wconf 80' lang='lat' dir='ltr'><strong>tus</strong></span> <span class='ocrx_word' id='word_1_235' title='bbox 2047 730 2399 784; x_wconf 75' lang='lat' dir='ltr'><strong>vacuitatem</strong></span> <span class='ocrx_word' id='word_1_236' title='bbox 2432 729 2704 800; x_wconf 81' lang='lat' dir='ltr'><strong>appellet.</strong></span> <span class='ocrx_word' id='word_1_237' title='bbox 2739 729 2927 799; x_wconf 86' lang='lat' dir='ltr'><strong>Hujus</strong></span> <span class='ocrx_word' id='word_1_238' title='bbox 2959 734 3157 785; x_wconf 84' lang='lat' dir='ltr'><strong>autem</strong></span> <span class='ocrx_word' id='word_1_239' title='bbox 3201 732 3392 787; x_wconf 81' lang='lat' dir='ltr'><strong>sancti</strong></span> <span class='ocrx_word' id='word_1_240' title='bbox 3415 731 3571 788; x_wconf 86' lang='lat' dir='ltr'><strong>Justi</strong></span> 
     </span>
    </p>
   </div>
   <div class='ocr_carea' id='block_1_36' title="bbox 1923 818 3575 889">
    <p class='ocr_par' dir='ltr' id='par_1_36' title="bbox 1923 818 3575 889">
     <span class='ocr_line' id='line_1_36' title="bbox 1923 818 3575 889; baseline 0.004 -18"><span class='ocrx_word' id='word_1_241' title='bbox 1923 818 2324 872; x_wconf 88' lang='lat' dir='ltr'><strong>meminerunt</strong></span> <span class='ocrx_word' id='word_1_242' title='bbox 2345 821 2477 873; x_wconf 79' lang='lat' dir='ltr'><strong>Acta</strong></span> <span class='ocrx_word' id='word_1_243' title='bbox 2508 823 2846 874; x_wconf 86' lang='lat' dir='ltr'><strong>sanctorum</strong></span> <span class='ocrx_word' id='word_1_244' title='bbox 2880 819 3575 889; x_wconf 87' lang='lat' dir='ltr'><strong>apostolorum,asseren-</strong></span> 
     </span>
    </p>
   </div>
   <div class='ocr_carea' id='block_1_37' title="bbox 1920 906 3571 983">
    <p class='ocr_par' dir='ltr' id='par_1_37' title="bbox 1920 906 3571 983">
     <span class='ocr_line' id='line_1_37' title="bbox 1920 906 3571 983; baseline 0.002 -22"><span class='ocrx_word' id='word_1_245' title='bbox 1920 906 2001 961; x_wconf 87' lang='lat' dir='ltr'><strong>tia</strong></span> <span class='ocrx_word' id='word_1_246' title='bbox 2031 907 2226 978; x_wconf 90' lang='lat' dir='ltr'><strong>ipsum</strong></span> <span class='ocrx_word' id='word_1_247' title='bbox 2259 907 2433 963; x_wconf 88' lang='lat' dir='ltr'><strong>etiam</strong></span> <span class='ocrx_word' id='word_1_248' title='bbox 2465 908 2642 963; x_wconf 86' lang='lat' dir='ltr'><strong>Josen</strong></span> <span class='ocrx_word' id='word_1_249' title='bbox 2685 908 2898 964; x_wconf 87' lang='lat' dir='ltr'><strong>vocari.</strong></span> <span class='ocrx_word' id='word_1_250' title='bbox 2920 909 3117 964; x_wconf 88' lang='lat' dir='ltr'><strong>Potius</strong></span> <span class='ocrx_word' id='word_1_251' title='bbox 3142 909 3319 981; x_wconf 82' lang='lat' dir='ltr'><strong>igitur</strong></span> <span class='ocrx_word' id='word_1_252' title='bbox 3348 909 3571 983; x_wconf 89' lang='lat' dir='ltr'><strong>aliquid</strong></span> 
     </span>
    </p>
   </div>
   <div class='ocr_carea' id='block_1_38' title="bbox 1921 995 3574 1070">
    <p class='ocr_par' dir='ltr' id='par_1_38' title="bbox 1921 995 3574 1070">
     <span class='ocr_line' id='line_1_38' title="bbox 1921 995 3574 1070; baseline 0.003 -20"><span class='ocrx_word' id='word_1_253' title='bbox 1921 995 2097 1050; x_wconf 87' lang='lat' dir='ltr'><strong>etiam</strong></span> <span class='ocrx_word' id='word_1_254' title='bbox 2131 997 2505 1068; x_wconf 80' lang='lat' dir='ltr'><strong>conscripsit,</strong></span> <span class='ocrx_word' id='word_1_255' title='bbox 2539 1001 2639 1051; x_wconf 88' lang='lat' dir='ltr'><strong>aut</strong></span> <span class='ocrx_word' id='word_1_256' title='bbox 2669 997 2844 1052; x_wconf 88' lang='lat' dir='ltr'><strong>etiam</strong></span> <span class='ocrx_word' id='word_1_257' title='bbox 2893 1015 3005 1053; x_wconf 91' lang='lat' dir='ltr'><strong>non</strong></span> <span class='ocrx_word' id='word_1_258' title='bbox 3063 997 3301 1070; x_wconf 82' lang='lat' dir='ltr'><strong>scriptis</strong></span> <span class='ocrx_word' id='word_1_259' title='bbox 3328 999 3574 1054; x_wconf 84' lang='lat' dir='ltr'><strong>institu-</strong></span> 
     </span>
    </p>
   </div>
   <div class='ocr_carea' id='block_1_39' title="bbox 1919 1084 3574 1160">
    <p class='ocr_par' dir='ltr' id='par_1_39' title="bbox 1919 1084 3574 1160">
     <span class='ocr_line' id='line_1_39' title="bbox 1919 1084 3574 1160; baseline 0.003 -22"><span class='ocrx_word' id='word_1_260' title='bbox 1919 1084 2181 1140; x_wconf 78' lang='lat' dir='ltr'><strong>tionibus</strong></span> <span class='ocrx_word' id='word_1_261' title='bbox 2215 1103 2359 1141; x_wconf 89' lang='lat' dir='ltr'><strong>usus</strong></span> <span class='ocrx_word' id='word_1_262' title='bbox 2393 1085 2519 1140; x_wconf 83' lang='lat' dir='ltr'><strong>fuit.</strong></span> <span class='ocrx_word' id='word_1_263' title='bbox 2555 1086 2672 1142; x_wconf 89' lang='lat' dir='ltr'><strong>Hoc</strong></span> <span class='ocrx_word' id='word_1_264' title='bbox 2695 1085 2875 1157; x_wconf 81' lang='lat' dir='ltr'><strong>igitur</strong></span> <span class='ocrx_word' id='word_1_265' title='bbox 2895 1086 3308 1158; x_wconf 79' lang='lat' dir='ltr'><strong>antiquitatem</strong></span> <span class='ocrx_word' id='word_1_266' title='bbox 3341 1104 3574 1160; x_wconf 89' lang='lat' dir='ltr'><strong>quoque</strong></span> 
     </span>
    </p>
   </div>
   <div class='ocr_carea' id='block_1_40' title="bbox 1920 1173 3573 1248">
    <p class='ocr_par' dir='ltr' id='par_1_40' title="bbox 1920 1173 3573 1248">
     <span class='ocr_line' id='line_1_40' title="bbox 1920 1173 3573 1248; baseline 0.002 -19"><span class='ocrx_word' id='word_1_267' title='bbox 1920 1173 2106 1229; x_wconf 84' lang='lat' dir='ltr'><strong>sancti</strong></span> <span class='ocrx_word' id='word_1_268' title='bbox 2139 1174 2398 1246; x_wconf 85' lang='lat' dir='ltr'><strong>Dionysii</strong></span> <span class='ocrx_word' id='word_1_269' title='bbox 2431 1175 2764 1245; x_wconf 83' lang='lat' dir='ltr'><strong>conﬁrmat,</strong></span> <span class='ocrx_word' id='word_1_270' title='bbox 2798 1179 2858 1231; x_wconf 87' lang='lat' dir='ltr'><strong>et</strong></span> <span class='ocrx_word' id='word_1_271' title='bbox 2887 1179 3042 1248; x_wconf 90' lang='lat' dir='ltr'><strong>quod</strong></span> <span class='ocrx_word' id='word_1_272' title='bbox 3069 1175 3247 1232; x_wconf 87' lang='lat' dir='ltr'><strong>simul</strong></span> <span class='ocrx_word' id='word_1_273' title='bbox 3279 1193 3415 1232; x_wconf 90' lang='lat' dir='ltr'><strong>cum</strong></span> <span class='ocrx_word' id='word_1_274' title='bbox 3439 1193 3573 1248; x_wconf 85' lang='lat' dir='ltr'><strong>apo-</strong></span> 
     </span>
    </p>
   </div>
   <div class='ocr_carea' id='block_1_41' title="bbox 1926 1263 3574 1336">
    <p class='ocr_par' dir='ltr' id='par_1_41' title="bbox 1926 1263 3574 1336">
     <span class='ocr_line' id='line_1_41' title="bbox 1926 1263 3574 1336; baseline 0.002 -18"><span class='ocrx_word' id='word_1_275' title='bbox 1926 1263 2095 1318; x_wconf 87' lang='lat' dir='ltr'><strong>stolis</strong></span> <span class='ocrx_word' id='word_1_276' title='bbox 2128 1263 2274 1335; x_wconf 86' lang='lat' dir='ltr'><strong>ipsis</strong></span> <span class='ocrx_word' id='word_1_277' title='bbox 2303 1269 2360 1319; x_wconf 92' lang='lat' dir='ltr'><strong>et</strong></span> <span class='ocrx_word' id='word_1_278' title='bbox 2388 1264 2533 1320; x_wconf 86' lang='lat' dir='ltr'><strong>viris</strong></span> <span class='ocrx_word' id='word_1_279' title='bbox 2565 1263 2904 1336; x_wconf 80' lang='lat' dir='ltr'><strong>apostolicis</strong></span> <span class='ocrx_word' id='word_1_280' title='bbox 2935 1265 3196 1322; x_wconf 79' lang='lat' dir='ltr'><strong>floruerit</strong></span> <span class='ocrx_word' id='word_1_281' title='bbox 3229 1281 3242 1320; x_wconf 87' lang='lat'>:</span> <span class='ocrx_word' id='word_1_282' title='bbox 3278 1269 3418 1321; x_wconf 90' lang='lat' dir='ltr'><strong>nota</strong></span> <span class='ocrx_word' id='word_1_283' title='bbox 3437 1282 3574 1322; x_wconf 87' lang='lat' dir='ltr'><strong>vero</strong></span> 
     </span>
    </p>
   </div>
   <div class='ocr_carea' id='block_1_42' title="bbox 1925 1351 3575 1426">
    <p class='ocr_par' dir='ltr' id='par_1_42' title="bbox 1925 1351 3575 1426">
     <span class='ocr_line' id='line_1_42' title="bbox 1925 1351 3575 1426; baseline 0.002 -20"><span class='ocrx_word' id='word_1_284' title='bbox 1925 1351 2153 1408; x_wconf 89' lang='lat' dir='ltr'><strong>divinos</strong></span> <span class='ocrx_word' id='word_1_285' title='bbox 2204 1352 2337 1408; x_wconf 88' lang='lat' dir='ltr'><strong>illos</strong></span> <span class='ocrx_word' id='word_1_286' title='bbox 2384 1353 2538 1409; x_wconf 89' lang='lat' dir='ltr'><strong>viros</strong></span> <span class='ocrx_word' id='word_1_287' title='bbox 2601 1353 3093 1426; x_wconf 84' lang='lat' dir='ltr'><strong>phiIOSOphorum</strong></span> <span class='ocrx_word' id='word_1_288' title='bbox 3156 1355 3350 1411; x_wconf 86' lang='lat' dir='ltr'><strong>verbis</strong></span> <span class='ocrx_word' id='word_1_289' title='bbox 3396 1355 3575 1411; x_wconf 87' lang='lat' dir='ltr'><strong>etiam</strong></span> 
     </span>
    </p>
   </div>
   <div class='ocr_carea' id='block_1_43' title="bbox 1927 1439 3575 1517">
    <p class='ocr_par' dir='ltr' id='par_1_43' title="bbox 1927 1439 3575 1517">
     <span class='ocr_line' id='line_1_43' title="bbox 1927 1439 3575 1517; baseline 0.001 -21"><span class='ocrx_word' id='word_1_290' title='bbox 1927 1458 2086 1508; x_wconf 88' lang='lat' dir='ltr'><strong>usos,</strong></span> <span class='ocrx_word' id='word_1_291' title='bbox 2151 1440 2434 1517; x_wconf 75' lang='grc' dir='ltr'>ἀφθεγξίαν</span> <span class='ocrx_word' id='word_1_292' title='bbox 2486 1441 2573 1495; x_wconf 86' lang='grc' dir='ltr'><strong>καὶ</strong></span> <span class='ocrx_word' id='word_1_293' title='bbox 2628 1439 2906 1511; x_wconf 78' lang='grc' dir='ltr'>ἀκινησίαν</span> <span class='ocrx_word' id='word_1_294' title='bbox 2962 1443 3064 1499; x_wconf 86' lang='lat' dir='ltr'><strong>Dei</strong></span> <span class='ocrx_word' id='word_1_295' title='bbox 3123 1459 3326 1515; x_wconf 90' lang='lat' dir='ltr'><strong>pacem</strong></span> <span class='ocrx_word' id='word_1_296' title='bbox 3383 1443 3575 1500; x_wconf 88' lang='lat' dir='ltr'><strong>nomi-</strong></span> 
     </span>
    </p>
   </div>
   <div class='ocr_carea' id='block_1_44' title="bbox 1925 1535 2762 1587">
    <p class='ocr_par' dir='ltr' id='par_1_44' title="bbox 1925 1535 2762 1587">
     <span class='ocr_line' id='line_1_44' title="bbox 1925 1535 2762 1587; baseline 0.008 -3"><span class='ocrx_word' id='word_1_297' title='bbox 1925 1535 2157 1587; x_wconf 85' lang='lat' dir='ltr'><strong>nantes.</strong></span> <span class='ocrx_word' id='word_1_298' title='bbox 2753 1544 2762 1549; x_wconf 86' lang='lat'>&#39;</span> 
     </span>
    </p>
   </div>
   <div class='ocr_carea' id='block_1_45' title="bbox 1995 1617 3577 1688">
    <p class='ocr_par' dir='ltr' id='par_1_45' title="bbox 1995 1617 3577 1688">
     <span class='ocr_line' id='line_1_45' title="bbox 1995 1617 3577 1688; baseline 0.003 -14"><span class='ocrx_word' id='word_1_299' title='bbox 1995 1621 2222 1676; x_wconf 81' lang='lat' dir='ltr'><strong>Deserat</strong></span> <span class='ocrx_word' id='word_1_300' title='bbox 2251 1637 2408 1676; x_wconf 76' lang='lat' dir='ltr'><strong>suam</strong></span> <span class='ocrx_word' id='word_1_301' title='bbox 2460 1622 2740 1688; x_wconf 82' lang='lat' dir='ltr'><strong>unionem,</strong></span> <span class='ocrx_word' id='word_1_302' title='bbox 2790 1621 2889 1677; x_wconf 91' lang='lat' dir='ltr'><strong>Gr.</strong></span> <span class='ocrx_word' id='word_1_303' title='bbox 2936 1617 3148 1676; x_wconf 69' lang='grc' dir='ltr'>ἕνωσιν.</span> <span class='ocrx_word' id='word_1_304' title='bbox 3202 1622 3433 1677; x_wconf 82' lang='grc' dir='ltr'>Ἕνωσιν</span> <span class='ocrx_word' id='word_1_305' title='bbox 3466 1622 3577 1678; x_wconf 91' lang='lat' dir='ltr'><strong>hoc</strong></span> 
     </span>
    </p>
   </div>
   <div class='ocr_carea' id='block_1_46' title="bbox 1924 1709 3417 1782">
    <p class='ocr_par' dir='ltr' id='par_1_46' title="bbox 1924 1709 3417 1782">
     <span class='ocr_line' id='line_1_46' title="bbox 1924 1709 3417 1782; baseline 0.003 -18"><span class='ocrx_word' id='word_1_306' title='bbox 1924 1709 2071 1776; x_wconf 91' lang='lat' dir='ltr'><strong>loco,</strong></span> <span class='ocrx_word' id='word_1_307' title='bbox 2106 1710 2374 1782; x_wconf 86' lang='lat' dir='ltr'><strong>simplex,</strong></span> <span class='ocrx_word' id='word_1_308' title='bbox 2407 1713 2464 1765; x_wconf 92' lang='lat' dir='ltr'><strong>et</strong></span> <span class='ocrx_word' id='word_1_309' title='bbox 2495 1728 2681 1766; x_wconf 89' lang='lat' dir='ltr'><strong>unum</strong></span> <span class='ocrx_word' id='word_1_310' title='bbox 2715 1727 2818 1766; x_wconf 90' lang='lat' dir='ltr'><strong>seu</strong></span> <span class='ocrx_word' id='word_1_311' title='bbox 2852 1711 3221 1767; x_wconf 89' lang='lat' dir='ltr'><strong>individuum</strong></span> <span class='ocrx_word' id='word_1_312' title='bbox 3254 1712 3417 1769; x_wconf 87' lang='lat' dir='ltr'><strong>dicit.</strong></span> 
     </span>
    </p>
   </div>
   <div class='ocr_carea' id='block_1_47' title="bbox 1996 1799 3576 1874">
    <p class='ocr_par' dir='ltr' id='par_1_47' title="bbox 1996 1799 3576 1874">
     <span class='ocr_line' id='line_1_47' title="bbox 1996 1799 3576 1874; baseline 0.002 -20"><span class='ocrx_word' id='word_1_313' title='bbox 1996 1801 2149 1854; x_wconf 75' lang='lat' dir='ltr'><strong>Intus</strong></span> <span class='ocrx_word' id='word_1_314' title='bbox 2180 1803 2288 1855; x_wconf 77' lang='lat' dir='ltr'><strong>tota</strong></span> <span class='ocrx_word' id='word_1_315' title='bbox 2318 1799 2648 1855; x_wconf 73' lang='lat' dir='ltr'><strong>manenst</strong></span> <span class='ocrx_word' id='word_1_316' title='bbox 2669 1805 2760 1856; x_wconf 90' lang='lat' dir='ltr'><strong>est</strong></span> <span class='ocrx_word' id='word_1_317' title='bbox 2791 1817 2964 1855; x_wconf 89' lang='lat' dir='ltr'><strong>suam</strong></span> <span class='ocrx_word' id='word_1_318' title='bbox 2988 1800 3408 1857; x_wconf 83' lang='lat' dir='ltr'><strong>obscuritatem</strong></span> <span class='ocrx_word' id='word_1_319' title='bbox 3435 1818 3576 1874; x_wconf 74' lang='lat' dir='ltr'><strong>prae-</strong></span> 
     </span>
    </p>
   </div>
   <div class='ocr_carea' id='block_1_48' title="bbox 1926 1888 2680 1960">
    <p class='ocr_par' dir='ltr' id='par_1_48' title="bbox 1926 1888 2680 1960">
     <span class='ocr_line' id='line_1_48' title="bbox 1926 1888 2680 1960; baseline 0.001 -17"><span class='ocrx_word' id='word_1_320' title='bbox 1926 1888 2144 1944; x_wconf 87' lang='lat' dir='ltr'><strong>teriens</strong></span> <span class='ocrx_word' id='word_1_321' title='bbox 2178 1893 2353 1960; x_wconf 89' lang='lat' dir='ltr'><strong>atque</strong></span> <span class='ocrx_word' id='word_1_322' title='bbox 2380 1890 2680 1946; x_wconf 87' lang='lat' dir='ltr'><strong>deserens.</strong></span> 
     </span>
    </p>
   </div>
   <div class='ocr_carea' id='block_1_49' title="bbox 1997 1979 3570 2053">
    <p class='ocr_par' dir='ltr' id='par_1_49' title="bbox 1997 1979 3570 2053">
     <span class='ocr_line' id='line_1_49' title="bbox 1997 1979 3570 2053; baseline 0.003 -19"><span class='ocrx_word' id='word_1_323' title='bbox 1997 1979 2132 2047; x_wconf 71' lang='lat' dir='ltr'><strong>Quae</strong></span> <span class='ocrx_word' id='word_1_324' title='bbox 2161 1979 2578 2048; x_wconf 78' lang='lat' dir='ltr'><strong>intelliguntur,</strong></span> <span class='ocrx_word' id='word_1_325' title='bbox 2612 1996 2675 2034; x_wconf 88' lang='lat' dir='ltr'><strong>ac</strong></span> <span class='ocrx_word' id='word_1_326' title='bbox 2704 1980 3067 2036; x_wconf 74' lang='lat' dir='ltr'><strong>nominantur</strong></span> <span class='ocrx_word' id='word_1_327' title='bbox 3083 1981 3218 2052; x_wconf 70' lang='lat' dir='ltr'><strong>ejus.</strong></span> <span class='ocrx_word' id='word_1_328' title='bbox 3253 1979 3570 2053; x_wconf 85' lang='lat' dir='ltr'><strong>Participa-</strong></span> 
     </span>
    </p>
   </div>
   <div class='ocr_carea' id='block_1_50' title="bbox 1924 2067 3572 2141">
    <p class='ocr_par' dir='ltr' id='par_1_50' title="bbox 1924 2067 3572 2141">
     <span class='ocr_line' id='line_1_50' title="bbox 1924 2067 3572 2141; baseline 0.002 -19"><span class='ocrx_word' id='word_1_329' title='bbox 1924 2067 2112 2124; x_wconf 85' lang='lat' dir='ltr'><strong>tiones</strong></span> <span class='ocrx_word' id='word_1_330' title='bbox 2143 2085 2270 2140; x_wconf 69' lang='lat' dir='ltr'><strong>qum</strong></span> <span class='ocrx_word' id='word_1_331' title='bbox 2301 2067 2553 2140; x_wconf 81' lang='lat' dir='ltr'><strong>intelligi</strong></span> <span class='ocrx_word' id='word_1_332' title='bbox 2582 2068 2818 2141; x_wconf 89' lang='lat' dir='ltr'><strong>dicique</strong></span> <span class='ocrx_word' id='word_1_333' title='bbox 2847 2068 3266 2140; x_wconf 82' lang='lat' dir='ltr'><strong>possunt,dicit</strong></span> <span class='ocrx_word' id='word_1_334' title='bbox 3295 2086 3572 2140; x_wconf 70' lang='lat' dir='ltr'><strong>quaecun-</strong></span> 
     </span>
    </p>
   </div>
   <div class='ocr_carea' id='block_1_51' title="bbox 1923 2158 3572 2231">
    <p class='ocr_par' dir='ltr' id='par_1_51' title="bbox 1923 2158 3572 2231">
     <span class='ocr_line' id='line_1_51' title="bbox 1923 2158 3572 2231; baseline 0.001 -19"><span class='ocrx_word' id='word_1_335' title='bbox 1923 2173 2038 2229; x_wconf 90' lang='lat' dir='ltr'><strong>que</strong></span> <span class='ocrx_word' id='word_1_336' title='bbox 2069 2158 2236 2214; x_wconf 90' lang='lat' dir='ltr'><strong>nobis</strong></span> <span class='ocrx_word' id='word_1_337' title='bbox 2268 2174 2370 2230; x_wconf 90' lang='lat' dir='ltr'><strong>per</strong></span> <span class='ocrx_word' id='word_1_338' title='bbox 2397 2175 2465 2214; x_wconf 90' lang='lat' dir='ltr'><strong>ea</strong></span> <span class='ocrx_word' id='word_1_339' title='bbox 2497 2175 2623 2230; x_wconf 69' lang='lat' dir='ltr'><strong>qua:</strong></span> <span class='ocrx_word' id='word_1_340' title='bbox 2655 2158 2713 2213; x_wconf 91' lang='lat' dir='ltr'><strong>in</strong></span> <span class='ocrx_word' id='word_1_341' title='bbox 2745 2158 3049 2231; x_wconf 87' lang='lat' dir='ltr'><strong>Scriptura</strong></span> <span class='ocrx_word' id='word_1_342' title='bbox 3097 2159 3376 2216; x_wconf 85' lang='lat' dir='ltr'><strong>dicuntur</strong></span> <span class='ocrx_word' id='word_1_343' title='bbox 3396 2158 3572 2215; x_wconf 83' lang='lat' dir='ltr'><strong>intel-</strong></span> 
     </span>
    </p>
   </div>
   <div class='ocr_carea' id='block_1_52' title="bbox 1921 2246 2606 2319">
    <p class='ocr_par' dir='ltr' id='par_1_52' title="bbox 1921 2246 2606 2319">
     <span class='ocr_line' id='line_1_52' title="bbox 1921 2246 2606 2319; baseline 0.001 -18"><span class='ocrx_word' id='word_1_344' title='bbox 1921 2246 2096 2317; x_wconf 82' lang='lat' dir='ltr'><strong>ligere</strong></span> <span class='ocrx_word' id='word_1_345' title='bbox 2128 2247 2418 2319; x_wconf 87' lang='lat' dir='ltr'><strong>permissa</strong></span> <span class='ocrx_word' id='word_1_346' title='bbox 2446 2252 2606 2303; x_wconf 91' lang='lat' dir='ltr'><strong>sunt.</strong></span> 
     </span>
    </p>
   </div>
   <div class='ocr_carea' id='block_1_53' title="bbox 1992 2337 3568 2410">
    <p class='ocr_par' dir='ltr' id='par_1_53' title="bbox 1992 2337 3568 2410">
     <span class='ocr_line' id='line_1_53' title="bbox 1992 2337 3568 2410; baseline 0.002 -19"><span class='ocrx_word' id='word_1_347' title='bbox 1992 2340 2019 2405; x_wconf 88' lang='lat'><strong>§</strong></span> <span class='ocrx_word' id='word_1_348' title='bbox 2051 2337 2121 2393; x_wconf 85' lang='lat' dir='ltr'><strong>II.</strong></span> <span class='ocrx_word' id='word_1_349' title='bbox 2153 2337 2376 2392; x_wconf 78' lang='lat' dir='ltr'><strong>Minime</strong></span> <span class='ocrx_word' id='word_1_350' title='bbox 2404 2340 2634 2410; x_wconf 74' lang='lat' dir='ltr'><strong>confusa</strong></span> <span class='ocrx_word' id='word_1_351' title='bbox 2663 2340 2909 2410; x_wconf 74' lang='lat' dir='ltr'><strong>ipsorum</strong></span> <span class='ocrx_word' id='word_1_352' title='bbox 2955 2339 3355 2410; x_wconf 77' lang='lat' dir='ltr'><strong>conjunctione.</strong></span> <span class='ocrx_word' id='word_1_353' title='bbox 3405 2338 3568 2402; x_wconf 86' lang='lat' dir='ltr'><strong>Quod</strong></span> 
     </span>
    </p>
   </div>
   <div class='ocr_carea' id='block_1_54' title="bbox 1920 2423 3564 2498">
    <p class='ocr_par' dir='ltr' id='par_1_54' title="bbox 1920 2423 3564 2498">
     <span class='ocr_line' id='line_1_54' title="bbox 1920 2423 3564 2498; baseline 0.001 -15"><span class='ocrx_word' id='word_1_354' title='bbox 1920 2425 2176 2483; x_wconf 88' lang='lat' dir='ltr'><strong>etiamea</strong></span> <span class='ocrx_word' id='word_1_355' title='bbox 2197 2443 2324 2498; x_wconf 83' lang='lat' dir='ltr'><strong>quae</strong></span> <span class='ocrx_word' id='word_1_356' title='bbox 2352 2426 2411 2481; x_wconf 92' lang='lat' dir='ltr'><strong>in</strong></span> <span class='ocrx_word' id='word_1_357' title='bbox 2443 2427 3207 2498; x_wconf 87' lang='lat' dir='ltr'><strong>compositionemveniunt,</strong></span> <span class='ocrx_word' id='word_1_358' title='bbox 3237 2423 3428 2480; x_wconf 73' lang='grc' dir='ltr'>ἕνωσιν</span> <span class='ocrx_word' id='word_1_359' title='bbox 3459 2444 3564 2484; x_wconf 88' lang='lat' dir='ltr'><strong>vo-</strong></span> 
     </span>
    </p>
   </div>
   <div class='ocr_carea' id='block_1_55' title="bbox 1922 2514 3564 2588">
    <p class='ocr_par' dir='ltr' id='par_1_55' title="bbox 1922 2514 3564 2588">
     <span class='ocr_line' id='line_1_55' title="bbox 1922 2514 3564 2588; baseline 0 -18"><span class='ocrx_word' id='word_1_360' title='bbox 1922 2520 2014 2570; x_wconf 89' lang='lat' dir='ltr'><strong>cat</strong></span> <span class='ocrx_word' id='word_1_361' title='bbox 2045 2531 2057 2569; x_wconf 92' lang='lat'>:</span> <span class='ocrx_word' id='word_1_362' title='bbox 2093 2514 2201 2571; x_wconf 90' lang='lat' dir='ltr'><strong>etsi</strong></span> <span class='ocrx_word' id='word_1_363' title='bbox 2232 2520 2371 2570; x_wconf 90' lang='lat' dir='ltr'><strong>sunt</strong></span> <span class='ocrx_word' id='word_1_364' title='bbox 2396 2515 2710 2571; x_wconf 79' lang='lat' dir='ltr'><strong>dissimilia</strong></span> <span class='ocrx_word' id='word_1_365' title='bbox 2741 2533 2753 2570; x_wconf 91' lang='lat'>:</span> <span class='ocrx_word' id='word_1_366' title='bbox 2791 2532 2855 2571; x_wconf 89' lang='lat' dir='ltr'><strong>ac</strong></span> <span class='ocrx_word' id='word_1_367' title='bbox 2874 2515 3044 2588; x_wconf 87' lang='lat' dir='ltr'><strong>quale</strong></span> <span class='ocrx_word' id='word_1_368' title='bbox 3077 2516 3219 2572; x_wconf 90' lang='lat' dir='ltr'><strong>dicit</strong></span> <span class='ocrx_word' id='word_1_369' title='bbox 3249 2517 3405 2588; x_wconf 90' lang='lat' dir='ltr'><strong>quod</strong></span> <span class='ocrx_word' id='word_1_370' title='bbox 3429 2519 3564 2573; x_wconf 84' lang='lat' dir='ltr'><strong>ante</strong></span> 
     </span>
    </p>
   </div>
   <div class='ocr_carea' id='block_1_56' title="bbox 1921 2602 2723 2660">
    <p class='ocr_par' dir='ltr' id='par_1_56' title="bbox 1921 2602 2723 2660">
     <span class='ocr_line' id='line_1_56' title="bbox 1921 2602 2723 2660; baseline 0.002 -2"><span class='ocrx_word' id='word_1_371' title='bbox 1921 2603 2068 2658; x_wconf 83' lang='lat' dir='ltr'><strong>dixit</strong></span> <span class='ocrx_word' id='word_1_372' title='bbox 2097 2603 2446 2659; x_wconf 86' lang='lat' dir='ltr'><strong>intestinum</strong></span> <span class='ocrx_word' id='word_1_373' title='bbox 2481 2602 2723 2660; x_wconf 85' lang='lat' dir='ltr'><strong>bellum.</strong></span> 
     </span>
    </p>
   </div>
   <div class='ocr_carea' id='block_1_57' title="bbox 1993 2693 3568 2766">
    <p class='ocr_par' dir='ltr' id='par_1_57' title="bbox 1993 2693 3568 2766">
     <span class='ocr_line' id='line_1_57' title="bbox 1993 2693 3568 2766; baseline 0.001 -19"><span class='ocrx_word' id='word_1_374' title='bbox 1993 2694 2186 2748; x_wconf 86' lang='lat' dir='ltr'><strong>Tamen</strong></span> <span class='ocrx_word' id='word_1_375' title='bbox 2215 2710 2377 2764; x_wconf 76' lang='lat' dir='ltr'><strong>pura.</strong></span> <span class='ocrx_word' id='word_1_376' title='bbox 2410 2693 2534 2749; x_wconf 89' lang='lat' dir='ltr'><strong>Etsi</strong></span> <span class='ocrx_word' id='word_1_377' title='bbox 2557 2693 2865 2760; x_wconf 89' lang='lat' dir='ltr'><strong>elementa,</strong></span> <span class='ocrx_word' id='word_1_378' title='bbox 2898 2694 3113 2766; x_wconf 87' lang='lat' dir='ltr'><strong>inquit,</strong></span> <span class='ocrx_word' id='word_1_379' title='bbox 3149 2694 3488 2750; x_wconf 86' lang='lat' dir='ltr'><strong>mistionem</strong></span> <span class='ocrx_word' id='word_1_380' title='bbox 3510 2697 3568 2749; x_wconf 86' lang='lat' dir='ltr'><strong>et</strong></span> 
     </span>
    </p>
   </div>
   <div class='ocr_carea' id='block_1_58' title="bbox 1921 2781 3563 2854">
    <p class='ocr_par' dir='ltr' id='par_1_58' title="bbox 1921 2781 3563 2854">
     <span class='ocr_line' id='line_1_58' title="bbox 1921 2781 3563 2854; baseline -0.001 -16"><span class='ocrx_word' id='word_1_381' title='bbox 1921 2781 2289 2854; x_wconf 85' lang='lat' dir='ltr'><strong>complexum</strong></span> <span class='ocrx_word' id='word_1_382' title='bbox 2323 2781 2478 2838; x_wconf 87' lang='lat' dir='ltr'><strong>inter</strong></span> <span class='ocrx_word' id='word_1_383' title='bbox 2506 2799 2565 2838; x_wconf 90' lang='lat' dir='ltr'><strong>se</strong></span> <span class='ocrx_word' id='word_1_384' title='bbox 2598 2783 2844 2838; x_wconf 89' lang='lat' dir='ltr'><strong>minime</strong></span> <span class='ocrx_word' id='word_1_385' title='bbox 2873 2783 3227 2839; x_wconf 83' lang='lat' dir='ltr'><strong>divisibilem</strong></span> <span class='ocrx_word' id='word_1_386' title='bbox 3259 2783 3518 2839; x_wconf 87' lang='lat' dir='ltr'><strong>habeant</strong></span> <span class='ocrx_word' id='word_1_387' title='bbox 3549 2798 3563 2837; x_wconf 90' lang='lat'><strong>:</strong></span> 
     </span>
    </p>
   </div>
   <div class='ocr_carea' id='block_1_59' title="bbox 1921 2871 3573 2944">
    <p class='ocr_par' dir='ltr' id='par_1_59' title="bbox 1921 2871 3573 2944">
     <span class='ocr_line' id='line_1_59' title="bbox 1921 2871 3573 2944; baseline 0.001 -18"><span class='ocrx_word' id='word_1_388' title='bbox 1921 2876 2116 2928; x_wconf 88' lang='lat' dir='ltr'><strong>tamen</strong></span> <span class='ocrx_word' id='word_1_389' title='bbox 2150 2871 2359 2927; x_wconf 86' lang='lat' dir='ltr'><strong>horum</strong></span> <span class='ocrx_word' id='word_1_390' title='bbox 2402 2871 2714 2940; x_wconf 83' lang='lat' dir='ltr'><strong>qualitates</strong></span> <span class='ocrx_word' id='word_1_391' title='bbox 2759 2889 2872 2927; x_wconf 91' lang='lat' dir='ltr'><strong>non</strong></span> <span class='ocrx_word' id='word_1_392' title='bbox 2903 2871 3053 2927; x_wconf 88' lang='lat' dir='ltr'><strong>male</strong></span> <span class='ocrx_word' id='word_1_393' title='bbox 3098 2873 3352 2944; x_wconf 88' lang='lat' dir='ltr'><strong>perdunt</strong></span> <span class='ocrx_word' id='word_1_394' title='bbox 3401 2889 3573 2927; x_wconf 87' lang='lat' dir='ltr'><strong>suam</strong></span> 
     </span>
    </p>
   </div>
   <div class='ocr_carea' id='block_1_60' title="bbox 1923 2959 3574 3033">
    <p class='ocr_par' dir='ltr' id='par_1_60' title="bbox 1923 2959 3574 3033">
     <span class='ocr_line' id='line_1_60' title="bbox 1923 2959 3574 3033; baseline -0.001 -16"><span class='ocrx_word' id='word_1_395' title='bbox 1923 2960 2372 3026; x_wconf 81' lang='lat' dir='ltr'><strong>extremitatem,</strong></span> <span class='ocrx_word' id='word_1_396' title='bbox 2402 2959 2580 3016; x_wconf 89' lang='lat' dir='ltr'><strong>veluti</strong></span> <span class='ocrx_word' id='word_1_397' title='bbox 2614 2960 2895 3028; x_wconf 88' lang='lat' dir='ltr'><strong>calidum,</strong></span> <span class='ocrx_word' id='word_1_398' title='bbox 2927 2961 3245 3032; x_wconf 89' lang='lat' dir='ltr'><strong>siccum,et</strong></span> <span class='ocrx_word' id='word_1_399' title='bbox 3274 2959 3494 3033; x_wconf 86' lang='lat' dir='ltr'><strong>reliqua</strong></span> <span class='ocrx_word' id='word_1_400' title='bbox 3514 2962 3574 3016; x_wconf 87' lang='lat' dir='ltr'><strong>in</strong></span> 
     </span>
    </p>
   </div>
   <div class='ocr_carea' id='block_1_61' title="bbox 1923 3049 3572 3122">
    <p class='ocr_par' dir='ltr' id='par_1_61' title="bbox 1923 3049 3572 3122">
     <span class='ocr_line' id='line_1_61' title="bbox 1923 3049 3572 3122; baseline -0.001 -16"><span class='ocrx_word' id='word_1_401' title='bbox 1923 3067 2122 3106; x_wconf 89' lang='lat' dir='ltr'><strong>eorum</strong></span> <span class='ocrx_word' id='word_1_402' title='bbox 2159 3067 2284 3121; x_wconf 68' lang='lat' dir='ltr'><strong>quas</strong></span> <span class='ocrx_word' id='word_1_403' title='bbox 2317 3049 2557 3105; x_wconf 76' lang='lat' dir='ltr'><strong>diversae</strong></span> <span class='ocrx_word' id='word_1_404' title='bbox 2589 3050 2787 3105; x_wconf 64' lang='lat' dir='ltr'><strong>forma</strong></span> <span class='ocrx_word' id='word_1_405' title='bbox 2819 3055 2960 3104; x_wconf 90' lang='lat' dir='ltr'><strong>sunt</strong></span> <span class='ocrx_word' id='word_1_406' title='bbox 3012 3049 3313 3122; x_wconf 88' lang='lat' dir='ltr'><strong>temperie,</strong></span> <span class='ocrx_word' id='word_1_407' title='bbox 3348 3050 3408 3105; x_wconf 90' lang='lat' dir='ltr'><strong>in</strong></span> <span class='ocrx_word' id='word_1_408' title='bbox 3441 3049 3572 3106; x_wconf 89' lang='lat' dir='ltr'><strong>uni-</strong></span> 
     </span>
    </p>
   </div>
   <div class='ocr_carea' id='block_1_62' title="bbox 1922 3139 2573 3196">
    <p class='ocr_par' dir='ltr' id='par_1_62' title="bbox 1922 3139 2573 3196">
     <span class='ocr_line' id='line_1_62' title="bbox 1922 3139 2573 3196; baseline -0.002 -1"><span class='ocrx_word' id='word_1_409' title='bbox 1922 3156 2088 3196; x_wconf 89' lang='lat' dir='ltr'><strong>verso</strong></span> <span class='ocrx_word' id='word_1_410' title='bbox 2120 3139 2573 3195; x_wconf 81' lang='lat' dir='ltr'><strong>consideratam.</strong></span> 
     </span>
    </p>
   </div>
   <div class='ocr_carea' id='block_1_63' title="bbox 1995 3229 3576 3300">
    <p class='ocr_par' dir='ltr' id='par_1_63' title="bbox 1995 3229 3576 3300">
     <span class='ocr_line' id='line_1_63' title="bbox 1995 3229 3576 3300; baseline 0 -16"><span class='ocrx_word' id='word_1_411' title='bbox 1995 3230 2142 3284; x_wconf 72' lang='lat'><strong>217</strong></span> <span class='ocrx_word' id='word_1_412' title='bbox 2176 3233 2284 3283; x_wconf 86' lang='lat' dir='ltr'><strong>Per</strong></span> <span class='ocrx_word' id='word_1_413' title='bbox 2312 3231 2718 3284; x_wconf 79' lang='lat' dir='ltr'><strong>contrariorum</strong></span> <span class='ocrx_word' id='word_1_414' title='bbox 2735 3230 3222 3298; x_wconf 77' lang='lat' dir='ltr'><strong>temperationem.</strong></span> <span class='ocrx_word' id='word_1_415' title='bbox 3258 3229 3576 3300; x_wconf 82' lang='lat' dir='ltr'><strong>Tempera-</strong></span> 
     </span>
    </p>
   </div>
   <div class='ocr_carea' id='block_1_64' title="bbox 173 3291 1812 3392">
    <p class='ocr_par' dir='ltr' id='par_1_64' title="bbox 173 3313 1810 3392">
     <span class='ocr_line' id='line_1_64' title="bbox 173 3313 1810 3392; baseline 0.001 -24"><span class='ocrx_word' id='word_1_416' title='bbox 173 3319 379 3387; x_wconf 79' lang='grc' dir='ltr'>νοητέον</span> <span class='ocrx_word' id='word_1_417' title='bbox 411 3315 473 3371; x_wconf 81' lang='grc' dir='ltr'>οὐ</span> <span class='ocrx_word' id='word_1_418' title='bbox 530 3317 630 3384; x_wconf 79' lang='grc' dir='ltr'>τήν</span> <span class='ocrx_word' id='word_1_419' title='bbox 683 3315 758 3377; x_wconf 85' lang='grc' dir='ltr'>ὡς</span> <span class='ocrx_word' id='word_1_420' title='bbox 816 3313 1028 3370; x_wconf 62' lang='lat' dir='ltr'><strong>inito-3</strong></span> <span class='ocrx_word' id='word_1_421' title='bbox 1064 3316 1228 3391; x_wconf 76' lang='grc' dir='ltr'>ὑγροῦ</span> <span class='ocrx_word' id='word_1_422' title='bbox 1259 3315 1507 3392; x_wconf 72' lang='grc' dir='ltr'>φυρασιν,</span> <span class='ocrx_word' id='word_1_423' title='bbox 1563 3315 1653 3370; x_wconf 84' lang='grc' dir='ltr'><strong>καὶ</strong></span> <span class='ocrx_word' id='word_1_424' title='bbox 1709 3316 1810 3384; x_wconf 84' lang='grc' dir='ltr'>τήν</span> 
     </span>
    </p>
   </div>
   <div class='ocr_carea' id='block_1_65' title="bbox 1936 3291 3574 3392">
    <p class='ocr_par' dir='ltr' id='par_1_65' title="bbox 1936 3315 3574 3388">
     <span class='ocr_line' id='line_1_65' title="bbox 1936 3315 3574 3388; baseline -0.001 -17"><span class='ocrx_word' id='word_1_425' title='bbox 1936 3317 2139 3372; x_wconf 71' lang='lat' dir='ltr'><strong>.ionem</strong></span> <span class='ocrx_word' id='word_1_426' title='bbox 2175 3317 2281 3372; x_wconf 90' lang='lat' dir='ltr'><strong>hoc</strong></span> <span class='ocrx_word' id='word_1_427' title='bbox 2314 3315 3047 3386; x_wconf 76' lang='lat' dir='ltr'><strong>locointelligendum,non</strong></span> <span class='ocrx_word' id='word_1_428' title='bbox 3064 3334 3194 3373; x_wconf 89' lang='lat' dir='ltr'><strong>eam</strong></span> <span class='ocrx_word' id='word_1_429' title='bbox 3218 3334 3346 3388; x_wconf 73' lang='lat' dir='ltr'><strong>qua:</strong></span> <span class='ocrx_word' id='word_1_430' title='bbox 3381 3317 3438 3371; x_wconf 91' lang='lat' dir='ltr'><strong>in</strong></span> <span class='ocrx_word' id='word_1_431' title='bbox 3464 3317 3574 3371; x_wconf 85' lang='lat' dir='ltr'><strong>bu-</strong></span> 
     </span>
    </p>
   </div>
   <div class='ocr_carea' id='block_1_66' title="bbox 177 3403 1814 3480">
    <p class='ocr_par' dir='ltr' id='par_1_66' title="bbox 177 3403 1814 3480">
     <span class='ocr_line' id='line_1_66' title="bbox 177 3403 1814 3480; baseline -0.001 -20"><span class='ocrx_word' id='word_1_432' title='bbox 177 3407 520 3480; x_wconf 64' lang='grc' dir='ltr'>ἁοανίζουσαν</span> <span class='ocrx_word' id='word_1_433' title='bbox 547 3405 616 3459; x_wconf 80' lang='grc' dir='ltr'><strong>τὰ</strong></span> <span class='ocrx_word' id='word_1_434' title='bbox 651 3404 1003 3477; x_wconf 80' lang='grc' dir='ltr'>ὑποκείμενα,</span> <span class='ocrx_word' id='word_1_435' title='bbox 1034 3403 1182 3460; x_wconf 76' lang='grc' dir='ltr'>ἀλλὰ</span> <span class='ocrx_word' id='word_1_436' title='bbox 1208 3406 1306 3472; x_wconf 75' lang='grc' dir='ltr'>τὴν</span> <span class='ocrx_word' id='word_1_437' title='bbox 1363 3403 1665 3477; x_wconf 68' lang='grc' dir='ltr'>σύμπνοιαν</span> <span class='ocrx_word' id='word_1_438' title='bbox 1725 3405 1814 3459; x_wconf 82' lang='grc' dir='ltr'><strong>καὶ</strong></span> 
     </span>
    </p>
   </div>
   <div class='ocr_carea' id='block_1_67' title="bbox 177 3491 1815 3571">
    <p class='ocr_par' dir='ltr' id='par_1_67' title="bbox 177 3491 1815 3571">
     <span class='ocr_line' id='line_1_67' title="bbox 177 3491 1815 3571; baseline 0.001 -24"><span class='ocrx_word' id='word_1_439' title='bbox 177 3492 569 3568; x_wconf 78' lang='grc' dir='ltr'>ἀλληλουχίαν,</span> <span class='ocrx_word' id='word_1_440' title='bbox 615 3494 716 3563; x_wconf 80' lang='grc' dir='ltr'>τήν</span> <span class='ocrx_word' id='word_1_441' title='bbox 766 3492 816 3547; x_wconf 73' lang='grc' dir='ltr'>ἐν</span> <span class='ocrx_word' id='word_1_442' title='bbox 867 3491 1104 3568; x_wconf 77' lang='grc' dir='ltr'>ἁρμονίᾳ</span> <span class='ocrx_word' id='word_1_443' title='bbox 1143 3493 1514 3571; x_wconf 69' lang='grc' dir='ltr'>φυλᾶίττουσαν</span> <span class='ocrx_word' id='word_1_444' title='bbox 1573 3495 1637 3548; x_wconf 68' lang='grc' dir='ltr'>τὰ</span> <span class='ocrx_word' id='word_1_445' title='bbox 1695 3493 1815 3560; x_wconf 81' lang='grc' dir='ltr'><strong>ἐφε-</strong></span> 
     </span>
    </p>
   </div>
   <div class='ocr_carea' id='block_1_68' title="bbox 175 3580 1815 3660">
    <p class='ocr_par' dir='ltr' id='par_1_68' title="bbox 175 3580 1815 3660">
     <span class='ocr_line' id='line_1_68' title="bbox 175 3580 1815 3660; baseline 0 -24"><span class='ocrx_word' id='word_1_446' title='bbox 175 3586 367 3636; x_wconf 77' lang='grc' dir='ltr'>στῶτατ</span> <span class='ocrx_word' id='word_1_447' title='bbox 411 3581 501 3636; x_wconf 84' lang='grc' dir='ltr'><strong>καὶ</strong></span> <span class='ocrx_word' id='word_1_448' title='bbox 557 3581 624 3635; x_wconf 77' lang='grc' dir='ltr'>τὰ</span> <span class='ocrx_word' id='word_1_449' title='bbox 683 3580 1107 3656; x_wconf 71' lang='grc' dir='ltr'>ὑποτεταγμένα·</span> <span class='ocrx_word' id='word_1_450' title='bbox 1168 3583 1337 3653; x_wconf 84' lang='grc' dir='ltr'>νοητά</span> <span class='ocrx_word' id='word_1_451' title='bbox 1389 3604 1531 3660; x_wconf 71' lang='grc' dir='ltr'>φημι</span> <span class='ocrx_word' id='word_1_452' title='bbox 1590 3582 1678 3638; x_wconf 69' lang='grc' dir='ltr'><strong>καί</strong></span> <span class='ocrx_word' id='word_1_453' title='bbox 1728 3583 1815 3637; x_wconf 85' lang='grc' dir='ltr'><strong>αἰ-</strong></span> 
     </span>
    </p>
   </div>
   <div class='ocr_carea' id='block_1_69' title="bbox 178 3667 1815 3744">
    <p class='ocr_par' dir='ltr' id='par_1_69' title="bbox 178 3667 1815 3744">
     <span class='ocr_line' id='line_1_69' title="bbox 178 3667 1815 3744; baseline 0.001 -22"><span class='ocrx_word' id='word_1_454' title='bbox 178 3672 354 3740; x_wconf 71' lang='grc' dir='ltr'>σθητὰ,</span> <span class='ocrx_word' id='word_1_455' title='bbox 383 3669 632 3724; x_wconf 71' lang='grc' dir='ltr'>τουτέστι</span> <span class='ocrx_word' id='word_1_456' title='bbox 687 3670 756 3724; x_wconf 77' lang='grc' dir='ltr'>τὰ</span> <span class='ocrx_word' id='word_1_457' title='bbox 783 3669 840 3724; x_wconf 77' lang='grc' dir='ltr'>ἐν</span> <span class='ocrx_word' id='word_1_458' title='bbox 873 3671 1102 3744; x_wconf 74' lang='grc' dir='ltr'>γενέσει,</span> <span class='ocrx_word' id='word_1_459' title='bbox 1151 3671 1240 3725; x_wconf 83' lang='grc' dir='ltr'><strong>καὶ</strong></span> <span class='ocrx_word' id='word_1_460' title='bbox 1296 3670 1426 3724; x_wconf 79' lang='grc' dir='ltr'>αὐτᾶ</span> <span class='ocrx_word' id='word_1_461' title='bbox 1485 3667 1542 3724; x_wconf 75' lang='grc' dir='ltr'><strong>δὲ</strong></span> <span class='ocrx_word' id='word_1_462' title='bbox 1569 3671 1635 3725; x_wconf 72' lang='grc' dir='ltr'>τὰ</span> <span class='ocrx_word' id='word_1_463' title='bbox 1663 3669 1815 3724; x_wconf 81' lang='grc' dir='ltr'>ἐναν-</span> 
     </span>
    </p>
   </div>
   <div class='ocr_carea' id='block_1_70' title="bbox 178 3757 1814 3834">
    <p class='ocr_par' dir='ltr' id='par_1_70' title="bbox 178 3757 1814 3834">
     <span class='ocr_line' id='line_1_70' title="bbox 178 3757 1814 3834; baseline 0.002 -23"><span class='ocrx_word' id='word_1_464' title='bbox 178 3759 272 3828; x_wconf 87' lang='grc' dir='ltr'>τία,</span> <span class='ocrx_word' id='word_1_465' title='bbox 302 3762 418 3814; x_wconf 75' lang='grc' dir='ltr'>οἷον</span> <span class='ocrx_word' id='word_1_466' title='bbox 464 3757 817 3834; x_wconf 77' lang='grc' dir='ltr'>εἷ’ρηνεύοντα</span> <span class='ocrx_word' id='word_1_467' title='bbox 863 3759 1000 3830; x_wconf 87' lang='grc' dir='ltr'>πρὸς</span> <span class='ocrx_word' id='word_1_468' title='bbox 1049 3758 1295 3830; x_wconf 80' lang='grc' dir='ltr'>ἄλληλα,</span> <span class='ocrx_word' id='word_1_469' title='bbox 1329 3759 1402 3820; x_wconf 84' lang='grc' dir='ltr'>ὡς</span> <span class='ocrx_word' id='word_1_470' title='bbox 1430 3760 1492 3813; x_wconf 81' lang='grc' dir='ltr'>τὸ</span> <span class='ocrx_word' id='word_1_471' title='bbox 1524 3757 1668 3834; x_wconf 71' lang='grc' dir='ltr'><strong>ὕδωρ</strong></span> <span class='ocrx_word' id='word_1_472' title='bbox 1724 3759 1814 3814; x_wconf 87' lang='grc' dir='ltr'><strong>καὶ</strong></span> 
     </span>
    </p>
   </div>
   <div class='ocr_carea' id='block_1_71' title="bbox 181 3841 1812 3922">
    <p class='ocr_par' dir='ltr' id='par_1_71' title="bbox 181 3841 1812 3922">
     <span class='ocr_line' id='line_1_71' title="bbox 181 3841 1812 3922; baseline 0.002 -22"><span class='ocrx_word' id='word_1_473' title='bbox 181 3850 267 3915; x_wconf 65' lang='grc' dir='ltr'>τὴν</span> <span class='ocrx_word' id='word_1_474' title='bbox 294 3855 416 3922; x_wconf 83' lang='grc' dir='ltr'>γῆν,</span> <span class='ocrx_word' id='word_1_475' title='bbox 451 3847 497 3919; x_wconf 83' lang='grc' dir='ltr'>ᾧ</span> <span class='ocrx_word' id='word_1_476' title='bbox 527 3841 976 3922; x_wconf 69' lang='grc' dir='ltr'>περιϐεϐλημένη</span> <span class='ocrx_word' id='word_1_477' title='bbox 1009 3850 1042 3916; x_wconf 82' lang='grc' dir='ltr'>ἡ</span> <span class='ocrx_word' id='word_1_478' title='bbox 1074 3855 1144 3922; x_wconf 84' lang='grc' dir='ltr'>γῆ</span> <span class='ocrx_word' id='word_1_479' title='bbox 1180 3849 1245 3902; x_wconf 79' lang='grc' dir='ltr'>οὐ</span> <span class='ocrx_word' id='word_1_480' title='bbox 1280 3847 1488 3919; x_wconf 69' lang='grc' dir='ltr'>λύεται,</span> <span class='ocrx_word' id='word_1_481' title='bbox 1540 3847 1630 3902; x_wconf 79' lang='grc' dir='ltr'><strong>καὶ</strong></span> <span class='ocrx_word' id='word_1_482' title='bbox 1663 3849 1691 3903; x_wconf 86' lang='grc' dir='ltr'>ὁ</span> <span class='ocrx_word' id='word_1_483' title='bbox 1724 3848 1812 3903; x_wconf 78' lang='grc' dir='ltr'><strong>οὐ·</strong></span> 
     </span>
    </p>
   </div>
   <div class='ocr_carea' id='block_1_72' title="bbox 186 3933 1814 4012">
    <p class='ocr_par' dir='ltr' id='par_1_72' title="bbox 186 3933 1814 4012">
     <span class='ocr_line' id='line_1_72' title="bbox 186 3933 1814 4012; baseline 0.002 -23"><span class='ocrx_word' id='word_1_484' title='bbox 186 3938 325 4009; x_wconf 76' lang='grc' dir='ltr'>ρανὸς</span> <span class='ocrx_word' id='word_1_485' title='bbox 355 3937 405 4007; x_wconf 77' lang='grc' dir='ltr'><strong>ἐξ</strong></span> <span class='ocrx_word' id='word_1_486' title='bbox 464 3934 660 3997; x_wconf 77' lang='grc' dir='ltr'>ὕδατος</span> <span class='ocrx_word' id='word_1_487' title='bbox 710 3933 806 4007; x_wconf 80' lang='grc' dir='ltr'>ὢν,</span> <span class='ocrx_word' id='word_1_488' title='bbox 853 3936 997 3992; x_wconf 83' lang='grc' dir='ltr'>καὶὸ</span> <span class='ocrx_word' id='word_1_489' title='bbox 1047 3937 1208 4012; x_wconf 77' lang='grc' dir='ltr'>αἰθὴρ</span> <span class='ocrx_word' id='word_1_490' title='bbox 1242 3937 1302 3991; x_wconf 72' lang='grc' dir='ltr'><strong>οὗ</strong></span> <span class='ocrx_word' id='word_1_491' title='bbox 1333 3935 1476 3990; x_wconf 75' lang='grc' dir='ltr'>λύων</span> <span class='ocrx_word' id='word_1_492' title='bbox 1508 3937 1598 3992; x_wconf 85' lang='grc' dir='ltr'>τὸν</span> <span class='ocrx_word' id='word_1_493' title='bbox 1649 3937 1814 4012; x_wconf 81' lang='grc' dir='ltr'>οὖρα-</span> 
     </span>
    </p>
   </div>
   <div class='ocr_carea' id='block_1_73' title="bbox 184 4023 1810 4102">
    <p class='ocr_par' dir='ltr' id='par_1_73' title="bbox 184 4023 1810 4102">
     <span class='ocr_line' id='line_1_73' title="bbox 184 4023 1810 4102; baseline 0.003 -26"><span class='ocrx_word' id='word_1_494' title='bbox 184 4024 280 4078; x_wconf 81' lang='grc' dir='ltr'><strong>νὸν·</strong></span> <span class='ocrx_word' id='word_1_495' title='bbox 312 4027 396 4080; x_wconf 75' lang='grc' dir='ltr'><strong>καὶ</strong></span> <span class='ocrx_word' id='word_1_496' title='bbox 428 4024 586 4087; x_wconf 75' lang='grc' dir='ltr'>οὗτός</span> <span class='ocrx_word' id='word_1_497' title='bbox 621 4023 760 4079; x_wconf 76' lang='grc' dir='ltr'>ἐστιν</span> <span class='ocrx_word' id='word_1_498' title='bbox 785 4025 813 4079; x_wconf 82' lang='grc' dir='ltr'>ὁ</span> <span class='ocrx_word' id='word_1_499' title='bbox 845 4024 1112 4102; x_wconf 63' lang='grc' dir='ltr'>ἐμφτᾶλιος</span> <span class='ocrx_word' id='word_1_500' title='bbox 1144 4025 1408 4098; x_wconf 83' lang='grc' dir='ltr'>πόλεμος,</span> <span class='ocrx_word' id='word_1_501' title='bbox 1443 4027 1501 4081; x_wconf 86' lang='grc' dir='ltr'><strong>’ὸν</strong></span> <span class='ocrx_word' id='word_1_502' title='bbox 1535 4025 1597 4080; x_wconf 71' lang='grc' dir='ltr'>οὗ</span> <span class='ocrx_word' id='word_1_503' title='bbox 1647 4026 1810 4100; x_wconf 77' lang='grc' dir='ltr'>μόνον</span> 
     </span>
    </p>
   </div>
   <div class='ocr_carea' id='block_1_74' title="bbox 189 4112 1812 4194">
    <p class='ocr_par' dir='ltr' id='par_1_74' title="bbox 189 4112 1812 4194">
     <span class='ocr_line' id='line_1_74' title="bbox 189 4112 1812 4194; baseline 0.003 -28"><span class='ocrx_word' id='word_1_504' title='bbox 189 4114 211 4166; x_wconf 78' lang='grc' dir='ltr'>ὁ</span> <span class='ocrx_word' id='word_1_505' title='bbox 257 4112 588 4190; x_wconf 77' lang='grc' dir='ltr'>δημιουργὸς</span> <span class='ocrx_word' id='word_1_506' title='bbox 638 4117 821 4183; x_wconf 75' lang='grc' dir='ltr'>σοφῶς</span> <span class='ocrx_word' id='word_1_507' title='bbox 867 4112 1094 4187; x_wconf 69' lang='grc' dir='ltr'>ἐξεῦρεν,</span> <span class='ocrx_word' id='word_1_508' title='bbox 1143 4113 1288 4169; x_wconf 76' lang='grc' dir='ltr'>ἀλλὰ</span> <span class='ocrx_word' id='word_1_509' title='bbox 1341 4115 1430 4170; x_wconf 80' lang='grc' dir='ltr'><strong>καὶ</strong></span> <span class='ocrx_word' id='word_1_510' title='bbox 1489 4117 1812 4194; x_wconf 72' lang='grc' dir='ltr'>σοφιυτὲρως</span> 
     </span>
    </p>
   </div>
   <div class='ocr_carea' id='block_1_75' title="bbox 191 4200 1810 4280">
    <p class='ocr_par' dir='ltr' id='par_1_75' title="bbox 191 4200 1810 4280">
     <span class='ocr_line' id='line_1_75' title="bbox 191 4200 1810 4280; baseline 0.003 -25"><span class='ocrx_word' id='word_1_511' title='bbox 191 4200 252 4264; x_wconf 52' lang='lat' dir='ltr'><strong>si;</strong></span> <span class='ocrx_word' id='word_1_512' title='bbox 297 4203 478 4280; x_wconf 71' lang='grc' dir='ltr'>φιλίαν</span> <span class='ocrx_word' id='word_1_513' title='bbox 524 4202 616 4257; x_wconf 78' lang='grc' dir='ltr'><strong>καὶ</strong></span> <span class='ocrx_word' id='word_1_514' title='bbox 666 4203 929 4278; x_wconf 79' lang='grc' dir='ltr'>ἁρμονίαν</span> <span class='ocrx_word' id='word_1_515' title='bbox 958 4201 1072 4280; x_wconf 75' lang='grc' dir='ltr'>ἄγει</span> <span class='ocrx_word' id='word_1_516' title='bbox 1101 4204 1170 4258; x_wconf 76' lang='grc' dir='ltr'>τὰ</span> <span class='ocrx_word' id='word_1_517' title='bbox 1197 4202 1370 4258; x_wconf 70' lang='grc' dir='ltr'>πᾶἱντα</span> <span class='ocrx_word' id='word_1_518' title='bbox 1395 4201 1466 4259; x_wconf 83' lang='grc' dir='ltr'><strong>δι’</strong></span> <span class='ocrx_word' id='word_1_519' title='bbox 1493 4206 1672 4260; x_wconf 81' lang='grc' dir='ltr'>αὐτῶν</span> <span class='ocrx_word' id='word_1_520' title='bbox 1703 4211 1810 4260; x_wconf 87' lang='grc' dir='ltr'><strong>τῶν</strong></span> 
     </span>
    </p>
   </div>
   <div class='ocr_carea' id='block_1_76' title="bbox 189 4291 1811 4371">
    <p class='ocr_par' dir='ltr' id='par_1_76' title="bbox 189 4291 1811 4371">
     <span class='ocr_line' id='line_1_76' title="bbox 189 4291 1811 4371; baseline 0.004 -28"><span class='ocrx_word' id='word_1_521' title='bbox 189 4291 355 4346; x_wconf 78' lang='grc' dir='ltr'>ἁπλῶν</span> <span class='ocrx_word' id='word_1_522' title='bbox 405 4291 722 4367; x_wconf 86' lang='grc' dir='ltr'>στοιχείων,</span> <span class='ocrx_word' id='word_1_523' title='bbox 763 4293 900 4346; x_wconf 81' lang='grc' dir='ltr'>κατᾶ</span> <span class='ocrx_word' id='word_1_524' title='bbox 939 4294 1002 4348; x_wconf 88' lang='grc' dir='ltr'>τὸ</span> <span class='ocrx_word' id='word_1_525' title='bbox 1048 4291 1359 4369; x_wconf 66' lang='grc' dir='ltr'>εἰρημένον,</span> <span class='ocrx_word' id='word_1_526' title='bbox 1409 4292 1571 4368; x_wconf 75' lang='grc' dir='ltr'>Θέρος</span> <span class='ocrx_word' id='word_1_527' title='bbox 1600 4293 1688 4348; x_wconf 78' lang='grc' dir='ltr'>καί</span> <span class='ocrx_word' id='word_1_528' title='bbox 1719 4293 1811 4371; x_wconf 80' lang='grc' dir='ltr'>ἔαρ</span> 
     </span>
    </p>
   </div>
   <div class='ocr_carea' id='block_1_77' title="bbox 191 4379 548 4454">
    <p class='ocr_par' dir='ltr' id='par_1_77' title="bbox 191 4379 548 4454">
     <span class='ocr_line' id='line_1_77' title="bbox 191 4379 548 4454; baseline 0.014 -18"><span class='ocrx_word' id='word_1_529' title='bbox 191 4379 240 4433; x_wconf 67' lang='grc' dir='ltr'>εἰ)</span> <span class='ocrx_word' id='word_1_530' title='bbox 267 4381 548 4454; x_wconf 82' lang='grc' dir='ltr'>ἐποίησας.</span> 
     </span>
    </p>
   </div>
   <div class='ocr_carea' id='block_1_78' title="bbox 249 4559 1813 4636">
    <p class='ocr_par' dir='ltr' id='par_1_78' title="bbox 249 4559 1813 4636">
     <span class='ocr_line' id='line_1_78' title="bbox 249 4559 1813 4636; baseline -0.003 -20"><span class='ocrx_word' id='word_1_531' title='bbox 249 4563 339 4616; x_wconf 79' lang='grc' dir='ltr'>Καὶ</span> <span class='ocrx_word' id='word_1_532' title='bbox 371 4561 565 4636; x_wconf 82' lang='grc' dir='ltr'>ἆμιγῆ-</span> <span class='ocrx_word' id='word_1_533' title='bbox 599 4561 805 4636; x_wconf 79' lang='grc' dir='ltr'>Ἀμιγῆ</span> <span class='ocrx_word' id='word_1_534' title='bbox 837 4561 927 4615; x_wconf 84' lang='grc' dir='ltr'><strong>καὶ</strong></span> <span class='ocrx_word' id='word_1_535' title='bbox 969 4559 1380 4636; x_wconf 70' lang='grc' dir='ltr'>συγκεκραμένα</span> <span class='ocrx_word' id='word_1_536' title='bbox 1412 4563 1526 4614; x_wconf 84' lang='grc' dir='ltr'>εἷπε</span> <span class='ocrx_word' id='word_1_537' title='bbox 1555 4559 1689 4614; x_wconf 83' lang='grc' dir='ltr'>κατᾶ</span> <span class='ocrx_word' id='word_1_538' title='bbox 1717 4561 1813 4628; x_wconf 66' lang='grc' dir='ltr'>τὴν</span> 
     </span>
    </p>
   </div>
   <div class='ocr_carea' id='block_1_79' title="bbox 187 4647 808 4724">
    <p class='ocr_par' dir='ltr' id='par_1_79' title="bbox 187 4647 808 4724">
     <span class='ocr_line' id='line_1_79' title="bbox 187 4647 808 4724; baseline 0.013 -26"><span class='ocrx_word' id='word_1_539' title='bbox 187 4653 512 4720; x_wconf 77' lang='grc' dir='ltr'>προτεθεῖσαν</span> <span class='ocrx_word' id='word_1_540' title='bbox 546 4647 783 4724; x_wconf 74' lang='grc' dir='ltr'>ἐκδοχήν</span> <span class='ocrx_word' id='word_1_541' title='bbox 795 4693 808 4706; x_wconf 93' lang='grc'><strong>.</strong></span> 
     </span>
    </p>
   </div>
   <div class='ocr_carea' id='block_1_80' title="bbox 250 4735 1816 4812">
    <p class='ocr_par' dir='ltr' id='par_1_80' title="bbox 250 4735 1816 4812">
     <span class='ocr_line' id='line_1_80' title="bbox 250 4735 1741 4793; baseline -0.015 -21"><span class='ocrx_word' id='word_1_542' title='bbox 250 4740 320 4791; x_wconf 77' lang='grc' dir='ltr'><strong>Δ⁹</strong></span> <span class='ocrx_word' id='word_1_543' title='bbox 373 4741 400 4770; x_wconf 81' lang='lat'><strong>.&quot;</strong></span> <span class='ocrx_word' id='word_1_544' title='bbox 502 4740 522 4791; x_wconf 55' lang='grc' dir='ltr'>ἱ</span> <span class='ocrx_word' id='word_1_545' title='bbox 579 4740 607 4792; x_wconf 70' lang='lat'><strong>0</strong></span> <span class='ocrx_word' id='word_1_546' title='bbox 640 4743 660 4754; x_wconf 84' lang='grc'><strong>’-</strong></span> <span class='ocrx_word' id='word_1_547' title='bbox 775 4737 802 4793; x_wconf 76' lang='grc' dir='ltr'><em>ό</em></span> <span class='ocrx_word' id='word_1_548' title='bbox 917 4737 942 4793; x_wconf 71' lang='grc' dir='ltr'>ἐ</span> <span class='ocrx_word' id='word_1_549' title='bbox 1024 4739 1036 4759; x_wconf 83' lang='lat' dir='ltr'><strong><em>I</em></strong></span> <span class='ocrx_word' id='word_1_550' title='bbox 1335 4736 1358 4757; x_wconf 71' lang='grc' dir='ltr'><strong>ν</strong></span> <span class='ocrx_word' id='word_1_551' title='bbox 1480 4759 1497 4770; x_wconf 52' lang='grc'><strong>.</strong></span> <span class='ocrx_word' id='word_1_552' title='bbox 1584 4759 1595 4769; x_wconf 45' lang='grc'><strong>.</strong></span> <span class='ocrx_word' id='word_1_553' title='bbox 1657 4737 1670 4756; x_wconf 61' lang='grc' dir='ltr'><strong>ς</strong></span> <span class='ocrx_word' id='word_1_554' title='bbox 1715 4735 1741 4752; x_wconf 81' lang='grc' dir='ltr'><strong>ν</strong></span> 
     </span>
     <span class='ocr_line' id='line_1_81' title="bbox 289 4741 1816 4812; baseline 0.001 -21"><span class='ocrx_word' id='word_1_555' title='bbox 289 4761 302 4791; x_wconf 86' lang='grc' dir='ltr'><strong>ι</strong></span> <span class='ocrx_word' id='word_1_556' title='bbox 381 4762 432 4808; x_wconf 76' lang='grc' dir='ltr'><strong>ην</strong></span> <span class='ocrx_word' id='word_1_557' title='bbox 468 4759 497 4793; x_wconf 92' lang='grc' dir='ltr'>ο</span> <span class='ocrx_word' id='word_1_558' title='bbox 613 4759 770 4793; x_wconf 88' lang='grc' dir='ltr'>ειοιν</span> <span class='ocrx_word' id='word_1_559' title='bbox 809 4759 863 4800; x_wconf 90' lang='grc' dir='ltr'><strong>ες</strong></span> <span class='ocrx_word' id='word_1_560' title='bbox 946 4759 1221 4812; x_wconf 88' lang='grc' dir='ltr'>νουμενοι.</span> <span class='ocrx_word' id='word_1_561' title='bbox 1285 4741 1530 4811; x_wconf 73' lang='grc' dir='ltr'>Ειπομιν</span> <span class='ocrx_word' id='word_1_562' title='bbox 1586 4759 1672 4792; x_wconf 76' lang='grc' dir='ltr'><strong>και</strong></span> <span class='ocrx_word' id='word_1_563' title='bbox 1706 4760 1816 4792; x_wconf 66' lang='lat' dir='ltr'><strong>avio</strong></span> 
     </span>
    </p>
   </div>
   <div class='ocr_carea' id='block_1_81' title="bbox 186 4825 1819 4896">
    <p class='ocr_par' dir='ltr' id='par_1_81' title="bbox 186 4825 1819 4896">
     <span class='ocr_line' id='line_1_82' title="bbox 186 4825 1819 4896; baseline 0.002 -18"><span class='ocrx_word' id='word_1_564' title='bbox 186 4825 295 4886; x_wconf 69' lang='grc' dir='ltr'>τους</span> <span class='ocrx_word' id='word_1_565' title='bbox 324 4827 502 4891; x_wconf 76' lang='grc' dir='ltr'>θείους</span> <span class='ocrx_word' id='word_1_566' title='bbox 530 4827 659 4890; x_wconf 91' lang='grc' dir='ltr'>νόας</span> <span class='ocrx_word' id='word_1_567' title='bbox 690 4829 781 4882; x_wconf 84' lang='grc' dir='ltr'><strong>καὶ</strong></span> <span class='ocrx_word' id='word_1_568' title='bbox 832 4827 1053 4889; x_wconf 74' lang='grc' dir='ltr'>ἑαυτοὺς</span> <span class='ocrx_word' id='word_1_569' title='bbox 1102 4833 1270 4896; x_wconf 92' lang='grc' dir='ltr'>νοεῖν,</span> <span class='ocrx_word' id='word_1_570' title='bbox 1309 4829 1396 4882; x_wconf 78' lang='grc' dir='ltr'><strong>καὶ</strong></span> <span class='ocrx_word' id='word_1_571' title='bbox 1454 4827 1580 4885; x_wconf 68' lang='grc' dir='ltr'>τοὺς</span> <span class='ocrx_word' id='word_1_572' title='bbox 1628 4827 1819 4882; x_wconf 85' lang='grc' dir='ltr'>ἐπανα-</span> 
     </span>
    </p>
   </div>
   <div class='ocr_carea' id='block_1_82' title="bbox 190 4909 1814 4992">
    <p class='ocr_par' dir='ltr' id='par_1_82' title="bbox 190 4909 1814 4992">
     <span class='ocr_line' id='line_1_83' title="bbox 190 4909 1814 4992; baseline 0.002 -26"><span class='ocrx_word' id='word_1_573' title='bbox 190 4909 494 4986; x_wconf 68' lang='grc' dir='ltr'>ϐεϐηκὸτας,</span> <span class='ocrx_word' id='word_1_574' title='bbox 541 4917 632 4970; x_wconf 81' lang='grc' dir='ltr'><strong>καὶ</strong></span> <span class='ocrx_word' id='word_1_575' title='bbox 675 4917 742 4970; x_wconf 76' lang='grc' dir='ltr'>τὰ</span> <span class='ocrx_word' id='word_1_576' title='bbox 793 4915 1184 4992; x_wconf 73' lang='grc' dir='ltr'>ὑποδεέστερα·</span> <span class='ocrx_word' id='word_1_577' title='bbox 1255 4917 1342 4970; x_wconf 77' lang='grc' dir='ltr'><strong>καὶ</strong></span> <span class='ocrx_word' id='word_1_578' title='bbox 1393 4919 1567 4989; x_wconf 67' lang='grc' dir='ltr'>μένειν</span> <span class='ocrx_word' id='word_1_579' title='bbox 1623 4917 1716 4987; x_wconf 74' lang='grc' dir='ltr'>μὲν</span> <span class='ocrx_word' id='word_1_580' title='bbox 1763 4916 1814 4971; x_wconf 82' lang='grc' dir='ltr'>ἐν</span> 
     </span>
    </p>
   </div>
   <div class='ocr_carea' id='block_1_83' title="bbox 190 5004 1818 5081">
    <p class='ocr_par' dir='ltr' id='par_1_83' title="bbox 190 5004 1818 5081">
     <span class='ocr_line' id='line_1_84' title="bbox 190 5004 1818 5081; baseline 0.002 -26"><span class='ocrx_word' id='word_1_581' title='bbox 190 5004 399 5076; x_wconf 65' lang='grc' dir='ltr'>ἑαυτοῖς,</span> <span class='ocrx_word' id='word_1_582' title='bbox 449 5005 578 5060; x_wconf 79' lang='grc' dir='ltr'>ὅταν</span> <span class='ocrx_word' id='word_1_583' title='bbox 626 5006 693 5060; x_wconf 77' lang='grc' dir='ltr'>τὰ</span> <span class='ocrx_word' id='word_1_584' title='bbox 741 5007 938 5060; x_wconf 74' lang='grc' dir='ltr'>ἑαυτῶν</span> <span class='ocrx_word' id='word_1_585' title='bbox 975 5006 1229 5081; x_wconf 75' lang='grc' dir='ltr'>ἐνεργῶσι</span> <span class='ocrx_word' id='word_1_586' title='bbox 1279 5011 1396 5068; x_wconf 87' lang='grc' dir='ltr'>ταῖς</span> <span class='ocrx_word' id='word_1_587' title='bbox 1432 5008 1637 5059; x_wconf 70' lang='grc' dir='ltr'>ἑαυτῶν</span> <span class='ocrx_word' id='word_1_588' title='bbox 1671 5006 1818 5060; x_wconf 73' lang='grc' dir='ltr'><strong>ἑνού-</strong></span> 
     </span>
    </p>
   </div>
   <div class='ocr_carea' id='block_1_84' title="bbox 195 5092 1819 5170">
    <p class='ocr_par' dir='ltr' id='par_1_84' title="bbox 195 5092 1819 5170">
     <span class='ocr_line' id='line_1_85' title="bbox 195 5092 1819 5170; baseline 0.001 -24"><span class='ocrx_word' id='word_1_589' title='bbox 195 5114 328 5161; x_wconf 84' lang='grc' dir='ltr'>μενοι</span> <span class='ocrx_word' id='word_1_590' title='bbox 383 5097 654 5166; x_wconf 73' lang='grc' dir='ltr'>νοήσεσιν·</span> <span class='ocrx_word' id='word_1_591' title='bbox 709 5094 784 5156; x_wconf 79' lang='grc' dir='ltr'>εἷς</span> <span class='ocrx_word' id='word_1_592' title='bbox 840 5092 896 5149; x_wconf 71' lang='grc' dir='ltr'><strong>δὲ</strong></span> <span class='ocrx_word' id='word_1_593' title='bbox 932 5093 1000 5150; x_wconf 76' lang='grc' dir='ltr'>τᾶ</span> <span class='ocrx_word' id='word_1_594' title='bbox 1029 5093 1129 5165; x_wconf 76' lang='grc' dir='ltr'><strong>ἔξω</strong></span> <span class='ocrx_word' id='word_1_595' title='bbox 1161 5093 1336 5148; x_wconf 82' lang='grc' dir='ltr'>δοκεῖν</span> <span class='ocrx_word' id='word_1_596' title='bbox 1367 5096 1636 5170; x_wconf 70' lang='grc' dir='ltr'>προϊέναι,</span> <span class='ocrx_word' id='word_1_597' title='bbox 1696 5095 1819 5148; x_wconf 75' lang='grc' dir='ltr'>ὅταν</span> 
     </span>
    </p>
   </div>
   <div class='ocr_carea' id='block_1_85' title="bbox 193 5177 1816 5259">
    <p class='ocr_par' dir='ltr' id='par_1_85' title="bbox 193 5177 1816 5259">
     <span class='ocr_line' id='line_1_86' title="bbox 193 5177 1816 5259; baseline 0.003 -27"><span class='ocrx_word' id='word_1_598' title='bbox 193 5177 238 5234; x_wconf 68' lang='grc' dir='ltr'><em>δὲ</em></span> <span class='ocrx_word' id='word_1_599' title='bbox 279 5184 341 5237; x_wconf 78' lang='grc' dir='ltr'>τὰ</span> <span class='ocrx_word' id='word_1_600' title='bbox 374 5179 757 5254; x_wconf 75' lang='grc' dir='ltr'>ὑποϐεϐηκότα</span> <span class='ocrx_word' id='word_1_601' title='bbox 786 5187 975 5252; x_wconf 84' lang='grc' dir='ltr'>νοῶσι,</span> <span class='ocrx_word' id='word_1_602' title='bbox 1021 5184 1112 5238; x_wconf 80' lang='grc' dir='ltr'><strong>καὶ</strong></span> <span class='ocrx_word' id='word_1_603' title='bbox 1161 5183 1230 5238; x_wconf 77' lang='grc' dir='ltr'>τὰ</span> <span class='ocrx_word' id='word_1_604' title='bbox 1289 5183 1667 5259; x_wconf 79' lang='grc' dir='ltr'>ὑπερκείμενα·</span> <span class='ocrx_word' id='word_1_605' title='bbox 1727 5182 1816 5237; x_wconf 83' lang='grc' dir='ltr'><strong>καὶ</strong></span> 
     </span>
    </p>
   </div>
   <div class='ocr_carea' id='block_1_86' title="bbox 193 5269 1815 5351">
    <p class='ocr_par' dir='ltr' id='par_1_86' title="bbox 193 5269 1815 5351">
     <span class='ocr_line' id='line_1_87' title="bbox 193 5269 1815 5351; baseline 0.001 -26"><span class='ocrx_word' id='word_1_606' title='bbox 193 5269 346 5336; x_wconf 57' lang='grc' dir='ltr'>οὕτως</span> <span class='ocrx_word' id='word_1_607' title='bbox 374 5273 447 5336; x_wconf 85' lang='grc' dir='ltr'>ὡς</span> <span class='ocrx_word' id='word_1_608' title='bbox 489 5273 706 5351; x_wconf 74' lang='grc' dir='ltr'>ἐφικτὸν</span> <span class='ocrx_word' id='word_1_609' title='bbox 736 5272 812 5335; x_wconf 81' lang='grc' dir='ltr'><strong>εἷς</strong></span> <span class='ocrx_word' id='word_1_610' title='bbox 841 5274 904 5327; x_wconf 88' lang='grc' dir='ltr'><strong>τὸ</strong></span> <span class='ocrx_word' id='word_1_611' title='bbox 934 5277 1101 5341; x_wconf 86' lang='grc' dir='ltr'>νοεῖν,</span> <span class='ocrx_word' id='word_1_612' title='bbox 1133 5271 1224 5326; x_wconf 86' lang='grc' dir='ltr'><strong>καὶ</strong></span> <span class='ocrx_word' id='word_1_613' title='bbox 1252 5277 1360 5326; x_wconf 89' lang='grc' dir='ltr'><strong>τῶν</strong></span> <span class='ocrx_word' id='word_1_614' title='bbox 1389 5271 1600 5326; x_wconf 79' lang='grc' dir='ltr'>πάντων</span> <span class='ocrx_word' id='word_1_615' title='bbox 1647 5269 1815 5327; x_wconf 69' lang='grc' dir='ltr'>αἴτιον</span> 
     </span>
    </p>
   </div>
   <div class='ocr_carea' id='block_1_87' title="bbox 190 5355 1820 5434">
    <p class='ocr_par' dir='ltr' id='par_1_87' title="bbox 190 5355 1820 5434">
     <span class='ocr_line' id='line_1_88' title="bbox 190 5355 1820 5434; baseline 0.003 -23"><span class='ocrx_word' id='word_1_616' title='bbox 190 5355 477 5419; x_wconf 71' lang='grc' dir='ltr'>ἐπανίωσιν.</span> <span class='ocrx_word' id='word_1_617' title='bbox 532 5361 695 5419; x_wconf 75' lang='grc' dir='ltr'>Οὕτω</span> <span class='ocrx_word' id='word_1_618' title='bbox 745 5359 804 5416; x_wconf 72' lang='grc' dir='ltr'><strong>δὲ</strong></span> <span class='ocrx_word' id='word_1_619' title='bbox 847 5366 1098 5424; x_wconf 76' lang='grc' dir='ltr'>νοοῦντες</span> <span class='ocrx_word' id='word_1_620' title='bbox 1141 5362 1192 5415; x_wconf 80' lang='lat' dir='ltr'><strong>o&#39;t</strong></span> <span class='ocrx_word' id='word_1_621' title='bbox 1240 5367 1374 5426; x_wconf 81' lang='grc' dir='ltr'>θεῖοι</span> <span class='ocrx_word' id='word_1_622' title='bbox 1423 5362 1562 5433; x_wconf 78' lang='grc' dir='ltr'>νὸες,</span> <span class='ocrx_word' id='word_1_623' title='bbox 1617 5361 1820 5434; x_wconf 86' lang='grc' dir='ltr'>ὁμολο-</span> 
     </span>
    </p>
   </div>
   <div class='ocr_carea' id='block_1_88' title="bbox 251 5531 856 5604">
    <p class='ocr_par' dir='ltr' id='par_1_88' title="bbox 251 5531 856 5604">
     <span class='ocr_line' id='line_1_89' title="bbox 251 5531 856 5604; baseline -0.003 -13"><span class='ocrx_word' id='word_1_624' title='bbox 251 5531 326 5603; x_wconf 85' lang='lat' dir='ltr'><strong>(y)</strong></span> <span class='ocrx_word' id='word_1_625' title='bbox 356 5533 502 5591; x_wconf 87' lang='lat' dir='ltr'><strong>Psal.</strong></span> <span class='ocrx_word' id='word_1_626' title='bbox 538 5550 736 5604; x_wconf 82' lang='lat' dir='ltr'><strong>Lxxm,</strong></span> <span class='ocrx_word' id='word_1_627' title='bbox 773 5534 856 5589; x_wconf 90' lang='grc'><strong>17.</strong></span> 
     </span>
    </p>
   </div>
   <div class='ocr_carea' id='block_1_89' title="bbox 1928 3404 3575 3477">
    <p class='ocr_par' dir='ltr' id='par_1_89' title="bbox 1928 3404 3575 3477">
     <span class='ocr_line' id='line_1_90' title="bbox 1928 3404 3575 3477; baseline -0.001 -16"><span class='ocrx_word' id='word_1_628' title='bbox 1928 3407 2088 3462; x_wconf 91' lang='lat' dir='ltr'><strong>mido</strong></span> <span class='ocrx_word' id='word_1_629' title='bbox 2119 3407 2184 3460; x_wconf 83' lang='lat' dir='ltr'><strong>ﬁt</strong></span> <span class='ocrx_word' id='word_1_630' title='bbox 2214 3405 2496 3474; x_wconf 89' lang='lat' dir='ltr'><strong>mistio,et</strong></span> <span class='ocrx_word' id='word_1_631' title='bbox 2524 3405 2791 3476; x_wconf 85' lang='lat' dir='ltr'><strong>subjecta</strong></span> <span class='ocrx_word' id='word_1_632' title='bbox 2821 3407 3180 3476; x_wconf 86' lang='lat' dir='ltr'><strong>corrumpit;</strong></span> <span class='ocrx_word' id='word_1_633' title='bbox 3215 3407 3316 3460; x_wconf 86' lang='lat' dir='ltr'><strong>sed</strong></span> <span class='ocrx_word' id='word_1_634' title='bbox 3340 3404 3575 3477; x_wconf 86' lang='lat' dir='ltr'><strong>conspi-</strong></span> 
     </span>
    </p>
   </div>
   <div class='ocr_carea' id='block_1_90' title="bbox 1927 3493 3574 3566">
    <p class='ocr_par' dir='ltr' id='par_1_90' title="bbox 1927 3493 3574 3566">
     <span class='ocr_line' id='line_1_91' title="bbox 1927 3493 3574 3566; baseline -0.001 -16"><span class='ocrx_word' id='word_1_635' title='bbox 1927 3495 2212 3552; x_wconf 83' lang='lat' dir='ltr'><strong>rationem</strong></span> <span class='ocrx_word' id='word_1_636' title='bbox 2244 3498 2301 3549; x_wconf 91' lang='lat' dir='ltr'><strong>et</strong></span> <span class='ocrx_word' id='word_1_637' title='bbox 2331 3494 2506 3548; x_wconf 89' lang='lat' dir='ltr'><strong>unius</strong></span> <span class='ocrx_word' id='word_1_638' title='bbox 2538 3496 2610 3548; x_wconf 88' lang='lat' dir='ltr'><strong>ab</strong></span> <span class='ocrx_word' id='word_1_639' title='bbox 2641 3493 2825 3549; x_wconf 87' lang='lat' dir='ltr'><strong>altero</strong></span> <span class='ocrx_word' id='word_1_640' title='bbox 2855 3493 3484 3566; x_wconf 72' lang='lat' dir='ltr'><strong>dependentiam,quae</strong></span> <span class='ocrx_word' id='word_1_641' title='bbox 3512 3493 3574 3548; x_wconf 91' lang='lat' dir='ltr'><strong>in</strong></span> 
     </span>
    </p>
   </div>
   <div class='ocr_carea' id='block_1_91' title="bbox 1926 3582 3577 3655">
    <p class='ocr_par' dir='ltr' id='par_1_91' title="bbox 1926 3582 3577 3655">
     <span class='ocr_line' id='line_1_92' title="bbox 1926 3582 3577 3655; baseline -0.001 -15"><span class='ocrx_word' id='word_1_642' title='bbox 1926 3600 2206 3655; x_wconf 88' lang='lat' dir='ltr'><strong>compage</strong></span> <span class='ocrx_word' id='word_1_643' title='bbox 2237 3582 2492 3637; x_wconf 85' lang='lat' dir='ltr'><strong>custodit</strong></span> <span class='ocrx_word' id='word_1_644' title='bbox 2520 3599 2587 3637; x_wconf 87' lang='lat' dir='ltr'><strong>ea</strong></span> <span class='ocrx_word' id='word_1_645' title='bbox 2619 3599 2746 3654; x_wconf 62' lang='lat' dir='ltr'><strong>quas</strong></span> <span class='ocrx_word' id='word_1_646' title='bbox 2778 3588 3060 3654; x_wconf 71' lang='lat' dir='ltr'><strong>praesunt,</strong></span> <span class='ocrx_word' id='word_1_647' title='bbox 3081 3587 3138 3638; x_wconf 87' lang='lat' dir='ltr'><strong>et</strong></span> <span class='ocrx_word' id='word_1_648' title='bbox 3165 3600 3292 3655; x_wconf 66' lang='lat' dir='ltr'><strong>quae</strong></span> <span class='ocrx_word' id='word_1_649' title='bbox 3317 3583 3577 3639; x_wconf 86' lang='lat' dir='ltr'><strong>subsunt</strong></span> 
     </span>
    </p>
   </div>
   <div class='ocr_carea' id='block_1_92' title="bbox 1927 3671 3578 3743">
    <p class='ocr_par' dir='ltr' id='par_1_92' title="bbox 1927 3671 3578 3743">
     <span class='ocr_line' id='line_1_93' title="bbox 1927 3671 3578 3743; baseline -0.002 -14"><span class='ocrx_word' id='word_1_650' title='bbox 1927 3671 2574 3743; x_wconf 80' lang='lat' dir='ltr'><strong>Intelligibiliainquam</strong></span> <span class='ocrx_word' id='word_1_651' title='bbox 2609 3676 2665 3726; x_wconf 90' lang='lat' dir='ltr'><strong>et</strong></span> <span class='ocrx_word' id='word_1_652' title='bbox 2695 3671 3022 3740; x_wconf 85' lang='lat' dir='ltr'><strong>sensilia,id</strong></span> <span class='ocrx_word' id='word_1_653' title='bbox 3054 3677 3143 3727; x_wconf 93' lang='lat' dir='ltr'><strong>est</strong></span> <span class='ocrx_word' id='word_1_654' title='bbox 3172 3689 3301 3743; x_wconf 76' lang='lat' dir='ltr'><strong>qua:</strong></span> <span class='ocrx_word' id='word_1_655' title='bbox 3327 3672 3578 3743; x_wconf 82' lang='lat' dir='ltr'><strong>gignun-</strong></span> 
     </span>
    </p>
   </div>
   <div class='ocr_carea' id='block_1_93' title="bbox 1929 3760 3577 3833">
    <p class='ocr_par' dir='ltr' id='par_1_93' title="bbox 1929 3760 3577 3833">
     <span class='ocr_line' id='line_1_94' title="bbox 1929 3760 3577 3833; baseline -0.001 -15"><span class='ocrx_word' id='word_1_656' title='bbox 1929 3768 2042 3826; x_wconf 87' lang='lat' dir='ltr'><strong>tur,</strong></span> <span class='ocrx_word' id='word_1_657' title='bbox 2075 3767 2132 3815; x_wconf 84' lang='lat' dir='ltr'><strong>et</strong></span> <span class='ocrx_word' id='word_1_658' title='bbox 2161 3761 2291 3833; x_wconf 89' lang='lat' dir='ltr'><strong>ipsa</strong></span> <span class='ocrx_word' id='word_1_659' title='bbox 2316 3765 2512 3816; x_wconf 88' lang='lat' dir='ltr'><strong>autem</strong></span> <span class='ocrx_word' id='word_1_660' title='bbox 2546 3761 2860 3830; x_wconf 86' lang='lat' dir='ltr'><strong>contraria,</strong></span> <span class='ocrx_word' id='word_1_661' title='bbox 2893 3760 3072 3816; x_wconf 85' lang='lat' dir='ltr'><strong>veluti</strong></span> <span class='ocrx_word' id='word_1_662' title='bbox 3105 3778 3306 3833; x_wconf 90' lang='lat' dir='ltr'><strong>pacem</strong></span> <span class='ocrx_word' id='word_1_663' title='bbox 3337 3760 3492 3815; x_wconf 86' lang='lat' dir='ltr'><strong>inter</strong></span> <span class='ocrx_word' id='word_1_664' title='bbox 3514 3775 3577 3816; x_wconf 87' lang='lat' dir='ltr'><strong>se</strong></span> 
     </span>
    </p>
   </div>
   <div class='ocr_carea' id='block_1_94' title="bbox 1925 3851 3578 3922">
    <p class='ocr_par' dir='ltr' id='par_1_94' title="bbox 1925 3851 3578 3922">
     <span class='ocr_line' id='line_1_95' title="bbox 1925 3851 3578 3922; baseline 0 -16"><span class='ocrx_word' id='word_1_665' title='bbox 1925 3856 2130 3922; x_wconf 80' lang='lat' dir='ltr'><strong>agunt,</strong></span> <span class='ocrx_word' id='word_1_666' title='bbox 2165 3855 2230 3906; x_wconf 89' lang='lat' dir='ltr'><strong>ut</strong></span> <span class='ocrx_word' id='word_1_667' title='bbox 2259 3867 2467 3922; x_wconf 89' lang='lat' dir='ltr'><strong>aquam</strong></span> <span class='ocrx_word' id='word_1_668' title='bbox 2501 3855 2558 3906; x_wconf 91' lang='lat' dir='ltr'><strong>et</strong></span> <span class='ocrx_word' id='word_1_669' title='bbox 2597 3855 2838 3918; x_wconf 88' lang='lat' dir='ltr'><strong>terram,</strong></span> <span class='ocrx_word' id='word_1_670' title='bbox 2869 3867 2987 3922; x_wconf 91' lang='lat' dir='ltr'><strong>qua</strong></span> <span class='ocrx_word' id='word_1_671' title='bbox 3035 3856 3191 3906; x_wconf 89' lang='lat' dir='ltr'><strong>terra</strong></span> <span class='ocrx_word' id='word_1_672' title='bbox 3231 3851 3578 3907; x_wconf 90' lang='lat' dir='ltr'><strong>circumcin-</strong></span> 
     </span>
    </p>
   </div>
   <div class='ocr_carea' id='block_1_95' title="bbox 1925 3939 3578 4012">
    <p class='ocr_par' dir='ltr' id='par_1_95' title="bbox 1925 3939 3578 4012">
     <span class='ocr_line' id='line_1_96' title="bbox 1925 3939 3578 4012; baseline -0.001 -16"><span class='ocrx_word' id='word_1_673' title='bbox 1925 3946 2018 3997; x_wconf 85' lang='lat' dir='ltr'><strong>cta</strong></span> <span class='ocrx_word' id='word_1_674' title='bbox 2048 3953 2163 3995; x_wconf 90' lang='lat' dir='ltr'><strong>non</strong></span> <span class='ocrx_word' id='word_1_675' title='bbox 2196 3939 2477 4008; x_wconf 87' lang='lat' dir='ltr'><strong>solvitur;</strong></span> <span class='ocrx_word' id='word_1_676' title='bbox 2512 3943 2569 3995; x_wconf 92' lang='lat' dir='ltr'><strong>et</strong></span> <span class='ocrx_word' id='word_1_677' title='bbox 2597 3940 2805 3995; x_wconf 76' lang='lat' dir='ltr'><strong>cmlum</strong></span> <span class='ocrx_word' id='word_1_678' title='bbox 2857 3957 2927 3994; x_wconf 85' lang='lat' dir='ltr'><strong>ex</strong></span> <span class='ocrx_word' id='word_1_679' title='bbox 2976 3957 3132 4012; x_wconf 88' lang='lat' dir='ltr'><strong>aqua</strong></span> <span class='ocrx_word' id='word_1_680' title='bbox 3183 3943 3436 4009; x_wconf 87' lang='lat' dir='ltr'><strong>constat,</strong></span> <span class='ocrx_word' id='word_1_681' title='bbox 3472 3955 3578 3995; x_wconf 89' lang='lat' dir='ltr'><strong>nee</strong></span> 
     </span>
    </p>
   </div>
   <div class='ocr_carea' id='block_1_96' title="bbox 1921 4027 3577 4099">
    <p class='ocr_par' dir='ltr' id='par_1_96' title="bbox 1921 4027 3577 4099">
     <span class='ocr_line' id='line_1_97' title="bbox 1921 4027 3577 4099; baseline -0.002 -15"><span class='ocrx_word' id='word_1_682' title='bbox 1921 4035 2116 4085; x_wconf 84' lang='lat' dir='ltr'><strong>tamen</strong></span> <span class='ocrx_word' id='word_1_683' title='bbox 2139 4028 2319 4084; x_wconf 58' lang='lat' dir='ltr'><strong>aether</strong></span> <span class='ocrx_word' id='word_1_684' title='bbox 2351 4028 2592 4084; x_wconf 89' lang='lat' dir='ltr'><strong>dissovit</strong></span> <span class='ocrx_word' id='word_1_685' title='bbox 2620 4028 2829 4084; x_wconf 65' lang='lat' dir='ltr'><strong>coelum</strong></span> <span class='ocrx_word' id='word_1_686' title='bbox 2854 4047 2868 4094; x_wconf 89' lang='lat'><strong>;</strong></span> <span class='ocrx_word' id='word_1_687' title='bbox 2902 4033 3080 4099; x_wconf 86' lang='lat' dir='ltr'><strong>atque</strong></span> <span class='ocrx_word' id='word_1_688' title='bbox 3101 4027 3209 4083; x_wconf 88' lang='lat' dir='ltr'><strong>hoc</strong></span> <span class='ocrx_word' id='word_1_689' title='bbox 3239 4033 3329 4084; x_wconf 84' lang='lat' dir='ltr'><strong>est</strong></span> <span class='ocrx_word' id='word_1_690' title='bbox 3350 4028 3577 4082; x_wconf 88' lang='lat' dir='ltr'><strong>intesti-</strong></span> 
     </span>
    </p>
   </div>
   <div class='ocr_carea' id='block_1_97' title="bbox 1923 4117 3572 4190">
    <p class='ocr_par' dir='ltr' id='par_1_97' title="bbox 1923 4117 3572 4190">
     <span class='ocr_line' id='line_1_98' title="bbox 1923 4117 3572 4190; baseline -0.002 -16"><span class='ocrx_word' id='word_1_691' title='bbox 1923 4136 2064 4174; x_wconf 87' lang='lat' dir='ltr'><strong>num</strong></span> <span class='ocrx_word' id='word_1_692' title='bbox 2098 4117 2340 4185; x_wconf 82' lang='lat' dir='ltr'><strong>bellum,</strong></span> <span class='ocrx_word' id='word_1_693' title='bbox 2376 4117 2530 4190; x_wconf 79' lang='lat' dir='ltr'><strong>quod</strong></span> <span class='ocrx_word' id='word_1_694' title='bbox 2562 4122 2790 4172; x_wconf 86' lang='lat' dir='ltr'><strong>creator</strong></span> <span class='ocrx_word' id='word_1_695' title='bbox 2831 4134 2946 4171; x_wconf 89' lang='lat' dir='ltr'><strong>non</strong></span> <span class='ocrx_word' id='word_1_696' title='bbox 2996 4121 3227 4171; x_wconf 85' lang='lat' dir='ltr'><strong>tantum</strong></span> <span class='ocrx_word' id='word_1_697' title='bbox 3273 4118 3572 4188; x_wconf 84' lang='lat' dir='ltr'><strong>sapienter</strong></span> 
     </span>
    </p>
   </div>
   <div class='ocr_carea' id='block_1_98' title="bbox 1924 4204 3574 4276">
    <p class='ocr_par' dir='ltr' id='par_1_98' title="bbox 1924 4204 3574 4276">
     <span class='ocr_line' id='line_1_99' title="bbox 1924 4204 3574 4276; baseline -0.001 -13"><span class='ocrx_word' id='word_1_698' title='bbox 1924 4207 2165 4276; x_wconf 85' lang='lat' dir='ltr'><strong>invenit,</strong></span> <span class='ocrx_word' id='word_1_699' title='bbox 2198 4207 2300 4262; x_wconf 85' lang='lat' dir='ltr'><strong>sed</strong></span> <span class='ocrx_word' id='word_1_700' title='bbox 2332 4207 2510 4262; x_wconf 90' lang='lat' dir='ltr'><strong>etiam</strong></span> <span class='ocrx_word' id='word_1_701' title='bbox 2543 4204 2870 4276; x_wconf 84' lang='lat' dir='ltr'><strong>sapientius</strong></span> <span class='ocrx_word' id='word_1_702' title='bbox 2900 4205 3102 4260; x_wconf 87' lang='lat' dir='ltr'><strong>omnia</strong></span> <span class='ocrx_word' id='word_1_703' title='bbox 3146 4205 3204 4259; x_wconf 91' lang='lat' dir='ltr'><strong>in</strong></span> <span class='ocrx_word' id='word_1_704' title='bbox 3246 4205 3574 4262; x_wconf 86' lang='lat' dir='ltr'><strong>amicitiam</strong></span> 
     </span>
    </p>
   </div>
   <div class='ocr_carea' id='block_1_99' title="bbox 1925 4293 3579 4368">
    <p class='ocr_par' dir='ltr' id='par_1_99' title="bbox 1925 4293 3579 4368">
     <span class='ocr_line' id='line_1_100' title="bbox 1925 4293 3579 4368; baseline -0.002 -16"><span class='ocrx_word' id='word_1_705' title='bbox 1925 4303 1983 4352; x_wconf 89' lang='lat' dir='ltr'><strong>et</strong></span> <span class='ocrx_word' id='word_1_706' title='bbox 2011 4295 2580 4368; x_wconf 85' lang='lat' dir='ltr'><strong>coagmentationem</strong></span> <span class='ocrx_word' id='word_1_707' title='bbox 2635 4311 2736 4365; x_wconf 90' lang='lat' dir='ltr'><strong>per</strong></span> <span class='ocrx_word' id='word_1_708' title='bbox 2766 4294 2895 4365; x_wconf 88' lang='lat' dir='ltr'><strong>ipsa</strong></span> <span class='ocrx_word' id='word_1_709' title='bbox 2943 4293 3240 4366; x_wconf 82' lang='lat' dir='ltr'><strong>simplicia</strong></span> <span class='ocrx_word' id='word_1_710' title='bbox 3286 4294 3579 4350; x_wconf 88' lang='lat' dir='ltr'><strong>elementa</strong></span> 
     </span>
    </p>
   </div>
   <div class='ocr_carea' id='block_1_100' title="bbox 1925 4383 3579 4455">
    <p class='ocr_par' dir='ltr' id='par_1_100' title="bbox 1925 4383 3579 4455">
     <span class='ocr_line' id='line_1_101' title="bbox 1925 4383 3579 4455; baseline -0.002 -15"><span class='ocrx_word' id='word_1_711' title='bbox 1925 4386 2109 4454; x_wconf 88' lang='lat' dir='ltr'><strong>ducit,</strong></span> <span class='ocrx_word' id='word_1_712' title='bbox 2143 4385 2469 4440; x_wconf 88' lang='lat' dir='ltr'><strong>secundum</strong></span> <span class='ocrx_word' id='word_1_713' title='bbox 2514 4383 2882 4455; x_wconf 87' lang='lat' dir='ltr'><strong>Seripturam</strong></span> <span class='ocrx_word' id='word_1_714' title='bbox 2917 4399 2930 4438; x_wconf 88' lang='lat'>:</span> <span class='ocrx_word' id='word_1_715' title='bbox 2967 4384 3232 4437; x_wconf 72' lang='lat' dir='ltr'><strong>A-Jstatem</strong></span> <span class='ocrx_word' id='word_1_716' title='bbox 3276 4390 3331 4438; x_wconf 77' lang='lat' dir='ltr'><strong>et</strong></span> <span class='ocrx_word' id='word_1_717' title='bbox 3381 4399 3472 4438; x_wconf 90' lang='lat' dir='ltr'><strong>ver</strong></span> <span class='ocrx_word' id='word_1_718' title='bbox 3517 4385 3579 4436; x_wconf 84' lang='lat' dir='ltr'><strong>tu</strong></span> 
     </span>
    </p>
   </div>
   <div class='ocr_carea' id='block_1_101' title="bbox 1924 4475 2328 4546">
    <p class='ocr_par' dir='ltr' id='par_1_101' title="bbox 1924 4475 2328 4546">
     <span class='ocr_line' id='line_1_102' title="bbox 1924 4475 2328 4546; baseline -0.005 -18"><span class='ocrx_word' id='word_1_719' title='bbox 1924 4476 2198 4546; x_wconf 74' lang='lat' dir='ltr'><strong>plasmati</strong></span> <span class='ocrx_word' id='word_1_720' title='bbox 2229 4475 2328 4544; x_wconf 86' lang='lat' dir='ltr'><strong>(y).</strong></span> 
     </span>
    </p>
   </div>
   <div class='ocr_carea' id='block_1_102' title="bbox 1998 4559 3578 4634">
    <p class='ocr_par' dir='ltr' id='par_1_102' title="bbox 1998 4559 3578 4634">
     <span class='ocr_line' id='line_1_103' title="bbox 1998 4559 3578 4634; baseline -0.001 -16"><span class='ocrx_word' id='word_1_721' title='bbox 1998 4566 2168 4634; x_wconf 72' lang='lat' dir='ltr'><strong>Atque</strong></span> <span class='ocrx_word' id='word_1_722' title='bbox 2199 4563 2564 4632; x_wconf 78' lang='lat' dir='ltr'><strong>impermisla.</strong></span> <span class='ocrx_word' id='word_1_723' title='bbox 2598 4561 2721 4616; x_wconf 86' lang='lat' dir='ltr'><strong>Non</strong></span> <span class='ocrx_word' id='word_1_724' title='bbox 2759 4561 2937 4616; x_wconf 85' lang='lat' dir='ltr'><strong>mista</strong></span> <span class='ocrx_word' id='word_1_725' title='bbox 2967 4567 3026 4618; x_wconf 88' lang='lat' dir='ltr'><strong>et</strong></span> <span class='ocrx_word' id='word_1_726' title='bbox 3055 4564 3382 4633; x_wconf 85' lang='lat' dir='ltr'><strong>temperata</strong></span> <span class='ocrx_word' id='word_1_727' title='bbox 3431 4559 3578 4616; x_wconf 85' lang='lat' dir='ltr'><strong>dixit</strong></span> 
     </span>
    </p>
   </div>
   <div class='ocr_carea' id='block_1_103' title="bbox 1847 4650 3310 4730">
    <p class='ocr_par' dir='ltr' id='par_1_103' title="bbox 1847 4650 3310 4730">
     <span class='ocr_line' id='line_1_104' title="bbox 1847 4650 3310 4730; baseline -0.002 -20"><span class='ocrx_word' id='word_1_728' title='bbox 1847 4667 1890 4730; x_wconf 83' lang='lat' dir='ltr'><strong>D</strong></span> <span class='ocrx_word' id='word_1_729' title='bbox 1921 4653 2247 4711; x_wconf 87' lang='lat' dir='ltr'><strong>secundum</strong></span> <span class='ocrx_word' id='word_1_730' title='bbox 2283 4650 2649 4723; x_wconf 86' lang='lat' dir='ltr'><strong>propositam</strong></span> <span class='ocrx_word' id='word_1_731' title='bbox 2684 4651 2852 4705; x_wconf 86' lang='lat' dir='ltr'><strong>nobis</strong></span> <span class='ocrx_word' id='word_1_732' title='bbox 2886 4651 3310 4723; x_wconf 86' lang='lat' dir='ltr'><strong>aceeptionem.</strong></span> 
     </span>
    </p>
   </div>
   <div class='ocr_carea' id='block_1_104' title="bbox 1999 4739 3582 4812">
    <p class='ocr_par' dir='ltr' id='par_1_104' title="bbox 1999 4739 3582 4812">
     <span class='ocr_line' id='line_1_105' title="bbox 1999 4739 3582 4812; baseline -0.002 -15"><span class='ocrx_word' id='word_1_733' title='bbox 1999 4747 2109 4797; x_wconf 83' lang='lat' dir='ltr'><strong>Per</strong></span> <span class='ocrx_word' id='word_1_734' title='bbox 2133 4741 2274 4795; x_wconf 86' lang='lat' dir='ltr'><strong>hanc</strong></span> <span class='ocrx_word' id='word_1_735' title='bbox 2303 4740 2516 4796; x_wconf 60' lang='lat' dir='ltr'><strong>divinae</strong></span> <span class='ocrx_word' id='word_1_736' title='bbox 2554 4749 2762 4795; x_wconf 79' lang='lat' dir='ltr'><strong>mentes</strong></span> <span class='ocrx_word' id='word_1_737' title='bbox 2809 4742 3108 4812; x_wconf 66' lang='lat' dir='ltr'><strong>copulata}.</strong></span> <span class='ocrx_word' id='word_1_738' title='bbox 3143 4739 3408 4794; x_wconf 83' lang='lat' dir='ltr'><strong>Diximus</strong></span> <span class='ocrx_word' id='word_1_739' title='bbox 3438 4756 3582 4810; x_wconf 90' lang='lat' dir='ltr'><strong>quo-</strong></span> 
     </span>
    </p>
   </div>
   <div class='ocr_carea' id='block_1_105' title="bbox 1925 4826 3579 4902">
    <p class='ocr_par' dir='ltr' id='par_1_105' title="bbox 1925 4826 3579 4902">
     <span class='ocr_line' id='line_1_106' title="bbox 1925 4826 3579 4902; baseline -0.003 -16"><span class='ocrx_word' id='word_1_740' title='bbox 1925 4848 2034 4902; x_wconf 88' lang='lat' dir='ltr'><strong>que</strong></span> <span class='ocrx_word' id='word_1_741' title='bbox 2067 4830 2341 4901; x_wconf 88' lang='lat' dir='ltr'><strong>superius</strong></span> <span class='ocrx_word' id='word_1_742' title='bbox 2373 4829 2601 4883; x_wconf 83' lang='lat' dir='ltr'><strong>divinas</strong></span> <span class='ocrx_word' id='word_1_743' title='bbox 2633 4832 2940 4889; x_wconf 85' lang='lat' dir='ltr'><strong>rncntes.cl</strong></span> <span class='ocrx_word' id='word_1_744' title='bbox 2981 4828 3206 4898; x_wconf 86' lang='lat' dir='ltr'><strong>seipsas</strong></span> <span class='ocrx_word' id='word_1_745' title='bbox 3230 4826 3579 4898; x_wconf 85' lang='lat' dir='ltr'><strong>intelligere,</strong></span> 
     </span>
    </p>
   </div>
   <div class='ocr_carea' id='block_1_106' title="bbox 1927 4917 3582 4990">
    <p class='ocr_par' dir='ltr' id='par_1_106' title="bbox 1927 4917 3582 4990">
     <span class='ocr_line' id='line_1_107' title="bbox 1927 4917 3582 4990; baseline -0.002 -16"><span class='ocrx_word' id='word_1_746' title='bbox 1927 4924 1982 4974; x_wconf 86' lang='lat' dir='ltr'><strong>et</strong></span> <span class='ocrx_word' id='word_1_747' title='bbox 2013 4919 2341 4990; x_wconf 77' lang='lat' dir='ltr'><strong>superiores</strong></span> <span class='ocrx_word' id='word_1_748' title='bbox 2373 4923 2429 4972; x_wconf 91' lang='lat' dir='ltr'><strong>et</strong></span> <span class='ocrx_word' id='word_1_749' title='bbox 2455 4917 2766 4985; x_wconf 69' lang='lat' dir='ltr'><strong>inferiora;</strong></span> <span class='ocrx_word' id='word_1_750' title='bbox 2799 4917 3051 4988; x_wconf 88' lang='lat' dir='ltr'><strong>atquein</strong></span> <span class='ocrx_word' id='word_1_751' title='bbox 3080 4917 3292 4986; x_wconf 86' lang='lat' dir='ltr'><strong>seipsis</strong></span> <span class='ocrx_word' id='word_1_752' title='bbox 3318 4931 3582 4981; x_wconf 82' lang='lat' dir='ltr'><strong>manere,</strong></span> 
     </span>
    </p>
   </div>
   <div class='ocr_carea' id='block_1_107' title="bbox 1929 5003 3576 5077">
    <p class='ocr_par' dir='ltr' id='par_1_107' title="bbox 1929 5003 3576 5077">
     <span class='ocr_line' id='line_1_108' title="bbox 1929 5003 3576 5077; baseline -0.004 -14"><span class='ocrx_word' id='word_1_753' title='bbox 1929 5026 2061 5064; x_wconf 91' lang='lat' dir='ltr'><strong>cum</strong></span> <span class='ocrx_word' id='word_1_754' title='bbox 2095 5026 2202 5062; x_wconf 89' lang='lat' dir='ltr'><strong>sua</strong></span> <span class='ocrx_word' id='word_1_755' title='bbox 2231 5012 2500 5063; x_wconf 82' lang='lat' dir='ltr'><strong>exercent</strong></span> <span class='ocrx_word' id='word_1_756' title='bbox 2523 5007 2648 5060; x_wconf 89' lang='lat' dir='ltr'><strong>suis</strong></span> <span class='ocrx_word' id='word_1_757' title='bbox 2673 5007 2848 5060; x_wconf 73' lang='lat' dir='ltr'><strong>unita:</strong></span> <span class='ocrx_word' id='word_1_758' title='bbox 2873 5005 3368 5077; x_wconf 80' lang='lat' dir='ltr'><strong>cogitationibus:</strong></span> <span class='ocrx_word' id='word_1_759' title='bbox 3395 5003 3576 5058; x_wconf 84' lang='lat' dir='ltr'><strong>videri</strong></span> 
     </span>
    </p>
   </div>
   <div class='ocr_carea' id='block_1_108' title="bbox 1929 5094 3580 5167">
    <p class='ocr_par' dir='ltr' id='par_1_108' title="bbox 1929 5094 3580 5167">
     <span class='ocr_line' id='line_1_109' title="bbox 1929 5094 3580 5167; baseline -0.004 -15"><span class='ocrx_word' id='word_1_760' title='bbox 1929 5102 2123 5153; x_wconf 87' lang='lat' dir='ltr'><strong>autem</strong></span> <span class='ocrx_word' id='word_1_761' title='bbox 2159 5101 2318 5152; x_wconf 84' lang='lat' dir='ltr'><strong>extra</strong></span> <span class='ocrx_word' id='word_1_762' title='bbox 2351 5095 2646 5167; x_wconf 85' lang='lat' dir='ltr'><strong>progredi,</strong></span> <span class='ocrx_word' id='word_1_763' title='bbox 2679 5096 2918 5167; x_wconf 86' lang='lat' dir='ltr'><strong>quando</strong></span> <span class='ocrx_word' id='word_1_764' title='bbox 2963 5095 3138 5149; x_wconf 87' lang='lat' dir='ltr'><strong>etiam</strong></span> <span class='ocrx_word' id='word_1_765' title='bbox 3175 5094 3454 5148; x_wconf 80' lang='lat' dir='ltr'><strong>inferiora</strong></span> <span class='ocrx_word' id='word_1_766' title='bbox 3484 5109 3580 5147; x_wconf 93' lang='lat' dir='ltr'><strong>co-</strong></span> 
     </span>
    </p>
   </div>
   <div class='ocr_carea' id='block_1_109' title="bbox 1928 5181 3583 5258">
    <p class='ocr_par' dir='ltr' id='par_1_109' title="bbox 1928 5181 3583 5258">
     <span class='ocr_line' id='line_1_110' title="bbox 1928 5181 3583 5258; baseline -0.003 -18"><span class='ocrx_word' id='word_1_767' title='bbox 1928 5187 2119 5258; x_wconf 89' lang='lat' dir='ltr'><strong>gitant</strong></span> <span class='ocrx_word' id='word_1_768' title='bbox 2148 5192 2206 5241; x_wconf 89' lang='lat' dir='ltr'><strong>et</strong></span> <span class='ocrx_word' id='word_1_769' title='bbox 2236 5185 2577 5255; x_wconf 80' lang='lat' dir='ltr'><strong>superiora;</strong></span> <span class='ocrx_word' id='word_1_770' title='bbox 2610 5189 2784 5255; x_wconf 85' lang='lat' dir='ltr'><strong>atque</strong></span> <span class='ocrx_word' id='word_1_771' title='bbox 2818 5185 2901 5238; x_wconf 86' lang='lat' dir='ltr'><strong>ita</strong></span> <span class='ocrx_word' id='word_1_772' title='bbox 2933 5201 3034 5254; x_wconf 89' lang='lat' dir='ltr'><strong>pro</strong></span> <span class='ocrx_word' id='word_1_773' title='bbox 3098 5182 3320 5237; x_wconf 87' lang='lat' dir='ltr'><strong>viribus</strong></span> <span class='ocrx_word' id='word_1_774' title='bbox 3353 5181 3424 5236; x_wconf 86' lang='lat' dir='ltr'><strong>ad</strong></span> <span class='ocrx_word' id='word_1_775' title='bbox 3457 5197 3583 5235; x_wconf 87' lang='lat' dir='ltr'><strong>om-</strong></span> 
     </span>
    </p>
   </div>
   <div class='ocr_carea' id='block_1_110' title="bbox 1929 5270 3584 5345">
    <p class='ocr_par' dir='ltr' id='par_1_110' title="bbox 1929 5270 3584 5345">
     <span class='ocr_line' id='line_1_111' title="bbox 1929 5270 3584 5345; baseline -0.003 -15"><span class='ocrx_word' id='word_1_776' title='bbox 1929 5276 2091 5330; x_wconf 92' lang='lat' dir='ltr'><strong>nium</strong></span> <span class='ocrx_word' id='word_1_777' title='bbox 2125 5278 2422 5330; x_wconf 88' lang='lat' dir='ltr'><strong>auctorem</strong></span> <span class='ocrx_word' id='word_1_778' title='bbox 2459 5273 2909 5345; x_wconf 85' lang='lat' dir='ltr'><strong>intelligendum</strong></span> <span class='ocrx_word' id='word_1_779' title='bbox 2955 5273 3199 5327; x_wconf 89' lang='lat' dir='ltr'><strong>redeunt</strong></span> <span class='ocrx_word' id='word_1_780' title='bbox 3230 5288 3244 5327; x_wconf 90' lang='lat'><strong>:</strong></span> <span class='ocrx_word' id='word_1_781' title='bbox 3278 5270 3364 5327; x_wconf 91' lang='lat' dir='ltr'><strong>sic</strong></span> <span class='ocrx_word' id='word_1_782' title='bbox 3387 5274 3584 5326; x_wconf 89' lang='lat' dir='ltr'><strong>autem</strong></span> 
     </span>
    </p>
   </div>
   <div class='ocr_carea' id='block_1_111' title="bbox 1929 5359 3582 5436">
    <p class='ocr_par' dir='ltr' id='par_1_111' title="bbox 1929 5359 3582 5436">
     <span class='ocr_line' id='line_1_112' title="bbox 1929 5359 3582 5436; baseline -0.003 -18"><span class='ocrx_word' id='word_1_783' title='bbox 1929 5364 2324 5436; x_wconf 85' lang='lat' dir='ltr'><strong>intelligentes</strong></span> <span class='ocrx_word' id='word_1_784' title='bbox 2354 5363 2561 5417; x_wconf 74' lang='lat' dir='ltr'><strong>divinae</strong></span> <span class='ocrx_word' id='word_1_785' title='bbox 2595 5367 2840 5432; x_wconf 88' lang='lat' dir='ltr'><strong>mentes,</strong></span> <span class='ocrx_word' id='word_1_786' title='bbox 2874 5360 3001 5416; x_wconf 88' lang='lat' dir='ltr'><strong>sine</strong></span> <span class='ocrx_word' id='word_1_787' title='bbox 3050 5360 3230 5415; x_wconf 88' lang='lat' dir='ltr'><strong>dubio</strong></span> <span class='ocrx_word' id='word_1_788' title='bbox 3287 5359 3582 5415; x_wconf 88' lang='lat' dir='ltr'><strong>uniuntur</strong></span> 
     </span>
    </p>
   </div>
   <div class='ocr_carea' id='block_1_112' title="bbox 1180 5628 2574 5689">
    <p class='ocr_par' dir='ltr' id='par_1_112' title="bbox 1180 5628 2574 5689">
     <span class='ocr_line' id='line_1_113' title="bbox 1180 5628 2574 5689; baseline -0.002 -2"><span class='ocrx_word' id='word_1_789' title='bbox 1180 5631 1422 5687; x_wconf 72' lang='lat' dir='ltr'><strong>VAItI/E</strong></span> <span class='ocrx_word' id='word_1_790' title='bbox 1463 5630 1856 5689; x_wconf 84' lang='lat' dir='ltr'><strong>LECTIONES</strong></span> <span class='ocrx_word' id='word_1_791' title='bbox 1895 5632 1984 5687; x_wconf 84' lang='lat' dir='ltr'><strong>ET</strong></span> <span class='ocrx_word' id='word_1_792' title='bbox 2022 5628 2574 5688; x_wconf 81' lang='lat' dir='ltr'><strong>CORRECTIONES.</strong></span> 
     </span>
    </p>
   </div>
   <div class='ocr_carea' id='block_1_113' title="bbox 255 5754 1176 5830">
    <p class='ocr_par' dir='ltr' id='par_1_113' title="bbox 255 5754 1176 5830">
     <span class='ocr_line' id='line_1_114' title="bbox 255 5754 1176 5830; baseline 0 -21"><span class='ocrx_word' id='word_1_793' title='bbox 255 5754 276 5787; x_wconf 76' lang='grc'>⁸</span> <span class='ocrx_word' id='word_1_794' title='bbox 297 5772 378 5826; x_wconf 79' lang='grc' dir='ltr'>γρ.</span> <span class='ocrx_word' id='word_1_795' title='bbox 411 5755 622 5818; x_wconf 74' lang='grc' dir='ltr'>εαυτῆς.</span> <span class='ocrx_word' id='word_1_796' title='bbox 701 5757 721 5790; x_wconf 76' lang='grc'><strong>’⁸</strong></span> <span class='ocrx_word' id='word_1_797' title='bbox 753 5774 838 5830; x_wconf 88' lang='grc' dir='ltr'>γρ.</span> <span class='ocrx_word' id='word_1_798' title='bbox 876 5754 1176 5824; x_wconf 77' lang='grc' dir='ltr'>ὑφεστῶτα.</span> 
     </span>
    </p>
   </div>
   <div class='ocr_carea' id='block_1_114' title="bbox 500 5884 1065 5946">
    <p class='ocr_par' dir='ltr' id='par_1_114' title="bbox 500 5884 1065 5946">
     <span class='ocr_line' id='line_1_115' title="bbox 500 5884 1065 5946; baseline -0.002 -3"><span class='ocrx_word' id='word_1_799' title='bbox 500 5887 761 5946; x_wconf 68' lang='grc' dir='ltr'><strong>Ρλσηοι.</strong></span> <span class='ocrx_word' id='word_1_800' title='bbox 809 5884 920 5944; x_wconf 80' lang='lat' dir='ltr'><strong>Gn.</strong></span> <span class='ocrx_word' id='word_1_801' title='bbox 965 5885 1065 5946; x_wconf 79' lang='grc' dir='ltr'>ιν.</span> 
     </span>
    </p>
   </div>
   <div class='ocr_carea' id='block_1_115' title="bbox 3191 5884 3260 5941">
    <p class='ocr_par' dir='ltr' id='par_1_115' title="bbox 3191 5884 3260 5941">
     <span class='ocr_line' id='line_1_116' title="bbox 3191 5884 3260 5941; baseline -0.014 0"><span class='ocrx_word' id='word_1_802' title='bbox 3191 5884 3260 5941; x_wconf 86' lang='grc'><strong>13</strong></span> 
     </span>
    </p>
   </div>
  </div>
