  <div class='ocr_page' id='page_1' title='image "/cluster/home/n/w/nwhite01/storage/ocr_20150623/4/mdp.39015078384529/207.png"; bbox 0 0 4062 6366; ppageno 0'>
   <div class='ocr_carea' id='block_1_1' title="bbox 444 357 561 413">
    <p class='ocr_par' dir='ltr' id='par_1_1' title="bbox 444 357 561 413">
     <span class='ocr_line' id='line_1_1' title="bbox 444 357 561 413; baseline -0.009 0"><span class='ocrx_word' id='word_1_1' title='bbox 444 357 561 413; x_wconf 83' lang='grc'><strong>395</strong></span> 
     </span>
    </p>
   </div>
   <div class='ocr_carea' id='block_1_2' title="bbox 1271 356 3050 416">
    <p class='ocr_par' dir='ltr' id='par_1_2' title="bbox 1271 356 3050 416">
     <span class='ocr_line' id='line_1_2' title="bbox 1271 356 3050 416; baseline 0.002 -8"><span class='ocrx_word' id='word_1_2' title='bbox 1271 358 1637 410; x_wconf 82' lang='lat' dir='ltr'><strong>APPENDIX</strong></span> <span class='ocrx_word' id='word_1_3' title='bbox 1685 358 1780 409; x_wconf 82' lang='lat' dir='ltr'><strong>AD</strong></span> <span class='ocrx_word' id='word_1_4' title='bbox 1818 356 2060 410; x_wconf 77' lang='lat' dir='ltr'><strong>OPERA</strong></span> <span class='ocrx_word' id='word_1_5' title='bbox 2097 358 2154 409; x_wconf 86' lang='lat' dir='ltr'><strong>S.</strong></span> <span class='ocrx_word' id='word_1_6' title='bbox 2196 357 2510 412; x_wconf 79' lang='lat' dir='ltr'><strong>DIONYSII</strong></span> <span class='ocrx_word' id='word_1_7' title='bbox 2547 358 3050 416; x_wconf 67' lang='lat' dir='ltr'><strong>AREOPAGITJE.</strong></span> 
     </span>
    </p>
   </div>
   <div class='ocr_carea' id='block_1_3' title="bbox 3765 362 3860 416">
    <p class='ocr_par' dir='ltr' id='par_1_3' title="bbox 3765 362 3860 416">
     <span class='ocr_line' id='line_1_3' title="bbox 3765 362 3860 416; baseline 0 0"><span class='ocrx_word' id='word_1_8' title='bbox 3765 362 3860 416; x_wconf 85' lang='lat'><strong>396</strong></span> 
     </span>
    </p>
   </div>
   <div class='ocr_carea' id='block_1_4' title="bbox 443 475 2088 557">
    <p class='ocr_par' dir='ltr' id='par_1_4' title="bbox 443 475 2088 552">
     <span class='ocr_line' id='line_1_4' title="bbox 443 475 2088 552; baseline -0.004 -15"><span class='ocrx_word' id='word_1_9' title='bbox 443 478 689 552; x_wconf 88' lang='lat' dir='ltr'><strong>objectis</strong></span> <span class='ocrx_word' id='word_1_10' title='bbox 715 497 728 547; x_wconf 89' lang='lat'><strong>;</strong></span> <span class='ocrx_word' id='word_1_11' title='bbox 761 479 917 550; x_wconf 89' lang='lat' dir='ltr'><strong>quod</strong></span> <span class='ocrx_word' id='word_1_12' title='bbox 943 478 1104 534; x_wconf 89' lang='lat' dir='ltr'><strong>enim</strong></span> <span class='ocrx_word' id='word_1_13' title='bbox 1127 476 1541 550; x_wconf 88' lang='lat' dir='ltr'><strong>intelligit,per</strong></span> <span class='ocrx_word' id='word_1_14' title='bbox 1557 477 1948 549; x_wconf 80' lang='lat' dir='ltr'><strong>cognitionem</strong></span> <span class='ocrx_word' id='word_1_15' title='bbox 1972 475 2088 532; x_wconf 89' lang='lat' dir='ltr'><strong>uni-</strong></span> 
     </span>
    </p>
   </div>
   <div class='ocr_carea' id='block_1_5' title="bbox 2207 475 3859 557">
    <p class='ocr_par' dir='ltr' id='par_1_5' title="bbox 2215 477 3859 557">
     <span class='ocr_line' id='line_1_5' title="bbox 2215 477 3859 557; baseline 0.003 -26"><span class='ocrx_word' id='word_1_16' title='bbox 2215 477 2495 551; x_wconf 84' lang='grc' dir='ltr'>γουμένως</span> <span class='ocrx_word' id='word_1_17' title='bbox 2525 477 2762 534; x_wconf 81' lang='grc' dir='ltr'>ἐνουνται</span> <span class='ocrx_word' id='word_1_18' title='bbox 2790 485 2909 542; x_wconf 85' lang='grc' dir='ltr'>τοῖς</span> <span class='ocrx_word' id='word_1_19' title='bbox 2941 481 3283 552; x_wconf 80' lang='grc' dir='ltr'>νοουμένοις”</span> <span class='ocrx_word' id='word_1_20' title='bbox 3315 480 3377 536; x_wconf 79' lang='grc' dir='ltr'>τὸ</span> <span class='ocrx_word' id='word_1_21' title='bbox 3430 481 3533 557; x_wconf 75' lang='grc' dir='ltr'><strong>γὰρ</strong></span> <span class='ocrx_word' id='word_1_22' title='bbox 3584 487 3743 537; x_wconf 74' lang='grc' dir='ltr'>νοοῦν</span> <span class='ocrx_word' id='word_1_23' title='bbox 3799 487 3859 555; x_wconf 76' lang='grc' dir='ltr'><strong>τῇ</strong></span> 
     </span>
    </p>
   </div>
   <div class='ocr_carea' id='block_1_6' title="bbox 442 564 2104 642">
    <p class='ocr_par' dir='ltr' id='par_1_6' title="bbox 442 564 2104 642">
     <span class='ocr_line' id='line_1_6' title="bbox 442 564 2104 642; baseline -0.005 -16"><span class='ocrx_word' id='word_1_24' title='bbox 442 575 540 626; x_wconf 87' lang='lat' dir='ltr'><strong>tur</strong></span> <span class='ocrx_word' id='word_1_25' title='bbox 570 569 804 642; x_wconf 89' lang='lat' dir='ltr'><strong>cognito</strong></span> <span class='ocrx_word' id='word_1_26' title='bbox 839 584 905 624; x_wconf 86' lang='lat' dir='ltr'><strong>ac</strong></span> <span class='ocrx_word' id='word_1_27' title='bbox 934 566 1426 633; x_wconf 87' lang='lat' dir='ltr'><strong>intellecto,sicut</strong></span> <span class='ocrx_word' id='word_1_28' title='bbox 1446 566 1621 621; x_wconf 86' lang='lat' dir='ltr'><strong>etiam</strong></span> <span class='ocrx_word' id='word_1_29' title='bbox 1655 565 1934 637; x_wconf 79' lang='lat' dir='ltr'><strong>ignorans</strong></span> <span class='ocrx_word' id='word_1_30' title='bbox 1957 564 2104 619; x_wconf 88' lang='lat' dir='ltr'><strong>divi-</strong></span> 
     </span>
    </p>
   </div>
   <div class='ocr_carea' id='block_1_7' title="bbox 447 652 2105 730">
    <p class='ocr_par' dir='ltr' id='par_1_7' title="bbox 447 652 2105 730">
     <span class='ocr_line' id='line_1_7' title="bbox 447 652 2105 730; baseline -0.002 -16"><span class='ocrx_word' id='word_1_31' title='bbox 447 659 627 730; x_wconf 80' lang='lat' dir='ltr'><strong>ditur,</strong></span> <span class='ocrx_word' id='word_1_32' title='bbox 667 675 783 714; x_wconf 90' lang='lat' dir='ltr'><strong>non</strong></span> <span class='ocrx_word' id='word_1_33' title='bbox 829 657 1340 728; x_wconf 79' lang='lat' dir='ltr'><strong>comprehenderis</strong></span> <span class='ocrx_word' id='word_1_34' title='bbox 1390 656 1548 728; x_wconf 89' lang='lat' dir='ltr'><strong>quod</strong></span> <span class='ocrx_word' id='word_1_35' title='bbox 1597 654 1903 726; x_wconf 80' lang='lat' dir='ltr'><strong>ignoravit.</strong></span> <span class='ocrx_word' id='word_1_36' title='bbox 1950 652 2105 710; x_wconf 87' lang='lat' dir='ltr'><strong>Talis</strong></span> 
     </span>
    </p>
   </div>
   <div class='ocr_carea' id='block_1_8' title="bbox 445 739 2099 820">
    <p class='ocr_par' dir='ltr' id='par_1_8' title="bbox 445 739 2099 820">
     <span class='ocr_line' id='line_1_8' title="bbox 445 739 2099 820; baseline -0.002 -18"><span class='ocrx_word' id='word_1_37' title='bbox 445 748 628 820; x_wconf 81' lang='lat' dir='ltr'><strong>igitur</strong></span> <span class='ocrx_word' id='word_1_38' title='bbox 659 763 826 803; x_wconf 87' lang='lat' dir='ltr'><strong>mens</strong></span> <span class='ocrx_word' id='word_1_39' title='bbox 857 747 997 802; x_wconf 91' lang='lat' dir='ltr'><strong>dum</strong></span> <span class='ocrx_word' id='word_1_40' title='bbox 1042 739 1404 818; x_wconf 35' lang='lat' dir='ltr'><strong>cogitans‘in</strong></span> <span class='ocrx_word' id='word_1_41' title='bbox 1457 745 1714 817; x_wconf 88' lang='lat' dir='ltr'><strong>seipsam</strong></span> <span class='ocrx_word' id='word_1_42' title='bbox 1762 744 2099 810; x_wconf 81' lang='lat' dir='ltr'><strong>reﬂectitur,</strong></span> 
     </span>
    </p>
   </div>
   <div class='ocr_carea' id='block_1_9' title="bbox 446 834 2103 907">
    <p class='ocr_par' dir='ltr' id='par_1_9' title="bbox 446 834 2103 907">
     <span class='ocr_line' id='line_1_9' title="bbox 446 834 2103 907; baseline -0.003 -14"><span class='ocrx_word' id='word_1_43' title='bbox 446 855 564 893; x_wconf 90' lang='lat' dir='ltr'><strong>non</strong></span> <span class='ocrx_word' id='word_1_44' title='bbox 595 837 783 893; x_wconf 88' lang='lat' dir='ltr'><strong>divisa</strong></span> <span class='ocrx_word' id='word_1_45' title='bbox 810 840 973 892; x_wconf 82' lang='lat' dir='ltr'><strong>extra</strong></span> <span class='ocrx_word' id='word_1_46' title='bbox 1001 835 1282 907; x_wconf 88' lang='lat' dir='ltr'><strong>seipsam,</strong></span> <span class='ocrx_word' id='word_1_47' title='bbox 1302 836 1403 891; x_wconf 90' lang='lat' dir='ltr'><strong>sed</strong></span> <span class='ocrx_word' id='word_1_48' title='bbox 1436 834 1551 891; x_wconf 85' lang='lat' dir='ltr'><strong>sibi</strong></span> <span class='ocrx_word' id='word_1_49' title='bbox 1583 834 1696 906; x_wconf 90' lang='lat' dir='ltr'><strong>ipsi</strong></span> <span class='ocrx_word' id='word_1_50' title='bbox 1729 835 1895 889; x_wconf 82' lang='lat' dir='ltr'><strong>unita</strong></span> <span class='ocrx_word' id='word_1_51' title='bbox 1917 850 2016 905; x_wconf 90' lang='lat' dir='ltr'><strong>per</strong></span> <span class='ocrx_word' id='word_1_52' title='bbox 2036 849 2103 889; x_wconf 91' lang='lat' dir='ltr'><strong>ea</strong></span> 
     </span>
    </p>
   </div>
   <div class='ocr_carea' id='block_1_10' title="bbox 446 922 2101 998">
    <p class='ocr_par' dir='ltr' id='par_1_10' title="bbox 446 922 2101 998">
     <span class='ocr_line' id='line_1_10' title="bbox 446 922 2101 998; baseline -0.002 -17"><span class='ocrx_word' id='word_1_53' title='bbox 446 927 663 998; x_wconf 85' lang='lat' dir='ltr'><strong>quibus</strong></span> <span class='ocrx_word' id='word_1_54' title='bbox 694 925 752 980; x_wconf 91' lang='lat' dir='ltr'><strong>in</strong></span> <span class='ocrx_word' id='word_1_55' title='bbox 784 925 1044 998; x_wconf 88' lang='lat' dir='ltr'><strong>seipsam</strong></span> <span class='ocrx_word' id='word_1_56' title='bbox 1072 924 1305 982; x_wconf 78' lang='lat' dir='ltr'><strong>redivit.</strong></span> <span class='ocrx_word' id='word_1_57' title='bbox 1339 923 1469 978; x_wconf 88' lang='lat' dir='ltr'><strong>Alia</strong></span> <span class='ocrx_word' id='word_1_58' title='bbox 1495 939 1631 979; x_wconf 90' lang='lat' dir='ltr'><strong>vero</strong></span> <span class='ocrx_word' id='word_1_59' title='bbox 1663 926 1755 978; x_wconf 88' lang='lat' dir='ltr'><strong>est</strong></span> <span class='ocrx_word' id='word_1_60' title='bbox 1785 923 1846 977; x_wconf 90' lang='lat' dir='ltr'><strong>in</strong></span> <span class='ocrx_word' id='word_1_61' title='bbox 1879 922 2101 978; x_wconf 80' lang='lat' dir='ltr'><strong>sanctis</strong></span> 
     </span>
    </p>
   </div>
   <div class='ocr_carea' id='block_1_11' title="bbox 446 1011 2098 1087">
    <p class='ocr_par' dir='ltr' id='par_1_11' title="bbox 446 1011 2098 1087">
     <span class='ocr_line' id='line_1_11' title="bbox 446 1011 2098 1087; baseline -0.003 -16"><span class='ocrx_word' id='word_1_62' title='bbox 446 1016 766 1085; x_wconf 87' lang='lat' dir='ltr'><strong>mentibus,</strong></span> <span class='ocrx_word' id='word_1_63' title='bbox 797 1031 926 1087; x_wconf 71' lang='lat' dir='ltr'><strong>quae</strong></span> <span class='ocrx_word' id='word_1_64' title='bbox 959 1018 1046 1070; x_wconf 88' lang='lat' dir='ltr'><strong>est</strong></span> <span class='ocrx_word' id='word_1_65' title='bbox 1095 1013 1456 1070; x_wconf 88' lang='lat' dir='ltr'><strong>intellectiva</strong></span> <span class='ocrx_word' id='word_1_66' title='bbox 1505 1012 1714 1069; x_wconf 65' lang='lat' dir='ltr'><strong>animae</strong></span> <span class='ocrx_word' id='word_1_67' title='bbox 1765 1011 2098 1080; x_wconf 90' lang='lat' dir='ltr'><strong>unitio;illi</strong></span> 
     </span>
    </p>
   </div>
   <div class='ocr_carea' id='block_1_12' title="bbox 447 1101 2100 1176">
    <p class='ocr_par' dir='ltr' id='par_1_12' title="bbox 447 1101 2100 1176">
     <span class='ocr_line' id='line_1_12' title="bbox 447 1101 2100 1176; baseline -0.004 -15"><span class='ocrx_word' id='word_1_68' title='bbox 447 1105 604 1161; x_wconf 87' lang='lat' dir='ltr'><strong>enim</strong></span> <span class='ocrx_word' id='word_1_69' title='bbox 635 1103 1062 1176; x_wconf 86' lang='lat' dir='ltr'><strong>intelligibiles,</strong></span> <span class='ocrx_word' id='word_1_70' title='bbox 1094 1103 1217 1162; x_wconf 78' lang='lat' dir='ltr'><strong>haec</strong></span> <span class='ocrx_word' id='word_1_71' title='bbox 1245 1119 1380 1159; x_wconf 88' lang='lat' dir='ltr'><strong>vero</strong></span> <span class='ocrx_word' id='word_1_72' title='bbox 1412 1102 1768 1174; x_wconf 86' lang='lat' dir='ltr'><strong>intelligens,</strong></span> <span class='ocrx_word' id='word_1_73' title='bbox 1825 1101 2100 1158; x_wconf 80' lang='lat' dir='ltr'><strong>omnibus</strong></span> 
     </span>
    </p>
   </div>
   <div class='ocr_carea' id='block_1_13' title="bbox 447 1190 2098 1267">
    <p class='ocr_par' dir='ltr' id='par_1_13' title="bbox 447 1190 2098 1267">
     <span class='ocr_line' id='line_1_13' title="bbox 447 1190 2098 1267; baseline -0.002 -17"><span class='ocrx_word' id='word_1_74' title='bbox 447 1194 672 1267; x_wconf 81' lang='lat' dir='ltr'><strong>angelis</strong></span> <span class='ocrx_word' id='word_1_75' title='bbox 701 1193 961 1250; x_wconf 85' lang='lat' dir='ltr'><strong>inferior.</strong></span> <span class='ocrx_word' id='word_1_76' title='bbox 1001 1197 1174 1248; x_wconf 81' lang='lat' dir='ltr'><strong>Porro</strong></span> <span class='ocrx_word' id='word_1_77' title='bbox 1207 1196 1440 1250; x_wconf 88' lang='lat' dir='ltr'><strong>tantum</strong></span> <span class='ocrx_word' id='word_1_78' title='bbox 1471 1195 1562 1247; x_wconf 90' lang='lat' dir='ltr'><strong>est</strong></span> <span class='ocrx_word' id='word_1_79' title='bbox 1590 1190 2098 1263; x_wconf 84' lang='lat' dir='ltr'><strong>intelligens,pro-</strong></span> 
     </span>
    </p>
   </div>
   <div class='ocr_carea' id='block_1_14' title="bbox 444 1280 2099 1355">
    <p class='ocr_par' dir='ltr' id='par_1_14' title="bbox 444 1280 2099 1355">
     <span class='ocr_line' id='line_1_14' title="bbox 444 1280 2099 1355; baseline -0.001 -17"><span class='ocrx_word' id='word_1_80' title='bbox 444 1287 573 1355; x_wconf 89' lang='lat' dir='ltr'><strong>pter</strong></span> <span class='ocrx_word' id='word_1_81' title='bbox 601 1299 810 1339; x_wconf 89' lang='lat' dir='ltr'><strong>causas</strong></span> <span class='ocrx_word' id='word_1_82' title='bbox 843 1299 991 1354; x_wconf 86' lang='lat' dir='ltr'><strong>quas</strong></span> <span class='ocrx_word' id='word_1_83' title='bbox 1021 1281 1294 1354; x_wconf 90' lang='lat' dir='ltr'><strong>superius</strong></span> <span class='ocrx_word' id='word_1_84' title='bbox 1325 1281 1606 1350; x_wconf 84' lang='lat' dir='ltr'><strong>diximus,</strong></span> <span class='ocrx_word' id='word_1_85' title='bbox 1635 1281 1736 1336; x_wconf 92' lang='lat' dir='ltr'><strong>ubi</strong></span> <span class='ocrx_word' id='word_1_86' title='bbox 1767 1280 1942 1336; x_wconf 85' lang='lat' dir='ltr'><strong>etiam</strong></span> <span class='ocrx_word' id='word_1_87' title='bbox 1969 1280 2099 1336; x_wconf 87' lang='lat' dir='ltr'><strong>fuse</strong></span> 
     </span>
    </p>
   </div>
   <div class='ocr_carea' id='block_1_15' title="bbox 443 1369 2099 1444">
    <p class='ocr_par' dir='ltr' id='par_1_15' title="bbox 443 1369 2099 1444">
     <span class='ocr_line' id='line_1_15' title="bbox 443 1369 2099 1444; baseline -0.001 -18"><span class='ocrx_word' id='word_1_88' title='bbox 443 1371 833 1428; x_wconf 83' lang='lat' dir='ltr'><strong>disseruimus</strong></span> <span class='ocrx_word' id='word_1_89' title='bbox 877 1372 948 1428; x_wconf 89' lang='lat' dir='ltr'><strong>de</strong></span> <span class='ocrx_word' id='word_1_90' title='bbox 999 1371 1074 1427; x_wconf 89' lang='lat' dir='ltr'><strong>iis</strong></span> <span class='ocrx_word' id='word_1_91' title='bbox 1124 1387 1251 1444; x_wconf 72' lang='lat' dir='ltr'><strong>quae</strong></span> <span class='ocrx_word' id='word_1_92' title='bbox 1302 1369 1396 1426; x_wconf 88' lang='lat' dir='ltr'><strong>hic</strong></span> <span class='ocrx_word' id='word_1_93' title='bbox 1444 1371 1744 1438; x_wconf 88' lang='lat' dir='ltr'><strong>dicuntur,</strong></span> <span class='ocrx_word' id='word_1_94' title='bbox 1797 1370 1855 1425; x_wconf 92' lang='lat' dir='ltr'><strong>in</strong></span> <span class='ocrx_word' id='word_1_95' title='bbox 1909 1370 2099 1441; x_wconf 89' lang='lat' dir='ltr'><strong>capite</strong></span> 
     </span>
    </p>
   </div>
   <div class='ocr_carea' id='block_1_16' title="bbox 443 1461 656 1533">
    <p class='ocr_par' dir='ltr' id='par_1_16' title="bbox 443 1461 656 1533">
     <span class='ocr_line' id='line_1_16' title="bbox 443 1461 656 1533; baseline 0.005 -18"><span class='ocrx_word' id='word_1_96' title='bbox 443 1461 656 1533; x_wconf 89' lang='lat' dir='ltr'><strong>primo.</strong></span> 
     </span>
    </p>
   </div>
   <div class='ocr_carea' id='block_1_17' title="bbox 507 1548 2096 1620">
    <p class='ocr_par' dir='ltr' id='par_1_17' title="bbox 507 1548 2096 1620">
     <span class='ocr_line' id='line_1_17' title="bbox 507 1548 2096 1620; baseline -0.003 -14"><span class='ocrx_word' id='word_1_97' title='bbox 507 1552 615 1606; x_wconf 82' lang='lat' dir='ltr'><strong>Per</strong></span> <span class='ocrx_word' id='word_1_98' title='bbox 643 1549 1094 1620; x_wconf 75' lang='lat' dir='ltr'><strong>immaterialem,</strong></span> <span class='ocrx_word' id='word_1_99' title='bbox 1132 1556 1294 1620; x_wconf 77' lang='lat' dir='ltr'><strong>atque</strong></span> <span class='ocrx_word' id='word_1_100' title='bbox 1325 1548 1656 1604; x_wconf 71' lang='lat' dir='ltr'><strong>indivisam.</strong></span> <span class='ocrx_word' id='word_1_101' title='bbox 1690 1548 1869 1604; x_wconf 90' lang='lat' dir='ltr'><strong>Posse</strong></span> <span class='ocrx_word' id='word_1_102' title='bbox 1899 1548 1958 1602; x_wconf 90' lang='lat' dir='ltr'><strong>in</strong></span> <span class='ocrx_word' id='word_1_103' title='bbox 1993 1565 2096 1603; x_wconf 89' lang='lat' dir='ltr'><strong>no-</strong></span> 
     </span>
    </p>
   </div>
   <div class='ocr_carea' id='block_1_18' title="bbox 441 1636 2095 1707">
    <p class='ocr_par' dir='ltr' id='par_1_18' title="bbox 441 1636 2095 1707">
     <span class='ocr_line' id='line_1_18' title="bbox 441 1636 2095 1707; baseline -0.002 -13"><span class='ocrx_word' id='word_1_104' title='bbox 441 1639 580 1695; x_wconf 86' lang='lat' dir='ltr'><strong>stris</strong></span> <span class='ocrx_word' id='word_1_105' title='bbox 610 1639 824 1695; x_wconf 89' lang='lat' dir='ltr'><strong>animis</strong></span> <span class='ocrx_word' id='word_1_106' title='bbox 856 1638 1102 1694; x_wconf 84' lang='lat' dir='ltr'><strong>inveniri</strong></span> <span class='ocrx_word' id='word_1_107' title='bbox 1135 1637 1499 1694; x_wconf 89' lang='lat' dir='ltr'><strong>individuam</strong></span> <span class='ocrx_word' id='word_1_108' title='bbox 1527 1642 1585 1693; x_wconf 89' lang='lat' dir='ltr'><strong>et</strong></span> <span class='ocrx_word' id='word_1_109' title='bbox 1616 1636 1874 1693; x_wconf 73' lang='lat' dir='ltr'><strong>materiae</strong></span> <span class='ocrx_word' id='word_1_110' title='bbox 1897 1653 2095 1707; x_wconf 84' lang='lat' dir='ltr'><strong>exper-</strong></span> 
     </span>
    </p>
   </div>
   <div class='ocr_carea' id='block_1_19' title="bbox 438 1725 2092 1797">
    <p class='ocr_par' dir='ltr' id='par_1_19' title="bbox 438 1725 2092 1797">
     <span class='ocr_line' id='line_1_19' title="bbox 438 1725 2092 1797; baseline -0.004 -13"><span class='ocrx_word' id='word_1_111' title='bbox 438 1732 558 1784; x_wconf 86' lang='lat' dir='ltr'><strong>tem</strong></span> <span class='ocrx_word' id='word_1_112' title='bbox 589 1726 1061 1795; x_wconf 68' lang='lat' dir='ltr'><strong>intelligentiam,</strong></span> <span class='ocrx_word' id='word_1_113' title='bbox 1092 1727 1326 1797; x_wconf 85' lang='lat' dir='ltr'><strong>quando</strong></span> <span class='ocrx_word' id='word_1_114' title='bbox 1354 1743 1495 1782; x_wconf 88' lang='lat' dir='ltr'><strong>suas</strong></span> <span class='ocrx_word' id='word_1_115' title='bbox 1528 1725 1796 1782; x_wconf 88' lang='lat' dir='ltr'><strong>omnium</strong></span> <span class='ocrx_word' id='word_1_116' title='bbox 1815 1741 2092 1796; x_wconf 82' lang='lat' dir='ltr'><strong>generum</strong></span> 
     </span>
    </p>
   </div>
   <div class='ocr_carea' id='block_1_20' title="bbox 441 1814 2092 1887">
    <p class='ocr_par' dir='ltr' id='par_1_20' title="bbox 441 1814 2092 1887">
     <span class='ocr_line' id='line_1_20' title="bbox 441 1814 2092 1887; baseline -0.002 -15"><span class='ocrx_word' id='word_1_117' title='bbox 441 1816 922 1874; x_wconf 85' lang='lat' dir='ltr'><strong>ratiocinationes</strong></span> <span class='ocrx_word' id='word_1_118' title='bbox 953 1816 1026 1870; x_wconf 91' lang='lat' dir='ltr'><strong>ad</strong></span> <span class='ocrx_word' id='word_1_119' title='bbox 1073 1831 1252 1870; x_wconf 89' lang='lat' dir='ltr'><strong>unam</strong></span> <span class='ocrx_word' id='word_1_120' title='bbox 1305 1814 1730 1887; x_wconf 90' lang='lat' dir='ltr'><strong>intelligentem</strong></span> <span class='ocrx_word' id='word_1_121' title='bbox 1779 1814 2092 1886; x_wconf 86' lang='lat' dir='ltr'><strong>puritatem</strong></span> 
     </span>
    </p>
   </div>
   <div class='ocr_carea' id='block_1_21' title="bbox 442 1902 2099 1978">
    <p class='ocr_par' dir='ltr' id='par_1_21' title="bbox 442 1902 2099 1978">
     <span class='ocr_line' id='line_1_21' title="bbox 442 1902 2099 1978; baseline -0.004 -14"><span class='ocrx_word' id='word_1_122' title='bbox 442 1906 729 1978; x_wconf 86' lang='lat' dir='ltr'><strong>colligunt</strong></span> <span class='ocrx_word' id='word_1_123' title='bbox 753 1923 767 1974; x_wconf 93' lang='lat'><strong>;</strong></span> <span class='ocrx_word' id='word_1_124' title='bbox 791 1909 919 1962; x_wconf 88' lang='lat' dir='ltr'><strong>tum</strong></span> <span class='ocrx_word' id='word_1_125' title='bbox 942 1903 1102 1960; x_wconf 89' lang='lat' dir='ltr'><strong>enim</strong></span> <span class='ocrx_word' id='word_1_126' title='bbox 1125 1903 1301 1960; x_wconf 83' lang='lat' dir='ltr'><strong>etiam</strong></span> <span class='ocrx_word' id='word_1_127' title='bbox 1326 1905 1396 1960; x_wconf 87' lang='lat' dir='ltr'><strong>ad</strong></span> <span class='ocrx_word' id='word_1_128' title='bbox 1422 1903 1745 1960; x_wconf 82' lang='lat' dir='ltr'><strong>unitionem</strong></span> <span class='ocrx_word' id='word_1_129' title='bbox 1772 1902 2099 1975; x_wconf 89' lang='lat' dir='ltr'><strong>intelligen-</strong></span> 
     </span>
    </p>
   </div>
   <div class='ocr_carea' id='block_1_22' title="bbox 442 1992 2098 2066">
    <p class='ocr_par' dir='ltr' id='par_1_22' title="bbox 442 1992 2098 2066">
     <span class='ocr_line' id='line_1_22' title="bbox 442 1992 2098 2066; baseline -0.004 -14"><span class='ocrx_word' id='word_1_130' title='bbox 442 1996 524 2052; x_wconf 90' lang='lat' dir='ltr'><strong>tia</strong></span> <span class='ocrx_word' id='word_1_131' title='bbox 554 1994 921 2066; x_wconf 83' lang='lat' dir='ltr'><strong>superiorem</strong></span> <span class='ocrx_word' id='word_1_132' title='bbox 952 1997 1345 2066; x_wconf 84' lang='lat' dir='ltr'><strong>congruenter</strong></span> <span class='ocrx_word' id='word_1_133' title='bbox 1373 1992 1487 2049; x_wconf 88' lang='lat' dir='ltr'><strong>sibi</strong></span> <span class='ocrx_word' id='word_1_134' title='bbox 1517 1992 1611 2049; x_wconf 87' lang='lat' dir='ltr'><strong>via</strong></span> <span class='ocrx_word' id='word_1_135' title='bbox 1640 1996 1698 2048; x_wconf 92' lang='lat' dir='ltr'><strong>et</strong></span> <span class='ocrx_word' id='word_1_136' title='bbox 1727 1993 1931 2048; x_wconf 83' lang='lat' dir='ltr'><strong>ordine</strong></span> <span class='ocrx_word' id='word_1_137' title='bbox 1963 2008 2098 2064; x_wconf 75' lang='lat' dir='ltr'><strong>pro-</strong></span> 
     </span>
    </p>
   </div>
   <div class='ocr_carea' id='block_1_23' title="bbox 439 2084 808 2158">
    <p class='ocr_par' dir='ltr' id='par_1_23' title="bbox 439 2084 808 2158">
     <span class='ocr_line' id='line_1_23' title="bbox 439 2084 808 2158; baseline 0 -18"><span class='ocrx_word' id='word_1_138' title='bbox 439 2084 808 2158; x_wconf 81' lang='lat' dir='ltr'><strong>gradiuntur.</strong></span> 
     </span>
    </p>
   </div>
   <div class='ocr_carea' id='block_1_24' title="bbox 509 2171 2094 2245">
    <p class='ocr_par' dir='ltr' id='par_1_24' title="bbox 509 2171 2094 2245">
     <span class='ocr_line' id='line_1_24' title="bbox 509 2171 2094 2245; baseline -0.003 -15"><span class='ocrx_word' id='word_1_139' title='bbox 509 2176 766 2245; x_wconf 76' lang='lat' dir='ltr'><strong>Perfecto</strong></span> <span class='ocrx_word' id='word_1_140' title='bbox 794 2181 1061 2230; x_wconf 78' lang='lat' dir='ltr'><strong>concentu</strong></span> <span class='ocrx_word' id='word_1_141' title='bbox 1091 2178 1254 2245; x_wconf 75' lang='lat' dir='ltr'><strong>atque</strong></span> <span class='ocrx_word' id='word_1_142' title='bbox 1292 2172 1612 2229; x_wconf 78' lang='lat' dir='ltr'><strong>concordia.</strong></span> <span class='ocrx_word' id='word_1_143' title='bbox 1647 2171 1855 2228; x_wconf 85' lang='lat' dir='ltr'><strong>Pacem</strong></span> <span class='ocrx_word' id='word_1_144' title='bbox 1907 2171 2094 2243; x_wconf 86' lang='lat' dir='ltr'><strong>perfe-</strong></span> 
     </span>
    </p>
   </div>
   <div class='ocr_carea' id='block_1_25' title="bbox 439 2260 2095 2334">
    <p class='ocr_par' dir='ltr' id='par_1_25' title="bbox 439 2260 2095 2334">
     <span class='ocr_line' id='line_1_25' title="bbox 439 2260 2095 2334; baseline -0.003 -14"><span class='ocrx_word' id='word_1_145' title='bbox 439 2272 594 2322; x_wconf 82' lang='lat' dir='ltr'><strong>ctam</strong></span> <span class='ocrx_word' id='word_1_146' title='bbox 625 2261 789 2334; x_wconf 90' lang='lat' dir='ltr'><strong>dicit,</strong></span> <span class='ocrx_word' id='word_1_147' title='bbox 842 2263 1110 2321; x_wconf 89' lang='lat' dir='ltr'><strong>omnium</strong></span> <span class='ocrx_word' id='word_1_148' title='bbox 1157 2262 1448 2320; x_wconf 88' lang='lat' dir='ltr'><strong>bonorum</strong></span> <span class='ocrx_word' id='word_1_149' title='bbox 1497 2261 1839 2334; x_wconf 83' lang='lat' dir='ltr'><strong>perfectam,</strong></span> <span class='ocrx_word' id='word_1_150' title='bbox 1895 2260 1953 2316; x_wconf 87' lang='lat' dir='ltr'><strong>id</strong></span> <span class='ocrx_word' id='word_1_151' title='bbox 2006 2263 2095 2318; x_wconf 85' lang='lat' dir='ltr'><strong>est</strong></span> 
     </span>
    </p>
   </div>
   <div class='ocr_carea' id='block_1_26' title="bbox 441 2355 1624 2410">
    <p class='ocr_par' dir='ltr' id='par_1_26' title="bbox 441 2355 1624 2410">
     <span class='ocr_line' id='line_1_26' title="bbox 441 2355 1624 2410; baseline 0 0"><span class='ocrx_word' id='word_1_152' title='bbox 441 2355 652 2410; x_wconf 89' lang='lat' dir='ltr'><strong>Deum.</strong></span> <span class='ocrx_word' id='word_1_153' title='bbox 1621 2373 1624 2376; x_wconf 92' lang='grc'><strong>·</strong></span> 
     </span>
    </p>
   </div>
   <div class='ocr_carea' id='block_1_27' title="bbox 511 2440 2096 2512">
    <p class='ocr_par' dir='ltr' id='par_1_27' title="bbox 511 2440 2096 2512">
     <span class='ocr_line' id='line_1_27' title="bbox 511 2440 2096 2512; baseline -0.003 -12"><span class='ocrx_word' id='word_1_154' title='bbox 511 2444 664 2500; x_wconf 64' lang='grc'><strong>218</strong></span> <span class='ocrx_word' id='word_1_155' title='bbox 703 2444 766 2500; x_wconf 80' lang='lat' dir='ltr'><strong>Et</strong></span> <span class='ocrx_word' id='word_1_156' title='bbox 795 2448 1070 2500; x_wconf 71' lang='lat' dir='ltr'><strong>extremas</strong></span> <span class='ocrx_word' id='word_1_157' title='bbox 1099 2447 1446 2500; x_wconf 70' lang='lat' dir='ltr'><strong>omnecum.</strong></span> <span class='ocrx_word' id='word_1_158' title='bbox 1480 2442 1753 2498; x_wconf 84' lang='lat' dir='ltr'><strong>Extrema</strong></span> <span class='ocrx_word' id='word_1_159' title='bbox 1785 2440 1950 2512; x_wconf 85' lang='lat' dir='ltr'><strong>dixit,</strong></span> <span class='ocrx_word' id='word_1_160' title='bbox 1984 2441 2096 2496; x_wconf 84' lang='lat' dir='ltr'><strong>vir-</strong></span> 
     </span>
    </p>
   </div>
   <div class='ocr_carea' id='block_1_28' title="bbox 439 2533 2094 2607">
    <p class='ocr_par' dir='ltr' id='par_1_28' title="bbox 439 2533 2094 2607">
     <span class='ocr_line' id='line_1_28' title="bbox 439 2533 2094 2607; baseline -0.002 -16"><span class='ocrx_word' id='word_1_161' title='bbox 439 2540 602 2591; x_wconf 81' lang='lat' dir='ltr'><strong>tutes</strong></span> <span class='ocrx_word' id='word_1_162' title='bbox 632 2535 966 2607; x_wconf 86' lang='lat' dir='ltr'><strong>superiores</strong></span> <span class='ocrx_word' id='word_1_163' title='bbox 1005 2539 1062 2591; x_wconf 88' lang='lat' dir='ltr'><strong>et</strong></span> <span class='ocrx_word' id='word_1_164' title='bbox 1112 2534 1442 2604; x_wconf 87' lang='lat' dir='ltr'><strong>inferiores,</strong></span> <span class='ocrx_word' id='word_1_165' title='bbox 1487 2539 1662 2606; x_wconf 85' lang='lat' dir='ltr'><strong>atque</strong></span> <span class='ocrx_word' id='word_1_166' title='bbox 1694 2534 1908 2604; x_wconf 88' lang='lat' dir='ltr'><strong>media,</strong></span> <span class='ocrx_word' id='word_1_167' title='bbox 1941 2533 2094 2589; x_wconf 90' lang='lat' dir='ltr'><strong>sicut</strong></span> 
     </span>
    </p>
   </div>
   <div class='ocr_carea' id='block_1_29' title="bbox 441 2623 2088 2696">
    <p class='ocr_par' dir='ltr' id='par_1_29' title="bbox 441 2623 2088 2696">
     <span class='ocr_line' id='line_1_29' title="bbox 441 2623 2088 2696; baseline -0.002 -15"><span class='ocrx_word' id='word_1_168' title='bbox 441 2631 612 2682; x_wconf 87' lang='lat' dir='ltr'><strong>antea</strong></span> <span class='ocrx_word' id='word_1_169' title='bbox 643 2623 1059 2696; x_wconf 71' lang='lat' dir='ltr'><strong>diximus,quaa</strong></span> <span class='ocrx_word' id='word_1_170' title='bbox 1091 2641 1157 2680; x_wconf 85' lang='lat' dir='ltr'><strong>ex</strong></span> <span class='ocrx_word' id='word_1_171' title='bbox 1181 2625 1503 2692; x_wconf 86' lang='lat' dir='ltr'><strong>purissima</strong></span> <span class='ocrx_word' id='word_1_172' title='bbox 1534 2623 2088 2692; x_wconf 83' lang='lat' dir='ltr'><strong>materia,nimirum</strong></span> 
     </span>
    </p>
   </div>
   <div class='ocr_carea' id='block_1_30' title="bbox 441 2713 2089 2783">
    <p class='ocr_par' dir='ltr' id='par_1_30' title="bbox 441 2713 2089 2783">
     <span class='ocr_line' id='line_1_30' title="bbox 441 2713 2089 2783; baseline -0.002 -13"><span class='ocrx_word' id='word_1_173' title='bbox 441 2715 614 2770; x_wconf 65' lang='lat' dir='ltr'><strong>caelos</strong></span> <span class='ocrx_word' id='word_1_174' title='bbox 647 2718 704 2770; x_wconf 85' lang='lat' dir='ltr'><strong>et</strong></span> <span class='ocrx_word' id='word_1_175' title='bbox 732 2714 954 2783; x_wconf 89' lang='lat' dir='ltr'><strong>stellas,</strong></span> <span class='ocrx_word' id='word_1_176' title='bbox 987 2713 1220 2782; x_wconf 86' lang='lat' dir='ltr'><strong>aliaque</strong></span> <span class='ocrx_word' id='word_1_177' title='bbox 1252 2718 1512 2769; x_wconf 87' lang='lat' dir='ltr'><strong>extrema</strong></span> <span class='ocrx_word' id='word_1_178' title='bbox 1540 2717 1707 2768; x_wconf 69' lang='lat' dir='ltr'><strong>terrae</strong></span> <span class='ocrx_word' id='word_1_179' title='bbox 1732 2713 2089 2782; x_wconf 84' lang='lat' dir='ltr'><strong>adjacentia,</strong></span> 
     </span>
    </p>
   </div>
   <div class='ocr_carea' id='block_1_31' title="bbox 441 2801 2089 2874">
    <p class='ocr_par' dir='ltr' id='par_1_31' title="bbox 441 2801 2089 2874">
     <span class='ocr_line' id='line_1_31' title="bbox 441 2801 2089 2874; baseline -0.002 -15"><span class='ocrx_word' id='word_1_180' title='bbox 441 2809 498 2860; x_wconf 90' lang='lat' dir='ltr'><strong>et</strong></span> <span class='ocrx_word' id='word_1_181' title='bbox 527 2808 759 2859; x_wconf 88' lang='lat' dir='ltr'><strong>terrena</strong></span> <span class='ocrx_word' id='word_1_182' title='bbox 787 2803 955 2874; x_wconf 86' lang='lat' dir='ltr'><strong>ipsa;</strong></span> <span class='ocrx_word' id='word_1_183' title='bbox 988 2806 1247 2859; x_wconf 86' lang='lat' dir='ltr'><strong>extrema</strong></span> <span class='ocrx_word' id='word_1_184' title='bbox 1284 2803 1440 2857; x_wconf 91' lang='lat' dir='ltr'><strong>enim</strong></span> <span class='ocrx_word' id='word_1_185' title='bbox 1474 2820 1508 2857; x_wconf 92' lang='lat' dir='ltr'><strong>a</strong></span> <span class='ocrx_word' id='word_1_186' title='bbox 1559 2801 1963 2872; x_wconf 89' lang='lat' dir='ltr'><strong>superioribus</strong></span> <span class='ocrx_word' id='word_1_187' title='bbox 2019 2803 2089 2856; x_wconf 90' lang='lat' dir='ltr'><strong>ad</strong></span> 
     </span>
    </p>
   </div>
   <div class='ocr_carea' id='block_1_32' title="bbox 438 2890 2092 2962">
    <p class='ocr_par' dir='ltr' id='par_1_32' title="bbox 438 2890 2092 2962">
     <span class='ocr_line' id='line_1_32' title="bbox 438 2890 2092 2962; baseline 0 -15"><span class='ocrx_word' id='word_1_188' title='bbox 438 2892 737 2961; x_wconf 80' lang='lat' dir='ltr'><strong>inferiora,</strong></span> <span class='ocrx_word' id='word_1_189' title='bbox 782 2890 1214 2962; x_wconf 87' lang='lat' dir='ltr'><strong>intelligibilia;</strong></span> <span class='ocrx_word' id='word_1_190' title='bbox 1269 2895 1471 2947; x_wconf 92' lang='lat' dir='ltr'><strong>contra</strong></span> <span class='ocrx_word' id='word_1_191' title='bbox 1516 2908 1650 2948; x_wconf 81' lang='lat' dir='ltr'><strong>vero</strong></span> <span class='ocrx_word' id='word_1_192' title='bbox 1711 2895 1971 2946; x_wconf 82' lang='lat' dir='ltr'><strong>extrema</strong></span> <span class='ocrx_word' id='word_1_193' title='bbox 2017 2892 2092 2947; x_wconf 90' lang='lat' dir='ltr'><strong>ab</strong></span> 
     </span>
    </p>
   </div>
   <div class='ocr_carea' id='block_1_33' title="bbox 436 2980 2092 3052">
    <p class='ocr_par' dir='ltr' id='par_1_33' title="bbox 436 2980 2092 3052">
     <span class='ocr_line' id='line_1_33' title="bbox 436 2980 2092 3052; baseline -0.001 -15"><span class='ocrx_word' id='word_1_194' title='bbox 436 2981 814 3039; x_wconf 84' lang='lat' dir='ltr'><strong>inferioribus</strong></span> <span class='ocrx_word' id='word_1_195' title='bbox 846 2981 916 3037; x_wconf 87' lang='lat' dir='ltr'><strong>ad</strong></span> <span class='ocrx_word' id='word_1_196' title='bbox 951 2980 1277 3052; x_wconf 88' lang='lat' dir='ltr'><strong>superiora,</strong></span> <span class='ocrx_word' id='word_1_197' title='bbox 1311 2981 1435 3036; x_wconf 63' lang='lat' dir='ltr'><strong>hinc</strong></span> <span class='ocrx_word' id='word_1_198' title='bbox 1463 2985 1861 3052; x_wconf 71' lang='lat' dir='ltr'><strong>terrena,quaa</strong></span> <span class='ocrx_word' id='word_1_199' title='bbox 1883 2981 2092 3036; x_wconf 87' lang='lat' dir='ltr'><strong>mediis</strong></span> 
     </span>
    </p>
   </div>
   <div class='ocr_carea' id='block_1_34' title="bbox 437 3066 2090 3143">
    <p class='ocr_par' dir='ltr' id='par_1_34' title="bbox 437 3066 2090 3143">
     <span class='ocr_line' id='line_1_34' title="bbox 437 3066 2090 3143; baseline 0 -17"><span class='ocrx_word' id='word_1_200' title='bbox 437 3073 880 3140; x_wconf 89' lang='lat' dir='ltr'><strong>convertuntur,</strong></span> <span class='ocrx_word' id='word_1_201' title='bbox 903 3066 1173 3143; x_wconf 84' lang='grc' dir='ltr'>Ὁμόγνια</span> <span class='ocrx_word' id='word_1_202' title='bbox 1201 3086 1332 3126; x_wconf 87' lang='lat' dir='ltr'><strong>vero</strong></span> <span class='ocrx_word' id='word_1_203' title='bbox 1365 3073 1506 3126; x_wconf 88' lang='lat' dir='ltr'><strong>sunt</strong></span> <span class='ocrx_word' id='word_1_204' title='bbox 1537 3086 1663 3142; x_wconf 70' lang='lat' dir='ltr'><strong>quae</strong></span> <span class='ocrx_word' id='word_1_205' title='bbox 1694 3071 1957 3141; x_wconf 87' lang='lat' dir='ltr'><strong>ejusdem</strong></span> <span class='ocrx_word' id='word_1_206' title='bbox 1991 3086 2090 3143; x_wconf 89' lang='lat' dir='ltr'><strong>ge-</strong></span> 
     </span>
    </p>
   </div>
   <div class='ocr_carea' id='block_1_35' title="bbox 437 3159 1873 3232">
    <p class='ocr_par' dir='ltr' id='par_1_35' title="bbox 437 3159 1873 3232">
     <span class='ocr_line' id='line_1_35' title="bbox 437 3159 1873 3232; baseline 0 -16"><span class='ocrx_word' id='word_1_207' title='bbox 437 3160 616 3231; x_wconf 88' lang='lat' dir='ltr'><strong>neris,</strong></span> <span class='ocrx_word' id='word_1_208' title='bbox 651 3163 826 3232; x_wconf 86' lang='lat' dir='ltr'><strong>atque</strong></span> <span class='ocrx_word' id='word_1_209' title='bbox 855 3175 924 3216; x_wconf 87' lang='lat' dir='ltr'><strong>ex</strong></span> <span class='ocrx_word' id='word_1_210' title='bbox 949 3159 1213 3215; x_wconf 90' lang='lat' dir='ltr'><strong>omnium</strong></span> <span class='ocrx_word' id='word_1_211' title='bbox 1243 3163 1477 3215; x_wconf 88' lang='lat' dir='ltr'><strong>auctore</strong></span> <span class='ocrx_word' id='word_1_212' title='bbox 1511 3159 1873 3232; x_wconf 88' lang='lat' dir='ltr'><strong>prodierunt.</strong></span> 
     </span>
    </p>
   </div>
   <div class='ocr_carea' id='block_1_36' title="bbox 504 3248 2088 3317">
    <p class='ocr_par' dir='ltr' id='par_1_36' title="bbox 504 3248 2088 3317">
     <span class='ocr_line' id='line_1_36' title="bbox 504 3248 2088 3317; baseline -0.001 -11"><span class='ocrx_word' id='word_1_213' title='bbox 504 3252 570 3306; x_wconf 77' lang='lat' dir='ltr'><strong>Et</strong></span> <span class='ocrx_word' id='word_1_214' title='bbox 617 3249 902 3306; x_wconf 69' lang='lat' dir='ltr'><strong>extremis.</strong></span> <span class='ocrx_word' id='word_1_215' title='bbox 955 3248 1202 3304; x_wconf 90' lang='lat' dir='ltr'><strong>Ultimos</strong></span> <span class='ocrx_word' id='word_1_216' title='bbox 1267 3249 1524 3304; x_wconf 87' lang='lat' dir='ltr'><strong>universi</strong></span> <span class='ocrx_word' id='word_1_217' title='bbox 1583 3249 1750 3317; x_wconf 80' lang='lat' dir='ltr'><strong>lines,</strong></span> <span class='ocrx_word' id='word_1_218' title='bbox 1799 3250 2088 3306; x_wconf 87' lang='lat' dir='ltr'><strong>essentias</strong></span> 
     </span>
    </p>
   </div>
   <div class='ocr_carea' id='block_1_37' title="bbox 433 3337 2088 3412">
    <p class='ocr_par' dir='ltr' id='par_1_37' title="bbox 433 3337 2088 3412">
     <span class='ocr_line' id='line_1_37' title="bbox 433 3337 2088 3412; baseline -0.001 -15"><span class='ocrx_word' id='word_1_219' title='bbox 433 3339 643 3397; x_wconf 62' lang='lat' dir='ltr'><strong>animae</strong></span> <span class='ocrx_word' id='word_1_220' title='bbox 675 3343 940 3412; x_wconf 87' lang='lat' dir='ltr'><strong>expertes</strong></span> <span class='ocrx_word' id='word_1_221' title='bbox 966 3338 1194 3404; x_wconf 91' lang='lat' dir='ltr'><strong>dieit,id</strong></span> <span class='ocrx_word' id='word_1_222' title='bbox 1224 3341 1314 3393; x_wconf 89' lang='lat' dir='ltr'><strong>est</strong></span> <span class='ocrx_word' id='word_1_223' title='bbox 1342 3338 1400 3393; x_wconf 92' lang='lat' dir='ltr'><strong>in</strong></span> <span class='ocrx_word' id='word_1_224' title='bbox 1424 3337 1642 3410; x_wconf 90' lang='lat' dir='ltr'><strong>quibus</strong></span> <span class='ocrx_word' id='word_1_225' title='bbox 1673 3337 1870 3393; x_wconf 82' lang='lat' dir='ltr'><strong>nullus</strong></span> <span class='ocrx_word' id='word_1_226' title='bbox 1893 3343 2088 3396; x_wconf 89' lang='lat' dir='ltr'><strong>motus</strong></span> 
     </span>
    </p>
   </div>
   <div class='ocr_carea' id='block_1_38' title="bbox 433 3426 2086 3500">
    <p class='ocr_par' dir='ltr' id='par_1_38' title="bbox 433 3426 2086 3500">
     <span class='ocr_line' id='line_1_38' title="bbox 433 3426 2086 3500; baseline -0.001 -14"><span class='ocrx_word' id='word_1_227' title='bbox 433 3428 801 3500; x_wconf 83' lang='lat' dir='ltr'><strong>nccretionis,</strong></span> <span class='ocrx_word' id='word_1_228' title='bbox 835 3432 937 3485; x_wconf 81' lang='lat' dir='ltr'><strong>aut</strong></span> <span class='ocrx_word' id='word_1_229' title='bbox 966 3426 1311 3483; x_wconf 88' lang='lat' dir='ltr'><strong>nutritionis</strong></span> <span class='ocrx_word' id='word_1_230' title='bbox 1343 3431 1444 3482; x_wconf 89' lang='lat' dir='ltr'><strong>aut</strong></span> <span class='ocrx_word' id='word_1_231' title='bbox 1473 3427 1720 3482; x_wconf 88' lang='lat' dir='ltr'><strong>aliorum</strong></span> <span class='ocrx_word' id='word_1_232' title='bbox 1751 3427 2086 3484; x_wconf 89' lang='lat' dir='ltr'><strong>considera-</strong></span> 
     </span>
    </p>
   </div>
   <div class='ocr_carea' id='block_1_39' title="bbox 435 3515 2088 3592">
    <p class='ocr_par' dir='ltr' id='par_1_39' title="bbox 435 3515 2088 3592">
     <span class='ocr_line' id='line_1_39' title="bbox 435 3515 2088 3592; baseline -0.002 -16"><span class='ocrx_word' id='word_1_233' title='bbox 435 3524 553 3577; x_wconf 87' lang='lat' dir='ltr'><strong>tur.</strong></span> <span class='ocrx_word' id='word_1_234' title='bbox 584 3515 849 3592; x_wconf 74' lang='grc' dir='ltr'>Ὀμόγνια</span> <span class='ocrx_word' id='word_1_235' title='bbox 879 3521 1097 3587; x_wconf 88' lang='lat' dir='ltr'><strong>autem,</strong></span> <span class='ocrx_word' id='word_1_236' title='bbox 1131 3522 1269 3574; x_wconf 90' lang='lat' dir='ltr'><strong>sunt</strong></span> <span class='ocrx_word' id='word_1_237' title='bbox 1297 3533 1579 3588; x_wconf 87' lang='lat' dir='ltr'><strong>germana</strong></span> <span class='ocrx_word' id='word_1_238' title='bbox 1609 3521 1668 3571; x_wconf 89' lang='lat' dir='ltr'><strong>et</strong></span> <span class='ocrx_word' id='word_1_239' title='bbox 1697 3518 1958 3588; x_wconf 87' lang='lat' dir='ltr'><strong>ejusdem</strong></span> <span class='ocrx_word' id='word_1_240' title='bbox 1990 3535 2088 3573; x_wconf 90' lang='lat' dir='ltr'><strong>or-</strong></span> 
     </span>
    </p>
   </div>
   <div class='ocr_carea' id='block_1_40' title="bbox 440 3600 2084 3676">
    <p class='ocr_par' dir='ltr' id='par_1_40' title="bbox 440 3600 2084 3676">
     <span class='ocr_line' id='line_1_40' title="bbox 440 3600 2084 3676; baseline -0.004 -11"><span class='ocrx_word' id='word_1_241' title='bbox 440 3607 634 3676; x_wconf 87' lang='lat' dir='ltr'><strong>dinis;</strong></span> <span class='ocrx_word' id='word_1_242' title='bbox 665 3607 846 3662; x_wconf 87' lang='lat' dir='ltr'><strong>distat</strong></span> <span class='ocrx_word' id='word_1_243' title='bbox 872 3622 1006 3662; x_wconf 80' lang='lat' dir='ltr'><strong>vero</strong></span> <span class='ocrx_word' id='word_1_244' title='bbox 1038 3605 1224 3674; x_wconf 75' lang='grc' dir='ltr'>ὲνότης</span> <span class='ocrx_word' id='word_1_245' title='bbox 1248 3606 1319 3660; x_wconf 87' lang='lat' dir='ltr'><strong>ab</strong></span> <span class='ocrx_word' id='word_1_246' title='bbox 1351 3605 1560 3676; x_wconf 80' lang='grc' dir='ltr'>ὲνώσει,</span> <span class='ocrx_word' id='word_1_247' title='bbox 1594 3623 1731 3661; x_wconf 87' lang='lat' dir='ltr'><strong>nam</strong></span> <span class='ocrx_word' id='word_1_248' title='bbox 1763 3600 1953 3675; x_wconf 74' lang='grc' dir='ltr'>ἑνότης</span> <span class='ocrx_word' id='word_1_249' title='bbox 1981 3624 2084 3663; x_wconf 89' lang='lat' dir='ltr'><strong>seu</strong></span> 
     </span>
    </p>
   </div>
   <div class='ocr_carea' id='block_1_41' title="bbox 440 3695 2086 3767">
    <p class='ocr_par' dir='ltr' id='par_1_41' title="bbox 440 3695 2086 3767">
     <span class='ocr_line' id='line_1_41' title="bbox 440 3695 2086 3767; baseline -0.001 -14"><span class='ocrx_word' id='word_1_250' title='bbox 440 3697 638 3754; x_wconf 87' lang='lat' dir='ltr'><strong>unitas</strong></span> <span class='ocrx_word' id='word_1_251' title='bbox 669 3695 1172 3767; x_wconf 83' lang='lat' dir='ltr'><strong>proprietatem,et</strong></span> <span class='ocrx_word' id='word_1_252' title='bbox 1193 3695 1663 3766; x_wconf 87' lang='lat' dir='ltr'><strong>uniuscujusque</strong></span> <span class='ocrx_word' id='word_1_253' title='bbox 1694 3700 1915 3750; x_wconf 68' lang='lat' dir='ltr'><strong>naturae</strong></span> <span class='ocrx_word' id='word_1_254' title='bbox 1937 3697 2086 3751; x_wconf 89' lang='lat' dir='ltr'><strong>sim-</strong></span> 
     </span>
    </p>
   </div>
   <div class='ocr_carea' id='block_1_42' title="bbox 438 3778 2084 3858">
    <p class='ocr_par' dir='ltr' id='par_1_42' title="bbox 438 3778 2084 3858">
     <span class='ocr_line' id='line_1_42' title="bbox 438 3778 2084 3858; baseline -0.001 -18"><span class='ocrx_word' id='word_1_255' title='bbox 438 3785 765 3858; x_wconf 88' lang='lat' dir='ltr'><strong>plicitatem</strong></span> <span class='ocrx_word' id='word_1_256' title='bbox 798 3778 1314 3848; x_wconf 72' lang='grc' dir='ltr'>οειοῑιάῑιςὲνωσις</span> <span class='ocrx_word' id='word_1_257' title='bbox 1363 3799 1496 3839; x_wconf 91' lang='lat' dir='ltr'><strong>vero</strong></span> <span class='ocrx_word' id='word_1_258' title='bbox 1546 3799 1648 3838; x_wconf 90' lang='lat' dir='ltr'><strong>seu</strong></span> <span class='ocrx_word' id='word_1_259' title='bbox 1689 3783 1898 3852; x_wconf 88' lang='lat' dir='ltr'><strong>unitio,</strong></span> <span class='ocrx_word' id='word_1_260' title='bbox 1949 3800 2084 3839; x_wconf 89' lang='lat' dir='ltr'><strong>cum</strong></span> 
     </span>
    </p>
   </div>
   <div class='ocr_carea' id='block_1_43' title="bbox 437 3871 2082 3943">
    <p class='ocr_par' dir='ltr' id='par_1_43' title="bbox 437 3871 2082 3943">
     <span class='ocr_line' id='line_1_43' title="bbox 437 3871 2082 3943; baseline -0.001 -13"><span class='ocrx_word' id='word_1_261' title='bbox 437 3873 566 3932; x_wconf 85' lang='lat' dir='ltr'><strong>aliis</strong></span> <span class='ocrx_word' id='word_1_262' title='bbox 582 3873 1058 3929; x_wconf 85' lang='lat' dir='ltr'><strong>commistionem</strong></span> <span class='ocrx_word' id='word_1_263' title='bbox 1081 3875 1184 3928; x_wconf 90' lang='lat' dir='ltr'><strong>aut</strong></span> <span class='ocrx_word' id='word_1_264' title='bbox 1203 3871 1553 3943; x_wconf 87' lang='lat' dir='ltr'><strong>simpliciter</strong></span> <span class='ocrx_word' id='word_1_265' title='bbox 1582 3873 2082 3928; x_wconf 89' lang='lat' dir='ltr'><strong>communionem.</strong></span> 
     </span>
    </p>
   </div>
   <div class='ocr_carea' id='block_1_44' title="bbox 502 3959 2085 4020">
    <p class='ocr_par' dir='ltr' id='par_1_44' title="bbox 502 3959 2085 4020">
     <span class='ocr_line' id='line_1_44' title="bbox 502 3959 2085 4020; baseline -0.002 -1"><span class='ocrx_word' id='word_1_266' title='bbox 502 3965 629 4020; x_wconf 82' lang='lat' dir='ltr'><strong>Tota</strong></span> <span class='ocrx_word' id='word_1_267' title='bbox 657 3963 737 4019; x_wconf 84' lang='lat' dir='ltr'><strong>ad</strong></span> <span class='ocrx_word' id='word_1_268' title='bbox 765 3964 951 4018; x_wconf 79' lang='lat' dir='ltr'><strong>totam.</strong></span> <span class='ocrx_word' id='word_1_269' title='bbox 986 3961 1174 4018; x_wconf 84' lang='lat' dir='ltr'><strong>Etiam</strong></span> <span class='ocrx_word' id='word_1_270' title='bbox 1215 3977 1372 4017; x_wconf 89' lang='lat' dir='ltr'><strong>nunc</strong></span> <span class='ocrx_word' id='word_1_271' title='bbox 1402 3959 1753 4016; x_wconf 86' lang='lat' dir='ltr'><strong>familiarem</strong></span> <span class='ocrx_word' id='word_1_272' title='bbox 1803 3962 1914 4017; x_wconf 87' lang='lat' dir='ltr'><strong>sibi</strong></span> <span class='ocrx_word' id='word_1_273' title='bbox 1947 3962 2085 4017; x_wconf 81' lang='lat' dir='ltr'><strong>dili-</strong></span> 
     </span>
    </p>
   </div>
   <div class='ocr_carea' id='block_1_45' title="bbox 427 4048 2084 4124">
    <p class='ocr_par' dir='ltr' id='par_1_45' title="bbox 427 4048 2084 4124">
     <span class='ocr_line' id='line_1_45' title="bbox 427 4048 2084 4124; baseline 0 -16"><span class='ocrx_word' id='word_1_274' title='bbox 427 4051 688 4124; x_wconf 86' lang='lat' dir='ltr'><strong>gentiam</strong></span> <span class='ocrx_word' id='word_1_275' title='bbox 710 4051 1006 4120; x_wconf 87' lang='lat' dir='ltr'><strong>custodit;</strong></span> <span class='ocrx_word' id='word_1_276' title='bbox 1038 4068 1174 4107; x_wconf 88' lang='lat' dir='ltr'><strong>cum</strong></span> <span class='ocrx_word' id='word_1_277' title='bbox 1206 4050 1362 4106; x_wconf 90' lang='lat' dir='ltr'><strong>enim</strong></span> <span class='ocrx_word' id='word_1_278' title='bbox 1387 4050 1632 4106; x_wconf 87' lang='lat' dir='ltr'><strong>dixisset</strong></span> <span class='ocrx_word' id='word_1_279' title='bbox 1653 4048 1968 4124; x_wconf 76' lang='grc' dir='ltr'>ὁμόγνια,ἱά</span> <span class='ocrx_word' id='word_1_280' title='bbox 1994 4057 2084 4108; x_wconf 90' lang='lat' dir='ltr'><strong>est</strong></span> 
     </span>
    </p>
   </div>
   <div class='ocr_carea' id='block_1_46' title="bbox 427 4139 2084 4214">
    <p class='ocr_par' dir='ltr' id='par_1_46' title="bbox 427 4139 2084 4214">
     <span class='ocr_line' id='line_1_46' title="bbox 427 4139 2084 4214; baseline -0.001 -16"><span class='ocrx_word' id='word_1_281' title='bbox 427 4147 675 4213; x_wconf 85' lang='lat' dir='ltr'><strong>cognata</strong></span> <span class='ocrx_word' id='word_1_282' title='bbox 701 4145 758 4198; x_wconf 91' lang='lat' dir='ltr'><strong>et</strong></span> <span class='ocrx_word' id='word_1_283' title='bbox 790 4142 1057 4213; x_wconf 88' lang='lat' dir='ltr'><strong>ejusdem</strong></span> <span class='ocrx_word' id='word_1_284' title='bbox 1091 4141 1527 4214; x_wconf 89' lang='lat' dir='ltr'><strong>generis,atque</strong></span> <span class='ocrx_word' id='word_1_285' title='bbox 1558 4139 1630 4195; x_wconf 90' lang='lat' dir='ltr'><strong>ab</strong></span> <span class='ocrx_word' id='word_1_286' title='bbox 1666 4141 1869 4195; x_wconf 88' lang='lat' dir='ltr'><strong>eodem</strong></span> <span class='ocrx_word' id='word_1_287' title='bbox 1902 4157 2084 4211; x_wconf 87' lang='lat' dir='ltr'><strong>gene-</strong></span> 
     </span>
    </p>
   </div>
   <div class='ocr_carea' id='block_1_47' title="bbox 427 4229 2080 4305">
    <p class='ocr_par' dir='ltr' id='par_1_47' title="bbox 427 4229 2080 4305">
     <span class='ocr_line' id='line_1_47' title="bbox 427 4229 2080 4305; baseline -0.001 -18"><span class='ocrx_word' id='word_1_288' title='bbox 427 4231 508 4287; x_wconf 86' lang='lat' dir='ltr'><strong>ris</strong></span> <span class='ocrx_word' id='word_1_289' title='bbox 535 4230 800 4305; x_wconf 90' lang='lat' dir='ltr'><strong>principe</strong></span> <span class='ocrx_word' id='word_1_290' title='bbox 832 4235 944 4288; x_wconf 92' lang='lat' dir='ltr'><strong>Deo</strong></span> <span class='ocrx_word' id='word_1_291' title='bbox 978 4231 1349 4304; x_wconf 83' lang='lat' dir='ltr'><strong>prodeuntia,</strong></span> <span class='ocrx_word' id='word_1_292' title='bbox 1372 4230 1526 4286; x_wconf 84' lang='lat' dir='ltr'><strong>sicut</strong></span> <span class='ocrx_word' id='word_1_293' title='bbox 1557 4229 1870 4299; x_wconf 81' lang='lat' dir='ltr'><strong>Apostolus</strong></span> <span class='ocrx_word' id='word_1_294' title='bbox 1901 4245 1968 4286; x_wconf 89' lang='lat' dir='ltr'><strong>ea</strong></span> <span class='ocrx_word' id='word_1_295' title='bbox 1992 4230 2080 4285; x_wconf 91' lang='lat' dir='ltr'><strong>di-</strong></span> 
     </span>
    </p>
   </div>
   <div class='ocr_carea' id='block_1_48' title="bbox 426 4320 2079 4391">
    <p class='ocr_par' dir='ltr' id='par_1_48' title="bbox 426 4320 2079 4391">
     <span class='ocr_line' id='line_1_48' title="bbox 426 4320 2079 4391; baseline -0.001 -14"><span class='ocrx_word' id='word_1_296' title='bbox 426 4321 619 4378; x_wconf 89' lang='lat' dir='ltr'><strong>ctione</strong></span> <span class='ocrx_word' id='word_1_297' title='bbox 653 4321 842 4377; x_wconf 91' lang='lat' dir='ltr'><strong>utitur</strong></span> <span class='ocrx_word' id='word_1_298' title='bbox 877 4336 889 4374; x_wconf 92' lang='lat'>:</span> <span class='ocrx_word' id='word_1_299' title='bbox 920 4321 1093 4389; x_wconf 74' lang='lat' dir='ltr'><strong>Huius</strong></span> <span class='ocrx_word' id='word_1_300' title='bbox 1114 4321 1269 4375; x_wconf 77' lang='lat' dir='ltr'><strong>enim</strong></span> <span class='ocrx_word' id='word_1_301' title='bbox 1289 4323 1341 4374; x_wconf 82' lang='lat' dir='ltr'><strong>et</strong></span> <span class='ocrx_word' id='word_1_302' title='bbox 1362 4335 1534 4389; x_wconf 76' lang='lat' dir='ltr'><strong>genus</strong></span> <span class='ocrx_word' id='word_1_303' title='bbox 1562 4335 1754 4374; x_wconf 79' lang='lat' dir='ltr'><strong>sumus</strong></span> <span class='ocrx_word' id='word_1_304' title='bbox 1782 4320 1858 4391; x_wconf 69' lang='grc' dir='ltr'><strong>(τις)</strong></span> <span class='ocrx_word' id='word_1_305' title='bbox 1877 4337 1897 4382; x_wconf 86' lang='grc'>,·</span> <span class='ocrx_word' id='word_1_306' title='bbox 1921 4337 2079 4376; x_wconf 89' lang='lat' dir='ltr'><strong>nunc</strong></span> 
     </span>
    </p>
   </div>
   <div class='ocr_carea' id='block_1_49' title="bbox 424 4406 2075 4481">
    <p class='ocr_par' dir='ltr' id='par_1_49' title="bbox 424 4406 2075 4481">
     <span class='ocr_line' id='line_1_49' title="bbox 424 4406 2075 4481; baseline 0.001 -17"><span class='ocrx_word' id='word_1_307' title='bbox 424 4409 568 4465; x_wconf 88' lang='lat' dir='ltr'><strong>dixit</strong></span> <span class='ocrx_word' id='word_1_308' title='bbox 598 4427 838 4466; x_wconf 85' lang='lat' dir='ltr'><strong>causam</strong></span> <span class='ocrx_word' id='word_1_309' title='bbox 870 4426 974 4480; x_wconf 89' lang='lat' dir='ltr'><strong>per</strong></span> <span class='ocrx_word' id='word_1_310' title='bbox 1005 4425 1182 4479; x_wconf 89' lang='lat' dir='ltr'><strong>quam</strong></span> <span class='ocrx_word' id='word_1_311' title='bbox 1211 4406 1411 4464; x_wconf 84' lang='lat' dir='ltr'><strong>omnia</strong></span> <span class='ocrx_word' id='word_1_312' title='bbox 1440 4413 1710 4479; x_wconf 89' lang='lat' dir='ltr'><strong>cognata,</strong></span> <span class='ocrx_word' id='word_1_313' title='bbox 1726 4412 1902 4479; x_wconf 91' lang='lat' dir='ltr'><strong>atque</strong></span> <span class='ocrx_word' id='word_1_314' title='bbox 1923 4411 2075 4481; x_wconf 92' lang='lat' dir='ltr'><strong>quod</strong></span> 
     </span>
    </p>
   </div>
   <div class='ocr_carea' id='block_1_50' title="bbox 420 4497 2075 4570">
    <p class='ocr_par' dir='ltr' id='par_1_50' title="bbox 420 4497 2075 4570">
     <span class='ocr_line' id='line_1_50' title="bbox 420 4497 2075 4570; baseline 0.001 -18"><span class='ocrx_word' id='word_1_315' title='bbox 420 4503 574 4553; x_wconf 89' lang='lat' dir='ltr'><strong>Deus</strong></span> <span class='ocrx_word' id='word_1_316' title='bbox 605 4498 780 4554; x_wconf 88' lang='lat' dir='ltr'><strong>etiam</strong></span> <span class='ocrx_word' id='word_1_317' title='bbox 804 4497 1200 4570; x_wconf 88' lang='lat' dir='ltr'><strong>intelligibilia</strong></span> <span class='ocrx_word' id='word_1_318' title='bbox 1220 4497 1456 4566; x_wconf 77' lang='grc' dir='ltr'>ένότησι,</span> <span class='ocrx_word' id='word_1_319' title='bbox 1472 4497 1528 4552; x_wconf 90' lang='lat' dir='ltr'><strong>id</strong></span> <span class='ocrx_word' id='word_1_320' title='bbox 1545 4501 1636 4553; x_wconf 88' lang='lat' dir='ltr'><strong>est</strong></span> <span class='ocrx_word' id='word_1_321' title='bbox 1657 4513 1762 4569; x_wconf 89' lang='lat' dir='ltr'><strong>per</strong></span> <span class='ocrx_word' id='word_1_322' title='bbox 1791 4498 2075 4570; x_wconf 90' lang='lat' dir='ltr'><strong>simplici-</strong></span> 
     </span>
    </p>
   </div>
   <div class='ocr_carea' id='block_1_51' title="bbox 2213 565 3860 644">
    <p class='ocr_par' dir='ltr' id='par_1_51' title="bbox 2213 565 3860 644">
     <span class='ocr_line' id='line_1_51' title="bbox 2213 565 3860 644; baseline 0.005 -26"><span class='ocrx_word' id='word_1_323' title='bbox 2213 565 2406 640; x_wconf 82' lang='grc' dir='ltr'><strong>γνώσει</strong></span> <span class='ocrx_word' id='word_1_324' title='bbox 2436 565 2649 623; x_wconf 71' lang='grc' dir='ltr'>ἑνοῦται</span> <span class='ocrx_word' id='word_1_325' title='bbox 2680 573 2760 640; x_wconf 77' lang='grc' dir='ltr'>τῷ</span> <span class='ocrx_word' id='word_1_326' title='bbox 2797 569 3086 644; x_wconf 90' lang='grc' dir='ltr'>γνωσθέντι</span> <span class='ocrx_word' id='word_1_327' title='bbox 3118 569 3208 624; x_wconf 84' lang='grc' dir='ltr'>καὶ</span> <span class='ocrx_word' id='word_1_328' title='bbox 3249 569 3524 640; x_wconf 90' lang='grc' dir='ltr'>νοηθέντι,</span> <span class='ocrx_word' id='word_1_329' title='bbox 3585 572 3663 633; x_wconf 83' lang='grc' dir='ltr'>ὡς</span> <span class='ocrx_word' id='word_1_330' title='bbox 3721 571 3807 626; x_wconf 88' lang='grc' dir='ltr'>καὶ</span> <span class='ocrx_word' id='word_1_331' title='bbox 3836 574 3860 627; x_wconf 90' lang='grc' dir='ltr'><strong>ὁ</strong></span> 
     </span>
    </p>
   </div>
   <div class='ocr_carea' id='block_1_52' title="bbox 2213 652 3857 733">
    <p class='ocr_par' dir='ltr' id='par_1_52' title="bbox 2213 652 3857 733">
     <span class='ocr_line' id='line_1_52' title="bbox 2213 652 3857 733; baseline 0.004 -26"><span class='ocrx_word' id='word_1_332' title='bbox 2213 653 2421 728; x_wconf 79' lang='grc' dir='ltr'>ἀγνοῶν</span> <span class='ocrx_word' id='word_1_333' title='bbox 2448 654 2811 730; x_wconf 76' lang='grc' dir='ltr'><strong>σκεδάννυται,</strong></span> <span class='ocrx_word' id='word_1_334' title='bbox 2869 659 2944 731; x_wconf 74' lang='grc' dir='ltr'>μὴ</span> <span class='ocrx_word' id='word_1_335' title='bbox 2987 652 3312 714; x_wconf 79' lang='grc' dir='ltr'>καταλαϐὼν</span> <span class='ocrx_word' id='word_1_336' title='bbox 3345 660 3373 714; x_wconf 82' lang='grc' dir='ltr'><strong>ὃ</strong></span> <span class='ocrx_word' id='word_1_337' title='bbox 3410 660 3672 733; x_wconf 74' lang='grc' dir='ltr'>ἠγνόησε.</span> <span class='ocrx_word' id='word_1_338' title='bbox 3706 665 3857 715; x_wconf 81' lang='grc' dir='ltr'><strong>Νοῶν</strong></span> 
     </span>
    </p>
   </div>
   <div class='ocr_carea' id='block_1_53' title="bbox 2212 744 3857 821">
    <p class='ocr_par' dir='ltr' id='par_1_53' title="bbox 2212 744 3857 821">
     <span class='ocr_line' id='line_1_53' title="bbox 2212 744 3857 821; baseline 0.004 -25"><span class='ocrx_word' id='word_1_339' title='bbox 2212 744 2302 796; x_wconf 71' lang='grc' dir='ltr'><strong>οὖν</strong></span> <span class='ocrx_word' id='word_1_340' title='bbox 2336 746 2364 799; x_wconf 79' lang='grc' dir='ltr'>ὁ</span> <span class='ocrx_word' id='word_1_341' title='bbox 2408 750 2655 809; x_wconf 79' lang='grc' dir='ltr'>τοιοῦτος</span> <span class='ocrx_word' id='word_1_342' title='bbox 2708 751 2832 808; x_wconf 78' lang='grc' dir='ltr'>νοῦς</span> <span class='ocrx_word' id='word_1_343' title='bbox 2871 746 2947 810; x_wconf 82' lang='grc' dir='ltr'>εἷς</span> <span class='ocrx_word' id='word_1_344' title='bbox 2977 747 3162 802; x_wconf 67' lang='grc' dir='ltr'>ἑαυτὸν</span> <span class='ocrx_word' id='word_1_345' title='bbox 3195 749 3559 821; x_wconf 81' lang='grc' dir='ltr'><strong>ἀνακάμπτει,</strong></span> <span class='ocrx_word' id='word_1_346' title='bbox 3619 749 3681 803; x_wconf 85' lang='grc' dir='ltr'>οὐ</span> <span class='ocrx_word' id='word_1_347' title='bbox 3743 770 3857 804; x_wconf 83' lang='grc' dir='ltr'>σκε-</span> 
     </span>
    </p>
   </div>
   <div class='ocr_carea' id='block_1_54' title="bbox 2211 828 3851 910">
    <p class='ocr_par' dir='ltr' id='par_1_54' title="bbox 2211 828 3851 910">
     <span class='ocr_line' id='line_1_54' title="bbox 2211 828 3851 910; baseline 0.002 -24"><span class='ocrx_word' id='word_1_348' title='bbox 2211 828 2508 906; x_wconf 87' lang='grc' dir='ltr'>δαζόμενος</span> <span class='ocrx_word' id='word_1_349' title='bbox 2555 833 2655 905; x_wconf 73' lang='grc' dir='ltr'><strong>ἔξω</strong></span> <span class='ocrx_word' id='word_1_350' title='bbox 2709 836 2921 906; x_wconf 73' lang='grc' dir='ltr'>ἑαυτοῦ,</span> <span class='ocrx_word' id='word_1_351' title='bbox 2968 833 3096 892; x_wconf 79' lang='grc' dir='ltr'>ἀλλ’</span> <span class='ocrx_word' id='word_1_352' title='bbox 3129 834 3420 910; x_wconf 84' lang='grc' dir='ltr'>ένούμενος</span> <span class='ocrx_word' id='word_1_353' title='bbox 3453 838 3647 908; x_wconf 78' lang='grc' dir='ltr'>έαυτῷ,</span> <span class='ocrx_word' id='word_1_354' title='bbox 3683 835 3752 891; x_wconf 89' lang='grc' dir='ltr'>δι’</span> <span class='ocrx_word' id='word_1_355' title='bbox 3783 838 3851 890; x_wconf 82' lang='grc' dir='ltr'><strong>ὧν</strong></span> 
     </span>
    </p>
   </div>
   <div class='ocr_carea' id='block_1_55' title="bbox 2211 921 3851 1001">
    <p class='ocr_par' dir='ltr' id='par_1_55' title="bbox 2211 921 3851 1001">
     <span class='ocr_line' id='line_1_55' title="bbox 2211 921 3851 1001; baseline 0.004 -26"><span class='ocrx_word' id='word_1_356' title='bbox 2211 921 2286 983; x_wconf 81' lang='grc' dir='ltr'>εἰς</span> <span class='ocrx_word' id='word_1_357' title='bbox 2340 923 2526 978; x_wconf 74' lang='grc' dir='ltr'>ἑαυτὸν</span> <span class='ocrx_word' id='word_1_358' title='bbox 2575 923 2916 1000; x_wconf 80' lang='grc' dir='ltr'>ἀνέστρεψεν.</span> <span class='ocrx_word' id='word_1_359' title='bbox 2968 922 3155 998; x_wconf 73' lang='grc' dir='ltr'>’Ἄλλη</span> <span class='ocrx_word' id='word_1_360' title='bbox 3208 923 3265 980; x_wconf 77' lang='grc' dir='ltr'>δὲ</span> <span class='ocrx_word' id='word_1_361' title='bbox 3311 925 3456 1000; x_wconf 82' lang='grc' dir='ltr'><strong>παρὰ</strong></span> <span class='ocrx_word' id='word_1_362' title='bbox 3512 925 3640 988; x_wconf 81' lang='grc' dir='ltr'>τοὺς</span> <span class='ocrx_word' id='word_1_363' title='bbox 3674 926 3851 1001; x_wconf 79' lang='grc' dir='ltr'>ἁγίους</span> 
     </span>
    </p>
   </div>
   <div class='ocr_carea' id='block_1_56' title="bbox 2208 1009 3852 1093">
    <p class='ocr_par' dir='ltr' id='par_1_56' title="bbox 2208 1009 3852 1093">
     <span class='ocr_line' id='line_1_56' title="bbox 2208 1009 3852 1093; baseline 0.004 -28"><span class='ocrx_word' id='word_1_364' title='bbox 2208 1011 2353 1081; x_wconf 87' lang='grc' dir='ltr'>νόας,</span> <span class='ocrx_word' id='word_1_365' title='bbox 2385 1009 2508 1081; x_wconf 73' lang='grc' dir='ltr'>ἥτις</span> <span class='ocrx_word' id='word_1_366' title='bbox 2556 1017 2743 1088; x_wconf 80' lang='grc' dir='ltr'>ψυχῆς</span> <span class='ocrx_word' id='word_1_367' title='bbox 2775 1013 2883 1069; x_wconf 80' lang='grc' dir='ltr'>ἐστι</span> <span class='ocrx_word' id='word_1_368' title='bbox 2931 1016 3160 1085; x_wconf 89' lang='grc' dir='ltr'>νοητική</span> <span class='ocrx_word' id='word_1_369' title='bbox 3216 1011 3433 1077; x_wconf 71' lang='grc' dir='ltr'>ἓνωσις·</span> <span class='ocrx_word' id='word_1_370' title='bbox 3489 1016 3542 1069; x_wconf 71' lang='grc' dir='ltr'>οἱ</span> <span class='ocrx_word' id='word_1_371' title='bbox 3599 1015 3695 1088; x_wconf 75' lang='grc' dir='ltr'>μὶν</span> <span class='ocrx_word' id='word_1_372' title='bbox 3755 1019 3852 1093; x_wconf 77' lang='grc' dir='ltr'><strong>γὰρ</strong></span> 
     </span>
    </p>
   </div>
   <div class='ocr_carea' id='block_1_57' title="bbox 2206 1100 3858 1182">
    <p class='ocr_par' dir='ltr' id='par_1_57' title="bbox 2206 1100 3858 1182">
     <span class='ocr_line' id='line_1_57' title="bbox 2206 1100 3858 1182; baseline 0.004 -27"><span class='ocrx_word' id='word_1_373' title='bbox 2206 1101 2417 1168; x_wconf 86' lang='grc' dir='ltr'>νοητοί·</span> <span class='ocrx_word' id='word_1_374' title='bbox 2480 1104 2514 1172; x_wconf 79' lang='grc' dir='ltr'>ἡ</span> <span class='ocrx_word' id='word_1_375' title='bbox 2549 1100 2606 1157; x_wconf 75' lang='grc' dir='ltr'>δὲ</span> <span class='ocrx_word' id='word_1_376' title='bbox 2641 1103 2817 1178; x_wconf 81' lang='grc' dir='ltr'>νοερὰ,</span> <span class='ocrx_word' id='word_1_377' title='bbox 2867 1103 3082 1160; x_wconf 85' lang='grc' dir='ltr'>πάντων</span> <span class='ocrx_word' id='word_1_378' title='bbox 3127 1100 3502 1175; x_wconf 74' lang='grc' dir='ltr'>ὑποϐεϐηκυῖα</span> <span class='ocrx_word' id='word_1_379' title='bbox 3548 1109 3660 1160; x_wconf 81' lang='grc' dir='ltr'><strong>τῶν</strong></span> <span class='ocrx_word' id='word_1_380' title='bbox 3709 1106 3858 1182; x_wconf 86' lang='grc' dir='ltr'>ἀγγέ-</span> 
     </span>
    </p>
   </div>
   <div class='ocr_carea' id='block_1_58' title="bbox 2209 1189 3854 1269">
    <p class='ocr_par' dir='ltr' id='par_1_58' title="bbox 2209 1189 3854 1269">
     <span class='ocr_line' id='line_1_58' title="bbox 2209 1189 3854 1269; baseline 0.002 -22"><span class='ocrx_word' id='word_1_381' title='bbox 2209 1189 2340 1248; x_wconf 86' lang='grc' dir='ltr'>λων.</span> <span class='ocrx_word' id='word_1_382' title='bbox 2378 1194 2553 1267; x_wconf 77' lang='grc' dir='ltr'>Νοερὰ</span> <span class='ocrx_word' id='word_1_383' title='bbox 2585 1190 2644 1248; x_wconf 69' lang='grc' dir='ltr'>δὲ</span> <span class='ocrx_word' id='word_1_384' title='bbox 2678 1192 2840 1266; x_wconf 83' lang='grc' dir='ltr'>μόνον</span> <span class='ocrx_word' id='word_1_385' title='bbox 2893 1193 3028 1263; x_wconf 76' lang='grc' dir='ltr'>ἐστὶ,</span> <span class='ocrx_word' id='word_1_386' title='bbox 3078 1191 3147 1248; x_wconf 86' lang='grc' dir='ltr'>δι’</span> <span class='ocrx_word' id='word_1_387' title='bbox 3178 1192 3238 1255; x_wconf 86' lang='grc' dir='ltr'><strong>ἃς</strong></span> <span class='ocrx_word' id='word_1_388' title='bbox 3269 1194 3565 1269; x_wconf 70' lang='grc' dir='ltr'>εἰρήκαμεν</span> <span class='ocrx_word' id='word_1_389' title='bbox 3601 1195 3854 1269; x_wconf 83' lang='grc' dir='ltr'>ἀνωτέρω</span> 
     </span>
    </p>
   </div>
   <div class='ocr_carea' id='block_1_59' title="bbox 2208 1279 3854 1359">
    <p class='ocr_par' dir='ltr' id='par_1_59' title="bbox 2208 1279 3854 1359">
     <span class='ocr_line' id='line_1_59' title="bbox 2208 1279 3854 1359; baseline 0.003 -25"><span class='ocrx_word' id='word_1_390' title='bbox 2208 1279 2407 1351; x_wconf 73' lang='grc' dir='ltr'>αἷτίας,</span> <span class='ocrx_word' id='word_1_391' title='bbox 2455 1279 2582 1346; x_wconf 76' lang='grc' dir='ltr'>ἔνθα</span> <span class='ocrx_word' id='word_1_392' title='bbox 2623 1283 2714 1336; x_wconf 86' lang='grc' dir='ltr'>καὶ</span> <span class='ocrx_word' id='word_1_393' title='bbox 2750 1281 2999 1345; x_wconf 92' lang='grc' dir='ltr'>πλατέως</span> <span class='ocrx_word' id='word_1_394' title='bbox 3049 1279 3406 1356; x_wconf 77' lang='grc' dir='ltr'>διεξήλθομεν</span> <span class='ocrx_word' id='word_1_395' title='bbox 3457 1284 3583 1359; x_wconf 78' lang='grc' dir='ltr'>περὶ</span> <span class='ocrx_word' id='word_1_396' title='bbox 3634 1289 3743 1338; x_wconf 80' lang='grc' dir='ltr'>τῶν</span> <span class='ocrx_word' id='word_1_397' title='bbox 3779 1284 3854 1340; x_wconf 77' lang='grc' dir='ltr'><strong>έν-</strong></span> 
     </span>
    </p>
   </div>
   <div class='ocr_carea' id='block_1_60' title="bbox 2205 1369 3357 1450">
    <p class='ocr_par' dir='ltr' id='par_1_60' title="bbox 2205 1369 3357 1450">
     <span class='ocr_line' id='line_1_60' title="bbox 2205 1369 3357 1450; baseline 0.005 -26"><span class='ocrx_word' id='word_1_398' title='bbox 2205 1372 2371 1426; x_wconf 82' lang='grc' dir='ltr'><strong>ταῦθα</strong></span> <span class='ocrx_word' id='word_1_399' title='bbox 2403 1371 2714 1447; x_wconf 81' lang='grc' dir='ltr'>λεγομένων</span> <span class='ocrx_word' id='word_1_400' title='bbox 2740 1370 2791 1427; x_wconf 77' lang='grc' dir='ltr'><strong>ἐν</strong></span> <span class='ocrx_word' id='word_1_401' title='bbox 2821 1369 3102 1450; x_wconf 79' lang='grc' dir='ltr'><strong>κεφαλαίῳ</strong></span> <span class='ocrx_word' id='word_1_402' title='bbox 3131 1374 3357 1449; x_wconf 85' lang='grc' dir='ltr'><strong>πρώτῳ.</strong></span> 
     </span>
    </p>
   </div>
   <div class='ocr_carea' id='block_1_61' title="bbox 2279 1549 3852 1626">
    <p class='ocr_par' dir='ltr' id='par_1_61' title="bbox 2279 1549 3852 1626">
     <span class='ocr_line' id='line_1_61' title="bbox 2279 1549 3852 1626; baseline 0.004 -23"><span class='ocrx_word' id='word_1_403' title='bbox 2279 1550 2377 1603; x_wconf 81' lang='grc' dir='ltr'><strong>Διά</strong></span> <span class='ocrx_word' id='word_1_404' title='bbox 2420 1556 2520 1619; x_wconf 83' lang='grc' dir='ltr'>τῆς</span> <span class='ocrx_word' id='word_1_405' title='bbox 2580 1549 2752 1604; x_wconf 71' lang='grc' dir='ltr'>ἀύλου</span> <span class='ocrx_word' id='word_1_406' title='bbox 2807 1552 2898 1605; x_wconf 85' lang='grc' dir='ltr'>καὶ</span> <span class='ocrx_word' id='word_1_407' title='bbox 2955 1550 3216 1626; x_wconf 77' lang='grc' dir='ltr'>ἀμεροῦς.</span> <span class='ocrx_word' id='word_1_408' title='bbox 3278 1552 3395 1607; x_wconf 76' lang='grc' dir='ltr'>Ὀτι</span> <span class='ocrx_word' id='word_1_409' title='bbox 3448 1552 3539 1607; x_wconf 85' lang='grc' dir='ltr'>καὶ</span> <span class='ocrx_word' id='word_1_410' title='bbox 3600 1552 3692 1608; x_wconf 81' lang='grc' dir='ltr'>ἐπὶ</span> <span class='ocrx_word' id='word_1_411' title='bbox 3749 1561 3852 1610; x_wconf 80' lang='grc' dir='ltr'>τῶν</span> 
     </span>
    </p>
   </div>
   <div class='ocr_carea' id='block_1_62' title="bbox 2205 1637 3858 1717">
    <p class='ocr_par' dir='ltr' id='par_1_62' title="bbox 2205 1637 3858 1717">
     <span class='ocr_line' id='line_1_62' title="bbox 2205 1637 3858 1717; baseline 0.005 -27"><span class='ocrx_word' id='word_1_412' title='bbox 2205 1637 2485 1713; x_wconf 77' lang='grc' dir='ltr'>ἡμετέρων</span> <span class='ocrx_word' id='word_1_413' title='bbox 2545 1641 2738 1714; x_wconf 79' lang='grc' dir='ltr'>ψυχῶν</span> <span class='ocrx_word' id='word_1_414' title='bbox 2775 1637 3051 1715; x_wconf 81' lang='grc' dir='ltr'>ἐνδέχεται</span> <span class='ocrx_word' id='word_1_415' title='bbox 3083 1641 3260 1716; x_wconf 86' lang='grc' dir='ltr'>ἀμερῆ</span> <span class='ocrx_word' id='word_1_416' title='bbox 3319 1642 3406 1696; x_wconf 84' lang='grc' dir='ltr'>καὶ</span> <span class='ocrx_word' id='word_1_417' title='bbox 3440 1639 3608 1697; x_wconf 73' lang='grc' dir='ltr'>ἅύλον</span> <span class='ocrx_word' id='word_1_418' title='bbox 3639 1641 3858 1717; x_wconf 65' lang='grc' dir='ltr'>εὑρεθῆφ</span> 
     </span>
    </p>
   </div>
   <div class='ocr_carea' id='block_1_63' title="bbox 2204 1726 3852 1806">
    <p class='ocr_par' dir='ltr' id='par_1_63' title="bbox 2204 1726 3852 1806">
     <span class='ocr_line' id='line_1_63' title="bbox 2204 1726 3852 1806; baseline 0.004 -26"><span class='ocrx_word' id='word_1_419' title='bbox 2204 1748 2289 1781; x_wconf 92' lang='grc' dir='ltr'>ναι</span> <span class='ocrx_word' id='word_1_420' title='bbox 2322 1729 2529 1798; x_wconf 77' lang='grc' dir='ltr'>νόησιν,</span> <span class='ocrx_word' id='word_1_421' title='bbox 2563 1727 2690 1784; x_wconf 81' lang='grc' dir='ltr'>ὅταν</span> <span class='ocrx_word' id='word_1_422' title='bbox 2721 1728 2848 1792; x_wconf 77' lang='grc' dir='ltr'>τοὺς</span> <span class='ocrx_word' id='word_1_423' title='bbox 2880 1726 3260 1791; x_wconf 77' lang='grc' dir='ltr'>παντοδαποὺς</span> <span class='ocrx_word' id='word_1_424' title='bbox 3316 1730 3496 1786; x_wconf 81' lang='grc' dir='ltr'>αὐτῶν</span> <span class='ocrx_word' id='word_1_425' title='bbox 3554 1731 3852 1806; x_wconf 76' lang='grc' dir='ltr'>λογισμοὺς</span> 
     </span>
    </p>
   </div>
   <div class='ocr_carea' id='block_1_64' title="bbox 2204 1817 3857 1896">
    <p class='ocr_par' dir='ltr' id='par_1_64' title="bbox 2204 1817 3857 1896">
     <span class='ocr_line' id='line_1_64' title="bbox 2204 1817 3857 1896; baseline 0.005 -26"><span class='ocrx_word' id='word_1_426' title='bbox 2204 1817 2342 1893; x_wconf 86' lang='grc' dir='ltr'>πρὸς</span> <span class='ocrx_word' id='word_1_427' title='bbox 2375 1817 2496 1890; x_wconf 88' lang='grc' dir='ltr'>μίαν</span> <span class='ocrx_word' id='word_1_428' title='bbox 2530 1819 2717 1893; x_wconf 78' lang='grc' dir='ltr'>νοεράν</span> <span class='ocrx_word' id='word_1_429' title='bbox 2759 1819 3106 1891; x_wconf 80' lang='grc' dir='ltr'><strong>καθαρότητα</strong></span> <span class='ocrx_word' id='word_1_430' title='bbox 3156 1821 3446 1896; x_wconf 80' lang='grc' dir='ltr'>συνάγωσι·</span> <span class='ocrx_word' id='word_1_431' title='bbox 3481 1819 3605 1875; x_wconf 80' lang='grc' dir='ltr'>τότε</span> <span class='ocrx_word' id='word_1_432' title='bbox 3635 1822 3744 1896; x_wconf 76' lang='grc' dir='ltr'><strong>γὰρ</strong></span> <span class='ocrx_word' id='word_1_433' title='bbox 3773 1823 3857 1878; x_wconf 78' lang='grc' dir='ltr'>καὶ</span> 
     </span>
    </p>
   </div>
   <div class='ocr_carea' id='block_1_65' title="bbox 2207 1904 3858 1984">
    <p class='ocr_par' dir='ltr' id='par_1_65' title="bbox 2207 1904 3858 1984">
     <span class='ocr_line' id='line_1_65' title="bbox 2207 1904 3858 1984; baseline 0.002 -24"><span class='ocrx_word' id='word_1_434' title='bbox 2207 1904 2294 1960; x_wconf 81' lang='grc' dir='ltr'>ἐπὶ</span> <span class='ocrx_word' id='word_1_435' title='bbox 2337 1906 2438 1974; x_wconf 78' lang='grc' dir='ltr'><strong>τὴν</strong></span> <span class='ocrx_word' id='word_1_436' title='bbox 2492 1907 2809 1982; x_wconf 83' lang='grc' dir='ltr'>ὑπερνόησιν</span> <span class='ocrx_word' id='word_1_437' title='bbox 2856 1907 3043 1963; x_wconf 78' lang='grc' dir='ltr'>’ἐνωσιν</span> <span class='ocrx_word' id='word_1_438' title='bbox 3096 1907 3311 1971; x_wconf 77' lang='grc' dir='ltr'>οἷ’κείως</span> <span class='ocrx_word' id='word_1_439' title='bbox 3361 1910 3576 1972; x_wconf 70' lang='grc' dir='ltr'>ἑαυταῖς</span> <span class='ocrx_word' id='word_1_440' title='bbox 3611 1908 3727 1984; x_wconf 79' lang='grc' dir='ltr'><strong>ὁδῷ</strong></span> <span class='ocrx_word' id='word_1_441' title='bbox 3758 1933 3858 1968; x_wconf 88' lang='grc' dir='ltr'>τινι</span> 
     </span>
    </p>
   </div>
   <div class='ocr_carea' id='block_1_66' title="bbox 2206 1991 2877 2071">
    <p class='ocr_par' dir='ltr' id='par_1_66' title="bbox 2206 1991 2877 2071">
     <span class='ocr_line' id='line_1_66' title="bbox 2206 1991 2877 2071; baseline 0.001 -19"><span class='ocrx_word' id='word_1_442' title='bbox 2206 1995 2295 2052; x_wconf 82' lang='grc' dir='ltr'>καὶ</span> <span class='ocrx_word' id='word_1_443' title='bbox 2323 1995 2466 2068; x_wconf 79' lang='grc' dir='ltr'>τάξει</span> <span class='ocrx_word' id='word_1_444' title='bbox 2496 1991 2877 2071; x_wconf 74' lang='grc' dir='ltr'>προϐαίνουσι.</span> 
     </span>
    </p>
   </div>
   <div class='ocr_carea' id='block_1_67' title="bbox 2279 2174 3856 2253">
    <p class='ocr_par' dir='ltr' id='par_1_67' title="bbox 2279 2174 3856 2253">
     <span class='ocr_line' id='line_1_67' title="bbox 2279 2174 3856 2253; baseline 0.003 -26"><span class='ocrx_word' id='word_1_445' title='bbox 2279 2174 2581 2251; x_wconf 74' lang='grc' dir='ltr'>Συμφωνίᾳ</span> <span class='ocrx_word' id='word_1_446' title='bbox 2620 2174 2875 2230; x_wconf 84' lang='grc' dir='ltr'>παντελεῖ</span> <span class='ocrx_word' id='word_1_447' title='bbox 2897 2177 2983 2230; x_wconf 82' lang='grc' dir='ltr'>καὶ</span> <span class='ocrx_word' id='word_1_448' title='bbox 3021 2175 3274 2248; x_wconf 79' lang='grc' dir='ltr'>ὁμονοίᾳ.</span> <span class='ocrx_word' id='word_1_449' title='bbox 3327 2176 3576 2247; x_wconf 87' lang='grc' dir='ltr'>Παντελῆ</span> <span class='ocrx_word' id='word_1_450' title='bbox 3633 2178 3856 2253; x_wconf 76' lang='grc' dir='ltr'>εἰρήνην</span> 
     </span>
    </p>
   </div>
   <div class='ocr_carea' id='block_1_68' title="bbox 2208 2261 3857 2342">
    <p class='ocr_par' dir='ltr' id='par_1_68' title="bbox 2208 2261 3857 2342">
     <span class='ocr_line' id='line_1_68' title="bbox 2208 2261 3857 2342; baseline 0.002 -23"><span class='ocrx_word' id='word_1_451' title='bbox 2208 2261 2353 2340; x_wconf 87' lang='grc' dir='ltr'>λέγει</span> <span class='ocrx_word' id='word_1_452' title='bbox 2381 2265 2480 2334; x_wconf 70' lang='grc' dir='ltr'>τὴν</span> <span class='ocrx_word' id='word_1_453' title='bbox 2513 2263 2726 2319; x_wconf 79' lang='grc' dir='ltr'>πάντων</span> <span class='ocrx_word' id='word_1_454' title='bbox 2757 2263 2968 2321; x_wconf 89' lang='grc' dir='ltr'>τελείαν</span> <span class='ocrx_word' id='word_1_455' title='bbox 3017 2270 3123 2321; x_wconf 79' lang='grc' dir='ltr'>τῶν</span> <span class='ocrx_word' id='word_1_456' title='bbox 3174 2267 3414 2342; x_wconf 80' lang='grc' dir='ltr'>ἀγαθῶν,</span> <span class='ocrx_word' id='word_1_457' title='bbox 3461 2268 3711 2325; x_wconf 74' lang='grc' dir='ltr'>τουτέστι</span> <span class='ocrx_word' id='word_1_458' title='bbox 3771 2270 3857 2324; x_wconf 85' lang='grc' dir='ltr'>τὸν</span> 
     </span>
    </p>
   </div>
   <div class='ocr_carea' id='block_1_69' title="bbox 2208 2352 2355 2408">
    <p class='ocr_par' dir='ltr' id='par_1_69' title="bbox 2208 2352 2355 2408">
     <span class='ocr_line' id='line_1_69' title="bbox 2208 2352 2355 2408; baseline -0.014 0"><span class='ocrx_word' id='word_1_459' title='bbox 2208 2352 2355 2408; x_wconf 87' lang='grc' dir='ltr'>Θεόν.</span> 
     </span>
    </p>
   </div>
   <div class='ocr_carea' id='block_1_70' title="bbox 2277 2437 3861 2520">
    <p class='ocr_par' dir='ltr' id='par_1_70' title="bbox 2277 2437 3861 2520">
     <span class='ocr_line' id='line_1_70' title="bbox 2277 2437 3861 2520; baseline 0.004 -26"><span class='ocrx_word' id='word_1_460' title='bbox 2277 2440 2374 2495; x_wconf 80' lang='grc' dir='ltr'>Καὶ</span> <span class='ocrx_word' id='word_1_461' title='bbox 2435 2437 2726 2496; x_wconf 86' lang='grc' dir='ltr'>συνδέουσα</span> <span class='ocrx_word' id='word_1_462' title='bbox 2797 2440 2863 2496; x_wconf 79' lang='grc' dir='ltr'>τὰ</span> <span class='ocrx_word' id='word_1_463' title='bbox 2919 2441 3076 2515; x_wconf 79' lang='grc' dir='ltr'>ἄκρα.</span> <span class='ocrx_word' id='word_1_464' title='bbox 3151 2443 3326 2517; x_wconf 82' lang='grc' dir='ltr'>Ἀκρα</span> <span class='ocrx_word' id='word_1_465' title='bbox 3389 2443 3524 2520; x_wconf 79' lang='grc' dir='ltr'>φησὶ</span> <span class='ocrx_word' id='word_1_466' title='bbox 3589 2445 3687 2506; x_wconf 77' lang='grc' dir='ltr'><strong>τὰς</strong></span> <span class='ocrx_word' id='word_1_467' title='bbox 3754 2443 3861 2500; x_wconf 82' lang='grc' dir='ltr'>ἅνω</span> 
     </span>
    </p>
   </div>
   <div class='ocr_carea' id='block_1_71' title="bbox 2205 2525 3857 2610">
    <p class='ocr_par' dir='ltr' id='par_1_71' title="bbox 2205 2525 3857 2610">
     <span class='ocr_line' id='line_1_71' title="bbox 2205 2525 3857 2610; baseline 0.004 -28"><span class='ocrx_word' id='word_1_468' title='bbox 2205 2525 2460 2600; x_wconf 84' lang='grc' dir='ltr'>δυνάμεις</span> <span class='ocrx_word' id='word_1_469' title='bbox 2488 2529 2575 2583; x_wconf 72' lang='grc' dir='ltr'><strong>καὶ</strong></span> <span class='ocrx_word' id='word_1_470' title='bbox 2609 2529 2703 2592; x_wconf 75' lang='grc' dir='ltr'>τὰς</span> <span class='ocrx_word' id='word_1_471' title='bbox 2731 2530 2900 2598; x_wconf 79' lang='grc' dir='ltr'>κάτω,</span> <span class='ocrx_word' id='word_1_472' title='bbox 2945 2531 3035 2584; x_wconf 83' lang='grc' dir='ltr'><strong>καὶ</strong></span> <span class='ocrx_word' id='word_1_473' title='bbox 3090 2536 3248 2603; x_wconf 78' lang='grc' dir='ltr'>μέσα,</span> <span class='ocrx_word' id='word_1_474' title='bbox 3280 2531 3354 2593; x_wconf 86' lang='grc' dir='ltr'>ὡς</span> <span class='ocrx_word' id='word_1_475' title='bbox 3386 2533 3734 2610; x_wconf 67' lang='grc' dir='ltr'>προέφημεν,</span> <span class='ocrx_word' id='word_1_476' title='bbox 3790 2535 3857 2589; x_wconf 70' lang='grc' dir='ltr'>τὰ</span> 
     </span>
    </p>
   </div>
   <div class='ocr_carea' id='block_1_72' title="bbox 2202 2616 3857 2694">
    <p class='ocr_par' dir='ltr' id='par_1_72' title="bbox 2202 2616 3857 2694">
     <span class='ocr_line' id='line_1_72' title="bbox 2202 2616 3857 2694; baseline 0.004 -23"><span class='ocrx_word' id='word_1_477' title='bbox 2202 2616 2260 2671; x_wconf 68' lang='grc' dir='ltr'>ἐκ</span> <span class='ocrx_word' id='word_1_478' title='bbox 2297 2625 2395 2686; x_wconf 80' lang='grc' dir='ltr'><strong>τῆς</strong></span> <span class='ocrx_word' id='word_1_479' title='bbox 2441 2619 2828 2692; x_wconf 81' lang='grc' dir='ltr'>καθαρωτάτης</span> <span class='ocrx_word' id='word_1_480' title='bbox 2878 2617 3038 2689; x_wconf 75' lang='grc' dir='ltr'>ὕλης,</span> <span class='ocrx_word' id='word_1_481' title='bbox 3088 2623 3204 2674; x_wconf 85' lang='grc' dir='ltr'>οἷον</span> <span class='ocrx_word' id='word_1_482' title='bbox 3234 2619 3518 2694; x_wconf 80' lang='grc' dir='ltr'>οὐρανοὺς,</span> <span class='ocrx_word' id='word_1_483' title='bbox 3549 2621 3640 2677; x_wconf 83' lang='grc' dir='ltr'>καὶ</span> <span class='ocrx_word' id='word_1_484' title='bbox 3702 2621 3857 2678; x_wconf 81' lang='grc' dir='ltr'>ἀστέ-</span> 
     </span>
    </p>
   </div>
   <div class='ocr_carea' id='block_1_73' title="bbox 2204 2704 3854 2786">
    <p class='ocr_par' dir='ltr' id='par_1_73' title="bbox 2204 2704 3854 2786">
     <span class='ocr_line' id='line_1_73' title="bbox 2204 2704 3854 2786; baseline 0.003 -25"><span class='ocrx_word' id='word_1_485' title='bbox 2204 2727 2321 2782; x_wconf 87' lang='grc' dir='ltr'>ρας,</span> <span class='ocrx_word' id='word_1_486' title='bbox 2369 2709 2456 2761; x_wconf 90' lang='grc' dir='ltr'>καὶ</span> <span class='ocrx_word' id='word_1_487' title='bbox 2509 2708 2572 2761; x_wconf 77' lang='grc' dir='ltr'>τὰ</span> <span class='ocrx_word' id='word_1_488' title='bbox 2622 2704 2778 2783; x_wconf 66' lang='grc' dir='ltr'>ἕτερα</span> <span class='ocrx_word' id='word_1_489' title='bbox 2824 2709 2961 2781; x_wconf 81' lang='grc' dir='ltr'>ἄκρα</span> <span class='ocrx_word' id='word_1_490' title='bbox 2989 2709 3054 2764; x_wconf 78' lang='grc' dir='ltr'><strong>τὰ</strong></span> <span class='ocrx_word' id='word_1_491' title='bbox 3095 2707 3304 2785; x_wconf 80' lang='grc' dir='ltr'>ἐπίγεια</span> <span class='ocrx_word' id='word_1_492' title='bbox 3331 2710 3421 2766; x_wconf 76' lang='grc' dir='ltr'>καὶ</span> <span class='ocrx_word' id='word_1_493' title='bbox 3448 2709 3630 2786; x_wconf 81' lang='grc' dir='ltr'>γεώδη</span> <span class='ocrx_word' id='word_1_494' title='bbox 3692 2713 3854 2766; x_wconf 72' lang='grc' dir='ltr'><strong>αὐτὰ·</strong></span> 
     </span>
    </p>
   </div>
   <div class='ocr_carea' id='block_1_74' title="bbox 2203 2795 3854 2872">
    <p class='ocr_par' dir='ltr' id='par_1_74' title="bbox 2203 2795 3854 2872">
     <span class='ocr_line' id='line_1_74' title="bbox 2203 2795 3854 2872; baseline 0.004 -22"><span class='ocrx_word' id='word_1_495' title='bbox 2203 2797 2338 2870; x_wconf 75' lang='grc' dir='ltr'>ἄκρα</span> <span class='ocrx_word' id='word_1_496' title='bbox 2372 2797 2466 2868; x_wconf 72' lang='grc' dir='ltr'>μὲν</span> <span class='ocrx_word' id='word_1_497' title='bbox 2493 2796 2593 2872; x_wconf 72' lang='grc' dir='ltr'>γὰρ</span> <span class='ocrx_word' id='word_1_498' title='bbox 2652 2797 2756 2852; x_wconf 80' lang='grc' dir='ltr'><strong>ἀπὸ</strong></span> <span class='ocrx_word' id='word_1_499' title='bbox 2799 2801 2906 2852; x_wconf 83' lang='grc' dir='ltr'>τῶν</span> <span class='ocrx_word' id='word_1_500' title='bbox 2953 2795 3063 2853; x_wconf 77' lang='grc' dir='ltr'>ἄνω</span> <span class='ocrx_word' id='word_1_501' title='bbox 3111 2797 3201 2854; x_wconf 76' lang='grc' dir='ltr'>ἐπὶ</span> <span class='ocrx_word' id='word_1_502' title='bbox 3231 2799 3297 2854; x_wconf 79' lang='grc' dir='ltr'><strong>τὰ</strong></span> <span class='ocrx_word' id='word_1_503' title='bbox 3337 2799 3484 2856; x_wconf 73' lang='grc' dir='ltr'>κάτω</span> <span class='ocrx_word' id='word_1_504' title='bbox 3541 2802 3610 2856; x_wconf 83' lang='grc' dir='ltr'>τὰ</span> <span class='ocrx_word' id='word_1_505' title='bbox 3658 2803 3854 2872; x_wconf 73' lang='grc' dir='ltr'>νοητάο</span> 
     </span>
    </p>
   </div>
   <div class='ocr_carea' id='block_1_75' title="bbox 2201 2883 3860 2964">
    <p class='ocr_par' dir='ltr' id='par_1_75' title="bbox 2201 2883 3860 2964">
     <span class='ocr_line' id='line_1_75' title="bbox 2201 2883 3860 2964; baseline 0.004 -24"><span class='ocrx_word' id='word_1_506' title='bbox 2201 2883 2366 2940; x_wconf 74' lang='grc' dir='ltr'>πάλιν</span> <span class='ocrx_word' id='word_1_507' title='bbox 2400 2883 2455 2940; x_wconf 74' lang='grc' dir='ltr'>δὲ</span> <span class='ocrx_word' id='word_1_508' title='bbox 2486 2887 2622 2960; x_wconf 76' lang='grc' dir='ltr'>ἄκρα</span> <span class='ocrx_word' id='word_1_509' title='bbox 2649 2887 2886 2943; x_wconf 80' lang='grc' dir='ltr'>κάτωθεν</span> <span class='ocrx_word' id='word_1_510' title='bbox 2914 2886 3001 2942; x_wconf 84' lang='grc' dir='ltr'>ἐπὶ</span> <span class='ocrx_word' id='word_1_511' title='bbox 3030 2889 3097 2942; x_wconf 79' lang='grc' dir='ltr'><strong>τὰ</strong></span> <span class='ocrx_word' id='word_1_512' title='bbox 3126 2885 3236 2943; x_wconf 73' lang='grc' dir='ltr'>ἄνω</span> <span class='ocrx_word' id='word_1_513' title='bbox 3260 2895 3328 2944; x_wconf 77' lang='grc' dir='ltr'>τὰ</span> <span class='ocrx_word' id='word_1_514' title='bbox 3370 2892 3536 2964; x_wconf 80' lang='grc' dir='ltr'>γήϊνα</span> <span class='ocrx_word' id='word_1_515' title='bbox 3581 2887 3778 2958; x_wconf 72' lang='grc' dir='ltr'>ταῦτα,</span> <span class='ocrx_word' id='word_1_516' title='bbox 3826 2891 3860 2946; x_wconf 73' lang='grc' dir='ltr'>ἂ</span> 
     </span>
    </p>
   </div>
   <div class='ocr_carea' id='block_1_76' title="bbox 2200 2975 3854 3056">
    <p class='ocr_par' dir='ltr' id='par_1_76' title="bbox 2200 2975 3854 3056">
     <span class='ocr_line' id='line_1_76' title="bbox 2200 2975 3854 3056; baseline 0.005 -28"><span class='ocrx_word' id='word_1_517' title='bbox 2200 2976 2286 3029; x_wconf 80' lang='grc' dir='ltr'>καὶ</span> <span class='ocrx_word' id='word_1_518' title='bbox 2322 2977 2678 3031; x_wconf 73' lang='grc' dir='ltr'>συνάπτονται</span> <span class='ocrx_word' id='word_1_519' title='bbox 2708 2981 2822 3038; x_wconf 85' lang='grc' dir='ltr'>τοῖς</span> <span class='ocrx_word' id='word_1_520' title='bbox 2860 2975 3066 3049; x_wconf 90' lang='grc' dir='ltr'>μέσοις.</span> <span class='ocrx_word' id='word_1_521' title='bbox 3093 2977 3358 3054; x_wconf 90' lang='grc' dir='ltr'>Ὁμόγνια</span> <span class='ocrx_word' id='word_1_522' title='bbox 3383 2975 3440 3034; x_wconf 74' lang='grc' dir='ltr'>δὲ</span> <span class='ocrx_word' id='word_1_523' title='bbox 3477 2980 3543 3036; x_wconf 77' lang='grc' dir='ltr'>τὰ</span> <span class='ocrx_word' id='word_1_524' title='bbox 3586 2987 3854 3056; x_wconf 79' lang='grc' dir='ltr'>συγγενῆ,</span> 
     </span>
    </p>
   </div>
   <div class='ocr_carea' id='block_1_77' title="bbox 2199 3062 3355 3142">
    <p class='ocr_par' dir='ltr' id='par_1_77' title="bbox 2199 3062 3355 3142">
     <span class='ocr_line' id='line_1_77' title="bbox 2199 3062 3355 3142; baseline 0.006 -25"><span class='ocrx_word' id='word_1_525' title='bbox 2199 3063 2288 3118; x_wconf 78' lang='grc' dir='ltr'>καὶ</span> <span class='ocrx_word' id='word_1_526' title='bbox 2322 3062 2381 3119; x_wconf 79' lang='grc' dir='ltr'>ἐκ</span> <span class='ocrx_word' id='word_1_527' title='bbox 2410 3069 2503 3119; x_wconf 74' lang='grc' dir='ltr'><strong>του</strong></span> <span class='ocrx_word' id='word_1_528' title='bbox 2535 3067 2746 3120; x_wconf 73' lang='grc' dir='ltr'>πάντων</span> <span class='ocrx_word' id='word_1_529' title='bbox 2780 3064 2961 3120; x_wconf 82' lang='grc' dir='ltr'>αἰτίου</span> <span class='ocrx_word' id='word_1_530' title='bbox 2991 3064 3355 3142; x_wconf 80' lang='grc' dir='ltr'>προελθόντα.</span> 
     </span>
    </p>
   </div>
   <div class='ocr_carea' id='block_1_78' title="bbox 2273 3245 3858 3322">
    <p class='ocr_par' dir='ltr' id='par_1_78' title="bbox 2273 3245 3858 3322">
     <span class='ocr_line' id='line_1_78' title="bbox 2273 3245 3858 3322; baseline 0.003 -22"><span class='ocrx_word' id='word_1_531' title='bbox 2273 3246 2370 3300; x_wconf 79' lang='grc' dir='ltr'><strong>Καὶ</strong></span> <span class='ocrx_word' id='word_1_532' title='bbox 2417 3251 2534 3308; x_wconf 89' lang='grc' dir='ltr'>ταῖς</span> <span class='ocrx_word' id='word_1_533' title='bbox 2601 3246 2882 3321; x_wconf 80' lang='grc' dir='ltr'>ἐσχάταις.</span> <span class='ocrx_word' id='word_1_534' title='bbox 2933 3245 3203 3322; x_wconf 76' lang='grc' dir='ltr'>Ἐσχάτας</span> <span class='ocrx_word' id='word_1_535' title='bbox 3242 3251 3340 3303; x_wconf 78' lang='grc' dir='ltr'><strong>τοῦ</strong></span> <span class='ocrx_word' id='word_1_536' title='bbox 3389 3249 3590 3312; x_wconf 85' lang='grc' dir='ltr'>παντὸς</span> <span class='ocrx_word' id='word_1_537' title='bbox 3642 3248 3858 3305; x_wconf 80' lang='grc' dir='ltr'>ἀποπε-</span> 
     </span>
    </p>
   </div>
   <div class='ocr_carea' id='block_1_79' title="bbox 2198 3335 3855 3414">
    <p class='ocr_par' dir='ltr' id='par_1_79' title="bbox 2198 3335 3855 3414">
     <span class='ocr_line' id='line_1_79' title="bbox 2198 3335 3855 3414; baseline 0.004 -27"><span class='ocrx_word' id='word_1_538' title='bbox 2198 3336 2460 3408; x_wconf 82' lang='grc' dir='ltr'>ρατώσεις</span> <span class='ocrx_word' id='word_1_539' title='bbox 2507 3337 2603 3398; x_wconf 76' lang='grc' dir='ltr'><strong>τὰς</strong></span> <span class='ocrx_word' id='word_1_540' title='bbox 2650 3335 2896 3410; x_wconf 76' lang='grc' dir='ltr'>ἀψύχους</span> <span class='ocrx_word' id='word_1_541' title='bbox 2941 3335 3124 3400; x_wconf 83' lang='grc' dir='ltr'>ούσίας</span> <span class='ocrx_word' id='word_1_542' title='bbox 3154 3337 3311 3414; x_wconf 77' lang='grc' dir='ltr'>φησὶ,</span> <span class='ocrx_word' id='word_1_543' title='bbox 3341 3338 3615 3392; x_wconf 70' lang='grc' dir='ltr'>τουτέστιν</span> <span class='ocrx_word' id='word_1_544' title='bbox 3649 3337 3699 3393; x_wconf 81' lang='grc' dir='ltr'><strong>ἐν</strong></span> <span class='ocrx_word' id='word_1_545' title='bbox 3768 3343 3855 3400; x_wconf 79' lang='grc' dir='ltr'>αἷς</span> 
     </span>
    </p>
   </div>
   <div class='ocr_carea' id='block_1_80' title="bbox 2197 3421 3856 3500">
    <p class='ocr_par' dir='ltr' id='par_1_80' title="bbox 2197 3421 3856 3500">
     <span class='ocr_line' id='line_1_80' title="bbox 2197 3421 3856 3500; baseline 0.001 -23"><span class='ocrx_word' id='word_1_546' title='bbox 2197 3421 2425 3496; x_wconf 79' lang='grc' dir='ltr'>οὐδεμία</span> <span class='ocrx_word' id='word_1_547' title='bbox 2455 3424 2664 3495; x_wconf 82' lang='grc' dir='ltr'>κίνησις</span> <span class='ocrx_word' id='word_1_548' title='bbox 2715 3424 2998 3495; x_wconf 77' lang='grc' dir='ltr'><strong>αὐξητικὴ,</strong></span> <span class='ocrx_word' id='word_1_549' title='bbox 3041 3426 3068 3496; x_wconf 68' lang='grc' dir='ltr'>ἢ</span> <span class='ocrx_word' id='word_1_550' title='bbox 3103 3427 3392 3500; x_wconf 78' lang='grc' dir='ltr'>θρεπτικὴ,</span> <span class='ocrx_word' id='word_1_551' title='bbox 3451 3425 3486 3494; x_wconf 74' lang='grc' dir='ltr'><strong>ἢ</strong></span> <span class='ocrx_word' id='word_1_552' title='bbox 3517 3430 3626 3481; x_wconf 81' lang='grc' dir='ltr'>τῶν</span> <span class='ocrx_word' id='word_1_553' title='bbox 3660 3424 3856 3482; x_wconf 73' lang='grc' dir='ltr'>ἄλλων</span> 
     </span>
    </p>
   </div>
   <div class='ocr_carea' id='block_1_81' title="bbox 2193 3511 3854 3590">
    <p class='ocr_par' dir='ltr' id='par_1_81' title="bbox 2193 3511 3854 3590">
     <span class='ocr_line' id='line_1_81' title="bbox 2193 3511 3854 3590; baseline 0.002 -22"><span class='ocrx_word' id='word_1_554' title='bbox 2193 3535 2278 3575; x_wconf 87' lang='grc' dir='ltr'><strong>τις</strong></span> <span class='ocrx_word' id='word_1_555' title='bbox 2324 3515 2623 3590; x_wconf 84' lang='grc' dir='ltr'>θεωρεῖται.</span> <span class='ocrx_word' id='word_1_556' title='bbox 2673 3513 2941 3588; x_wconf 84' lang='grc' dir='ltr'>Ὁμόγνια</span> <span class='ocrx_word' id='word_1_557' title='bbox 2972 3511 3030 3569; x_wconf 74' lang='grc' dir='ltr'>δὲ</span> <span class='ocrx_word' id='word_1_558' title='bbox 3057 3515 3126 3569; x_wconf 70' lang='grc' dir='ltr'>τὰ</span> <span class='ocrx_word' id='word_1_559' title='bbox 3157 3511 3364 3589; x_wconf 78' lang='grc' dir='ltr'>ἀδελφᾶ</span> <span class='ocrx_word' id='word_1_560' title='bbox 3393 3515 3481 3569; x_wconf 85' lang='grc' dir='ltr'>καὶ</span> <span class='ocrx_word' id='word_1_561' title='bbox 3510 3515 3854 3590; x_wconf 78' lang='grc' dir='ltr'>ὁμόστοιχα.</span> 
     </span>
    </p>
   </div>
   <div class='ocr_carea' id='block_1_82' title="bbox 2196 3600 3851 3679">
    <p class='ocr_par' dir='ltr' id='par_1_82' title="bbox 2196 3600 3851 3679">
     <span class='ocr_line' id='line_1_82' title="bbox 2196 3600 3851 3679; baseline 0.001 -21"><span class='ocrx_word' id='word_1_562' title='bbox 2196 3605 2443 3678; x_wconf 75' lang='grc' dir='ltr'>Διαφέρει</span> <span class='ocrx_word' id='word_1_563' title='bbox 2489 3600 2546 3657; x_wconf 72' lang='grc' dir='ltr'><strong>δέ</strong></span> <span class='ocrx_word' id='word_1_564' title='bbox 2593 3603 2781 3672; x_wconf 74' lang='grc' dir='ltr'>ἑνότης</span> <span class='ocrx_word' id='word_1_565' title='bbox 2828 3602 3090 3665; x_wconf 82' lang='grc' dir='ltr'>ἐνώσεως·</span> <span class='ocrx_word' id='word_1_566' title='bbox 3135 3605 3169 3672; x_wconf 83' lang='grc' dir='ltr'>ἠ</span> <span class='ocrx_word' id='word_1_567' title='bbox 3227 3603 3320 3677; x_wconf 77' lang='grc' dir='ltr'><strong>μὲν</strong></span> <span class='ocrx_word' id='word_1_568' title='bbox 3372 3603 3472 3679; x_wconf 73' lang='grc' dir='ltr'>γὰρ</span> <span class='ocrx_word' id='word_1_569' title='bbox 3521 3606 3583 3659; x_wconf 89' lang='grc' dir='ltr'>τὸ</span> <span class='ocrx_word' id='word_1_570' title='bbox 3637 3603 3851 3673; x_wconf 69' lang='grc' dir='ltr'>ἰδιάζον</span> 
     </span>
    </p>
   </div>
   <div class='ocr_carea' id='block_1_83' title="bbox 2193 3689 3853 3770">
    <p class='ocr_par' dir='ltr' id='par_1_83' title="bbox 2193 3689 3853 3770">
     <span class='ocr_line' id='line_1_83' title="bbox 2193 3689 3853 3770; baseline 0.002 -24"><span class='ocrx_word' id='word_1_571' title='bbox 2193 3692 2283 3746; x_wconf 84' lang='grc' dir='ltr'>καὶ</span> <span class='ocrx_word' id='word_1_572' title='bbox 2331 3692 2522 3767; x_wconf 71' lang='grc' dir='ltr'>ἀμιγὲς</span> <span class='ocrx_word' id='word_1_573' title='bbox 2567 3699 2666 3761; x_wconf 75' lang='grc' dir='ltr'><strong>τῆς</strong></span> <span class='ocrx_word' id='word_1_574' title='bbox 2714 3694 2830 3756; x_wconf 84' lang='grc' dir='ltr'>καθ’</span> <span class='ocrx_word' id='word_1_575' title='bbox 2884 3692 3109 3747; x_wconf 77' lang='grc' dir='ltr'>’ἑκαστον</span> <span class='ocrx_word' id='word_1_576' title='bbox 3146 3689 3382 3747; x_wconf 85' lang='grc' dir='ltr'>δείκνυσι</span> <span class='ocrx_word' id='word_1_577' title='bbox 3415 3694 3646 3770; x_wconf 79' lang='grc' dir='ltr'>φύσεως·</span> <span class='ocrx_word' id='word_1_578' title='bbox 3698 3696 3734 3762; x_wconf 82' lang='grc' dir='ltr'>ἡ</span> <span class='ocrx_word' id='word_1_579' title='bbox 3791 3692 3853 3750; x_wconf 72' lang='grc' dir='ltr'>δὲ</span> 
     </span>
    </p>
   </div>
   <div class='ocr_carea' id='block_1_84' title="bbox 2192 3778 3858 3858">
    <p class='ocr_par' dir='ltr' id='par_1_84' title="bbox 2192 3778 3858 3858">
     <span class='ocr_line' id='line_1_84' title="bbox 2192 3778 3858 3858; baseline 0.001 -23"><span class='ocrx_word' id='word_1_580' title='bbox 2192 3778 2382 3842; x_wconf 69' lang='grc' dir='ltr'>ἓνωσις</span> <span class='ocrx_word' id='word_1_581' title='bbox 2423 3783 2522 3850; x_wconf 72' lang='grc' dir='ltr'>τὴν</span> <span class='ocrx_word' id='word_1_582' title='bbox 2572 3782 2709 3858; x_wconf 84' lang='grc' dir='ltr'>πρὸς</span> <span class='ocrx_word' id='word_1_583' title='bbox 2753 3778 2909 3856; x_wconf 72' lang='grc' dir='ltr'>ἕτερα</span> <span class='ocrx_word' id='word_1_584' title='bbox 2957 3781 3275 3856; x_wconf 78' lang='grc' dir='ltr'>σύγκρασιν,</span> <span class='ocrx_word' id='word_1_585' title='bbox 3307 3781 3342 3849; x_wconf 78' lang='grc' dir='ltr'><strong>ἢ</strong></span> <span class='ocrx_word' id='word_1_586' title='bbox 3396 3780 3588 3844; x_wconf 81' lang='grc' dir='ltr'>ἁπλῶς</span> <span class='ocrx_word' id='word_1_587' title='bbox 3651 3803 3858 3856; x_wconf 81' lang='grc' dir='ltr'>μετου-</span> 
     </span>
    </p>
   </div>
   <div class='ocr_carea' id='block_1_85' title="bbox 2196 3869 2334 3928">
    <p class='ocr_par' dir='ltr' id='par_1_85' title="bbox 2196 3869 2334 3928">
     <span class='ocr_line' id='line_1_85' title="bbox 2196 3869 2334 3928; baseline 0.029 -4"><span class='ocrx_word' id='word_1_588' title='bbox 2196 3869 2334 3928; x_wconf 87' lang='grc' dir='ltr'>σίαν.</span> 
     </span>
    </p>
   </div>
   <div class='ocr_carea' id='block_1_86' title="bbox 2263 3957 3850 4037">
    <p class='ocr_par' dir='ltr' id='par_1_86' title="bbox 2263 3957 3850 4037">
     <span class='ocr_line' id='line_1_86' title="bbox 2263 3957 3850 4037; baseline 0 -21"><span class='ocrx_word' id='word_1_589' title='bbox 2263 3959 2407 4028; x_wconf 73' lang='grc' dir='ltr'>’Όλη</span> <span class='ocrx_word' id='word_1_590' title='bbox 2462 3957 2597 4034; x_wconf 81' lang='grc' dir='ltr'>πρὸς</span> <span class='ocrx_word' id='word_1_591' title='bbox 2645 3958 2806 4031; x_wconf 80' lang='grc' dir='ltr'>ὅλην.</span> <span class='ocrx_word' id='word_1_592' title='bbox 2860 3959 2967 4016; x_wconf 77' lang='grc' dir='ltr'><strong>Καὶ</strong></span> <span class='ocrx_word' id='word_1_593' title='bbox 3016 3963 3104 4014; x_wconf 73' lang='grc' dir='ltr'>νῦν</span> <span class='ocrx_word' id='word_1_594' title='bbox 3152 3961 3251 4028; x_wconf 80' lang='grc' dir='ltr'>τὴν</span> <span class='ocrx_word' id='word_1_595' title='bbox 3308 3959 3508 4016; x_wconf 71' lang='grc' dir='ltr'>οἲκείαν</span> <span class='ocrx_word' id='word_1_596' title='bbox 3563 3957 3850 4037; x_wconf 72' lang='grc' dir='ltr'>ἀκρίϐειαν</span> 
     </span>
    </p>
   </div>
   <div class='ocr_carea' id='block_1_87' title="bbox 2194 4047 3850 4127">
    <p class='ocr_par' dir='ltr' id='par_1_87' title="bbox 2194 4047 3850 4127">
     <span class='ocr_line' id='line_1_87' title="bbox 2194 4047 3850 4127; baseline 0.003 -26"><span class='ocrx_word' id='word_1_597' title='bbox 2194 4047 2472 4125; x_wconf 73' lang='grc' dir='ltr'>φυλάττει·</span> <span class='ocrx_word' id='word_1_598' title='bbox 2507 4047 2670 4103; x_wconf 77' lang='grc' dir='ltr'>εἰπὼν</span> <span class='ocrx_word' id='word_1_599' title='bbox 2723 4049 2824 4124; x_wconf 77' lang='grc' dir='ltr'>γὰρ</span> <span class='ocrx_word' id='word_1_600' title='bbox 2858 4047 3111 4125; x_wconf 83' lang='grc' dir='ltr'>ὁμόγνια,</span> <span class='ocrx_word' id='word_1_601' title='bbox 3141 4049 3383 4104; x_wconf 87' lang='grc' dir='ltr'>τουτέστι</span> <span class='ocrx_word' id='word_1_602' title='bbox 3445 4058 3702 4127; x_wconf 81' lang='grc' dir='ltr'>συγγενῆ,</span> <span class='ocrx_word' id='word_1_603' title='bbox 3754 4054 3850 4106; x_wconf 70' lang='grc' dir='ltr'>καὶ</span> 
     </span>
    </p>
   </div>
   <div class='ocr_carea' id='block_1_88' title="bbox 2191 4137 3855 4215">
    <p class='ocr_par' dir='ltr' id='par_1_88' title="bbox 2191 4137 3855 4215">
     <span class='ocr_line' id='line_1_88' title="bbox 2191 4137 3855 4215; baseline 0.003 -24"><span class='ocrx_word' id='word_1_604' title='bbox 2191 4141 2286 4191; x_wconf 75' lang='grc' dir='ltr'><strong>τοῦ</strong></span> <span class='ocrx_word' id='word_1_605' title='bbox 2336 4137 2499 4191; x_wconf 76' lang='grc' dir='ltr'>αὐτοῦ</span> <span class='ocrx_word' id='word_1_606' title='bbox 2546 4139 2760 4212; x_wconf 87' lang='grc' dir='ltr'>γένους,</span> <span class='ocrx_word' id='word_1_607' title='bbox 2809 4139 2899 4192; x_wconf 83' lang='grc' dir='ltr'><strong>ἅτε</strong></span> <span class='ocrx_word' id='word_1_608' title='bbox 2945 4139 3093 4214; x_wconf 75' lang='grc' dir='ltr'>παρὰ</span> <span class='ocrx_word' id='word_1_609' title='bbox 3138 4143 3235 4192; x_wconf 77' lang='grc' dir='ltr'><strong>τοῦ</strong></span> <span class='ocrx_word' id='word_1_610' title='bbox 3267 4139 3468 4200; x_wconf 86' lang='grc' dir='ltr'>παντὸς</span> <span class='ocrx_word' id='word_1_611' title='bbox 3521 4141 3798 4215; x_wconf 74' lang='grc' dir='ltr'>γενάρχου</span> <span class='ocrx_word' id='word_1_612' title='bbox 3834 4146 3855 4177; x_wconf 71' lang='lat'><strong>7</strong></span> 
     </span>
    </p>
   </div>
   <div class='ocr_carea' id='block_1_89' title="bbox 2192 4225 3854 4305">
    <p class='ocr_par' dir='ltr' id='par_1_89' title="bbox 2192 4225 3854 4305">
     <span class='ocr_line' id='line_1_89' title="bbox 2192 4225 3854 4305; baseline 0.002 -24"><span class='ocrx_word' id='word_1_613' title='bbox 2192 4231 2324 4281; x_wconf 72' lang='grc' dir='ltr'>θεοῦ</span> <span class='ocrx_word' id='word_1_614' title='bbox 2372 4225 2814 4300; x_wconf 79' lang='grc' dir='ltr'>προεληλυθότα,</span> <span class='ocrx_word' id='word_1_615' title='bbox 2850 4227 2986 4282; x_wconf 86' lang='grc' dir='ltr'><strong>κατὰ</strong></span> <span class='ocrx_word' id='word_1_616' title='bbox 3019 4227 3113 4281; x_wconf 84' lang='grc' dir='ltr'>τὸν</span> <span class='ocrx_word' id='word_1_617' title='bbox 3144 4227 3494 4303; x_wconf 75' lang='grc' dir='ltr'>χρησάμενον</span> <span class='ocrx_word' id='word_1_618' title='bbox 3520 4230 3600 4301; x_wconf 78' lang='grc' dir='ltr'>τῷ</span> <span class='ocrx_word' id='word_1_619' title='bbox 3713 4252 3854 4301; x_wconf 85' lang='grc' dir='ltr'>ματι</span> 
     </span>
    </p>
   </div>
   <div class='ocr_carea' id='block_1_90' title="bbox 2190 4315 3858 4393">
    <p class='ocr_par' dir='ltr' id='par_1_90' title="bbox 2190 4315 3858 4393">
     <span class='ocr_line' id='line_1_90' title="bbox 2190 4315 3858 4393; baseline 0.001 -21"><span class='ocrx_word' id='word_1_620' title='bbox 2190 4315 2544 4372; x_wconf 79' lang='grc' dir='ltr'>Ἀπὸστολον·</span> <span class='ocrx_word' id='word_1_621' title='bbox 2608 4318 2718 4372; x_wconf 79' lang='grc' dir='ltr'>Τοῦ</span> <span class='ocrx_word' id='word_1_622' title='bbox 2787 4317 2888 4392; x_wconf 72' lang='grc' dir='ltr'><strong>γαρ</strong></span> <span class='ocrx_word' id='word_1_623' title='bbox 2959 4318 3045 4370; x_wconf 84' lang='grc' dir='ltr'>καὶ</span> <span class='ocrx_word' id='word_1_624' title='bbox 3125 4318 3278 4390; x_wconf 89' lang='grc' dir='ltr'>γένος</span> <span class='ocrx_word' id='word_1_625' title='bbox 3337 4317 3516 4390; x_wconf 60' lang='grc' dir='ltr'>ἐσμέν</span> <span class='ocrx_word' id='word_1_626' title='bbox 3578 4317 3732 4393; x_wconf 85' lang='grc' dir='ltr'>λέγει</span> <span class='ocrx_word' id='word_1_627' title='bbox 3790 4317 3858 4375; x_wconf 72' lang='grc' dir='ltr'>δὲ</span> 
     </span>
    </p>
   </div>
   <div class='ocr_carea' id='block_1_91' title="bbox 2187 4404 3850 4485">
    <p class='ocr_par' dir='ltr' id='par_1_91' title="bbox 2187 4404 3850 4485">
     <span class='ocr_line' id='line_1_91' title="bbox 2187 4404 3850 4485; baseline -0.001 -23"><span class='ocrx_word' id='word_1_628' title='bbox 2187 4407 2276 4462; x_wconf 82' lang='grc' dir='ltr'>καὶ</span> <span class='ocrx_word' id='word_1_629' title='bbox 2306 4407 2406 4474; x_wconf 79' lang='grc' dir='ltr'>τήν</span> <span class='ocrx_word' id='word_1_630' title='bbox 2456 4404 2655 4472; x_wconf 82' lang='grc' dir='ltr'>αἰτίαν,</span> <span class='ocrx_word' id='word_1_631' title='bbox 2707 4406 2824 4458; x_wconf 91' lang='grc' dir='ltr'>καθ’</span> <span class='ocrx_word' id='word_1_632' title='bbox 2945 4404 3183 4479; x_wconf 78' lang='grc' dir='ltr'>ὁμόγνια</span> <span class='ocrx_word' id='word_1_633' title='bbox 3207 4407 3272 4460; x_wconf 71' lang='grc' dir='ltr'><strong>τὰ</strong></span> <span class='ocrx_word' id='word_1_634' title='bbox 3303 4405 3494 4460; x_wconf 65' lang='grc' dir='ltr'>πάντα·</span> <span class='ocrx_word' id='word_1_635' title='bbox 3529 4407 3618 4461; x_wconf 87' lang='grc' dir='ltr'><strong>καί</strong></span> <span class='ocrx_word' id='word_1_636' title='bbox 3650 4429 3850 4485; x_wconf 73' lang='grc' dir='ltr'>φησιν,</span> 
     </span>
    </p>
   </div>
   <div class='ocr_carea' id='block_1_92' title="bbox 2190 4492 3852 4565">
    <p class='ocr_par' dir='ltr' id='par_1_92' title="bbox 2190 4492 3852 4565">
     <span class='ocr_line' id='line_1_92' title="bbox 2190 4492 3852 4565; baseline 0.002 -15"><span class='ocrx_word' id='word_1_637' title='bbox 2190 4495 2270 4550; x_wconf 77' lang='grc' dir='ltr'><strong>ὅτι</strong></span> <span class='ocrx_word' id='word_1_638' title='bbox 2321 4496 2455 4556; x_wconf 89' lang='grc' dir='ltr'>τέως</span> <span class='ocrx_word' id='word_1_639' title='bbox 2503 4493 2570 4549; x_wconf 86' lang='grc' dir='ltr'>τά</span> <span class='ocrx_word' id='word_1_640' title='bbox 2615 4494 2786 4564; x_wconf 83' lang='grc' dir='ltr'>νοητὰ</span> <span class='ocrx_word' id='word_1_641' title='bbox 2839 4499 2959 4556; x_wconf 86' lang='grc' dir='ltr'>ταῖς</span> <span class='ocrx_word' id='word_1_642' title='bbox 3009 4492 3247 4565; x_wconf 82' lang='grc' dir='ltr'>ἐνότησι,</span> <span class='ocrx_word' id='word_1_643' title='bbox 3298 4496 3543 4551; x_wconf 82' lang='grc' dir='ltr'>τουτέστι</span> <span class='ocrx_word' id='word_1_644' title='bbox 3588 4497 3726 4552; x_wconf 76' lang='grc' dir='ltr'>κατὰ</span> <span class='ocrx_word' id='word_1_645' title='bbox 3785 4500 3852 4553; x_wconf 83' lang='grc' dir='ltr'>τὸ</span> 
     </span>
    </p>
   </div>
   <div class='ocr_carea' id='block_1_93' title="bbox 415 4582 2088 4659">
    <p class='ocr_par' dir='ltr' id='par_1_93' title="bbox 415 4586 2069 4659">
     <span class='ocr_line' id='line_1_93' title="bbox 415 4586 2069 4659; baseline 0.001 -17"><span class='ocrx_word' id='word_1_646' title='bbox 415 4591 595 4642; x_wconf 89' lang='lat' dir='ltr'><strong>tatem</strong></span> <span class='ocrx_word' id='word_1_647' title='bbox 628 4591 686 4642; x_wconf 84' lang='lat' dir='ltr'><strong>et</strong></span> <span class='ocrx_word' id='word_1_648' title='bbox 729 4587 1121 4643; x_wconf 88' lang='lat' dir='ltr'><strong>essentiarum</strong></span> <span class='ocrx_word' id='word_1_649' title='bbox 1171 4586 1612 4658; x_wconf 87' lang='lat' dir='ltr'><strong>compositionis</strong></span> <span class='ocrx_word' id='word_1_650' title='bbox 1660 4587 2069 4659; x_wconf 90' lang='lat' dir='ltr'><strong>privationem,</strong></span> 
     </span>
    </p>
   </div>
   <div class='ocr_carea' id='block_1_94' title="bbox 2207 4582 3850 4659">
    <p class='ocr_par' dir='ltr' id='par_1_94' title="bbox 2207 4582 3850 4657">
     <span class='ocr_line' id='line_1_94' title="bbox 2207 4582 3850 4657; baseline 0.002 -19"><span class='ocrx_word' id='word_1_651' title='bbox 2207 4583 2390 4640; x_wconf 79' lang='grc' dir='ltr'>ιπλοῦν</span> <span class='ocrx_word' id='word_1_652' title='bbox 2447 4584 2537 4638; x_wconf 83' lang='grc' dir='ltr'>καὶ</span> <span class='ocrx_word' id='word_1_653' title='bbox 2596 4582 2883 4647; x_wconf 81' lang='grc' dir='ltr'>ἀσύνθετον</span> <span class='ocrx_word' id='word_1_654' title='bbox 2938 4587 3046 4637; x_wconf 82' lang='grc' dir='ltr'>τῶν</span> <span class='ocrx_word' id='word_1_655' title='bbox 3105 4584 3302 4638; x_wconf 82' lang='grc' dir='ltr'>οὐσιῶν</span> <span class='ocrx_word' id='word_1_656' title='bbox 3336 4631 3349 4657; x_wconf 88' lang='grc'><strong>,</strong></span> <span class='ocrx_word' id='word_1_657' title='bbox 3405 4585 3495 4640; x_wconf 84' lang='grc' dir='ltr'>καὶ</span> <span class='ocrx_word' id='word_1_658' title='bbox 3543 4586 3680 4640; x_wconf 82' lang='grc' dir='ltr'><strong>κατᾶ</strong></span> <span class='ocrx_word' id='word_1_659' title='bbox 3736 4590 3850 4657; x_wconf 73' lang='grc' dir='ltr'><strong>τὴν</strong></span> 
     </span>
    </p>
   </div>
   <div class='ocr_carea' id='block_1_95' title="bbox 415 4674 2071 4748">
    <p class='ocr_par' dir='ltr' id='par_1_95' title="bbox 415 4674 2071 4748">
     <span class='ocr_line' id='line_1_95' title="bbox 415 4674 2071 4748; baseline 0.001 -15"><span class='ocrx_word' id='word_1_660' title='bbox 415 4679 588 4747; x_wconf 88' lang='lat' dir='ltr'><strong>atque</strong></span> <span class='ocrx_word' id='word_1_661' title='bbox 641 4692 744 4748; x_wconf 91' lang='lat' dir='ltr'><strong>per</strong></span> <span class='ocrx_word' id='word_1_662' title='bbox 790 4674 1320 4745; x_wconf 87' lang='lat' dir='ltr'><strong>immortalitatem,</strong></span> <span class='ocrx_word' id='word_1_663' title='bbox 1371 4693 1552 4747; x_wconf 85' lang='lat' dir='ltr'><strong>quam</strong></span> <span class='ocrx_word' id='word_1_664' title='bbox 1615 4675 1920 4744; x_wconf 86' lang='grc' dir='ltr'>ταυτότητα</span> <span class='ocrx_word' id='word_1_665' title='bbox 1968 4695 2071 4734; x_wconf 89' lang='lat' dir='ltr'><strong>seu</strong></span> 
     </span>
    </p>
   </div>
   <div class='ocr_carea' id='block_1_96' title="bbox 415 4764 2070 4840">
    <p class='ocr_par' dir='ltr' id='par_1_96' title="bbox 415 4764 2070 4840">
     <span class='ocr_line' id='line_1_96' title="bbox 415 4764 2070 4840; baseline 0.001 -19"><span class='ocrx_word' id='word_1_666' title='bbox 415 4765 787 4822; x_wconf 84' lang='lat' dir='ltr'><strong>identitatem</strong></span> <span class='ocrx_word' id='word_1_667' title='bbox 808 4764 1128 4836; x_wconf 87' lang='lat' dir='ltr'><strong>dicuntqui</strong></span> <span class='ocrx_word' id='word_1_668' title='bbox 1153 4766 1222 4820; x_wconf 93' lang='lat' dir='ltr'><strong>de</strong></span> <span class='ocrx_word' id='word_1_669' title='bbox 1245 4765 1337 4820; x_wconf 90' lang='lat' dir='ltr'><strong>his</strong></span> <span class='ocrx_word' id='word_1_670' title='bbox 1362 4765 1957 4838; x_wconf 86' lang='lat' dir='ltr'><strong>disserunt,ejusdem</strong></span> <span class='ocrx_word' id='word_1_671' title='bbox 1975 4783 2070 4840; x_wconf 87' lang='lat' dir='ltr'><strong>ge-</strong></span> 
     </span>
    </p>
   </div>
   <div class='ocr_carea' id='block_1_97' title="bbox 412 4854 2066 4926">
    <p class='ocr_par' dir='ltr' id='par_1_97' title="bbox 412 4854 2066 4926">
     <span class='ocr_line' id='line_1_97' title="bbox 412 4854 2066 4926; baseline 0.001 -15"><span class='ocrx_word' id='word_1_672' title='bbox 412 4857 571 4912; x_wconf 88' lang='lat' dir='ltr'><strong>neris</strong></span> <span class='ocrx_word' id='word_1_673' title='bbox 597 4872 664 4912; x_wconf 87' lang='lat' dir='ltr'><strong>ac</strong></span> <span class='ocrx_word' id='word_1_674' title='bbox 693 4854 918 4911; x_wconf 90' lang='lat' dir='ltr'><strong>ordinis</strong></span> <span class='ocrx_word' id='word_1_675' title='bbox 950 4854 1144 4910; x_wconf 78' lang='lat' dir='ltr'><strong>faciat.</strong></span> <span class='ocrx_word' id='word_1_676' title='bbox 1178 4855 1337 4909; x_wconf 89' lang='lat' dir='ltr'><strong>Sicut</strong></span> <span class='ocrx_word' id='word_1_677' title='bbox 1367 4854 1552 4926; x_wconf 86' lang='lat' dir='ltr'><strong>igitur</strong></span> <span class='ocrx_word' id='word_1_678' title='bbox 1582 4856 1826 4912; x_wconf 88' lang='lat' dir='ltr'><strong>sensilia</strong></span> <span class='ocrx_word' id='word_1_679' title='bbox 1875 4875 1944 4912; x_wconf 87' lang='lat' dir='ltr'><strong>ex</strong></span> <span class='ocrx_word' id='word_1_680' title='bbox 1974 4858 2066 4912; x_wconf 88' lang='lat' dir='ltr'><strong>di-</strong></span> 
     </span>
    </p>
   </div>
   <div class='ocr_carea' id='block_1_98' title="bbox 411 4942 2065 5019">
    <p class='ocr_par' dir='ltr' id='par_1_98' title="bbox 411 4942 2065 5019">
     <span class='ocr_line' id='line_1_98' title="bbox 411 4942 2065 5019; baseline 0.002 -21"><span class='ocrx_word' id='word_1_681' title='bbox 411 4945 598 5001; x_wconf 86' lang='lat' dir='ltr'><strong>versis</strong></span> <span class='ocrx_word' id='word_1_682' title='bbox 628 4943 938 5001; x_wconf 86' lang='lat' dir='ltr'><strong>elementis</strong></span> <span class='ocrx_word' id='word_1_683' title='bbox 971 4942 1341 4999; x_wconf 89' lang='lat' dir='ltr'><strong>unitionibus</strong></span> <span class='ocrx_word' id='word_1_684' title='bbox 1373 4961 1474 4998; x_wconf 89' lang='lat' dir='ltr'><strong>seu</strong></span> <span class='ocrx_word' id='word_1_685' title='bbox 1527 4945 2065 5019; x_wconf 86' lang='lat' dir='ltr'><strong>commistionibus,</strong></span> 
     </span>
    </p>
   </div>
   <div class='ocr_carea' id='block_1_99' title="bbox 410 5031 2065 5106">
    <p class='ocr_par' dir='ltr' id='par_1_99' title="bbox 410 5031 2065 5106">
     <span class='ocr_line' id='line_1_99' title="bbox 410 5031 2065 5106; baseline 0.002 -18"><span class='ocrx_word' id='word_1_686' title='bbox 410 5050 475 5088; x_wconf 88' lang='lat' dir='ltr'><strong>ac</strong></span> <span class='ocrx_word' id='word_1_687' title='bbox 505 5034 716 5089; x_wconf 90' lang='lat' dir='ltr'><strong>talium</strong></span> <span class='ocrx_word' id='word_1_688' title='bbox 745 5032 1092 5090; x_wconf 89' lang='lat' dir='ltr'><strong>mistionum</strong></span> <span class='ocrx_word' id='word_1_689' title='bbox 1125 5031 1573 5089; x_wconf 88' lang='lat' dir='ltr'><strong>collectionibus</strong></span> <span class='ocrx_word' id='word_1_690' title='bbox 1613 5034 2065 5106; x_wconf 88' lang='lat' dir='ltr'><strong>dependentiam</strong></span> 
     </span>
    </p>
   </div>
   <div class='ocr_carea' id='block_1_100' title="bbox 406 5123 2065 5193">
    <p class='ocr_par' dir='ltr' id='par_1_100' title="bbox 406 5123 2065 5193">
     <span class='ocr_line' id='line_1_100' title="bbox 406 5123 2065 5193; baseline 0.004 -17"><span class='ocrx_word' id='word_1_691' title='bbox 406 5123 583 5178; x_wconf 87' lang='lat' dir='ltr'><strong>unius</strong></span> <span class='ocrx_word' id='word_1_692' title='bbox 615 5124 690 5178; x_wconf 89' lang='lat' dir='ltr'><strong>ab</strong></span> <span class='ocrx_word' id='word_1_693' title='bbox 720 5123 903 5179; x_wconf 87' lang='lat' dir='ltr'><strong>altero</strong></span> <span class='ocrx_word' id='word_1_694' title='bbox 950 5123 1010 5178; x_wconf 92' lang='lat' dir='ltr'><strong>in</strong></span> <span class='ocrx_word' id='word_1_695' title='bbox 1059 5123 1504 5193; x_wconf 82' lang='lat' dir='ltr'><strong>generationem</strong></span> <span class='ocrx_word' id='word_1_696' title='bbox 1553 5124 1855 5181; x_wconf 88' lang='lat' dir='ltr'><strong>adducens</strong></span> <span class='ocrx_word' id='word_1_697' title='bbox 1885 5125 2065 5182; x_wconf 90' lang='lat' dir='ltr'><strong>veluti</strong></span> 
     </span>
    </p>
   </div>
   <div class='ocr_carea' id='block_1_101' title="bbox 406 5211 1396 5284">
    <p class='ocr_par' dir='ltr' id='par_1_101' title="bbox 406 5211 1396 5284">
     <span class='ocr_line' id='line_1_101' title="bbox 406 5211 1396 5284; baseline -0.001 -18"><span class='ocrx_word' id='word_1_698' title='bbox 406 5211 787 5283; x_wconf 85' lang='lat' dir='ltr'><strong>cognationes</strong></span> <span class='ocrx_word' id='word_1_699' title='bbox 821 5212 1110 5284; x_wconf 87' lang='lat' dir='ltr'><strong>quasdam</strong></span> <span class='ocrx_word' id='word_1_700' title='bbox 1148 5211 1396 5283; x_wconf 79' lang='lat' dir='ltr'><strong>perficit.</strong></span> 
     </span>
    </p>
   </div>
   <div class='ocr_carea' id='block_1_102' title="bbox 474 5420 1002 5491">
    <p class='ocr_par' dir='ltr' id='par_1_102' title="bbox 474 5420 1002 5491">
     <span class='ocr_line' id='line_1_102' title="bbox 474 5420 1002 5491; baseline -0.008 -16"><span class='ocrx_word' id='word_1_701' title='bbox 474 5421 550 5491; x_wconf 57' lang='grc' dir='ltr'>(τι)</span> <span class='ocrx_word' id='word_1_702' title='bbox 583 5421 712 5475; x_wconf 85' lang='lat' dir='ltr'><strong>Act.</strong></span> <span class='ocrx_word' id='word_1_703' title='bbox 745 5435 883 5487; x_wconf 84' lang='lat' dir='ltr'><strong>xvn,</strong></span> <span class='ocrx_word' id='word_1_704' title='bbox 914 5420 1002 5472; x_wconf 82' lang='lat'><strong>28.</strong></span> 
     </span>
    </p>
   </div>
   <div class='ocr_carea' id='block_1_103' title="bbox 2182 4672 3850 4751">
    <p class='ocr_par' dir='ltr' id='par_1_103' title="bbox 2182 4672 3850 4751">
     <span class='ocr_line' id='line_1_103' title="bbox 2182 4672 3850 4751; baseline -0.001 -22"><span class='ocrx_word' id='word_1_705' title='bbox 2182 4675 2496 4742; x_wconf 82' lang='grc' dir='ltr'>ἀθανασίαν,</span> <span class='ocrx_word' id='word_1_706' title='bbox 2556 4674 2616 4742; x_wconf 79' lang='grc' dir='ltr'>ἢν</span> <span class='ocrx_word' id='word_1_707' title='bbox 2675 4673 2984 4744; x_wconf 87' lang='grc' dir='ltr'>ταυτότητα</span> <span class='ocrx_word' id='word_1_708' title='bbox 3042 4672 3290 4748; x_wconf 89' lang='grc' dir='ltr'>λέγουσιν</span> <span class='ocrx_word' id='word_1_709' title='bbox 3349 4675 3401 4728; x_wconf 77' lang='grc' dir='ltr'>οἱ</span> <span class='ocrx_word' id='word_1_710' title='bbox 3457 4674 3584 4751; x_wconf 83' lang='grc' dir='ltr'>περὶ</span> <span class='ocrx_word' id='word_1_711' title='bbox 3632 4674 3850 4730; x_wconf 80' lang='grc' dir='ltr'>τούτων</span> 
     </span>
    </p>
   </div>
   <div class='ocr_carea' id='block_1_104' title="bbox 2179 4762 3842 4839">
    <p class='ocr_par' dir='ltr' id='par_1_104' title="bbox 2179 4762 3842 4839">
     <span class='ocr_line' id='line_1_104' title="bbox 2179 4762 3842 4839; baseline 0.001 -20"><span class='ocrx_word' id='word_1_712' title='bbox 2179 4762 2576 4839; x_wconf 81' lang='grc' dir='ltr'>διαλεχθέντες,</span> <span class='ocrx_word' id='word_1_713' title='bbox 2641 4769 2877 4838; x_wconf 85' lang='grc' dir='ltr'>συγγενῆ</span> <span class='ocrx_word' id='word_1_714' title='bbox 2913 4768 3060 4817; x_wconf 87' lang='grc' dir='ltr'>ποιεῖ</span> <span class='ocrx_word' id='word_1_715' title='bbox 3113 4764 3140 4817; x_wconf 82' lang='grc' dir='ltr'>ὁ</span> <span class='ocrx_word' id='word_1_716' title='bbox 3172 4763 3324 4830; x_wconf 87' lang='grc' dir='ltr'>Θεὸς,</span> <span class='ocrx_word' id='word_1_717' title='bbox 3375 4765 3465 4818; x_wconf 83' lang='grc' dir='ltr'>καὶ</span> <span class='ocrx_word' id='word_1_718' title='bbox 3499 4763 3842 4839; x_wconf 74' lang='grc' dir='ltr'>ὁμόστοιχα.</span> 
     </span>
    </p>
   </div>
   <div class='ocr_carea' id='block_1_105' title="bbox 2177 4851 3842 4931">
    <p class='ocr_par' dir='ltr' id='par_1_105' title="bbox 2177 4851 3842 4931">
     <span class='ocr_line' id='line_1_105' title="bbox 2177 4851 3842 4931; baseline 0.001 -23"><span class='ocrx_word' id='word_1_719' title='bbox 2177 4857 2379 4927; x_wconf 83' lang='grc' dir='ltr'>Ὥσπερ</span> <span class='ocrx_word' id='word_1_720' title='bbox 2439 4851 2530 4908; x_wconf 73' lang='grc' dir='ltr'><strong>οὖν</strong></span> <span class='ocrx_word' id='word_1_721' title='bbox 2575 4855 2663 4907; x_wconf 86' lang='grc' dir='ltr'>καὶ</span> <span class='ocrx_word' id='word_1_722' title='bbox 2709 4853 2778 4907; x_wconf 83' lang='grc' dir='ltr'><strong>τὰ</strong></span> <span class='ocrx_word' id='word_1_723' title='bbox 2825 4851 3058 4923; x_wconf 77' lang='grc' dir='ltr'>αἰσθητᾶ</span> <span class='ocrx_word' id='word_1_724' title='bbox 3105 4857 3224 4915; x_wconf 86' lang='grc' dir='ltr'>ταῖς</span> <span class='ocrx_word' id='word_1_725' title='bbox 3276 4852 3333 4906; x_wconf 79' lang='grc' dir='ltr'><strong>ἐκ</strong></span> <span class='ocrx_word' id='word_1_726' title='bbox 3385 4857 3491 4907; x_wconf 84' lang='grc' dir='ltr'>τῶν</span> <span class='ocrx_word' id='word_1_727' title='bbox 3557 4852 3842 4931; x_wconf 69' lang='grc' dir='ltr'>διαφόρων</span> 
     </span>
    </p>
   </div>
   <div class='ocr_carea' id='block_1_106' title="bbox 2178 4938 3846 5020">
    <p class='ocr_par' dir='ltr' id='par_1_106' title="bbox 2178 4938 3846 5020">
     <span class='ocr_line' id='line_1_106' title="bbox 2178 4938 3846 5020; baseline -0.001 -21"><span class='ocrx_word' id='word_1_728' title='bbox 2178 4945 2463 5020; x_wconf 85' lang='grc' dir='ltr'>στοιχείων</span> <span class='ocrx_word' id='word_1_729' title='bbox 2516 4943 2791 5014; x_wconf 82' lang='grc' dir='ltr'>ἐνώσεσιν,</span> <span class='ocrx_word' id='word_1_730' title='bbox 2841 4938 2966 5012; x_wconf 75' lang='grc' dir='ltr'>ἤτοι</span> <span class='ocrx_word' id='word_1_731' title='bbox 3012 4942 3362 5017; x_wconf 80' lang='grc' dir='ltr'>συγκρίμασι,</span> <span class='ocrx_word' id='word_1_732' title='bbox 3408 4943 3497 4996; x_wconf 87' lang='grc' dir='ltr'>καὶ</span> <span class='ocrx_word' id='word_1_733' title='bbox 3522 4950 3643 5005; x_wconf 86' lang='grc' dir='ltr'>ταῖς</span> <span class='ocrx_word' id='word_1_734' title='bbox 3678 4966 3846 4998; x_wconf 80' lang='grc' dir='ltr'>συνα-</span> 
     </span>
    </p>
   </div>
   <div class='ocr_carea' id='block_1_107' title="bbox 2176 5030 3840 5112">
    <p class='ocr_par' dir='ltr' id='par_1_107' title="bbox 2176 5030 3840 5112">
     <span class='ocr_line' id='line_1_107' title="bbox 2176 5030 3840 5112; baseline -0.001 -23"><span class='ocrx_word' id='word_1_735' title='bbox 2176 5039 2381 5112; x_wconf 86' lang='grc' dir='ltr'>γωγαῖς</span> <span class='ocrx_word' id='word_1_736' title='bbox 2412 5037 2519 5088; x_wconf 80' lang='grc' dir='ltr'><strong>τῶν</strong></span> <span class='ocrx_word' id='word_1_737' title='bbox 2559 5031 2821 5088; x_wconf 87' lang='grc' dir='ltr'>τοιούτων</span> <span class='ocrx_word' id='word_1_738' title='bbox 2870 5030 3162 5106; x_wconf 66' lang='grc' dir='ltr'>μιγμάτων</span> <span class='ocrx_word' id='word_1_739' title='bbox 3194 5031 3271 5093; x_wconf 83' lang='grc' dir='ltr'><strong>εἰς</strong></span> <span class='ocrx_word' id='word_1_740' title='bbox 3301 5033 3506 5106; x_wconf 87' lang='grc' dir='ltr'>γένεσιν</span> <span class='ocrx_word' id='word_1_741' title='bbox 3540 5032 3686 5108; x_wconf 81' lang='grc' dir='ltr'>ἄγων</span> <span class='ocrx_word' id='word_1_742' title='bbox 3737 5036 3840 5097; x_wconf 70' lang='grc' dir='ltr'><strong>τὰς</strong></span> 
     </span>
    </p>
   </div>
   <div class='ocr_carea' id='block_1_108' title="bbox 2177 5120 3559 5197">
    <p class='ocr_par' dir='ltr' id='par_1_108' title="bbox 2177 5120 3559 5197">
     <span class='ocr_line' id='line_1_108' title="bbox 2177 5120 3559 5197; baseline 0 -19"><span class='ocrx_word' id='word_1_743' title='bbox 2177 5121 2584 5196; x_wconf 78' lang='grc' dir='ltr'>ἀλληλουχίας,</span> <span class='ocrx_word' id='word_1_744' title='bbox 2621 5120 2733 5176; x_wconf 77' lang='grc' dir='ltr'>οἶόν</span> <span class='ocrx_word' id='word_1_745' title='bbox 2765 5142 2912 5184; x_wconf 90' lang='grc' dir='ltr'>τινας</span> <span class='ocrx_word' id='word_1_746' title='bbox 2943 5122 3251 5197; x_wconf 84' lang='grc' dir='ltr'>συγγενείας</span> <span class='ocrx_word' id='word_1_747' title='bbox 3281 5120 3559 5178; x_wconf 81' lang='grc' dir='ltr'>ἀποτελεῖ.</span> 
     </span>
    </p>
   </div>
   <div class='ocr_carea' id='block_1_109' title="bbox 1408 5567 2802 5628">
    <p class='ocr_par' dir='ltr' id='par_1_109' title="bbox 1408 5567 2802 5628">
     <span class='ocr_line' id='line_1_109' title="bbox 1408 5567 2802 5628; baseline 0 -5"><span class='ocrx_word' id='word_1_748' title='bbox 1408 5569 1644 5625; x_wconf 63' lang='lat' dir='ltr'><strong>VARI/ii</strong></span> <span class='ocrx_word' id='word_1_749' title='bbox 1687 5571 2077 5628; x_wconf 76' lang='lat' dir='ltr'><strong>LEC’l‘IONES</strong></span> <span class='ocrx_word' id='word_1_750' title='bbox 2117 5571 2204 5628; x_wconf 83' lang='lat' dir='ltr'><strong>ET</strong></span> <span class='ocrx_word' id='word_1_751' title='bbox 2241 5567 2802 5628; x_wconf 81' lang='lat' dir='ltr'><strong>CORRECTIONES.</strong></span> 
     </span>
    </p>
   </div>
   <div class='ocr_carea' id='block_1_110' title="bbox 469 5687 905 5766">
    <p class='ocr_par' dir='ltr' id='par_1_110' title="bbox 469 5687 905 5766">
     <span class='ocr_line' id='line_1_110' title="bbox 469 5687 905 5766; baseline 0 -22"><span class='ocrx_word' id='word_1_752' title='bbox 469 5692 488 5724; x_wconf 77' lang='grc'>⁸</span> <span class='ocrx_word' id='word_1_753' title='bbox 519 5708 608 5766; x_wconf 91' lang='grc' dir='ltr'><strong>γρ.</strong></span> <span class='ocrx_word' id='word_1_754' title='bbox 645 5687 769 5763; x_wconf 79' lang='grc' dir='ltr'>ένάρ</span> <span class='ocrx_word' id='word_1_755' title='bbox 781 5706 905 5762; x_wconf 88' lang='grc' dir='ltr'>χου.</span> 
     </span>
    </p>
   </div>
  </div>
