4062 6366
221 403 305 458 397
956 408 1014 459 Β.
1057 409 1326 460 MAXIM!
1365 404 1669 459 SCHOLIA
1707 405 1781 457 IN
1820 405 1953 458 LIB.
1994 407 2090 459 DE
2128 405 2404 460 DlVINIS
2443 405 2859 463 NOMINIBUS.

3511 409 3617 464 398

279 525 432 594 §lll.
489 528 616 585 Πῶς
677 521 755 592 δὲ,
817 523 948 602 φαίη
1008 546 1114 588 τις.
1174 525 1467 589 ’Λντίθεσις
1526 525 1661 600 πρὸς
1719 523 1846 585 τοὺς

2035 527 2064 600 §
2098 528 2193 583 Ill.
2229 528 2330 584 Seat
2360 529 2623 600 quomodo
2656 529 2799 585 (licet
2848 530 3083 602 aliquis.
3136 531 3436 604 Oppositio
3485 550 3620 604 pro-

221 613 456 688 λέγοντας
514 615 590 686 μή
626 611 864 691 ἐφίεσθαι
920 611 1094 670 πάντα
1151 614 1412 692 εἰρήνης·
1459 613 1548 668 καὶ
1605 612 1656 668 τί
1708 611 1845 666 ἐστιν

222 703 419 777 ἑτερότη
432 724 477 765 ς.

275 795 381 846 Τῶν
450 788 626 849 ὄντων
701 790 970 863 ἰδιότητα.
1025 791 1340 866 Σημείωσαι
1395 793 1447 848 τί
1510 813 1670 869 φησιν
1718 787 1853 844 ἰδιό-

217 902 334 954 τητα
359 900 372 912 ·
414 882 498 935 ὅτι
529 883 594 936 τὸ
626 882 761 936 εἶναι
790 878 1038 950 ἕκαστον,
1067 882 1141 943 ὡς
1173 875 1287 956 ἔχει
1321 881 1553 962 φύσεως,
1582 880 1672 934 καὶ
1720 880 1856 934 κατᾶ

217 972 268 1024 τὸ
293 969 420 1025 αύτό
474 970 551 1032 ὡς
601 971 805 1049 γέγονε.
840 973 1023 1027 Ταῦτα
1069 970 1207 1025 κατὰ
1236 968 1574 1046 Ἀκεφάλων,
1603 973 1712 1024 τῶν
1764 966 1856 1023 καὶ

218 1062 649 1138 ἁγνοούντων,τί
701 1061 844 1121 ἐστιν
905 1059 1137 1134 ἰδιότης.
1171 1061 1294 1118 Ἐπὶ
1349 1060 1494 1117 πολὺ
1555 1058 1611 1115 δὲ
1650 1063 1857 1132 κατεξε-

215 1154 341 1222 τάζει
389 1153 490 1221 τήν
543 1151 669 1228 περὶ
715 1157 812 1224 τῆς
845 1148 1122 1223 ἰδιότητος
1151 1149 1509 1228 κυριολεξίαν,
1547 1148 1854 1229 σαφηνίζων

219 1242 366 1312 αὐτήν
379 1284 390 1297 .

278 1330 448 1387 Ἀλλά
495 1330 587 1385 καὶ
648 1329 852 1401 ταύτην
911 1328 1132 1404 εἰρήνης
1213 1327 1414 1406 ἔφεσιν.
1475 1329 1747 1391 Ἐντεῦθεν
1819 1328 1854 1395 ἡ

221 1419 377 1484 λύσις.
411 1423 532 1474 Τῶν
595 1419 796 1475 ἑαυτῶν
858 1415 914 1474 δέ
971 1439 1131 1497 φησιν
1189 1417 1307 1472 ἀντὶ
1354 1420 1449 1471 τοῦ
1478 1420 1584 1471 τῶν
1619 1413 1855 1488 ἰδιωμά-

217 1531 330 1566 των.

283 1595 619 1668 ’Λκινησῖαν.
674 1597 991 1666 ’Δκινησίαν
1050 1595 1180 1676 φησί
1240 1596 1302 1650 τὸ
1366 1595 1441 1668 μή
1511 1592 1856 1668 μεταπίπτειν

218 1693 303 1756 τῆς
333 1685 542 1748 οἰκείας
576 1684 788 1764 φύσεως
818 1685 906 1740 καὶ
933 1687 1218 1755 κινήσεως.

278 1777 418 1846 §IV.
455 1776 559 1832 Καὶ
602 1775 646 1830 εἰ
691 1773 758 1829 τὰ
799 1774 1096 1848 κινούμενα
1151 1775 1344 1830 πάντα.
1387 1771 1582 1834 Καλῶς
1636 1772 1750 1826 εἶπε
1794 1769 1860 1824 τὰ

218 1866 376 1918 πάντα
426 1870 694 1928 κινεῖσθαι
744 1864 806 1917 ού
864 1864 989 1937 μίαν
1033 1860 1422 1935 κίνησιν,ἀλλ’
1452 1859 1586 1915 ἰδίαν
1620 1859 1740 1915 τινὰ
1767 1859 1857 1913 καὶ

214 1952 564 2024 κατάλληλον
608 1953 822 2023 κίνησιν
859 1973 871 1986 ·
923 1952 989 2007 τὰ
1042 1953 1137 2025 μὲν
1184 1953 1286 2028 γὰρ
1343 1951 1513 2020 νοητὰ
1564 1949 1654 2004 καὶ
1703 1948 1863 2024 νοερά

441 2062 452 2074 .
526 2040 630 2074 πλε
701 2042 714 2061 ν
873 2043 885 2058 ε
967 2042 992 2072 .·
1114 2041 1128 2060 ν
1252 2039 1269 2072 ι
1391 2062 1402 2076 .
1494 2038 1507 2058 ε
1630 2039 1642 2055 ε
1818 2036 1828 2054 ι

223 2042 400 2098 αλλως
484 2063 551 2096 τα
577 2062 634 2097 οε.
665 2044 894 2113 αισθητα
933 2063 1032 2111 την
1088 2062 1162 2104 εις
1212 2061 1441 2116 γενεσι),
1474 2043 1508 2109 ὴ
1556 2060 1645 2093 και
1703 2058 1861 2092 ποιαν

220 2154 331 2188 τινα
359 2132 580 2202 κίνησιν
617 2136 867 2203 κινεῖται,
901 2131 1023 2206 περὶ
1059 2131 1132 2184 ὧν
1165 2127 1216 2184 ἐν
1242 2134 1321 2201 τῷ
1359 2129 1556 2200 ἐννάτῳ
1586 2125 1864 2203 κεφαλαίῳ

225 2220 578 2295 διεξήλθομεν
606 2219 967 2297 τελειότερον.

283 2312 381 2365 Καὶ
443 2311 545 2380 τὴν
595 2313 810 2364 πάντων
864 2312 970 2364 τῶν
1025 2307 1364 2381 κινουμένων
1423 2303 1693 2376 ἰδιότητα.
1746 2307 1866 2358 ’Ὀτι

221 2398 427 2470 ἰδιότης
460 2397 572 2454 ἐστὶ
603 2400 695 2453 καὶ
726 2401 761 2468 ἡ
793 2397 1050 2472 κινητική
1087 2398 1199 2466 ζωὴ
1231 2400 1327 2451 τοῦ
1364 2395 1483 2450 καθ’
1511 2392 1756 2450 ἕκαστον.

287 2579 406 2652 §V.
443 2577 505 2634 Εἰ
558 2573 615 2631 δὲ
646 2576 745 2646 τὴν
772 2575 888 2632 κατ’
923 2573 1212 2630 ἔκπτωσιν,
1249 2573 1387 2648 Πρὸς
1430 2571 1559 2633 τοὺς
1610 2568 1866 2644 λέγοντας

223 2667 511 2742 ἑτερότητα
543 2666 674 2720 εἶναι
718 2665 820 2734 τὴν
869 2664 984 2719 κατ’
1016 2661 1281 2718 ἔκπτωσιν
1309 2665 1330 2697 ⁹
1356 2667 1457 2730 τῆς
1506 2659 1748 2734 εἰρήνης,
1778 2658 1866 2712 καὶ

217 2757 448 2812 ἐντεῦθεθ
485 2754 961 2832 ἰσχυριζομένους,
995 2752 1071 2827 μή
1103 2757 1260 2807 πᾶσιν
1312 2749 1541 2825 ἐραστὴν
1588 2749 1720 2804 εἶναι
1766 2749 1864 2816 τὴν

221 2846 458 2920 εἰρήνην.
496 2841 814 2916 Σημείωσαι
871 2842 967 2903 τάς
1027 2837 1122 2894 δύο
1173 2839 1492 2914 ἑτερότητας
1527 2855 1539 2869 ·
1579 2835 1706 2910 μίαν
1771 2834 1866 2909 μὲν

218 2937 309 3004 τὴν
338 2934 460 2988 κατ’
489 2931 756 2986 ἔκπτωσιν
793 2929 1014 3005 εἰρήνης
1050 2947 1062 2960 °
1095 2927 1184 2983 καὶ
1218 2928 1398 3004 ὲτὲραν
1429 2927 1529 2997 τήν
1557 2929 1663 2980 τῶν
1697 2921 1867 2980 ὅντων

220 3024 441 3079 ἑκάστου
476 3020 748 3092 ἰδιότητα.

284 3113 363 3171 Τὸ
396 3113 502 3188 γὰρ
535 3111 712 3180 πάντη
746 3106 995 3164 ἄστατον.
1029 3107 1352 3182 Θαυμασίως
1401 3107 1580 3170 ἀθετεῖ
1620 3105 1715 3166 τὰς
1761 3107 1865 3158 τῶν

218 3202 504 3272 Ἑλλήνων
539 3198 628 3254 καὶ
675 3203 781 3254 τῶν
825 3196 1090 3253 τοιούτων
1152 3197 1436 3272 αἱρετικῶν
1467 3195 1714 3270 γνώμας,
1748 3195 1869 3246 οἷον

1963 619 2088 687 pter
2123 633 2222 672 eos
2247 619 2348 690 qui
2382 624 2599 692 negant
2629 618 2829 676 omnia
2860 637 3061 691 pacem
3096 638 3328 693 cupere,
3379 627 3436 678 et
3478 623 3619 696 quid

1961 706 2039 761 sit
2070 705 2324 780 ἑτερότης
2357 725 2458 764 seu
2501 709 2836 765 diversitas.

2034 800 2236 853 Rerum
2264 800 2680 872 proprietatem.
2716 799 2865 854 Nota
2891 800 3028 870 quid
3079 801 3234 856 dicat
3282 802 3609 874 proprieta-

1965 887 2080 938 tem
2109 901 2120 953 ;
2157 901 2385 957 nempe,
2418 888 2876 958 unumquodque
2907 903 3057 956 esse,
3085 888 3237 944 sicut
3259 891 3438 946 habet
3460 909 3492 946 a
3519 908 3616 947 na-

1966 977 2120 1040 tura,
2157 977 2211 1028 et
2234 973 2388 1029 idem
2423 977 2576 1047 quod
2609 976 2736 1032 fuit.
2772 977 2898 1032 Haec
2932 982 3134 1033 contra
3174 979 3514 1050 Acephalos,
3562 984 3619 1036 et

1968 1077 2067 1116 eos
2097 1061 2195 1132 qui
2224 1063 2495 1134 ignorant
2527 1065 2666 1136 quid
2691 1061 2933 1136 ἰδιότης;
2985 1065 3247 1139 pluribus
3291 1083 3425 1123 vero
3481 1085 3618 1124 exa-

1972 1149 2156 1208 minat
2182 1152 2319 1224 quid
2353 1153 2584 1226 proprie
2611 1149 2819 1224 ἰδιότης
2852 1155 3162 1228 signiﬁcet,
3186 1155 3497 1228 ipsamque
3521 1157 3618 1214 de-

1968 1238 2170 1294 elarat.

2037 1328 2146 1384 Sed
2174 1328 2513 1385 desiderium
2540 1332 2693 1402 pacis
2737 1332 2973 1404 idipsum
3024 1350 3254 1405 quoque.
3302 1334 3409 1389 Hic
3456 1335 3613 1391 solu-

1971 1415 2086 1486 tio;
2121 1417 2266 1472 dixit
2297 1422 2494 1475 autem
2525 1419 2732 1474 ἑαυτῶν
2762 1439 2795 1477 a
2826 1439 2906 1492 se,
2958 1440 3061 1494 pro
3113 1419 3428 1494 ἰδιωμάτῶν
3486 1439 3617 1494 pro-

1970 1504 2344 1576 prietatibus.

2041 1597 2687 1670 219tmmobilitatem,
2758 1601 2852 1656 Gr.
2930 1600 3237 1670 άκινηαίαν.
3301 1601 3618 1672 Ἀκινησίαν

1968 1683 2128 1751 dicit,
2156 1701 2270 1740 non
2306 1685 2500 1742 delabi
2533 1705 2566 1742 a
2597 1690 2834 1760 propria
2865 1695 3077 1745 natura
3107 1695 3162 1745 et
3189 1690 3461 1747 motione.

2039 1772 2188 1843 §IV.
2221 1773 2284 1828 Si
2310 1780 2507 1832 cuncta
2538 1791 2699 1846 porro
2752 1794 2870 1848 quae
2910 1783 3216 1834 moventur.
3267 1780 3437 1835 Recte
3479 1780 3626 1835 dixit

1969 1861 2167 1918 omnia
2198 1863 2433 1932 moveri,
2468 1880 2583 1919 non
2610 1881 2727 1919 una
2779 1866 3053 1937 motione,
3079 1867 3178 1922 sed
3221 1867 3454 1939 propria
3486 1885 3630 1940 qua-

1974 1951 2109 2006 dam
2142 1955 2198 2006 et
2227 1953 2594 2008 convenienti
2623 1953 2878 2010 motione
2903 1973 2916 2023 ;
2969 1973 3106 2010 nam
3151 1955 3543 2026 intelligibilia
3572 1961 3628 2012 et

1974 2040 2366 2113 intelligentia
2386 2041 2555 2097 aliter
2581 2060 2596 2114 ;
2621 2043 2926 2099 sensibilia
2943 2061 3096 2115 vero,
3120 2045 3177 2100 in
3196 2046 3626 2116 generationem

1975 2132 2077 2184 aut
2107 2129 2365 2201 aliquam
2398 2129 2649 2186 similem
2681 2133 2997 2188 motionem
3031 2137 3374 2203 moventur;
3411 2134 3480 2190 de
3503 2134 3627 2206 qui-

1977 2219 2086 2274 bus
2108 2218 2168 2272 in
2204 2236 2354 2274 nono
2386 2220 2574 2292 capite
2606 2222 2919 2292 perfectius
2951 2222 3358 2278 disseruimus.

2045 2308 2219 2378 Atque
2247 2324 2436 2364 eorum
2467 2307 2713 2365 omnium
2743 2326 2864 2380 qua:
2892 2321 3184 2366 moventur
3202 2311 3612 2382 proprietatem.

1974 2395 2395 2468 Proprietatem
2429 2415 2664 2469 quoque
2695 2407 2846 2469 esse,
2884 2400 3184 2455 motricem
3233 2399 3515 2472 cujusque
3545 2401 3625 2456 vi-

1975 2489 2120 2540 tam.

2048 2574 2164 2642 ἓν.
2199 2573 2471 2632 Caeterum
2511 2574 2561 2631 si
2609 2577 2730 2646 quis
2785 2577 3214 2648 protapsionem.
3265 2581 3482 2634 Contra
3531 2595 3630 2634 eos

1978 2664 2076 2735 qui
2110 2664 2317 2719 dicunt
2347 2665 2730 2721 mutationem
2763 2682 2892 2722 esse
2924 2685 2956 2723 a
2988 2684 3129 2739 pace
3176 2667 3632 2740 prolapsionem,

1979 2758 2035 2808 et
2067 2752 2203 2808 hinc
2234 2754 2605 2822 conﬁrmant,
2637 2771 2753 2810 non
2777 2771 2906 2811 esse
2925 2757 3198 2812 omnibus
3234 2773 3437 2828 pacem
3472 2773 3636 2827 expe-

1979 2843 2240 2898 tendam.
2272 2843 2420 2898 Nota
2441 2843 2588 2899 duas
2615 2845 3002 2900 mutationes:
3026 2861 3203 2901 unam
3224 2845 3482 2917 quidem,
3507 2863 3634 2918 pro-

1979 2931 2304 3004 lapsionem
2337 2949 2371 2988 a
2401 2948 2580 3003 pace,
2625 2937 2682 2988 et
2729 2933 2972 2990 alteram
3025 2935 3498 3008 uniuscujusque
3547 2935 3634 2990 rei

1980 3020 2416 3093 proprietatem.

2049 3109 2107 3165 td
2138 3112 2287 3165 enim
2317 3110 2458 3184 quod
2485 3111 2706 3182 penitus
2738 3112 3000 3168 instabile
3045 3121 3146 3169 est.
3196 3112 3634 3170 Admirabiliter

1979 3197 2938 3270 abrogatGraecorumetsimilium
2966 3201 3373 3258 haereticorum
3405 3207 3631 3258 senten-

218 3290 680 3351 Οὐαλεντινιανῶν
708 3289 801 3345 καὶ
833 3288 1180 3364 Μανιχαίων,
1211 3291 1317 3342 τῶν
1350 3287 1447 3355 τὴν
1481 3282 1616 3355 ὕλην
1678 3283 1862 3338 ὑποθε-

1990 3287 2119 3355 tias,
2152 3304 2361 3359 nempe
2382 3286 2927 3344 Valentinianorum
2949 3295 3006 3344 et
3031 3289 3502 3358 Manichaeorum,
3529 3290 3630 3362 qui

226 3383 394 3458 μενων
425 3380 628 3456 ἀρχὴν,
662 3378 728 3434 τὰ
755 3377 968 3434 ἐναντία
1000 3385 1262 3452 φέρουσαν
1308 3375 1359 3429 ἐν
1410 3375 1572 3448 ἑαυτῇ
1618 3378 1733 3434 τοῖς
1773 3375 1872 3426 τοῦ

224 3477 353 3528 Θεοῦ
390 3491 402 3502 ·
436 3469 690 3526 ἄστασίαν
735 3469 835 3544 γὰρ
875 3467 966 3522 καὶ
1010 3464 1330 3544 περιφορὰν,
1363 3464 1449 3518 καὶ
1484 3461 1752 3538 ἀπειρίαν,
1783 3461 1872 3516 καὶ

218 3561 520 3636 ἀοριστίαν,
553 3558 645 3614 καὶ
698 3555 864 3612 ταῦτα
922 3558 1096 3612 πάντα
1153 3553 1376 3626 διηνεκῆ
1425 3553 1524 3622 τὴν
1573 3551 1710 3622 ὕλην
1740 3548 1874 3628 ἔφη·

219 3674 329 3720 σαν,
365 3649 502 3727 ὅπερ
561 3645 944 3703 ἀποδείκνυται
1000 3642 1190 3720 ψευδὲς
1241 3642 1462 3713 ἀληθῶς
1493 3638 1773 3702 παντελῶς
1809 3643 1870 3695 ¹⁰.

215 3739 370 3796 οὐδὲν
424 3739 529 3816 γὰρ
577 3736 746 3807 ἐστὶν,
773 3733 898 3791 ούδὶ
929 3737 1170 3812 γέγονεν,
1203 3734 1232 3787 ὃ
1266 3733 1342 3806 μὴ
1376 3731 1464 3809 ἀφ’
1491 3731 1552 3785 οὗ
1583 3731 1871 3816 παρήχθη,

215 3831 302 3884 καὶ
337 3815 848 3900 διακεκοσμημένον
884 3824 986 3878 ὑπὸ
1020 3826 1152 3876 Θεοῦ
1183 3821 1448 3897 παρήχθη
1485 3818 1561 3881 εἰς
1595 3815 1759 3890 εἶδος,
1785 3819 1874 3871 καὶ

215 3923 311 3972 τοῦ
363 3913 541 3978 ὅντως
591 3911 738 3989 ἔχειν
787 3913 861 3975 ὡς
903 3913 1190 3988 παρήχθη,
1223 3908 1482 3988 προνοίας
1530 3905 1718 3983 ἔτυχεν
1771 3907 1874 3961 ἀπὸ

214 4013 348 4064 θεοῦ
363 4051 376 4066 .

283 4188 592 4260 ’Λμαυροῖς
640 4179 924 4242 εἰδώλοις.
984 4177 1131 4236 Ἀντὶ
1189 4183 1284 4234 τοῦ
1345 4174 1607 4253 ἀμυδροῖς
1675 4175 1866 4231 εἰκονί-

211 4298 412 4350 σμασιν
449 4294 460 4307 ·
521 4272 755 4350 ἐφίενται
827 4269 931 4346 γὰρ
988 4275 1087 4337 τῆς
1143 4269 1279 4339 πρὸς
1331 4267 1425 4328 τὰς
1495 4265 1717 4342 ῥεούσας
1777 4265 1867 4320 καὶ

209 4361 580 4442 φθειρομένας
632 4357 985 4431 ἡδυπαθείας,
1016 4355 1389 4426 ἀπολαύσεως,
1416 4354 1505 4410 καὶ
1563 4352 1866 4430 συναφείας,

205 4454 297 4509 καὶ
349 4455 419 4510 τὸ
467 4449 605 4527 πρὸς
656 4446 852 4510 ταύτας
911 4444 1280 4509 ἀστασιάστως
1339 4446 1466 4514 ὁρᾷν
1529 4442 1868 4516 αἱρούμενοι,

205 4540 380 4620 ἤγουν
415 4539 625 4596 τούτων
662 4538 932 4613 μετέχειν,
958 4533 1046 4590 διὰ
1075 4534 1136 4590 τὸ
1172 4534 1248 4608 μὴ
1280 4537 1442 4589 τοῦτο
1476 4531 1680 4600 αὐτοῖς,
1714 4530 1868 4609 φησί,

205 4632 348 4687 κατᾶ
374 4634 502 4685 νοῦν
541 4631 770 4704 χωρεῖν,
801 4625 1239 4700 ἐκταρέίσσονται.

283 4719 387 4779 Καὶ
450 4722 618 4773 ταῦτα
665 4716 839 4787 ἰστᾷν.
889 4712 1048 4771 Οὕτω
1098 4711 1180 4768 δεῖ
1218 4713 1279 4768 τὸ
1334 4709 1498 4788 ῥητὸν
1538 4714 1700 4766 τοῦτο
1748 4731 1870 4766 συν-

206 4815 412 4881 θεῖναι,
452 4806 534 4862 δτι
581 4805 671 4861 καὶ
727 4804 783 4858 οἱ
826 4799 1102 4881 φιλέριδες
1141 4800 1232 4858 καὶ
1274 4797 1492 4856 ἄστατοι
1525 4801 1793 4875 ἀμαυροῖς
1829 4805 1869 4837 ¹¹

201 4900 299 4954 καὶ
323 4896 490 4953 αὐτοὶ
518 4893 775 4956 εἰδώλοις
805 4896 901 4948 τοῦ
959 4891 1163 4968 ἀγαπᾷν
1223 4891 1446 4968 εἰρήνην
1498 4890 1820 4966 κατέχονται
1857 4908 1869 4922 ’

202 4989 314 5044 ὑπὸ
370 4987 477 5062 γὰρ
535 4988 724 5048 παθῶν
800 4981 1217 5056 ἐνοχλούμενοι,
1269 4978 1360 5034 καὶ
1417 4979 1484 5033 τὰ
1537 4978 1680 5049 πάθη
1739 4979 1874 5033 κατά

200 5078 457 5152 ἄγνοιαν,
494 5074 568 5136 ὠς
623 5071 767 5128 καλά
822 5069 1070 5132 θέλοντες
1127 5072 1298 5140 ἰστᾷν,
1340 5067 1589 5123 δοκοῦσιν
1652 5068 1872 5142 εἰρήνης

197 5168 523 5243 ὀρέγεσθαι,
558 5163 832 5238 ἐφιέμενοι
867 5157 1038 5223 ἀδεῶς
1085 5158 1308 5222 ἑαυτοὺς
1364 5157 1660 5213 ἀπολαύειν
1696 5159 1738 5193 ¹³
1766 5163 1872 5212 τῶν

199 5255 451 5328 ῥευστῶν
518 5251 609 5307 καὶ
676 5255 856 5306 κακῶν
936 5250 1146 5317 παθῶν,
1207 5245 1726 5324 ἐκταραττομένους,
1785 5245 1874 5302 ἐὰν

197 5343 537 5418 ἀποτύχωσι
589 5344 688 5396 τοῦ
745 5336 1040 5394 ἀπολαύειν
1091 5341 1199 5392 τῶν
1254 5335 1632 5410 νομιζομένων
1667 5335 1870 5408 καλῶν,

207 5429 386 5490 ὄντων
422 5431 480 5488 δὲ
505 5435 692 5498 παθῶν
722 5431 786 5488 ¹³.
816 5429 963 5485 Κατά
1005 5432 1193 5483 κοινοῦ
1249 5425 1338 5482 οὖν
1394 5427 1454 5480 τὸ
1513 5424 1734 5488 ἑαυτοὺς
1779 5445 1871 5480 τα-

1983 3377 2287 3432 materiam
2312 3378 2679 3432 constituunt
2709 3376 3386 3449 principium,contraria
3418 3378 3632 3433 divinis

1981 3466 2039 3520 in
2073 3466 2267 3537 seipsa
2286 3465 2566 3522 ferentem
2593 3486 2605 3534 ;
2632 3466 3076 3522 instabilitatem
3103 3467 3258 3523 enim
3291 3472 3347 3523 et
3379 3467 3627 3523 circum-

1981 3554 2312 3623 terentiam,
2345 3559 2401 3610 et
2431 3555 2806 3625 infinitatem,
2841 3559 2894 3611 et
2938 3556 3176 3611 termini
3225 3556 3633 3630 privationem,

1982 3647 2039 3699 et
2069 3643 2191 3699 haec
2221 3643 2418 3699 omnia
2450 3648 2792 3716 perpetuam
2820 3645 3123 3701 materiam
3147 3646 3456 3715 dicebant;
3483 3649 3636 3718 quod

1981 3749 2111 3788 vere
2142 3731 2380 3787 omnino
2418 3731 2635 3787 falsum
2677 3733 3008 3791 ostenditur
3034 3759 3048 3803 ;
3073 3734 3217 3789 nihil
3238 3735 3393 3791 enim
3419 3739 3506 3791 est
3532 3751 3638 3791 ne-

1984 3837 2097 3893 que
2127 3820 2256 3890 fuit,
2289 3822 2440 3892 quod
2470 3839 2585 3877 non
2618 3839 2685 3878 ex
2717 3839 2831 3895 quo
2860 3823 3214 3894 productum
3245 3829 3354 3890 est,
3387 3829 3442 3880 et
3465 3841 3627 3880 exor-

1985 3915 2191 3966 natum
2226 3927 2259 3965 a
2294 3915 2406 3966 Deo
2436 3911 2791 3983 productum
2823 3913 2974 3968 sitin
3011 3913 3636 3980 tormam,etdivinam

1984 3999 2413 4071 providentiam
2465 4005 2849 4055 consecutum
2896 4001 2992 4070 sit,
3051 4007 3116 4058 ut
3165 4003 3249 4058 ita
3295 4019 3356 4058 se
3400 4001 3641 4058 haberet

1978 4088 2152 4144 sicuti
2184 4089 2536 4160 productum
2569 4089 2777 4144 fuerat.

2049 4177 2305 4236 Obscuris
2347 4176 2689 4232 simulacris.
2744 4177 2848 4232 Pro
2900 4176 3164 4234 obscuris
3226 4178 3630 4251 imaginibus:

1979 4265 2333 4338 appetebant
2362 4265 2518 4320 enim
2553 4265 2893 4321 fruitionem
2923 4270 2980 4321 et
3004 4267 3474 4337 conjunctionem
3499 4286 3632 4324 cum

1980 4355 2150 4410 ﬂuxis
2179 4359 2236 4410 et
2256 4353 2739 4425 corruptibilibus
2771 4354 3380 4428 voluptatibus,atque
3411 4357 3633 4430 eligen-

1980 4448 2069 4501 tes
2096 4443 2202 4498 has
2225 4442 2352 4498 sine
2384 4443 2790 4514 pertubatione
2836 4445 3049 4511 videre,
3105 4462 3208 4503 seu
3251 4446 3347 4502 his
3397 4445 3636 4518 partici-

1982 4548 2140 4604 pare,
2174 4531 2314 4603 quia
2348 4531 2477 4600 boc,
2510 4531 2723 4604 inquit,
2755 4532 2900 4606 ipsis
2933 4534 3173 4591 minime
3192 4552 3261 4592 ex
3287 4534 3468 4591 animi
3502 4551 3638 4592 sen-

1981 4620 2167 4677 tentia
2199 4620 2479 4688 succedit,
2512 4622 2964 4680 conturbantur.

2051 4713 2114 4767 Et
2144 4711 2255 4766 haec
2283 4710 2490 4766 sedare.
2526 4711 2610 4766 Ita
2639 4715 2864 4782 oportet
2897 4714 3252 4770 sententiam
3285 4715 3436 4770 hanc
3476 4731 3638 4770 com-

1983 4817 2218 4874 ponere,
2251 4801 2530 4856 nimirum
2561 4819 2573 4857 :
2608 4804 2979 4871 contentiosi,
3005 4809 3060 4860 et
3083 4805 3347 4862 seditiosi
3370 4804 3637 4860 obscuris

1981 4891 2157 4947 etiam
2199 4890 2557 4962 imaginibus
2608 4892 2895 4950 desiderio
2938 4895 3098 4966 pacis
3143 4899 3449 4950 tenentur:
3498 4909 3630 4948 nam

1982 4980 2520 5054 perturbationibus
2534 4981 2759 5054 agitati,
2781 4987 2954 5052 atque
2973 4983 3286 5038 exinscitia
3309 4982 3634 5054 passiones,

1979 5075 2260 5142 tanquam
2276 5070 2460 5126 bonas
2482 5072 2685 5126 sedere
2703 5071 3026 5143 cupientes,
3046 5072 3275 5126 videtur
3303 5088 3505 5143 pacem
3538 5087 3632 5127 ex-

1984 5163 2196 5228 petere,
2231 5157 2534 5229 cupientes
2566 5158 2689 5215 sine
2723 5163 2881 5215 metu
2902 5160 3074 5214 ﬂuxis
3097 5160 3630 5231 etmalispassioni-

1980 5247 2091 5303 bus
2123 5245 2256 5312 frui,
2290 5247 2615 5317 perturbati
2639 5247 2686 5303 si
2723 5249 3080 5304 frustrentur
3110 5249 3397 5320 reputatis
3438 5249 3631 5316 bonis,

1981 5339 2082 5395 sed
2104 5355 2299 5395 revera
2313 5337 2505 5395 malis.
2523 5339 2603 5393 Ex
2615 5339 3027 5394 subauditione
3049 5340 3278 5396 siccum
3301 5337 3525 5400 ἑαυτούς
3545 5345 3635 5397 est

1983 5429 2468 5494 construendum,
2489 5431 2556 5482 ut
2580 5427 2655 5482 sit
2679 5445 2691 5482 :
2719 5431 3053 5500 expetentes
3075 5429 3157 5486 sei
3165 5446 3326 5503 psos,
3347 5433 3632 5502 tanquam

1238 5609 1480 5666 VARIIE
1521 5607 1904 5666 LECTIONES
1935 5608 2021 5666 ET
2058 5607 2620 5666 CORREGTIONES.

282 5744 304 5781 ³
333 5761 426 5819 γρ,
457 5741 558 5810 τὴν
593 5735 882 5794 ἔκπτωσιν.
961 5737 1009 5776 ¹⁰
1038 5755 1127 5811 γρ.
1152 5733 1342 5810 ψευδὲς
1376 5731 1680 5795 παντελῶς.
1758 5736 1794 5770 ¹¹
1821 5754 1904 5810 γρ.
1941 5731 2224 5810 ἀμυδροῖς.
2307 5735 2350 5771 ¹²
2379 5753 2464 5810 γρ.
2499 5731 2780 5789 ἀπολύειν.
2862 5737 2904 5771 1³
2934 5755 3018 5810 γρ.
3052 5740 3250 5791 κακῶν.
