  <div class='ocr_page' id='page_1' title='image "/cluster/home/n/w/nwhite01/storage/ocr_20150623/4/mdp.39015078384529/209.png"; bbox 0 0 4062 6366; ppageno 0'>
   <div class='ocr_carea' id='block_1_1' title="bbox 468 325 574 381">
    <p class='ocr_par' dir='ltr' id='par_1_1' title="bbox 468 325 574 381">
     <span class='ocr_line' id='line_1_1' title="bbox 468 325 574 381; baseline -0.019 0"><span class='ocrx_word' id='word_1_1' title='bbox 468 325 574 381; x_wconf 85' lang='lat'>399</span> 
     </span>
    </p>
   </div>
   <div class='ocr_carea' id='block_1_2' title="bbox 1286 316 3065 375">
    <p class='ocr_par' dir='ltr' id='par_1_2' title="bbox 1286 316 3065 375">
     <span class='ocr_line' id='line_1_2' title="bbox 1286 316 3065 375; baseline -0.002 -1"><span class='ocrx_word' id='word_1_2' title='bbox 1286 321 1655 375; x_wconf 75' lang='lat' dir='ltr'>APPENDIX</span> <span class='ocrx_word' id='word_1_3' title='bbox 1692 320 1789 371; x_wconf 80' lang='lat' dir='ltr'>AD</span> <span class='ocrx_word' id='word_1_4' title='bbox 1826 316 2064 370; x_wconf 83' lang='lat' dir='ltr'>OPERA</span> <span class='ocrx_word' id='word_1_5' title='bbox 2101 316 2159 368; x_wconf 86' lang='lat' dir='ltr'>S.</span> <span class='ocrx_word' id='word_1_6' title='bbox 2201 316 2516 371; x_wconf 80' lang='lat' dir='ltr'>DIONYSH</span> <span class='ocrx_word' id='word_1_7' title='bbox 2555 320 3065 374; x_wconf 64' lang='lat' dir='ltr'>AREOPAGITJE.</span> 
     </span>
    </p>
   </div>
   <div class='ocr_carea' id='block_1_3' title="bbox 3758 326 3848 382">
    <p class='ocr_par' dir='ltr' id='par_1_3' title="bbox 3758 326 3848 382">
     <span class='ocr_line' id='line_1_3' title="bbox 3758 326 3848 382; baseline 0.011 -1"><span class='ocrx_word' id='word_1_8' title='bbox 3758 326 3848 382; x_wconf 71' lang='grc' dir='ltr'>ἀύο</span> 
     </span>
    </p>
   </div>
   <div class='ocr_carea' id='block_1_4' title="bbox 465 433 2101 520">
    <p class='ocr_par' dir='ltr' id='par_1_4' title="bbox 465 439 2101 520">
     <span class='ocr_line' id='line_1_4' title="bbox 465 439 2101 520; baseline -0.009 -16"><span class='ocrx_word' id='word_1_9' title='bbox 465 446 841 520; x_wconf 76' lang='lat' dir='ltr'>perturbatos</span> <span class='ocrx_word' id='word_1_10' title='bbox 910 444 958 498; x_wconf 90' lang='lat' dir='ltr'>si</span> <span class='ocrx_word' id='word_1_11' title='bbox 1029 442 1388 497; x_wconf 78' lang='lat' dir='ltr'>frustrentur</span> <span class='ocrx_word' id='word_1_12' title='bbox 1454 439 2101 511; x_wconf 71' lang='lat' dir='ltr'>passionibus,pacare</span> 
     </span>
    </p>
   </div>
   <div class='ocr_carea' id='block_1_5' title="bbox 2230 433 3844 520">
    <p class='ocr_par' dir='ltr' id='par_1_5' title="bbox 2230 433 3844 517">
     <span class='ocr_line' id='line_1_5' title="bbox 2230 433 3844 517; baseline 0.007 -29"><span class='ocrx_word' id='word_1_13' title='bbox 2230 433 2401 504; x_wconf 81' lang='grc' dir='ltr'>κτέον,</span> <span class='ocrx_word' id='word_1_14' title='bbox 2430 434 2524 491; x_wconf 68' lang='grc' dir='ltr'>’ίνα</span> <span class='ocrx_word' id='word_1_15' title='bbox 2550 439 2607 509; x_wconf 77' lang='grc' dir='ltr'>ᾗ,</span> <span class='ocrx_word' id='word_1_16' title='bbox 2642 437 2913 515; x_wconf 61' lang='grc' dir='ltr'>ἐφιέμενοι</span> <span class='ocrx_word' id='word_1_17' title='bbox 2954 436 3209 506; x_wconf 71' lang='grc' dir='ltr'>ἑαυτοὺς,</span> <span class='ocrx_word' id='word_1_18' title='bbox 3239 438 3331 492; x_wconf 72' lang='grc' dir='ltr'>ἅτε</span> <span class='ocrx_word' id='word_1_19' title='bbox 3361 436 3844 517; x_wconf 70' lang='grc' dir='ltr'>ἐκταραττομένους,</span> 
     </span>
    </p>
   </div>
   <div class='ocr_carea' id='block_1_6' title="bbox 466 522 2115 606">
    <p class='ocr_par' dir='ltr' id='par_1_6' title="bbox 466 522 2115 606">
     <span class='ocr_line' id='line_1_6' title="bbox 466 522 2115 606; baseline -0.008 -15"><span class='ocrx_word' id='word_1_20' title='bbox 466 534 714 591; x_wconf 78' lang='lat' dir='ltr'>fruendo</span> <span class='ocrx_word' id='word_1_21' title='bbox 746 531 1143 606; x_wconf 87' lang='lat' dir='ltr'>passionibus.</span> <span class='ocrx_word' id='word_1_22' title='bbox 1179 531 1265 585; x_wconf 88' lang='lat' dir='ltr'>Ita</span> <span class='ocrx_word' id='word_1_23' title='bbox 1296 528 1560 600; x_wconf 76' lang='lat' dir='ltr'>intelligo</span> <span class='ocrx_word' id='word_1_24' title='bbox 1591 527 1745 584; x_wconf 72' lang='lat'><strong>220</strong></span> <span class='ocrx_word' id='word_1_25' title='bbox 1764 526 1940 582; x_wconf 87' lang='lat' dir='ltr'>etiam</span> <span class='ocrx_word' id='word_1_26' title='bbox 1972 522 2115 580; x_wconf 90' lang='lat' dir='ltr'>illud</span> 
     </span>
    </p>
   </div>
   <div class='ocr_carea' id='block_1_7' title="bbox 467 618 1721 695">
    <p class='ocr_par' dir='ltr' id='par_1_7' title="bbox 467 618 1721 695">
     <span class='ocr_line' id='line_1_7' title="bbox 467 618 1721 695; baseline -0.009 -13"><span class='ocrx_word' id='word_1_27' title='bbox 467 640 672 681; x_wconf 89' lang='lat' dir='ltr'>omnes</span> <span class='ocrx_word' id='word_1_28' title='bbox 701 638 902 695; x_wconf 87' lang='lat' dir='ltr'>pacem</span> <span class='ocrx_word' id='word_1_29' title='bbox 934 625 1230 693; x_wconf 84' lang='lat' dir='ltr'>appetere,</span> <span class='ocrx_word' id='word_1_30' title='bbox 1264 618 1323 674; x_wconf 90' lang='lat' dir='ltr'>id</span> <span class='ocrx_word' id='word_1_31' title='bbox 1356 622 1446 674; x_wconf 91' lang='lat' dir='ltr'>est</span> <span class='ocrx_word' id='word_1_32' title='bbox 1475 618 1721 673; x_wconf 89' lang='lat' dir='ltr'>bonum.</span> 
     </span>
    </p>
   </div>
   <div class='ocr_carea' id='block_1_8' title="bbox 540 791 2118 874">
    <p class='ocr_par' dir='ltr' id='par_1_8' title="bbox 540 791 2118 874">
     <span class='ocr_line' id='line_1_8' title="bbox 540 791 2118 874; baseline -0.01 -13"><span class='ocrx_word' id='word_1_33' title='bbox 540 803 683 874; x_wconf 83' lang='lat' dir='ltr'>Quid</span> <span class='ocrx_word' id='word_1_34' title='bbox 709 817 872 873; x_wconf 85' lang='lat' dir='ltr'>porro</span> <span class='ocrx_word' id='word_1_35' title='bbox 892 801 1043 856; x_wconf 82' lang='lat' dir='ltr'>dicat</span> <span class='ocrx_word' id='word_1_36' title='bbox 1063 798 1186 871; x_wconf 83' lang='lat' dir='ltr'>quis</span> <span class='ocrx_word' id='word_1_37' title='bbox 1214 798 1279 854; x_wconf 76' lang='lat' dir='ltr'>de</span> <span class='ocrx_word' id='word_1_38' title='bbox 1306 796 1539 853; x_wconf 76' lang='lat' dir='ltr'>Christi.</span> <span class='ocrx_word' id='word_1_39' title='bbox 1591 792 1892 861; x_wconf 86' lang='lat' dir='ltr'>Quomodo</span> <span class='ocrx_word' id='word_1_40' title='bbox 1941 791 2118 847; x_wconf 87' lang='lat' dir='ltr'>Jesus</span> 
     </span>
    </p>
   </div>
   <div class='ocr_carea' id='block_1_9' title="bbox 463 880 2117 964">
    <p class='ocr_par' dir='ltr' id='par_1_9' title="bbox 463 880 2117 964">
     <span class='ocr_line' id='line_1_9' title="bbox 463 880 2117 964; baseline -0.01 -14"><span class='ocrx_word' id='word_1_41' title='bbox 463 893 733 951; x_wconf 80' lang='lat' dir='ltr'>Christus</span> <span class='ocrx_word' id='word_1_42' title='bbox 764 908 878 964; x_wconf 80' lang='lat' dir='ltr'>pax</span> <span class='ocrx_word' id='word_1_43' title='bbox 907 893 1110 946; x_wconf 88' lang='lat' dir='ltr'>nostra</span> <span class='ocrx_word' id='word_1_44' title='bbox 1140 892 1196 944; x_wconf 91' lang='lat' dir='ltr'>et</span> <span class='ocrx_word' id='word_1_45' title='bbox 1228 885 1593 959; x_wconf 83' lang='lat' dir='ltr'>angelorum,</span> <span class='ocrx_word' id='word_1_46' title='bbox 1626 884 1841 940; x_wconf 81' lang='lat' dir='ltr'>sedans</span> <span class='ocrx_word' id='word_1_47' title='bbox 1872 880 2117 946; x_wconf 90' lang='lat' dir='ltr'>bellum,</span> 
     </span>
    </p>
   </div>
   <div class='ocr_carea' id='block_1_10' title="bbox 463 970 2117 1053">
    <p class='ocr_par' dir='ltr' id='par_1_10' title="bbox 463 970 2117 1053">
     <span class='ocr_line' id='line_1_10' title="bbox 463 970 2117 1053; baseline -0.008 -16"><span class='ocrx_word' id='word_1_48' title='bbox 463 990 517 1039; x_wconf 77' lang='lat' dir='ltr'>et</span> <span class='ocrx_word' id='word_1_49' title='bbox 528 981 778 1038; x_wconf 84' lang='lat' dir='ltr'>medium</span> <span class='ocrx_word' id='word_1_50' title='bbox 798 981 1067 1053; x_wconf 70' lang='lat' dir='ltr'>parietem</span> <span class='ocrx_word' id='word_1_51' title='bbox 1086 975 1348 1034; x_wconf 72' lang='lat' dir='ltr'>maceria:</span> <span class='ocrx_word' id='word_1_52' title='bbox 1366 975 1579 1032; x_wconf 68' lang='lat' dir='ltr'>solvens</span> <span class='ocrx_word' id='word_1_53' title='bbox 1598 973 1700 1046; x_wconf 86' lang='grc' dir='ltr'>(α),</span> <span class='ocrx_word' id='word_1_54' title='bbox 1725 977 1781 1027; x_wconf 90' lang='lat' dir='ltr'>et</span> <span class='ocrx_word' id='word_1_55' title='bbox 1803 986 2004 1044; x_wconf 88' lang='lat' dir='ltr'>pacem</span> <span class='ocrx_word' id='word_1_56' title='bbox 2027 970 2117 1025; x_wconf 86' lang='lat' dir='ltr'>in-</span> 
     </span>
    </p>
   </div>
   <div class='ocr_carea' id='block_1_11' title="bbox 461 1057 2119 1142">
    <p class='ocr_par' dir='ltr' id='par_1_11' title="bbox 461 1057 2119 1142">
     <span class='ocr_line' id='line_1_11' title="bbox 461 1057 2119 1142; baseline -0.009 -14"><span class='ocrx_word' id='word_1_57' title='bbox 461 1075 551 1128; x_wconf 88' lang='lat' dir='ltr'>ter</span> <span class='ocrx_word' id='word_1_58' title='bbox 578 1088 686 1127; x_wconf 92' lang='lat' dir='ltr'>nos</span> <span class='ocrx_word' id='word_1_59' title='bbox 715 1071 1069 1142; x_wconf 80' lang='lat' dir='ltr'>dispensans</span> <span class='ocrx_word' id='word_1_60' title='bbox 1099 1071 1156 1124; x_wconf 89' lang='lat' dir='ltr'>et</span> <span class='ocrx_word' id='word_1_61' title='bbox 1185 1066 1403 1122; x_wconf 80' lang='lat' dir='ltr'>faciens</span> <span class='ocrx_word' id='word_1_62' title='bbox 1425 1068 1675 1134; x_wconf 89' lang='lat' dir='ltr'>utraque</span> <span class='ocrx_word' id='word_1_63' title='bbox 1710 1077 1894 1117; x_wconf 89' lang='lat' dir='ltr'>unum</span> <span class='ocrx_word' id='word_1_64' title='bbox 1919 1076 1936 1131; x_wconf 87' lang='lat'><strong>;</strong></span> <span class='ocrx_word' id='word_1_65' title='bbox 1964 1057 2119 1114; x_wconf 81' lang='lat' dir='ltr'>sicut</span> 
     </span>
    </p>
   </div>
   <div class='ocr_carea' id='block_1_12' title="bbox 461 1147 2010 1232">
    <p class='ocr_par' dir='ltr' id='par_1_12' title="bbox 461 1147 2010 1232">
     <span class='ocr_line' id='line_1_12' title="bbox 461 1147 2010 1232; baseline -0.007 -16"><span class='ocrx_word' id='word_1_66' title='bbox 461 1159 696 1217; x_wconf 87' lang='lat' dir='ltr'>divinus</span> <span class='ocrx_word' id='word_1_67' title='bbox 720 1157 1037 1232; x_wconf 82' lang='lat' dir='ltr'>Apostolus</span> <span class='ocrx_word' id='word_1_68' title='bbox 1060 1156 1118 1213; x_wconf 91' lang='lat' dir='ltr'>in</span> <span class='ocrx_word' id='word_1_69' title='bbox 1150 1151 1400 1228; x_wconf 83' lang='lat' dir='ltr'>epistola</span> <span class='ocrx_word' id='word_1_70' title='bbox 1429 1152 1500 1208; x_wconf 91' lang='lat' dir='ltr'>ad</span> <span class='ocrx_word' id='word_1_71' title='bbox 1532 1149 1817 1223; x_wconf 84' lang='lat' dir='ltr'>Ephesios</span> <span class='ocrx_word' id='word_1_72' title='bbox 1849 1147 2010 1205; x_wconf 83' lang='lat' dir='ltr'>dicit.</span> 
     </span>
    </p>
   </div>
   <div class='ocr_carea' id='block_1_13' title="bbox 535 1328 2115 1406">
    <p class='ocr_par' dir='ltr' id='par_1_13' title="bbox 535 1328 2115 1406">
     <span class='ocr_line' id='line_1_13' title="bbox 535 1328 2115 1406; baseline -0.009 -11"><span class='ocrx_word' id='word_1_73' title='bbox 535 1338 650 1406; x_wconf 84' lang='lat' dir='ltr'>Qua</span> <span class='ocrx_word' id='word_1_74' title='bbox 679 1338 937 1394; x_wconf 81' lang='lat' dir='ltr'>docemur</span> <span class='ocrx_word' id='word_1_75' title='bbox 970 1351 1078 1392; x_wconf 78' lang='lat' dir='ltr'>non</span> <span class='ocrx_word' id='word_1_76' title='bbox 1112 1336 1262 1391; x_wconf 75' lang='lat' dir='ltr'>ultra</span> <span class='ocrx_word' id='word_1_77' title='bbox 1294 1334 1492 1390; x_wconf 83' lang='lat' dir='ltr'>bellum</span> <span class='ocrx_word' id='word_1_78' title='bbox 1521 1346 1727 1404; x_wconf 77' lang='lat' dir='ltr'>gerere.</span> <span class='ocrx_word' id='word_1_79' title='bbox 1774 1328 1876 1385; x_wconf 91' lang='lat' dir='ltr'>Ille</span> <span class='ocrx_word' id='word_1_80' title='bbox 1920 1342 2115 1383; x_wconf 84' lang='lat' dir='ltr'>secum</span> 
     </span>
    </p>
   </div>
   <div class='ocr_carea' id='block_1_14' title="bbox 461 1415 2116 1500">
    <p class='ocr_par' dir='ltr' id='par_1_14' title="bbox 461 1415 2116 1500">
     <span class='ocr_line' id='line_1_14' title="bbox 461 1415 2116 1500; baseline -0.008 -17"><span class='ocrx_word' id='word_1_81' title='bbox 461 1443 579 1483; x_wconf 92' lang='lat' dir='ltr'>non</span> <span class='ocrx_word' id='word_1_82' title='bbox 610 1431 855 1500; x_wconf 81' lang='lat' dir='ltr'>pugnat,</span> <span class='ocrx_word' id='word_1_83' title='bbox 886 1425 985 1497; x_wconf 87' lang='lat' dir='ltr'>qui</span> <span class='ocrx_word' id='word_1_84' title='bbox 1017 1424 1167 1479; x_wconf 88' lang='lat' dir='ltr'>iram</span> <span class='ocrx_word' id='word_1_85' title='bbox 1217 1429 1276 1479; x_wconf 86' lang='lat' dir='ltr'>et</span> <span class='ocrx_word' id='word_1_86' title='bbox 1319 1420 1854 1493; x_wconf 88' lang='lat' dir='ltr'>concupiscentiam</span> <span class='ocrx_word' id='word_1_87' title='bbox 1905 1415 2116 1472; x_wconf 79' lang='lat' dir='ltr'>rationi</span> 
     </span>
    </p>
   </div>
   <div class='ocr_carea' id='block_1_15' title="bbox 461 1504 2115 1587">
    <p class='ocr_par' dir='ltr' id='par_1_15' title="bbox 461 1504 2115 1587">
     <span class='ocr_line' id='line_1_15' title="bbox 461 1504 2115 1587; baseline -0.007 -16"><span class='ocrx_word' id='word_1_88' title='bbox 461 1515 740 1587; x_wconf 78' lang='lat' dir='ltr'>subjecit.</span> <span class='ocrx_word' id='word_1_89' title='bbox 773 1514 874 1570; x_wconf 85' lang='lat' dir='ltr'>Ille</span> <span class='ocrx_word' id='word_1_90' title='bbox 895 1530 1027 1570; x_wconf 88' lang='lat' dir='ltr'>vero</span> <span class='ocrx_word' id='word_1_91' title='bbox 1045 1529 1249 1586; x_wconf 86' lang='lat' dir='ltr'>pacem</span> <span class='ocrx_word' id='word_1_92' title='bbox 1273 1528 1402 1568; x_wconf 89' lang='lat' dir='ltr'>cum</span> <span class='ocrx_word' id='word_1_93' title='bbox 1427 1509 1769 1566; x_wconf 87' lang='lat' dir='ltr'>hominibus</span> <span class='ocrx_word' id='word_1_94' title='bbox 1793 1505 1989 1576; x_wconf 85' lang='lat' dir='ltr'>habet,</span> <span class='ocrx_word' id='word_1_95' title='bbox 2014 1504 2115 1576; x_wconf 85' lang='lat' dir='ltr'>qui</span> 
     </span>
    </p>
   </div>
   <div class='ocr_carea' id='block_1_16' title="bbox 462 1595 2115 1668">
    <p class='ocr_par' dir='ltr' id='par_1_16' title="bbox 462 1595 2115 1668">
     <span class='ocr_line' id='line_1_16' title="bbox 462 1595 2115 1668; baseline -0.007 -8"><span class='ocrx_word' id='word_1_96' title='bbox 462 1621 642 1660; x_wconf 88' lang='lat' dir='ltr'>unam</span> <span class='ocrx_word' id='word_1_97' title='bbox 675 1619 810 1659; x_wconf 86' lang='lat' dir='ltr'>cum</span> <span class='ocrx_word' id='word_1_98' title='bbox 841 1603 1118 1659; x_wconf 89' lang='lat' dir='ltr'>omnibus</span> <span class='ocrx_word' id='word_1_99' title='bbox 1167 1600 1522 1657; x_wconf 89' lang='lat' dir='ltr'>sententiam</span> <span class='ocrx_word' id='word_1_100' title='bbox 1569 1598 1780 1666; x_wconf 85' lang='lat' dir='ltr'>habet;</span> <span class='ocrx_word' id='word_1_101' title='bbox 1835 1595 1936 1668; x_wconf 91' lang='lat' dir='ltr'>qui</span> <span class='ocrx_word' id='word_1_102' title='bbox 1982 1611 2115 1650; x_wconf 88' lang='lat' dir='ltr'>vero</span> 
     </span>
    </p>
   </div>
   <div class='ocr_carea' id='block_1_17' title="bbox 458 1686 2114 1764">
    <p class='ocr_par' dir='ltr' id='par_1_17' title="bbox 458 1686 2114 1764">
     <span class='ocr_line' id='line_1_17' title="bbox 458 1686 2114 1764; baseline -0.005 -15"><span class='ocrx_word' id='word_1_103' title='bbox 458 1696 717 1749; x_wconf 87' lang='lat' dir='ltr'>mentem</span> <span class='ocrx_word' id='word_1_104' title='bbox 748 1709 918 1749; x_wconf 90' lang='lat' dir='ltr'>suam</span> <span class='ocrx_word' id='word_1_105' title='bbox 941 1690 1286 1764; x_wconf 82' lang='lat' dir='ltr'>angelorum</span> <span class='ocrx_word' id='word_1_106' title='bbox 1310 1687 1670 1745; x_wconf 87' lang='lat' dir='ltr'>motionibus</span> <span class='ocrx_word' id='word_1_107' title='bbox 1693 1686 2114 1757; x_wconf 87' lang='lat' dir='ltr'>obsequentem</span> 
     </span>
    </p>
   </div>
   <div class='ocr_carea' id='block_1_18' title="bbox 459 1773 2005 1854">
    <p class='ocr_par' dir='ltr' id='par_1_18' title="bbox 459 1773 2005 1854">
     <span class='ocr_line' id='line_1_18' title="bbox 459 1773 2005 1854; baseline -0.005 -18"><span class='ocrx_word' id='word_1_108' title='bbox 459 1781 696 1854; x_wconf 71' lang='lat' dir='ltr'>praebet,</span> <span class='ocrx_word' id='word_1_109' title='bbox 726 1780 823 1837; x_wconf 90' lang='lat' dir='ltr'>hic</span> <span class='ocrx_word' id='word_1_110' title='bbox 855 1780 1209 1837; x_wconf 68' lang='lat' dir='ltr'>etiamﬂcum</span> <span class='ocrx_word' id='word_1_111' title='bbox 1241 1777 1469 1851; x_wconf 84' lang='lat' dir='ltr'>angelis</span> <span class='ocrx_word' id='word_1_112' title='bbox 1498 1792 1701 1848; x_wconf 88' lang='lat' dir='ltr'>pacem</span> <span class='ocrx_word' id='word_1_113' title='bbox 1729 1773 2005 1831; x_wconf 85' lang='lat' dir='ltr'>obtinuit.</span> 
     </span>
    </p>
   </div>
   <div class='ocr_carea' id='block_1_19' title="bbox 533 1946 2112 2032">
    <p class='ocr_par' dir='ltr' id='par_1_19' title="bbox 533 1946 2112 2032">
     <span class='ocr_line' id='line_1_19' title="bbox 533 1946 2112 2032; baseline -0.004 -16"><span class='ocrx_word' id='word_1_114' title='bbox 533 1960 641 2029; x_wconf 83' lang='lat' dir='ltr'>Qui</span> <span class='ocrx_word' id='word_1_115' title='bbox 668 1959 836 2016; x_wconf 77' lang='lat' dir='ltr'>etiam</span> <span class='ocrx_word' id='word_1_116' title='bbox 864 1975 995 2017; x_wconf 83' lang='lat' dir='ltr'>cum</span> <span class='ocrx_word' id='word_1_117' title='bbox 1022 1946 1159 2032; x_wconf 63' lang='lat' dir='ltr'>ipsis</span> <span class='ocrx_word' id='word_1_118' title='bbox 1183 1956 1398 2014; x_wconf 86' lang='lat' dir='ltr'>divina.</span> <span class='ocrx_word' id='word_1_119' title='bbox 1431 1956 1493 2012; x_wconf 92' lang='lat' dir='ltr'>Id</span> <span class='ocrx_word' id='word_1_120' title='bbox 1526 1959 1635 2027; x_wconf 88' lang='lat' dir='ltr'>est,</span> <span class='ocrx_word' id='word_1_121' title='bbox 1666 1955 1930 2011; x_wconf 87' lang='lat' dir='ltr'>eamdem</span> <span class='ocrx_word' id='word_1_122' title='bbox 1977 1969 2112 2010; x_wconf 87' lang='lat' dir='ltr'>cum</span> 
     </span>
    </p>
   </div>
   <div class='ocr_carea' id='block_1_20' title="bbox 459 2043 2113 2121">
    <p class='ocr_par' dir='ltr' id='par_1_20' title="bbox 459 2043 2113 2121">
     <span class='ocr_line' id='line_1_20' title="bbox 459 2043 2113 2121; baseline -0.002 -16"><span class='ocrx_word' id='word_1_123' title='bbox 459 2050 604 2121; x_wconf 81' lang='lat' dir='ltr'>ipsis</span> <span class='ocrx_word' id='word_1_124' title='bbox 635 2048 791 2105; x_wconf 88' lang='lat' dir='ltr'>circa</span> <span class='ocrx_word' id='word_1_125' title='bbox 805 2047 1065 2103; x_wconf 86' lang='lat' dir='ltr'>divinam</span> <span class='ocrx_word' id='word_1_126' title='bbox 1096 2046 1465 2119; x_wconf 87' lang='lat' dir='ltr'>majestatem</span> <span class='ocrx_word' id='word_1_127' title='bbox 1489 2044 1713 2101; x_wconf 89' lang='lat' dir='ltr'>cultum</span> <span class='ocrx_word' id='word_1_128' title='bbox 1739 2048 1797 2101; x_wconf 92' lang='lat' dir='ltr'>et</span> <span class='ocrx_word' id='word_1_129' title='bbox 1814 2043 2113 2101; x_wconf 89' lang='lat' dir='ltr'>adoratio-</span> 
     </span>
    </p>
   </div>
   <div class='ocr_carea' id='block_1_21' title="bbox 463 2135 1024 2209">
    <p class='ocr_par' dir='ltr' id='par_1_21' title="bbox 463 2135 1024 2209">
     <span class='ocr_line' id='line_1_21' title="bbox 463 2135 1024 2209; baseline -0.004 -16"><span class='ocrx_word' id='word_1_130' title='bbox 463 2153 598 2193; x_wconf 90' lang='lat' dir='ltr'>nem</span> <span class='ocrx_word' id='word_1_131' title='bbox 630 2135 1024 2209; x_wconf 78' lang='lat' dir='ltr'>perficiamus.</span> 
     </span>
    </p>
   </div>
   <div class='ocr_carea' id='block_1_22' title="bbox 530 2222 2112 2295">
    <p class='ocr_par' dir='ltr' id='par_1_22' title="bbox 530 2222 2112 2295">
     <span class='ocr_line' id='line_1_22' title="bbox 530 2222 2112 2295; baseline -0.001 -15"><span class='ocrx_word' id='word_1_132' title='bbox 530 2226 595 2280; x_wconf 81' lang='lat' dir='ltr'>In</span> <span class='ocrx_word' id='word_1_133' title='bbox 624 2224 962 2295; x_wconf 74' lang='lat' dir='ltr'>theologicis.</span> <span class='ocrx_word' id='word_1_134' title='bbox 997 2223 1146 2280; x_wconf 90' lang='lat' dir='ltr'>Nota</span> <span class='ocrx_word' id='word_1_135' title='bbox 1177 2238 1307 2280; x_wconf 90' lang='lat' dir='ltr'>esse</span> <span class='ocrx_word' id='word_1_136' title='bbox 1339 2223 1574 2295; x_wconf 87' lang='lat' dir='ltr'>aliquod</span> <span class='ocrx_word' id='word_1_137' title='bbox 1610 2222 1800 2295; x_wconf 88' lang='lat' dir='ltr'>ipsius</span> <span class='ocrx_word' id='word_1_138' title='bbox 1849 2239 1997 2295; x_wconf 90' lang='lat' dir='ltr'>opus</span> <span class='ocrx_word' id='word_1_139' title='bbox 2041 2223 2112 2280; x_wconf 89' lang='lat' dir='ltr'>de</span> 
     </span>
    </p>
   </div>
   <div class='ocr_carea' id='block_1_23' title="bbox 460 2310 2113 2384">
    <p class='ocr_par' dir='ltr' id='par_1_23' title="bbox 460 2310 2113 2384">
     <span class='ocr_line' id='line_1_23' title="bbox 460 2310 2113 2384; baseline -0.001 -14"><span class='ocrx_word' id='word_1_140' title='bbox 460 2312 675 2370; x_wconf 88' lang='lat' dir='ltr'>divinis</span> <span class='ocrx_word' id='word_1_141' title='bbox 702 2312 1205 2381; x_wconf 86' lang='lat' dir='ltr'>institutionibus;</span> <span class='ocrx_word' id='word_1_142' title='bbox 1228 2312 1337 2369; x_wconf 81' lang='lat' dir='ltr'>hoc</span> <span class='ocrx_word' id='word_1_143' title='bbox 1358 2311 1537 2368; x_wconf 89' lang='lat' dir='ltr'>etiam</span> <span class='ocrx_word' id='word_1_144' title='bbox 1558 2311 1618 2366; x_wconf 90' lang='lat' dir='ltr'>in</span> <span class='ocrx_word' id='word_1_145' title='bbox 1641 2310 1929 2384; x_wconf 86' lang='lat' dir='ltr'>principio</span> <span class='ocrx_word' id='word_1_146' title='bbox 1951 2312 2113 2384; x_wconf 86' lang='lat' dir='ltr'>capi-</span> 
     </span>
    </p>
   </div>
   <div class='ocr_carea' id='block_1_24' title="bbox 461 2400 941 2474">
    <p class='ocr_par' dir='ltr' id='par_1_24' title="bbox 461 2400 941 2474">
     <span class='ocr_line' id='line_1_24' title="bbox 461 2400 941 2474; baseline 0.002 -18"><span class='ocrx_word' id='word_1_147' title='bbox 461 2400 540 2458; x_wconf 85' lang='lat' dir='ltr'>tis</span> <span class='ocrx_word' id='word_1_148' title='bbox 569 2401 748 2474; x_wconf 88' lang='lat' dir='ltr'>Primi</span> <span class='ocrx_word' id='word_1_149' title='bbox 777 2400 941 2457; x_wconf 86' lang='lat' dir='ltr'>dicit.</span> 
     </span>
    </p>
   </div>
   <div class='ocr_carea' id='block_1_25' title="bbox 529 2489 2109 2564">
    <p class='ocr_par' dir='ltr' id='par_1_25' title="bbox 529 2489 2109 2564">
     <span class='ocr_line' id='line_1_25' title="bbox 529 2489 2109 2564; baseline 0 -19"><span class='ocrx_word' id='word_1_150' title='bbox 529 2496 557 2559; x_wconf 87' lang='lat'>§</span> <span class='ocrx_word' id='word_1_151' title='bbox 586 2490 680 2546; x_wconf 86' lang='lat' dir='ltr'>VI.</span> <span class='ocrx_word' id='word_1_152' title='bbox 712 2492 822 2547; x_wconf 85' lang='lat' dir='ltr'>Per</span> <span class='ocrx_word' id='word_1_153' title='bbox 841 2492 1130 2564; x_wconf 75' lang='lat' dir='ltr'>epistolam</span> <span class='ocrx_word' id='word_1_154' title='bbox 1148 2489 1535 2564; x_wconf 77' lang='lat' dir='ltr'>interrogasti.</span> <span class='ocrx_word' id='word_1_155' title='bbox 1562 2490 1861 2554; x_wconf 90' lang='lat' dir='ltr'>Quomodo</span> <span class='ocrx_word' id='word_1_156' title='bbox 1894 2490 2109 2547; x_wconf 89' lang='lat' dir='ltr'>intelli-</span> 
     </span>
    </p>
   </div>
   <div class='ocr_carea' id='block_1_26' title="bbox 455 2579 2109 2653">
    <p class='ocr_par' dir='ltr' id='par_1_26' title="bbox 455 2579 2109 2653">
     <span class='ocr_line' id='line_1_26' title="bbox 455 2579 2109 2653; baseline 0 -17"><span class='ocrx_word' id='word_1_157' title='bbox 455 2583 577 2653; x_wconf 84' lang='lat' dir='ltr'>gat,</span> <span class='ocrx_word' id='word_1_158' title='bbox 608 2584 790 2637; x_wconf 86' lang='lat' dir='ltr'>Deum</span> <span class='ocrx_word' id='word_1_159' title='bbox 822 2581 1159 2653; x_wconf 89' lang='lat' dir='ltr'>esseipsam</span> <span class='ocrx_word' id='word_1_160' title='bbox 1177 2581 1379 2647; x_wconf 85' lang='lat' dir='ltr'>vitam,</span> <span class='ocrx_word' id='word_1_161' title='bbox 1405 2584 1462 2634; x_wconf 90' lang='lat' dir='ltr'>et</span> <span class='ocrx_word' id='word_1_162' title='bbox 1482 2579 1671 2651; x_wconf 88' lang='lat' dir='ltr'>ipsius</span> <span class='ocrx_word' id='word_1_163' title='bbox 1693 2579 1820 2634; x_wconf 68' lang='lat' dir='ltr'>vitae</span> <span class='ocrx_word' id='word_1_164' title='bbox 1848 2580 2109 2636; x_wconf 86' lang='lat' dir='ltr'>condito-</span> 
     </span>
    </p>
   </div>
   <div class='ocr_carea' id='block_1_27' title="bbox 456 2667 2108 2740">
    <p class='ocr_par' dir='ltr' id='par_1_27' title="bbox 456 2667 2108 2740">
     <span class='ocr_line' id='line_1_27' title="bbox 456 2667 2108 2740; baseline 0 -16"><span class='ocrx_word' id='word_1_165' title='bbox 456 2685 603 2737; x_wconf 87' lang='lat' dir='ltr'>rem,</span> <span class='ocrx_word' id='word_1_166' title='bbox 638 2686 703 2725; x_wconf 89' lang='lat' dir='ltr'>ac</span> <span class='ocrx_word' id='word_1_167' title='bbox 732 2668 971 2725; x_wconf 87' lang='lat' dir='ltr'>similia.</span> <span class='ocrx_word' id='word_1_168' title='bbox 996 2669 1169 2725; x_wconf 84' lang='lat' dir='ltr'>Recte</span> <span class='ocrx_word' id='word_1_169' title='bbox 1190 2674 1384 2724; x_wconf 88' lang='lat' dir='ltr'>autem</span> <span class='ocrx_word' id='word_1_170' title='bbox 1408 2667 1551 2722; x_wconf 90' lang='lat' dir='ltr'>illud</span> <span class='ocrx_word' id='word_1_171' title='bbox 1577 2667 1720 2722; x_wconf 86' lang='lat' dir='ltr'>dicit</span> <span class='ocrx_word' id='word_1_172' title='bbox 1740 2667 1797 2723; x_wconf 91' lang='lat' dir='ltr'>in</span> <span class='ocrx_word' id='word_1_173' title='bbox 1817 2667 2108 2740; x_wconf 86' lang='lat' dir='ltr'>epistolis,</span> 
     </span>
    </p>
   </div>
   <div class='ocr_carea' id='block_1_28' title="bbox 455 2756 2106 2828">
    <p class='ocr_par' dir='ltr' id='par_1_28' title="bbox 455 2756 2106 2828">
     <span class='ocr_line' id='line_1_28' title="bbox 455 2756 2106 2828; baseline -0.002 -15"><span class='ocrx_word' id='word_1_174' title='bbox 455 2757 709 2814; x_wconf 81' lang='lat' dir='ltr'>maxime</span> <span class='ocrx_word' id='word_1_175' title='bbox 738 2756 799 2813; x_wconf 92' lang='lat' dir='ltr'>in</span> <span class='ocrx_word' id='word_1_176' title='bbox 830 2758 1111 2813; x_wconf 86' lang='lat' dir='ltr'>secunda.</span> <span class='ocrx_word' id='word_1_177' title='bbox 1146 2757 1335 2828; x_wconf 89' lang='lat' dir='ltr'>[Nota,</span> <span class='ocrx_word' id='word_1_178' title='bbox 1369 2772 1439 2811; x_wconf 80' lang='lat' dir='ltr'>ex</span> <span class='ocrx_word' id='word_1_179' title='bbox 1468 2757 1642 2811; x_wconf 90' lang='lat' dir='ltr'>rebus</span> <span class='ocrx_word' id='word_1_180' title='bbox 1685 2756 1917 2826; x_wconf 86' lang='lat' dir='ltr'>creatis,</span> <span class='ocrx_word' id='word_1_181' title='bbox 1949 2761 2005 2811; x_wconf 90' lang='lat' dir='ltr'>et</span> <span class='ocrx_word' id='word_1_182' title='bbox 2034 2756 2106 2811; x_wconf 88' lang='lat' dir='ltr'>ab</span> 
     </span>
    </p>
   </div>
   <div class='ocr_carea' id='block_1_29' title="bbox 448 2844 2104 2918">
    <p class='ocr_par' dir='ltr' id='par_1_29' title="bbox 448 2844 2104 2918">
     <span class='ocr_line' id='line_1_29' title="bbox 448 2844 2104 2918; baseline -0.001 -17"><span class='ocrx_word' id='word_1_183' title='bbox 448 2845 579 2918; x_wconf 89' lang='lat' dir='ltr'>ipso</span> <span class='ocrx_word' id='word_1_184' title='bbox 607 2846 777 2903; x_wconf 81' lang='lat' dir='ltr'>factis</span> <span class='ocrx_word' id='word_1_185' title='bbox 806 2846 990 2902; x_wconf 86' lang='lat' dir='ltr'>Deum</span> <span class='ocrx_word' id='word_1_186' title='bbox 1024 2845 1339 2912; x_wconf 90' lang='lat' dir='ltr'>nominari,</span> <span class='ocrx_word' id='word_1_187' title='bbox 1362 2861 1428 2900; x_wconf 93' lang='lat' dir='ltr'>eo</span> <span class='ocrx_word' id='word_1_188' title='bbox 1461 2845 1615 2916; x_wconf 92' lang='lat' dir='ltr'>quod</span> <span class='ocrx_word' id='word_1_189' title='bbox 1640 2845 1764 2915; x_wconf 87' lang='lat' dir='ltr'>ipse</span> <span class='ocrx_word' id='word_1_190' title='bbox 1794 2844 1873 2901; x_wconf 91' lang='lat' dir='ltr'>sit</span> <span class='ocrx_word' id='word_1_191' title='bbox 1902 2861 2104 2900; x_wconf 90' lang='lat' dir='ltr'>earum</span> 
     </span>
    </p>
   </div>
   <div class='ocr_carea' id='block_1_30' title="bbox 451 2933 1305 3005">
    <p class='ocr_par' dir='ltr' id='par_1_30' title="bbox 451 2933 1305 3005">
     <span class='ocr_line' id='line_1_30' title="bbox 451 2933 1305 3005; baseline -0.004 -14"><span class='ocrx_word' id='word_1_192' title='bbox 451 2935 717 2991; x_wconf 89' lang='lat' dir='ltr'>omnium</span> <span class='ocrx_word' id='word_1_193' title='bbox 749 2939 954 2991; x_wconf 91' lang='lat' dir='ltr'>auctor</span> <span class='ocrx_word' id='word_1_194' title='bbox 984 2938 1043 2990; x_wconf 91' lang='lat' dir='ltr'>et</span> <span class='ocrx_word' id='word_1_195' title='bbox 1069 2933 1305 3005; x_wconf 81' lang='lat' dir='ltr'>opifex.]</span> 
     </span>
    </p>
   </div>
   <div class='ocr_carea' id='block_1_31' title="bbox 520 3021 2106 3095">
    <p class='ocr_par' dir='ltr' id='par_1_31' title="bbox 520 3021 2106 3095">
     <span class='ocr_line' id='line_1_31' title="bbox 520 3021 2106 3095; baseline 0.001 -18"><span class='ocrx_word' id='word_1_196' title='bbox 520 3024 605 3079; x_wconf 76' lang='lat' dir='ltr'>Ea:</span> <span class='ocrx_word' id='word_1_197' title='bbox 629 3022 703 3079; x_wconf 76' lang='lat' dir='ltr'>ii:</span> <span class='ocrx_word' id='word_1_198' title='bbox 730 3039 851 3095; x_wconf 72' lang='lat' dir='ltr'>quae</span> <span class='ocrx_word' id='word_1_199' title='bbox 896 3022 1082 3095; x_wconf 85' lang='lat' dir='ltr'>primo</span> <span class='ocrx_word' id='word_1_200' title='bbox 1127 3027 1272 3078; x_wconf 76' lang='lat' dir='ltr'>sunt.</span> <span class='ocrx_word' id='word_1_201' title='bbox 1324 3021 1590 3077; x_wconf 84' lang='lat' dir='ltr'>Arbitror</span> <span class='ocrx_word' id='word_1_202' title='bbox 1636 3021 1827 3094; x_wconf 85' lang='lat' dir='ltr'>ipsum</span> <span class='ocrx_word' id='word_1_203' title='bbox 1878 3039 1983 3089; x_wconf 88' lang='lat' dir='ltr'>per</span> <span class='ocrx_word' id='word_1_204' title='bbox 2037 3038 2106 3078; x_wconf 87' lang='lat' dir='ltr'>ea</span> 
     </span>
    </p>
   </div>
   <div class='ocr_carea' id='block_1_32' title="bbox 452 3109 2104 3184">
    <p class='ocr_par' dir='ltr' id='par_1_32' title="bbox 452 3109 2104 3184">
     <span class='ocr_line' id='line_1_32' title="bbox 452 3109 2104 3184; baseline 0 -17"><span class='ocrx_word' id='word_1_205' title='bbox 452 3127 579 3183; x_wconf 73' lang='lat' dir='ltr'>quae</span> <span class='ocrx_word' id='word_1_206' title='bbox 608 3112 799 3184; x_wconf 89' lang='lat' dir='ltr'>primo</span> <span class='ocrx_word' id='word_1_207' title='bbox 820 3111 947 3168; x_wconf 90' lang='lat' dir='ltr'>loco</span> <span class='ocrx_word' id='word_1_208' title='bbox 999 3115 1157 3182; x_wconf 89' lang='lat' dir='ltr'>sunt,</span> <span class='ocrx_word' id='word_1_209' title='bbox 1209 3109 1537 3183; x_wconf 83' lang='lat' dir='ltr'>intelligere</span> <span class='ocrx_word' id='word_1_210' title='bbox 1588 3111 2104 3182; x_wconf 88' lang='lat' dir='ltr'>supermundanas</span> 
     </span>
    </p>
   </div>
   <div class='ocr_carea' id='block_1_33' title="bbox 2229 522 3843 603">
    <p class='ocr_par' dir='ltr' id='par_1_33' title="bbox 2229 522 3843 603">
     <span class='ocr_line' id='line_1_33' title="bbox 2229 522 3843 603; baseline 0.007 -26"><span class='ocrx_word' id='word_1_211' title='bbox 2229 522 2317 577; x_wconf 65' lang='grc' dir='ltr'>ἐὰν</span> <span class='ocrx_word' id='word_1_212' title='bbox 2373 524 2691 602; x_wconf 74' lang='grc' dir='ltr'>ἀποτ·3χιυσι</span> <span class='ocrx_word' id='word_1_213' title='bbox 2747 532 2854 582; x_wconf 84' lang='grc' dir='ltr'>τῶν</span> <span class='ocrx_word' id='word_1_214' title='bbox 2911 532 3121 597; x_wconf 73' lang='grc' dir='ltr'>παθῶν,</span> <span class='ocrx_word' id='word_1_215' title='bbox 3180 523 3520 600; x_wconf 74' lang='grc' dir='ltr'>[δοκοῦσιν]</span> <span class='ocrx_word' id='word_1_216' title='bbox 3578 527 3843 603; x_wconf 68' lang='grc' dir='ltr'>εἰρηνεύειν</span> 
     </span>
    </p>
   </div>
   <div class='ocr_carea' id='block_1_34' title="bbox 2227 612 3847 688">
    <p class='ocr_par' dir='ltr' id='par_1_34' title="bbox 2227 612 3847 688">
     <span class='ocr_line' id='line_1_34' title="bbox 2227 612 3847 688; baseline 0.007 -22"><span class='ocrx_word' id='word_1_217' title='bbox 2227 612 2449 678; x_wconf 73' lang='grc' dir='ltr'>ἑαυτοὺς</span> <span class='ocrx_word' id='word_1_218' title='bbox 2478 615 2552 677; x_wconf 79' lang='grc' dir='ltr'>εἷς</span> <span class='ocrx_word' id='word_1_219' title='bbox 2582 617 2645 671; x_wconf 78' lang='grc' dir='ltr'>τὸ</span> <span class='ocrx_word' id='word_1_220' title='bbox 2677 614 2971 670; x_wconf 71' lang='grc' dir='ltr'>ἀπολαύειν</span> <span class='ocrx_word' id='word_1_221' title='bbox 2999 619 3107 670; x_wconf 90' lang='grc' dir='ltr'>τῶν</span> <span class='ocrx_word' id='word_1_222' title='bbox 3138 619 3353 680; x_wconf 89' lang='grc' dir='ltr'>παθῶν.</span> <span class='ocrx_word' id='word_1_223' title='bbox 3378 614 3534 673; x_wconf 73' lang='grc' dir='ltr'>Οῧτω</span> <span class='ocrx_word' id='word_1_224' title='bbox 3564 617 3747 688; x_wconf 63' lang='grc' dir='ltr'>νόησον</span> <span class='ocrx_word' id='word_1_225' title='bbox 3772 622 3847 677; x_wconf 70' lang='grc' dir='ltr'>καὶ</span> 
     </span>
    </p>
   </div>
   <div class='ocr_carea' id='block_1_35' title="bbox 2226 700 3712 783">
    <p class='ocr_par' dir='ltr' id='par_1_35' title="bbox 2226 700 3712 783">
     <span class='ocr_line' id='line_1_35' title="bbox 2226 700 3712 783; baseline 0.006 -29"><span class='ocrx_word' id='word_1_226' title='bbox 2226 700 2286 755; x_wconf 86' lang='grc' dir='ltr'>τὸ</span> <span class='ocrx_word' id='word_1_227' title='bbox 2311 703 2510 766; x_wconf 65' lang='grc' dir='ltr'>πάντας</span> <span class='ocrx_word' id='word_1_228' title='bbox 2545 703 2783 783; x_wconf 62' lang='grc' dir='ltr'>ἐφίεσθαι</span> <span class='ocrx_word' id='word_1_229' title='bbox 2817 705 3066 779; x_wconf 71' lang='grc' dir='ltr'>εἰρήνης,</span> <span class='ocrx_word' id='word_1_230' title='bbox 3096 705 3344 760; x_wconf 73' lang='grc' dir='ltr'>τουτέστι</span> <span class='ocrx_word' id='word_1_231' title='bbox 3371 708 3468 759; x_wconf 70' lang='grc' dir='ltr'>τοῦ</span> <span class='ocrx_word' id='word_1_232' title='bbox 3498 703 3712 781; x_wconf 73' lang='grc' dir='ltr'>ἀγαθοῦ.</span> 
     </span>
    </p>
   </div>
   <div class='ocr_carea' id='block_1_36' title="bbox 2297 788 3849 871">
    <p class='ocr_par' dir='ltr' id='par_1_36' title="bbox 2297 788 3849 871">
     <span class='ocr_line' id='line_1_36' title="bbox 2297 788 3849 871; baseline 0.004 -27"><span class='ocrx_word' id='word_1_233' title='bbox 2297 790 2359 844; x_wconf 82' lang='grc' dir='ltr'>Τί</span> <span class='ocrx_word' id='word_1_234' title='bbox 2389 788 2448 846; x_wconf 74' lang='grc' dir='ltr'>ἄν</span> <span class='ocrx_word' id='word_1_235' title='bbox 2480 813 2562 855; x_wconf 90' lang='grc' dir='ltr'>τις</span> <span class='ocrx_word' id='word_1_236' title='bbox 2590 789 2729 847; x_wconf 73' lang='grc' dir='ltr'>εἷ’ποι</span> <span class='ocrx_word' id='word_1_237' title='bbox 2762 792 2883 869; x_wconf 77' lang='grc' dir='ltr'>περὶ</span> <span class='ocrx_word' id='word_1_238' title='bbox 2914 799 3015 862; x_wconf 81' lang='grc' dir='ltr'>τῆς</span> <span class='ocrx_word' id='word_1_239' title='bbox 3046 792 3185 848; x_wconf 84' lang='grc' dir='ltr'>κατᾶ</span> <span class='ocrx_word' id='word_1_240' title='bbox 3230 793 3484 867; x_wconf 76' lang='grc' dir='ltr'>Χριστόν.</span> <span class='ocrx_word' id='word_1_241' title='bbox 3516 798 3634 859; x_wconf 88' lang='grc' dir='ltr'>Πῶς</span> <span class='ocrx_word' id='word_1_242' title='bbox 3680 796 3849 871; x_wconf 71' lang='grc' dir='ltr'>εἰρήνη</span> 
     </span>
    </p>
   </div>
   <div class='ocr_carea' id='block_1_37' title="bbox 2229 879 3855 958">
    <p class='ocr_par' dir='ltr' id='par_1_37' title="bbox 2229 879 3855 958">
     <span class='ocr_line' id='line_1_37' title="bbox 2229 879 3855 958; baseline 0.005 -25"><span class='ocrx_word' id='word_1_243' title='bbox 2229 879 2434 949; x_wconf 73' lang='grc' dir='ltr'>Ἰησοῦς</span> <span class='ocrx_word' id='word_1_244' title='bbox 2506 882 2736 956; x_wconf 82' lang='grc' dir='ltr'>Χριστὸς</span> <span class='ocrx_word' id='word_1_245' title='bbox 2806 885 2968 956; x_wconf 77' lang='grc' dir='ltr'>ἡμῶν</span> <span class='ocrx_word' id='word_1_246' title='bbox 3045 883 3136 938; x_wconf 82' lang='grc' dir='ltr'>καὶ</span> <span class='ocrx_word' id='word_1_247' title='bbox 3194 880 3463 958; x_wconf 85' lang='grc' dir='ltr'>ἀγγέλων,</span> <span class='ocrx_word' id='word_1_248' title='bbox 3528 881 3724 948; x_wconf 74' lang='grc' dir='ltr'>παύσας</span> <span class='ocrx_word' id='word_1_249' title='bbox 3774 888 3855 941; x_wconf 82' lang='grc' dir='ltr'>τὸν</span> 
     </span>
    </p>
   </div>
   <div class='ocr_carea' id='block_1_38' title="bbox 2226 966 3854 1049">
    <p class='ocr_par' dir='ltr' id='par_1_38' title="bbox 2226 966 3854 1049">
     <span class='ocr_line' id='line_1_38' title="bbox 2226 966 3854 1049; baseline 0.004 -26"><span class='ocrx_word' id='word_1_250' title='bbox 2226 966 2497 1043; x_wconf 81' lang='grc' dir='ltr'>πόλεμον,</span> <span class='ocrx_word' id='word_1_251' title='bbox 2554 972 2645 1026; x_wconf 81' lang='grc' dir='ltr'>καὶ</span> <span class='ocrx_word' id='word_1_252' title='bbox 2700 972 2762 1027; x_wconf 88' lang='grc' dir='ltr'>τὸ</span> <span class='ocrx_word' id='word_1_253' title='bbox 2824 972 3152 1047; x_wconf 82' lang='grc' dir='ltr'>μεσότοιχον</span> <span class='ocrx_word' id='word_1_254' title='bbox 3210 975 3308 1025; x_wconf 77' lang='grc' dir='ltr'>τοῦ</span> <span class='ocrx_word' id='word_1_255' title='bbox 3378 976 3631 1049; x_wconf 77' lang='grc' dir='ltr'>φραγμοῦ</span> <span class='ocrx_word' id='word_1_256' title='bbox 3685 970 3854 1044; x_wconf 69' lang='grc' dir='ltr'>λύσας,</span> 
     </span>
    </p>
   </div>
   <div class='ocr_carea' id='block_1_39' title="bbox 2225 1055 3855 1137">
    <p class='ocr_par' dir='ltr' id='par_1_39' title="bbox 2225 1055 3855 1137">
     <span class='ocr_line' id='line_1_39' title="bbox 2225 1055 3855 1137; baseline 0.004 -26"><span class='ocrx_word' id='word_1_257' title='bbox 2225 1057 2315 1111; x_wconf 79' lang='grc' dir='ltr'>καὶ</span> <span class='ocrx_word' id='word_1_258' title='bbox 2366 1058 2587 1133; x_wconf 62' lang='grc' dir='ltr'>εἰρήνην</span> <span class='ocrx_word' id='word_1_259' title='bbox 2646 1060 2841 1134; x_wconf 78' lang='grc' dir='ltr'>μεταξὺ</span> <span class='ocrx_word' id='word_1_260' title='bbox 2899 1063 3062 1133; x_wconf 78' lang='grc' dir='ltr'>ἡμῶν</span> <span class='ocrx_word' id='word_1_261' title='bbox 3121 1055 3447 1137; x_wconf 76' lang='grc' dir='ltr'>βραϐεύσας,</span> <span class='ocrx_word' id='word_1_262' title='bbox 3500 1060 3590 1116; x_wconf 77' lang='grc' dir='ltr'>καὶ</span> <span class='ocrx_word' id='word_1_263' title='bbox 3645 1065 3855 1133; x_wconf 69' lang='grc' dir='ltr'>ποιήσας</span> 
     </span>
    </p>
   </div>
   <div class='ocr_carea' id='block_1_40' title="bbox 2223 1144 3860 1227">
    <p class='ocr_par' dir='ltr' id='par_1_40' title="bbox 2223 1144 3860 1227">
     <span class='ocr_line' id='line_1_40' title="bbox 2223 1144 3860 1227; baseline 0.004 -27"><span class='ocrx_word' id='word_1_264' title='bbox 2223 1147 2291 1201; x_wconf 77' lang='grc' dir='ltr'>τά</span> <span class='ocrx_word' id='word_1_265' title='bbox 2346 1146 2623 1225; x_wconf 77' lang='grc' dir='ltr'>ἀμφότερα</span> <span class='ocrx_word' id='word_1_266' title='bbox 2675 1148 2757 1218; x_wconf 79' lang='grc' dir='ltr'>ἓν,</span> <span class='ocrx_word' id='word_1_267' title='bbox 2789 1148 2865 1211; x_wconf 91' lang='grc' dir='ltr'>ὠς</span> <span class='ocrx_word' id='word_1_268' title='bbox 2919 1150 2947 1204; x_wconf 90' lang='grc' dir='ltr'>ὁ</span> <span class='ocrx_word' id='word_1_269' title='bbox 2996 1150 3144 1212; x_wconf 85' lang='grc' dir='ltr'>θεῖος</span> <span class='ocrx_word' id='word_1_270' title='bbox 3172 1144 3515 1212; x_wconf 79' lang='grc' dir='ltr'>Ἀπόστολος</span> <span class='ocrx_word' id='word_1_271' title='bbox 3568 1148 3617 1205; x_wconf 81' lang='grc' dir='ltr'>ἒν</span> <span class='ocrx_word' id='word_1_272' title='bbox 3646 1154 3711 1225; x_wconf 77' lang='grc' dir='ltr'>τῇ</span> <span class='ocrx_word' id='word_1_273' title='bbox 3739 1153 3860 1227; x_wconf 75' lang='grc' dir='ltr'>πρὸς</span> 
     </span>
    </p>
   </div>
   <div class='ocr_carea' id='block_1_41' title="bbox 2226 1235 2717 1315">
    <p class='ocr_par' dir='ltr' id='par_1_41' title="bbox 2226 1235 2717 1315">
     <span class='ocr_line' id='line_1_41' title="bbox 2226 1235 2717 1315; baseline 0 -22"><span class='ocrx_word' id='word_1_274' title='bbox 2226 1235 2499 1311; x_wconf 66' lang='grc' dir='ltr'>Ἐφεσίους</span> <span class='ocrx_word' id='word_1_275' title='bbox 2528 1240 2717 1315; x_wconf 78' lang='grc' dir='ltr'>φησίν.</span> 
     </span>
    </p>
   </div>
   <div class='ocr_carea' id='block_1_42' title="bbox 2298 1324 3854 1401">
    <p class='ocr_par' dir='ltr' id='par_1_42' title="bbox 2298 1324 3854 1401">
     <span class='ocr_line' id='line_1_42' title="bbox 2298 1324 3854 1401; baseline 0.003 -22"><span class='ocrx_word' id='word_1_276' title='bbox 2298 1327 2424 1390; x_wconf 84' lang='grc' dir='ltr'>Καθ’</span> <span class='ocrx_word' id='word_1_277' title='bbox 2481 1327 2541 1396; x_wconf 74' lang='grc' dir='ltr'>ἣν</span> <span class='ocrx_word' id='word_1_278' title='bbox 2604 1326 2665 1382; x_wconf 80' lang='grc' dir='ltr'>οὐ</span> <span class='ocrx_word' id='word_1_279' title='bbox 2727 1328 2803 1401; x_wconf 77' lang='grc' dir='ltr'>μὴ</span> <span class='ocrx_word' id='word_1_280' title='bbox 2861 1326 3121 1401; x_wconf 75' lang='grc' dir='ltr'>μάθωμεν</span> <span class='ocrx_word' id='word_1_281' title='bbox 3180 1324 3258 1382; x_wconf 81' lang='grc' dir='ltr'>ἔτι</span> <span class='ocrx_word' id='word_1_282' title='bbox 3316 1324 3854 1400; x_wconf 76' lang='grc' dir='ltr'>πολεμεῖν.Ἐκεῖνός</span> 
     </span>
    </p>
   </div>
   <div class='ocr_carea' id='block_1_43' title="bbox 2224 1412 3855 1491">
    <p class='ocr_par' dir='ltr' id='par_1_43' title="bbox 2224 1412 3855 1491">
     <span class='ocr_line' id='line_1_43' title="bbox 2224 1412 3855 1491; baseline 0.002 -22"><span class='ocrx_word' id='word_1_283' title='bbox 2224 1412 2364 1469; x_wconf 79' lang='grc' dir='ltr'>ἐστιν</span> <span class='ocrx_word' id='word_1_284' title='bbox 2413 1415 2440 1469; x_wconf 88' lang='lat'>6</span> <span class='ocrx_word' id='word_1_285' title='bbox 2495 1416 2571 1489; x_wconf 79' lang='grc' dir='ltr'>μή</span> <span class='ocrx_word' id='word_1_286' title='bbox 2632 1417 2805 1488; x_wconf 70' lang='grc' dir='ltr'>ἑαυτῷ</span> <span class='ocrx_word' id='word_1_287' title='bbox 2845 1415 3132 1490; x_wconf 84' lang='grc' dir='ltr'>πολεμῶν,</span> <span class='ocrx_word' id='word_1_288' title='bbox 3167 1417 3195 1472; x_wconf 97' lang='lat'>6</span> <span class='ocrx_word' id='word_1_289' title='bbox 3227 1416 3397 1490; x_wconf 87' lang='grc' dir='ltr'>θυμὸν</span> <span class='ocrx_word' id='word_1_290' title='bbox 3440 1416 3532 1471; x_wconf 83' lang='grc' dir='ltr'>καὶ</span> <span class='ocrx_word' id='word_1_291' title='bbox 3590 1415 3855 1491; x_wconf 70' lang='grc' dir='ltr'><strong>ἐπιθυμίαν</strong></span> 
     </span>
    </p>
   </div>
   <div class='ocr_carea' id='block_1_44' title="bbox 2223 1502 3857 1581">
    <p class='ocr_par' dir='ltr' id='par_1_44' title="bbox 2223 1502 3857 1581">
     <span class='ocr_line' id='line_1_44' title="bbox 2223 1502 3857 1581; baseline 0.002 -24"><span class='ocrx_word' id='word_1_292' title='bbox 2223 1506 2593 1577; x_wconf 79' lang='grc' dir='ltr'>καθυποτάξας</span> <span class='ocrx_word' id='word_1_293' title='bbox 2624 1510 2703 1577; x_wconf 79' lang='grc' dir='ltr'>τῷ</span> <span class='ocrx_word' id='word_1_294' title='bbox 2734 1504 2904 1579; x_wconf 82' lang='grc' dir='ltr'>λόγῳ,</span> <span class='ocrx_word' id='word_1_295' title='bbox 2935 1504 3222 1581; x_wconf 78' lang='grc' dir='ltr'>Εἰρηνεύει</span> <span class='ocrx_word' id='word_1_296' title='bbox 3254 1502 3314 1560; x_wconf 74' lang='grc' dir='ltr'><em>δὲ</em></span> <span class='ocrx_word' id='word_1_297' title='bbox 3354 1506 3441 1560; x_wconf 84' lang='grc' dir='ltr'>καὶ</span> <span class='ocrx_word' id='word_1_298' title='bbox 3494 1505 3631 1581; x_wconf 81' lang='grc' dir='ltr'>πρὸς</span> <span class='ocrx_word' id='word_1_299' title='bbox 3680 1507 3857 1581; x_wconf 73' lang='grc' dir='ltr'>ἀνθρώ-</span> 
     </span>
    </p>
   </div>
   <div class='ocr_carea' id='block_1_45' title="bbox 2222 1592 3858 1671">
    <p class='ocr_par' dir='ltr' id='par_1_45' title="bbox 2222 1592 3858 1671">
     <span class='ocr_line' id='line_1_45' title="bbox 2222 1592 3858 1671; baseline 0.004 -24"><span class='ocrx_word' id='word_1_300' title='bbox 2222 1592 2538 1663; x_wconf 80' lang='grc' dir='ltr'>πουςὺτὴν</span> <span class='ocrx_word' id='word_1_301' title='bbox 2597 1596 2827 1669; x_wconf 78' lang='grc' dir='ltr'>γνώμην</span> <span class='ocrx_word' id='word_1_302' title='bbox 2892 1593 3016 1667; x_wconf 82' lang='grc' dir='ltr'>μίαν</span> <span class='ocrx_word' id='word_1_303' title='bbox 3069 1595 3208 1671; x_wconf 88' lang='grc' dir='ltr'>πρὸς</span> <span class='ocrx_word' id='word_1_304' title='bbox 3254 1595 3457 1656; x_wconf 77' lang='grc' dir='ltr'>πάντας</span> <span class='ocrx_word' id='word_1_305' title='bbox 3517 1594 3858 1668; x_wconf 81' lang='grc' dir='ltr'>κτησάμενος.</span> 
     </span>
    </p>
   </div>
   <div class='ocr_carea' id='block_1_46' title="bbox 2223 1679 3861 1760">
    <p class='ocr_par' dir='ltr' id='par_1_46' title="bbox 2223 1679 3861 1760">
     <span class='ocr_line' id='line_1_46' title="bbox 2223 1679 3861 1760; baseline 0.001 -21"><span class='ocrx_word' id='word_1_306' title='bbox 2223 1683 2283 1739; x_wconf 89' lang='grc' dir='ltr'>Ὁ</span> <span class='ocrx_word' id='word_1_307' title='bbox 2314 1679 2372 1737; x_wconf 73' lang='grc' dir='ltr'>δὲ</span> <span class='ocrx_word' id='word_1_308' title='bbox 2400 1683 2494 1737; x_wconf 88' lang='grc' dir='ltr'>τὸν</span> <span class='ocrx_word' id='word_1_309' title='bbox 2526 1683 2719 1738; x_wconf 69' lang='grc' dir='ltr'>ἑαυτοῦ</span> <span class='ocrx_word' id='word_1_310' title='bbox 2746 1687 2873 1739; x_wconf 81' lang='grc' dir='ltr'>νοῦν</span> <span class='ocrx_word' id='word_1_311' title='bbox 2901 1683 3039 1759; x_wconf 87' lang='grc' dir='ltr'>πρὸς</span> <span class='ocrx_word' id='word_1_312' title='bbox 3096 1684 3164 1739; x_wconf 75' lang='grc' dir='ltr'>τά</span> <span class='ocrx_word' id='word_1_313' title='bbox 3213 1680 3303 1739; x_wconf 74' lang='grc' dir='ltr'>διὰ</span> <span class='ocrx_word' id='word_1_314' title='bbox 3346 1687 3457 1740; x_wconf 88' lang='grc' dir='ltr'>τῶν</span> <span class='ocrx_word' id='word_1_315' title='bbox 3509 1682 3745 1760; x_wconf 83' lang='grc' dir='ltr'>ἀγγέλων</span> <span class='ocrx_word' id='word_1_316' title='bbox 3791 1706 3861 1740; x_wconf 75' lang='grc' dir='ltr'>χι·</span> 
     </span>
    </p>
   </div>
   <div class='ocr_carea' id='block_1_47' title="bbox 2142 1770 3854 1873">
    <p class='ocr_par' dir='ltr' id='par_1_47' title="bbox 2142 1770 3854 1873">
     <span class='ocr_line' id='line_1_47' title="bbox 2142 1770 3854 1873; baseline 0.002 -49"><span class='ocrx_word' id='word_1_317' title='bbox 2142 1807 2190 1873; x_wconf 81' lang='grc' dir='ltr'>Β</span> <span class='ocrx_word' id='word_1_318' title='bbox 2221 1770 2457 1845; x_wconf 77' lang='grc' dir='ltr'>νοὺμενα</span> <span class='ocrx_word' id='word_1_319' title='bbox 2515 1772 2814 1849; x_wconf 79' lang='grc' dir='ltr'>παρασχὼν</span> <span class='ocrx_word' id='word_1_320' title='bbox 2874 1773 3178 1844; x_wconf 70' lang='grc' dir='ltr'>πειθήνιον,</span> <span class='ocrx_word' id='word_1_321' title='bbox 3213 1773 3370 1836; x_wconf 73' lang='grc' dir='ltr'>οὗτος</span> <span class='ocrx_word' id='word_1_322' title='bbox 3429 1772 3521 1827; x_wconf 81' lang='grc' dir='ltr'>καὶ</span> <span class='ocrx_word' id='word_1_323' title='bbox 3586 1773 3715 1847; x_wconf 83' lang='grc' dir='ltr'>μετᾶ</span> <span class='ocrx_word' id='word_1_324' title='bbox 3757 1778 3854 1828; x_wconf 84' lang='grc' dir='ltr'>τῶν</span> 
     </span>
    </p>
   </div>
   <div class='ocr_carea' id='block_1_48' title="bbox 2222 1859 3171 1937">
    <p class='ocr_par' dir='ltr' id='par_1_48' title="bbox 2222 1859 3171 1937">
     <span class='ocr_line' id='line_1_48' title="bbox 2222 1859 3171 1937; baseline 0.001 -21"><span class='ocrx_word' id='word_1_325' title='bbox 2222 1859 2469 1937; x_wconf 82' lang='grc' dir='ltr'>ἀγγέλων</span> <span class='ocrx_word' id='word_1_326' title='bbox 2501 1863 2599 1932; x_wconf 77' lang='grc' dir='ltr'>τὴν</span> <span class='ocrx_word' id='word_1_327' title='bbox 2635 1861 2855 1935; x_wconf 75' lang='grc' dir='ltr'>εἰρήνην</span> <span class='ocrx_word' id='word_1_328' title='bbox 2888 1859 3171 1931; x_wconf 74' lang='grc' dir='ltr'>ἐκτήσατο.</span> 
     </span>
    </p>
   </div>
   <div class='ocr_carea' id='block_1_49' title="bbox 2292 1948 3851 2021">
    <p class='ocr_par' dir='ltr' id='par_1_49' title="bbox 2292 1948 3851 2021">
     <span class='ocr_line' id='line_1_49' title="bbox 2292 1948 3851 2021; baseline -0.001 -15"><span class='ocrx_word' id='word_1_329' title='bbox 2292 1948 2468 2006; x_wconf 75' lang='grc' dir='ltr'>Ἀλλά</span> <span class='ocrx_word' id='word_1_330' title='bbox 2514 1952 2601 2006; x_wconf 79' lang='grc' dir='ltr'>καὶ</span> <span class='ocrx_word' id='word_1_331' title='bbox 2653 1950 2837 2014; x_wconf 81' lang='grc' dir='ltr'>αὐτοῖς</span> <span class='ocrx_word' id='word_1_332' title='bbox 2892 1953 2960 2008; x_wconf 81' lang='grc' dir='ltr'>τὰ</span> <span class='ocrx_word' id='word_1_333' title='bbox 3017 1954 3154 2009; x_wconf 73' lang='grc' dir='ltr'>θεῖα.</span> <span class='ocrx_word' id='word_1_334' title='bbox 3213 1951 3472 2009; x_wconf 83' lang='grc' dir='ltr'>Τουτέστι</span> <span class='ocrx_word' id='word_1_335' title='bbox 3541 1951 3641 2021; x_wconf 69' lang='grc' dir='ltr'>τὴν</span> <span class='ocrx_word' id='word_1_336' title='bbox 3698 1950 3851 2021; x_wconf 73' lang='grc' dir='ltr'>αὐτὴν</span> 
     </span>
    </p>
   </div>
   <div class='ocr_carea' id='block_1_50' title="bbox 2222 2037 3853 2117">
    <p class='ocr_par' dir='ltr' id='par_1_50' title="bbox 2222 2037 3853 2117">
     <span class='ocr_line' id='line_1_50' title="bbox 2222 2037 3853 2117; baseline 0.001 -23"><span class='ocrx_word' id='word_1_337' title='bbox 2222 2039 2406 2104; x_wconf 81' lang='grc' dir='ltr'>αὐτοῖς</span> <span class='ocrx_word' id='word_1_338' title='bbox 2434 2040 2559 2117; x_wconf 84' lang='grc' dir='ltr'>περὶ</span> <span class='ocrx_word' id='word_1_339' title='bbox 2604 2040 2668 2095; x_wconf 87' lang='grc' dir='ltr'>τὸ</span> <span class='ocrx_word' id='word_1_340' title='bbox 2698 2042 2839 2096; x_wconf 88' lang='grc' dir='ltr'>θεῖον</span> <span class='ocrx_word' id='word_1_341' title='bbox 2868 2037 3026 2105; x_wconf 81' lang='grc' dir='ltr'>σέϐας</span> <span class='ocrx_word' id='word_1_342' title='bbox 3055 2040 3307 2117; x_wconf 76' lang='grc' dir='ltr'>λατρείαν</span> <span class='ocrx_word' id='word_1_343' title='bbox 3362 2042 3450 2096; x_wconf 80' lang='grc' dir='ltr'>καὶ</span> <span class='ocrx_word' id='word_1_344' title='bbox 3504 2039 3853 2117; x_wconf 71' lang='grc' dir='ltr'>προσκύνησιν</span> 
     </span>
    </p>
   </div>
   <div class='ocr_carea' id='block_1_51' title="bbox 2221 2127 2641 2204">
    <p class='ocr_par' dir='ltr' id='par_1_51' title="bbox 2221 2127 2641 2204">
     <span class='ocr_line' id='line_1_51' title="bbox 2221 2127 2641 2204; baseline 0.005 -20"><span class='ocrx_word' id='word_1_345' title='bbox 2221 2127 2641 2204; x_wconf 81' lang='grc' dir='ltr'>ἐπιτελέσωμεν.</span> 
     </span>
    </p>
   </div>
   <div class='ocr_carea' id='block_1_52' title="bbox 2292 2216 3856 2295">
    <p class='ocr_par' dir='ltr' id='par_1_52' title="bbox 2292 2216 3856 2295">
     <span class='ocr_line' id='line_1_52' title="bbox 2292 2216 3856 2295; baseline -0.001 -19"><span class='ocrx_word' id='word_1_346' title='bbox 2292 2221 2364 2276; x_wconf 88' lang='grc' dir='ltr'>Εν</span> <span class='ocrx_word' id='word_1_347' title='bbox 2421 2224 2541 2281; x_wconf 78' lang='grc' dir='ltr'>ταῖς</span> <span class='ocrx_word' id='word_1_348' title='bbox 2597 2220 2960 2295; x_wconf 64' lang='grc' dir='ltr'>θεοὶιογικαῖς.</span> <span class='ocrx_word' id='word_1_349' title='bbox 2994 2219 3335 2295; x_wconf 84' lang='grc' dir='ltr'>Σημείωσαι,</span> <span class='ocrx_word' id='word_1_350' title='bbox 3368 2218 3452 2275; x_wconf 76' lang='grc' dir='ltr'>ὅτι</span> <span class='ocrx_word' id='word_1_351' title='bbox 3514 2216 3656 2274; x_wconf 76' lang='grc' dir='ltr'>ἐστὶν</span> <span class='ocrx_word' id='word_1_352' title='bbox 3710 2218 3856 2275; x_wconf 69' lang='grc' dir='ltr'>αὑτοῦ</span> 
     </span>
    </p>
   </div>
   <div class='ocr_carea' id='block_1_53' title="bbox 2219 2305 3856 2385">
    <p class='ocr_par' dir='ltr' id='par_1_53' title="bbox 2219 2305 3856 2385">
     <span class='ocr_line' id='line_1_53' title="bbox 2219 2305 3856 2385; baseline 0 -23"><span class='ocrx_word' id='word_1_353' title='bbox 2219 2307 2306 2362; x_wconf 80' lang='grc' dir='ltr'>καὶ</span> <span class='ocrx_word' id='word_1_354' title='bbox 2342 2306 2677 2383; x_wconf 82' lang='grc' dir='ltr'>θεολογικῶν</span> <span class='ocrx_word' id='word_1_355' title='bbox 2713 2308 3112 2364; x_wconf 88' lang='grc' dir='ltr'>ὑποτυπώσεων</span> <span class='ocrx_word' id='word_1_356' title='bbox 3134 2308 3415 2385; x_wconf 71' lang='grc' dir='ltr'>σύνταγμα</span> <span class='ocrx_word' id='word_1_357' title='bbox 3444 2327 3457 2341; x_wconf 70' lang='grc'><strong><em>⁸</em></strong></span> <span class='ocrx_word' id='word_1_358' title='bbox 3492 2313 3656 2363; x_wconf 76' lang='grc' dir='ltr'>τοῦτο</span> <span class='ocrx_word' id='word_1_359' title='bbox 3697 2308 3779 2363; x_wconf 79' lang='grc' dir='ltr'>καὶ</span> <span class='ocrx_word' id='word_1_360' title='bbox 3810 2305 3856 2362; x_wconf 83' lang='grc' dir='ltr'>ἐν</span> 
     </span>
    </p>
   </div>
   <div class='ocr_carea' id='block_1_54' title="bbox 2220 2396 3260 2477">
    <p class='ocr_par' dir='ltr' id='par_1_54' title="bbox 2220 2396 3260 2477">
     <span class='ocr_line' id='line_1_54' title="bbox 2220 2396 3260 2477; baseline 0.003 -26"><span class='ocrx_word' id='word_1_361' title='bbox 2220 2397 2368 2472; x_wconf 79' lang='grc' dir='ltr'>ἀρχῇ</span> <span class='ocrx_word' id='word_1_362' title='bbox 2399 2402 2496 2452; x_wconf 73' lang='grc' dir='ltr'>τοῦ</span> <span class='ocrx_word' id='word_1_363' title='bbox 2521 2397 2744 2473; x_wconf 81' lang='grc' dir='ltr'>πρώτου</span> <span class='ocrx_word' id='word_1_364' title='bbox 2773 2396 3075 2477; x_wconf 69' lang='grc' dir='ltr'>κεφαλαίου</span> <span class='ocrx_word' id='word_1_365' title='bbox 3105 2398 3260 2475; x_wconf 78' lang='grc' dir='ltr'>φησί.</span> 
     </span>
    </p>
   </div>
   <div class='ocr_carea' id='block_1_55' title="bbox 2288 2484 3859 2557">
    <p class='ocr_par' dir='ltr' id='par_1_55' title="bbox 2288 2484 3859 2557">
     <span class='ocr_line' id='line_1_55' title="bbox 2288 2484 3859 2557; baseline 0.001 -16"><span class='ocrx_word' id='word_1_366' title='bbox 2288 2491 2315 2557; x_wconf 78' lang='lat'><strong>§</strong></span> <span class='ocrx_word' id='word_1_367' title='bbox 2346 2487 2442 2544; x_wconf 86' lang='lat' dir='ltr'>Vl.</span> <span class='ocrx_word' id='word_1_368' title='bbox 2477 2486 2555 2541; x_wconf 85' lang='grc' dir='ltr'>Δι’</span> <span class='ocrx_word' id='word_1_369' title='bbox 2587 2484 2882 2557; x_wconf 72' lang='grc' dir='ltr'>ἐπιπολῆς</span> <span class='ocrx_word' id='word_1_370' title='bbox 2909 2485 3132 2552; x_wconf 80' lang='grc' dir='ltr'>ἐπύθου.</span> <span class='ocrx_word' id='word_1_371' title='bbox 3161 2490 3285 2550; x_wconf 82' lang='grc' dir='ltr'>Πῶς</span> <span class='ocrx_word' id='word_1_372' title='bbox 3315 2492 3431 2542; x_wconf 83' lang='grc' dir='ltr'>νοεῖ</span> <span class='ocrx_word' id='word_1_373' title='bbox 3457 2487 3552 2544; x_wconf 74' lang='grc' dir='ltr'>τὸν</span> <span class='ocrx_word' id='word_1_374' title='bbox 3584 2487 3713 2544; x_wconf 85' lang='grc' dir='ltr'>Θεὸν</span> <span class='ocrx_word' id='word_1_375' title='bbox 3743 2485 3859 2542; x_wconf 68' lang='grc' dir='ltr'>αὐτὸ</span> 
     </span>
    </p>
   </div>
   <div class='ocr_carea' id='block_1_56' title="bbox 2220 2577 3860 2649">
    <p class='ocr_par' dir='ltr' id='par_1_56' title="bbox 2220 2577 3860 2649">
     <span class='ocr_line' id='line_1_56' title="bbox 2220 2577 3860 2649; baseline 0 -19"><span class='ocrx_word' id='word_1_376' title='bbox 2220 2577 2365 2646; x_wconf 77' lang='grc' dir='ltr'>ζωήν</span> <span class='ocrx_word' id='word_1_377' title='bbox 2423 2579 2578 2649; x_wconf 69' lang='grc' dir='ltr'>εἶναι,</span> <span class='ocrx_word' id='word_1_378' title='bbox 2609 2580 2695 2635; x_wconf 81' lang='grc' dir='ltr'>καὶ</span> <span class='ocrx_word' id='word_1_379' title='bbox 2756 2586 2857 2649; x_wconf 79' lang='grc' dir='ltr'>τῆς</span> <span class='ocrx_word' id='word_1_380' title='bbox 2917 2577 3198 2649; x_wconf 83' lang='grc' dir='ltr'>αὖτοζωῆς</span> <span class='ocrx_word' id='word_1_381' title='bbox 3262 2579 3601 2648; x_wconf 77' lang='grc' dir='ltr'>ὑποστάτην,</span> <span class='ocrx_word' id='word_1_382' title='bbox 3662 2579 3748 2633; x_wconf 75' lang='grc' dir='ltr'>καὶ</span> <span class='ocrx_word' id='word_1_383' title='bbox 3800 2578 3860 2632; x_wconf 66' lang='grc' dir='ltr'>τά</span> 
     </span>
    </p>
   </div>
   <div class='ocr_carea' id='block_1_57' title="bbox 2217 2665 3857 2744">
    <p class='ocr_par' dir='ltr' id='par_1_57' title="bbox 2217 2665 3857 2744">
     <span class='ocr_line' id='line_1_57' title="bbox 2217 2665 3857 2744; baseline 0 -24"><span class='ocrx_word' id='word_1_384' title='bbox 2217 2666 2403 2739; x_wconf 78' lang='grc' dir='ltr'>ὅμοια.</span> <span class='ocrx_word' id='word_1_385' title='bbox 2437 2666 2634 2730; x_wconf 74' lang='grc' dir='ltr'>Καλῶς</span> <span class='ocrx_word' id='word_1_386' title='bbox 2683 2665 2740 2723; x_wconf 70' lang='grc' dir='ltr'>δὲ</span> <span class='ocrx_word' id='word_1_387' title='bbox 2787 2667 2917 2723; x_wconf 78' lang='grc' dir='ltr'>αὑτό</span> <span class='ocrx_word' id='word_1_388' title='bbox 2950 2689 3083 2744; x_wconf 74' lang='grc' dir='ltr'>φησι</span> <span class='ocrx_word' id='word_1_389' title='bbox 3113 2668 3203 2722; x_wconf 82' lang='grc' dir='ltr'>καὶ</span> <span class='ocrx_word' id='word_1_390' title='bbox 3246 2669 3382 2723; x_wconf 76' lang='grc' dir='ltr'>κατὰ</span> <span class='ocrx_word' id='word_1_391' title='bbox 3415 2667 3483 2723; x_wconf 82' lang='grc' dir='ltr'>τὸ</span> <span class='ocrx_word' id='word_1_392' title='bbox 3517 2667 3570 2723; x_wconf 79' lang='grc' dir='ltr'>ἐν</span> <span class='ocrx_word' id='word_1_393' title='bbox 3602 2670 3721 2729; x_wconf 79' lang='grc' dir='ltr'>ταῖς</span> <span class='ocrx_word' id='word_1_394' title='bbox 3754 2667 3857 2721; x_wconf 82' lang='grc' dir='ltr'>ἐπι-</span> 
     </span>
    </p>
   </div>
   <div class='ocr_carea' id='block_1_58' title="bbox 2216 2753 3862 2832">
    <p class='ocr_par' dir='ltr' id='par_1_58' title="bbox 2216 2753 3862 2832">
     <span class='ocr_line' id='line_1_58' title="bbox 2216 2753 3862 2832; baseline 0.001 -24"><span class='ocrx_word' id='word_1_395' title='bbox 2216 2753 2457 2824; x_wconf 79' lang='grc' dir='ltr'>στολαῖς,</span> <span class='ocrx_word' id='word_1_396' title='bbox 2496 2755 2732 2829; x_wconf 84' lang='grc' dir='ltr'>μάλιστα</span> <span class='ocrx_word' id='word_1_397' title='bbox 2764 2759 2833 2831; x_wconf 79' lang='grc' dir='ltr'>τῇ</span> <span class='ocrx_word' id='word_1_398' title='bbox 2861 2754 3102 2832; x_wconf 84' lang='grc' dir='ltr'>δευτέρα.</span> <span class='ocrx_word' id='word_1_399' title='bbox 3137 2756 3510 2831; x_wconf 84' lang='grc' dir='ltr'>[Σημείωσαι,</span> <span class='ocrx_word' id='word_1_400' title='bbox 3545 2755 3630 2812; x_wconf 75' lang='grc' dir='ltr'>ὅτι</span> <span class='ocrx_word' id='word_1_401' title='bbox 3674 2757 3758 2811; x_wconf 80' lang='grc' dir='ltr'>καὶ</span> <span class='ocrx_word' id='word_1_402' title='bbox 3808 2754 3862 2810; x_wconf 65' lang='grc' dir='ltr'>ἐκ</span> 
     </span>
    </p>
   </div>
   <div class='ocr_carea' id='block_1_59' title="bbox 2212 2840 3860 2922">
    <p class='ocr_par' dir='ltr' id='par_1_59' title="bbox 2212 2840 3860 2922">
     <span class='ocr_line' id='line_1_59' title="bbox 2212 2840 3860 2922; baseline 0 -24"><span class='ocrx_word' id='word_1_403' title='bbox 2212 2848 2323 2900; x_wconf 89' lang='grc' dir='ltr'>τῶν</span> <span class='ocrx_word' id='word_1_404' title='bbox 2354 2840 2521 2899; x_wconf 77' lang='grc' dir='ltr'>ὄντων</span> <span class='ocrx_word' id='word_1_405' title='bbox 2555 2845 2644 2899; x_wconf 84' lang='grc' dir='ltr'>καὶ</span> <span class='ocrx_word' id='word_1_406' title='bbox 2692 2843 2744 2916; x_wconf 80' lang='grc' dir='ltr'>ἐξ</span> <span class='ocrx_word' id='word_1_407' title='bbox 2794 2845 2958 2901; x_wconf 74' lang='grc' dir='ltr'>αὐτοῦ</span> <span class='ocrx_word' id='word_1_408' title='bbox 2990 2846 3377 2922; x_wconf 76' lang='grc' dir='ltr'>παραχθέντων</span> <span class='ocrx_word' id='word_1_409' title='bbox 3411 2846 3442 2903; x_wconf 86' lang='grc' dir='ltr'><strong>ὁ</strong></span> <span class='ocrx_word' id='word_1_410' title='bbox 3476 2846 3619 2908; x_wconf 82' lang='grc' dir='ltr'>Οεὸς</span> <span class='ocrx_word' id='word_1_411' title='bbox 3665 2846 3860 2917; x_wconf 84' lang='grc' dir='ltr'>ὀνομά-</span> 
     </span>
    </p>
   </div>
   <div class='ocr_carea' id='block_1_60' title="bbox 2218 2932 3249 3012">
    <p class='ocr_par' dir='ltr' id='par_1_60' title="bbox 2218 2932 3249 3012">
     <span class='ocr_line' id='line_1_60' title="bbox 2218 2932 3249 3012; baseline 0.003 -25"><span class='ocrx_word' id='word_1_412' title='bbox 2218 2937 2382 3006; x_wconf 85' lang='grc' dir='ltr'>ζεται,</span> <span class='ocrx_word' id='word_1_413' title='bbox 2411 2933 2485 2996; x_wconf 86' lang='grc' dir='ltr'>ὡς</span> <span class='ocrx_word' id='word_1_414' title='bbox 2517 2932 2694 2997; x_wconf 80' lang='grc' dir='ltr'>αἶ’τιος</span> <span class='ocrx_word' id='word_1_415' title='bbox 2726 2934 2899 2991; x_wconf 81' lang='grc' dir='ltr'>αὐτῶν</span> <span class='ocrx_word' id='word_1_416' title='bbox 2937 2936 3249 3012; x_wconf 88' lang='grc' dir='ltr'>ὑπάρχων.]</span> 
     </span>
    </p>
   </div>
   <div class='ocr_carea' id='block_1_61' title="bbox 2284 3018 3861 3100">
    <p class='ocr_par' dir='ltr' id='par_1_61' title="bbox 2284 3018 3861 3100">
     <span class='ocr_line' id='line_1_61' title="bbox 2284 3018 3861 3100; baseline -0.002 -21"><span class='ocrx_word' id='word_1_417' title='bbox 2284 3023 2380 3079; x_wconf 83' lang='grc' dir='ltr'>Ἐκ</span> <span class='ocrx_word' id='word_1_418' title='bbox 2422 3026 2530 3077; x_wconf 87' lang='grc' dir='ltr'>τῶν</span> <span class='ocrx_word' id='word_1_419' title='bbox 2588 3024 2821 3100; x_wconf 82' lang='grc' dir='ltr'>πρώτως</span> <span class='ocrx_word' id='word_1_420' title='bbox 2875 3018 3067 3081; x_wconf 75' lang='grc' dir='ltr'>ὅντων.</span> <span class='ocrx_word' id='word_1_421' title='bbox 3102 3024 3344 3099; x_wconf 87' lang='grc' dir='ltr'>Ηρώτως</span> <span class='ocrx_word' id='word_1_422' title='bbox 3396 3026 3532 3080; x_wconf 79' lang='grc' dir='ltr'>ὄντα</span> <span class='ocrx_word' id='word_1_423' title='bbox 3584 3024 3737 3097; x_wconf 60' lang='grc' dir='ltr'>οἶμαι</span> <span class='ocrx_word' id='word_1_424' title='bbox 3780 3020 3861 3076; x_wconf 80' lang='grc' dir='ltr'>αὑ-</span> 
     </span>
    </p>
   </div>
   <div class='ocr_carea' id='block_1_62' title="bbox 2212 3111 3863 3189">
    <p class='ocr_par' dir='ltr' id='par_1_62' title="bbox 2212 3111 3863 3189">
     <span class='ocr_line' id='line_1_62' title="bbox 2212 3111 3863 3189; baseline -0.001 -23"><span class='ocrx_word' id='word_1_425' title='bbox 2212 3111 2302 3166; x_wconf 84' lang='grc' dir='ltr'>τὸν</span> <span class='ocrx_word' id='word_1_426' title='bbox 2360 3111 2631 3187; x_wconf 77' lang='grc' dir='ltr'>εἰρηκέναι</span> <span class='ocrx_word' id='word_1_427' title='bbox 2669 3112 2762 3175; x_wconf 75' lang='grc' dir='ltr'>τὰς</span> <span class='ocrx_word' id='word_1_428' title='bbox 2824 3111 3227 3189; x_wconf 82' lang='grc' dir='ltr'>ὑπερκοσμίους</span> <span class='ocrx_word' id='word_1_429' title='bbox 3272 3113 3486 3189; x_wconf 74' lang='grc' dir='ltr'>φύσεις,</span> <span class='ocrx_word' id='word_1_430' title='bbox 3523 3112 3600 3174; x_wconf 84' lang='grc' dir='ltr'>ὠς</span> <span class='ocrx_word' id='word_1_431' title='bbox 3641 3111 3863 3186; x_wconf 77' lang='grc' dir='ltr'>πρώτως</span> 
     </span>
    </p>
   </div>
   <div class='ocr_carea' id='block_1_63' title="bbox 450 3177 2101 3279">
    <p class='ocr_par' dir='ltr' id='par_1_63' title="bbox 450 3177 2100 3273">
     <span class='ocr_line' id='line_1_63' title="bbox 450 3177 2100 3273; baseline -0.002 -16"><span class='ocrx_word' id='word_1_432' title='bbox 450 3177 715 3273; x_wconf 72' lang='lat' dir='ltr'>naturas,</span> <span class='ocrx_word' id='word_1_433' title='bbox 745 3205 1028 3273; x_wconf 86' lang='lat' dir='ltr'>tanquam</span> <span class='ocrx_word' id='word_1_434' title='bbox 1062 3177 1250 3272; x_wconf 86' lang='lat' dir='ltr'>primo</span> <span class='ocrx_word' id='word_1_435' title='bbox 1282 3177 1486 3255; x_wconf 40' lang='lat' dir='ltr'>loco&#39;et</span> <span class='ocrx_word' id='word_1_436' title='bbox 1517 3177 1890 3271; x_wconf 51' lang='lat' dir='ltr'>pure—divina</span> <span class='ocrx_word' id='word_1_437' title='bbox 1920 3199 2100 3271; x_wconf 89' lang='lat' dir='ltr'>parti-</span> 
     </span>
    </p>
   </div>
   <div class='ocr_carea' id='block_1_64' title="bbox 2230 3177 3867 3279">
    <p class='ocr_par' dir='ltr' id='par_1_64' title="bbox 2230 3198 3867 3279">
     <span class='ocr_line' id='line_1_64' title="bbox 2230 3198 3867 3279; baseline -0.001 -25"><span class='ocrx_word' id='word_1_438' title='bbox 2230 3201 2300 3255; x_wconf 76' lang='grc' dir='ltr'>ιαὶ</span> <span class='ocrx_word' id='word_1_439' title='bbox 2334 3200 2644 3279; x_wconf 59' lang='grc' dir='ltr'>ἀκραιφνῶς</span> <span class='ocrx_word' id='word_1_440' title='bbox 2688 3205 2795 3256; x_wconf 85' lang='grc' dir='ltr'>τῶν</span> <span class='ocrx_word' id='word_1_441' title='bbox 2837 3200 2994 3256; x_wconf 88' lang='grc' dir='ltr'>θείων</span> <span class='ocrx_word' id='word_1_442' title='bbox 3047 3198 3265 3277; x_wconf 81' lang='grc' dir='ltr'>δωρεῶν</span> <span class='ocrx_word' id='word_1_443' title='bbox 3319 3201 3695 3278; x_wconf 67' lang='grc' dir='ltr'>μετεχούσας,</span> <span class='ocrx_word' id='word_1_444' title='bbox 3728 3204 3867 3269; x_wconf 80' lang='grc' dir='ltr'>ζωῆς</span> 
     </span>
    </p>
   </div>
   <div class='ocr_carea' id='block_1_65' title="bbox 448 3283 2100 3363">
    <p class='ocr_par' dir='ltr' id='par_1_65' title="bbox 448 3283 2100 3363">
     <span class='ocr_line' id='line_1_65' title="bbox 448 3283 2100 3363; baseline -0.002 -17"><span class='ocrx_word' id='word_1_445' title='bbox 448 3289 714 3363; x_wconf 85' lang='lat' dir='ltr'>cipantes</span> <span class='ocrx_word' id='word_1_446' title='bbox 734 3290 908 3356; x_wconf 86' lang='lat' dir='ltr'>dona,</span> <span class='ocrx_word' id='word_1_447' title='bbox 927 3289 1105 3346; x_wconf 87' lang='lat' dir='ltr'>vitam</span> <span class='ocrx_word' id='word_1_448' title='bbox 1136 3293 1193 3345; x_wconf 91' lang='lat' dir='ltr'>et</span> <span class='ocrx_word' id='word_1_449' title='bbox 1214 3287 1460 3361; x_wconf 90' lang='lat' dir='ltr'>reliqua.</span> <span class='ocrx_word' id='word_1_450' title='bbox 1497 3289 1645 3360; x_wconf 88' lang='lat' dir='ltr'>Ergo</span> <span class='ocrx_word' id='word_1_451' title='bbox 1662 3284 1722 3342; x_wconf 73' lang='grc' dir='ltr'>ἐκ</span> <span class='ocrx_word' id='word_1_452' title='bbox 1746 3292 1854 3342; x_wconf 81' lang='grc' dir='ltr'>τῶν</span> <span class='ocrx_word' id='word_1_453' title='bbox 1905 3283 2100 3360; x_wconf 79' lang='grc' dir='ltr'>ὄντων,</span> 
     </span>
    </p>
   </div>
   <div class='ocr_carea' id='block_1_66' title="bbox 446 3377 2103 3451">
    <p class='ocr_par' dir='ltr' id='par_1_66' title="bbox 446 3377 2103 3451">
     <span class='ocr_line' id='line_1_66' title="bbox 446 3377 2103 3451; baseline 0 -18"><span class='ocrx_word' id='word_1_454' title='bbox 446 3377 506 3434; x_wconf 91' lang='lat' dir='ltr'>id</span> <span class='ocrx_word' id='word_1_455' title='bbox 527 3383 618 3436; x_wconf 90' lang='lat' dir='ltr'>est</span> <span class='ocrx_word' id='word_1_456' title='bbox 637 3395 706 3435; x_wconf 83' lang='lat' dir='ltr'>ex</span> <span class='ocrx_word' id='word_1_457' title='bbox 727 3378 800 3435; x_wconf 90' lang='lat' dir='ltr'>iis</span> <span class='ocrx_word' id='word_1_458' title='bbox 821 3396 948 3451; x_wconf 70' lang='lat' dir='ltr'>quae</span> <span class='ocrx_word' id='word_1_459' title='bbox 973 3379 1030 3433; x_wconf 92' lang='lat' dir='ltr'>in</span> <span class='ocrx_word' id='word_1_460' title='bbox 1057 3378 1129 3433; x_wconf 90' lang='lat' dir='ltr'>iis</span> <span class='ocrx_word' id='word_1_461' title='bbox 1155 3394 1283 3449; x_wconf 67' lang='lat' dir='ltr'>quae</span> <span class='ocrx_word' id='word_1_462' title='bbox 1300 3389 1441 3433; x_wconf 82' lang='lat' dir='ltr'>sunt</span> <span class='ocrx_word' id='word_1_463' title='bbox 1457 3377 1923 3447; x_wconf 88' lang='lat' dir='ltr'>considerantur,</span> <span class='ocrx_word' id='word_1_464' title='bbox 1947 3378 2103 3439; x_wconf 81' lang='lat' dir='ltr'>Deus</span> 
     </span>
    </p>
   </div>
   <div class='ocr_carea' id='block_1_67' title="bbox 445 3467 2101 3541">
    <p class='ocr_par' dir='ltr' id='par_1_67' title="bbox 445 3467 2101 3541">
     <span class='ocr_line' id='line_1_67' title="bbox 445 3467 2101 3541; baseline 0.001 -19"><span class='ocrx_word' id='word_1_465' title='bbox 445 3467 681 3535; x_wconf 86' lang='lat' dir='ltr'>dicitur,</span> <span class='ocrx_word' id='word_1_466' title='bbox 710 3467 898 3541; x_wconf 88' lang='lat' dir='ltr'>ipsius</span> <span class='ocrx_word' id='word_1_467' title='bbox 931 3467 1059 3523; x_wconf 66' lang='lat' dir='ltr'>vitm</span> <span class='ocrx_word' id='word_1_468' title='bbox 1092 3482 1195 3523; x_wconf 84' lang='lat' dir='ltr'>seu</span> <span class='ocrx_word' id='word_1_469' title='bbox 1228 3467 1413 3538; x_wconf 83' lang='lat' dir='ltr'>ipsius</span> <span class='ocrx_word' id='word_1_470' title='bbox 1446 3467 1686 3522; x_wconf 75' lang='lat' dir='ltr'>effectus</span> <span class='ocrx_word' id='word_1_471' title='bbox 1732 3467 1924 3522; x_wconf 72' lang='lat' dir='ltr'>forma:</span> <span class='ocrx_word' id='word_1_472' title='bbox 1972 3469 2101 3537; x_wconf 83' lang='lat' dir='ltr'>ejus</span> 
     </span>
    </p>
   </div>
   <div class='ocr_carea' id='block_1_68' title="bbox 447 3554 2097 3629">
    <p class='ocr_par' dir='ltr' id='par_1_68' title="bbox 447 3554 2097 3629">
     <span class='ocr_line' id='line_1_68' title="bbox 447 3554 2097 3629; baseline -0.001 -16"><span class='ocrx_word' id='word_1_473' title='bbox 447 3557 716 3613; x_wconf 89' lang='lat' dir='ltr'>conditor</span> <span class='ocrx_word' id='word_1_474' title='bbox 735 3562 793 3611; x_wconf 89' lang='lat' dir='ltr'>et</span> <span class='ocrx_word' id='word_1_475' title='bbox 814 3556 1168 3629; x_wconf 88' lang='lat' dir='ltr'>productor;</span> <span class='ocrx_word' id='word_1_476' title='bbox 1200 3571 1269 3610; x_wconf 80' lang='lat' dir='ltr'>ex</span> <span class='ocrx_word' id='word_1_477' title='bbox 1302 3571 1418 3610; x_wconf 90' lang='lat' dir='ltr'>uno</span> <span class='ocrx_word' id='word_1_478' title='bbox 1443 3554 1596 3610; x_wconf 89' lang='lat' dir='ltr'>enim</span> <span class='ocrx_word' id='word_1_479' title='bbox 1624 3556 1747 3610; x_wconf 77' lang='lat' dir='ltr'>vitae</span> <span class='ocrx_word' id='word_1_480' title='bbox 1776 3572 1883 3611; x_wconf 91' lang='lat' dir='ltr'>nos</span> <span class='ocrx_word' id='word_1_481' title='bbox 1922 3556 2097 3611; x_wconf 90' lang='lat' dir='ltr'>etiam</span> 
     </span>
    </p>
   </div>
   <div class='ocr_carea' id='block_1_69' title="bbox 447 3643 2099 3715">
    <p class='ocr_par' dir='ltr' id='par_1_69' title="bbox 447 3643 2099 3715">
     <span class='ocr_line' id='line_1_69' title="bbox 447 3643 2099 3715; baseline -0.001 -14"><span class='ocrx_word' id='word_1_482' title='bbox 447 3647 521 3702; x_wconf 88' lang='lat' dir='ltr'>de</span> <span class='ocrx_word' id='word_1_483' title='bbox 554 3645 852 3701; x_wconf 87' lang='lat' dir='ltr'>similibus</span> <span class='ocrx_word' id='word_1_484' title='bbox 885 3644 1160 3700; x_wconf 86' lang='lat' dir='ltr'>similiter</span> <span class='ocrx_word' id='word_1_485' title='bbox 1179 3643 1432 3715; x_wconf 87' lang='lat' dir='ltr'>cogitare</span> <span class='ocrx_word' id='word_1_486' title='bbox 1454 3648 1699 3714; x_wconf 88' lang='lat' dir='ltr'>oportet.</span> <span class='ocrx_word' id='word_1_487' title='bbox 1741 3644 1880 3699; x_wconf 89' lang='lat' dir='ltr'>Cum</span> <span class='ocrx_word' id='word_1_488' title='bbox 1903 3649 2099 3700; x_wconf 84' lang='lat' dir='ltr'>autem</span> 
     </span>
    </p>
   </div>
   <div class='ocr_carea' id='block_1_70' title="bbox 447 3730 2100 3805">
    <p class='ocr_par' dir='ltr' id='par_1_70' title="bbox 447 3730 2100 3805">
     <span class='ocr_line' id='line_1_70' title="bbox 447 3730 2100 3805; baseline -0.001 -15"><span class='ocrx_word' id='word_1_489' title='bbox 447 3735 602 3790; x_wconf 89' lang='lat' dir='ltr'>Deus</span> <span class='ocrx_word' id='word_1_490' title='bbox 632 3734 761 3805; x_wconf 90' lang='lat' dir='ltr'>ipse</span> <span class='ocrx_word' id='word_1_491' title='bbox 787 3733 1017 3789; x_wconf 85' lang='lat' dir='ltr'>dicatur</span> <span class='ocrx_word' id='word_1_492' title='bbox 1046 3732 1180 3803; x_wconf 87' lang='lat' dir='ltr'>ipsa</span> <span class='ocrx_word' id='word_1_493' title='bbox 1206 3731 1322 3785; x_wconf 84' lang='lat' dir='ltr'>vita</span> <span class='ocrx_word' id='word_1_494' title='bbox 1342 3736 1400 3787; x_wconf 90' lang='lat' dir='ltr'>et</span> <span class='ocrx_word' id='word_1_495' title='bbox 1429 3730 1666 3798; x_wconf 89' lang='lat' dir='ltr'>similia,</span> <span class='ocrx_word' id='word_1_496' title='bbox 1695 3736 1976 3804; x_wconf 75' lang='lat' dir='ltr'>tanquam</span> <span class='ocrx_word' id='word_1_497' title='bbox 2000 3750 2100 3789; x_wconf 87' lang='lat' dir='ltr'>su-</span> 
     </span>
    </p>
   </div>
   <div class='ocr_carea' id='block_1_71' title="bbox 448 3819 2102 3896">
    <p class='ocr_par' dir='ltr' id='par_1_71' title="bbox 448 3819 2102 3896">
     <span class='ocr_line' id='line_1_71' title="bbox 448 3819 2102 3896; baseline -0.002 -16"><span class='ocrx_word' id='word_1_498' title='bbox 448 3841 554 3896; x_wconf 90' lang='lat' dir='ltr'>pra</span> <span class='ocrx_word' id='word_1_499' title='bbox 573 3838 810 3879; x_wconf 89' lang='lat' dir='ltr'>omnem</span> <span class='ocrx_word' id='word_1_500' title='bbox 832 3824 1105 3877; x_wconf 87' lang='lat' dir='ltr'>naturam</span> <span class='ocrx_word' id='word_1_501' title='bbox 1130 3836 1198 3874; x_wconf 89' lang='lat' dir='ltr'>ea</span> <span class='ocrx_word' id='word_1_502' title='bbox 1221 3820 1513 3875; x_wconf 81' lang='lat' dir='ltr'>exsistens</span> <span class='ocrx_word' id='word_1_503' title='bbox 1534 3819 1768 3888; x_wconf 88' lang='lat' dir='ltr'>dicitur,</span> <span class='ocrx_word' id='word_1_504' title='bbox 1793 3838 1895 3876; x_wconf 89' lang='lat' dir='ltr'>seu</span> <span class='ocrx_word' id='word_1_505' title='bbox 1920 3838 2102 3893; x_wconf 86' lang='lat' dir='ltr'>supra</span> 
     </span>
    </p>
   </div>
   <div class='ocr_carea' id='block_1_72' title="bbox 446 3908 1906 3986">
    <p class='ocr_par' dir='ltr' id='par_1_72' title="bbox 446 3908 1906 3986">
     <span class='ocr_line' id='line_1_72' title="bbox 446 3908 1906 3986; baseline -0.003 -17"><span class='ocrx_word' id='word_1_506' title='bbox 446 3912 710 3986; x_wconf 88' lang='lat' dir='ltr'>angelos,</span> <span class='ocrx_word' id='word_1_507' title='bbox 741 3928 807 3967; x_wconf 92' lang='lat' dir='ltr'>ac</span> <span class='ocrx_word' id='word_1_508' title='bbox 837 3927 1072 3966; x_wconf 88' lang='lat' dir='ltr'>omnem</span> <span class='ocrx_word' id='word_1_509' title='bbox 1103 3908 1419 3966; x_wconf 86' lang='lat' dir='ltr'>essentiam</span> <span class='ocrx_word' id='word_1_510' title='bbox 1456 3908 1906 3982; x_wconf 88' lang='lat' dir='ltr'>intelligentcm.</span> 
     </span>
    </p>
   </div>
   <div class='ocr_carea' id='block_1_73' title="bbox 516 4082 2098 4163">
    <p class='ocr_par' dir='ltr' id='par_1_73' title="bbox 516 4082 2098 4163">
     <span class='ocr_line' id='line_1_73' title="bbox 516 4082 2098 4163; baseline -0.001 -16"><span class='ocrx_word' id='word_1_511' title='bbox 516 4094 599 4149; x_wconf 74' lang='lat' dir='ltr'>Ex</span> <span class='ocrx_word' id='word_1_512' title='bbox 628 4092 699 4146; x_wconf 77' lang='lat' dir='ltr'>iis</span> <span class='ocrx_word' id='word_1_513' title='bbox 754 4105 881 4162; x_wconf 73' lang='lat' dir='ltr'>qua:</span> <span class='ocrx_word' id='word_1_514' title='bbox 923 4090 1129 4163; x_wconf 83' lang='lat' dir='ltr'>primo.</span> <span class='ocrx_word' id='word_1_515' title='bbox 1174 4087 1411 4163; x_wconf 85' lang='grc' dir='ltr'>Πρώτως</span> <span class='ocrx_word' id='word_1_516' title='bbox 1463 4082 1592 4141; x_wconf 78' lang='grc' dir='ltr'>ὄντα</span> <span class='ocrx_word' id='word_1_517' title='bbox 1615 4088 1757 4144; x_wconf 87' lang='lat' dir='ltr'>dicit</span> <span class='ocrx_word' id='word_1_518' title='bbox 1799 4093 2098 4147; x_wconf 83' lang='lat' dir='ltr'>creaturas</span> 
     </span>
    </p>
   </div>
   <div class='ocr_carea' id='block_1_74' title="bbox 442 4176 2100 4253">
    <p class='ocr_par' dir='ltr' id='par_1_74' title="bbox 442 4176 2100 4253">
     <span class='ocr_line' id='line_1_74' title="bbox 442 4176 2100 4253; baseline -0.001 -17"><span class='ocrx_word' id='word_1_519' title='bbox 442 4179 846 4253; x_wconf 85' lang='lat' dir='ltr'>intelligibiles</span> <span class='ocrx_word' id='word_1_520' title='bbox 877 4196 945 4235; x_wconf 89' lang='lat' dir='ltr'>ac</span> <span class='ocrx_word' id='word_1_521' title='bbox 974 4179 1373 4251; x_wconf 89' lang='lat' dir='ltr'>incorporeas,</span> <span class='ocrx_word' id='word_1_522' title='bbox 1409 4178 1466 4233; x_wconf 92' lang='lat' dir='ltr'>id</span> <span class='ocrx_word' id='word_1_523' title='bbox 1500 4181 1591 4233; x_wconf 91' lang='lat' dir='ltr'>est</span> <span class='ocrx_word' id='word_1_524' title='bbox 1641 4176 1897 4249; x_wconf 86' lang='lat' dir='ltr'>angelos.</span> <span class='ocrx_word' id='word_1_525' title='bbox 1951 4179 2100 4236; x_wconf 87' lang='lat' dir='ltr'>Nota</span> 
     </span>
    </p>
   </div>
   <div class='ocr_carea' id='block_1_75' title="bbox 438 4263 2101 4345">
    <p class='ocr_par' dir='ltr' id='par_1_75' title="bbox 438 4263 2101 4345">
     <span class='ocr_line' id='line_1_75' title="bbox 438 4263 2101 4345; baseline -0.002 -21"><span class='ocrx_word' id='word_1_526' title='bbox 438 4269 502 4324; x_wconf 85' lang='grc' dir='ltr'>τὸ</span> <span class='ocrx_word' id='word_1_527' title='bbox 524 4268 849 4345; x_wconf 82' lang='grc' dir='ltr'>ἀρχηγικῶς</span> <span class='ocrx_word' id='word_1_528' title='bbox 873 4267 1014 4340; x_wconf 87' lang='lat' dir='ltr'>quia</span> <span class='ocrx_word' id='word_1_529' title='bbox 1037 4267 1225 4339; x_wconf 90' lang='lat' dir='ltr'>primo</span> <span class='ocrx_word' id='word_1_530' title='bbox 1247 4266 1373 4322; x_wconf 90' lang='lat' dir='ltr'>loco</span> <span class='ocrx_word' id='word_1_531' title='bbox 1396 4263 1686 4332; x_wconf 78' lang='lat' dir='ltr'>substitit,</span> <span class='ocrx_word' id='word_1_532' title='bbox 1702 4265 1843 4321; x_wconf 88' lang='lat' dir='ltr'>dicit</span> <span class='ocrx_word' id='word_1_533' title='bbox 1860 4266 1921 4319; x_wconf 84' lang='grc' dir='ltr'>τὸ</span> <span class='ocrx_word' id='word_1_534' title='bbox 1940 4265 2101 4342; x_wconf 81' lang='grc' dir='ltr'>ὑπερ-</span> 
     </span>
    </p>
   </div>
   <div class='ocr_carea' id='block_1_76' title="bbox 440 4353 2094 4431">
    <p class='ocr_par' dir='ltr' id='par_1_76' title="bbox 440 4353 2094 4431">
     <span class='ocr_line' id='line_1_76' title="bbox 440 4353 2094 4431; baseline 0.001 -19"><span class='ocrx_word' id='word_1_535' title='bbox 440 4353 622 4413; x_wconf 80' lang='grc' dir='ltr'>ούσίον</span> <span class='ocrx_word' id='word_1_536' title='bbox 653 4376 756 4431; x_wconf 88' lang='lat' dir='ltr'>pro</span> <span class='ocrx_word' id='word_1_537' title='bbox 785 4360 961 4421; x_wconf 88' lang='lat' dir='ltr'>Deus,</span> <span class='ocrx_word' id='word_1_538' title='bbox 1016 4357 1180 4411; x_wconf 90' lang='lat' dir='ltr'>solus</span> <span class='ocrx_word' id='word_1_539' title='bbox 1230 4354 1383 4409; x_wconf 88' lang='lat' dir='ltr'>enim</span> <span class='ocrx_word' id='word_1_540' title='bbox 1434 4356 1581 4411; x_wconf 73' lang='lat'>22!</span> <span class='ocrx_word' id='word_1_541' title='bbox 1642 4354 2094 4428; x_wconf 87' lang='lat' dir='ltr'>intelligibilium</span> 
     </span>
    </p>
   </div>
   <div class='ocr_carea' id='block_1_77' title="bbox 441 4443 2097 4515">
    <p class='ocr_par' dir='ltr' id='par_1_77' title="bbox 441 4443 2097 4515">
     <span class='ocr_line' id='line_1_77' title="bbox 441 4443 2097 4515; baseline 0 -12"><span class='ocrx_word' id='word_1_542' title='bbox 441 4465 509 4503; x_wconf 90' lang='lat' dir='ltr'>ac</span> <span class='ocrx_word' id='word_1_543' title='bbox 552 4446 861 4503; x_wconf 89' lang='lat' dir='ltr'>sensilium</span> <span class='ocrx_word' id='word_1_544' title='bbox 910 4449 1155 4501; x_wconf 84' lang='lat' dir='ltr'>creator.</span> <span class='ocrx_word' id='word_1_545' title='bbox 1189 4443 1314 4498; x_wconf 90' lang='lat' dir='ltr'>Non</span> <span class='ocrx_word' id='word_1_546' title='bbox 1374 4443 1532 4498; x_wconf 88' lang='lat' dir='ltr'>enim</span> <span class='ocrx_word' id='word_1_547' title='bbox 1587 4447 1815 4515; x_wconf 87' lang='lat' dir='ltr'>oportet</span> <span class='ocrx_word' id='word_1_548' title='bbox 1862 4445 2097 4503; x_wconf 88' lang='lat' dir='ltr'>credere</span> 
     </span>
    </p>
   </div>
   <div class='ocr_carea' id='block_1_78' title="bbox 2209 3283 3867 3362">
    <p class='ocr_par' dir='ltr' id='par_1_78' title="bbox 2209 3283 3867 3362">
     <span class='ocr_line' id='line_1_78' title="bbox 2209 3283 3867 3362; baseline -0.002 -19"><span class='ocrx_word' id='word_1_549' title='bbox 2209 3288 2299 3343; x_wconf 82' lang='grc' dir='ltr'>καὶ</span> <span class='ocrx_word' id='word_1_550' title='bbox 2330 3293 2439 3343; x_wconf 90' lang='grc' dir='ltr'>τῶν</span> <span class='ocrx_word' id='word_1_551' title='bbox 2472 3293 2702 3346; x_wconf 76' lang='grc' dir='ltr'>Λοιπῶν.</span> <span class='ocrx_word' id='word_1_552' title='bbox 2733 3290 2828 3346; x_wconf 80' lang='grc' dir='ltr'>Ἐκ</span> <span class='ocrx_word' id='word_1_553' title='bbox 2853 3293 2962 3345; x_wconf 92' lang='grc' dir='ltr'>τῶν</span> <span class='ocrx_word' id='word_1_554' title='bbox 2997 3283 3168 3353; x_wconf 77' lang='grc' dir='ltr'>ὅντων</span> <span class='ocrx_word' id='word_1_555' title='bbox 3216 3287 3428 3362; x_wconf 82' lang='grc' dir='ltr'>τοίνυν,</span> <span class='ocrx_word' id='word_1_556' title='bbox 3460 3288 3717 3344; x_wconf 73' lang='grc' dir='ltr'>τουτέστι</span> <span class='ocrx_word' id='word_1_557' title='bbox 3764 3291 3867 3341; x_wconf 87' lang='grc' dir='ltr'>τῶν</span> 
     </span>
    </p>
   </div>
   <div class='ocr_carea' id='block_1_79' title="bbox 2211 3373 3869 3454">
    <p class='ocr_par' dir='ltr' id='par_1_79' title="bbox 2211 3373 3869 3454">
     <span class='ocr_line' id='line_1_79' title="bbox 2211 3373 3869 3454; baseline -0.001 -23"><span class='ocrx_word' id='word_1_558' title='bbox 2211 3374 2263 3431; x_wconf 83' lang='grc' dir='ltr'>έν</span> <span class='ocrx_word' id='word_1_559' title='bbox 2295 3381 2411 3439; x_wconf 84' lang='grc' dir='ltr'>τοῖς</span> <span class='ocrx_word' id='word_1_560' title='bbox 2444 3375 2561 3432; x_wconf 76' lang='grc' dir='ltr'>οὖσι</span> <span class='ocrx_word' id='word_1_561' title='bbox 2613 3376 3023 3453; x_wconf 65' lang='grc' dir='ltr'>θεωρουμένων,</span> <span class='ocrx_word' id='word_1_562' title='bbox 3056 3376 3270 3454; x_wconf 86' lang='grc' dir='ltr'>λέγεται</span> <span class='ocrx_word' id='word_1_563' title='bbox 3303 3378 3331 3432; x_wconf 93' lang='lat'>6</span> <span class='ocrx_word' id='word_1_564' title='bbox 3362 3379 3504 3441; x_wconf 85' lang='grc' dir='ltr'>ϐεὸς</span> <span class='ocrx_word' id='word_1_565' title='bbox 3559 3384 3663 3448; x_wconf 77' lang='grc' dir='ltr'>τῆς</span> <span class='ocrx_word' id='word_1_566' title='bbox 3717 3373 3869 3431; x_wconf 80' lang='grc' dir='ltr'>αὑτο-</span> 
     </span>
    </p>
   </div>
   <div class='ocr_carea' id='block_1_80' title="bbox 2212 3462 3867 3543">
    <p class='ocr_par' dir='ltr' id='par_1_80' title="bbox 2212 3462 3867 3543">
     <span class='ocr_line' id='line_1_80' title="bbox 2212 3462 3867 3543; baseline -0.001 -24"><span class='ocrx_word' id='word_1_567' title='bbox 2212 3468 2380 3535; x_wconf 79' lang='grc' dir='ltr'>ζωῆς,</span> <span class='ocrx_word' id='word_1_568' title='bbox 2412 3463 2582 3540; x_wconf 69' lang='grc' dir='ltr'>⁴ἤγουν</span> <span class='ocrx_word' id='word_1_569' title='bbox 2615 3470 2712 3521; x_wconf 77' lang='grc' dir='ltr'>τοῦ</span> <span class='ocrx_word' id='word_1_570' title='bbox 2742 3465 2907 3521; x_wconf 80' lang='grc' dir='ltr'>αὑτοῦ</span> <span class='ocrx_word' id='word_1_571' title='bbox 2936 3466 3256 3543; x_wconf 68' lang='grc' dir='ltr'>πράγματος</span> <span class='ocrx_word' id='word_1_572' title='bbox 3297 3466 3384 3521; x_wconf 73' lang='grc' dir='ltr'>καὶ</span> <span class='ocrx_word' id='word_1_573' title='bbox 3420 3470 3529 3522; x_wconf 79' lang='grc' dir='ltr'>τοῦ</span> <span class='ocrx_word' id='word_1_574' title='bbox 3563 3464 3745 3529; x_wconf 69' lang='grc' dir='ltr'>εἴδους</span> <span class='ocrx_word' id='word_1_575' title='bbox 3781 3462 3867 3518; x_wconf 60' lang='grc' dir='ltr'>αὑ.</span> 
     </span>
    </p>
   </div>
   <div class='ocr_carea' id='block_1_81' title="bbox 2207 3552 3868 3631">
    <p class='ocr_par' dir='ltr' id='par_1_81' title="bbox 2207 3552 3868 3631">
     <span class='ocr_line' id='line_1_81' title="bbox 2207 3552 3868 3631; baseline -0.001 -22"><span class='ocrx_word' id='word_1_576' title='bbox 2207 3560 2307 3624; x_wconf 81' lang='grc' dir='ltr'>τῆς</span> <span class='ocrx_word' id='word_1_577' title='bbox 2338 3554 2641 3624; x_wconf 83' lang='grc' dir='ltr'>ὑποστάτης</span> <span class='ocrx_word' id='word_1_578' title='bbox 2670 3554 2757 3608; x_wconf 82' lang='grc' dir='ltr'>καὶ</span> <span class='ocrx_word' id='word_1_579' title='bbox 2790 3552 3147 3631; x_wconf 76' lang='grc' dir='ltr'>παραγωγεῦς</span> <span class='ocrx_word' id='word_1_580' title='bbox 3185 3573 3199 3588; x_wconf 72' lang='grc'><strong>⁸</strong></span> <span class='ocrx_word' id='word_1_581' title='bbox 3234 3553 3286 3625; x_wconf 69' lang='grc' dir='ltr'><strong>ἐξ</strong></span> <span class='ocrx_word' id='word_1_582' title='bbox 3317 3555 3441 3618; x_wconf 71' lang='grc' dir='ltr'>ἱνὸς</span> <span class='ocrx_word' id='word_1_583' title='bbox 3487 3555 3598 3631; x_wconf 75' lang='grc' dir='ltr'>γὰρ</span> <span class='ocrx_word' id='word_1_584' title='bbox 3648 3558 3747 3610; x_wconf 71' lang='grc' dir='ltr'>τοῦ</span> <span class='ocrx_word' id='word_1_585' title='bbox 3774 3558 3868 3621; x_wconf 78' lang='grc' dir='ltr'>τῆς</span> 
     </span>
    </p>
   </div>
   <div class='ocr_carea' id='block_1_82' title="bbox 2213 3638 3866 3718">
    <p class='ocr_par' dir='ltr' id='par_1_82' title="bbox 2213 3638 3866 3718">
     <span class='ocr_line' id='line_1_82' title="bbox 2213 3638 3866 3718; baseline 0 -21"><span class='ocrx_word' id='word_1_586' title='bbox 2213 3647 2357 3712; x_wconf 86' lang='grc' dir='ltr'>ζωῆς</span> <span class='ocrx_word' id='word_1_587' title='bbox 2405 3640 2494 3696; x_wconf 75' lang='grc' dir='ltr'>καὶ</span> <span class='ocrx_word' id='word_1_588' title='bbox 2544 3642 2668 3718; x_wconf 83' lang='grc' dir='ltr'>περὶ</span> <span class='ocrx_word' id='word_1_589' title='bbox 2716 3646 2824 3697; x_wconf 89' lang='grc' dir='ltr'>τῶν</span> <span class='ocrx_word' id='word_1_590' title='bbox 2885 3643 3095 3716; x_wconf 73' lang='grc' dir='ltr'>ὁμοίων</span> <span class='ocrx_word' id='word_1_591' title='bbox 3123 3643 3272 3715; x_wconf 79' lang='grc' dir='ltr'>ἡμᾶς</span> <span class='ocrx_word' id='word_1_592' title='bbox 3305 3642 3527 3716; x_wconf 83' lang='grc' dir='ltr'>ὁμοίως</span> <span class='ocrx_word' id='word_1_593' title='bbox 3572 3648 3722 3698; x_wconf 85' lang='grc' dir='ltr'>νοεῖν</span> <span class='ocrx_word' id='word_1_594' title='bbox 3772 3638 3866 3697; x_wconf 81' lang='grc' dir='ltr'>δεῖ.</span> 
     </span>
    </p>
   </div>
   <div class='ocr_carea' id='block_1_83' title="bbox 2208 3728 3869 3808">
    <p class='ocr_par' dir='ltr' id='par_1_83' title="bbox 2208 3728 3869 3808">
     <span class='ocr_line' id='line_1_83' title="bbox 2208 3728 3869 3808; baseline -0.003 -19"><span class='ocrx_word' id='word_1_595' title='bbox 2208 3734 2373 3789; x_wconf 73' lang='grc' dir='ltr'>’Όταν</span> <span class='ocrx_word' id='word_1_596' title='bbox 2404 3728 2462 3786; x_wconf 78' lang='grc' dir='ltr'>δὲ</span> <span class='ocrx_word' id='word_1_597' title='bbox 2491 3732 2519 3786; x_wconf 92' lang='lat'>6</span> <span class='ocrx_word' id='word_1_598' title='bbox 2540 3731 2670 3794; x_wconf 84' lang='grc' dir='ltr'>Θεὸς</span> <span class='ocrx_word' id='word_1_599' title='bbox 2700 3731 2859 3795; x_wconf 82' lang='grc' dir='ltr'>αὐτὸς</span> <span class='ocrx_word' id='word_1_600' title='bbox 2890 3730 3123 3808; x_wconf 86' lang='grc' dir='ltr'>λέγηται</span> <span class='ocrx_word' id='word_1_601' title='bbox 3157 3731 3411 3801; x_wconf 81' lang='grc' dir='ltr'>αὑτοζωὴ</span> <span class='ocrx_word' id='word_1_602' title='bbox 3446 3733 3540 3788; x_wconf 77' lang='grc' dir='ltr'>καὶ</span> <span class='ocrx_word' id='word_1_603' title='bbox 3577 3733 3651 3787; x_wconf 77' lang='grc' dir='ltr'>τὰ</span> <span class='ocrx_word' id='word_1_604' title='bbox 3700 3750 3869 3806; x_wconf 81' lang='grc' dir='ltr'>παρα-</span> 
     </span>
    </p>
   </div>
   <div class='ocr_carea' id='block_1_84' title="bbox 2207 3818 3870 3899">
    <p class='ocr_par' dir='ltr' id='par_1_84' title="bbox 2207 3818 3870 3899">
     <span class='ocr_line' id='line_1_84' title="bbox 2207 3818 3870 3899; baseline -0.001 -23"><span class='ocrx_word' id='word_1_605' title='bbox 2207 3820 2443 3892; x_wconf 72' lang='grc' dir='ltr'>πλήσια,</span> <span class='ocrx_word' id='word_1_606' title='bbox 2475 3819 2550 3883; x_wconf 88' lang='grc' dir='ltr'>ὠς</span> <span class='ocrx_word' id='word_1_607' title='bbox 2579 3824 2747 3876; x_wconf 74' lang='grc' dir='ltr'>ταῦτα</span> <span class='ocrx_word' id='word_1_608' title='bbox 2779 3819 3042 3896; x_wconf 82' lang='grc' dir='ltr'>ὑπάρχων</span> <span class='ocrx_word' id='word_1_609' title='bbox 3090 3819 3224 3897; x_wconf 74' lang='grc' dir='ltr'>ὑπὲρ</span> <span class='ocrx_word' id='word_1_610' title='bbox 3276 3818 3438 3899; x_wconf 76' lang='grc' dir='ltr'>φύσιν</span> <span class='ocrx_word' id='word_1_611' title='bbox 3491 3826 3675 3876; x_wconf 77' lang='grc' dir='ltr'>πᾶσαν</span> <span class='ocrx_word' id='word_1_612' title='bbox 3729 3819 3870 3897; x_wconf 79' lang='grc' dir='ltr'>λέγε-</span> 
     </span>
    </p>
   </div>
   <div class='ocr_carea' id='block_1_85' title="bbox 2205 3907 3868 3987">
    <p class='ocr_par' dir='ltr' id='par_1_85' title="bbox 2205 3907 3868 3987">
     <span class='ocr_line' id='line_1_85' title="bbox 2205 3907 3868 3987; baseline -0.002 -20"><span class='ocrx_word' id='word_1_613' title='bbox 2205 3932 2316 3982; x_wconf 88' lang='grc' dir='ltr'>ται,</span> <span class='ocrx_word' id='word_1_614' title='bbox 2372 3907 2540 3985; x_wconf 71' lang='grc' dir='ltr'>ἤγουν</span> <span class='ocrx_word' id='word_1_615' title='bbox 2585 3909 2687 3971; x_wconf 63' lang='grc' dir='ltr'>,καὶ</span> <span class='ocrx_word' id='word_1_616' title='bbox 2757 3910 2889 3986; x_wconf 69' lang='grc' dir='ltr'>ὑπὲρ</span> <span class='ocrx_word' id='word_1_617' title='bbox 2940 3908 3227 3987; x_wconf 84' lang='grc' dir='ltr'>ἀγγέλους,</span> <span class='ocrx_word' id='word_1_618' title='bbox 3282 3910 3373 3965; x_wconf 82' lang='grc' dir='ltr'>καὶ</span> <span class='ocrx_word' id='word_1_619' title='bbox 3436 3918 3625 3967; x_wconf 74' lang='grc' dir='ltr'>πᾶσαν</span> <span class='ocrx_word' id='word_1_620' title='bbox 3688 3908 3868 3984; x_wconf 79' lang='grc' dir='ltr'>νοερᾶν</span> 
     </span>
    </p>
   </div>
   <div class='ocr_carea' id='block_1_86' title="bbox 2209 3999 2418 4056">
    <p class='ocr_par' dir='ltr' id='par_1_86' title="bbox 2209 3999 2418 4056">
     <span class='ocr_line' id='line_1_86' title="bbox 2209 3999 2418 4056; baseline 0 0"><span class='ocrx_word' id='word_1_621' title='bbox 2209 3999 2418 4056; x_wconf 80' lang='grc' dir='ltr'>οὐσίαν.</span> 
     </span>
    </p>
   </div>
   <div class='ocr_carea' id='block_1_87' title="bbox 2280 4085 3872 4167">
    <p class='ocr_par' dir='ltr' id='par_1_87' title="bbox 2280 4085 3872 4167">
     <span class='ocr_line' id='line_1_87' title="bbox 2280 4085 3872 4167; baseline -0.003 -22"><span class='ocrx_word' id='word_1_622' title='bbox 2280 4091 2375 4146; x_wconf 79' lang='grc' dir='ltr'>Ἐκ</span> <span class='ocrx_word' id='word_1_623' title='bbox 2397 4094 2504 4143; x_wconf 83' lang='grc' dir='ltr'>τῶν</span> <span class='ocrx_word' id='word_1_624' title='bbox 2537 4090 2790 4162; x_wconf 65' lang='grc' dir='ltr'>πρώτως.</span> <span class='ocrx_word' id='word_1_625' title='bbox 2824 4090 3065 4164; x_wconf 85' lang='grc' dir='ltr'>ΙΙρώτως</span> <span class='ocrx_word' id='word_1_626' title='bbox 3125 4085 3258 4144; x_wconf 76' lang='grc' dir='ltr'>ὄντα</span> <span class='ocrx_word' id='word_1_627' title='bbox 3305 4089 3406 4152; x_wconf 72' lang='grc' dir='ltr'>τὰς</span> <span class='ocrx_word' id='word_1_628' title='bbox 3474 4088 3687 4162; x_wconf 77' lang='grc' dir='ltr'>νοητάς</span> <span class='ocrx_word' id='word_1_629' title='bbox 3746 4110 3872 4167; x_wconf 64' lang='grc' dir='ltr'>φησι</span> 
     </span>
    </p>
   </div>
   <div class='ocr_carea' id='block_1_88' title="bbox 2209 4176 3878 4255">
    <p class='ocr_par' dir='ltr' id='par_1_88' title="bbox 2209 4176 3878 4255">
     <span class='ocr_line' id='line_1_88' title="bbox 2209 4176 3878 4255; baseline -0.001 -21"><span class='ocrx_word' id='word_1_630' title='bbox 2209 4176 2712 4255; x_wconf 66' lang='grc' dir='ltr'>δημεουργίας,τᾶς</span> <span class='ocrx_word' id='word_1_631' title='bbox 2769 4177 2858 4233; x_wconf 78' lang='grc' dir='ltr'>καὶ</span> <span class='ocrx_word' id='word_1_632' title='bbox 2916 4176 3260 4252; x_wconf 84' lang='grc' dir='ltr'>ἀσωμάτους,</span> <span class='ocrx_word' id='word_1_633' title='bbox 3288 4182 3549 4234; x_wconf 69' lang='grc' dir='ltr'>τουτέστι</span> <span class='ocrx_word' id='word_1_634' title='bbox 3602 4180 3737 4243; x_wconf 78' lang='grc' dir='ltr'>τοὺς</span> <span class='ocrx_word' id='word_1_635' title='bbox 3789 4179 3878 4252; x_wconf 81' lang='grc' dir='ltr'>ἆγ-</span> 
     </span>
    </p>
   </div>
   <div class='ocr_carea' id='block_1_89' title="bbox 2208 4267 3873 4347">
    <p class='ocr_par' dir='ltr' id='par_1_89' title="bbox 2208 4267 3873 4347">
     <span class='ocr_line' id='line_1_89' title="bbox 2208 4267 3873 4347; baseline -0.001 -24"><span class='ocrx_word' id='word_1_636' title='bbox 2208 4267 2429 4345; x_wconf 84' lang='grc' dir='ltr'>γέλους.</span> <span class='ocrx_word' id='word_1_637' title='bbox 2458 4270 2502 4305; x_wconf 72' lang='lat'>“</span> <span class='ocrx_word' id='word_1_638' title='bbox 2527 4267 2844 4341; x_wconf 84' lang='grc' dir='ltr'>Σημείωσαι</span> <span class='ocrx_word' id='word_1_639' title='bbox 2875 4268 2937 4323; x_wconf 90' lang='grc' dir='ltr'>τὸ</span> <span class='ocrx_word' id='word_1_640' title='bbox 2970 4269 3320 4345; x_wconf 81' lang='grc' dir='ltr'>ἀρχηγικῶς,</span> <span class='ocrx_word' id='word_1_641' title='bbox 3344 4267 3435 4324; x_wconf 73' lang='grc' dir='ltr'>ὅτι</span> <span class='ocrx_word' id='word_1_642' title='bbox 3471 4272 3723 4344; x_wconf 81' lang='grc' dir='ltr'>πρώτως</span> <span class='ocrx_word' id='word_1_643' title='bbox 3756 4267 3873 4347; x_wconf 47' lang='lat' dir='ltr'>639i.-</span> 
     </span>
    </p>
   </div>
   <div class='ocr_carea' id='block_1_90' title="bbox 2208 4354 3880 4435">
    <p class='ocr_par' dir='ltr' id='par_1_90' title="bbox 2208 4354 3880 4435">
     <span class='ocr_line' id='line_1_90' title="bbox 2208 4354 3880 4435; baseline 0 -22"><span class='ocrx_word' id='word_1_644' title='bbox 2208 4378 2392 4429; x_wconf 82' lang='grc' dir='ltr'>στηκε,</span> <span class='ocrx_word' id='word_1_645' title='bbox 2427 4357 2580 4435; x_wconf 77' lang='grc' dir='ltr'>φησὶ,</span> <span class='ocrx_word' id='word_1_646' title='bbox 2608 4357 2669 4412; x_wconf 89' lang='grc' dir='ltr'>τὸ</span> <span class='ocrx_word' id='word_1_647' title='bbox 2705 4354 3024 4433; x_wconf 80' lang='grc' dir='ltr'>ὑπεροὺσιον</span> <span class='ocrx_word' id='word_1_648' title='bbox 3085 4358 3202 4413; x_wconf 83' lang='grc' dir='ltr'>ἀντὶ</span> <span class='ocrx_word' id='word_1_649' title='bbox 3240 4362 3363 4426; x_wconf 80' lang='grc' dir='ltr'>τοῦ,</span> <span class='ocrx_word' id='word_1_650' title='bbox 3401 4359 3433 4414; x_wconf 90' lang='grc' dir='ltr'><strong>ὁ</strong></span> <span class='ocrx_word' id='word_1_651' title='bbox 3490 4360 3633 4422; x_wconf 81' lang='grc' dir='ltr'>Θεὸς</span> <span class='ocrx_word' id='word_1_652' title='bbox 3668 4380 3680 4393; x_wconf 78' lang='grc' dir='ltr'><strong>ο</strong></span> <span class='ocrx_word' id='word_1_653' title='bbox 3719 4360 3880 4432; x_wconf 82' lang='grc' dir='ltr'>μόνος</span> 
     </span>
    </p>
   </div>
   <div class='ocr_carea' id='block_1_91' title="bbox 2205 4445 3875 4525">
    <p class='ocr_par' dir='ltr' id='par_1_91' title="bbox 2205 4445 3875 4525">
     <span class='ocr_line' id='line_1_91' title="bbox 2205 4445 3875 4525; baseline -0.001 -24"><span class='ocrx_word' id='word_1_654' title='bbox 2205 4448 2307 4522; x_wconf 78' lang='grc' dir='ltr'>γὰρ</span> <span class='ocrx_word' id='word_1_655' title='bbox 2338 4447 2580 4517; x_wconf 79' lang='grc' dir='ltr'>ποιητὴς</span> <span class='ocrx_word' id='word_1_656' title='bbox 2611 4450 2821 4517; x_wconf 83' lang='grc' dir='ltr'>νοητῶν</span> <span class='ocrx_word' id='word_1_657' title='bbox 2848 4445 2938 4501; x_wconf 85' lang='grc' dir='ltr'>καὶ</span> <span class='ocrx_word' id='word_1_658' title='bbox 2989 4445 3260 4518; x_wconf 82' lang='grc' dir='ltr'>αἰσθητῶν</span> <span class='ocrx_word' id='word_1_659' title='bbox 3298 4467 3312 4479; x_wconf 88' lang='grc'><strong>·</strong></span> <span class='ocrx_word' id='word_1_660' title='bbox 3346 4446 3411 4501; x_wconf 77' lang='grc' dir='ltr'>οὐ</span> <span class='ocrx_word' id='word_1_661' title='bbox 3468 4448 3582 4525; x_wconf 70' lang='grc' dir='ltr'>γὰρ</span> <span class='ocrx_word' id='word_1_662' title='bbox 3632 4446 3720 4503; x_wconf 75' lang='grc' dir='ltr'>δεῖ</span> <span class='ocrx_word' id='word_1_663' title='bbox 3766 4446 3875 4502; x_wconf 84' lang='grc' dir='ltr'>πεί-</span> 
     </span>
    </p>
   </div>
   <div class='ocr_carea' id='block_1_92' title="bbox 440 4531 2101 4613">
    <p class='ocr_par' dir='ltr' id='par_1_92' title="bbox 440 4531 2096 4607">
     <span class='ocr_line' id='line_1_92' title="bbox 440 4531 2096 4607; baseline 0.001 -17"><span class='ocrx_word' id='word_1_664' title='bbox 440 4535 561 4590; x_wconf 89' lang='lat' dir='ltr'>illis</span> <span class='ocrx_word' id='word_1_665' title='bbox 593 4534 693 4607; x_wconf 91' lang='lat' dir='ltr'>qui</span> <span class='ocrx_word' id='word_1_666' title='bbox 725 4534 927 4589; x_wconf 90' lang='lat' dir='ltr'>dicunt</span> <span class='ocrx_word' id='word_1_667' title='bbox 956 4531 1264 4588; x_wconf 87' lang='lat' dir='ltr'>creatriccs</span> <span class='ocrx_word' id='word_1_668' title='bbox 1308 4531 1411 4587; x_wconf 84' lang='lat' dir='ltr'>Dei</span> <span class='ocrx_word' id='word_1_669' title='bbox 1459 4531 1709 4588; x_wconf 84' lang='lat' dir='ltr'>virtutes</span> <span class='ocrx_word' id='word_1_670' title='bbox 1758 4533 1898 4589; x_wconf 87' lang='lat' dir='ltr'>deos</span> <span class='ocrx_word' id='word_1_671' title='bbox 1947 4551 2096 4605; x_wconf 89' lang='lat' dir='ltr'>esse,</span> 
     </span>
    </p>
   </div>
   <div class='ocr_carea' id='block_1_93' title="bbox 2230 4531 3881 4613">
    <p class='ocr_par' dir='ltr' id='par_1_93' title="bbox 2230 4532 3881 4612">
     <span class='ocr_line' id='line_1_93' title="bbox 2230 4532 3881 4612; baseline -0.001 -21"><span class='ocrx_word' id='word_1_672' title='bbox 2230 4547 2388 4601; x_wconf 63' lang='lat' dir='ltr'>lacent</span> <span class='ocrx_word' id='word_1_673' title='bbox 2449 4540 2567 4598; x_wconf 84' lang='grc' dir='ltr'>τοῖς</span> <span class='ocrx_word' id='word_1_674' title='bbox 2613 4532 2832 4612; x_wconf 82' lang='grc' dir='ltr'>λέγουσι</span> <span class='ocrx_word' id='word_1_675' title='bbox 2884 4535 2979 4599; x_wconf 80' lang='grc' dir='ltr'>τὰς</span> <span class='ocrx_word' id='word_1_676' title='bbox 3012 4532 3417 4611; x_wconf 75' lang='grc' dir='ltr'>δημιουργικὰς</span> <span class='ocrx_word' id='word_1_677' title='bbox 3458 4533 3735 4611; x_wconf 81' lang='grc' dir='ltr'>δυνάμεις</span> <span class='ocrx_word' id='word_1_678' title='bbox 3788 4539 3881 4591; x_wconf 74' lang='grc' dir='ltr'>τοῦ</span> 
     </span>
    </p>
   </div>
   <div class='ocr_carea' id='block_1_94' title="bbox 441 4618 2101 4702">
    <p class='ocr_par' dir='ltr' id='par_1_94' title="bbox 441 4618 2098 4696">
     <span class='ocr_line' id='line_1_94' title="bbox 441 4618 2098 4696; baseline 0.001 -17"><span class='ocrx_word' id='word_1_679' title='bbox 441 4623 597 4696; x_wconf 90' lang='lat' dir='ltr'>quod</span> <span class='ocrx_word' id='word_1_680' title='bbox 628 4622 843 4678; x_wconf 86' lang='lat' dir='ltr'>falsum</span> <span class='ocrx_word' id='word_1_681' title='bbox 875 4626 1003 4677; x_wconf 88' lang='lat' dir='ltr'>est:</span> <span class='ocrx_word' id='word_1_682' title='bbox 1036 4636 1173 4677; x_wconf 90' lang='lat' dir='ltr'>nam</span> <span class='ocrx_word' id='word_1_683' title='bbox 1228 4618 1392 4675; x_wconf 90' lang='lat' dir='ltr'>solus</span> <span class='ocrx_word' id='word_1_684' title='bbox 1449 4619 1605 4676; x_wconf 91' lang='lat' dir='ltr'>Deus</span> <span class='ocrx_word' id='word_1_685' title='bbox 1658 4627 1902 4678; x_wconf 85' lang='lat' dir='ltr'>creator.</span> <span class='ocrx_word' id='word_1_686' title='bbox 1950 4623 2098 4681; x_wconf 83' lang='lat' dir='ltr'>Nota</span> 
     </span>
    </p>
   </div>
   <div class='ocr_carea' id='block_1_95' title="bbox 2230 4618 3879 4702">
    <p class='ocr_par' dir='ltr' id='par_1_95' title="bbox 2230 4620 3879 4702">
     <span class='ocr_line' id='line_1_95' title="bbox 2230 4620 3879 4702; baseline -0.001 -23"><span class='ocrx_word' id='word_1_687' title='bbox 2230 4628 2363 4693; x_wconf 65' lang='lat'>5505,</span> <span class='ocrx_word' id='word_1_688' title='bbox 2400 4624 2553 4689; x_wconf 77' lang='grc' dir='ltr'>θεοὺς</span> <span class='ocrx_word' id='word_1_689' title='bbox 2588 4624 2744 4693; x_wconf 72' lang='grc' dir='ltr'>εἶναι,</span> <span class='ocrx_word' id='word_1_690' title='bbox 2776 4624 2905 4700; x_wconf 78' lang='grc' dir='ltr'>ὅπερ</span> <span class='ocrx_word' id='word_1_691' title='bbox 2939 4624 3039 4679; x_wconf 77' lang='grc' dir='ltr'>οὐκ</span> <span class='ocrx_word' id='word_1_692' title='bbox 3086 4620 3205 4680; x_wconf 80' lang='grc' dir='ltr'>ἔστι</span> <span class='ocrx_word' id='word_1_693' title='bbox 3237 4643 3249 4655; x_wconf 95' lang='grc'><strong>·</strong></span> <span class='ocrx_word' id='word_1_694' title='bbox 3283 4627 3461 4698; x_wconf 83' lang='grc' dir='ltr'>μόνος</span> <span class='ocrx_word' id='word_1_695' title='bbox 3511 4626 3622 4702; x_wconf 70' lang='grc' dir='ltr'>γὰρ</span> <span class='ocrx_word' id='word_1_696' title='bbox 3675 4627 3705 4681; x_wconf 87' lang='lat'>6</span> <span class='ocrx_word' id='word_1_697' title='bbox 3754 4626 3879 4685; x_wconf 81' lang='grc' dir='ltr'>Θεὸς</span> 
     </span>
    </p>
   </div>
   <div class='ocr_carea' id='block_1_96' title="bbox 442 4708 2095 4781">
    <p class='ocr_par' dir='ltr' id='par_1_96' title="bbox 442 4708 2095 4781">
     <span class='ocr_line' id='line_1_96' title="bbox 442 4708 2095 4781; baseline -0.001 -11"><span class='ocrx_word' id='word_1_698' title='bbox 442 4712 638 4771; x_wconf 90' lang='lat' dir='ltr'>solum</span> <span class='ocrx_word' id='word_1_699' title='bbox 675 4713 853 4767; x_wconf 87' lang='lat' dir='ltr'>Deum</span> <span class='ocrx_word' id='word_1_700' title='bbox 898 4714 1220 4768; x_wconf 87' lang='lat' dir='ltr'>creatorem</span> <span class='ocrx_word' id='word_1_701' title='bbox 1253 4708 1713 4781; x_wconf 90' lang='lat' dir='ltr'>intelligibilium</span> <span class='ocrx_word' id='word_1_702' title='bbox 1746 4727 1812 4766; x_wconf 87' lang='lat' dir='ltr'>ac</span> <span class='ocrx_word' id='word_1_703' title='bbox 1843 4713 2095 4769; x_wconf 82' lang='lat' dir='ltr'>sensibi-</span> 
     </span>
    </p>
   </div>
   <div class='ocr_carea' id='block_1_97' title="bbox 444 4801 1619 4961">
    <p class='ocr_par' dir='ltr' id='par_1_97' title="bbox 444 4801 1619 4961">
     <span class='ocr_line' id='line_1_97' title="bbox 444 4801 1619 4961; baseline -0.004 -15"><span class='ocrx_word' id='word_1_704' title='bbox 444 4801 849 4960; x_wconf 52' lang='lat' dir='ltr'>li“(.‘riilrilorlum,</span> <span class='ocrx_word' id='word_1_705' title='bbox 882 4889 985 4944; x_wconf 89' lang='lat' dir='ltr'>Gr.</span> <span class='ocrx_word' id='word_1_706' title='bbox 1025 4882 1282 4961; x_wconf 64' lang='grc' dir='ltr'>ἀγκῦλον.</span> <span class='ocrx_word' id='word_1_707' title='bbox 1317 4886 1619 4941; x_wconf 86' lang='lat' dir='ltr'>Inﬂexum.</span> 
     </span>
    </p>
   </div>
   <div class='ocr_carea' id='block_1_98' title="bbox 440 5069 980 5143">
    <p class='ocr_par' dir='ltr' id='par_1_98' title="bbox 440 5069 980 5143">
     <span class='ocr_line' id='line_1_98' title="bbox 440 5069 980 5143; baseline -0.002 -19"><span class='ocrx_word' id='word_1_708' title='bbox 440 5071 519 5143; x_wconf 81' lang='grc' dir='ltr'>(α)</span> <span class='ocrx_word' id='word_1_709' title='bbox 549 5069 760 5142; x_wconf 87' lang='lat' dir='ltr'>Ephes.</span> <span class='ocrx_word' id='word_1_710' title='bbox 795 5086 859 5139; x_wconf 85' lang='grc' dir='ltr'>ιι,</span> <span class='ocrx_word' id='word_1_711' title='bbox 893 5069 980 5123; x_wconf 79' lang='grc'>14,</span> 
     </span>
    </p>
   </div>
   <div class='ocr_carea' id='block_1_99' title="bbox 2208 4710 3880 4790">
    <p class='ocr_par' dir='ltr' id='par_1_99' title="bbox 2208 4710 3880 4790">
     <span class='ocr_line' id='line_1_99' title="bbox 2208 4710 3880 4790; baseline 0.001 -22"><span class='ocrx_word' id='word_1_712' title='bbox 2208 4710 2574 4790; x_wconf 78' lang='grc' dir='ltr'>δημιουργός.</span> <span class='ocrx_word' id='word_1_713' title='bbox 2610 4713 2954 4786; x_wconf 82' lang='grc' dir='ltr'>Σημείωσαι,</span> <span class='ocrx_word' id='word_1_714' title='bbox 2986 4712 3068 4769; x_wconf 80' lang='grc' dir='ltr'>δτι</span> <span class='ocrx_word' id='word_1_715' title='bbox 3127 4715 3293 4789; x_wconf 87' lang='grc' dir='ltr'>μόνος</span> <span class='ocrx_word' id='word_1_716' title='bbox 3349 4715 3376 4769; x_wconf 93' lang='lat'>6</span> <span class='ocrx_word' id='word_1_717' title='bbox 3430 4715 3575 4778; x_wconf 85' lang='grc' dir='ltr'>Θεὸς</span> <span class='ocrx_word' id='word_1_718' title='bbox 3640 4714 3880 4785; x_wconf 72' lang='grc' dir='ltr'>ποιητὴς</span> 
     </span>
    </p>
   </div>
   <div class='ocr_carea' id='block_1_100' title="bbox 2205 4801 3113 4873">
    <p class='ocr_par' dir='ltr' id='par_1_100' title="bbox 2205 4801 3113 4873">
     <span class='ocr_line' id='line_1_100' title="bbox 2205 4801 3113 4873; baseline 0.004 -17"><span class='ocrx_word' id='word_1_719' title='bbox 2205 4804 2423 4856; x_wconf 87' lang='grc' dir='ltr'>πάντων</span> <span class='ocrx_word' id='word_1_720' title='bbox 2448 4806 2663 4872; x_wconf 90' lang='grc' dir='ltr'>νοητῶν</span> <span class='ocrx_word' id='word_1_721' title='bbox 2694 4801 2787 4856; x_wconf 81' lang='grc' dir='ltr'>καὶ</span> <span class='ocrx_word' id='word_1_722' title='bbox 2817 4801 3113 4873; x_wconf 83' lang='grc' dir='ltr'>αἰσθητῶν.</span> 
     </span>
    </p>
   </div>
   <div class='ocr_carea' id='block_1_101' title="bbox 2278 4888 2962 4965">
    <p class='ocr_par' dir='ltr' id='par_1_101' title="bbox 2278 4888 2962 4965">
     <span class='ocr_line' id='line_1_101' title="bbox 2278 4888 2962 4965; baseline 0 -21"><span class='ocrx_word' id='word_1_723' title='bbox 2278 4889 2570 4965; x_wconf 81' lang='grc' dir='ltr'>Ἀγκύλον.</span> <span class='ocrx_word' id='word_1_724' title='bbox 2602 4888 2962 4963; x_wconf 78' lang='grc' dir='ltr'>Ἑπικαμπές.</span> 
     </span>
    </p>
   </div>
   <div class='ocr_carea' id='block_1_102' title="bbox 1442 5234 2826 5298">
    <p class='ocr_par' dir='ltr' id='par_1_102' title="bbox 1442 5234 2826 5298">
     <span class='ocr_line' id='line_1_102' title="bbox 1442 5234 2826 5298; baseline 0.003 -9"><span class='ocrx_word' id='word_1_725' title='bbox 1442 5234 1679 5291; x_wconf 73' lang='lat' dir='ltr'>VARI/E</span> <span class='ocrx_word' id='word_1_726' title='bbox 1719 5236 2116 5294; x_wconf 81' lang='lat' dir='ltr'>LECTIONES</span> <span class='ocrx_word' id='word_1_727' title='bbox 2141 5238 2232 5294; x_wconf 86' lang='lat' dir='ltr'><strong>ET</strong></span> <span class='ocrx_word' id='word_1_728' title='bbox 2263 5238 2826 5298; x_wconf 80' lang='lat' dir='ltr'>CORRECTIONES.</span> 
     </span>
    </p>
   </div>
   <div class='ocr_carea' id='block_1_103' title="bbox 512 5410 3885 5497">
    <p class='ocr_par' dir='ltr' id='par_1_103' title="bbox 512 5410 3885 5497">
     <span class='ocr_line' id='line_1_103' title="bbox 512 5410 3885 5497; baseline 0.003 -27"><span class='ocrx_word' id='word_1_729' title='bbox 512 5412 885 5497; x_wconf 46' lang='lat' dir='ltr'>&quot;supremam</span> <span class='ocrx_word' id='word_1_730' title='bbox 932 5414 985 5469; x_wconf 89' lang='grc' dir='ltr'>τί</span> <span class='ocrx_word' id='word_1_731' title='bbox 1034 5410 1146 5497; x_wconf 64' lang='grc' dir='ltr'>ἐστι</span> <span class='ocrx_word' id='word_1_732' title='bbox 1191 5414 1252 5497; x_wconf 62' lang='lat' dir='ltr'>“c6</span> <span class='ocrx_word' id='word_1_733' title='bbox 1296 5414 1618 5497; x_wconf 37' lang='lat' dir='ltr'>dipxpxtxgis</span> <span class='ocrx_word' id='word_1_734' title='bbox 1639 5414 1792 5497; x_wconf 46' lang='grc' dir='ltr'>,εἶναι</span> <span class='ocrx_word' id='word_1_735' title='bbox 1828 5414 2202 5497; x_wconf 36' lang='grc' dir='ltr'>’κάρχηγικῶς</span> <span class='ocrx_word' id='word_1_736' title='bbox 2248 5416 2346 5497; x_wconf 72' lang='grc' dir='ltr'>μὲν</span> <span class='ocrx_word' id='word_1_737' title='bbox 2399 5416 2473 5497; x_wconf 73' lang='grc' dir='ltr'>ᾡς</span> <span class='ocrx_word' id='word_1_738' title='bbox 2501 5417 2716 5497; x_wconf 78' lang='grc' dir='ltr'>πάντων</span> <span class='ocrx_word' id='word_1_739' title='bbox 2748 5414 2922 5497; x_wconf 67' lang='grc' dir='ltr'>αἴτιος</span> <span class='ocrx_word' id='word_1_740' title='bbox 2949 5418 3059 5473; x_wconf 89' lang='grc' dir='ltr'>τῶν</span> <span class='ocrx_word' id='word_1_741' title='bbox 3084 5414 3307 5497; x_wconf 64' lang='grc' dir='ltr'>ᾆγαθῶν</span> <span class='ocrx_word' id='word_1_742' title='bbox 3333 5417 3361 5472; x_wconf 86' lang='lat'>6</span> <span class='ocrx_word' id='word_1_743' title='bbox 3397 5421 3569 5493; x_wconf 83' lang='grc' dir='ltr'>Θεὸς,</span> <span class='ocrx_word' id='word_1_744' title='bbox 3603 5428 3885 5497; x_wconf 81' lang='grc' dir='ltr'>μεθεκτῶς</span> 
     </span>
    </p>
   </div>
   <div class='ocr_carea' id='block_1_104' title="bbox 439 5482 2101 5583">
    <p class='ocr_par' dir='ltr' id='par_1_104' title="bbox 439 5482 2099 5583">
     <span class='ocr_line' id='line_1_104' title="bbox 439 5482 2099 5583; baseline 0 -40"><span class='ocrx_word' id='word_1_745' title='bbox 439 5484 523 5573; x_wconf 64' lang='grc' dir='ltr'>δὲ,</span> <span class='ocrx_word' id='word_1_746' title='bbox 550 5482 1096 5583; x_wconf 49' lang='grc' dir='ltr'>ὡςἀὶ1,προνοη;τι¹&gt;ξαὶ</span> <span class='ocrx_word' id='word_1_747' title='bbox 1120 5491 1246 5561; x_wconf 84' lang='grc' dir='ltr'>παρ’</span> <span class='ocrx_word' id='word_1_748' title='bbox 1276 5482 1440 5583; x_wconf 60' lang='grc' dir='ltr'>αὖτ’ὁῦ</span> <span class='ocrx_word' id='word_1_749' title='bbox 1462 5482 1812 5573; x_wconf 72' lang='grc' dir='ltr'>’ἐκδιδόμεναι</span> <span class='ocrx_word' id='word_1_750' title='bbox 1848 5482 2099 5583; x_wconf 57' lang='grc' dir='ltr'>δυνῇλέες</span> 
     </span>
    </p>
   </div>
   <div class='ocr_carea' id='block_1_105' title="bbox 2230 5482 3886 5583">
    <p class='ocr_par' dir='ltr' id='par_1_105' title="bbox 2230 5482 3886 5583">
     <span class='ocr_line' id='line_1_105' title="bbox 2230 5482 3886 5583; baseline 0.005 -38"><span class='ocrx_word' id='word_1_751' title='bbox 2230 5482 2301 5583; x_wconf 51' lang='grc' dir='ltr'>τίει</span> <span class='ocrx_word' id='word_1_752' title='bbox 2330 5490 2467 5583; x_wconf 54' lang='lat' dir='ltr'>quid</span> <span class='ocrx_word' id='word_1_753' title='bbox 2516 5492 2593 5575; x_wconf 65' lang='lat' dir='ltr'>sit</span> <span class='ocrx_word' id='word_1_754' title='bbox 2631 5482 3393 5583; x_wconf 42' lang='lat' dir='ltr'>dpxnymc‘iligfriahpalile‘r</span> <span class='ocrx_word' id='word_1_755' title='bbox 3446 5482 3618 5583; x_wconf 61' lang='lat' dir='ltr'>esse;</span> <span class='ocrx_word' id='word_1_756' title='bbox 3674 5482 3886 5583; x_wconf 58' lang='lat' dir='ltr'>nempe</span> 
     </span>
    </p>
   </div>
   <div class='ocr_carea' id='block_1_106' title="bbox 436 5557 3886 5640">
    <p class='ocr_par' dir='ltr' id='par_1_106' title="bbox 436 5557 3886 5640">
     <span class='ocr_line' id='line_1_106' title="bbox 436 5557 3886 5640; baseline 0.003 -24"><span class='ocrx_word' id='word_1_757' title='bbox 436 5557 835 5640; x_wconf 48' lang='lat' dir='ltr'>principaliter</span> <span class='ocrx_word' id='word_1_758' title='bbox 878 5564 967 5615; x_wconf 87' lang='lat' dir='ltr'>est</span> <span class='ocrx_word' id='word_1_759' title='bbox 1003 5557 1369 5640; x_wconf 65' lang='lat' dir='ltr'>Deus,&#39;velut</span> <span class='ocrx_word' id='word_1_760' title='bbox 1414 5576 1594 5616; x_wconf 86' lang='lat' dir='ltr'>causa</span> <span class='ocrx_word' id='word_1_761' title='bbox 1642 5557 1901 5618; x_wconf 87' lang='lat' dir='ltr'>omnium</span> <span class='ocrx_word' id='word_1_762' title='bbox 1949 5557 2276 5630; x_wconf 84' lang='lat' dir='ltr'>bonorum;</span> <span class='ocrx_word' id='word_1_763' title='bbox 2315 5557 2588 5632; x_wconf 61' lang='grc' dir='ltr'>μῖεθεκτῶς</span> <span class='ocrx_word' id='word_1_764' title='bbox 2631 5557 3154 5635; x_wconf 68' lang='lat' dir='ltr'>veroparticipate,</span> <span class='ocrx_word' id='word_1_765' title='bbox 3186 5557 3501 5623; x_wconf 73' lang='lat' dir='ltr'>exsistunt.</span> <span class='ocrx_word' id='word_1_766' title='bbox 3532 5557 3886 5640; x_wconf 70' lang='lat' dir='ltr'>provisorie</span> 
     </span>
    </p>
   </div>
   <div class='ocr_carea' id='block_1_107' title="bbox 434 5631 1260 5689">
    <p class='ocr_par' dir='ltr' id='par_1_107' title="bbox 434 5631 1260 5689">
     <span class='ocr_line' id='line_1_107' title="bbox 434 5631 1260 5689; baseline -0.001 -2"><span class='ocrx_word' id='word_1_767' title='bbox 434 5631 685 5689; x_wconf 60' lang='lat' dir='ltr'>ivirtutés</span> <span class='ocrx_word' id='word_1_768' title='bbox 717 5649 751 5687; x_wconf 90' lang='lat' dir='ltr'>a</span> <span class='ocrx_word' id='word_1_769' title='bbox 780 5631 898 5688; x_wconf 90' lang='lat' dir='ltr'>Deo</span> <span class='ocrx_word' id='word_1_770' title='bbox 929 5638 1260 5687; x_wconf 85' lang='lat' dir='ltr'>manantes.</span> 
     </span>
    </p>
   </div>
  </div>
