4062 6366
212 488 300 541 401
967 490 1025 542 S.
1064 491 1334 542 MAXIMI
1372 490 1676 543 SCHOLIA
1714 489 1785 539 IN
1828 487 1955 538 LIB.
2000 488 2094 538 DE
2134 488 2401 540 DIVlNIS
2440 489 2851 543 NOMlNlBUS.

3507 491 3613 548 402

277 610 369 664 Καὶ
419 608 574 674 θεοὺς
630 614 737 664 τῶν
796 605 987 667 ὅντων.
1020 612 1143 668 ’Ὁτι
1197 606 1296 665 οὔκ
1352 610 1454 665 εἱσι
1504 608 1614 673 θεοὶ
1666 608 1700 676 ἢ
1744 605 1821 676 δηι

2034 609 2098 663 Ει
2132 609 2255 664 deos
2287 626 2492 666 eorum.
2530 612 2652 666 Non
2689 628 2814 667 esse
2845 613 2984 668 deos
3032 618 3134 669 aut
3180 617 3472 671 creatores
3502 633 3609 672 an-

214 699 451 775 μιουργοὶ
482 697 736 775 ἄγγελοι,
768 697 893 754 οὐδὲ
925 697 1064 755 ἄλλο
1096 721 1146 753 τι
1178 701 1323 775 παρὰ
1350 701 1441 754 τὸν
1483 698 1635 755 Θεόν.

277 787 522 857 Ἀληθῶς
575 788 664 842 καὶ
709 788 929 864 κυρίως.
984 787 1324 861 Σημείωσαι,
1366 790 1448 843 ὅτι
1481 786 1604 843 οὐδὲ
1636 788 1789 848 οὗτος
1822 787 1849 839 6

214 884 340 941 θεῖος
367 877 504 951 ἀνὴρ
538 875 799 954 διαφορὰν
831 876 943 932 οἶδε
972 882 1067 932 τοῦ
1097 877 1296 952 κυρίως
1328 878 1415 932 καὶ
1456 874 1702 946 ἀληθῶς.

270 966 369 1033 Τήν
429 966 872 1026 αὖτοουσίωσιν.
925 969 1019 1024 Ἐν
1077 966 1291 1022 τούτοις
1370 964 1688 1043 σαφέστερον
1745 964 1843 1032 τήν

211 1054 347 1108 λύσιν
373 1053 670 1125 ἐποιήσατο
700 1060 797 1110 τοῦ
844 1056 1193 1130 προτεθέντος
1244 1051 1661 1131 προϐλήματος,
1695 1052 1844 1115 ὅπως

210 1144 306 1218 χρή
340 1138 527 1198 λαϐεῖν
578 1145 666 1214 τὸ,
716 1145 848 1199 ποτὲ
901 1142 1148 1220 λέγεσθαι
1207 1145 1299 1216 μὲν
1352 1143 1508 1198 αὐτὸν
1559 1143 1843 1211 αὐτοζωὴν

207 1232 284 1287 καὶ
311 1233 374 1286 τὰ
402 1231 493 1286 σὺν
546 1232 699 1307 αὑτῷ
751 1234 843 1288 τὸν
890 1233 1043 1301 Θεὸν,
1075 1234 1205 1288 ποτὲ
1256 1230 1312 1287 δὲ
1357 1234 1563 1287 τούτων
1610 1232 1842 1285 ὑποστά-

207 1342 314 1391 την,
345 1319 514 1396 ἤγουν
564 1327 737 1377 ταῦτα
789 1323 1187 1393 ὑποστήσαντα·
1223 1324 1305 1377 ὅτι
1338 1323 1364 1376 6
1398 1323 1517 1395 μὲν,
1564 1321 1637 1383 ὡς
1670 1318 1842 1381 αἴτιος

206 1410 392 1464 τούτων
441 1412 530 1464 καὶ
590 1411 741 1487 ἀρχὴ
795 1411 1149 1487 ὑπεράρχιος,
1202 1410 1343 1465 οὕτω
1392 1415 1557 1465 ταῦτα
1602 1409 1838 1484 λέγεται’

204 1502 260 1554 τὰ
304 1498 356 1555 δὲ
404 1497 534 1555 ὄντα
583 1502 793 1557 τούτων
848 1504 1166 1579 μετέχοντα,
1224 1502 1513 1557 καλοῦνται
1564 1500 1615 1571 ἐξ
1665 1501 1839 1555 αὐτῶν

206 1595 379 1659 ζῶντα,
428 1592 517 1645 καὶ
579 1588 708 1647 ὄντα
755 1593 844 1646 καὶ
892 1590 1059 1650 ἔνθεα.
1110 1593 1223 1661 Τὴν
1274 1594 1483 1661 ζώωσιν
1538 1594 1690 1665 γοῦν,
1740 1591 1839 1658 τὴν

203 1679 433 1733 οὐσίωσιν
508 1681 635 1735 ἀντὶ
708 1686 804 1736 τοῦ
863 1683 932 1737 τὰ
987 1682 1278 1757 πράγματα
1332 1683 1395 1749 ¹⁶,
1460 1681 1751 1751 ὑπέστησεν
1813 1680 1840 1733 6

202 1770 334 1830 Θεὸς.
394 1770 644 1843 Πρώτως
720 1771 811 1825 οὖν
875 1769 1201 1844 ἐννοούμεοα
1276 1770 1406 1825 αὐτὸ
1475 1770 1536 1824 τὸ
1593 1774 1838 1844 πρᾶγμα·

202 1859 282 1921 εἷθ’
310 1856 445 1913 οὕτω
476 1861 584 1929 τὴν
620 1858 924 1929 καθολικὴν
952 1860 1115 1915 αὐτοῦ
1165 1854 1391 1914 ἔννοιαν·
1426 1861 1542 1914 οἷον
1573 1860 1672 1927 τήν
1704 1879 1839 1913 παν-

1961 698 2142 769 gelos,
2178 715 2364 770 neque
2396 700 2614 771 aliquid
2648 701 2807 756 aliud
2840 707 3048 772 printer
3078 703 3284 761 Deum.

2036 789 2163 843 Vere
2194 805 2258 843 ac
2279 791 2527 861 proprie.
2561 794 2707 846 Nota
2738 791 2891 862 quod
2911 808 3098 864 neque
3121 793 3354 851 divinus
3396 795 3492 851 hic
3521 795 3610 851 vir

1954 876 2345 933 dill'erentiam
2378 886 2659 951 agnoscat
2688 880 2841 934 inter
2870 880 3072 953 κυρίως
3103 885 3159 936 et
3189 878 3458 950 ἀληθῶς..

2029 968 2133 1022 Per
2156 984 2213 1022 se
2240 983 2375 1022 esse.
2410 969 2471 1022 in
2506 968 2598 1023 his
2632 969 2941 1041 perspicue
2972 970 3162 1041 magis
3194 970 3367 1025 solvit
3397 989 3604 1044 propo-

1957 1055 2136 1110 situm
2154 1056 2397 1110 dubium
2423 1059 2715 1128 quomodo
2728 1058 3029 1128 accipiend
3042 1076 3138 1113 um
3161 1058 3456 1131 sit,ipsum
3474 1062 3603 1132 qui-

1956 1145 2087 1199 dem
2115 1146 2430 1216 aliquando
2453 1145 2567 1201 dici
2606 1147 2795 1218 ipsam
2834 1148 3032 1215 vitam;
3058 1152 3114 1203 et
3136 1165 3264 1220 quae
3286 1165 3420 1204 cum
3474 1149 3602 1221 ipso

1954 1238 2159 1300 Deum;
2180 1234 2497 1305 aliquando
2521 1240 2715 1290 autem
2738 1236 2946 1291 horum
2971 1237 3335 1293 conditorem
3358 1254 3459 1294 seu
3481 1238 3602 1294 haec

1953 1324 2605 1380 condidisse.Nimirum
2621 1341 2755 1380 eum
2776 1330 3057 1396 tanquam
3072 1326 3282 1382 horum
3298 1333 3598 1383 auctorem

1952 1415 2010 1467 et
2041 1412 2393 1484 principium
2428 1430 2607 1483 supra
2651 1414 3008 1484 principium
3050 1415 3132 1470 ita
3160 1415 3472 1487 nominari,
3506 1433 3599 1473 res

1953 1518 2085 1557 vero
2111 1519 2236 1571 quae
2262 1502 2378 1556 haec
2404 1502 2778 1574 participant,
2812 1520 2878 1557 ex
2917 1503 3063 1574 ipsis
3088 1506 3279 1560 vocari
3316 1506 3595 1576 viventes,

1953 1592 2268 1646 existentes
2301 1608 2367 1646 ac
2396 1591 2644 1646 divinas.
2698 1592 2843 1663 Ergo
2876 1593 3028 1647 Deus
3081 1611 3184 1665 pro
3229 1594 3406 1650 rebus
3453 1595 3598 1667 ipsis

1953 1696 2057 1736 seu
2090 1681 2311 1736 eﬂ‘cctis
2335 1680 2609 1753 produxit
2632 1680 2859 1736 vivendi
2884 1681 3198 1749 actionem,
3220 1688 3277 1738 et
3307 1684 3595 1740 actionem

1951 1769 2212 1825 essentia:
2245 1770 2550 1825 datricem.
2584 1774 2787 1841 Itaque
2832 1771 3020 1842 primo
3052 1770 3177 1827 loco
3210 1772 3595 1843 intelligimus

1951 1861 2146 1931 ipsum
2179 1859 2471 1915 effectum.
2498 1859 2704 1915 Postea
2734 1860 3123 1916 universalem
3144 1862 3273 1932 ejus
3295 1862 3595 1934 cogitatio-

199 1948 346 2009 τοίως
374 1948 768 2022 θεωρουμένην
805 1950 948 2019 ζωὴν
980 1949 1015 2018 ἢ
1049 1949 1259 2004 οὐσίανο
1292 1948 1381 2004 καί
1432 1950 1553 2003 τότε
1584 1949 1651 2003 τὰ
1684 1968 1821 2024 μερι·

1950 1964 2111 2019 nem,
2135 1946 2377 2019 scilicet,
2402 1949 2679 2004 omnibus
2704 1948 2895 2004 modis
2936 1948 3365 2005 consideratam
3409 1951 3588 2007 vitam

199 2036 275 2105 κὰ,
301 2038 551 2091 τουτέστι
579 2038 678 2106 τήν
723 2042 819 2093 τοῦ
868 2039 986 2102 καθ’
1014 2035 1238 2093 ἕκαστον
1280 2036 1421 2101 εἶδος
1452 2034 1656 2093 ἔννοιαν
1690 2037 1832 2111 λαμ-

199 2118 431 2198 ϐἀνομεν,
519 2129 635 2181 οἷον
707 2128 806 2197 τῆς
875 2126 1166 2204 ἆγγελικῆς
1223 2130 1257 2196 ἦ
1316 2134 1415 2197 τῆς
1485 2127 1833 2202 ἀνθρωπίνης

199 2217 341 2283 ζωῆς,
392 2215 486 2269 καὶ
544 2220 651 2270 τῶν
702 2214 909 2271 λοιπῶν
961 2219 1043 2279 οἷς
1094 2212 1491 2289 συνεισϐἀλλει,
1522 2218 1611 2271 καὶ
1653 2215 1826 2271 αὐτῶν

192 2307 284 2357 τῶν
329 2306 677 2380 μετεχόντων
728 2308 763 2375 ἡ
810 2309 1025 2379 μνήμη.
1078 2307 1401 2381 Ἐπαγαγὼν
1454 2304 1510 2361 δὲ
1560 2307 1672 2361 εἶτα
1716 2309 1824 2361 τῶν

189 2390 312 2446 ὅλων
368 2392 555 2448 αὐτῶν
614 2395 975 2471 μετεχόντων,
1036 2393 1311 2467 ἐδήλωσεν
1374 2397 1447 2458 ὡς
1527 2395 1586 2449 οὗ
1653 2396 1826 2450 πάντα

183 2483 369 2536 πάντων
404 2481 732 2559 μετέχουσι’
766 2484 832 2539 τὰ
889 2486 983 2557 μὲν
1036 2484 1138 2561 γὰρ
1183 2484 1370 2549 οὐσίας
1422 2485 1609 2558 μόνης·
1663 2486 1729 2539 τὰ
1767 2482 1824 2539 δὲ

181 2575 330 2638 ζωῆς·
378 2572 455 2625 τὰ
509 2569 567 2626 δὲ
617 2572 706 2626 καὶ
758 2575 1019 2645 νοήσεως,
1052 2573 1086 2642 ἢ
1141 2572 1229 2628 καὶ
1281 2573 1719 2645 νοερότητος’τὰ
1766 2572 1821 2628 δὲ

179 2661 295 2731 πρὸς
322 2658 546 2722 τοῦτοις
577 2660 666 2715 καὶ
702 2662 963 2725 θεώσεως.

236 2842 320 2897 ’ον
364 2842 441 2897 τὰ
491 2839 621 2898 ὄντα
671 2841 887 2905 οἷ’κείως
937 2844 1146 2905 ἑαυτοῖς
1182 2887 1195 2901 .
1250 2847 1319 2898 Τὸ
1373 2842 1565 2899 δοκοῦν
1621 2844 1817 2923 ἀσαφέ-

184 2950 343 3004 στερον
400 2931 761 3009 σαφηνιστέον
815 2932 1012 2994 οὕτως*
1048 2934 1075 2987 6
1124 2934 1252 2996 Θεὸς
1307 2934 1479 2988 πάντα
1532 2933 1606 2995 εἰς
1647 2956 1821 3005 σωτη-

183 3018 283 3092 ρίαν
338 3020 395 3076 ἐν
452 3022 629 3093 ἑαυτῷ
669 3020 924 3097 προέχων
984 3022 1418 3098 ὑπερηνωμένως
1467 3022 1556 3077 καὶ
1600 3024 1817 3078 ἀσυνθέ-

182 3128 289 3176 τως,
314 3110 407 3163 καὶ
445 3111 521 3172 ὡς
550 3111 762 3186 πηγαία
793 3112 941 3186 ἀρχὴ
978 3108 1046 3165 δι’
1093 3113 1430 3188 ἀγαθότητος
1481 3108 1815 3189 ὑπερϐολῆν,

182 3197 252 3251 καὶ
291 3204 413 3260 τοῖς
454 3198 505 3272 ἐξ
548 3198 715 3253 αὐτοῦ
765 3197 1175 3274 δημιουργικῶς
1228 3202 1485 3257 ὑποστᾶσι
1512 3246 1524 3270 ,
1574 3202 1813 3275 καθάπερ

1943 2042 2047 2094 aut
2076 2038 2415 2105 essentiam,
2451 2042 2510 2093 et
2534 2042 2660 2092 tum
2685 2036 3081 2110 particularia,
3106 2037 3165 2093 id
3188 2043 3279 2094 est
3299 2040 3588 2112 cujusque

1942 2127 2158 2200 speciei
2190 2126 2639 2199 intelligentiam
2689 2126 3010 2199 accipimus
3039 2126 3316 2198 angelicas
3345 2132 3447 2184 aut
3472 2129 3584 2185 hu-

1941 2234 2123 2272 manae
2154 2216 2306 2283 vitas,
2341 2232 2406 2272 ac
2437 2214 2799 2288 reliquorum
2830 2216 3046 2287 quibus
3087 2217 3372 2273 memoria
3402 2218 3580 2274 simul

1938 2306 2250 2375 incumbit,
2299 2323 2365 2362 ac
2408 2322 2608 2361 eorum
2639 2322 2764 2376 quis
2814 2305 3346 2377 participant.Cum
3380 2312 3578 2364 autem

1937 2397 2185 2465 addidit,
2217 2399 2335 2451 tum
2363 2412 2553 2451 eorum
2582 2410 2708 2466 qua:
2738 2395 2991 2450 omnibus
3018 2396 3381 2468 participant,
3403 2398 3583 2469 signi-

1939 2486 2131 2542 ficavit
2161 2502 2276 2541 non
2309 2485 2509 2541 omnia
2538 2484 2816 2540 omnibus
2846 2484 3234 2556 participare;
3266 2485 3383 2541 alia
3424 2487 3583 2543 enim

1935 2575 2061 2632 sola
2093 2575 2373 2645 essentia,
2401 2574 2517 2631 alia
2548 2590 2678 2629 vero
2708 2573 2862 2642 vita;
2897 2574 3165 2645 quaedam
3198 2574 3377 2629 etiam
3410 2576 3581 2630 intel-

1930 2664 2181 2721 lectione
2208 2682 2310 2721 seu
2345 2663 2756 2736 intelligentia,
2806 2663 3075 2734 quaedam
3127 2666 3327 2720 autem
3375 2668 3584 2737 praeter

1928 2753 2028 2809 illa
2058 2753 2234 2809 etiam
2261 2753 2584 2808 divinitate.

2002 2845 2133 2912 Qua:
2165 2859 2249 2898 res
2276 2848 2441 2915 prout
2486 2844 2685 2913 cuique
2731 2843 3000 2896 convenit.
3051 2842 3215 2905 Quod
3268 2842 3580 2898 obscurius

1926 2934 2181 3000 videtur,
2218 2932 2302 2987 ita
2334 2930 2751 2987 declarandum
2777 2933 2885 2985 est.
2910 2934 3061 2985 Deus
3091 2930 3291 2986 omnia
3321 2931 3392 2986 ad
3411 2930 3575 2987 salu-

1927 3027 2043 3079 tem
2078 3023 2134 3077 in
2162 3021 2355 3093 seipso
2379 3025 2513 3076 ante
2536 3019 2760 3075 habens
2792 3019 2965 3074 modo
2987 3018 3327 3075 unitissimo
3357 3023 3414 3076 et
3446 3021 3575 3076 sine

1926 3110 2371 3182 compositione,
2405 3126 2470 3165 ac
2501 3108 2659 3163 velut
2690 3108 2907 3164 fontale
2939 3107 3298 3181 principium
3340 3113 3577 3182 propter

1927 3200 2209 3256 bonitatis
2236 3215 2564 3263 excessum,
2597 3202 2772 3268 atque
2804 3197 2875 3251 iis
2927 3213 3057 3267 quae
3087 3197 3159 3252 ab
3202 3197 3329 3270 ipso
3362 3198 3576 3254 virtute

183 3287 377 3350 ἀκτῖνάς
422 3309 570 3350 τινας
625 3288 821 3366 ἀφιεὶς,
877 3289 1051 3362 μένων
1100 3288 1246 3351 ὅλως
1298 3290 1348 3345 ἐν
1390 3290 1561 3362 ἑαυτῷ
1594 3289 1812 3363 μεταδί-

1940 3289 2157 3345 :reandi
2172 3288 2405 3343 condita
2418 3286 2761 3353 sunt,veluti
2777 3285 2971 3341 radios
2985 3286 3570 3358 quosdamemittens,

182 3372 292 3430 δωσι
344 3380 621 3450 μεθεκτῶς
674 3378 880 3451 ἑκάστῳ
930 3379 1142 3441 οἰκείως
1188 3384 1295 3433 τῶν
1351 3378 1599 3456 μεγάλων
1648 3380 1811 3436 αὐτοῦ

1940 3384 2083 3435 .otus
2125 3378 2183 3433 in
2208 3394 2270 3433 se
2300 3393 2568 3444 manens,
2602 3374 2925 3445 unicuique
2956 3391 3059 3446 pro
3082 3379 3256 3447 captu
3308 3392 3412 3446 per
3447 3392 3571 3432 mo-

1921 3469 2063 3523 dum
2092 3463 2649 3522 communicationis
2713 3478 2959 3534 magnas
3005 3479 3144 3518 suas
3196 3461 3570 3519 excellentiae

1921 3554 2339 3613 communicat.
2361 3554 2561 3624 Itaque
2577 3551 3004 3608 illustrationes
3027 3567 3095 3607 ex
3117 3550 3190 3607 iis
3205 3568 3332 3623 quis
3355 3551 3469 3623 ipsi
3486 3553 3571 3608 in-

1920 3651 2059 3702 sunt
2079 3644 2247 3701 bonis
2270 3641 2864 3699 communicabilibus
2896 3640 3085 3712 primo
3108 3638 3232 3696 loco
3266 3640 3568 3711 dicuntur,

1919 3740 1973 3789 et
1990 3734 2180 3805 ipsum
2207 3748 2355 3795 esse,
2381 3734 2437 3787 et
2456 3730 2645 3803 ipsius
2665 3730 2798 3784 vit:e
2815 3728 3175 3800 largitiones,
3195 3732 3252 3785 et
3276 3728 3467 3801 ipsius
3484 3730 3568 3785 di-

1917 3823 2147 3878 vinitati
2167 3821 2508 3893 largitiones
2531 3824 2587 3875 et
2603 3822 2889 3891 quotquot
2910 3817 3049 3873 talia
3070 3819 3397 3875 secundum
3412 3821 3564 3877 222

1920 3912 2303 3967 imitationem
2334 3908 2775 3982 principiorum,
2807 3908 2863 3963 id
2889 3912 2978 3963 est
3000 3924 3203 3963 eorum
3224 3925 3351 3979 qua:
3375 3908 3565 3982 ipsius

1914 4002 2017 4057 Dei
2033 4000 2386 4071 sunt,ipsius
2401 3998 2729 4053 divinitatis
2743 3997 2978 4067 inquam
2991 4002 3066 4064 ,et
3081 3997 3270 4069 ipsius
3282 3997 3565 4054 bonitatis

1917 4096 2094 4162 atque
2125 4089 2313 4161 ipsius
2335 4089 2492 4155 vitae;
2553 4086 2812 4141 secundo
2874 4102 3004 4140 vero
3036 4085 3212 4141 etiam
3257 4090 3379 4143 tota
3434 4087 3565 4159 ipsa

1917 4179 2252 4235 condidisse
2268 4178 2499 4241 dicitur,
2525 4178 2761 4247 propter
2784 4173 3073 4229 essentias
3094 4175 3223 4244 ejus
3244 4192 3561 4247 progressu

1917 4269 1987 4324 ad
2021 4272 2183 4323 extra
2213 4265 2627 4329 subsistentes,
2653 4278 2781 4332 qua)
2822 4261 3215 4317 essentialiter
3244 4267 3383 4318 sunt
3410 4265 3559 4331 vitae,

1914 4363 1969 4413 ct
2002 4355 2195 4428 dignis
2218 4352 2710 4409 communicando
2741 4351 2977 4417 dantur;
3004 4349 3178 4405 tertio
3209 4357 3402 4406 autem
3435 4368 3563 4422 par-

1913 4448 2250 4504 ticularium
2283 4446 2495 4501 barum
2527 4441 3132 4499 communicationum
3168 4457 3366 4497 causa.
3397 4444 3560 4508 Quae-

178 4531 364 4603 νάμεις.
1914 4540 2046 4595 dam
2079 4537 2233 4592 enim
2268 4534 2454 4589 solam
2488 4535 2614 4588 vitae
2664 4532 3058 4604 largitionem,
3108 4532 3377 4602 quaedam
3426 4547 3560 4587 vero

181 4623 333 4677 etiam
367 4623 693 4678 divinitatis
721 4622 1115 4697 largitionem,
1150 4626 1417 4696 quaedam
1450 4626 1702 4698 denique
1750 4628 1928 4684 simul
1968 4628 2091 4682 haec
2139 4628 2278 4692 tota,
2332 4624 2488 4679 sicut
2538 4638 2821 4694 supremae
2866 4620 3268 4693 intelligibiles
3315 4620 3561 4678 virtutes

179 3467 631 3540 προτερημάτων
684 3468 740 3520 αἱ
789 3468 881 3521 οὖν
933 3466 991 3522 ἐκ
1033 3473 1141 3522 τῶν
1199 3468 1421 3523 ἑνοντων
1480 3470 1623 3541 αὑτῴ
1677 3471 1811 3546 ἀγα-

177 3555 264 3606 θῶν
295 3554 368 3615 ei;
419 3552 707 3627 μετάδοσιν
760 3553 1063 3629 ἐλλάμψεις
1110 3557 1483 3630 πρωτοτύπως
1534 3558 1807 3633 λέγονται,

176 3643 251 3695 καὶ
294 3643 567 3697 αὖτοεῖναι
617 3645 707 3698 καὶ
753 3644 1149 3716 αὐτοζωώσεις,
1181 3646 1269 3700 καὶ
1321 3646 1676 3711 αὐτοθεώσεις
1719 3649 1808 3702 καὶ

178 3732 260 3786 ὅσα
285 3738 510 3788 τοιαῦτα
561 3732 697 3788 κατᾶ
733 3733 963 3806 μίμησιν
1005 3738 1112 3789 τῶν
1166 3735 1378 3810 ἀρχῶν,
1409 3738 1650 3791 τουτέστι
1699 3742 1805 3791 τῶν

177 3820 325 3875 αὑτοῦ
377 3820 443 3891 δὴ
493 3826 589 3876 τοῦ
640 3822 775 3877 Θεοῦ
825 3818 1017 3890 ὄντων,
1065 3825 1209 3900 φημὶ
1257 3832 1356 3893 τῆς
1389 3825 1805 3896 αὐτοθεότητος,

175 3911 249 3963 καὶ
281 3909 774 3985 αὖτοαγαθότητος,
823 3912 913 3965 καὶ
959 3911 1261 3981 αὐτοζωῆς·
1310 3909 1571 3987 δευτέρως
1610 3911 1666 3968 δὲ
1716 3914 1805 3969 καὶ

178 3997 267 4053 ὅλα
310 4001 443 4054 αὐτᾶ
492 4000 792 4069 ὑποστῆναι
846 3998 1083 4075 λέγεται,
1135 4000 1224 4055 διὰ
1252 4006 1357 4057 τῶν
1408 4003 1542 4057 κατᾶ
1572 4001 1807 4078 πρόοδον

181 4087 475 4143 ὑποστασῶν
514 4090 603 4143 ὑπ’
632 4088 797 4142 αὐτοῦ
830 4088 1051 4155 οὐσιῶν,
1085 4093 1237 4158 ζωῶν
1272 4091 1447 4145 οὐσῶν
1500 4089 1806 4161 οὐσιωδῶς,

178 4175 252 4228 καὶ
310 4174 610 4248 διδομένων
658 4181 931 4239 μεθεκτῶς
974 4183 1089 4239 τοῖς
1140 4178 1307 4247 ἀξίοις
1365 4181 1432 4215 “’-
1494 4179 1691 4253 τρίτως
1749 4178 1806 4235 δὲ

177 4268 270 4316 τῶν
317 4270 552 4341 μερικῶν
596 4264 807 4320 τούτων
861 4264 1221 4338 μεταδόσεων’
1262 4268 1383 4322 τινὰ
1437 4270 1536 4344 γὰρ
1587 4271 1802 4345 μετέχει

180 4354 419 4419 ζωώσεως
475 4354 673 4426 μόνης,
725 4356 846 4409 τινὰ
904 4352 959 4410 δὲ
1002 4356 1092 4409 καὶ
1145 4356 1411 4429 θεώσεως,
1461 4359 1579 4413 τινὰ
1629 4356 1685 4413 δὲ
1713 4359 1803 4413 καὶ

176 4446 266 4495 τῶν
297 4442 439 4497 ὅλων
490 4445 631 4517 ὁμοῦ
675 4444 907 4515 τούτων,
942 4445 1017 4507 ὡς
1065 4446 1119 4499 αἱ
1168 4445 1438 4500 ἁνώταται
1486 4447 1675 4517 νοηταὶ
1708 4445 1802 4502 δυ-

179 4713 527 4787 participant.

239 4803 354 4856 Τῶν
421 4805 659 4876 μερικῶν
695 4842 708 4857 .
766 4802 975 4877 Μερικὰ
1031 4824 1161 4880 φησι
1230 4804 1324 4864 τὰς
1384 4800 1644 4880 διαδοχὰς
1698 4810 1803 4859 τῶν

1986 4806 2454 4865 Particulurium.
2494 4802 2878 4858 Purticularia
2926 4801 3065 4856 dicit
3096 4818 3375 4873 generum
3425 4818 3556 4857 suc-

180 4894 343 4961 γενῶν.

1944 4896 2227 4953 essiones.

1985 4988 2046 5040 Et
2073 5002 2171 5055 per
2198 5001 2253 5039 se
2284 4983 2564 5039 bonitatis.
2598 4987 2746 5038 Eum
2779 4997 2907 5036 esse
2945 4979 3133 5051 ipsius
3180 4978 3455 5034 bonitatis
3503 4983 3561 5033 et

1914 5075 2235 5131 divinitatis
2286 5073 2646 5128 conditorem
2681 5075 2782 5141 qui
2824 5075 2914 5125 est
2944 5086 3122 5139 supra
3152 5067 3471 5123 bonitatem
3502 5074 3561 5123 et

1916 5182 2094 5236 supra
2117 5163 2502 5218 divinitatem.
2527 5162 2675 5215 Nota
2727 5160 2928 5230 igitur,
2961 5156 3102 5211 talia
3133 5173 3249 5211 non
3295 5172 3425 5211 esse
3456 5156 3560 5212 Dei

1914 5254 2254 5309 essentiam.
2288 5251 2433 5323 Lege
2465 5250 2783 5305 secundam
2818 5248 2887 5302 ad
2915 5246 3119 5302 Caium
3153 5244 3486 5317 epistolam.

240 4979 334 5034 Καὶ
380 4983 477 5047 τῆς
536 4979 1030 5054 αὐτοαγαθότητος.
1085 4982 1207 5037 ’Ότι
1261 4982 1350 5035 καὶ
1392 4990 1490 5051 τῆς
1536 4983 1803 5057 αὐτοαγα-

179 5066 384 5138 θὸτητος
428 5071 519 5125 καὶ
566 5071 822 5140 θεότητος
873 5072 1177 5142 ὑποστάτης
1232 5072 1371 5127 ἐστὶν
1406 5076 1432 5128 6
1465 5074 1801 5149 ὐπεράγαοος

174 5156 245 5208 καὶ
301 5159 579 5234 ὑπέρθεος.
628 5159 946 5232 Σημείωσαι
994 5161 1086 5214 οὗν
1148 5158 1230 5215 ὅτι
1290 5162 1388 5216 οὐκ
1443 5157 1583 5217 ἔστιν
1645 5163 1805 5217 οὐσία

175 5250 286 5297 Θεοῦ
328 5250 391 5301 τὰ
436 5252 685 5307 τοιαῦτα.
740 5250 1039 5324 Ἀναγνωθι
1093 5248 1143 5304 ἐν
1210 5254 1278 5323 τῇ
1447 5253 1583 5326 πρὸς
1648 5259 1804 5307 Γαῖον

175 5331 435 5409 ἐπιστολῇ.

234 5426 483 5498 Προνοίας
540 5427 631 5480 καὶ
690 5426 1072 5501 ἀγαθότητας.
1140 5429 1405 5502 Προνοίας
1462 5432 1547 5484 καὶ
1609 5430 1805 5505 ἁγαθό-

1983 5428 2363 5486 Ρνουίιίεηιίαε
2388 5433 2437 5483 et
2469 5428 2748 5482 bonitates.
2786 5424 3190 5480 Providentias
3237 5427 3294 5480 et
3327 5424 3562 5482 bonita-

1156 5653 1401 5710 VARIKE
1446 5657 1837 5712 LECTIONES
1878 5657 1965 5711 ET
2004 5654 2562 5712 CORRECTIONES.

248 5798 289 5830 ¹⁸
314 5800 407 5868 τήν
437 5802 651 5873 θέωσιν,
681 5800 851 5879 ἤγουν
883 5803 1020 5857 αὐτὰ
1047 5802 1112 5857 τὰ
1143 5804 1305 5879 πρᾶγ.
1385 5809 1428 5842 ¹⁶
1456 5826 1537 5881 γρ.
1574 5806 1767 5883 ἁγίοις.
