4062 6366
430 446 535 502 403

1243 446 1611 499 APPENDlX
1648 446 1746 498 AD
1783 442 2026 498 OPERA
2065 444 2122 496 S.
2166 441 2482 496 DlONYSIl
2523 441 3026 496 AREOPAGITE.

3748 438 3853 492 404

433 577 542 642 tes,
569 570 832 646 προνοίας
863 573 920 625 et
949 567 1289 642 ἀγαθότητας
1319 568 1482 636 dicit,
1517 584 1645 639 quas
1678 571 1847 622 antea
1864 565 2082 621 vocavit

2208 564 2363 633 τητάς
2395 584 2582 641 φησιν,
2615 564 2749 638 ἅπερ
2796 573 3053 638 προεῖπεν
3099 560 3380 632 οὐσίωσιν,
3429 563 3664 630 ζώωσιν,
3719 561 3850 639 ἀγα-

433 665 699 721 essentiae
731 662 1129 735 largitionem,
1159 659 1289 715 vita:
1323 658 1717 732 largitionem,
1738 657 2084 728 bonitatem,

435 753 827 823 divinitatem,
859 749 1386 824 pulchritudinem,
1424 763 1491 804 ac
1523 747 1764 804 similia.

503 845 542 900 Α
575 845 680 900 Deo
701 842 890 914 quiest
909 846 1069 896 extra
1085 839 1177 895 sui
1185 838 1693 912 participationem.
1713 836 1893 892 Paulo
1917 841 2091 893 antea

434 933 682 1002 dixerat,
729 932 914 987 Deum
965 927 1389 985 communicari
1461 943 1654 998 posse,
1729 943 1887 983 nunc
1945 925 2090 982 dicit

431 1024 627 1094 ispum
662 1039 776 1077 non
826 1035 999 1093 posse
1039 1017 1480 1074 communicari.
1533 1017 1682 1088 Ergo
1727 1017 1882 1073 Deus
1929 1031 2087 1072 com-

434 1112 726 1167 municari
761 1112 956 1183 potest
982 1106 1328 1163 liberalibus
1369 1105 1495 1161 suis
1535 1104 2088 1161 communicationi-

433 1202 576 1271 hus;
609 1200 813 1273 nequit
843 1200 1042 1254 autem
1073 1194 1498 1252 communicari
1545 1199 1838 1266 quatenus
1869 1199 1958 1251 est
1991 1210 2090 1249 au-

434 1295 580 1358 ctor,
611 1294 667 1345 et
689 1289 829 1360 quia
850 1286 993 1342 illud
1020 1301 1200 1356 super
1227 1283 1427 1339 omnia
1449 1284 1687 1355 proprie
1722 1283 1919 1350 habet,
1953 1283 2087 1354 qui-

435 1380 545 1435 bus
577 1377 775 1433 omnia
807 1393 910 1448 pro
945 1378 1120 1446 captu
1164 1372 1554 1444 participant;
1618 1371 1728 1428 hoc
1786 1372 1942 1428 enim
2001 1375 2091 1428 est

437 1468 631 1524 simile
662 1467 747 1522 illi
780 1466 937 1538 quod
971 1480 1153 1535 supra
1183 1462 1242 1516 in
1276 1461 1466 1534 capite
1495 1462 1703 1532 quinto
1737 1461 1958 1517 dictum
1977 1467 2084 1530 est,

438 1573 648 1629 nempe
673 1557 830 1628 quod
863 1557 973 1624 est,
1004 1556 1060 1608 et
1090 1551 1147 1606 in
1183 1551 1461 1607 omnibus
1501 1555 1609 1621 est,
1661 1555 1718 1606 et
1764 1550 1912 1606 nihil
1963 1567 2088 1606 om-

439 1647 602 1702 nium
635 1650 760 1712 est;
813 1643 952 1716 quia
981 1642 1139 1699 enim
1180 1641 1461 1711 continet,
1495 1645 1552 1696 et
1599 1640 1872 1706 vivificat,
1921 1644 2089 1711 atque

440 1734 724 1804 custodit,
759 1733 973 1789 dicitur
1003 1731 1062 1786 in
1096 1730 1373 1787 omnibus
1396 1745 1554 1798 esse;
1592 1728 1739 1784 nihil
1766 1734 1962 1785 autem
1995 1745 2088 1786 re-

438 1841 570 1880 rum
601 1827 708 1891 est,
734 1826 1028 1895 quatenus
1060 1836 1239 1876 causa
1261 1818 1666 1892 productionis
1685 1818 1947 1875 omnium
1977 1823 2086 1874 est.
2138 1826 2142 1830 '

433 1918 625 1972 Causa
649 1929 783 1968 vero
834 1925 1141 1982 nunquam
1175 1925 1244 1964 ex
1274 1907 1493 1964 effectis
1550 1924 1680 1964 esse
1737 1912 1926 1978 potest
1958 1925 1971 1963 :
2004 1908 2089 1964 sic

437 2003 611 2058 etiam
644 1998 754 2056 hoc
780 1999 926 2067 loco,
961 1999 1116 2054 Deus
1147 1997 1385 2069 quidem
1418 1996 1842 2053 communicari
1874 2001 2084 2068 potest,

439 2094 732 2162 quatenus
762 2089 963 2144 omnia
992 2105 1119 2160 quas
1164 2091 1305 2144 sunt
1351 2087 1546 2160 ipsum
1604 2085 1978 2158 participant,
2029 2092 2087 2143 et

436 2195 542 2252 per
569 2179 766 2250 ipsum
799 2178 1166 2246 consistunt;
1203 2177 1358 2249 quod
1391 2177 1549 2233 enim
1583 2193 1717 2232 eum
1753 2192 1868 2232 non
1901 2177 2084 2248 parti-

439 2269 614 2340 oipat,
650 2283 840 2340 neque
889 2275 997 2336 est,
1032 2283 1222 2339 neque
1275 2267 1409 2332 erit,
1455 2282 1646 2338 neque
1703 2271 1848 2322 erat.
1876 2267 2088 2322 Contra

2199 655 2419 725 θότητα,
2454 655 2702 729 θεότητα,
2736 652 2965 725 κάλλος,
2997 653 3176 710 καὶτὰ
3207 655 3394 728 ὅμοια.

2270 837 2365 891 Ἐκ
2393 839 2526 890 Θεοῦ
2576 839 2674 889 τοῦ
2723 833 3042 908 ἆμεθὲκτυυ.
3093 834 3207 910 Πρὸ
3243 835 3480 910 βραχέος
3524 832 3693 888 εἰπὼν
3730 836 3854 906 μεθ-

2198 924 2346 980 εκτὸν
2406 925 2497 980 τὸν
2546 925 2700 992 Θεὸν,
2749 928 2840 979 νῦν
2893 923 3186 996 ἂμέθεκτον
3249 923 3410 979 αὐτόν
3465 945 3630 1001 φησιν
3689 926 3846 978 εἶναι·

2201 1013 2456 1087 μεθεκτὸς
2510 1015 2602 1086 μὲν
2657 1013 2746 1068 οὖν
2788 1015 2816 1068 6
2859 1013 2990 1076 Θεὸς
3038 1013 3174 1068 κατὰ
3216 1013 3312 1075 τὰς
3353 1010 3704 1090 φιλοδώρους
3752 1012 3851 1067 a6-

2195 1106 2292 1157 τοῦ
2335 1098 2663 1174 μεταδόσεις·
2718 1101 3009 1175 ἆμὲθεκτος
3059 1097 3115 1155 δὲ
3154 1101 3292 1155 κατᾶ
3346 1101 3410 1154 τὸ
3467 1098 3627 1155 αὐτὸν
3676 1097 3851 1154 αἴτιον

2198 1186 2346 1260 ὄντα,
2391 1190 2481 1246 καὶ
2527 1195 2689 1246 τοῦτο
2737 1191 2867 1266 ὑπὲρ
2922 1190 3094 1244 πάντα
3143 1189 3289 1266 ἔχειν
3345 1185 3519 1259 ἰδίως,
3553 1190 3626 1243 ὧν
3677 1187 3852 1243 πάντα

2197 1279 2522 1358 προσφόρως
2569 1278 2812 1355 μετὲχειο
2845 1281 3038 1354 ὅμοιον
3088 1281 3188 1356 γάρ
3239 1278 3350 1334 ἐστι
3400 1283 3566 1334 τοῦτο
3593 1283 3676 1350 τῷ
3708 1278 3858 1354 εἰρη-

2202 1368 2345 1442 μένῳ
2376 1367 2486 1424 ἅνω
2517 1368 2570 1424 ἐν
2601 1366 2880 1443 κεφαλαίῳ
2909 1370 3164 1442 πέμπτῳ,
3197 1367 3278 1423 ὅτι
3310 1369 3372 1424 τὸ
3405 1369 3462 1423 ὃν
3497 1367 3588 1423 καὶ
3635 1365 3686 1423 ἐν
3734 1373 3854 1431 τοῖς

2198 1457 2354 1514 πᾶσίν
2385 1459 2515 1531 ἐστι,
2549 1459 2640 1512 καὶ
2689 1456 2842 1514 οὐδὲν
2895 1463 3002 1512 τῶν
3054 1459 3269 1514 πάντων
3320 1457 3454 1513 ἐστί’
3506 1454 3595 1512 διὰ
3639 1456 3744 1531 γᾶρ
3791 1457 3855 1511 τὸ

2199 1549 2442 1625 συνέχειν
2492 1548 2580 1602 καὶ
2627 1551 2799 1617 ζωοῦν
2849 1549 2937 1602 καὶ
2998 1546 3284 1626 φυλάττειν
3345 1547 3559 1621 λέγεται
3622 1545 3673 1600 ἐν
3731 1551 3854 1607 τοῖς

2197 1644 2357 1694 πᾶσιν
2409 1638 2564 1693 εἶναι·
2599 1636 2750 1692 οὐδὲν
2787 1634 2844 1692 δὲ
2888 1641 2996 1692 τῶν
3048 1633 3216 1692 ὄντων
3264 1635 3399 1706 ἐστὶ,
3448 1637 3565 1700 καθ’
3614 1637 3643 1690 ’ὁ
3676 1633 3850 1690 α’ίτιον

2196 1735 2298 1797 τῆς
2326 1729 2541 1782 πάντων
2587 1729 2939 1802 παραγωγῆς,
2971 1726 3070 1782 οὐκ
3117 1725 3173 1780 ἂν
3226 1723 3284 1781 δὲ
3330 1727 3392 1780 τὸ
3438 1723 3610 1779 αἴτιον
3642 1724 3701 1778 ἐκ
3743 1728 3852 1777 τῶν

2198 1815 2454 1871 αἷτιατῶν
2513 1815 2622 1885 εἷή.
2681 1815 2837 1874 Οὕτω
2894 1815 2984 1871 καὶ
3039 1815 3282 1882 ἐνταῦθα,
3347 1814 3604 1888 μεθεκτὸς
3669 1813 3765 1887 μὲν
3829 1814 3857 1868 6

2199 1905 2327 1968 Θεὸς
2384 1907 2502 1969 καθ’
2559 1905 2588 1960 ὃ
2645 1905 2818 1960 πάντα
2883 1906 2949 1959 τὰ
3022 1900 3152 1959 ὄντα
3223 1904 3389 1959 αὐτοῦ
3457 1903 3701 1977 μετέχει,
3761 1901 3851 1956 καὶ

2198 1993 2266 2050 δι’
2308 1994 2470 2050 αὐτοῦ
2525 1998 2832 2063 συνέστηκε·
2865 1994 2928 2049 τὸ
2975 1989 3073 2068 γὰρ
3123 1994 3286 2049 αὐτοῦ
3340 1994 3414 2067 μὴ
3461 1991 3693 2067 μετέχον
3728 1989 3855 2045 οὕτε

2194 2079 2359 2152 ἔστιν,
2413 2081 2536 2140 οὔτε
2583 2080 2749 2153 ἔσται,
2797 2083 2920 2139 οὐτε
2965 2085 3055 2154 ἦν.
3117 2083 3443 2156 Ἀμέοεκτος
3506 2079 3566 2136 δὲ
3622 2079 3793 2136 πάλιν
3831 2126 3846 2152 ,

2197 2171 2383 2242 ἐπειδή
2427 2180 2528 2243 τῆς
2573 2170 2735 2228 αἶ)τοῦ
2785 2173 2968 2235 οὖσίας
3018 2171 3173 2229 οὐδὲν
3223 2176 3328 2227 τῶν
3375 2167 3544 2228 ὄντων
3601 2170 3843 2246 μετέχει·

2198 2263 2331 2339 ὑπὲρ
2361 2263 2427 2318 τὰ
2457 2259 2580 2318 ὄντα
2611 2262 2712 2338 γὰρ
2745 2263 2771 2318 6
2804 2263 2934 2324 Θεὸς
2960 2263 3097 2317 κατά
3125 2264 3226 2330 τὴν
3258 2259 3398 2316 ίδίαν
3433 2261 3615 2339 φύσιν.

439 2373 574 2414 vero
605 2357 1029 2413 communicari
1063 2356 1269 2428 nequit
1301 2357 1580 2428 quoniam
1613 2355 1760 2411 nihil
1792 2371 1992 2411 eorum
2024 2372 2151 2427 qua:
2174 2359 2337 2425 sunt,
2369 2355 2686 2411 essentiam
2716 2355 2845 2425 ejus
2876 2354 3218 2427 participat;
3256 2369 3394 2408 nam
3443 2353 3598 2409 Deus
3639 2369 3856 2408 secun-

443 2448 584 2503 dum
617 2447 915 2520 propriam
950 2451 1222 2503 naturam
1254 2450 1312 2502 et
1340 2462 1522 2516 supra
1550 2461 1619 2501 ea
1650 2462 1777 2516 quae
1810 2450 1969 2500 sunt.

1050 2563 1120 2621 IN
1164 2563 1317 2620 CAP.
1367 2559 1487 2618 ΧΗ.

514 2655 611 2727 §I.
645 2657 752 2710 Per
805 2655 1094 2711 nominum
1147 2654 1604 2725 geminationem.
1630 2651 2092 2708 Geminationem

445 2745 751 2800 nominum
813 2745 975 2815 dicit,
1037 2742 1463 2814 superlativum
1525 2758 1658 2796 cum
1718 2739 1986 2812 positivo,
2028 2746 2094 2797 ut

440 2834 724 2889 Sanctum
759 2837 1122 2901 sanctorum,
1151 2830 1461 2885 Dominum
1491 2828 1885 2897 dominorum,
1911 2833 2089 2885 Deum

439 2919 707 2989 deorum,
740 2922 976 2992 [Regem
1011 2920 1261 2990 regum,]
1293 2921 1349 2974 et
1377 2918 1468 2972 his
1502 2916 1740 2973 similia.

505 3011 658 3066 228
686 3007 716 3082 §
740 3009 814 3064 II.
851 3010 1191 3079 Quapropter
1219 3006 1542 3063 dominatio.
1577 3007 1707 3062 Haec
1737 3007 1944 3063 dicunt
1975 3007 2089 3064 duo

433 3099 718 3171 Gregorii,
739 3095 1051 3169 theologus
1083 3101 1138 3152 et
1169 3097 1488 3169 Nyssenu's.

500 3186 633 3259 §III.
644 3181 1585 3259 Αὀδοίιιιθρνιυιιίσαηάα,Ἀπολύτω
1596 3185 1752 3246 ςαὺεο
1761 3185 1960 3252 lute,id
1975 3189 2084 3254 est,

436 3293 554 3333 non
576 3277 900 3333 secundum
924 3275 1145 3348 aliquid
1171 3275 1430 3344 laudare,
1457 3275 1786 3332 secundum
1821 3291 1956 3331 vero
1979 3275 2083 3330 ali-

435 3363 575 3439 quid
593 3383 706 3423 non
726 3366 1097 3433 laudare,aut
1111 3368 1283 3437 prout
1296 3379 1428 3420 cum
1454 3363 1566 3421 alio
1580 3367 2083 3437 comparatur,sed

441 3456 768 3512 secundum
791 3453 1117 3527 simplicem
1131 3455 1566 3528 cogitationem,
1581 3453 1638 3510 id
1655 3458 1744 3510 est
1764 3456 2015 3527 proprie.

510 3543 572 3598 Et
625 3543 1089 3616 iamqualilalcm.
1128 3543 1259 3597 Haec
1306 3546 1395 3596 est
1438 3541 1658 3611 unitas,
1694 3541 2088 3613 aequalitatem

441 3640 497 3688 et
529 3633 894 3688 identitatem
930 3633 1089 3698 dico;
1125 3632 1244 3686 haec
1270 3631 1426 3686 enim
1459 3637 1546 3686 est
1575 3647 1755 3686 causa
1785 3632 2087 3702 conspira-

440 3720 620 3775 tionis
652 3725 707 3775 et
739 3719 1085 3786 concordiaz,
1117 3723 1173 3774 et
1205 3718 1415 3774 salutis
1461 3723 1737 3786 totorum,
1772 3737 1905 3775 nam
1940 3721 2088 3777 ratio

443 3809 686 3865 unitatis
719 3809 1039 3864 secundum
1074 3809 1278 3863 eadem
1303 3812 1358 3862 et
1379 3807 1728 3879 simpliciter
1751 3827 1812 3864 se
1844 3809 2087 3880 habens,

442 3915 626 3954 unum
661 3898 869 3953 merito
901 3885 1180 3969 appellari
1213 3901 1424 3968 potest,
1446 3914 1630 3952 unum
1661 3898 1816 3957 enim
1850 3899 2004 3969 quod
2028 3898 2086 3953 in

437 3985 915 4059 particularibus,
947 3991 1034 4042 est
1066 3987 1296 4040 unitum
1331 3985 1619 4057 partibus,
1654 3989 1710 4040 et
1739 3986 2086 4058 conspirans

434 4075 493 4131 in
526 4076 974 4148 participatione
1006 4074 1205 4147 primae
1237 4091 1446 4130 causae.
1485 4076 1614 4130 Haec
1646 4075 1882 4130 ratione
1913 4078 2086 4133 etiam

435 4164 719 4220 Dominus
752 4182 852 4237 pro
885 4163 1189 4236 discipulis
1222 4167 1367 4219 orat.
1406 4165 1469 4220 Ut
1497 4165 1610 4219 sint
1657 4167 1711 4218 et
1741 4165 1852 4235 ipsi
1890 4181 2086 4234 unum,

431 4256 575 4310 sicut
615 4257 666 4309 et
707 4270 804 4310 nos
860 4270 1033 4308 unum
1087 4269 1298 4319 sumus,
1352 4261 1412 4308 ut
1466 4253 1577 4309 sint
1631 4257 1999 4309 consummati
2029 4255 2086 4310 in

432 4357 604 4396 unum
635 4343 710 4415 (b)
743 4343 916 4415 [quod
954 4343 1247 4413 signiﬁcat
1269 4341 1664 4409 sanctitatem,
1698 4359 1764 4398 ac
1797 4343 2084 4414 regnum],

430 4427 701 4503 γάννυται,
763 4447 865 4486 seu
919 4435 1210 4485 recreatur
1257 4429 1413 4486 Deus
1467 4431 1525 4486 in
1586 4431 1838 4503 propriis
1895 4434 2084 4504 operi-

431 4518 545 4571 bus
592 4519 917 4572 secundum
971 4519 1113 4572 illud
1167 4517 1537 4574 Psalmorum
1571 4534 1586 4575 :
1623 4519 1923 4576 Laetabitur
1975 4524 2086 4576 Do-

433 4607 618 4659 minus
650 4605 709 4660 in
739 4610 993 4677 operibus
1017 4608 1133 4662 sats
1164 4609 1234 4680 (ε)
1269 4609 1445 4679 [quod
1495 4609 1827 4664 dominium
1860 4611 2084 4682 signifi-

435 4695 569 4765 cat].

510 4875 536 4941 §
568 4873 658 4929 ιν.
691 4874 888 4929 Auctor
921 4874 1435 4946 imparticz'pabilis.
1470 4875 1626 4931 Deus
1658 4875 2081 4933 communicari

435 4964 659 5033 nequit,
695 4964 1018 5018 secundum
1055 4967 1270 5019 natura:
1303 4963 1610 5020 rationem.

499 5052 730 5107 Sanctus
785 5061 1104 5107 sanctorum
1150 5052 1432 5109 laudatur.
1482 5053 1782 5116 Quomodo
1833 5057 2085 5110 Sanctus

425 5143 788 5207 sanctorum,
814 5145 870 5195 et
893 5140 1113 5195 similia
1148 5141 1304 5196 Deus
1329 5139 1622 5207 laudatur,
1658 5143 2087 5198 admirabiliter

429 5227 846 5295 manilcstavit,
869 5233 925 5283 et
945 5230 1045 5296 ait,
1071 5234 1358 5300 quantum
1386 5229 1580 5286 differt
1609 5235 1819 5286 natura
1849 5247 1998 5302 pura
2030 5234 2087 5287 et

430 5330 608 5369 causa
639 5334 669 5369 a
703 5316 985 5384 qualitate
1017 5323 1073 5372 et
1093 5319 1163 5373 ab
1197 5319 1434 5384 effectu;
1471 5320 1626 5391 quod
1651 5320 1809 5374 enim
1833 5320 2083 5375 estillud

427 5403 581 5472 quod
614 5407 699 5457 est
723 5409 990 5474 respectu
1023 5405 1184 5462 illius
1230 5409 1385 5480 quod
1437 5409 1668 5480 proprie
1721 5425 1836 5464 non
1886 5413 1993 5480 est,
2029 5415 2086 5465 et

430 5495 719 5561 quantum
751 5491 893 5546 illud
920 5496 1072 5564 quod
1101 5497 1488 5568 partioipatur
1519 5497 1590 5553 ab
1623 5514 1689 5552 eo
1721 5499 1877 5568 quod
1911 5499 2086 5569 parti-

432 5581 611 5652 cipat;
637 5585 866 5637 tantum
891 5583 1084 5640 differt
1118 5587 1268 5643 Deus
1298 5589 1440 5643 dum
1473 5587 1596 5643 haec
1627 5588 1865 5660 dicitur,
1900 5589 1971 5645 ab
2013 5589 2086 5644 iis

511 5763 589 5831 (ὁ)
620 5763 789 5818 Joan.
822 5782 960 5837 xvn,
999 5769 1081 5836 lt,
1114 5769 1203 5824 23.
1281 5770 1353 5842 (ο)
1386 5768 1534 5826 Psal.
1567 5786 1688 5842 cm,
1723 5770 1813 5825 31.

2678 2563 2791 2617 ΕΙΣ
2830 2562 2922 2617 ΤΟ
2961 2562 3224 2616 ΚΕΦΑΛ.
3268 2559 3370 2615 ΙΒ’.

2276 2651 2304 2723 §
2335 2651 2375 2707 Ι.
2409 2653 2499 2720 Τῷ
2528 2647 2915 2722 διπλασιασμῷ
2942 2654 3049 2704 τῶν
3081 2648 3394 2720 ὀνομάτων.
3443 2646 3856 2720 Διπλασιασμὸν

2205 2737 2486 2810 ὀνομάτων
2547 2739 2679 2816 φησὶ
2734 2739 2796 2792 τὸ
2869 2739 3007 2813 πρὸς
3080 2739 3142 2792 τὸ
3212 2735 3422 2792 ἁπλοῦν
3484 2735 3856 2812 ὑπερθετικὸν,

2204 2827 2317 2881 οἷον
2367 2829 2558 2901 ’Ἃγιον
2612 2826 2800 2901 ἁγίων,
2854 2825 3050 2902 Κύριον
3099 2825 3324 2901 κυρίων,
3375 2825 3501 2880 Θεὸν
3557 2826 3690 2889 θεῶν
3742 2824 3855 2896 [καὶ

2200 2914 2435 2970 Βασιλέα
2470 2914 2785 2990 βασιλέων],
2815 2914 2905 2970 καὶ
2934 2915 3001 2969 τὰ
3031 2914 3196 2988 ὅμοια
3225 2914 3453 2972 τούτων.

2269 3007 2398 3073 §II.
2436 3006 2528 3059 Διὸ
2577 3005 2667 3060 καὶ
2716 3005 2999 3082 κυριότης.
3049 3006 3226 3060 Ταῦτά
3267 3024 3424 3083 φασιν
3476 3006 3528 3060 οἱ
3576 3001 3674 3059 δύο
3718 3009 3856 3078 Γρη·

2198 3093 2402 3169 γόριοι,
2430 3093 2460 3149 6'
2488 3111 2548 3150 τε
2577 3092 2840 3169 θεολόγος
2869 3094 2958 3149 καὶ
2993 3095 3019 3148 ὁ
3052 3094 3288 3166 Νύσσης.

2268 3184 2424 3252 §Ill.
2501 3182 2821 3245 Ἀπολύτως
2894 3182 3181 3254 ὑμνητέον.
3254 3183 3596 3246 Ἀπολύτως.
3670 3183 3850 3237 τουτέ-

2200 3291 2311 3326 στιν
2369 3272 2431 3327 οὑ
2483 3274 2619 3327 κατὰ
2664 3293 2715 3327 τι
2767 3273 2886 3344 μὶν,
2935 3275 3070 3328 κατά
3115 3294 3166 3328 τι
3214 3271 3271 3328 δὲ
3318 3272 3400 3343 οὔ,
3433 3273 3467 3343 ἢ
3505 3274 3580 3333 ὡς
3631 3272 3768 3348 πρός
3798 3293 3852 3325 τι

2197 3357 2400 3436 ἕτερον,
2433 3360 2578 3417 ἀλλὰ
2607 3361 2742 3416 κατὰ
2770 3360 2950 3432 ἁπλῆν
2985 3356 3217 3430 ἔννοιαν,
3249 3361 3490 3418 τουτέστι
3517 3361 3746 3438 κυρίως.

2269 3539 2370 3597 Καὶ
2430 3539 2742 3611 ἀνισότητα.
2815 3539 2963 3611 Αὕτη
3041 3539 3181 3596 ἐστὶν
3252 3543 3285 3612 ἡ
3357 3540 3567 3611 ἑνότης,
3627 3541 3688 3596 τὸ
3750 3549 3853 3612 τῆς

2197 3630 2450 3700 ὶσότητος
2504 3630 2594 3684 καὶ
2641 3631 2972 3700 ταυτότητος
3023 3627 3165 3707 λέγω
3200 3648 3214 3662 ⁸
3263 3634 3424 3684 τοῦτο
3475 3629 3573 3705 γᾶίρ
3628 3629 3740 3684 ἐστι
3788 3632 3852 3684 τὸ

2199 3714 2373 3772 αἶ’τιον
2423 3725 2523 3788 τῆς
2573 3719 2898 3792 συμπνοίας,
2929 3720 3018 3773 καὶ
3066 3725 3166 3788 τῆς
3215 3717 3569 3791 συμπαθείας,
3620 3721 3710 3772 καὶ
3751 3727 3852 3788 τῆς

2197 3806 2471 3882 σωτηρίας
2511 3812 2621 3863 τῶν
2668 3805 2838 3863 ὅλων·
2889 3811 2917 3863 6
2960 3810 3062 3884 γὰρ
3105 3816 3204 3878 τῆς
3252 3809 3505 3879 ἑνότητος
3566 3807 3758 3883 λόγος,
3820 3812 3850 3864 6

2195 3897 2329 3951 κατά
2385 3899 2453 3952 τὰ
2509 3897 2643 3952 αὐτὰ
2697 3897 2786 3952 καὶ
2845 3897 3103 3962 ὡσαύτως
3159 3895 3326 3974 ἔχων,
3385 3899 3440 3952 ἓν
3499 3899 3725 3960 εἰκότως
3787 3901 3844 3953 ἂν

2195 3985 2682 4061 προσαγορεύοιτο·
2727 3985 2817 4041 καὶ
2870 3987 2974 4062 γὰρ
3026 3988 3088 4041 τὸ
3131 3986 3182 4041 ἐν
3237 3991 3354 4050 τοῖς
3392 3985 3526 4042 κατὰ
3577 3987 3744 4062 μέρος
3792 3989 3845 4042 ’ἐν

2194 4078 2442 4130 τοιοῦτον
2486 4074 2744 4150 ὐπάρχει,
2793 4077 3079 4149 ἡνωμένον
3127 4081 3247 4139 τοῖς
3307 4075 3509 4150 μέρεσι,
3561 4076 3651 4130 καὶ
3707 4075 3848 4148 σύμ-

2196 4182 2362 4218 πνουν
2419 4165 2556 4219 κατδι
2609 4161 2892 4237 μετουσίαν
2966 4169 3065 4219 τοῦ
3134 4166 3357 4238 πρώτου
3415 4165 3590 4220 αἰτίου
3625 4207 3638 4221 .
3700 4167 3850 4223 Κατὰ

2194 4257 2385 4307 τοῦτον
2439 4253 2530 4307 τὸν
2578 4249 2740 4328 λόγον
2791 4253 2880 4307 καὶ
2936 4255 2962 4308 6
3014 4254 3210 4329 Κύριος
3266 4253 3371 4308 ὑπὸ
3417 4259 3525 4308 τῶν
3587 4259 3848 4326 μαθητῶν

2197 4342 2354 4410 αἰτεῖ,
2403 4345 2516 4397 Ἵνα
2560 4345 2659 4397 ὦσι
2707 4344 2797 4397 καὶ
2846 4343 3000 4397 αὐτοὶ
3051 4342 3128 4411 ἓν,
3182 4344 3257 4406 ὡς
3302 4343 3392 4398 καὶ
3443 4345 3610 4417 ἡμεῖς
3655 4341 3714 4398 ἓν
3765 4344 3847 4398 ἐσ-

2344 4428 2368 4452 "
2497 4431 2518 4446 ν
2955 4429 2964 4446 Ι
3110 4432 3123 4448 ν
3245 4429 3257 4446 ε
3435 4434 3459 4452 n
3696 4439 3719 4448 υ
3793 4435 3805 4449 \

2200 4451 2318 4503 μεν,
2355 4452 2437 4486 ινα
2484 4451 2585 4484 ωσι
2632 4431 3046 4505 τετελειωμενοι
3080 4452 3157 4493 εις
3204 4452 3268 4486 το
3298 4425 3375 4486 ἓν·
3413 4434 3505 4505 [Ο
3544 4430 3718 4501 δηλοι
3746 4455 3843 4501 την

2197 4518 2482 4593 ἁγιότητα,
2515 4521 2542 4574 '6
2586 4517 2752 4590 δηλοῖ
2789 4522 2886 4589 τὴν
2943 4519 3244 4594 βασιλείαν,
3292 4519 3542 4594 γάννυται
3595 4519 3672 4592 δὲ,
3724 4520 3848 4590 ἤτοι

2196 4609 2538 4685 εὐφραίνεται
2591 4608 2679 4663 ἐπὶ
2726 4614 2846 4671 τοῖς
2893 4606 3056 4669 ἰδίοις
3103 4611 3405 4682 ποιήμασιν
3457 4606 3486 4663 6
3517 4609 3666 4679 Θεὸς,
3714 4611 3847 4664 κατὰ

2114 4689 2160 4752 Ι)
2190 4697 2251 4751 τὸ
2286 4696 2336 4751 ἐν
2369 4696 2634 4771 ψαλμοῖς·
2669 4699 3104 4776 Εὑφρανθήσεται
3155 4698 3350 4772 Κύριος
3398 4697 3482 4753 ἐπὶ
3515 4704 3634 4761 τοῖς
3665 4694 3846 4774 ἔργοις

2195 4786 2356 4840 αὐτοῦ
2389 4787 2438 4859 [ὃ
2471 4784 2638 4857 δηλοῖ
2663 4790 2763 4856 τὴν
2791 4786 3130 4863 κυριότητα].

2265 4880 2291 4945 §
2323 4877 2418 4933 ιν.
2451 4877 2506 4928 Ὀ
2545 4875 2840 4949 ἀμὲοεκτος
2893 4875 3088 4938 αἷ¹τιος.
3123 4874 3446 4950 Ἀμὲθεκτος
3478 4879 3504 4932 6
3550 4877 3681 4939 Θεὸς
3711 4878 3844 4932 κατὰ

2191 4965 2283 5018 τὸν
2314 4970 2416 5034 τῆς
2447 4963 2658 5039 φύσεως
2690 4965 2881 5040 λόγον.

2264 5055 2455 5128 ’Ἄγιος
2512 5052 2677 5129 ἀγίων
2731 5055 2999 5126 ὑμνεῖται.
3060 5056 3186 5118 Πῶς
3235 5057 3422 5128 Ἀγιος
3479 5054 3648 5130 ἁγίων
3685 5099 3702 5127 ,
3761 5054 3843 5108 καὶ

2192 5141 2260 5197 τὰ
2313 5147 2539 5197 τοιαῦτα
2597 5143 2844 5215 ὑμνεῖται
2886 5144 2914 5197 ὁ
2963 5144 3119 5214 Θεὸς,
3179 5146 3496 5216 θαυμασίως
3556 5143 3842 5219 ἐτράνωσε,

2193 5231 2281 5285 καί
2341 5251 2496 5308 φησι,
2546 5233 2665 5295 καθ’
2715 5230 2838 5287 ὅσον
2891 5228 3130 5310 διαφέρει
3191 5231 3348 5310 φύσις
3403 5232 3711 5310 ἀκραιφνὴς
3761 5232 3844 5286 καὶ

2196 5321 2340 5375 αἰτία
2394 5321 2692 5390 ποιότητος
2737 5321 2826 5376 καὶ
2870 5321 3134 5377 αἰτιατοῦ⁸
3185 5327 3347 5377 τοῦτο
3398 5323 3502 5397 γάρ
3549 5321 3661 5376 ἐστι
3701 5323 3764 5376 τὸ
3792 5322 3847 5375 ’ὃν

2194 5410 2329 5484 πρὸς
2377 5409 2441 5462 τὸ
2495 5411 2571 5482 μή
2603 5409 2804 5484 κυρίως
2857 5410 2939 5481 ὃν,
2969 5409 3058 5465 καὶ
3107 5411 3224 5465 καθ’
3277 5412 3401 5464 ὅσον
3441 5409 3640 5466 τούτου
3693 5410 3845 5483 μετέ-

2197 5517 2396 5572 χοντος
2453 5497 2580 5552 αὐτὸ
2623 5499 2684 5552 τὸ
2747 5495 3139 5574 μετεχὸμενον,
3188 5500 3325 5554 κατὰ
3377 5504 3640 5554 τοσοῦτον
3693 5495 3843 5553 διαλ-

2197 5585 2380 5642 λάττει
2444 5589 2472 5642 ὁ
2532 5588 2658 5650 Θεὸς
2712 5593 2880 5644 ταῦτα
2932 5587 3228 5664 λεγόμενος
3281 5593 3389 5644 τῶν
3441 5589 3578 5644 κατὰ
3638 5589 3837 5662 μέθεξιν
