4062 6366
233 429 336 483 405

1002 434 1061 485 S.
1102 433 1369 486 MAXIMI
1409 432 1714 488 SCHOLIA
1755 434 1829 486 IN
1868 434 2001 485 LIB.
2043 434 2138 484 DE
2178 432 2446 487 DIVINIS
2486 433 2898 490 NOMINIBUS.

3556 444 3662 499 406

230 555 393 606 τοῦτο
447 546 775 625 ἐσχηκότων
806 569 819 583 ·
869 550 935 605 τὰ
983 549 1087 626 γὰρ
1132 553 1305 606 πάντα
1357 551 1415 607 ἐκ
1463 556 1595 608 Θεοῦ
1644 551 1869 619 ἐστι,κα

2008 553 2103 624 qui
2166 553 2266 609 illa
2325 554 2775 626 participatione
2834 556 3331 627 habent;omnia
3374 564 3532 620 enim
3590 584 3659 623 ex

237 638 474 713 λέγεται,
510 641 602 694 καὶ
636 637 751 716 ἔχει
786 662 798 673 ·
829 642 855 695 6
888 641 1016 703 Θεὸς
1068 639 1117 711 ἐξ
1168 638 1403 703 οὐδενός.
1437 642 1555 714 [Atii
1603 642 1653 696 τί
1704 644 1890 716 *Ἄγιος

232 730 422 803 ἁγίων,
471 730 565 782 καὶ
619 728 871 803 βασιλεὺς
918 728 1339 805 βασιλευόντων,
1390 732 1479 785 καὶ
1531 730 1728 805 Κύριος
1784 734 1892 785 τῶν

230 819 455 891 κυρίων,
488 820 584 873 καὶ
619 819 748 881 Θεὸς
782 822 915 874 θεῶν
950 817 1213 895 λέγεται.]

298 907 520 983 Ἀγίους
567 907 623 963 δὲ
668 910 757 963 καὶ
801 906 1068 984 βασιλεῖς.
1123 908 1278 973 Θείας
1341 909 1581 972 ἐπινοίας
1631 911 1657 964 6
1716 911 1887 982 μακά-

230 1018 343 1073 ριος
395 999 561 1059 οὗτος
611 998 939 1070 ἠξιωμένος,
980 993 1213 1060 εὐσεϐῶς
1264 1000 1330 1052 τὰ
1387 1000 1531 1074 παρά
1597 1020 1734 1052 τισιν
1813 998 1887 1060 είς

227 1086 530 1150 πολυθείαν
586 1087 879 1141 ἐκπεσόντα
931 1084 1204 1162 φιλοθέως
1260 1093 1623 1163 μυσταγωγεῖ,
1656 1087 1745 1142 καὶ
1791 1089 1887 1149 τας

226 1178 589 1253 ἐξεστηκυίας
639 1181 749 1232 τῶν
798 1170 1223 1246 ὑποϐεϐηκότων
1272 1177 1447 1252 ἀρχὰς
1506 1179 1642 1231 κατὰ
1690 1177 1885 1251 ἐξοχὴν

225 1267 436 1339 ἁγίους,
472 1267 565 1319 καὶ
629 1264 893 1340 βασιλεῖς,
928 1265 1019 1319 καὶ
1072 1264 1315 1341 κυρίους,
1365 1266 1453 1320 καὶ
1514 1264 1667 1329 θεοὺς
1721 1264 1881 1336 λέγε-

226 1355 345 1409 σθαί
398 1377 591 1432 φησιν,
622 1354 804 1429 ὥσπερ
849 1354 938 1408 καὶ
989 1354 1040 1408 ἐν
1089 1354 1398 1427 ἀνθρώποις
1452 1356 1502 1408 οἱ
1549 1354 1882 1428 ἐξοχώτατοι

225 1444 367 1498 οὕτω
420 1444 948 1520 προσαγορεύονται,
1008 1442 1098 1497 καὶ
1169 1442 1350 1518 ὥσπερ
1419 1443 1468 1497 ἐν
1533 1446 1669 1515 ἡμῖν
1728 1444 1779 1497 oi
1829 1442 1880 1497 ἐν

222 1533 382 1607 ἀρετῇ
421 1532 767 1609 προῦχοντες
800 1529 1118 1587 διδάσκαλοι
1146 1533 1246 1600 τὴν
1278 1532 1473 1607 ἀρετήν
1507 1532 1558 1587 ἐν
1615 1537 1682 1607 τῇ
1725 1535 1880 1607 ψυχῇ

225 1624 439 1677 ἓνιαίως
504 1621 971 1697 συνηθροισμένην
1040 1620 1253 1695 ἔχουσι.
1311 1623 1409 1677 Διὰ
1456 1620 1514 1677 δὲ
1568 1628 1671 1692 τῆς
1730 1619 1879 1676 διδα-

221 1710 446 1772 σκαλίας
510 1713 717 1786 ἑτέροις
775 1710 869 1773 τὰς
930 1712 1119 1786 ἀρετὰς
1156 1709 1532 1785 μεταδιδόντες
1591 1712 1729 1787 πρὸς
1778 1712 1876 1780 τὴν

222 1798 487 1878 διαροραν
519 1806 617 1856 τοῦ
650 1799 899 1871 πλήθους
926 1804 1031 1853 τῶν
1087 1797 1495 1874 διδασκομένων
1544 1800 1875 1871 πληθύνεται

221 1890 305 1945 καὶ
386 1894 422 1959 ἡ
511 1888 911 1963 μεταδιδομένη
990 1891 1117 1965 παρ’
1168 1891 1344 1945 αὐτῶν
1433 1892 1591 1965 ἀρετή
1631 1910 1643 1922 ’
1704 1890 1877 1952 οὕτως

224 1980 533 2056 ἰσχνοτέρῳ
591 1980 697 2035 τινὶ
757 1982 845 2033 καὶ
903 1979 1160 2053 θειοτέρῳ
1206 1979 1395 2056 τρόπῳ
1435 1979 1545 2035 ἐστὶ
1587 1984 1693 2034 τῶν
1743 1979 1880 2035 ἀσω-

230 2068 417 2140 μάτων
455 2070 658 2139 τάξεων
692 2068 965 2144 θεωρητόν
1000 2072 1069 2105 ¹“¹·
1105 2071 1190 2123 καὶ
1227 2067 1314 2123 δια
1340 2074 1446 2123 τῶν
1475 2070 1756 2141 ἀνωτέρων
1790 2069 1879 2123 καὶ

228 2158 641 2233 πλησιαιτέρων
714 2163 831 2230 Θεῴ
886 2159 938 2212 αἰ
1001 2152 1396 2228 ὑποϐεϐηκυῖαι
1473 2159 1648 2231 τάξεις
1728 2158 1878 2230 μετέ-

224 2267 382 2322 χουσι
437 2252 549 2301 τῶν
611 2244 831 2322 δωρεῶν
890 2251 987 2301 τοῦ
1047 2251 1202 2313 Θεοῦ,
1254 2246 1435 2323 ὥσπερ
1493 2246 1553 2302 έκ
1606 2253 1877 2322 κρατῆρος

226 2332 668 2412 ὑπερϐλύζοντος
712 2335 802 2390 καὶ
854 2334 1215 2410 πηγάζοντος,
1246 2335 1313 2390 τὰ
1365 2337 1458 2409 μὲν
1503 2335 1879 2405 πλησιάζοντα

224 2426 383 2495 σκεύη
441 2430 632 2500 πρῶτα
690 2427 1053 2498 πληροῦνται,
1089 2422 1359 2499 δεχόμενα
1403 2426 1464 2479 τὸ
1516 2423 1602 2479 ἐπὶ
1634 2425 1700 2479 τὰ
1746 2422 1878 2479 αὐτὰ

224 2516 525 2589 οερόμενον
563 2534 575 2545 ·
631 2515 762 2586 εἶτα,
824 2514 913 2568 καὶ
972 2516 1150 2569 αὐτῶν
1232 2510 1705 2587 ὑπερϐλυζόντων,
1766 2512 1879 2568 δια-

220 2610 399 2678 χεῖται
462 2603 542 2665 εῗς
599 2602 762 2679 ἕτερα
822 2602 1155 2676 ὑποκείμενα
1211 2603 1398 2673 σκεύη,
1459 2602 1547 2657 καὶ
1612 2604 1749 2678 πρὸς
1815 2604 1877 2658 τὸ

221 2692 435 2763 πλῆθος
494 2698 603 2747 τῶν
658 2690 1000 2768 δεχομένων,
1051 2693 1140 2747 καὶ
1186 2693 1285 2761 τὴν
1338 2690 1597 2768 διαφοράν
1631 2690 1737 2747 εἷίιε
1788 2712 1875 2764 μι-

224 2791 366 2860 κρῶν
430 2782 539 2838 εἴτε
594 2781 874 2857 μεγάλων,
927 2785 1041 2838 οἷον
1094 2780 1523 2859 διαρῥαντίζεται
1570 2782 1632 2836 τὸ
1677 2781 1735 2837 ἐκ
1781 2787 1878 2837 τοῦ

225 2881 499 2949 κρατῆρος
570 2868 872 2942 ἆναϐλῦζον
937 2876 1045 2927 τῶν
1108 2874 1340 2948 πρώτων
1408 2876 1611 2927 σκευῶν
1663 2871 1714 2925 ἐν
1763 2873 1879 2926 ἑαυ-

226 2970 341 3025 τοῖς
388 2962 635 3037 έχόντων
687 2964 823 3017 κατὰ
875 2964 975 3031 τὴν
1010 2962 1236 3033 ἑνότητα
1262 2966 1360 3017 τοῦ
1386 2962 1766 3037 πληρώματος
1814 2963 1876 3016 τὸ

226 3054 461 3125 πρώτως
506 3051 565 3106 ἐκ
614 3055 709 3105 τοῦ
758 3058 1033 3126 κρατῆρος
1087 3050 1303 3125 ἐνεχθὲν
1340 3070 1352 3083 ·
1390 3051 1531 3105 οὕτω
1581 3049 1877 3124 παχυτέρῳ

233 3142 379 3218 λόγῳ
412 3143 513 3210 τὴν
546 3140 803 3219 ἀφθονίαν
848 3148 951 3211 τῆς
1006 3138 1344 3214 μεταδόσεως
1395 3145 1504 3195 τῶν
1564 3140 1719 3195 θείων
1771 3136 1877 3193 δω-

2002 642 2118 699 Deo
2150 647 2289 699 sunt
2321 649 2374 699 ct
2406 644 2683 700 dicuntur
2710 650 2766 701 et
2796 646 3010 703 habent
3044 668 3057 718 ;
3113 651 3267 707 Deus
3329 658 3525 710 autem
3586 674 3655 713 ex

2003 731 2183 788 nullo.
2218 733 2429 803 [Quare
2460 734 2709 789 Sanctus
2736 742 3099 805 sanctorum,
3134 740 3251 796 Rex
3283 758 3510 814 regum,
3536 745 3649 801 Do-

2002 822 2199 876 minus
2234 822 2692 893 dominantium,
2724 828 2779 878 et
2812 826 2961 880 Deus
2991 826 3235 883 deorum
3266 829 3525 902 dicitunl

2069 914 2299 969 Sancto:
2328 929 2452 970 vero
2482 919 2535 968 et
2566 930 2734 985 reges.
2768 916 2980 972 Beatus
3031 916 3126 973 hic
3176 918 3369 977 divina
3411 921 3656 995 inspira-

1999 1003 2155 1059 tione
2185 1002 2400 1074 dignus
2436 1003 2692 1074 habitus,
2724 1020 2792 1059 ea
2848 1021 2975 1075 qum
3034 1007 3193 1078 apud
3254 1010 3543 1080 quosdam
3591 1014 3651 1068 in

1997 1092 2239 1145 deorum
2268 1088 2651 1145 multitudine
2683 1090 2923 1162 delapsa
2955 1097 3141 1163 erant,
3176 1096 3452 1166 religiose
3482 1103 3539 1153 et
3561 1102 3652 1171 pie

1998 1179 2185 1246 docet,
2215 1182 2271 1232 et
2315 1178 2680 1249 principatus
2740 1178 3119 1236 inferioribus
3177 1184 3500 1257 prat'ectos,
3552 1204 3654 1259 per

1996 1266 2398 1322 excellentiam
2430 1271 2688 1334 sanctos,
2720 1272 2777 1322 et
2808 1284 2996 1339 reges,
3055 1270 3349 1342 dominos,
3408 1278 3467 1329 et
3511 1276 3650 1331 deos

1994 1355 2107 1410 dici
2138 1356 2418 1422 afﬁrmat,
2452 1356 2605 1411 sicut
2639 1356 2793 1412 inter
2825 1374 2931 1414 nos
2964 1359 3228 1430 magistri
3260 1361 3475 1418 virtute
3510 1381 3651 1436 prae-

1994 1447 2240 1511 stantes,
2273 1444 2547 1499 virtutem
2582 1444 2641 1499 in
2666 1446 2865 1501 anima
2896 1446 3058 1502 unite
3080 1447 3384 1505 collectam
3408 1451 3647 1508 habent.

1992 1532 2261 1588 Docendo
2294 1537 2490 1587 autem
2524 1533 2768 1589 virtutes
2813 1533 2945 1589 aliis
2995 1538 3522 1607 communicantes,
3557 1557 3647 1596 se-

1992 1622 2253 1677 cundum
2285 1621 2686 1677 diversitatem
2720 1621 3118 1678 multitudinis
3168 1640 3370 1681 eorum
3404 1627 3503 1697 qui
3538 1629 3646 1682 do-

1991 1715 2198 1767 centur
2227 1711 2404 1766 etiam
2446 1711 2632 1765 virtus
2681 1711 2752 1765 ab
2812 1711 2957 1783 ipsis
3017 1713 3455 1769 communicata
3488 1716 3641 1771 224

1989 1800 2455 1872 multiplicatur:
2490 1800 2575 1856 sic
2606 1799 2829 1855 fortiori
2863 1802 3116 1873 quadam
3158 1806 3215 1857 et
3245 1803 3515 1858 diviniori
3550 1822 3639 1859 ra-

1985 1891 2145 1948 tione
2172 1891 2232 1947 in
2263 1891 2621 1963 incorporeis
2651 1891 2957 1947 ordinibus
2986 1892 3503 1965 contemplandum
3535 1910 3550 1962 ;
3583 1900 3641 1950 et

1989 1979 2293 2036 inferiores
2323 1980 2558 2035 ordines
2590 1996 2692 2051 per
2711 1980 3042 2051 superiores
3072 1986 3128 2036 et
3157 1982 3271 2037 Deo
3300 1982 3633 2052 viciniores,

1991 2070 2091 2125 Dei
2124 2071 2276 2125 dona
2303 2069 2675 2141 participant,
2711 2070 2864 2125 sicut
2893 2088 2961 2125 ex
3018 2076 3238 2127 cratere
3282 2072 3635 2129 exuberante

1989 2162 2048 2215 et
2076 2158 2451 2226 scaturiente,
2486 2158 2677 2214 vicina
2707 2160 2945 2231 quidem
2975 2177 3133 2228 vasa,
3186 2161 3377 2234 prima
3417 2162 3641 2233 replen-

1988 2253 2108 2320 tur,
2140 2250 2486 2321 excipientia
2526 2250 2681 2320 quod
2714 2250 2771 2303 in
2818 2250 2947 2321 ipsa
2987 2251 3241 2318 decidit;
3288 2255 3491 2323 postea
3520 2250 3641 2307 illis

1987 2339 2164 2394 etiam
2197 2338 2656 2395 exuberantibus
2684 2338 2903 2394 diffluit
2934 2339 2992 2395 in
3024 2339 3139 2395 alia
3179 2340 3446 2411 subjecta
3475 2358 3639 2411 vasa,

1988 2432 2044 2483 et
2072 2429 2396 2482 secundum
2431 2427 2872 2483 multitudinem
2903 2428 3328 2500 recipientium,
3360 2434 3418 2485 et
3448 2430 3637 2485 diver-

1990 2516 2222 2572 sitatem
2259 2516 2379 2570 sive
2411 2532 2723 2589 parvorum
2758 2516 2876 2572 sive
2894 2533 3279 2589 magnorum;
3315 2517 3540 2574 scilicet
3556 2536 3643 2573 as-

1987 2605 2254 2677 pergitur
2287 2606 2440 2677 quod
2478 2622 2547 2661 ex
2577 2609 2799 2662 cratere
2842 2607 3199 2662 exuberabat
3247 2606 3456 2679 primis
3486 2608 3645 2662 vasis

1988 2697 2046 2750 in
2080 2710 2142 2750 se
2170 2693 2610 2750 continentibus
2642 2710 2745 2766 per
2777 2693 3058 2750 unitatem
3076 2694 3462 2766 plenitudinis
3482 2697 3636 2767 quod

1988 2784 2178 2855 primo
2220 2801 2286 2839 ex
2320 2787 2541 2839 cratere
2597 2783 2895 2839 delatum:
2956 2784 3037 2839 ita
3089 2784 3314 2839 rudiori
3368 2799 3639 2840 sermone

1987 2872 2409 2929 abundantiam
2452 2872 3005 2928 communicationis
3072 2873 3403 2929 divinorum
3461 2872 3641 2928 dono-

1989 2978 2119 3016 rum
2148 2962 2396 3017 divisam
2430 2960 2490 3016 in
2523 2977 2727 3016 omnes
2760 2961 2981 3031 primos
3037 2960 3271 3017 ordines
3304 2960 3641 3031 intelligen-

1988 3050 2149 3106 dum.
2182 3050 2251 3105 Et
2282 3049 2596 3121 Apostolus
2617 3066 2719 3106 vas
2738 3049 3042 3105 electionis
3073 3050 3417 3106 nominatus
3448 3048 3639 3119 est(d).

1957 3140 2158 3209 .Nota,
2191 3154 2325 3193 eum
2359 3155 2517 3193 nunc
2564 3137 2757 3193 dicere
2788 3137 2974 3193 Deum
3028 3154 3143 3194 non
3174 3155 3345 3211 posse
3374 3153 3641 3194 commu-

231 3211 361 3304 ρεῶν
400 3211 768 3305 μεριζομένην
803 3226 878 3291 εἷς
910 3211 1147 3291 ἅπαντας
1181 3226 1270 3283 διὰ
1324 3234 1429 3283 τῶν
1481 3229 1712 3301 πρώτων
1764 3225 1876 3280 δια-

1993 3227 2176 3283 nicari
2209 3230 2535 3283 secundum
2568 3231 2791 3283 naturas
2833 3228 3139 3283 rationem.

228 3322 448 3391 κόσμων
480 3318 729 3389 νοητέον.
762 3318 860 3372 Καὶ
893 3320 920 3373 ὁ
954 3316 1289 3380 Ἀπόστολος
1316 3322 1504 3380 σκεῦος
1536 3318 1639 3393 γὰρ
1672 3315 1904 3391 ἐκλογῆς
1938 3314 2255 3387 ὠνομάσθη.
2294 3314 2614 3389 Σημείωσαι
2645 3312 2701 3369 δέ
2750 3313 2831 3369 ὅτι
2883 3316 3175 3388 ἀμέθεκτον
3224 3312 3313 3369 νῦν
3370 3316 3462 3371 τὸν
3509 3314 3636 3370 Θεὸν

231 3409 358 3463 κατὰ
386 3409 482 3463 τὸν
514 3414 612 3477 τῆς
644 3406 853 3485 φύσεως
886 3407 1049 3484 λόγον
1080 3406 1230 3479 φησί.

289 3498 560 3575 Διαφορὰς
590 3497 921 3568 πληθύουσι.
953 3498 1210 3553 Τουτέστι
1242 3496 1471 3558 πλείους
1515 3494 1869 3551 δεικνύουσιν⁸

224 3586 342 3641 ὅσον
420 3588 522 3663 γὰρ
596 3584 828 3665 διάφορα
874 3586 941 3641 τὰ
992 3585 1314 3661 μετέχοντα,
1362 3590 1620 3641 τοσοῦτον
1681 3584 1769 3639 καὶ
1820 3584 1873 3637 αἱ

225 3671 416 3751 δωρεαὶ
446 3668 761 3737 πολυειδεῖς
793 3673 1184 3754 διαφαίνονται.

709 3797 821 3846 ΕΙΣ
859 3797 939 3846 ΤΟ
982 3794 1240 3848 ΚΕΦΑΛ.
1286 3796 1381 3847 II".

292 3903 391 3974 ξι.
425 3902 539 3976 Ὑφ’
588 3901 779 3955 ἑαυτοῦ
833 3896 1129 3972 μονοειδῶς
1187 3898 1601 3977 ἀφοριζόμενον.
1634 3896 1690 3949 Ὁ
1744 3896 1871 3957 Θεὸς

226 3992 411 4044 έαυτοῦ
466 3988 556 4043 καὶ
617 3987 744 4063 ὅρος
799 3990 886 4043 καὶ
935 3987 1125 4056 τόπος,
1158 3988 1245 4041 καὶ
1301 3984 1454 4041 οὐδέν
1508 3985 1869 4061 ὑπερεκτείνε-

220 4101 303 4133 ται
360 4082 460 4133 τοῦ
529 4082 697 4131 Θεοῦ·
732 4076 879 4132 ἀλλὰ
931 4076 1021 4131 καὶ
1070 4078 1132 4130 τὰ
1184 4076 1379 4150 ἄπειρα
1410 4076 1571 4137 αὐτὸς
1598 4080 1826 4149 περατοῖ
1856 4092 1870 4105 ·

220 4168 341 4228 τοὺς
396 4168 503 4241 γὰρ
562 4166 760 4226 αἰῶνας
820 4164 1077 4240 ἀπείρους
1131 4160 1287 4228 ὄντας
1337 4163 1483 4235 (οὐδὲ
1530 4164 1627 4240 γαρ
1678 4157 1871 4239 ἔχουσι

222 4256 407 4330 πέρας)
472 4256 659 4323 αὐτὸς,
709 4259 787 4325 τῷ
865 4254 1071 4327 ἀπείρῳ
1154 4255 1367 4329 μεγέθει
1458 4255 1739 4328 ὑπερέχων
1794 4258 1872 4324 τῷ

219 4346 405 4399 ἑαυτοῦ
486 4342 900 4420 ἀπειροπλασίῳ
963 4344 1255 4418 περιέχει·
1314 4343 1403 4397 καὶ
1474 4349 1643 4396 πᾶσαν
1717 4342 1870 4416 ἀορι-

218 4435 360 4487 στίαν
427 4438 599 4503 ζωῆς,
632 4433 706 4496 ὡς
760 4431 845 4487 ἐπὶ
906 4436 1014 4486 τῶν
1073 4436 1283 4503 νοητῶν
1321 4452 1333 4465 ’
1370 4431 1431 4486 ού
1480 4433 1582 4506 γὰρ
1645 4429 1870 4507 ὥρισται

215 4524 428 4584 τούτοις
464 4524 493 4576 6
528 4522 663 4597 βίος,
698 4522 772 4583 ὡς
806 4519 890 4576 ἐπὶ
928 4520 1250 4595 ἀνθρώπων,
1286 4519 1412 4575 ἀλλ’
1446 4519 1699 4583 ἀθάνατοι
1734 4517 1873 4574 έκτί-
1903 4563 1950 4627 D

252 4625 262 4627 μ
470 4613 526 4627 ,Λ
577 4608 618 4627 N‘
665 4617 694 4627 Α
734 4609 748 4627 \
820 4608 834 4627 9
941 4614 969 4625 ~
1030 4608 1043 4627 ο
1304 4608 1315 4627 Ι
1398 4607 1412 4625 9
1495 4610 1507 4625 κ
1618 4613 1645 4627 ο
1729 4605 1802 4627 ’.ἢν

214 4625 437 4682 σθησαν.
470 4613 529 4668 Ὁ
573 4608 630 4665 δὲ
660 4609 787 4672 Θεὸς
818 4608 869 4664 έν
900 4614 983 4682 τῷ
1024 4608 1363 4685 ὑπεραιωνίῳ
1395 4607 1548 4671 ἑστὸς
1579 4613 1677 4678 τῆς
1729 4605 1866 4671 ἰδίας

214 4699 526 4771 ἀιδιότητος
561 4699 797 4775 ὁρίζεται
833 4702 923 4757 ¹’¹”.

282 4793 409 4861 §lI.
454 4791 549 4846 Ἓν
615 4786 693 4860 δὶ,
754 4790 837 4843 ὅτι
899 4786 1092 4843 πάντα.
1149 4786 1344 4842 Πολλὰ
1398 4790 1476 4859 τῷ
1523 4787 1761 4861 ἀριθμῷ,
1817 4786 1870 4842 ’ἐν

214 4878 267 4934 δέ
324 4885 406 4952 τῷ
466 4876 619 4949 εἷ’δει,
650 4877 719 4932 τὰ
772 4875 1101 4950 νομίσματα,
1129 4876 1219 4931 καὶ
1270 4877 1337 4931 τὰ
1389 4874 1639 4951 ἀργύρια,
1668 4876 1757 4930 καὶ
1818 4878 1867 4930 οἱ

213 4965 408 5025 όῧολοί
445 4987 457 5000 ·
493 4968 554 5021 τὸ
608 4964 707 5041 γὰρ
763 4964 904 5028 εἶδος
935 4966 1015 5035 ἓν,
1049 4966 1082 5035 ἢ
1120 4963 1351 5039 χαλκὸς,
1383 4966 1415 5035 ἢ
1449 4965 1673 5039 χρυσὸς,
1708 4964 1741 5033 ἢ
1778 4966 1870 5041 ἆρ-

211 5080 371 5131 γορος
406 5078 419 5089 ·
452 5054 515 5111 τό
577 5053 634 5109 δὲ
689 5053 876 5109 πολλᾶ
922 5059 1042 5117 ταῖς
1086 5052 1395 5127 δυνάμεσιν,
1439 5053 1512 5117 ὡς
1542 5053 1594 5107 αἰ
1633 5055 1785 5122 πόαι,
1813 5054 1869 5109 ἓν

212 5144 264 5202 δέ
291 5153 370 5219 τῷ
414 5143 545 5201 εἷ’δει
575 5162 588 5178 ’
629 5149 795 5199 πᾶσαι
842 5142 943 5220 γὰρ
1002 5138 1207 5219 χόρτος
1239 5163 1252 5176 ο
1288 5144 1349 5197 τὸ
1402 5139 1459 5197 δὲ
1515 5141 1699 5198 πολλὰ
1754 5149 1868 5206 τοῖς

211 5234 424 5304 εἴδεσιν,
462 5236 581 5289 οἷον
636 5231 833 5305 ἵππος,
889 5233 1038 5307 βοῦς,
1091 5228 1398 5304 ἄνθρωπος,
1431 5232 1520 5285 καὶ
1562 5232 1627 5286 τὰ
1679 5233 1870 5303 νοητὰ,

209 5323 257 5378 ἓν
318 5322 374 5380 δὲ
436 5329 514 5395 τῷ
568 5324 733 5399 γένει,
762 5320 845 5377 ὅτι
908 5325 1078 5376 ταῦτα
1132 5321 1270 5390 ζῶόν
1301 5321 1401 5375 εἶσι
1437 5340 1448 5353 ⁸
1481 5321 1542 5376 τὸ
1576 5318 1633 5375 δὲ
1688 5318 1873 5378 πολλὰ

279 5507 353 5578 (ιι)
378 5510 505 5563 Act.
543 5523 623 5573 1x,
668 5507 746 5559 t5.

2050 3495 2409 3565 Differenlias
2438 3495 2841 3566 multiplicant.
2906 3496 2966 3550 Id
3020 3499 3109 3550 est
3166 3494 3365 3567 plures
3423 3497 3626 3550 osten-

1985 3584 2159 3654 dunt;
2195 3591 2482 3655 quantum
2502 3585 2657 3639 enim
2675 3584 2905 3640 diversa
2934 3589 3073 3640 sunt
3104 3600 3231 3657 qua;
3261 3582 3637 3656 participant,

1984 3678 2215 3729 tantum
2240 3674 2419 3730 etiam
2454 3676 2605 3730 dona
2637 3672 3025 3730 multifariam
3058 3678 3364 3746 apparent.

2582 3790 2653 3844 IN
2696 3789 2843 3844 CAP.
2886 3789 3042 3846 XIII.

2054 3899 2081 3965 §
2114 3896 2153 3951 Ι.
2189 3897 2225 3951 Α
2261 3912 2319 3950 se
2352 3897 2710 3968 uni/ormiter
2737 3896 3014 3968 deﬁnitus.
3048 3896 3202 3953 Deus
3235 3897 3325 3952 sui
3358 3894 3545 3967 ipsius
3569 3896 3635 3951 il-

1986 3986 2076 4042 nis
2103 3990 2158 4042 et
2190 3987 2378 4056 locus,
2412 3985 2674 4056 nihilque
2705 4002 2884 4057 supra
2918 3987 3101 4042 Deum
3131 3984 3501 4054 extenditur;
3535 3987 3637 4040 sed

1982 4074 2108 4145 ipse
2143 4073 2372 4129 infinita
2396 4074 2636 4141 definit;
2665 4091 2796 4128 nam
2827 4073 3042 4128 saecula
3064 4089 3190 4145 quae
3217 4076 3355 4129 sunt
3384 4072 3637 4138 infinita,

1983 4181 2097 4219 non
2132 4163 2285 4219 enim
2318 4164 2634 4218 terminum
2671 4161 2905 4229 habent,
2941 4161 3251 4233 multiplici
3301 4178 3409 4218 sua
3440 4162 3640 4217 infini-

1984 4256 2099 4306 tate
2131 4249 2563 4323 complectitur,
2595 4254 2652 4303 ct
2681 4264 2915 4304 omnem
2948 4250 3125 4304 vitam
3170 4249 3408 4305 termini
3440 4264 3639 4321 exper-

1982 4347 2121 4412 tem,
2150 4343 2302 4398 sicut
2335 4342 2390 4396 in
2422 4338 2891 4411 intelligibilibus
2925 4339 3144 4396 habent
3169 4341 3368 4409 ﬁnem,
3396 4340 3524 4413 ipse
3550 4342 3637 4396 in-

1982 4431 2183 4499 finita;
2220 4448 2321 4485 seu
2364 4428 2606 4501 angelis,
2643 4446 2757 4484 non
2809 4428 2966 4484 enim
2998 4428 3090 4485 his
3119 4428 3470 4486 terminatur
3497 4430 3635 4498 vita,

1980 4520 2477 4592 quemadmodum
2513 4518 2570 4574 in
2592 4518 3065 4587 hominibus,sed
3091 4518 3454 4576 immortales
3476 4535 3633 4575 crea-

1980 4609 2025 4665 ti
2059 4612 2215 4664 sunt.
2255 4611 2403 4662 Deus
2435 4622 2570 4663 vero
2599 4606 2655 4661 in
2705 4611 3107 4679 supermterna
3137 4608 3373 4682 propria
3404 4608 3633 4665 aeterni-

1978 4702 2095 4755 tate
2128 4697 2499 4753 terminatur.

2052 4790 2079 4861 Ξ
2111 4788 2179 4843 ΙΙ.
2216 4789 2393 4844 Unum
2421 4795 2627 4855 autem,
2660 4788 2792 4857 quia
2814 4793 2893 4842 est
2915 4789 3120 4843 omnia.
3146 4787 3329 4844 Multa
3360 4802 3631 4857 numero,

1982 4895 2163 4933 unum
2178 4894 2309 4932 vero
2323 4873 3181 4948 specie,numismata,pecunia
3192 4880 3247 4932 et
3260 4875 3627 4942 oboli;unum

1979 4967 2133 5023 enim
2167 4966 2487 5037 specie,aut
2517 4980 2615 5031 aes,
2642 4968 2742 5020 aut
2774 4966 3113 5033 aurum,aut
3142 4967 3450 5035 argentum
3475 4981 3488 5031 ;
3513 4965 3631 5019 vir-

1979 5060 2104 5111 tute
2136 5060 2329 5111 autem
2364 5053 2572 5123 multa,
2609 5056 2673 5109 ut
2704 5052 3027 5125 herbm,sed
3054 5070 3237 5109 unum
3271 5054 3627 5126 specie,aam

1981 5162 2184 5201 omnes
2206 5145 2401 5197 fenum
2432 5161 2443 5199 :
2480 5141 2669 5197 multa
2691 5158 2824 5197 vero
2854 5141 3255 5213 speciebus,ut
3284 5142 3629 5213 equus,bos,

1980 5234 2172 5300 homo,
2205 5231 2701 5303 etintelligibilia,
2734 5246 2835 5286 seu
2869 5228 3099 5301 angeli;
3136 5246 3318 5285 unum
3362 5248 3496 5287 vero
3532 5248 3632 5305 ge-

1982 5340 2137 5390 nere,
2173 5321 2311 5395 quia
2342 5320 2463 5377 haec
2494 5322 2634 5377 sunt
2662 5318 2881 5375 animal
2909 5319 3127 5387 ;multa
3151 5322 3345 5377 autem
3370 5337 3634 5395 progres-

1214 5629 1461 5686 VARLE
1501 5629 1897 5687 LEGTIONES
1935 5630 2026 5685 ET
2065 5626 2622 5685 CORRECTIONES.

876 5759 947 5793 ‘7'
974 5776 1060 5832 γρ.
1095 5753 1285 5831 ὁρίζει.

286 5763 326 5796 ¹”¹
357 5780 443 5835 γρ.
478 5758 796 5833 θεωρητέον.
