4062 6366
424 425 529 480 407

1242 421 1609 477 APPENDIX
1650 423 1743 473 AD
1781 419 2020 473 OPERA
2057 420 2115 471 S.
2159 417 2475 472 DIONYSII
2517 419 3015 475 AREOPOGITJE.

3742 418 3842 473 408

424 549 695 605 sionibus
726 547 947 604 scilicet
976 564 1009 602 ε.
1038 547 1177 610 Deo.
1235 549 1538 611 creaturae,
1567 545 1669 600 sed
1700 559 1882 598 unum
1916 542 2074 613 prin-

2207 545 2308 601 ταῖς
2339 538 2620 612 προόδοις,
2649 542 2702 595 ui
2748 537 3127 614 δημιουργίαι,
3155 537 3211 593 ἓν
3265 535 3322 594 δὲ
3377 543 3446 614 τῇ
3479 538 3630 615 ἀρχῇ
3667 559 3680 570 ·
3715 541 3841 602 Θεὸς

427 639 598 710 cipio.
630 637 782 694 Deus
811 637 968 693 enim
1001 635 1268 691 omnium
1299 641 1388 690 est
1427 638 1651 689 auctor.

497 728 599 784 Sed
621 726 1075 800 quemadmodum
1132 741 1392 780 numerus
1424 725 1623 779 omnis.
1658 722 1806 778 225
1836 718 2081 776 Pulchre

427 818 795 873 demonstrat
825 816 980 888 quod
1015 814 1304 881 intendit;
1336 813 1476 868 huic
1533 811 1688 867 enim
1733 809 1929 865 divino
1960 807 2082 862 viro

427 923 644 979 seopus
675 909 785 976 est,
819 903 1178 960 sententiam
1212 919 1380 958 suam
1417 903 1593 957 etiam
1627 917 1695 956 ex
1718 898 1940 954 ratione
1971 913 2080 952 nu-

427 994 692 1052 merandi
723 993 1092 1050 confirmare.
1126 991 1275 1047 Dicit
1303 991 1504 1062 itaque
1544 987 1768 1044 nullam
1803 1003 1924 1042 rem
1955 1003 2084 1042 esse

429 1085 606 1140 unius
647 1087 966 1155 expertem,
1029 1082 1086 1136 id
1118 1085 1210 1137 est
1239 1081 1370 1149 Dei;
1405 1078 1544 1150 quia
1574 1079 1771 1134 omnis
1802 1093 2083 1132 numerus

428 1173 714 1229 unitatem
749 1171 1098 1244 participat;
1133 1186 1271 1225 nam
1302 1168 1352 1224 si
1386 1185 1419 1224 a
1441 1169 1672 1223 duobus
1704 1167 1838 1240 quis
1860 1166 2086 1236 incepe-

429 1263 525 1330 rit,
557 1278 738 1318 unam
771 1261 1117 1317 dualitatem
1146 1259 1395 1331 primum
1429 1262 1724 1322 numerat,
1757 1260 1814 1311 et
1862 1272 1928 1310 ex
1986 1255 2084 1309 de-

427 1368 553 1409 cem
577 1351 868 1418 similiter,
903 1348 1160 1422 amplius
1195 1348 1358 1414 dicit,
1393 1348 1547 1419 quod
1582 1345 1691 1402 etsi
1724 1343 1938 1415 aliquis
1964 1344 2084 1414 pri-

428 1457 524 1501 mo
555 1439 839 1513 inceperit
869 1456 902 1494 a
933 1437 1510 1503 minimis,numerat
1533 1435 1847 1490 dimidium
1872 1449 2084 1500 unum,

427 1535 486 1587 et
516 1547 700 1586 unum
735 1528 1192 1596 tertium,unum
1225 1525 1543 1592 decimum,
1576 1529 1632 1580 et
1661 1524 1744 1579 ita
1771 1523 2084 1592 deinceps;

427 1614 773 1691 itaque‘bou
804 1621 894 1673 est
923 1633 1234 1686 numerus,
1267 1615 1370 1687 qui
1405 1631 1520 1670 non
1553 1612 1864 1686 participet
1886 1611 2088 1666 unita-

429 1713 549 1764 tem
581 1724 684 1765 seu
717 1707 1066 1763 monadem:
1131 1705 1241 1760 etsi
1293 1704 1450 1760 enim
1499 1702 1682 1775 partis
1723 1700 2086 1768 memineris,

429 1799 610 1868 dices,
643 1814 822 1853 unam
854 1795 1251 1864 dimidiam,et
1281 1809 1460 1849 unam
1489 1792 1748 1857 tertiam,
1774 1806 1951 1845 unam
1985 1790 2088 1844 de-

2190 627 2289 702 γὰρ
2321 627 2492 691 αἴτιος
2521 631 2755 686 πάντων.

2263 715 2418 774 Ἀλλ’
2459 717 2638 793 ὥσπερ
2702 720 2838 781 ἅπας
2897 718 3153 794 ἀριθμός.
3217 716 3413 780 Καλῶς
3464 715 3838 773 ἀποδείκνυσιν

2192 805 2322 880 ὅπερ
2376 807 2466 862 καὶ
2529 807 2804 883 βούλεται.
2840 807 3053 869 Σκοπὸς
3103 807 3208 881 γὰρ
3249 812 3329 880 τῷ
3360 806 3490 880 θείῳ
3525 807 3707 880 τούτῳ
3753 810 3840 862 ἀν-

2195 893 2282 968 δρὶ
2333 898 2426 950 xui
2485 897 2589 951 ἀπὸ
2645 903 2744 966 τῆς
2804 897 3174 970 ἀριθμητικῆς
3231 903 3492 966 συστῆσαι
3530 897 3597 951 τά
3627 897 3840 952 ἑαυτοῦ.

2193 985 2347 1060 Λέγει
2405 990 2556 1060 γοῦν,
2590 985 2670 1041 ὅτι
2739 983 2891 1041 οὐδέν
2933 985 3046 1041 ἐστι
3073 989 3180 1041 τῶν
3214 981 3381 1040 ὄντων
3415 985 3692 1061 ἀμέτοχον
3749 989 3844 1041 τοῦ

2195 1075 2334 1146 ένὸς,
2365 1075 2613 1130 τουτέστι
2644 1079 2738 1130 τοῦ
2764 1079 2898 1130 Θεοῦ
2932 1095 2944 1107 ·
2983 1072 3123 1130 διότι
3163 1075 3251 1129 καὶ
3303 1079 3406 1137 πᾶς
3461 1074 3694 1151 ἀριθμὸς
3741 1097 3843 1148 μο-

2192 1161 2354 1227 νάδος
2404 1165 2622 1240 μετέχει
2657 1183 2670 1198 ·
2707 1165 2752 1220 εἰ
2805 1165 2907 1241 γάρ
2967 1165 3026 1220 ἐκ
3061 1169 3167 1219 τών
3199 1162 3293 1220 δύο
3327 1155 3676 1237 ἅρξεταίτις,
3714 1165 3841 1238 μίαν

2197 1250 2362 1308 δυάδα
2419 1255 2642 1327 πρώτην
2703 1254 2944 1330 ἀριθμεῖ,
2977 1253 3067 1309 καὶ
3116 1252 3174 1308 ἐκ
3202 1257 3306 1308 τῶν
3359 1250 3486 1308 δέκα
3518 1253 3750 1326 ὁμοίως,
3781 1255 3842 1308 τὸ

2195 1343 2362 1398 πλέον
2425 1345 2608 1421 φησὶν,
2643 1342 2724 1398 ὅτι
2777 1340 2873 1397 κᾶν
2927 1343 2986 1398 ἐκ
3040 1347 3146 1398 τῶν
3181 1342 3490 1420 λεγομένων
3520 1342 3842 1413 πολλοστηο

2200 1431 2404 1505 μορίων
2462 1431 2686 1505 ἄρξηταί
2741 1453 2822 1494 τις
2881 1435 3121 1507 πρῶτον,
3153 1431 3373 1507 ἀριθμεῖ
3425 1432 3600 1506 ἥμισυ
3641 1432 3721 1505 ἓν,
3753 1432 3843 1487 καὶ

2195 1523 2376 1597 τρίτον
2435 1522 2514 1591 ἓν,
2547 1521 2768 1576 δέκατον
2827 1521 2905 1593 ἓν,
2936 1522 3024 1576 καὶ
3087 1521 3260 1584 οὕτως
3327 1521 3713 1600 ἐφεξῆς,ὥστε
3767 1524 3842 1595 μή

2198 1611 2330 1665 εἶναι
2359 1610 2588 1686 ἀριθμὸν
2624 1611 2698 1683 μὴ
2763 1608 3066 1685 μετέχοντα
3110 1611 3208 1664 τοῦ
3257 1611 3393 1675 ἑνὸς,
3427 1607 3555 1680 ἤτοι
3597 1613 3697 1676 τῆς
3746 1631 3847 1683 μο-

2196 1697 2380 1762 νάδος”
2414 1697 2510 1754 κᾶν
2567 1700 2669 1775 γὰρ
2705 1700 2904 1775 μορίου
2962 1698 3324 1773 έπιμνησθῇς,
3357 1697 3494 1775 ἐρεῖς
3536 1699 3710 1773 ἥμισυ
3767 1699 3847 1770 ἓν,

2197 1789 2287 1843 καὶ
2343 1787 2525 1863 τρίτον
2569 1787 2647 1857 ἓν,
2685 1787 2773 1843 καὶ
2823 1785 3041 1844 δέκατον
3092 1787 3169 1860 ἓν,
3221 1787 3311 1842 καὶ
3358 1785 3589 1863 ἐφεξῆςο
3624 1787 3715 1843 καὶ
3763 1787 3847 1843 ὅτι

431 1887 670 1957 simam,
703 1891 757 1941 et
789 1885 1065 1956 deinceps
1100 1900 1114 1938 :
1178 1888 1354 1954 atque
1395 1897 1576 1937 unam
1630 1878 1994 1944 dualitatem,
2034 1881 2088 1934 et

2207 1879 2303 1950 μία
2335 1875 2483 1949 δυάς,
2512 1877 2600 1932 καὶ
2664 1878 2761 1951 μία
2810 1874 2966 1940 δεκάς
3011 1876 3246 1952 λέγεται,
3281 1877 3355 1939 ὡς
3392 1879 3482 1933 καὶ
3529 1877 3738 1933 τούτων
3797 1877 3846 1951 ἐξ

435 1993 616 2033 unum
649 1973 928 2030 decadem
963 1971 1099 2041 dici,
1134 1974 1289 2044 quod
1332 1971 1509 2028 etiam
1557 1969 1648 2026 has
1697 1984 1767 2024 ex
1816 1984 1884 2023 ea
1939 1984 2094 2022 com-

434 2066 730 2140 pleautur.

506 2157 687 2212 Unum
743 2152 888 2208 illud
919 2152 1060 2224 quod
1089 2155 1170 2207 est
1223 2153 1473 2206 omnium
1532 2164 1718 2204 causa.
1748 2147 2094 2204 Manifestus

433 2249 525 2301 est
555 2261 790 2316 scopus,
815 2242 1105 2298 nimirum
1139 2241 1386 2315 probare
1409 2243 1588 2295 Deum
1617 2238 1732 2294 dici
1764 2254 2094 2306 unum,non

429 2333 709 2390 similiter
759 2348 826 2388 ac
890 2336 1100 2388 caetera
1131 2347 1261 2403 quae
1293 2331 1704 2385 numerantur.
1739 2328 1888 2383 Deus
1935 2328 2092 2384 enim

431 2438 616 2478 unum
673 2426 787 2489 est,
823 2437 858 2488 q
884 2424 1131 2476 uatenus
1155 2417 1407 2490 simplex
1437 2422 1495 2474 et
1524 2415 1888 2487 individuus,
1920 2422 2096 2489 atque

429 2510 776 2567 dill‘erentize
798 2510 1086 2582 speciﬁcsa
1104 2507 1728 2580 expers,omniumque
1748 2507 2091 2576 passionum

430 2605 490 2658 et
523 2599 916 2656 accidentium
967 2597 1232 2665 alienus;
1267 2596 1484 2653 dicitur
1507 2595 1682 2652 etiam
1712 2612 1920 2662 unum,
1952 2597 2093 2652 dum

433 2693 724 2761 tanquam
767 2686 1125 2760 principium
1164 2685 1403 2757 aliquod
1421 2687 1848 2743 etclementum
1875 2686 2096 2741 futuro-

433 2795 563 2835 rum
577 2776 1025 2850 intelligitur.At
1040 2775 1759 2847 idem,autdiversum,aut
1772 2775 2098 2845 majus,aut

439 2869 658 2934 minus,
692 2867 937 2938 insuper
957 2865 1135 2920 etiam
1185 2864 1481 2936 integrum
1504 2869 1606 2920 aut
1629 2865 1968 2921 redundans
1997 2867 2098 2919 aut

437 2955 664 3028 aquale
682 2959 783 3010 aut
803 2953 1276 3025 inaequale,quod
1302 2954 1361 3007 in
1382 2953 1645 3009 numeris
1671 2953 2096 3024 consideratur,

440 3044 642 3101 nullus
698 3059 832 3098 cum
891 3041 1117 3097 ratione
1167 3041 1226 3095 in
1260 3041 1616 3113 principium
1664 3044 1997 3112 transferat,
2031 3059 2098 3098 ea

440 3132 799 3208 principium
823 3130 1191 3187 constituens
1209 3147 1221 3184 :
1238 3129 1378 3185 talia
1395 3132 1551 3186 enim
1593 3131 1980 3203 passiones,et
2009 3149 2098 3188 ac-

440 3221 698 3279 cidentia
716 3220 1051 3276 necessario
1074 3219 1447 3290 sunt.ltaque
1476 3219 1535 3275 in
1568 3221 1833 3277 numeris
1857 3221 2092 3276 linisdi-

2203 1965 2372 2036 αὐτῆς
2405 1965 2942 2043 συμπληρουμένων.

2274 2148 2350 2204 Τὸ
2402 2147 2616 2202 πάντων
2669 2146 2841 2202 αἶ’τιον
2910 2145 2987 2204 ἓν.
3047 2149 3104 2205 Ὀ
3154 2148 3352 2210 σκοπὸς
3407 2144 3604 2217 δῆλος,
3653 2146 3737 2203 ὅτι
3797 2144 3852 2201 ἓν

2205 2237 2501 2313 λεγόμενος
2533 2238 2561 2291 ὸ
2591 2238 2740 2306 Θεὸς,
2774 2235 2882 2311 οὐχ
2906 2237 3113 2309 ὁμοίως
3146 2242 3264 2301 τοῖς
3293 2237 3621 2312 ἁριθμητοῖς
3658 2235 3716 2292 ’ἐν
3772 2235 3858 2291 λέ-

2203 2347 2352 2401 γεται
2387 2346 2400 2361 ο
2437 2329 2464 2382 ὁ
2501 2328 2595 2400 μὲν
2629 2327 2732 2401 γὰρ
2764 2327 2893 2387 Θεὸς
2949 2323 3004 2381 ἓν
3057 2326 3192 2394 ἐστι,
3223 2326 3354 2390 καθὸ
3404 2323 3614 2389 ἁπλοῦς
3658 2347 3720 2382 τε
3765 2325 3856 2381 καὶ

2205 2416 2436 2489 ἀμερὴς,
2497 2416 2587 2470 καὶ
2644 2423 2743 2485 τῆς
2790 2416 2906 2470 κατ’
2968 2413 3108 2477 εἶδος
3155 2413 3417 2493 διαφορᾶς
3461 2413 3718 2491 ἄμοιρος,
3768 2415 3857 2470 xui

2204 2506 2419 2559 πάντων
2480 2505 2823 2578 παθημάτων
2877 2505 2968 2559 καὶ
3019 2499 3446 2577 συμϐεϐηκότων
3507 2503 3809 2580 ἀλλότριος
3843 2522 3856 2535 ·

2206 2591 2423 2669 λέγεται
2472 2594 2563 2648 καὶ
2611 2590 2691 2662 ἓν,
2727 2594 2873 2669 ἀρχή
2921 2614 3004 2654 τις
3051 2592 3233 2669 ὥσπερ
3281 2594 3372 2648 καὶ
3417 2599 3692 2669 στοιχεῖον
3745 2597 3857 2648 τῶν

2208 2683 2481 2757 ἐσομένων
2514 2683 2834 2756 νοούμενος.
2867 2685 2940 2739 Τὸ
2973 2681 3031 2739 δὲ
3072 2683 3291 2756 ταύτὸν,
3324 2685 3358 2754 ἢ
3407 2682 3613 2756 ἕτερον,
3735 2689 3856 2756 μεῖ-

2209 2779 2321 2844 ζον,
2371 2773 2405 2842 ἢ
2457 2769 2702 2842 ἔλαττον,
2736 2767 2814 2828 ἔτι
2869 2769 2926 2827 δὲ
2974 2774 3155 2848 ἄρτιον
3202 2775 3236 2844 ἢ
3269 2772 3542 2849 περιττὸν,
3575 2775 3610 2843 ἢ
3641 2774 3758 2828 ἴσον

2208 2861 2410 2932 ἄνισον,
2444 2861 2575 2934 ὅπερ
2608 2860 2659 2914 ὲν
2691 2867 2807 2924 τοῖς
2844 2861 3103 2937 ἀριθμοῖς
3163 2866 3462 2938 θεωρεῖται,
3498 2861 3596 2916 οὐκ
3654 2863 3715 2916 ἄν
3775 2884 3862 2926 τις

2209 2949 2456 3026 εὐλόγως
2488 2949 2574 3004 ἐπὶ
2604 2953 2705 3020 τήν
2738 2951 2916 3026 ἀρχὴν
2947 2949 3225 3028 ἀναφέροι,
3260 2950 3438 3026 ἀρχήν
3497 2951 3630 3006 αὐτά
3659 2951 3860 3006 ﬂcio-$-

2211 3061 2414 3114 μενος’
2467 3041 2536 3095 τά
2580 3041 2678 3116 γὰρ
2734 3045 2956 3095 τοιαῦτα
3012 3041 3157 3111 πάθη
3220 3041 3310 3096 καὶ
3361 3036 3748 3114 συμϐεϐηκότα
3808 3041 3861 3113 ἐξ

2209 3131 2452 3206 ἀνάγκης
2507 3129 2629 3185 εἶσί.
2682 3133 2800 3185 Τῶν
2865 3129 2960 3201 μὲν
3021 3127 3112 3183 οὖν
3167 3127 3218 3183 ἐν
3247 3129 3504 3204 ἀριθμοῖς
3537 3127 3858 3204 διαιρέσεων

2207 3220 2284 3281 εἰς
2311 3219 2528 3289 πλῆθος
2553 3220 2616 3274 τὸ
2651 3219 2816 3292 πέρας
2847 3218 2922 3280 εἷς
2959 3216 3162 3290 μονάδα
3192 3217 3438 3294 ἀνάγεται
3474 3238 3486 3250 ⁸
3520 3222 3553 3288 ἡ
3589 3216 3646 3273 δὲ
3704 3221 3859 3294 ἀρχῆ

434 3309 809 3367 visionumin
835 3307 1263 3364 multitudinem
1317 3309 1385 3364 ad
1430 3310 1716 3366 unitatem
1756 3310 2088 3378 reducitur;

2268 3274 2282 3281 -
2416 3274 2461 3289 ,-
2513 3274 2526 3283 .
2723 3274 2732 3292 ,
2805 3274 2814 3280 .
2909 3274 2920 3280 -
2959 3274 2968 3290 ,
3304 3274 3316 3294 ,
3544 3274 3553 3288 ,
3740 3274 3859 3294 ,ΛΗ

2207 3308 2260 3364 ἐν
2292 3309 2501 3380 ἑκάστῳ
2530 3307 2669 3382 γένει
2703 3306 3077 3363 ἀπλούστατόν
3116 3305 3226 3362 ἐστι
3261 3325 3275 3340 ·
3307 3307 3396 3362 καὶ
3448 3306 3501 3362 ἂν
3546 3307 3666 3370 τοὶς
3707 3306 3860 3363 οὖσιν

437 3401 539 3457 sed
572 3398 928 3472 principium
975 3397 1036 3452 in
1069 3413 1426 3469 unoquoque
1471 3414 1682 3471 genere
1724 3398 2095 3471 simplicissi-

438 3503 606 3547 mum
636 3493 763 3556 est;
799 3503 935 3559 ergo
956 3485 1134 3542 etiam
1169 3486 1228 3540 in
1262 3485 1333 3540 iis
1351 3503 1480 3557 quae
1496 3492 1657 3557 sunt,
1681 3504 1803 3543 εινο
1820 3504 2002 3543 unum
2018 3488 2095 3543 sit

439 3578 650 3648 multa,
671 3577 795 3632 sive
809 3575 1130 3631 multasint
1150 3591 1361 3643 unum,
1393 3575 1748 3647 principium
1772 3575 2004 3648 aliquod
2036 3580 2094 3632 et

442 3666 800 3723 elementum
833 3663 1348 3736 simplicissimum
1376 3667 1484 3734 est,
1531 3668 1588 3720 et
1619 3681 1802 3720 unum
1829 3664 2091 3721 omnium

443 3770 671 3826 expers,
703 3770 772 3809 ex
801 3768 938 3824 quo,
976 3756 1260 3822 tanquam
1319 3767 1387 3806 ex
1444 3750 1765 3823 exemplari
1823 3757 1880 3808 et
1936 3753 2088 3821 idea,

444 3859 629 3899 unum
655 3841 801 3897 illud
833 3841 988 3912 quod
1012 3840 1072 3895 in
1093 3841 1167 3896 iis
1191 3856 1318 3912 qua
1349 3845 1509 3908 sunt,
1545 3839 1828 3897 nimirum
1858 3842 1966 3897 etsi
1997 3841 2090 3896 lu-

447 3948 578 3988 men
608 3929 889 3987 sensibile
904 3928 1091 3985 multa
1121 3928 1200 3985 sit
1229 3929 1520 4000 partibus,
1552 3945 1655 4001 pro
1687 3929 1877 3985 stellis
1900 3929 2089 3986 omni-

443 4022 574 4089 bus,
610 4019 766 4092 quod
795 4021 1054 4074 attamen
1089 4021 1274 4073 totum
1316 4017 1375 4073 in
1430 4034 1615 4072 unum
1660 4015 2095 4090 colligiturﬁest

441 4125 630 4164 unum
659 4107 860 4164 lumen
899 4111 956 4162 et
987 4108 1170 4162 multa
1198 4104 1621 4173 accidentibus,
1679 4104 1860 4160 veluti
1909 4123 2051 4178 pavo
2079 4133 2092 4174 ;

439 4197 619 4254 habet
646 4197 803 4254 enim
835 4213 1030 4264 aurea,
1070 4200 1127 4251 et
1158 4195 1426 4261 curules,
1477 4199 1534 4250 et
1593 4193 1746 4262 alba,
1791 4211 1975 4249 unum
2007 4201 2096 4251 est

439 4288 704 4359 subjecto
735 4303 976 4359 corpore
1011 4301 1026 4340 :
1065 4285 1150 4340 ita
1180 4289 1238 4340 et
1268 4286 1340 4340 de
1373 4283 1598 4340 caeteris
1619 4283 2019 4355 cogitandum.

511 4380 696 4450 Neque
722 4379 875 4432 enim
902 4381 982 4432 est
1037 4374 1369 4429 multitudo.
1429 4377 1548 4428 Hoc
1586 4371 1712 4427 loco
1771 4387 1839 4427 ex
1887 4389 2094 4429 nume-

441 4467 610 4522 randi
639 4466 886 4522 scientia
909 4463 1123 4520 evincit
1153 4463 1310 4534 quod
1350 4461 1596 4516 dicebat.
1626 4464 1772 4517 Nota
1801 4478 1935 4516 eum
1973 4479 2092 4519 me-

442 4557 555 4611 rito
598 4555 790 4610 dicere
829 4554 1013 4609 Deum
1073 4567 1202 4608 esse
1254 4557 1389 4606 ante
1425 4567 1623 4620 unum,
1677 4551 1954 4622 quoniam
2007 4557 2096 4606 est

2205 3396 2319 3469 οὖν,
2354 3395 2463 3451 εἴτε
2516 3397 2580 3451 τὸ
2636 3393 2689 3450 ἓν
2743 3393 2931 3452 πολλά
2961 3395 3126 3464 ἐστιν,
3155 3393 3264 3451 εἴτε
3291 3395 3358 3450 ni
3386 3394 3572 3451 πολλὰ
3599 3393 3674 3467 ἓν,
3703 3396 3857 3472 ἀρχή

2200 3505 2283 3547 τις
2325 3485 2412 3538 καὶ
2475 3489 2753 3559 στοιχεῖον
2814 3484 2876 3538 τὸ
2935 3482 3310 3539 ἁπλούστατον
3357 3483 3489 3552 ἐστι,
3522 3485 3612 3540 καὶ
3642 3485 3864 3541 πάντων

2204 3573 2477 3650 ἀμέτοχον
2534 3570 2614 3644 ἓν,
2672 3572 2723 3643 ἐξ
2784 3573 2866 3644 οὗ,
2911 3571 3094 3641 ὥσπερ
3155 3571 3214 3627 ἐκ
3270 3571 3710 3648 παραδείγματος
3770 3576 3864 3630 καὶ

2203 3661 2349 3726 ῗδέας
2376 3662 2464 3717 xui
2493 3663 2556 3717 τὸ
2589 3662 2640 3716 ἐν
2679 3667 2798 3726 τοῖς
2846 3659 2996 3716 οὖσιν
3041 3659 3119 3730 ἓν,
3153 3663 3265 3717 οῖον
3326 3661 3421 3717 κᾶν
3477 3663 3540 3718 τὸ
3595 3663 3860 3734 αῖσθητδν

2202 3755 2314 3830 φῶς
2342 3749 2526 3806 πολλά
2553 3750 2589 3824 ᾖ
2616 3756 2733 3812 τοῖς
2767 3749 3004 3826 μέρεσιν,
3038 3749 3155 3806 ἀντὶ
3183 3755 3280 3806 τοῦ
3319 3756 3438 3813 τοῖς
3484 3748 3709 3827 ἄστροις
3756 3760 3860 3808 πᾶ-

2201 3863 2301 3908 σιν,
2335 3839 2461 3896 ἀλλ’
2489 3839 2618 3894 ὅλον
2659 3837 3088 3914 συλλεγόμενον,
3119 3837 3174 3894 ἓν
3203 3844 3317 3918 φῶς
3350 3838 3460 3896 έστι
3493 3859 3507 3872 ·
3536 3841 3627 3895 xui
3669 3842 3862 3898 πολλά

2197 3934 2313 3990 τοῖς
2344 3923 2770 4002 συμϐεϐηκόσιν,
2804 3929 2920 3982 οἷον
2955 3928 2983 3981 ὁ
3012 3928 3191 3990 ταώς·
3225 3925 3340 4003 ἔχει
3393 3927 3496 4004 γὰρ
3543 3929 3634 3984 καὶ
3667 3930 3861 4006 ’χρυσί-

2206 4022 2380 4086 ζοντα,
2438 4016 2528 4070 καὶ
2581 4018 2800 4085 κυάνεα,
2859 4015 2950 4070 xui
3013 4015 3201 4088 λευκὰ,
3259 4014 3315 4072 ἓν
3370 4021 3450 4088 τῷ
3510 4018 3861 4092 ὑποκειμένῳ

2203 4105 2413 4179 σώματί
2447 4105 2586 4160 ἐστιν
2626 4127 2639 4140 ·
2674 4103 2816 4161 οὕτω
2847 4105 2936 4160 καὶ
2959 4106 3030 4160 τά
3059 4105 3181 4177 ἑξῆς
3208 4108 3454 4177 νοητέον.

2273 4373 2408 4429 Οὐδὲ
2436 4375 2536 4451 γάρ
2564 4373 2674 4429 ἐστι
2704 4374 2942 4445 πλῆθος.
2978 4371 3103 4430 Ὧδε
3151 4374 3204 4446 ἐξ
3234 4375 3603 4450 ἀριθμητικῆς
3643 4377 3860 4453 περιγῖ-

2203 4485 2346 4519 νεται
2377 4468 2474 4518 τοῦ
2507 4462 2826 4540 λεγομένου.
2855 4463 3173 4535 Σημείωσαι
3207 4461 3262 4519 δὲ
3320 4464 3402 4518 ὅτι
3460 4463 3548 4518 xui
3602 4465 3712 4540 πρὸ
3761 4469 3864 4520 τοῦ

2205 4553 2320 4614 ἑνὸς
2373 4554 2520 4628 Λέγει
2578 4554 2706 4607 εἶναι
2758 4553 2848 4607 τὸν
2911 4553 3037 4608 Θεὸν
3092 4553 3342 4624 εἰκότως,
3389 4549 3574 4621 ἐπειδή
3635 4554 3859 4608 πάντων

443 4643 734 4710 omnium,
765 4657 943 4715 quare
987 4641 1163 4697 etiam
1207 4640 1435 4696 numeri
1490 4644 1713 4708 auctor,
1774 4657 1875 4696 seu
1927 4642 2088 4696 adin-

2207 4642 2462 4718 ὑπάρχει,
2519 4641 2636 4706 ὅθεν
2710 4641 2800 4696 καὶ
2856 4646 2953 4697 τοῦ
3013 4643 3248 4717 ἀριθμοῦ
3307 4640 3673 4718 δημιουργὸς,
3730 4641 3860 4714 ἤτοι

441 4735 663 4790 venter.

514 4823 616 4880 Sed
645 4822 786 4894 quod
813 4821 1033 4894 quidem
1072 4820 1267 4876 multa.
1301 4819 1785 4876 Subaudiendum
1819 4820 1971 4876 226
2004 4826 2093 4876 est

442 4915 502 4970 in
527 4927 882 4984 unoquoque
909 4912 1199 4978 exsistam,
1234 4914 1300 4964 ut
1331 4909 1410 4965 sit
1439 4908 1571 4964 talis
1594 4908 1884 4965 sententia
1905 4927 1916 4963 :
1935 4911 2088 4981 quod

441 5004 629 5060 multa
659 5006 750 5059 est
780 5001 1068 5074 partibus,
1100 5004 1220 5056 toto
1254 5016 1439 5055 unum
1474 5004 1580 5065 est,
1628 5007 1690 5054 ut
1738 5016 1970 5070 corpus,
2007 4999 2090 5055 sic

439 5098 495 5146 et
518 5091 762 5162 reliqua,
797 5091 1155 5144 unum‘sunt
1198 5087 1484 5158 subjecto,
1518 5104 1621 5142 seu
1655 5086 1949 5156 essentia;
1985 5089 2086 5142 sed

437 5179 840 5236 accidentibus
864 5177 1074 5246 multa,
1099 5180 1164 5232 ut
1195 5175 1390 5231 homo.
1415 5175 1754 5230 Accidentia
1776 5192 2089 5248 vero,quze-

437 5270 570 5324 dam
605 5268 979 5339 separabilia,
1013 5270 1077 5322 ut
1125 5266 1348 5330 sedere,
1382 5264 1708 5330 ambulare,
1738 5270 1797 5320 et
1825 5264 2084 5335 similia;

437 5359 704 5430 quaedam
724 5373 858 5412 vero
883 5355 1318 5428 inseparabilis,
1345 5360 1410 5411 ut
1442 5353 1754 5410 caeruleum
1806 5357 1858 5410 et
1898 5355 1964 5409 ad
1979 5373 2083 5410 un-

437 5463 591 5516 cum,
624 5449 681 5503 et
700 5445 916 5502 similia
949 5462 960 5500 :
997 5449 1053 5502 et
1100 5451 1306 5502 contra
1343 5461 1528 5500 unum
1589 5444 1828 5516 quidem
1862 5447 2079 5516 specie,

2203 4732 2493 4808 ἐφευρέτης
2525 4730 2690 4786 ἐστίν.

2270 4819 2448 4876 Ἀλλά
2503 4821 2565 4875 τὸ
2627 4821 2721 4894 μὲν
2771 4817 2975 4877 πολλά.
3038 4821 3557 4897 Προσυπακουστέον
3601 4821 3686 4898 ἐφ’
3726 4824 3861 4878 ἑκά-

2201 4932 2327 4965 στου
2358 4909 2564 4965 τούτων
2617 4911 2679 4965 τὸ
2727 4910 2998 4986 ὑπάρχον,
3025 4909 3115 4966 ἵνα
3210 4912 3272 4966 τὸ
3329 4910 3624 4986 λεγόμενον
3668 4918 3864 4967 τοιοῦ-

2198 5021 2314 5068 τον,
2343 5000 2405 5054 τὸ
2467 5000 2719 5075 ὑπάρχον
2767 5005 2888 5062 τοῖς
2923 5001 3107 5076 μέρεσι
3137 4999 3331 5056 πολλὰ
3355 4997 3410 5055 ἓν
3445 5001 3551 5055 ἐστι
3582 5006 3665 5073 τῷ
3715 5001 3863 5075 ὅλῳ,

2199 5093 2316 5144 οἷον
2363 5090 2426 5144 τὸ
2485 5094 2665 5162 σῶμα,
2699 5088 2841 5144 οὕτω
2871 5090 2962 5144 καὶ
3010 5091 3078 5144 τά
3109 5088 3280 5145 λοιπά
3307 5086 3360 5145 ἓν
3391 5095 3469 5162 τῷ
3507 5091 3865 5164 ὑποκειμένῳ

2197 5178 2336 5233 ἐστὶν
2395 5176 2521 5248 ἤτοι
2581 5178 2774 5249 οὐσίᾳ·
2817 5176 2964 5232 ἀλλά
3013 5178 3199 5234 πολλά
3245 5184 3362 5240 τοῖς
3422 5173 3863 5250 συμϐεϐηκόσιν,

2197 5271 2311 5322 οἷον
2357 5268 2383 5322 ὁ
2418 5266 2726 5343 ἅνθρωπος.
2763 5263 3161 5341 Συμϐεϐηκότα
3195 5265 3252 5323 δὲ
3303 5269 3370 5323 τὰ
3423 5268 3516 5341 μὶν
3578 5269 3864 5345 χωριστὰ,

2196 5358 2269 5421 ὡς
2323 5358 2385 5412 τὸ
2436 5359 2774 5426 καθέζεσθαι,
2833 5364 3171 5431 περιπατεῖν,
3227 5358 3320 5412 καὶ
3376 5359 3443 5412 τά
3489 5356 3660 5429 ὅμοια
3694 5362 3758 5396 η’
3795 5359 3865 5414 τά

2195 5442 2251 5500 δὲ
2271 5445 2573 5521 ἀχώριστοι,
2608 5447 2681 5508 ὡς
2713 5446 2775 5500 τὸ
2805 5446 3065 5524 γλαυκὸν,
3093 5448 3126 5516 ἢ
3162 5447 3397 5522 γρυπὸν,
3427 5445 3518 5502 καὶ
3568 5446 3634 5501 τὰ
3664 5447 3860 5520 ὅμοια,

1435 5624 1671 5681 VARlz’E
1713 5624 2100 5681 LECTIUNES
2140 5625 2233 5681 ET
2273 5625 2834 5682 CORRECTIONES.

516 5752 560 5788 ¹⁸
591 5771 675 5826 γρ.
710 5753 954 5805 τοιαῦτα.
