4062 6366
227 395 326 451 409
992 396 1050 448 S.
1090 391 1360 446 MAXIMI
1395 386 1702 443 SCHOLIA
1740 386 1814 438 IN
1853 385 1986 438 LIB.
2028 385 2123 436 DE
2162 385 2430 439 DIVINIS
2470 385 2877 441 NOMINIBUS.

3540 393 3642 447 410

222 521 306 574 καὶ
332 516 533 590 πάλιν,
584 515 637 573 ἓν
671 518 765 591 μέν
796 513 962 586 εἶδος,
994 512 1192 581 ἵππος,
1241 511 1275 580 ἢ
1321 512 1474 582 βοῦς,
1524 506 1672 564 ἀλλᾶ
1720 509 1877 561 τοῦτο

1999 523 2207 578 equus,
2236 511 2336 562 aut
2368 507 2494 573 bos,
2527 508 2627 563 sed
2652 507 2759 564 hoc
2809 509 2995 565 multa
3025 515 3114 568 est
3153 529 3434 570 numero:
3471 517 3646 574 multi

224 605 405 663 πολλὰ
451 608 694 684 ὑπάρχει
738 611 819 678 τῷ
864 605 1101 680 ἀριθμῶ·
1165 600 1369 657 πολλοὶ
1415 600 1518 675 γὰρ
1544 595 1730 665 ἵπποι,
1791 594 1879 649 καὶ

225 696 429 753 πολλοὶ
467 696 614 772 βόες.
667 693 843 752 Ἀλλᾶ
887 693 977 748 καὶ
1017 697 1135 754 ταῖς
1169 688 1427 763 δυνάμεσι
1480 693 1598 748 ταῖς
1629 689 1879 764 φυσικαῖς

226 783 408 842 πολλᾶ
441 785 705 860 ὑπάρχει·
757 782 845 838 καὶ
895 779 1047 846 αὖθις
1087 782 1154 836 τὰ
1201 777 1388 834 πολλᾶ
1426 773 1570 850 εἷ’δη,
1622 777 1734 831 οἷον
1786 775 1876 828 ἄν·

225 888 466 951 θρωπος,
495 872 697 942 ἵππος,
740 873 883 928 κύων
915 870 1004 926 καὶ
1033 870 1100 925 τὰ
1131 867 1298 941 ἄλλα,
1326 868 1382 922 ’ἐν
1421 865 1521 921 εἶσι
1579 869 1658 936 τῷ
1713 864 1874 939 γένει·

227 950 361 1034 ζῶον
413 965 518 1039 γάρ
570 961 779 1018 τούτων
825 957 1072 1016 ἕκαστον·
1107 957 1250 1013 οὕτω
1279 960 1405 1031 γοῦν
1457 954 1546 1009 καὶ
1601 953 1664 1008 τὸ
1694 950 1879 1007 πολλὰ

228 1053 477 1128 ὑπάρχον
530 1057 650 1113 ταῖς
695 1047 997 1126 περιόδοις,
1047 1046 1217 1123 ἤγουν
1246 1051 1364 1108 τοῖς
1401 1043 1789 1120 βουλεύμασιν,

224 1143 309 1198 καὶ
339 1147 462 1203 τοῖς
495 1136 698 1216 ἔργοις,
730 1137 783 1194 ἓν
819 1139 921 1194 εἱσι
951 1142 1019 1212 τῇ
1052 1139 1222 1214 ἀρχῇ.

294 1234 323 1307 ἕ
366 1236 438 1286 II.
490 1229 671 1284 Πάντα
713 1227 803 1283 καὶ
850 1225 954 1282 ὅλα
983 1228 1177 1282 πάντα.
1234 1225 1413 1279 Πάντα
1461 1222 1700 1297 λέγεται,
1751 1218 1875 1274 ὅταν

228 1318 367 1390 εἴδη,
413 1317 508 1373 καὶ
572 1320 709 1394 μέρη
747 1360 761 1383 ,
821 1318 909 1372 καὶ
975 1313 1229 1394 διαφοραὶ
1283 1313 1334 1368 ἐν
1385 1317 1506 1375 ταῖς
1560 1309 1876 1383 διαιρέσεσιν

227 1410 374 1462 ὧῖιν·
432 1405 564 1462 ὅλον
601 1404 678 1474 δέ,
712 1407 837 1461 ὅταν
864 1406 931 1461 τά
963 1403 1101 1480 μέρη
1137 1401 1512 1477 συλλεγόμενα
1539 1399 1593 1456 ἓν
1645 1397 1882 1468 ὁλόκλη-

228 1518 316 1573 ρον
377 1495 746 1565 ἀποτελῶσιν,
779 1496 814 1566 ἢ
845 1495 914 1550 τὰ
939 1491 1055 1564 εἶ’δη
1089 1489 1140 1548 ἕν
1197 1495 1376 1568 γένος,
1427 1493 1462 1562 ἢ
1525 1491 1612 1545 καὶ
1646 1490 1713 1544 τὰ
1736 1487 1881 1543 έναν-

225 1586 310 1642 τία
358 1585 452 1641 καὶ
511 1584 858 1655 ἀντικείμενα
913 1583 988 1644 εἰς
1047 1581 1350 1656 σύμπνοιαν
1397 1581 1484 1634 καὶ
1543 1576 1877 1653 συμπάθειαν

228 1675 506 1751 ἡσυχάζῃ,
542 1673 616 1736 ὡς
669 1670 814 1748 ὕδωρ
867 1674 1030 1746 ὁμοῦ,
1075 1671 1166 1726 καὶ
1213 1677 1308 1746 γῆ,
1355 1669 1442 1724 καὶ
1491 1669 1618 1745 ἀήρ,
1667 1667 1756 1722 καὶ
1814 1668 1881 1721 τὰ

227 1760 455 1840 πυρώδη
507 1761 697 1838 ἄστρα,
743 1762 831 1816 καὶ
885 1759 1138 1837 οὐρανόςο
1195 1760 1407 1836 Λέγεται
1447 1757 1548 1832 γὰρ
1580 1755 1684 1813 ὅλα
1713 1759 1880 1812 ταῦτα

227 1854 452 1927 κόσμος.

293 1939 544 1999 Κὶκ-
655 1940 678 1972 ξ,
817 1939 1011 1993 γὲν.
1087 1935 1300 1994 ,Ε’λο
1401 1933 1718 1976 \v‘u...

343 1962 376 1997 α
457 1962 580 1996 ανιυ
616 1961 710 2014 μιν
751 1960 848 1995 το.)
924 1959 1030 2000 νος.
1151 1956 1310 2006 πειοη
1360 1959 1424 1992 το
1474 1959 1526 1991 ει
1569 1957 1718 1990 οοΛει
1759 1954 1876 1996 πως

227 2030 372 2107 ἔχειν
401 2032 592 2106 σχέσιν
625 2027 762 2104 πρὸς
812 2028 1067 2104 ἀριθμὸν,
1094 2025 1218 2082 ἄνευ
1249 2027 1365 2088 ἑνὸς
1397 2025 1501 2080 οὐκ
1525 2023 1584 2080 ἂν
1615 2023 1698 2096 εἴη
1732 2023 1877 2090 πλῆ-

226 2121 335 2182 Θος·
372 2120 621 2180 σύνθεσις
649 2118 748 2194 γὰρ
777 2114 1009 2191 μονάδος
1034 2114 1166 2171 εἰσὶν
1196 2116 1248 2170 οἱ
1281 2115 1356 2177 εἷς
1387 2113 1603 2184 πλῆθος
1631 2113 1878 2190 ἀριθμοὶ,

225 2207 354 2286 ὅπερ
389 2211 538 2263 εἶπεν
573 2207 704 2276 ἄνω,
739 2205 821 2261 ὅτι
853 2203 1396 2273 πολλαπλασιαζεται
1429 2205 1458 2258 ὁ
1489 2204 1638 2270 Θεὸς,
1671 2204 1743 2265 ὡς
1775 2203 1880 2258 ἀπὸ

224 2300 600 2375 ἀριθμητικῆς
631 2295 950 2368 νοούμενος.
983 2293 1054 2348 Τὸ
1088 2291 1144 2348 δέ
1173 2289 1228 2347 ἓν
1268 2292 1358 2347 καὶ
1389 2293 1506 2356 καθ’
1543 2291 1698 2346 ἑαυτὸ
1729 2292 1882 2368 ὑιξέσ-

221 2408 354 2458 τηκε
383 2385 477 2441 καὶ
511 2383 646 2443 ἔστι.

291 2475 392 2530 Καὶ
430 2473 477 2529 εἳ
523 2479 655 2529 πᾶσι
709 2474 772 2528 τά
816 2471 1008 2528 πάντα.
1059 2473 1136 2528 Τὸ
1201 2470 1458 2526 ὑποθοῖτό
1510 2491 1617 2538 τις,
1673 2470 1761 2525 καὶ
1817 2469 1879 2524 τὸ

223 2565 334 2629 καθ’
369 2564 627 2619 ὑπόθεσιν
673 2556 1009 2635 λαμϐάνεται
1059 2558 1147 2615 ἐπὶ
1195 2565 1303 2615 τῶν
1350 2563 1740 2635 πραγματικῶς
1783 2558 1881 2614 οὐκ

225 2649 415 2726 ὄντων,
469 2649 616 2707 ἀλλὰ
664 2651 820 2726 λόγῳ
865 2649 1250 2723 τυπουμένων·
1286 2647 1512 2703 ἐνταῦθα
1543 2649 1727 2721 μέντοι
1775 2648 1882 2724 οὐχ

224 2740 365 2796 οὕτω
416 2738 682 2811 ληπτέον,
736 2736 882 2795 ἀλλὰ
923 2739 987 2793 τὸ
1044 2737 1180 2794 κατὰ
1235 2736 1477 2792 ἐπίνοιαν
1496 2773 1503 2784 -
1527 2737 1681 2812 λόγῳ
1717 2741 1880 2792 τοῦτο

227 2827 427 2900 Θετέον,
463 2825 670 2898 διὶτήν
696 2833 794 2884 τοῦ
828 2827 1068 2892 ἐκτίσθαι
1096 2827 1421 2897 ταυτότητα,
1453 2826 1541 2882 καὶ
1573 2828 1634 2882 τὸ
1665 2825 1794 2882 ὅλον
1827 2825 1880 2882 ἐν

231 2925 344 2981 τοῖς
377 2916 565 2992 μέρεσι
597 2919 936 2992 θεωρεῖσθαι,
969 2917 1060 2971 καὶ
1091 2915 1142 2971 έν
1172 2916 1252 2987 τῷ
1283 2914 1398 2988 ὅλῳ
1425 2915 1491 2970 τὰ
1524 2915 1686 2992 μέρη.

289 3102 418 3158 Ὀτι
491 3099 629 3154 κατὶ
695 3098 760 3152 τὸ
849 3095 966 3158 ὲνὸς
1037 3098 1262 3152 ἑκάστου
1331 3097 1828 3172 προεπινοούμενον
1865 3143 1878 3156 .

227 3189 288 3244 Et
321 3190 401 3262 μὴ
432 3186 887 3264 προεπινοηθείη,
921 3185 1075 3264 φησὶ,
1113 3186 1176 3240 τὸ
1225 3190 1320 3240 τοῦ
1370 3186 1656 3260 ἀνθρώπου
1710 3185 1874 3255 εἶδος,

951 3272 964 3292 Ι

1991 596 2144 652 enim
2179 600 2319 651 sunt
2339 597 2495 668 equi,
2520 601 2577 652 et
2606 597 2776 653 multi
2808 598 3000 655 boves.
3029 601 3363 666 Quinetiam
3400 603 3643 661 faculta-

1993 684 2150 740 tibus
2174 684 2544 740 naturalibus
2573 691 2663 741 est
2705 686 2976 752 multa,et
3017 705 3223 747 rursus
3275 691 3464 747 multa
3511 709 3642 765 spe-

1989 772 2214 840 ciebus,
2238 778 2302 828 ut
2332 773 2528 843 homo,
2562 791 2773 846 equus,
2801 776 2988 847 canis,
3021 781 3076 833 et
3119 778 3252 848 alia,
3291 797 3470 836 unum
3504 786 3645 837 sunt

1989 880 2220 935 genere,
2252 865 2717 936 unumquodque
2738 866 2895 921 enim
2928 865 3137 923 horum
3157 873 3246 924 est
3279 870 3530 926 animal:
3557 871 3642 926 sic

1988 952 2241 1024 denique
2265 956 2320 1008 et
2342 955 2492 1023 quod
2528 953 2716 1010 multa
2744 960 2834 1010 est
2863 952 3167 1030 περιόδοις,
3225 975 3329 1014 seu
3379 960 3642 1016 consiliis

1988 1047 2090 1097 aut
2118 1043 2297 1098 etiam
2329 1043 2624 1114 operibus,
2659 1061 2838 1100 unum
2871 1051 3013 1101 sunt
3043 1047 3354 1120 principio.

2062 1221 2092 1293 §
2123 1223 2194 1277 If.
2229 1221 2424 1277 Omnia
2457 1224 2716 1279 universa
2749 1228 2861 1280 tota
2916 1226 3105 1281 etiam.
3165 1227 3374 1284 Omnia
3432 1229 3642 1285 dicun-

1989 1315 2106 1377 tur,
2141 1312 2378 1382 quando
2412 1312 2636 1383 species
2667 1317 2724 1368 et
2755 1319 2952 1384 partes
2995 1319 3052 1369 et
3084 1314 3408 1372 differentia
3466 1317 3525 1372 in
3554 1319 3642 1373 di-

1988 1398 2317 1456 visionibus
2347 1405 2504 1456 sunt.
2539 1402 2749 1456 Totum
2776 1418 2934 1469 vero,
2967 1403 3202 1473 quando
3244 1409 3436 1476 partes
3459 1406 3639 1462 colle-

1989 1493 2093 1544 ctae
2127 1506 2310 1546 unum
2341 1489 2635 1560 integrum
2661 1490 2946 1550 efﬁciunt.
2968 1493 3308 1564 autspecies
3326 1510 3512 1550 unum
3541 1512 3641 1568 ge-

1989 1595 2126 1649 nus,
2157 1582 2261 1634 aut
2290 1579 2587 1634 contraria
2617 1583 2676 1634 et
2723 1580 2992 1650 opposita
3023 1580 3080 1635 in
3123 1583 3558 1653 conspiratione
3589 1591 3645 1640 et

1988 1667 2298 1724 concordia
2329 1667 2666 1739 quiescunt,
2700 1673 2765 1724 ut
2795 1685 2950 1740 aqua
2970 1669 3148 1725 simul
3181 1676 3238 1726 et
3267 1675 3425 1728 terra
3453 1678 3640 1744 etaer,

1987 1759 2044 1813 et
2071 1755 2253 1829 igneae
2285 1756 2490 1823 stellas,
2521 1762 2580 1812 et
2598 1757 2809 1813 ccelum
2837 1774 2851 1813 :
2887 1759 3145 1814 mundus
3177 1759 3332 1816 enim
3367 1760 3488 1817 haec
3517 1766 3642 1819 tota

1988 1847 2287 1902 dicuntur.

2060 1936 2134 1991 Ac
2160 1937 2282 1992 sine
2312 1952 2420 1992 uno
2448 1936 2693 2009 quidem.
2725 1937 3012 2001 Quoniam
3060 1955 3234 1994 unum
3263 1939 3498 1996 videtur
3539 1942 3639 1998 ha-

1986 2026 2125 2082 bere
2209 2026 2628 2082 connexionem
2707 2029 3023 2098 quamdam
3106 2045 3240 2084 cum
3345 2046 3640 2098 numero,

1987 2116 2117 2171 sine
2151 2132 2265 2171 uno
2299 2133 2414 2172 non
2461 2120 2616 2172 esset
2646 2133 2933 2173 numerus
2977 2136 2990 2185 ;
3042 2134 3181 2174 nam
3232 2119 3458 2174 numeri
3506 2125 3647 2176 sunt

1986 2205 2339 2276 compositio
2372 2205 2618 2262 unitatis
2649 2205 2709 2261 in
2734 2206 3139 2275 multitudine,
3175 2209 3328 2281 quod
3361 2225 3543 2282 supra
3563 2211 3650 2266 di-

1985 2293 2091 2361 xit,
2122 2295 2297 2349 Deum
2333 2295 2724 2366 multiplicari,
2758 2297 2926 2367 quasi
2960 2313 3027 2352 ex
3051 2296 3644 2354 arithmeticaintelli-

1986 2388 2222 2456 geretur
2255 2401 2268 2440 :
2304 2401 2489 2440 unum
2523 2402 2654 2441 vero
2673 2390 2728 2442 et
2759 2386 2952 2458 seipso
2984 2387 3250 2443 substitit
3279 2392 3336 2443 et
3365 2393 3475 2445 est.

2061 2478 2122 2532 Et
2168 2478 2218 2532 si
2267 2477 2392 2547 quis
2451 2477 2704 2533 omnibus
2741 2478 2949 2534 omnia.
3012 2478 3160 2534 Illud
3221 2478 3480 2542 ὑποθοῖτό
3533 2501 3640 2549 τις,

1986 2568 2191 2640 aliquis
2219 2573 2506 2639 supponat,
2529 2568 2616 2622 vel
2650 2567 2794 2623 illud
2824 2585 2894 2625 ex
2920 2570 3292 2640 suppositione
3321 2576 3646 2643 usurpatur

1989 2657 2048 2712 in
2080 2657 2155 2713 iis
2185 2673 2310 2729 quas
2342 2657 2538 2729 reipsa
2562 2673 2692 2713 esse
2739 2663 3063 2730 nequeunt,
3119 2659 3222 2714 sed
3278 2660 3502 2716 ratione
3533 2661 3644 2715 fin-

1987 2753 2208 2818 guntur
2241 2764 2254 2802 :
2288 2762 2490 2802 verum
2521 2745 2632 2802 hoc
2661 2745 2787 2803 loco
2843 2764 2956 2803 non
2996 2747 3079 2802 ita
3131 2750 3488 2804 sumendum
3531 2755 3640 2814 est,

1990 2852 2128 2891 nam
2158 2835 2267 2891 hoc
2296 2836 2469 2891 verbo
2500 2836 2717 2892 mentis
2761 2837 3099 2908 ponendum
3131 2843 3368 2909 propter
3397 2839 3641 2894 creatio-

1991 2923 2083 2980 nis
2113 2924 2507 2990 identitatem,
2540 2928 2598 2979 et
2628 2924 2766 2997 quia
2795 2929 2984 2981 totum
3034 2926 3095 2981 in
3145 2927 3416 2998 partibus
3449 2928 3641 2984 consi-

1991 3012 2251 3080 deratur,
2285 3018 2343 3068 et
2371 3016 2568 3082 partes
2596 3013 2654 3068 in
2687 3017 2829 3068 toto.

2067 3104 2128 3159 Ut
2187 3102 2484 3158 secundum
2540 3103 2977 3175 uniuscujusque
3040 3107 3283 3176 speciem
3323 3120 3644 3178 praeconce-

1987 3199 2160 3261 plam.
2186 3190 2332 3258 Nisi,
2366 3191 2580 3262 inquit,
2605 3191 3156 3265 priusintelligatur
3204 3194 3431 3266 species
3452 3195 3642 3250 homi-

231 3277 399 3353 ἤγουν
446 3279 482 3348 ὴ
540 3276 718 3354 φύσις,
779 3275 878 3330 ουκ
929 3272 988 3330 ἄν
1046 3296 1130 3336 τις
1182 3271 1326 3329 εἷ’ποι
1374 3276 1501 3337 τοὺς
1556 3275 1876 3350 ἀνθρώπους

1999 3283 2082 3340 nis
2115 3299 2218 3339 seu
2253 3288 2486 3351 natura,
2530 3282 2730 3338 nullus
2787 3283 2996 3338 dixerit
3054 3283 3324 3340 homines
3374 3285 3526 3340 inter
3581 3304 3642 3342 se

233 3369 474 3436 ἡνῶσθαι
508 3363 873 3436 ἀλλήλους¹⁰¹
909 3361 1079 3435 δῆλον
1114 3361 1170 3419 δὲ
1201 3363 1284 3419 ὅτι
1312 3365 1427 3419 κατ’
1459 3364 1617 3419 αὐτὸν
1666 3364 1757 3420 τὸν
1785 3372 1882 3434 τῆς

233 3456 441 3534 φύσεως
474 3454 659 3531 λόγον.

297 3542 652 3599 Κ“ἰά’λ
1101 3541 1508 3578 θ’ρεεκ
1772 3542 1792 3576 ι

339 3565 447 3600 αιε
531 3565 620 3599 -νε
663 3564 745 3608 οις
801 3563 863 3598 το
916 3564 990 3600 εν.
1051 3545 1209 3600 Ουτω
1275 3564 1324 3598 ..ο
1385 3564 1546 3618 ρητον
1580 3545 1878 3613 συνθετιον,

231 3635 308 3689 δτι
339 3635 586 3702 ἡνῶσθαι
635 3629 850 3707 λέγεται
880 3631 946 3685 τὰ
975 3633 1233 3705 ἡνωμένα
1278 3634 1395 3686 κατ’
1452 3629 1596 3694 εἶδος
1653 3653 1879 3707 προεπι-

231 3722 525 3794 νοοῦμενον
582 3720 696 3783 ἑνὸς

232 3807 343 3881 εἴδη
397 3810 490 3865 καὶ
520 3811 587 3864 τά
616 3807 804 3864 πολλὰ
835 3810 1110 3885 στοιχεῖόν
1141 3830 1191 3864 τι
1221 3809 1309 3864 καὶ
1360 3810 1540 3883 ἀρχὴν
1592 3809 1655 3864 τὸ
1684 3807 1737 3864 ἓν
1770 3809 1882 3865 ἐπι-

229 3902 550 3978 γράφονται,
602 3898 678 3960 εἷς
721 3897 876 3972 γένος
923 3895 980 3953 ἓν
1027 3897 1357 3974 ἀναγόμενα,
1403 3896 1469 3952 οὗ
1513 3899 1703 3972 γένους
1762 3898 1879 3970 εἷ’δη

231 3988 352 4044 εἶσί·
384 3994 556 4045 ταῦτα
600 3987 700 4064 γὰρ
748 3988 1006 4060 ἡνωμένα
1056 3986 1201 4060 αὐτῷ
1240 3992 1320 4059 τῷ
1369 3985 1523 4056 εἷ’δει,
1557 3989 1667 4042 οἷον
1693 3986 1882 4057 ἵπποι,

233 4078 373 4151 βόες,
406 4077 499 4132 καὶ
525 4077 593 4132 τὰ
623 4077 766 4147 ἑξῆς,
800 4077 933 4150 ἅπερ
961 4075 1036 4139 εἷς
1067 4075 1119 4132 ἔν
1155 4077 1310 4152 γένος
1343 4076 1646 4152 ἀνάγονται,
1691 4079 1753 4132 τὸ
1783 4099 1880 4132 κα-

229 4161 440 4232 λεῖσθαι
470 4169 634 4236 ζῶον.

295 4347 403 4414 Τὴν
433 4343 574 4414 ὅλην
622 4343 900 4419 θεαρχίαν.
951 4343 1096 4414 Ὅλη
1149 4343 1380 4420 Θεαρχία
1424 4346 1460 4414 ἡ
1510 4345 1742 4421 παναγία
1789 4349 1875 4402 καὶ

227 4434 582 4509 προσκυνητή
615 4433 796 4508 Τριάς·
834 4431 922 4487 διὰ
952 4430 1008 4487 δέ
1036 4434 1138 4502 τήν
1163 4432 1522 4512 ἀνέκφραστον
1550 4441 1648 4504 τῆς
1669 4437 1880 4513 φύσεως

226 4519 440 4592 ἕνωσιν,
473 4523 504 4578 ὁ
535 4524 612 4584 εἷς
643 4521 733 4577 καὶ
765 4520 816 4577 ἔν
847 4522 1200 4597 χρηματίζει.

294 4702 508 4780 Ὑφνῆς
542 4700 632 4756 ,αἱ
664 4699 716 4772 ἐξ
773 4702 859 4771 ἧς,
920 4704 1014 4773 Τῷ
1073 4701 1161 4775 ὑφ’
1214 4701 1280 4770 ἦς
1340 4701 1588 4774 σύνταξον
1619 4707 1682 4759 τὸ
1742 4706 1875 4776 ἐστὶ,

225 4791 420 4862 καὶτῷ
454 4791 506 4861 ἐξ
537 4791 606 4860 ἧς
657 4790 720 4844 τὸ
779 4788 1148 4862 συντέτακται,
1175 4790 1266 4845 καὶ
1323 4796 1401 4862 τῷ
1449 4790 1519 4846 δι’
1575 4796 1642 4862 ἧς
1685 4795 1748 4849 τὸ
1783 4795 1877 4869 μέ-

228 4901 326 4948 νει,
379 4879 472 4934 καὶ
520 4883 600 4951 τῷ
629 4877 681 4933 έν
741 4877 777 4952 ᾖ
838 4879 900 4933 τὸ
946 4877 1249 4953 συνέχεται,
1309 4877 1476 4954 ἤγουν
1529 4880 1878 4960 φυλάττεται,

228 4968 315 5022 καὶ
371 4973 451 5040 τῷ
511 4966 586 5030 εἷς
645 4969 706 5036 ἣν
739 4969 785 5004 ²⁰
836 4968 901 5022 τὸ
957 4966 1354 5045 ἐπιστρέφεται,
1406 4969 1451 5024 εἰ
1509 4973 1597 5025 καὶ
1630 4973 1658 5026 ὁ
1690 4976 1873 5046 Πατήρ

231 5055 378 5118 ἰδίως
408 5057 497 5110 καὶ
553 5057 638 5134 ὑφ’
691 5053 745 5110 ἔν
802 5055 869 5110 τά
911 5055 1132 5130 ῥήματα
1163 5055 1329 5128 ἔταξε·
1362 5057 1541 5113 καὶτὸ
1587 5059 1760 5115 πάντα
1817 5061 1875 5117 δέ

232 5147 330 5200 απὸ
381 5149 591 5200 κ’)ινοῦ.
627 5143 822 5207 Καλῶς
854 5142 911 5198 δὲ
960 5147 1128 5214 εἶπεν,
1189 5145 1271 5201 ὅτι
1332 5145 1418 5201 ἐάν
1452 5148 1648 5222 ἀνέλῃς
1675 5151 1736 5204 τὸ
1797 5150 1870 5224 ἔν,

231 5232 348 5288 οὔτε
379 5232 606 5303 ὁλότης,
666 5230 791 5289 οὔτε
819 5232 1325 5310 πολλοστημόριον,
1369 5235 1491 5292 οὕτε
1521 5236 1661 5293 ἄλλο
1693 5238 1868 5295 οὐδέν·

230 5327 386 5377 τοῦτο
411 5323 512 5399 γάρ
547 5323 877 5398 προῃνίξατο
909 5323 998 5378 καὶ
1031 5323 1141 5379 ἅνω
1188 5325 1377 5394 εἰπὼν,
1425 5327 1514 5381 καὶ
1565 5327 1737 5401 ἥμισυ
1795 5330 1872 5399 ἓν,

773 3720 1039 3776 ἑκάστου·
1109 3721 1446 3796 προείπομεν
1495 3721 1620 3795 γὰρ,
1679 3723 1761 3776 ὅτι
1820 3723 1885 3776 τά

1992 3373 2358 3443 conjunctos,
2393 3370 2672 3426 nimirum
2704 3371 2907 3426 eadem
2941 3375 3165 3426 naturae
3196 3372 3438 3427 ratione.

2060 3550 2135 3606 Ac
2161 3551 2214 3604 si
2239 3550 2532 3605 sustuleris
2561 3549 2860 3604 unitatem.
2887 3551 2972 3604 Ita
3003 3548 3298 3605 sententia
3321 3549 3444 3605 haec
3475 3566 3642 3605 com-

1991 3639 2278 3709 ponenda,
2306 3637 2586 3692 nimirum
2620 3653 2689 3692 ea
2748 3654 2875 3710 quas
2934 3639 3251 3709 conjuncta
3307 3641 3467 3705 sunt,
3499 3655 3641 3695 con-

1982 3728 2192 3798 juncta
2223 3727 2335 3782 dici
2368 3726 2841 3798 uniuscujusque
2865 3728 3399 3800 specie,qua2prius
3421 3727 3640 3783 intelli-

1991 3821 2202 3888 gatur:
2237 3821 2409 3872 antea
2441 3817 2598 3871 enim
2632 3816 2912 3884 diximus,
2944 3817 3170 3888 species
3227 3821 3286 3872 et
3334 3816 3542 3872 multa-
3568 3819 3639 3873 ad

1993 3922 2178 3961 unum
2209 3922 2396 3978 genus
2427 3906 2575 3962 227
2617 3906 2878 3975 reducta,
2936 3906 3278 3962 describunt
3315 3922 3493 3961 unum
3520 3905 3638 3961 ele-

1993 4001 2258 4053 mentum
2293 3995 2529 4067 aliquod
2559 4001 2616 4052 et
2639 3997 3019 4068 principium,
3053 3998 3226 4068 cujus
3254 3997 3482 4064 generis
3503 4002 3641 4052 sunt

1991 4086 2252 4156 species;
2289 4086 2412 4140 haec
2443 4085 2600 4140 enim
2639 4085 2768 4155 ipsa
2799 4084 2993 4154 specie
3015 4087 3351 4156 conjuncta,
3382 4089 3448 4141 ut
3479 4085 3637 4158 equi,

1991 4175 2252 4243 boves,et
2279 4173 2524 4244 reliqua,
2549 4189 2676 4243 quae
2708 4173 2778 4228 ad
2814 4190 2997 4229 unum
3031 4190 3215 4245 genus
3255 4175 3640 4244 reducuntur,

1990 4264 2131 4334 quia
2158 4267 2440 4318 vocantur
2469 4261 2708 4317 animal.

2063 4354 2249 4406 Totam
2273 4352 2643 4406 divinitatem.
2676 4355 2772 4405 Gr.
2831 4350 2929 4416 τήν
2984 4347 3119 4420 ὅλην
3181 4349 3634 4425 οεαρχίαν.“ολη

1989 4439 2238 4513 Θεαρχία,
2276 4444 2463 4494 totum
2495 4439 2817 4494 divinitatis
2851 4439 3224 4512 principium,
3259 4439 3638 4496 sanctissima

1990 4534 2046 4586 et
2073 4529 2371 4584 adoranda
2392 4527 2684 4596 Trinitas;
2721 4537 2954 4601 propter
2985 4529 3338 4585 ineffabilem
3371 4545 3506 4585 vero
3529 4545 3636 4584 na~

1909 4621 1954 4686 D
1987 4623 2129 4673 tura:
2161 4617 2469 4687 unitatem,
2503 4634 2657 4672 unus
2689 4624 2746 4672 et
2777 4635 2957 4673 unum
2999 4618 3346 4691 appellatur.

2061 4709 2098 4762 A
2131 4725 2239 4780 qua
2269 4717 2320 4763 et
2349 4725 2418 4764 ex
2447 4725 2574 4778 qua.
2607 4709 2750 4763 Cum
2787 4708 2872 4784 ὑφ’
2925 4711 3012 4776 ἧς,
3070 4728 3109 4766 a
3161 4727 3286 4782 qua,
3347 4711 3640 4782 conjunge

1987 4797 2118 4869 ἐστί,
2150 4804 2206 4854 et
2231 4815 2365 4854 cum
2395 4796 2444 4867 ἐξ
2474 4801 2563 4868 ἧς,
2596 4816 2665 4853 ea:
2694 4817 2826 4870 qua,
2849 4801 3141 4872 conjunge
3161 4800 3638 4866 συντέτακται,ιίί.ς-

1981 4890 2162 4959 posita
2190 4892 2669 4959 sunt,atquecum
2695 4883 2764 4940 δι’
2788 4889 2981 4957 ἧς,ριη·
3000 4894 3436 4959 quam,verbum
3465 4885 3637 4959 μένει,

1983 4986 2299 5046 manent,ac
2331 4993 2464 5032 cum
2499 4975 2549 5030 ἐν
2573 4977 2632 5046 ᾗ,
2665 4977 2725 5031 in
2749 4980 3124 5047 qua,verbum
3159 4976 3440 5049 συνὲγεται
3465 4980 3638 5033 conli-

1984 5080 2184 5121 nentur
2213 5082 2312 5121 seu
2345 5066 2819 5135 custodiuntur,et
2841 5084 2972 5121 cum
3003 5065 3078 5127 είς
3106 5066 3198 5135 ἥν,
3221 5067 3290 5121 ad
3318 5083 3636 5137 quam,ver-

1983 5155 2121 5210 bum
2147 5154 2541 5232 ἐπιστρέφεται,
2574 5161 2998 5217 convertuntur;
3016 5157 3309 5211 etsiPater
3329 5156 3632 5228 sigillatim

1982 5250 2040 5299 et
2064 5245 2239 5300 simul
2259 5247 2426 5300 verba
2442 5245 2822 5310 collocarit,et
2842 5247 3028 5300 omnia
3049 5246 3352 5302 subaudiri
3369 5247 3632 5302 voluerit.

1985 5335 2159 5391 Porro
2184 5343 2337 5392 recte
2362 5337 2691 5407 dixit,quod
2711 5335 2759 5390 si
2784 5338 3426 5405 unumsustuleris,nec
3451 5339 3637 5396 totali-

1235 5531 1475 5588 νΑΗιίΕ
1513 5534 1905 5593 LEGTIONES
1944 5540 2036 5595 ET
2076 5539 2635 5596 CORRECTIONES.

309 5681 351 5716 ¹⁰
378 5699 465 5754 γρ.
497 5676 798 5750 ἀλλήλοιςδ
876 5683 922 5718 ²⁰
949 5701 1040 5756 γρ.
1074 5681 1535 5759 συμφυλάττεται,
1567 5684 1617 5739 έν
1648 5687 1796 5759 αὖτῷ
1824 5690 1924 5765 γάρ
1959 5683 2133 5762 ζῶμεν
2153 5707 2164 5724 ·
2202 5688 2288 5745 καὶ
2323 5695 2402 5762 τῷ
2432 5689 2507 5752 εἷς
2539 5692 2623 5761 ἣν,
