4062 6366
431 381 531 435 411

1257 376 1622 430 APPENDIX
1665 377 1761 428 AD
1799 375 2039 430 OPERA
2075 377 2135 430 Β.
2175 375 2492 434 DIONYBII
2527 378 3022 436 AREOPAGITE.

3746 375 3849 429 412

426 511 538 575 tas,
574 521 680 561 nec
713 502 1046 560 multesima
1078 517 1236 574 pars,
1282 516 1387 555 nec
1417 499 1640 572 aliquid
1691 498 1849 554 aliud
1882 515 2082 555 eorum

2206 501 2286 554 mi
2315 498 2514 574 τρίτον,
2548 503 2636 556 καὶ
2682 500 2924 575 δέκατον,
2984 500 3245 571 δηλονότι
3291 501 3381 556 καὶ
3426 501 3492 555 τά
3555 500 3725 575 μόρια
3753 503 3849 554 τοῦ

428 613 555 668 quas
589 598 728 651 sunt
759 593 872 649 erit
904 592 1052 661 ;hoc
1084 590 1242 646 enim
1275 594 1448 646 antea
1475 589 1803 644 insinuavit
1832 605 1966 644 cum
1993 589 2086 644 di-

429 686 598 752 xerit,
631 691 688 738 et
717 682 1034 738 dimidium
1067 683 1348 750 unum,st
1376 678 1551 734 tertia
1580 682 1829 750 perstet
1858 677 2086 734 decima

432 790 640 841 unum,
673 771 897 828 scilicet
926 769 1102 826 etiam
1132 772 1324 840 partes
1357 784 1539 823 unum
1569 765 1943 839 participant.

503 861 772 919 Omnium
801 875 976 913 unum
1005 857 1148 929 quod
1176 861 1254 912 est
1272 872 1459 911 causa.
1477 855 1602 911 Non
1633 853 1902 910 absolute
1923 853 2086 910 omni

431 968 551 1007 uno
583 948 783 1006 omnia
811 947 1220 1015 constiterunt,
1245 946 1345 1001 sed
1376 943 1476 999 illo
1503 942 1628 1000 solo
1687 960 1824 1011 uno,
1873 959 2082 998 secun-

429 1042 569 1096 dum
593 1039 749 1110 quod
778 1037 1391 1104 unum,Deusetunus
1409 1037 1466 1088 et
1495 1049 1680 1088 unum
1710 1031 2082 1102 nominatur;

430 1131 554 1186 solo
585 1128 882 1194 enim,hoc
912 1142 1028 1182 uno
1063 1142 1152 1181 res
1183 1123 1495 1180 exsistunt.
1531 1122 1639 1187 Qui
1697 1121 1852 1176 enim
1889 1122 2085 1192 ipsum

430 1236 642 1278 nomen
674 1235 850 1274 unum
879 1216 1020 1272 dicit
1039 1215 1348 1286 negatione
1381 1211 1842 1285 multiplicitatis
1863 1211 1974 1268 hoc
2006 1211 2086 1267 si-

429 1310 708 1383 gniﬁcat;
741 1307 1023 1363 nimirum
1058 1320 1244 1360 unum
1271 1304 1468 1375 ipsum
1501 1302 1949 1373 prinoipium,et
1965 1301 2085 1374 pri-

431 1415 594 1456 mum
626 1403 714 1454 est
745 1396 945 1466 alicui,
982 1399 1047 1451 ut
1076 1394 1371 1466 quomodo
1402 1392 1666 1462 exsistat,
1704 1408 1837 1447 nam
1870 1391 2085 1446 multo-

431 1505 562 1545 rum
593 1505 722 1560 qua;
749 1503 818 1543 ex
875 1501 941 1541 eo
995 1484 1323 1556 procedunt
1377 1481 1788 1553 cogitationem
1839 1480 2083 1536 inducit-

431 1581 560 1634 Ηωο
591 1593 722 1633 vero
767 1573 1011 1630 minime
1069 1574 1186 1629 Deo
1247 1571 1620 1628 conveniunt.
1681 1577 1856 1627 Porro
1913 1586 2087 1626 unum

429 1668 584 1740 quod
615 1666 807 1722 solum
839 1663 977 1733 tale,
1018 1679 1262 1735 prorsus
1292 1666 1382 1718 est
1440 1661 1766 1717 affectionis
1797 1677 1899 1716 seu
1949 1677 2083 1731 pas-

429 1756 614 1813 sionis
631 1770 859 1827 expers,
891 1757 948 1808 et
978 1752 1381 1818 individuum,
1425 1767 1491 1806 ac
1522 1765 1625 1822 per
1671 1765 1734 1805 se
1783 1748 2086 1805 sufﬁcien-

428 1845 732 1901 tissimum
760 1868 774 1910 ;
800 1858 991 1913 neque
1009 1840 1168 1896 enim
1183 1839 1308 1895 vult
1339 1838 1502 1894 alteri
1535 1839 1596 1893 in
1627 1843 1838 1894 natura
1857 1854 1977 1893 una
1991 1855 2082 1894 co-

431 1934 807 2007 pulari,sicut
829 1946 1016 1986 unum
1048 1929 1108 1983 in
1143 1928 1444 1995 numeris;
1480 1928 1634 1998 quod
1666 1927 1822 1983 enim
1854 1926 2086 1999 proprie

431 2024 705 2090 unum,st
734 2023 868 2075 ante
898 2033 1072 2074 omne
1106 2033 1313 2088 unum,
1347 2015 1579 2088 repellit
1619 2015 2084 2084 multitudinem,

429 2127 779 2183 omnemque
806 2126 932 2166 com
941 2109 1293 2181 positionem
1311 2107 1727 2163 etdivisionem
1751 2127 1766 2176 ;
1790 2108 2084 2179 siquidem

431 2201 543 2257 hoc
574 2217 763 2272 neque
792 2214 1058 2270 parvum,
1093 2212 1284 2268 neque
1315 2196 1608 2252 mediocre
1649 2200 1912 2262 vocatur,
1944 2195 2086 2267 quin

432 2290 483 2347 si
514 2289 658 2362 quid
691 2288 1257 2358 audendum,neque
1275 2285 1592 2358 pulchrum
1615 2301 1806 2358 neque
1825 2286 2048 2341 bonum
2071 2301 2084 2340 :

430 2381 522 2436 hee
550 2379 706 2436 enim
741 2377 1101 2446 affectiones,
1136 2376 1287 2432 sicut
1341 2375 1513 2431 etiam
1550 2380 1690 2431 sunt
1746 2374 1984 2430 habitus
2032 2377 2089 2429 et

437 2469 791 2537 accidentia;
825 2467 1022 2540 ipsum
1045 2483 1180 2523 vero
1211 2483 1396 2521 unum
1416 2482 1597 2539 supra
1628 2466 1827 2522 omnia
1856 2481 2087 2536 quoque

431 2559 813 2631 intelligitur;
843 2557 1179 2614 affectiones
1199 2572 1336 2612 vero
1360 2559 1424 2611 ut
1450 2561 1779 2628 parvum,et
1799 2555 2089 2611 mediocre

433 2665 568 2705 cum
599 2648 710 2703 alio
741 2663 974 2718 quoque
1007 2645 1540 2711 considerantur,et
1569 2645 1698 2701 ideo
1730 2661 1920 2716 neque
1941 2645 2090 2700 sim-

433 2738 830 2811 plices,r.eque
854 2735 1412 2804 elementares.Ergo
1444 2734 1826 2802 unum,siout
1857 2734 2084 2790 dictum

434 2828 702 2898 est.quod
736 2825 987 2896 simplex
1015 2828 1072 2880 et
1100 2823 1228 2879 sine
1258 2823 1831 2890 affectione,minime
1862 2822 2089 2879 habens

436 2935 506 2974 ea
538 2935 662 2987 qua
693 2918 849 2972 dicta
880 2919 1041 2981 sunt,
1071 2929 1259 2985 neque
1314 2918 1599 2986 tanquam
1659 2929 1846 2984 genus
1891 2929 2084 2969 rerum

439 3007 778 3078 ponendum
805 3023 818 3072 ;
844 3021 1058 3074 genera
1071 3004 1227 3059 enim
1259 3003 1500 3058 omnino
1525 3002 1940 3059 dividunturin
1955 3017 2087 3074 spe-

437 3094 580 3160 cies,
610 3093 761 3150 228
795 3093 894 3148 sed
929 3108 1120 3164 neque
1167 3095 1445 3163 punctum
1481 3096 1584 3147 aut
1613 3092 1924 3148 monadem
1958 3107 2090 3163 pro-

437 3185 564 3257 prie
592 3185 856 3252 babens;
889 3183 991 3238 illa
1040 3182 1198 3239 enim
1229 3183 1653 3239 connexionem
1705 3183 1924 3239 habent
1952 3199 2084 3238 cum

436 3273 838 3344 sequentibus.
873 3277 994 3328 Hoc
1025 3275 1223 3327 autem
1283 3275 1374 3327 est
1421 3271 1938 3343 simplicissimum
1987 3288 2092 3328 nec

435 3362 618 3418 ullam
649 3361 1040 3418 diﬂerentiam
1072 3360 1288 3428 habet;
1352 3377 1542 3432 neque
1583 3362 1738 3416 enim
1771 3361 2088 3417 motionem

436 3451 778 3523 quamdam,
813 3467 914 3507 seu
945 3449 1262 3506 stationem
1295 3454 1352 3504 et
1377 3449 1630 3521 quietem
1665 3450 1839 3506 habet
1862 3467 2092 3506 :verum

435 3556 626 3613 neque
658 3541 1042 3596 statuendum
1073 3543 1168 3595 est
1201 3554 1389 3594 unum
1421 3553 1551 3594 esse
1580 3538 1637 3592 id
1671 3540 1828 3610 quod
1859 3543 1970 3605 est,
1993 3539 2092 3594 sed

439 3630 798 3701 principium
832 3634 1100 3684 etsemen
1119 3629 1250 3698 ejus
1281 3629 1435 3699 quod
1469 3631 1593 3696 est;
1618 3645 1754 3682 nam
1776 3629 2096 3684 multitudo

439 3717 773 3772 necessario
806 3732 991 3770 unum
1052 3715 1344 3787 sequitur,
1395 3714 1763 3771 multitudini
1815 3717 1969 3786 quod
2010 3720 2100 3771 est

445 3804 724 3872 adharet,
760 3805 915 3874 quod
949 3819 1090 3859 sane
1121 3804 1180 3858 in
1212 3809 1325 3858 Deo
1358 3821 1471 3859 non
1507 3803 1606 3859 ﬁt:
1642 3821 1776 3859 nam
1798 3803 1861 3856 τὸ
1885 3799 2101 3874 ’o’vquod

441 3903 520 3950 est
550 3891 728 3964 οὐσία,
761 3896 996 3949 essentia
1025 3897 1132 3963 est,
1155 3910 1186 3948 a
1215 3893 1392 3948 verbo
1425 3891 1561 3946 εἶναι
1591 3909 1737 3955 esse;
1769 3898 1923 3948 Deus
1942 3909 2098 3963 vero,

442 3988 502 4040 et
521 4001 704 4054 supra
741 3983 1143 4052 essentiam,et
1175 3999 1355 4053 supra
1384 3982 1442 4036 id
1476 3983 1633 4054 quod
1659 3986 1766 4050 est,
1800 3987 1857 4038 et
1888 3981 2099 4050 ἑνικῶς,

445 4073 812 4144 singulariter
837 4089 938 4144 pro
969 4072 1180 4128 eximie
1209 4077 1266 4128 et
1297 4071 1423 4128 sine
1467 4071 1797 4127 imitatione
1835 4089 2014 4143 supra
2041 4073 2098 4127 id

454 4163 610 4232 quod
638 4166 746 4218 est.
789 4166 941 4218 Deus
967 4162 1124 4217 enim
1143 4160 1365 4230 omnia,
1398 4164 1456 4216 et
1495 4177 1672 4232 super
1702 4160 1922 4216 omnia.
1955 4161 2098 4217 Cum

447 4250 785 4306 mirandum
812 4251 870 4306 in
895 4251 1135 4306 modum
1165 4251 1236 4305 de
1266 4253 1480 4304 natura
1505 4265 1885 4304 numerorum
1911 4249 2099 4306 disse-

2195 590 2312 653 ἐνὸς
2344 591 2660 666 μετέχουσι.

2267 859 2340 914 Τὸ
2399 858 2609 914 πάντων
2663 857 2833 915 α’ίτιον
2895 857 2970 916 ἓν.
3029 861 3141 916 Οὐκ
3197 860 3488 922 ἀπολύτως
3549 861 3627 914 ένὶ
3688 862 3849 916 παντὶ

2192 951 2258 1004 τὰ
2314 949 2484 1005 πάντα
2543 949 2903 1022 συνέστηκεν,
2965 951 3090 1007 ἀλλ’
3146 952 3333 1024 ἐκείνῳ
3396 951 3547 1024 μόνῳ
3603 957 3683 1023 τῷ
3745 950 3847 1019 ἐνὶ,

2267 1040 2310 1093 0(
2340 1040 2360 1056 η
2417 1037 2439 1060 υ
2547 1041 2574 1094 ὁ
2681 1040 2696 1060 \
2788 1061 2801 1074 .
2860 1041 2872 1058 ἱ
3134 1041 3146 1056 1
3195 1038 3218 1060 ﬂ
3441 1042 3451 1058 Ι
3616 1059 3630 1073 ο
3734 1041 3757 1074 ,Ι

2194 1060 2261 1094 κα
2341 1061 2368 1093 o
2420 1061 2494 1110 εν,
2605 1045 2734 1094 Geo:
2791 1061 2875 1095 Ααι
2910 1043 3010 1110 εἷς,
3060 1062 3148 1095 και
3199 1061 3248 1095 εν
3283 1041 3606 1113 ὀνομαζεται
3662 1061 3846 1113 τολτῳ

2192 1131 2292 1205 γὰρ
2320 1129 2470 1201 μόνῳ
2498 1134 2576 1200 τῷ
2637 1130 2712 1183 ένὶ
2767 1132 2832 1184 τά
2875 1127 3004 1185 ὄντα
3051 1129 3217 1185 ἐστίν·
3265 1128 3395 1185 αὐτὸ
3425 1133 3526 1206 γὰρ
3556 1130 3620 1184 τὸ
3674 1126 3851 1202 ὅνομα

2193 1220 2254 1272 τὸ
2283 1215 2336 1272 ἕν
2371 1219 2398 1272 ὁ
2431 1219 2604 1292 λέγων
2650 1221 2787 1273 κατὰ
2818 1219 3084 1294 ἀπόφασιν
3143 1224 3239 1275 τοῦ
3299 1218 3632 1275 πολλαπλοῦ
3681 1223 3849 1273 τοῦτο

2196 1309 2473 1380 σημαίνει·
2503 1308 2565 1362 τὸ
2599 1309 2783 1380 μέντοι
2833 1306 2887 1363 ἓν
2938 1310 3223 1384 αὐτοαρχή
3256 1310 3346 1364 καὶ
3377 1308 3594 1384 πρῶτόν
3629 1308 3740 1362 ἐστι
3769 1313 3851 1379 τῷ

2194 1397 2328 1471 πρός
2357 1397 2409 1450 τί
2439 1417 2555 1458 πως
2586 1393 2755 1472 ἔχειν’
2790 1399 2897 1451 τῶν
2925 1398 3023 1473 γὰρ
3065 1397 3117 1469 ἐξ
3149 1399 3316 1452 αὐτοῦ
3364 1396 3592 1453 πολλων
3645 1394 3847 1450 ἔννοιαν

2195 1484 2418 1561 εἰσάγει.
2468 1491 2644 1540 Ταῦτα
2690 1483 2748 1541 δὲ
2792 1487 2891 1541 οὐκ
2939 1484 3345 1558 έπιτήδειαέπί
3390 1491 3543 1541 Θεοῦο
3600 1491 3853 1541 τοιοῦτον

2197 1573 2252 1630 δέ
2284 1575 2341 1630 ὃν
2396 1575 2561 1648 μόνον
2590 1577 2652 1630 τὸ
2692 1572 2765 1646 ἓν,
2815 1576 3100 1640 παντελῶς
3128 1577 3349 1644 ἀπαθὲς,
3396 1576 3485 1630 καὶ
3517 1573 3848 1650 ἀδιαίρετον,

2194 1664 2286 1718 καὶ
2335 1664 2761 1740 αὐταρκέστατόν
2811 1665 2942 1720 ἐστι’
2995 1666 3131 1720 κατά
3185 1667 3290 1740 γὰρ
3340 1668 3441 1735 τὴν
3474 1665 3638 1720 αὐτοῦ
3686 1664 3848 1743 φύσιν

2195 1751 2361 1828 ἑτέρῳ
2415 1753 2818 1826 συμπλέκεσθαι
2877 1754 2939 1808 οὐ
2997 1754 3253 1830 πέφυκεν,
3301 1754 3482 1830 ὥσπερ
3529 1752 3675 1809 τὸέν
3735 1753 3850 1828 ἀρι-

2196 1849 2358 1916 θμοῖς
2390 1840 2466 1897 ἓν·
2499 1844 2795 1906 ἀπωθεῖται
2825 1845 2925 1919 γὰρ
2955 1845 3016 1899 τὸ
3056 1843 3292 1914 πλῆθος,
3344 1845 3432 1899 καὶ
3487 1851 3657 1898 πᾶσαν
3720 1841 3848 1897 σύν-

2195 1944 2359 2000 θεσιν,
2429 1933 2519 1987 καὶ
2583 1930 2844 2007 διαίρεσιν
2909 1931 3040 1988 αὐτὸ
3095 1934 3158 1988 τὸ
3209 1935 3414 2009 κυρίως
3463 1932 3542 2002 ἓν,
3598 1933 3687 1987 καὶ
3740 1935 3848 2007 πρὸ

2194 2022 2392 2083 παντὸς
2427 2020 2561 2084 ἑνός.
2613 2026 2783 2077 Τοῦτο
2829 2021 2930 2098 γὰρ
2990 2019 3113 2077 οὔτε
3165 2024 3376 2098 μικρὸν,
3437 2021 3562 2078 οὕτε
3623 2021 3847 2096 μέτριον

2193 2111 2462 2167 καλεῖται·
2514 2112 2559 2166 εἷ
2611 2109 2667 2166 δέ
2711 2109 2792 2166 δεῖ
2838 2112 2927 2167 καὶ
2961 2112 3263 2184 τολμῆσαι,
3298 2109 3422 2167 οὕτε
3473 2111 3661 2168 καλὸν.
3724 2109 3849 2166 οὔτε

2196 2201 2412 2276 ἀγαθόν·
2445 2204 2612 2255 ταῦτα
2656 2200 2758 2277 γὰρ
2791 2201 2934 2271 πάθη
2968 2223 3109 2272 πως,
3173 2203 3286 2257 οἷόν
3347 2201 3454 2257 εἶσι
3512 2201 3600 2256 καί
3630 2201 3848 2276 σχέσεις

2195 2290 2284 2344 καὶ
2344 2284 2747 2363 συμϐεϐηκότα.
2799 2287 2942 2346 Αὐτὸ
3002 2287 3059 2345 δέ
3112 2292 3173 2345 τὸ
3229 2288 3283 2345 ἓν
3341 2290 3430 2345 καὶ
3483 2290 3614 2364 ὑπὲρ
3673 2292 3852 2344 πάντα

2196 2384 2418 2433 νοεῖται·
2451 2379 2518 2432 τὰ
2549 2375 2606 2432 δὲ
2633 2378 2804 2448 πάθη,
2839 2379 2914 2441 ὡς
2942 2380 3004 2433 τὸ
3058 2379 3294 2454 μικρὸν,·
3318 2380 3407 2434 καὶ
3461 2380 3698 2454 μέτριον,
3761 2377 3855 2432 καὶ

2199 2468 2292 2523 σὺν
2337 2465 2496 2539 ἄλλῳ
2547 2470 2824 2540 νοοῦντας,
2864 2466 2956 2522 καὶ
3013 2465 3136 2522 οὔτε
3184 2467 3333 2522 ἀπλᾶ
3365 2466 3453 2522 διὰ
3481 2472 3664 2532 τοῦτο,
3727 2464 3854 2521 οὔτε

2198 2554 2551 2632 στοιχειώδη.
2589 2557 2666 2613 Τὸ
2703 2554 2758 2612 ἓν
2809 2557 2921 2626 οὗν,
2971 2557 3044 2619 ὡς
3085 2555 3316 2631 εἴρηται,
3352 2555 3483 2630 ὅπερ
3515 2553 3723 2611 ἁπλοῦν
3757 2556 3850 2609 καὶ

2196 2646 2420 2714 ἀπαθές,
2453 2647 2528 2717 μὴ
2571 2639 2698 2720 ἕχον
2730 2646 2797 2699 τά
2848 2644 3135 2721 λεχθέντα,
3185 2644 3306 2701 οὔτε
3349 2643 3424 2706 ὡς
3483 2646 3635 2719 γένος
3667 2645 3847 2699 θετέον

2195 2740 2301 2789 τῶν
2355 2731 2561 2790 ὅντων·
2615 2735 2683 2789 τὰ
2741 2732 2800 2788 δὲ
2855 2735 2982 2810 γένη
3034 2737 3244 2797 πάντως
3305 2733 3590 2810 διαιρεῖται
3652 2734 3728 2796 εἷς
3788 2735 3857 2788 τὰ

2198 2821 2339 2896 εἴδη,
2370 2821 2496 2877 ἀλλ’
2531 2821 2653 2878 οὔτε
2683 2825 2941 2898 στιγμὴν,
2974 2825 3010 2894 ἢ
3047 2823 3253 2896 μονάδα
3281 2824 3502 2899 κυρίως·
3531 2824 3716 2898 σχέσιν
3750 2824 3856 2897 γὰρ

2197 2909 2314 2988 ἔχει
2361 2916 2530 2967 ταῦτα
2581 2913 2717 2988 πρὸς
2774 2913 2840 2968 τὰ
2880 2912 3089 2992 ἐφεξῆς.
3120 2915 3194 2971 Τὸ
3227 2911 3283 2969 δέ
3341 2913 3480 2968 ἐστιν
3536 2912 3858 2966 ἁπλούστα-

2196 3022 2311 3068 τον,
2343 3001 2432 3055 καὶ
2466 2998 2588 3056 οὔτε
2645 3001 2766 3075 μίαν
2821 2999 3080 3080 διαφορὰν
3133 3002 3283 3078 ἔχον·
3336 3001 3457 3057 οὕτε
3481 3002 3582 3078 γὰρ
3639 3000 3853 3070 κίνησίν

2197 3110 2343 3160 τινα,
2372 3092 2462 3145 καὶ
2521 3089 2725 3158 στάσιν,
2784 3093 2896 3145 οἷον
2942 3091 3174 3166 ἠρεμίαν
3228 3088 3363 3167 ἔχει·
3421 3089 3546 3146 ἀλλ’
3607 3088 3733 3144 οὔτε
3791 3090 3848 3143 ὃν

2203 3178 2379 3243 θετέον
2409 3179 2538 3234 αὐτὸ
2567 3180 2630 3234 τὸ
2658 3177 2736 3251 ἓν,
2771 3177 2917 3234 ἀλλὰ
2947 3181 3126 3256 ἀρχὴν
3170 3176 3320 3242 ὄντος
3349 3181 3438 3234 καὶ
3471 3179 3704 3254 σπέρμα.
3768 3177 3860 3251 Τῷ

2124 3251 2165 3318 C
2205 3267 2261 3324 δέ
2293 3266 2405 3324 ὄντι
2439 3269 2653 3339 πλῆθος
2685 3269 2736 3340 ἐξ
2767 3251 3372 3346 ἀνάγκηςηπαρέπεται,
3419 3275 3500 3342 τῷ
3542 3251 3742 3338 ττληθω
3792 3268 3855 3322 τὸ

2202 3360 2259 3415 ὃν
2306 3360 2676 3435 προσγίνεται,
2720 3357 2852 3435 ὅπερ
2885 3359 2982 3414 οὐκ
3012 3355 3152 3415 ἔστιν
3179 3359 3266 3414 ἐπὶ
3299 3364 3451 3415 θεοῦ.
3503 3361 3573 3414 Τὸ
3625 3360 3731 3433 γὰρ
3792 3355 3852 3412 ’ὸν

2205 3446 2360 3502 οὒσία
2410 3447 2569 3518 ἐστέν,
2627 3448 2731 3502 ἀπὸ
2775 3453 2872 3504 τοῦ
2918 3451 3070 3506 εἶναι.
3118 3451 3180 3504 Ὁ
3227 3447 3284 3504 δὲ
3309 3451 3436 3510 Θεὸς
3479 3447 3569 3503 καί
3629 3447 3862 3521 ὑπερού-

2206 3556 2345 3607 σιος,
2396 3538 2484 3592 καὶ
2532 3538 2662 3613 ὑπὲρ
2719 3538 2781 3592 τὸ
2831 3539 2912 3608 ὃν,
2944 3537 3034 3592 καὶ
3067 3538 3254 3599 ἑνικῶς
3285 3538 3401 3592 ἀντὶ
3430 3542 3526 3591 τοῦ
3572 3535 3863 3611 ἐξαιρέτως

2205 3627 2293 3682 καὶ
2343 3628 2638 3700 ἀμιμήτως
2691 3627 2822 3703 ὑπὲρ
2880 3628 2942 3681 τὸ
2999 3628 3077 3681 ὃνο
3137 3629 3164 3681 6
3221 3627 3321 3702 γὰρ
3381 3628 3510 3688 Θεὸς
3561 3625 3628 3681 τὰ
3684 3626 3858 3679 πάντα

2207 3716 2316 3770 ἐστὶ
2367 3716 2457 3770 καὶ
2493 3717 2623 3790 ὑπὲρ
2670 3717 2860 3772 πάντα.
2915 3716 3237 3790 Θαυμασίως
3299 3715 3388 3771 οὖν
3441 3717 3508 3770 τά
3556 3716 3680 3789 περὶ
3740 3715 3857 3790 ἀρι-

2210 3811 2360 3878 θμῶν
2409 3804 2844 3882 φυσιολογήσας.
2897 3803 3004 3861 Κᾶν
3059 3806 3233 3880 τριὰς,
3286 3804 3493 3880 ἐπάγει,
3541 3802 3639 3858 κᾶν
3696 3805 3864 3875 μονὰς

2213 3895 2460 3967 ὑμνεῖται
2509 3897 2542 3964 ἡ
2593 3895 2727 3970 ὑπὲρ
2759 3894 2931 3949 πάντα
2960 3894 3182 3963 Θεότης,
3214 3890 3337 3948 οὔτε
3383 3893 3536 3967 τριὰς
3588 3892 3712 3948 οὔτε
3766 3913 3864 3965 μο⁶

2210 3983 2302 4045 νάς
2330 3982 2494 4055 ἐστιν,
2543 3986 2576 4053 ἡ
2627 3985 2753 4058 παρ’
2785 3982 2945 4056 ἡμῶν
2977 3981 3045 4038 δι’
3094 3983 3341 4058 ἀριθμῶν
3393 3983 3802 4058 γνωριζομένη,
3831 3983 3865 4049 ἦ

2210 4073 2336 4144 παρ’
2394 4074 2599 4145 έτέρου’
2669 4072 2795 4128 ἀλλ’
2861 4072 2992 4148 ὑπὲρ
3063 4073 3236 4126 πάντα
3281 4075 3406 4126 νοῦν
3461 4074 3547 4125 καὶ
3608 4067 3720 4126 ἔστι
3777 4071 3868 4125 καὶ

2217 4161 2540 4234 ὀνομάζεται
2570 4163 2596 4216 6
2624 4163 2775 4223 Θεὸς’
2813 4159 2901 4215 διὰ
2929 4161 3027 4236 γὰρ
3059 4166 3156 4216 τοῦ
3189 4160 3354 4215 εἰπεῖν
3402 4159 3534 4235 ὅπερ
3584 4157 3684 4214 οὔκ
3735 4156 3867 4227 ἔστι,

2210 4253 2440 4321 νοοῦμεν
2473 4248 2502 4303 6'
2531 4249 2582 4303 τί
2616 4249 2754 4304 ἐστιν
2790 4251 2817 4304 6
2846 4251 2998 4311 Θεὸς.

447 4340 686 4410 ruisset,
720 4341 884 4395 addit
919 4358 930 4395 :
966 4339 1085 4394 Etsi
1118 4338 1396 4409 Trinitas,
1425 4339 1535 4394 etsi
1567 4337 1763 4394 unitas
1793 4337 2064 4394 laudetur
2097 4357 2226 4412 quae
2257 4357 2437 4413 supra
2462 4339 2661 4396 omnia
2682 4341 2892 4410 deita,
2917 4357 3106 4412 neque
3136 4340 3419 4406 Trinitas,
3449 4355 3637 4412 neque
3671 4339 3871 4396 unitas

447 4434 555 4500 est,
587 4447 714 4501 quaa
747 4447 780 4484 a
808 4429 978 4486 nobis
1010 4430 1069 4483 in
1102 4428 1362 4483 numeris
1393 4427 1756 4499 agnoscitur,
1774 4433 1876 4483 aut
1906 4429 1977 4484 ab
1998 4429 2110 4484 alio
2139 4446 2276 4496 ;seu
2310 4447 2489 4502 supra
2520 4445 2754 4486 omnem
2786 4434 3044 4487 mentem
3079 4434 3190 4499 est,
3217 4435 3273 4486 et
3305 4430 3644 4486 nominatur
3673 4429 3870 4485 Deus;

451 4519 695 4573 dicendo
717 4518 874 4573 enim
908 4518 1064 4588 quod
1089 4533 1204 4572 non
1236 4522 1344 4584 est,
1373 4515 1764 4587 intelligimus
1803 4518 1943 4589 quid
1978 4517 2054 4574 sit
2084 4518 2259 4575 Deus.

523 4625 693 4694 Atque
722 4639 897 4678 unum
951 4623 1129 4694 ipsum
1186 4623 1337 4694 quod
1393 4629 1470 4678 est
1502 4623 1854 4678 determinat.
1916 4624 2091 4680 Deum

2281 4622 2838 4680 Κκνςιηη
3181 4628 3284 4658 .._
3431 4624 3863 4656 ητις...

2335 4647 2386 4679 αι
2419 4647 2549 4680 αυτο
2607 4647 2668 4680 το
2719 4647 2769 4679 εν
2818 4647 2875 4680 ον
2929 4625 3134 4700 ὁρίζον.
3207 4628 3307 4682 Ο.ι
3355 4645 3444 4679 και
3493 4644 3626 4697 υπιρ
3658 4645 3720 4678 το
3753 4645 3810 4678 ον
3844 4645 3870 4677 o

453 4731 581 4773 esse
613 4730 792 4786 supra
823 4715 879 4769 id
912 4714 1066 4785 quod
1097 4718 1206 4778 est,
1231 4730 1363 4769 cum
1399 4713 1475 4769 sit
1497 4715 2104 4788 omnia,atqueipsius

452 4803 681 4862 numeri
715 4804 985 4859 conditor
1016 4808 1073 4858 et
1103 4803 1467 4859 adinventor.

522 4895 602 4949 Ad
656 4909 951 4948 numerum
1005 4897 1235 4964 spectat,
1293 4889 1579 4966 ἐνάριθμόν
1639 4891 1769 4950 ἐστι.
1818 4894 1964 4950 Nota
1994 4893 2103 4949 ἐνᾶ·

452 4981 642 5054 ριθμον
680 4981 1211 5038 manil’estationem
1270 4980 1499 5035 numeri
1559 4981 1930 5053 signiﬁcare;
1972 4999 2104 5054 ergo

453 5088 638 5126 unum
671 5071 729 5126 in
765 5069 1032 5140 rebus,id
1065 5075 1153 5126 est
1185 5069 1240 5124 in
1275 5069 1560 5125 creaturis
1590 5071 1870 5142 positum,
1905 5087 2108 5128 secun.

455 5161 595 5214 dum
622 5161 849 5216 numeri
872 5164 1218 5230 conceptum
1252 5174 1353 5213 seu
1388 5157 1672 5213 rationem
1704 5161 1962 5229 ponitur.

524 5269 641 5323 Non
673 5273 748 5323 est
778 5269 984 5324 unitas.
1017 5265 1146 5321 Noli
1179 5265 1527 5337 simpliciter
1585 5281 1688 5322 seu
1731 5266 2109 5339 singulariter

455 5358 682 5426 audire,
739 5357 884 5413 illud
930 5372 1041 5413 non
1097 5364 1175 5412 est
1224 5357 1410 5411 unitas
1462 5371 1637 5426 neque
1688 5357 1946 5418 trinitas;
2004 5359 2106 5412 sed

453 5447 616 5503 illius
638 5465 752 5503 non
811 5453 892 5503 est
945 5451 1220 5503 construe
1275 5463 1411 5502 cum
1445 5442 1808 5518 διεγνωσμένη
1852 5449 2108 5518 cognita;

454 5553 647 5594 sermo
680 5538 838 5593 enim
893 5554 1009 5592 non
1069 5536 1195 5592 vult
1255 5536 1654 5592 condemnare
1708 5553 1833 5609 quae
1893 5536 1976 5593 ita
2006 5554 2108 5610 pro

461 5628 727 5685 confesso
761 5627 1073 5698 habentur,
1105 5628 1205 5684 sed
1239 5626 1422 5682 Deum
1475 5642 1605 5684 esse
1639 5626 2106 5698 investigabilem

460 5719 647 5773 docet.

2215 4713 2366 4782 Θεὸς,
2401 4714 2475 4775 ὡς
2505 4713 2677 4767 πάντα
2701 4712 2985 4789 ὑπάρχων,
3012 4714 3102 4769 καὶ
3133 4711 3293 4777 αὐτὸς
3321 4717 3416 4768 τοῦ
3439 4712 3678 4788 ἀριθμοῦ
3705 4732 3869 4782 ποιη-

2213 4803 2312 4871 τὴς
2343 4803 2431 4857 καὶ
2462 4801 2751 4879 ἐφευρετὴς
2781 4803 3070 4879 ὑπάρχων.

2287 4891 2610 4967 Ἐνάριθμόν
2665 4891 2818 4950 ἐστιν
2858 4891 3174 4966 Σημείωσαι
3254 4893 3337 4948 ὅτι
3408 4893 3470 4946 τὸ
3549 4889 3867 4965 ἐνάριθμον,

2215 4980 2451 5056 ἀριθμοῦ
2500 4978 2741 5052 δήλωσιν
2791 4979 3077 5055 σημαίνει·
3131 4977 3218 5036 ἐπὶ
3282 4986 3389 5036 τῶν
3463 4975 3634 5034 ὄντων
3689 4979 3868 5034 τοίνυν

2213 5070 2456 5126 τουτέστι
2517 5075 2625 5126 τῶν
2681 5072 3038 5144 κτισμάτων,
3109 5072 3170 5125 τὸ
3223 5065 3277 5125 ἕν
3338 5069 3682 5143 ἐντιθέμενον
3739 5071 3871 5124 κατὰ

2218 5161 2454 5236 ἀριθμοῦ
2484 5154 2693 5216 ἔννοιαν
2725 5162 2953 5225 τίθεται.

2287 5265 2359 5320 Οὐ
2459 5263 2483 5286 ”
2703 5265 2795 5321 ·’δὲ
2968 5268 2979 5286 ’
3105 5267 3188 5325 It‘
3366 5269 3393 5281 ”
3521 5267 3534 5283 “
3647 5267 3660 5285 ’
3766 5263 3789 5284 ”
3857 5289 3865 5301 '

2363 5289 2396 5321 κ
2458 5289 2598 5323 εστιν
2669 5289 2730 5322 ο.)
2846 5288 3034 5339 μονας.
3133 5270 3197 5338 in
3245 5265 3437 5328 ἀπλως
3483 5288 3543 5320 το
3602 5287 3705 5321 ουκ
3764 5288 3868 5322 εστ.

2221 5355 2412 5430 μονὰς,
2469 5354 2594 5411 οὐδὲ
2621 5356 2774 5432 τριὰς
2809 5354 3118 5431 έξακοῦσῃς,
3151 5353 3300 5412 ἀλλὰ
3356 5357 3492 5431 πρὸς
3520 5356 3603 5425 τὸ,
3647 5353 3864 5432 διεγνω-

2220 5447 2416 5518 σμένη,
2449 5445 2702 5517 σύνταξον
2730 5445 2791 5500 τὸ
2823 5445 2923 5501 οὐκ
2953 5443 3114 5501 ἔστιν·
3154 5445 3214 5500 οὐ
3249 5446 3352 5521 γὰρ
3401 5444 3606 5500 ἀνελεῖν
3656 5446 3726 5500 τὰ
3772 5447 3864 5511 τῆς

2217 5535 2475 5606 τοιαύτης
2527 5531 2849 5612 ὁμολογίας,
2883 5533 3029 5590 ἀλλά
3055 5537 3118 5590 τὸ
3145 5533 3552 5608 ἀνεξιχνίαστον
3615 5536 3642 5588 ὁ
3706 5531 3865 5606 λόγος

2219 5621 2425 5696 διδάξαι
2461 5623 2738 5702 βούλεται.
