4062 6366
228 388 331 443 413

994 387 1051 438 S.
1093 383 1367 438 MAXIMI
1404 383 1712 437 SCHOLIA
1749 382 1822 435 IN
1861 380 1994 433 LIB.
2036 382 2132 433 DE
2171 382 2444 436 DIVINIS
2483 379 2894 439 NOMINIBUS.

3551 388 3658 449 414

301 509 398 565 Καὶ
454 509 522 563 τὸ
580 507 837 582 θεογόνον
896 505 1141 575 ἀληθῶς.
1175 505 1248 561 Τὸ
1291 503 1541 579 θεογόνον
1602 501 1736 577 φησὶ
1797 499 1880 571 δη-

2085 504 2186 558 L‘ei
2210 504 2612 576 fecunditatem
2641 512 2693 560 et
2724 522 2865 561 vere.
2898 506 3049 562 Dicit
3089 508 3346 564 divinam
3396 510 3663 566 iocundi-

230 601 454 656 λοῦσθαι
487 598 550 653 ἐκ
578 605 679 667 τῆς
712 596 1003 670 ὀνομασίας
1030 602 1130 664 τῆς
1176 590 1412 669 Τριάδος
1445 612 1458 625 ⁸
1486 591 1579 648 ’ἱνα
1620 592 1723 667 γὰρ
1774 612 1881 646 πα-

227 693 392 765 ραστῇ
448 692 560 743 τῶν
614 685 997 757 ἀνεκλαλήτων
1051 684 1393 739 ὑποστάσεων
1446 685 1480 753 ἠ
1530 681 1880 759 προσκυνητὴ

227 779 498 858 ἐκφανσις,
531 778 561 833 6
606 776 836 852 ἀριθμὸς
890 774 1184 846 ἐπενοήθη,
1212 775 1350 829 καθά
1400 794 1533 851 φησι
1582 770 1881 838 Βασίλειος,

226 870 310 923 καὶ
341 868 395 922 οἱ
427 872 569 930 θεῖοι
602 866 923 943 Γρηγόριοι.
959 863 1191 938 Γόνιμον
1224 861 1280 919 δὲ
1326 864 1417 918 τὸν
1479 861 1691 938 Πατέρα
1717 881 1883 915 κατα-

225 961 545 1033 χρηστικῶς
620 956 927 1028 ὠνόμασεν,
985 954 1076 1009 dite
1148 952 1239 1009 καὶ
1324 955 1704 1027 προσκωητοῦ
1757 951 1884 1004 Υἱοῦ

226 1046 457 1121 Πατέρα,
520 1046 610 1101 καὶ
663 1042 761 1101 τοῦ
818 1045 1311 1119 συμπροσκυνητοῦ
1368 1041 1557 1102 αὐτοῖς
1622 1037 1883 1113 παναγίου

225 1134 547 1208 Πνεῦματος
574 1135 789 1208 πηγήν.
825 1133 1136 1205 Γονιμότης
1168 1128 1282 1199 οῦν,
1316 1132 1349 1199 ἢ
1382 1127 1563 1206 ἕτερόν
1607 1150 1659 1184 τι
1710 1124 1884 1200 ὄνομα.

225 1228 327 1280 τῶν
392 1224 857 1298 συνεγνωσμένων
918 1221 1249 1294 ἀνθρώποις,
1306 1220 1340 1289 ἢ
1389 1218 1480 1274 καὶ
1531 1217 1717 1278 αὐταῖς
1768 1221 1886 1278 ταῖς

226 1318 448 1385 νοηταῖς
509 1309 820 1386 δυνάμεσιν,
872 1311 974 1367 οὐκ
1029 1308 1089 1364 ἂν
1148 1311 1513 1387 παραστήσειε
1558 1312 1767 1381 τρανῶς
1819 1305 1887 1360 τὰ

228 1403 298 1464 ὥς
331 1402 469 1457 εἶσιν
516 1401 577 1457 ἐκ
606 1402 822 1456 πάντων
877 1398 1336 1476 ἀποκεκρυμμένα
1393 1403 1489 1452 τοῦ
1539 1400 1672 1451 Θεοῦ
1706 1415 1719 1429 ⁸
1770 1399 1885 1456 πῶς

222 1492 318 1568 γὰρ
385 1488 614 1545 δυνατὸν
672 1489 940 1562 ὀνομάσαι
1001 1488 1109 1543 ἀπό
1166 1508 1315 1549 τινος
1399 1491 1506 1541 τῶν
1570 1482 1738 1540 ὄντων
1792 1485 1882 1539 τὸν

224 1582 372 1647 Θεὸν,
406 1582 550 1653 μήτε
578 1599 631 1633 τι
662 1583 769 1635 τῶν
797 1580 1013 1634 πάντων
1048 1574 1198 1645 ὄντα,
1231 1574 1379 1632 ἀλλά
1426 1576 1514 1631 καὶ
1550 1576 1681 1651 ὑπὲρ
1714 1573 1886 1629 πάντα

223 1670 287 1726 τὰ
318 1665 451 1723 ὄντα
478 1688 493 1739 ;

292 1755 439 1815 Οὐδὲ
512 1751 692 1830 ὄνομα
767 1757 939 1825 αὐτῆς
1013 1754 1146 1811 ἐστι.
1202 1753 1397 1816 Καλῶς
1446 1755 1473 1808 6
1523 1758 1667 1817 θεῖος
1726 1753 1883 1813 οὗτος

2014 594 2198 648 tatem
2227 593 2512 650 declarari
2539 611 2607 652 ex
2636 594 3026 667 appellatione
3056 596 3384 653 Trinitatis.
3410 596 3481 654 Ut
3503 599 3659 655 enim

2001 682 2710 740 adorandaineﬂ'abilium
2736 684 3260 749 subsistentiarum
3292 688 3660 744 demonstra-

1999 770 2081 826 tio
2115 778 2639 845 representaretur,
2673 789 2957 830 numerus
2987 776 3346 845 excogitatus
3367 780 3476 847 est,
3503 778 3659 834 sicut

2000 860 2142 917 dicit
2173 862 2427 919 Basilius
2444 867 2501 919 et
2520 863 2702 919 divini
2725 863 3007 933 Gregorii.
3038 867 3270 920 Patrem
3294 882 3425 922 vero
3454 868 3659 924 fecun-

1996 949 2139 1003 dum
2170 947 2411 1005 abusive
2433 950 2766 1023 appellavit,
2792 954 3074 1023 tanquam
3095 952 3378 1008 adorandi
3420 971 3655 1027 quoque

2002 1036 2133 1091 Filii
2164 1038 2513 1109 genitorem,
2549 1043 2606 1095 et
2637 1039 2817 1096 simul
2852 1057 2989 1095 cum
3023 1040 3171 1112 ipsis
3200 1042 3482 1097 adorandi
3526 1044 3656 1116 Spi-

2001 1125 2152 1181 ritus
2182 1128 2369 1182 sancti
2398 1127 3004 1185 fontem.Fecunditas
3027 1129 3228 1202 igitur,
3244 1129 3403 1185 aliud
3424 1132 3655 1203 aliquod

1996 1231 2209 1271 nomen
2236 1215 2575 1273 hominibus
2608 1223 2839 1291 notum,
2873 1222 2975 1274 aut
3004 1218 3182 1274 etiam
3233 1219 3381 1292 ipsis
3430 1220 3655 1277 intelli-

2001 1304 2283 1376 gibilibus
2315 1305 2637 1363 virtutibus
2664 1323 2766 1362 seu
2799 1307 3047 1381 angelis,
3080 1324 3195 1363 non
3247 1313 3448 1381 posset
3500 1310 3656 1365 clare

2000 1393 2271 1451 exhibere
2301 1394 2403 1449 Dei
2432 1395 2778 1452 abscondita
2809 1397 3118 1454 sicutsunt
3144 1415 3157 1465 ;
3182 1399 3475 1469 quomodo
3495 1399 3650 1454 cnim

1996 1482 2169 1554 Deus,
2205 1483 2307 1555 qui
2338 1484 2485 1540 nihil
2518 1502 2713 1541 rerum
2744 1490 2855 1553 est,
2883 1487 2985 1541 sed
3016 1504 3199 1558 supra
3219 1504 3426 1544 omnes
3447 1504 3649 1557 res,ex

1997 1571 2197 1644 aliqua
2228 1588 2289 1629 re
2322 1590 2536 1630 nomen
2567 1574 2828 1648 accipere
2854 1582 3054 1647 posset
3079 1575 3101 1631 ?

2064 1753 2248 1826 Neque
2276 1754 2394 1825 ejus
2424 1769 2623 1811 nomen
2650 1762 2749 1811 est.
2782 1755 3027 1812 Divinus
3059 1756 3154 1813 hic
3179 1759 3331 1815 229
3382 1757 3473 1814 vir
3507 1759 3654 1815 bene

226 1847 354 1921 ἀνὴρ
388 1844 563 1920 λέγει,
599 1845 681 1899 ὅτι
714 1842 842 1900 οὐδὲ
870 1846 931 1899 τὸ
965 1840 1143 1917 ὄνομα
1191 1842 1357 1913 αὐτῆς
1415 1842 1581 1913 ἐστιν,
1613 1839 1739 1897 οὐδέ
1789 1839 1880 1895 λό-

2006 1840 2146 1897 dicit
2174 1859 2187 1899 :
2219 1858 2411 1915 neque
2440 1843 2571 1913 ejus
2602 1859 2816 1899 nomen
2849 1848 2958 1915 est,
2992 1861 3183 1917 neque
3214 1845 3400 1918 ratio;
3434 1848 3535 1904 sed
3592 1848 3653 1904 in

227 1957 346 2010 γος,
380 1932 537 1990 ἀλλά
592 1934 643 1990 ἐν
699 1929 922 1996 ἀϐάτοις
983 1932 1264 2008 ἐξῄρηται,
1300 1931 1361 1987 οὐ
1419 1934 1634 1999 τόποις,
1672 1932 1747 2004 μὴ
1806 1928 1891 2006 γέ-

227 2044 377 2080 νοιτο
406 2024 419 2080 i
456 2020 607 2078 ἀλλά
654 2020 949 2097 λογισμοῖς
980 2021 1070 2076 καὶ
1126 2020 1527 2111 ἐνθυμήσεσινᾉ·
1563 2015 1764 2081 ἄϐατος
1792 2039 1895 2111 γαρ

219 2114 398 2168 παντὶ
431 2118 513 2184 νῷ
535 2111 627 2167 καὶ
688 2112 978 2184 ἐνθυμήσει
1040 2112 1067 2165 6
1119 2111 1243 2185 περὶ
1303 2114 1435 2165 Θεοῦ
1494 2109 1676 2185 λόγος.
1709 2110 1779 2163 Τὸ
1838 2105 1897 2162 δὲ

220 2205 358 2276 μήτε
427 2198 615 2274 ὄνομα
673 2201 842 2256 αὐτοῦ
904 2200 1060 2272 εἶναι,
1092 2198 1278 2263 καλῶς
1325 2200 1415 2253 καὶ
1464 2196 1896 2258 εὖαπαλλάκτως

214 2292 416 2363 νόησον
458 2310 472 2325 ⁸
508 2292 578 2347 τὰ
626 2290 727 2366 γὰρ
765 2286 894 2346 ὄντα
924 2289 1095 2345 πάντα
1144 2290 1231 2344 καὶ
1268 2286 1338 2343 δι’
1371 2288 1654 2362 ὀνομάτων
1686 2288 1775 2342 καὶ
1809 2284 1896 2341 διὰ

216 2381 564 2459 πραγμάτων
623 2384 943 2455 γνωστικῶν
1025 2380 1408 2451 σημαίνονται.
1469 2383 1632 2432 Ποῖον
1717 2375 1892 2432 τοίνυν

217 2468 395 2544 ὄνομα
435 2471 473 2539 ἦ
508 2474 741 2546 πρᾶγμα
768 2468 998 2525 δυνατὸν
1033 2468 1296 2531 ἐπιθεῖναι
1323 2468 1403 2537 τῷ
1447 2472 1587 2539 Θεῷ,
1615 2470 1695 2538 τῷ
1756 2466 1889 2541 ὑπὲρ

217 2563 388 2615 πάντα
417 2559 487 2615 τὰ
518 2554 649 2614 ὄντα
680 2558 1024 2633 ἐξῃρημένῳ,
1058 2557 1149 2611 καὶ
1179 2555 1510 2627 πεποιηκότι
1561 2557 1631 2611 τὰ
1687 2555 1887 2626 πάντα,

216 2651 304 2703 καὶ
355 2648 521 2720 αἰτίῳ
568 2652 675 2703 τῶν
727 2646 942 2701 πάντων
975 2666 987 2716 ;
1018 2647 1112 2701 Διὸ
1165 2645 1254 2701 καὶ
1286 2647 1384 2715 τὴν
1421 2643 1728 2722 ἀγαθότητα
1790 2643 1885 2698 αὖ·

210 2740 307 2807 τὴν
364 2738 400 2808 ἢ
445 2737 512 2792 τὸ
562 2736 731 2792 καλόν
769 2758 931 2815 φησιν
981 2737 1008 2791 6
1050 2740 1194 2801 θεῖος
1251 2737 1408 2799 οὗτος
1466 2736 1746 2799 Διονύσιος
1805 2736 1880 2807 μή

216 2826 422 2903 κυρίως
479 2826 787 2905 ἐφαρμόσαι
835 2826 982 2897 αῦτῷ
1027 2830 1105 2897 τῷ
1135 2828 1273 2896 Θεῷ,
1308 2822 1495 2894 ἐπειδὴ
1548 2824 1638 2878 καὶ
1690 2824 1743 2879 ἐν
1772 2829 1889 2888 τοῖς

221 2914 366 2970 οὖσιν
398 2916 745 2991 εὑρίσκονται
795 2915 983 2970 ταῦτα.
1022 2914 1119 2968 Καὶ
1170 2912 1427 2988 ἀνωτέρω
1483 2912 1656 2977 οὕτως
1717 2914 1885 2988 εὑρή-

222 3026 348 3078 σεις,
378 3003 464 3060 ὅτι
496 3008 663 3058 ταῦτα
691 3004 757 3058 τὰ
806 3006 952 3073 πάθη
996 3003 1086 3057 καὶ
1148 2997 1533 3075 συμϐεϐηκότα
1570 3002 1880 3077 λογίζονται

221 3092 266 3147 ἐν
298 3099 418 3155 τοῖς
451 3092 621 3164 οῦσιν,
657 3094 790 3168 ὅπερ
827 3094 927 3147 οὐκ
952 3087 1095 3147 ἔστιν
1131 3091 1220 3146 ἐπὶ
1270 3096 1405 3147 Θεοῦ
1456 3096 1553 3146 τοῦ
1617 3093 1883 3168 ὑπερανα-

220 3177 520 3254 ϐεϐηκότος
550 3183 787 3238 πάντων.

2008 1930 2081 1986 iis
2113 1933 2185 1987 ad
2211 1948 2342 2003 quae
2372 1932 2569 1988 aditus
2603 1949 2717 1988 non
2749 1937 2927 2005 patet,
2957 1940 3186 1991 secreta
3204 1940 3312 2006 est,
3337 1953 3455 1992 non
3485 1936 3650 2008 locis,

2007 2019 2197 2077 absit!
2267 2021 2370 2077 sed
2438 2021 2987 2079 ratiocinationibus
3054 2028 3113 2079 et
3172 2025 3652 2097 cogitationibus.

2003 2114 2202 2166 Sermo
2234 2110 2390 2166 enim
2423 2112 2494 2166 de
2517 2111 2634 2167 Deo
2667 2111 3007 2169 inaccessus
3038 2118 3125 2169 est
3156 2114 3319 2170 omni
3359 2115 3542 2171 menti
3600 2121 3657 2172 et

2006 2198 2374 2271 cogitationi.
2406 2199 2585 2255 Porro
2616 2199 2784 2265 illud,
2818 2216 3009 2272 neque
3041 2204 3170 2273 ejus
3228 2219 3446 2260 nomen
3505 2221 3654 2275 esse,

2002 2287 2149 2343 bene
2182 2291 2238 2343 et
2267 2287 2542 2344 distincte
2573 2288 2834 2362 intellige
2860 2308 2874 2360 ;
2900 2307 3035 2345 nam
3072 2291 3273 2347 omnia
3314 2309 3441 2363 quae
3490 2298 3652 2364 sunt,

2002 2376 2347 2432 nominibus
2379 2380 2436 2433 et
2466 2377 2797 2433 actionibus
2831 2380 3241 2452 cognationem
3285 2381 3651 2452 parientibus

2001 2464 2427 2537 signiﬁcantur.
2454 2466 2632 2531 Quale
2663 2466 2845 2539 igitur
2885 2484 3122 2537 nomen,
3173 2472 3277 2525 aut
3329 2470 3478 2525 actio
3536 2476 3649 2527 Deo

1998 2554 2220 2627 imponi
2250 2553 2487 2627 poterit,
2519 2558 2620 2628 qui
2651 2555 2721 2611 ab
2748 2556 3025 2613 omnibus
3049 2575 3176 2628 quas
3203 2562 3344 2614 sunt
3361 2564 3647 2632 secretus,

1997 2647 2054 2699 et
2082 2643 2349 2700 omnium
2380 2645 2671 2714 conditor,
2703 2662 2769 2701 ac
2798 2646 3063 2702 omnium
3097 2651 3187 2703 est
3210 2652 3431 2705 auctor.
3458 2652 3647 2713 Quare

1997 2732 2232 2789 divinus
2264 2733 2361 2789 hic
2388 2733 2701 2806 Dionysius
2729 2734 2872 2790 dicit
2918 2736 3106 2807 ipsam
3165 2736 3486 2793 bonitatem
3544 2744 3647 2794 aut

1995 2821 2312 2893 pulchrum
2336 2839 2453 2877 non
2476 2823 2707 2894 proprie
2730 2823 2844 2878 Deo
2867 2826 3194 2898 convenire,
3217 2827 3496 2897 quoniam
3522 2826 3642 2881 haec

1993 2911 2171 2967 etiam
2203 2911 2260 2965 in
2296 2912 2469 2968 rebus
2499 2910 2879 2968 inveniuntur
2908 2931 2921 2969 :
2954 2918 3012 2969 et
3042 2915 3316 2986 superius
3346 2915 3431 2970 ita
3476 2932 3640 2987 repc-

1992 3001 2131 3068 rias,
2168 3001 2501 3057 affectiones
2531 3002 2639 3057 has
2670 3007 2727 3057 et
2792 3003 3119 3060 accidentia
3166 3005 3527 3060 considerari
3575 3005 3634 3060 in

1990 3090 2188 3158 rebus,
2222 3091 2378 3161 quod
2429 3107 2545 3146 non
2605 3090 2737 3147 licet
2793 3092 2853 3147 in
2899 3097 3013 3149 Deo
3073 3094 3172 3165 qui
3230 3094 3428 3151 omnia
3480 3097 3638 3149 tran-

1990 3179 2237 3235 scendit.

283 3246 462 3328 ’Ᾰλλά
521 3272 677 3343 πόθῳ
732 3274 829 3326 τοῦ
894 3275 1058 3328 νοεῖν.
1117 3270 1466 3344 Σημείωσαι,
1516 3270 1719 3346 ὡραῖόν
1770 3291 1879 3347 φη-

2063 3268 2169 3323 Sed
2196 3267 2463 3325 desiderio
2493 3268 2863 3338 intelligendi.
2895 3272 3064 3341 Nota,
3090 3276 3331 3328 venuste
3349 3274 3452 3343 ait,
3479 3273 3637 3329 theo-

214 3383 311 3429 σιν,
343 3360 427 3415 ὅτι
479 3358 568 3415 διὰ
616 3360 678 3415 τὸ
731 3358 878 3421 ὅλως
911 3362 1057 3414 νοεῖν
1090 3379 1169 3429 τι,
1202 3357 1293 3414 καὶ
1339 3358 1514 3434 λέγειν
1547 3360 1670 3433 περί
1722 3363 1877 3415 Θεοῦ,

210 3454 284 3520 τῷ
339 3448 465 3524 περὶ
530 3449 693 3504 αὐτὸν
752 3450 907 3520 πόθῳ
948 3447 1344 3523 κατεχόμενοι,
1375 3448 1437 3503 τὸ
1466 3456 1566 3517 τῆς
1618 3448 1883 3524 ἀγαθότη-

208 3559 299 3600 τος
353 3535 534 3610 ὄνομα
590 3533 866 3593 ἐπέϐαλον
919 3542 997 3609 τῷ
1057 3542 1172 3610 Θεῷ
1223 3539 1274 3591 οἱ
1309 3536 1588 3612 θεολόγοι,
1621 3536 1736 3592 ἐπεὶ
1791 3552 1881 3592 κυ·

215 3628 337 3701 ρέως
396 3627 488 3681 καὶ
550 3624 887 3702 ὑπεράγαθος
946 3626 1037 3681 καὶ
1101 3625 1427 3703 ὑπερούσιός
1484 3627 1627 3682 ἐστιν
1666 3627 1877 3682 ὁΘεός⁸

215 3713 361 3772 Ἡδὲ
412 3714 710 3791 ἀγαθότης,
744 3716 817 3776 ὥς
878 3734 1042 3789 φησιν
1102 3714 1279 3783 οὗτος,
1312 3714 1637 3788 σεμνότατον
1694 3712 1877 3791 ὄνομα

216 3810 317 3858 τῶν
376 3806 617 3860 πάντων.
680 3804 749 3862 Αἱ
812 3801 868 3857 δὲ
921 3803 1240 3881 ἀποφάσεις,
1291 3802 1420 3872 ἤτοι
1481 3806 1736 3879 ἀρνήσεις
1786 3790 1879 3859 καἱ

216 3895 513 3967 στερήσεις,
555 3891 642 3946 ἐπὶ
698 3896 830 3946 Θεοῦ
876 3893 983 3967 οὐχ
1038 3893 1229 3954 ἁπλῶς
1289 3891 1531 3968 εἷ’ρηνται
1586 3896 1703 3955 τοῖς
1764 3892 1880 3947 Θεο“

214 3979 398 4057 λόγοις
428 3999 441 4013 ·
478 3980 539 4035 οὗ
590 3980 716 4056 γὰρ,
752 3980 827 4041 ὡς
879 3979 1153 4054 λέγονται,
1183 3985 1464 4049 νοοῦνται,
1510 3979 1656 4036 ἀλλὰ
1710 3983 1877 4057 ὑπερ-

214 4067 631 4139 αναϐεϐηκότως
690 4074 1062 4145 θεωροῦνται·
1118 4069 1179 4123 τὸ
1251 4071 1355 4145 γὰρ
1438 4070 1725 4139 ἀθάνατος,
1784 4066 1872 4126 καὶ

211 4160 455 4233 ἀόρατος,
500 4158 589 4213 καὶ
649 4158 940 4235 ἄφθαρτος,
999 4158 1088 4212 καὶ
1148 4157 1426 4229 ἀνενδεὴς,
1484 4160 1575 4214 καὶ
1636 4160 1877 4234 ἀναμάρ-

206 4270 390 4320 τητος,
426 4248 527 4302 οὐκ
586 4243 644 4301 ἄν
704 4265 808 4314 τις,
870 4245 1061 4325 σοφίας
1121 4247 1395 4323 μετέχων,
1449 4245 1872 4325 δημωδέστερον

211 4333 481 4392 ὑπολᾶϐοι
513 4355 526 4367 ⁸
563 4334 685 4390 οὕτε
735 4335 833 4390 ὅσα
884 4333 970 4390 ἐπὶ
1023 4339 1156 4391 Θεοῦ
1185 4339 1409 4392 τοιαῦτα
1460 4336 1699 4413 λέγεται,
1732 4334 1880 4393 ἀλλὰ

207 4433 311 4481 τῶν
373 4424 733 4497 δηλουμένων
794 4424 1136 4497 ἐξιστάμενος
1197 4426 1281 4479 ἐπὶ
1353 4428 1447 4489 τὰς
1512 4427 1870 4500 σεσιγημένας

206 4517 291 4570 καὶ
351 4515 631 4588 θειοτέρας
684 4512 891 4575 ἐννοίας
951 4514 1230 4569 ἀνανεύσει
1267 4533 1278 4547 ⁸
1316 4512 1402 4569 διὸ
1449 4515 1537 4569 καὶ
1597 4514 1871 4590 θειοτέρας

1990 3357 2155 3429 logos
2189 3360 2253 3412 ut
2282 3357 2507 3429 aliquid
2555 3357 2796 3413 omnino
2845 3357 3261 3431 intelligerent,
3295 3366 3352 3416 et
3396 3362 3466 3416 de
3519 3362 3634 3417 Deo

1991 3446 2271 3515 dicerent,
2305 3447 2493 3517 ipsius
2525 3447 2812 3503 desiderio
2853 3453 3168 3520 correptos,
3206 3466 3417 3505 nomen
3468 3450 3635 3505 boni-

1988 3534 2131 3589 tatis
2162 3533 2279 3588 Deo
2312 3533 2688 3604 imposuisse,
2713 3535 2982 3605 quamvis
3004 3536 3235 3607 proprie
3262 3541 3411 3592 Deus
3435 3536 3511 3592 sit
3531 3554 3635 3593 su-

1989 3639 2095 3694 pra
2128 3622 2449 3678 bonitatem
2483 3627 2541 3678 et
2564 3640 2743 3694 supra
2765 3624 3103 3679 essentiam.
3138 3626 3400 3693 Bonitas,
3432 3630 3499 3681 ut
3539 3626 3632 3681 hic

1989 3712 2090 3779 ait,
2114 3728 2326 3767 nomen
2347 3712 2612 3768 omnium
2636 3713 3130 3785 augustissimum
3158 3734 3172 3784 ;
3195 3714 3492 3791 ἀποφάσεις
3507 3733 3635 3773 vero

1989 3818 2091 3858 seu
2108 3802 2447 3873 negationes
2460 3807 2516 3857 et
2529 3802 2904 3874 privationes,
2920 3804 2978 3858 in
2992 3809 3131 3872 Deo,
3149 3821 3263 3859 non
3290 3805 3637 3876 simpliciter

1988 3890 2325 3962 atbeologis
2339 3891 2652 3958 dicuntur;
2674 3910 2785 3948 non
2801 3892 2956 3947 enim
2981 3894 3133 3948 sicut
3147 3894 3427 3949 dicuntur
3447 3895 3528 3949 ita
3549 3897 3606 3949 in
3619 3927 3636 3935 -

1986 3976 2357 4051 telliguntur,
2374 3981 2476 4035 sed
2494 3981 2664 4036 modo
2678 3982 3178 4037 transcendentali
3192 3983 3639 4039 considerantur

1986 4070 2131 4124 Nam
2166 4068 2501 4123 inmortalis
2531 4074 2587 4124 et
2608 4069 2970 4124 indivz’sibili:
3003 4075 3061 4124 et
3090 4073 3556 4143 incorruptibilis,
3581 4079 3636 4128 et

1982 4159 2199 4212 nullius
2234 4158 2475 4229 indigns,
2507 4158 2899 4229 impeccabilis,
2931 4158 3131 4215 nullus
3162 4161 3464 4231 sapientiae
3498 4180 3635 4234 par-

1981 4247 2168 4317 ticeps
2201 4247 2374 4301 modo
2389 4246 2613 4316 vulgari
2632 4246 2897 4318 excipiet,
2919 4262 3025 4301 nec
3048 4248 3245 4303 omnia
3260 4248 3480 4306 similia
3503 4268 3629 4322 quae

1980 4332 2050 4391 de
2081 4335 2194 4391 Deo
2228 4333 2542 4403 dicuntur;
2568 4334 3403 4407 sed,abiisquzedeclarantur
3422 4339 3631 4394 abhor-

1982 4438 2136 4493 rens,
2168 4422 2229 4478 in
2282 4424 2491 4478 tacitas
2542 4428 2597 4479 et
2642 4424 2959 4480 diviniores
3007 4426 3388 4495 cogitationes
3428 4429 3629 4499 suspi-

1984 4511 2133 4579 ciet;
2171 4517 2481 4584 propterea
2512 4513 2683 4568 etiam
2717 4513 3002 4569 diviniora
3037 4515 3136 4571 Dei
3169 4516 3411 4572 nomina
3428 4524 3631 4589 postea

210 4603 511 4676 θεωνυμίας
569 4602 757 4680 ἐφεξῆς
834 4601 994 4663 αὐτὰς
1050 4603 1237 4665 καλῶς
1297 4603 1708 4680 προσαγορεύει.
1756 4606 1869 4675 Ἐξ·

1994 4617 2136 4671 ηρεειε
2168 4600 2443 4673 appellat.
2481 4602 2628 4656 Nam
2668 4602 2864 4657 anima
2895 4604 2995 4659 ubi
3028 4605 3321 4677 corporeis
3353 4607 3629 4664 omnibus

214 4696 478 4768 ισταμένη
512 4693 616 4768 γὰρ
649 4694 683 4761 ἡ
716 4693 872 4767 ψυχὴ
905 4697 1014 4747 τῶν
1069 4697 1397 4765 σωματικῶν
1443 4698 1629 4747 πασῶν
1677 4690 1870 4765 uiceri-

217 4806 344 4839 σεων
406 4781 498 4838 καὶ
554 4786 1051 4854 κοσμικῶν,ταῦτα
1108 4783 1212 4857 γὰρ
1263 4782 1427 4854 ἑαυτῇ
1460 4782 1682 4853 ἐποίησε
1731 4784 1868 4856 σύμ-

211 4874 355 4947 φυλα
389 4893 400 4905 ·
439 4870 584 4925 οὕτω
618 4868 938 4925 συνάπτεται
987 4875 1067 4941 τῷ
1126 4870 1415 4948 ἀκραιφνεῖ
1468 4879 1569 4940 τῆς
1618 4874 1869 4946 γνώσεως

211 4967 302 5016 τοῦ
348 4958 510 5029 Θεοῦ,
542 4960 662 5022 καθ’
692 4960 816 5013 ὅσον
862 4957 1087 5013 δυνατόν
1134 4958 1275 5015 ἐστιν
1326 4960 1641 5034 ἀνθρωπίνῃ
1689 4960 1865 5035 φύσει,

216 5051 284 5112 ὡς
329 5050 420 5104 καὶ
484 5050 512 5102 6
576 5047 913 5110 Ἀπόστολος
966 5048 1253 5103 αἰνίττεται
1305 5048 1476 5123 λέγων
1512 5070 1526 5085 ο
1560 5050 1667 5105 Καὶ
1727 5050 1868 5105 οὕτω

211 5141 439 5194 πάντοτε
498 5137 590 5191 σὺν
654 5136 834 5211 Κυρίῳ
892 5134 1121 5210 ἐσόμεθα
1149 5157 1161 5170 ·
1197 5139 1284 5192 καὶ
1328 5138 1493 5193 πάλιν
1533 5156 1544 5168 ·
1570 5142 1680 5194 Νῦν
1711 5139 1785 5201 ὡς
1820 5139 1869 5193 ἐν

210 5227 491 5304 αἷνῖγματι
526 5227 612 5281 καὶ
652 5223 704 5280 ἐν
731 5225 977 5301 ἐσόπτρῳ
1018 5226 1232 5301 ὁρῶμεν
1272 5247 1285 5260 ’
1318 5226 1441 5282 τότε
1472 5225 1528 5282 δὲ
1556 5229 1618 5282 τὸ
1647 5229 1865 5303 πρόσω-

212 5337 307 5371 πον
338 5315 478 5391 πρὸς
505 5314 805 5391 πρόσωπον
849 5313 1117 5390 ὀψόμεθα.

275 5405 353 5462 Τὸ
413 5408 522 5459 τῶν
611 5404 896 5477 ὀνομάτων
978 5404 1325 5461 σεπτότατον.
1390 5405 1705 5479 Σημείωσαι
1782 5408 1864 5462 ὅτι

219 5494 428 5548 πάντων
486 5492 772 5566 ὀνομάτων
828 5492 1152 5548 σεπτότατον
1204 5495 1239 5565 ἡ
1298 5492 1565 5569 ἀγαοότης
1602 5492 1733 5551 ’διὸ
1774 5497 1862 5552 καὶ

226 5583 456 5657 ωρώτως
482 5584 563 5654 τῷ
595 5584 713 5654 Θεῷ
743 5582 1063 5660 ἀφιέρωται.

1983 4690 2261 4744 sensibus
2294 4693 2347 4744 et
2377 4689 2553 4745 rebus
2576 4692 2896 4747 mundanis
2920 4709 2981 4747 se
3003 4694 3309 4761 abdicarit,
3333 4695 3455 4751 hinc
3473 4698 3627 4753 enim

1981 4778 2092 4833 sibi
2126 4778 2437 4834 familiaria
2464 4778 2622 4845 fecit,
2654 4784 2781 4835 tum
2813 4781 3145 4851 purissimae
3164 4783 3265 4837 Dei
3290 4784 3626 4856 cognitioni,

1982 4870 2260 4936 quantum
2294 4872 2515 4922 natura:
2547 4867 2819 4923 humanas
2852 4869 3007 4939 licet,
3040 4872 3439 4942 conjungitur,
3473 4872 3631 4929 sicut

1978 4955 2298 5027 Apostolus
2328 4956 2611 5023 insinuat,
2654 4957 2854 5012 dicens
2884 4975 2895 5011 :
2928 4960 2993 5013 Et
3013 4960 3091 5012 sic
3121 4976 3332 5030 semper
3359 4976 3482 5015 cum
3526 4962 3628 5016 Do-

1970 5054 2136 5107 ‘mino
2166 5054 2372 5108 erimus
2404 5054 2496 5125 (e),
2529 5059 2585 5108 et
2614 5058 2825 5109 iterum
2855 5072 2867 5108 :
2903 5058 3060 5111 Nunc
3088 5057 3229 5110 sicut
3252 5058 3311 5111 in
3334 5060 3629 5127 aenigmate

1977 5147 2028 5197 et
2061 5143 2279 5212 speculo
2309 5142 2557 5197 videmus
2584 5161 2595 5198 :
2632 5151 2746 5197 tum
2777 5147 2959 5198 autem
2991 5145 3143 5215 facie
3173 5144 3241 5199 ad
3286 5148 3493 5218 faciem
3544 5152 3624 5204 vi-

1978 5232 2227 5289 debimus
2259 5234 2341 5305 (Ι).

2044 5413 2338 5469 Nominum
2370 5413 2619 5468 maxime
2646 5412 2980 5470 venerabile.
3025 5416 3172 5473 Nota
3211 5419 3472 5476 omnium
3519 5440 3623 5477 no-

1976 5504 2204 5558 minum
2237 5501 2728 5573 augustissimum
2761 5520 2889 5560 esse
2914 5504 3409 5581 bonila5,ideoque
3431 5510 3625 5583 primo

1969 5592 2087 5648 Deo
2119 5589 2445 5646 dedicatur.

283 5710 395 5781 (e)l
430 5709 637 5768 Thess.
671 5726 751 5779 iv,
782 5710 871 5767 46.
904 5710 968 5781 (Γ)
1000 5712 1022 5766 Ι
1054 5710 1183 5771 Cor.
1216 5728 1342 5783 xm,
1378 5713 1463 5767 12.
1496 5712 1635 5771 Vide
1668 5716 1807 5774 Nov.
1843 5724 2001 5778 Test.
2036 5723 2218 5776 Graec.
2253 5718 2401 5788 Aug.
2426 5715 2650 5772 Scholz.
