4062 6366
406 410 511 464 415

1241 414 1606 469 ΑΡΡΕΝΒῙΧ
1648 416 1743 468 AD
1780 413 2020 468 OPERA
2058 414 2117 467 S.
2157 412 2471 470 DIONYSII
2509 414 3011 471 AREOPAGITE.

3713 415 3814 469 1:16

474 535 514 589 Α
545 533 800 606 cognatis
826 535 943 606 [uit
968 536 1075 588 τῶν
1118 533 1281 608 ἑαυτῇ
1340 533 1659 612 συμφύλων.
1695 536 1851 592 Dixit
1908 555 2047 608 συμ-
2079 537 2130 604 Α

2233 535 2353 591 Τῶν
2386 534 2550 610 ἑαυτῇ
2600 534 2923 614 συμφύλων.
2968 533 3281 614 Συμφύλων
3330 536 3463 615 φησὶ
3512 539 3620 591 τῶν
3682 558 3817 610 συμ-

407 621 618 697 φῦΛων,
651 623 707 678 id
732 626 819 679 est
838 625 1126 696 cognatis,
1148 627 1204 680 et
1224 624 1400 693 notis,
1425 628 1601 697 atque
1621 629 1902 681 creaturae
1923 640 2050 697 pro-

410 712 578 784 priis.

481 803 637 858 280
670 808 787 859 Hoc
814 806 963 860 enim
992 819 1116 860 vere
1170 806 1341 861 etiam
1397 805 1608 875 angeli.
1668 804 1904 860 Divinas
1960 819 2054 859 res

411 891 654 948 minime
685 893 757 948 ab
788 892 1010 964 angelis
1037 893 1455 965 comprehendi
1486 908 1691 965 posse;
1724 896 1783 948 et
1833 895 2056 963 postre-

413 996 574 1036 mum
606 981 948 1052 angelorum
983 982 1208 1053 majora
1229 982 1504 1039 omnibus
1535 981 1802 1038 Ecclesia:
1833 979 2058 1037 theolo-

411 1070 516 1142 gis,
552 1074 728 1142 atque
754 1069 836 1127 ita
865 1070 1149 1143 apostolis
1177 1071 1247 1127 de
1280 1076 1392 1128 Deo
1419 1071 1727 1143 speculari.

485 1253 551 1307 Et
579 1251 631 1307 si
656 1250 792 1324 quid
818 1267 1006 1308 eorum
1035 1266 1161 1324 qua
1189 1251 1275 1307 his
1317 1254 1676 1324 equivalent.
1736 1254 1955 1324 Nempe
2011 1255 2060 1310 si

415 1340 593 1396 etiam
626 1340 751 1395 alia:
783 1340 1048 1411 ejusdem
1071 1340 1305 1397 virtutis
1327 1342 1535 1397 divinae
1558 1341 2061 1416 appellationesin

418 1428 721 1501 Scriptura
743 1429 1135 1499 inveniantur,
1151 1434 1381 1500 Oportet
1397 1431 1575 1488 etiam
1596 1449 1715 1503 eas,
1734 1433 2060 1490 secundum

417 1518 652 1574 easdem
686 1518 1016 1591 explicandi
1047 1519 1302 1577 rationes
1323 1521 1659 1593 adjungere.

485 1609 563 1663 Et
589 1607 751 1664 nobis
776 1611 828 1664 ιι
855 1624 983 1664 cum
1010 1609 1145 1665 aliis
1162 1611 1297 1666 viris
1318 1611 1618 1680 religiosis.
1645 1612 1923 1684 Mysteria
1945 1632 2061 1672 non

415 1712 543 1751 esse
571 1696 908 1768 promiscue
940 1698 1216 1755 omnibus
1248 1701 1759 1771 communicanda,
1783 1705 1884 1760 sed
1909 1706 2063 1778 aptis

412 1786 471 1840 et
491 1782 784 1856 religiosis
812 1785 955 1843 viris
980 1804 994 1856 ;
1023 1788 1179 1859 quod
1211 1789 1388 1844 etiam
1419 1788 1654 1847 divinus
1683 1791 1904 1849 Paulus
1923 1793 2063 1850 huic

414 1877 617 1930 sancto
647 1874 770 1930 viro
799 1875 1110 1933 Timotheo
1135 1877 1363 1933 scribit.

484 1968 597 2019 Pro
624 1968 812 2020 nostra
842 1963 1060 2022 dicendi
1087 1970 1275 2036 captu.
1305 1970 1459 2033 Haec,
1493 1967 1648 2025 sicut
1676 1974 1945 2029 sanctum
1962 1974 2062 2029 de-

414 2056 529 2124 cet,
562 2053 863 2110 modestiae
905 2055 1103 2111 studio
1134 2055 1274 2112 dicit
1311 2056 1521 2130 Pater;
1571 2058 1842 2117 similiter
1886 2061 2063 2119 etiam

417 2141 618 2198 omnia
648 2159 776 2215 quae
808 2148 1156 2216 sequuntur.

489 2231 581 2316 Ad
609 2231 972 2304 symbolicam
1029 2233 1376 2306 theologiam.
1431 2236 1725 2295 Nimirum
1785 2237 2065 2316 θεολογίαν

417 2313 788 2392 συμϐολικήν,
816 2337 918 2377 seu
952 2322 1168 2380 librum
1199 2324 1279 2380 De
1308 2324 1602 2398 theologia
1630 2344 1757 2400 quae
1788 2328 1845 2385 in
1879 2313 2068 2403 signis

2159 627 2328 698 φυῶν,
2356 623 2446 679 καὶ
2472 624 2790 702 γνωρίμων,
2820 625 2911 679 καὶ
2940 626 3040 694 τῆς
3072 623 3298 686 κτίσεως
3327 622 3508 684 ἰδίων.

2233 805 2410 859 Τοῦτο
2458 802 2562 878 γὰρ
2623 800 2845 873 ἀληθῶς
2897 803 2986 858 καὶ
3043 800 3285 879 ἄγγελοι.
3330 805 3453 861 ’Ότι
3508 803 3602 859 καὶ
3659 802 3818 879 ἀγγε-

2165 890 2286 954 λοις
2315 894 2384 946 τά
2412 892 2538 963 περὶ
2578 895 2713 947 Θεοῦ
2751 890 3129 963 ἀκατάληπτα,
3159 891 3250 948 καὶ
3297 890 3380 948 ὅτι
3426 891 3517 948 καὶ
3566 893 3596 947 6
3641 891 3821 947 κατώ-

2163 1001 2325 1046 τατος
2377 984 2487 1036 τῶν
2544 979 2789 1057 ἀγγέλων
2848 979 3048 1054 μείζων
3097 978 3315 1036 πάντων
3366 985 3472 1037 τῶν
3514 979 3567 1036 ἐν
3593 984 3664 1054 τῇ
3694 982 3820 1036 Ἐκ·

2168 1070 2373 1143 κλησίᾳ
2403 1067 2678 1145 θεολόγων
2722 1069 2845 1147 περὶ
2903 1074 3039 1125 Θεοῦ
3094 1071 3307 1147 θεωρεῖ,
3340 1068 3532 1124 οὐκοῦν
3577 1069 3669 1125 καὶ
3714 1073 3823 1123 τῶν

2171 1159 2515 1216 ἀποστόλων.

2243 1248 2343 1305 Καί
2400 1248 2455 1305 εἷ’
2492 1270 2545 1304 τι
2575 1252 2684 1304 τῶν
2718 1247 3109 1324 ὁμοδυνάμων.
3142 1251 3264 1307 ’Ότι
3312 1248 3410 1304 κᾶν
3453 1245 3632 1324 ἕτεραι
3683 1248 3830 1322 ὁμο-

2172 1338 2402 1413 δύναμοι
2458 1338 2752 1412 θεωνυμίαι
2810 1336 2865 1393 ἐν
2919 1339 2991 1410 τῇ
3042 1341 3228 1416 Γραφῇ
3256 1337 3538 1413 εὑρεθῶσι,
3570 1337 3684 1413 χρὴ
3734 1338 3827 1391 καὶ

2168 1429 2364 1494 ταύτας
2391 1429 2529 1484 κατὰ
2556 1431 2651 1491 τὰς
2681 1427 2844 1492 αὖτάς
2898 1426 3285 1505 ἐκφαντορικάς
3337 1423 3601 1500 μεθόδους
3659 1446 3830 1502 προσ-

2171 1519 2458 1575 υπαχοῦειν
2471 1563 2483 1576 .

2242 1609 2345 1666 Καὶ
2381 1610 2508 1683 ὑμῖν
2542 1610 2629 1663 καὶ
2664 1608 2868 1683 ἑτέροις
2898 1608 3069 1684 ἱεροῖς
3098 1604 3371 1681 ἀνδράσιν.
3404 1608 3526 1663 Ὅτι
3569 1604 3630 1661 οὐ
3661 1611 3830 1660 πᾶσιν

2173 1699 2461 1770 ἀζητήτως
2498 1695 2820 1771 μεταδοτέον
2851 1701 2958 1753 τῶν
2995 1693 3455 1770 μυστικῶν,ἀλλό.
3471 1700 3589 1757 τοῖς
3614 1695 3832 1757 ἱκανοῖς

2171 1788 2262 1843 καὶ
2290 1789 2459 1864 ἱεροῖς
2490 1785 2744 1861 ἀνδράσιν
2777 1805 2790 1818 ·
2823 1784 2956 1862 ὅπερ
3009 1784 3098 1841 καὶ
3131 1786 3159 1840 6
3187 1787 3333 1847 θεῖος
3372 1781 3592 1847 Παῦλος
3639 1783 3834 1858 τούτῳ

2092 1907 2142 1974 Β
2170 1878 2413 1974 ’τω-ἱερῷ
2444 1873 2599 1952 ἀνδρὶ
2620 1875 2881 1974 ramoso
2909 1874 3123 1974 γρρὶφει.

2243 1968 2434 2038 Ἡμεῖς
2482 1986 2541 2021 τε
2591 1964 2759 2020 εἷπεῖν
2810 1963 3009 2020 ἱκανοί.
3058 1967 3242 2021 Ταῦτα
3309 1964 3661 2038 ἀγιοπρεπῶς
3733 1981 3835 2035 με-

2171 2055 2403 2132 τριάζων
2465 2053 2624 2133 φησὶν
2685 2055 2712 2109 6
2774 2054 3007 2130 Haut-69'
3068 2050 3328 2114 ὡσαύτως
3393 2052 3486 2106 καὶ
3547 2053 3615 2107 τὰ
3681 2050 3830 2121 ’ἑξῆς

2173 2166 2366 2203 παντα.

2247 2237 2368 2294 Ἐπὶ
2404 2232 2461 2289 δὲ
2491 2236 2591 2302 τήν
2624 2227 2967 2307 συμϐολικήν
3028 2229 3339 2308 θεολογίαν.
3369 2232 3491 2284 "Oti
3539 2227 3835 2305 θεολογίαν

2178 2320 2524 2399 συμϐολικήν
2553 2321 2703 2398 λέγει
2726 2322 2864 2384 τὲως
2900 2322 2976 2393 μή
3009 2319 3333 2398 φερομένην,
3358 2317 3433 2381 ὡς
3461 2318 3551 2373 καὶ
3584 2316 3636 2373 ἐν
3671 2315 3840 2391 ἄλλῳ

413 2413 702 2477 versatur,
734 2409 1038 2484 intelligit,
1070 2413 1169 2485 qui
1195 2412 1482 2471 hactenus
1502 2432 1617 2472 non
1640 2416 2072 2490 habetur,sicut

2193 2412 2459 2493 ιιεφαλαῖῳ
2513 2410 2676 2485 φησίν
2710 2429 2726 2444 ’
2763 2410 2809 2464 εὶ
2867 2407 2926 2464 δὲ
2981 2407 3174 2484 βούλει
3211 2410 3311 2479 τήν
3340 2405 3842 2493 διαφορὰν-εἰδέναι

415 2497 477 2553 in
507 2497 620 2555 alio
651 2515 885 2572 quoque
917 2501 1106 2573 capite
1137 2502 1219 2557 ait
1245 2521 1258 2572 ;
1293 2503 1343 2558 si
1375 2520 1510 2561 vero
1541 2505 1745 2578 cupias
1775 2508 1924 2564 scire
1958 2509 2070 2564 dif-

416 2586 724 2643 ferentiam
756 2593 858 2657 τῆς
888 2585 1220 2663 Θεολογικῆς
1252 2589 1655 2655 ὑποτῦπώσεως
1685 2598 1744 2651 et
1770 2601 1872 2665 τῆς
1930 2616 2072 2669 συμ-

421 2669 655 2744 ϐολικῆς
687 2674 996 2751 θεολογίας,
1029 2678 1155 2752 lege
1185 2684 1361 2752 caput
1389 2682 1623 2740 tertium
1648 2682 1782 2739 libri
1827 2686 1899 2741 De
1948 2703 2072 2758 my-

415 2765 554 2821 stica
583 2766 880 2837 theologia.

2178 2491 2278 2574 τῆς
2308 2501 2633 2576 θεολογικῆς
2661 2503 2705 2539 ²¹
2742 2499 3141 2560 ὑποτυπώσεως
3185 2498 3278 2552 καὶ
3325 2503 3425 2568 τῆς
3481 2491 3842 2570 ωμϐολικῆς

2183 2591 2493 2667 θεολογίας,
2525 2590 2799 2665 ἀνάγνωθι
2855 2588 2917 2643 τὸ
2972 2586 3156 2663 τρίτον
3215 2583 3511 2663 κεφάλαιον
3540 2589 3641 2640 τοῦ
3701 2586 3840 2656 Περὶ

2187 2687 2455 2756 μυστικῆς
2481 2676 2767 2753 θεολογίας
2798 2676 2989 2753 λόγου.

1442 2888 1683 2946 νΑΒΙίΕ
1713 2893 2101 2952 LECTIONES
2129 2895 2222 2951 ET
2253 2886 2805 2950 CORRECTIONES.

489 2982 532 3016 ’ί
560 3000 647 3055 γρ.
686 2976 1053 3054 συμϐολικῆς.

865 3156 1165 3469 2m
1189 3156 3403 3476 Tanaima;

3414 3136 3813 3144 __.__—————

2001 3552 2113 3602 ΕΙΣ
2151 3551 2233 3601 ΤΟ

1055 3678 1354 3788 ΠΕΡΙ
1436 3699 1678 3793 ΤΗΣ
1766 3698 2401 3793 ΜΥΣΤΙΚΗΣ
2486 3691 3199 3792 ΘΕΟΛΟΓΙΑΣ

1797 3896 2458 4029 ΣΧΟΛΙΑ

825 4255 1548 4420 SANCTI
1676 4133 2436 4421 MAXiMI
2571 4251 3426 4419 SCHOLIA

1930 4500 2005 4555 IN
2037 4500 2312 4557 LIBRUM

1348 4642 1512 4737 DE
1564 4643 2129 4740 MYSTICA
2174 4640 2911 4739 THEOLOGIA

1302 4829 1485 4886 Petro
1540 4827 1853 4887 Lanssclio
1903 4833 1964 4887 et
2015 4827 2324 4889 Societate
2373 4827 2520 4887 Jesu
2570 4825 2928 4904 interprete.

1081 5115 1152 5171 IN
1184 5118 1338 5171 CAP.
1373 5116 1413 5170 l.

487 5204 514 5275 Ξ
543 5204 582 5258 l.
616 5205 717 5261 Ubi
739 5204 1043 5277 simplicia.
1080 5204 1379 5275 Simplicia
1404 5210 1461 5260 ot
1493 5205 1762 5261 absoluta
1793 5209 2071 5276 suntquae

418 5292 545 5348 sine
586 5293 775 5365 signis
808 5293 1234 5366 intelligantur,
1268 5304 1322 5349 el
1371 5294 1527 5350 sicut
1571 5311 1632 5350 se
1683 5294 1921 5362 habent,
1955 5310 2069 5348 non

419 5399 555 5438 vero
578 5398 683 5453 per
704 5385 1203 5455 comparationem
1230 5384 1653 5455 inspiciuntur.
1677 5383 1882 5454 Itaque
1902 5383 2071 5438 abso-

420 5472 544 5528 luta
575 5472 737 5544 dicit,
771 5490 898 5545 quae
926 5490 1041 5529 non
1075 5490 1177 5545 per
1208 5473 1509 5530 nominum
1531 5478 1632 5529 aut
1652 5472 1953 5545 signorum
1976 5488 2070 5527 ex-

420 5561 796 5635 plicationem
831 5563 1149 5632 dicuntur;
1185 5564 1283 5619 sed
1319 5578 1421 5635 per
1450 5563 1840 5619 cessationem
1872 5566 1929 5617 et
1969 5562 2069 5617 ab-

419 5649 779 5708 solutionem
802 5652 873 5708 ab
892 5652 1073 5709 ommi
1096 5670 1151 5709 re
1165 5652 1514 5725 cogitatione
1530 5650 1659 5708 colli
1668 5657 1851 5725 guntu
1862 5668 2067 5724 rquam

423 5757 603 5796 sacrae
636 5741 917 5799 motionis
950 5742 1365 5813 cessationem,
1397 5742 1561 5812 prius
1589 5741 1826 5813 quidem
1848 5740 2075 5797 vocavit

2689 5118 2805 5167 ΕΙΣ
2844 5114 2929 5167 ΤΟ
2972 5113 3207 5164 ΚΕΦᾹᾹ
3249 5111 3319 5164 A'.

2252 5204 2554 5272 ξ1.Ἔνοα
2609 5201 2677 5256 τά
2724 5198 2892 5256 ἁπλᾶ.
2933 5195 3110 5256 Ἀπλᾶ
3165 5195 3256 5251 καὶ
3318 5193 3567 5250 ἀπόλυτά
3628 5194 3736 5249 εἶσι
3782 5194 3849 5249 τὰ

2183 5286 2311 5365 δίχα
2342 5284 2638 5362 συμϐόλων
2670 5287 2941 5361 νοούμενα
2970 5286 3063 5341 καὶ
3093 5282 3503 5355 ὲποπτευόμενα
3545 5282 3620 5345 ὡς
3674 5280 3844 5358 ἔχου-

2182 5400 2287 5449 σιν,
2320 5378 2381 5433 οὗ
2434 5381 2541 5452 μήν
2592 5373 3004 5453 παραϐολικῶς.
3037 5370 3316 5431 Ἀπόλνιτα
3347 5372 3439 5427 οὗν
3485 5368 3587 5449 ἔφη
3647 5370 3717 5426 τά
3768 5370 3843 5442 μή

2180 5471 2316 5525 κατά
2371 5470 2656 5540 ἀνάπτυξιν
2720 5467 3006 5541 ὀνομάτων
3183 5458 3482 5535 συμϐόλων
3544 5460 3843 5537 λεγόμενα,

2126 5574 2133 5577 ’
2181 5560 2327 5618 ἀλλὰ
2354 5564 2422 5634 τῇ
2459 5559 2516 5615 ἐκ
2546 5559 2761 5615 πάντων
2791 5563 2900 5613 τῶν
2934 5552 3153 5628 avrum],
3185 5551 3274 5608 καὶ
3306 5555 3375 5625 τῇ
3434 5555 3542 5605 τῶν
3594 5551 3843 5621 νοήσεων

2183 5647 2484 5704 ἀποπαύσει
2536 5647 2628 5703 καὶ
2681 5644 2942 5702 ἀπολύσει
2985 5641 3347 5717 συναγόμενα,
3378 5637 3571 5708 ἥντινα
3621 5637 3840 5708 ἀνενερ-

2181 5736 2374 5813 γησίαν
2425 5739 2528 5802 τῆς
2587 5737 2737 5811 ἱερᾶς
2794 5735 3061 5804 κινήσεως
3116 5729 3168 5786 ἂν
3206 5729 3301 5802 μὲν
3330 5733 3449 5790 τοῖς
3480 5727 3587 5801 πρὸ
3638 5725 3837 5781 τούτου
