4062 6366
207 359 290 410 417

916 357 974 406 S.
1015 354 1285 407 MAXIMI
1320 350 1624 406 SCHOLIA
1662 350 1736 404 IN
1774 350 1910 403 LIB.
1950 352 2045 403 DE
2083 353 2394 404 MYSTICA
2432 353 2870 408 THEOLOGIA.

3495 355 3600 410 418

204 476 441 545 ἀνοησίαν
486 473 765 529 ἐκάλεσεν·
823 471 1051 526 ἐνταῦοα
1100 469 1158 526 δὲ
1193 468 1592 525 σκοτεινότατον
1636 466 1836 541 γνόφον

1980 469 2210 538 vro-gotum
2245 471 2614 542 cogitationis
2658 474 3039 542 vacuitatem;
3101 492 3257 530 nunc
3313 493 3443 531 vero
3476 496 3600 529 σκο-

203 566 276 619 καὶ
316 563 549 638 ἀόρατον
599 561 736 616 κατά
782 561 876 615 τὸν
929 557 1272 632 Ψαλμῳδὸν.
1320 556 1539 633 Νεφέλη
1587 556 1675 610 καὶ
1719 554 1845 631 γνό-

203 675 287 727 φος
337 650 530 724 κύκλῳ
583 649 768 705 αὐτοῦ’
828 649 917 703 καὶ
953 694 967 720 ,
1028 650 1219 705 Ἐθετο
1280 647 1471 708 σκότος
1524 645 1843 722 ἀποκρυφήν

204 743 369 798 αὐτοῦ.

259 919 393 984 Τοῦς
425 921 782 995 ἀνομμάτους
833 918 983 982 νὸας.
1034 917 1106 972 Οὐ
1155 918 1256 994 γάρ
1303 916 1578 987 αἶσθητῶν
1634 911 1842 989 ὀφθαλ-

205 1016 305 1084 μῶν
336 1009 438 1065 εἶσι
473 1009 688 1082 μεστοὶ,
720 1006 848 1063 ἀλλ’
897 1007 1036 1062 ἐστὶν
1087 1006 1261 1061 αὐτῶν
1296 1008 1331 1075 ἡ
1383 1003 1561 1076 οὐσία,
1595 1005 1686 1058 ἅτε
1737 1007 1842 1071 ζῶν

201 1097 331 1170 νοῦς,
382 1097 493 1168 ὅλη
542 1095 827 1174 ὀφθαλμὸς
887 1093 1356 1170 ὀξυδερκέστατος·
1419 1093 1536 1156 ὅθεν
1598 1093 1684 1146 καὶ
1741 1112 1841 1144 πο-

203 1186 507 1260 λυόμματοι
540 1185 790 1261 λέγονται
822 1184 871 1238 ἐν
906 1188 976 1259 τῇ
1009 1187 1217 1261 Γραφῇ.

261 1277 354 1331 Καὶ
413 1277 512 1337 τὰς
590 1275 867 1345 αἰσθήσεις
937 1271 1203 1328 ἀπόλειπε
1241 1315 1253 1327 .
1316 1272 1409 1327 Ἐκ
1471 1267 1842 1344 παραλλήλου

200 1366 250 1420 τὸ
277 1366 404 1420 αύτὸ
440 1361 730 1436 δηλοῦται·
762 1364 828 1418 τά
876 1364 980 1439 γάρ
1031 1360 1260 1431 αἶ’σθητά
1308 1358 1439 1413 αὐτᾶ
1486 1358 1746 1414 καλοῦσιν
1790 1359 1841 1412 οἱ

199 1454 412 1508 παλαιοῖ
452 1455 528 1528 μὴ
581 1448 735 1522 ὄντα,
779 1453 870 1506 ἅτε
921 1445 1232 1524 μεταϐολῆς
1263 1448 1471 1518 ἁπάσης
1523 1449 1844 1522 μετέχοντα,

199 1542 387 1616 καὶμὴ
433 1542 694 1606 ὡσαύτως
739 1543 820 1596 ἀεὶ
870 1537 1012 1596 ὅντα·
1042 1541 1108 1594 τά
1157 1537 1214 1594 δῖε
1243 1540 1435 1608 νοητὰ,
1469 1538 1542 1600 ὡς
1592 1538 1671 1592 ἀεὶ
1720 1533 1847 1591 ὄντα

199 1633 421 1696 ἀθάνατα
475 1630 741 1707 βουλήσει
782 1635 878 1686 τοῦ
927 1632 1255 1700 ποιήσαντος
1286 1627 1374 1682 καὶ
1418 1628 1516 1695 τήν
1550 1625 1734 1680 οὐσίαν
1768 1625 1844 1698 μὴ

201 1716 630 1794 μεταϐάλλοντα,
686 1719 939 1796 λέγουσιν
989 1715 1113 1773 ὄντα
1148 1762 1162 1776 .
1223 1721 1404 1774 Ταῦτα
1462 1715 1519 1770 δὲ
1575 1712 1846 1776 πολλάκις

199 1811 648 1884 παρατεθείκαμεν
687 1809 738 1864 ἐν
774 1813 851 1881 τῷ
881 1808 1012 1882 Περὶ
1044 1808 1202 1871 θείων
1233 1806 1516 1878 ὀνομάτων
1551 1803 1721 1878 λόγῳ.

258 1900 415 1974 Ὑπὲρ
471 1904 646 1954 πᾶσαν
712 1897 896 1953 οὐσίαν
935 1940 949 1954 .
1011 1897 1123 1964 Τήν
1204 1895 1489 1964 ἁπλότητα
1561 1893 1652 1946 καὶ
1715 1892 1846 1967 ὑπὲρ

203 1995 360 2044 πᾶσαν
396 1985 579 2043 ἒνάδα.
613 1991 735 2050 Πῶς
783 1983 840 2041 δὲ
890 1985 1176 2061 ἀγνώστως
1227 1981 1556 2037 ἀνατείνεταί
1603 2002 1685 2044 τις
1712 1981 1849 2056 πρὸς

203 2075 348 2148 Θεὸν,
409 2076 502 2132 καὶ
562 2075 618 2130 ἐν
672 2079 750 2147 τῷ
807 2075 935 2150 Περὶ
1013 2071 1170 2136 θείων
1228 2070 1510 2145 ὀνομάτων
1569 2067 1849 2147 κεφαλαίῳ

202 2169 429 2240 πέμπτῳ
461 2163 700 2242 εἴρηται,
728 2164 820 2219 καὶ
851 2163 1077 2218 ἐνταῦθα
1112 2161 1245 2235 μετά
1275 2161 1481 2237 βραχέα
1512 2159 1778 2235 εύρνςσεις.

267 2344 517 2419 ’Δσχέτῳ
574 2342 666 2398 καὶ
727 2340 1032 2414 ἀπολύτῳ.
1093 2345 1358 2415 Ἂσχετον
1416 2337 1657 2394 ἔκπασῖν
1717 2357 1851 2416 φησι

202 2436 289 2502 τὴν
323 2432 682 2508 ἀναχώρησιν
726 2431 900 2498 πάσης
950 2430 1211 2506 σχέσεως,
1243 2428 1356 2484 ἀντὶ
1403 2433 1499 2483 τοῦ
1547 2426 1638 2482 ’ἱνα
1682 2424 1850 2501 μηδε-

207 2528 295 2596 μιᾷ
321 2522 618 2596 κατέχοιτο
651 2523 857 2596 σχέσει,
893 2522 1032 2594 μήτε
1060 2519 1195 2595 πρὸς
1228 2517 1412 2587 αὐτὸν,
1450 2519 1587 2590 μήτε
1632 2516 1767 2590 πρός
1798 2538 1848 2572 τι

205 2617 301 2666 τῶν
332 2609 678 2684 κτισμάτων.

274 2701 514 2763 Σκύτους
567 2701 774 2755 ἀκτῖνα.
812 2698 908 2753 Καὶ
958 2697 1180 2762 ἐνταῦθα
1223 2697 1412 2758 σκότος
1460 2697 1559 2765 τήν
1608 2694 1849 2764 παντελῆ

210 2789 581 2862 ἀκαταληψίαν
617 2785 739 2866 ἔελοη.

275 2882 395 2949 §II.
431 2875 637 2948 Μηδεὶς
686 2882 794 2933 τῶν
844 2877 1129 2950 ἀμυήτων.
1178 2876 1496 2948 Σημείωσαι
1546 2873 1628 2928 ὅτι
1675 2874 1853 2946 ἀμυή-

209 2990 324 3031 τους
368 2968 504 3045 φησὶ
553 2967 678 3029 τοὺς
733 2967 827 3041 μὲν
867 2971 976 3023 τῶν
1031 2969 1299 3040 μυστικῶν
1351 2961 1684 3038 ἀμετὸχους,
1738 2967 1856 3026 τοῖς

213 3057 263 3113 δέ
295 3057 581 3129 αἰσθητοῖς
635 3055 1069 3129 ἐνειλουμένους,
1118 3055 1207 3109 καὶ
1267 3050 1418 3108 οὐδὲν
1471 3053 1602 3126 ὑπὲρ
1633 3054 1700 3106 τὰ
1731 3048 1857 3105 ὄντα

215 3149 336 3203 εἶναι
393 3149 849 3227 φανταζομένους.
931 3144 1156 3221 Ἀμέλει
1231 3144 1356 3220 περὶ
1431 3149 1537 3199 τῶν
1614 3141 1855 3197 καθόλου

215 3238 466 3309 ἀμυήτων
525 3238 681 3302 εὐθὺς
735 3237 1082 3313 παρακατιὼν
1144 3257 1274 3314 φησι
1313 3279 1327 3292 .

218 3325 292 3379 ὅτι
323 3325 531 3387 ἄλλους
562 3325 687 3387 τοὺς
718 3325 999 3399 ἀμυήτους
1028 3323 1171 3398 λέγει
1203 3323 1292 3378 καὶ
1324 3320 1529 3384 ἄλλους
1573 3320 1700 3383 τοὺς
1729 3320 1862 3393 ἀμύ·

217 3435 387 3484 στους,
420 3413 592 3489 ἤγουν
623 3416 1148 3490 ἀμυσταγωγήτους.

282 3503 342 3560 Εἰ
374 3503 433 3558 δὲ
476 3504 608 3579 ὑπὲρ
651 3504 878 3566 τούτους
929 3502 1052 3559 εἰσί.
1086 3503 1166 3559 Τά
1216 3503 1307 3574 μὲν
1355 3501 1459 3575 πρὸ
1505 3499 1711 3554 τούτων
1758 3497 1856 3575 ἔφη

217 3591 328 3667 napi
355 3597 466 3647 τῶν
497 3592 893 3647 πιστευσάντων
941 3593 1034 3666 μὲν
1083 3595 1160 3662 τῷ
1204 3589 1427 3663 ὀνόματι
1458 3593 1555 3643 τοῦ
1604 3592 1859 3664 Χριστοῦ,

222 3685 292 3753 μὴ
328 3684 434 3755 μήν
476 3681 563 3736 ἐπὶ
609 3683 708 3751 τήν
753 3681 1092 3756 τελειοτέραν
1139 3679 1408 3736 ἐλθόντων
1459 3683 1683 3753 γνῶσιν,
1717 3675 1862 3731 ἀλλὰ

221 3771 670 3846 συμμετρούντων
715 3775 783 3845 τῇ
828 3770 1002 3842 οἰκείᾳ
1036 3770 1164 3844 δόξῃ
1217 3769 1316 3837 την
1349 3767 1626 3838 ἀληθειαν,
1659 3765 1748 3820 καὶ
1784 3766 1859 3838 μὴ

222 3858 433 3915 εἷδὸτων
468 3859 729 3938 διαφοράν
759 3857 924 3915 ὄντων
960 3858 1164 3934 κυρίως
1191 3859 1280 3913 καὶ
1326 3855 1634 3931 ὁμωνύμων
1665 3850 1856 3926 όντων,

221 3949 409 4004 οὐσιῶν
457 3951 550 4004 καὶ
594 3950 756 4003 αὐτο]
792 3952 889 4002 τοῦ
935 3947 1066 4021 ὑπὲρ
1111 3948 1177 4001 τά
1225 3942 1372 4017 ὄντα,
1427 3943 1512 4000 διὸ
1557 3943 1646 3997 καὶ
1698 3943 1861 4018 ὑπερ-

222 4037 420 4092 ουσίου.
455 4039 523 4095 Οἳ
576 4043 702 4113 γοῦν
751 4041 1014 4110 τοιοῦτοι,
1048 4036 1122 4098 ὡς
1176 4034 1440 4109 ἀμύητοι,
1488 4037 1595 4088 τῶν
1645 4030 1862 4105 ὑψηλο-

219 4126 380 4203 τέρων
427 4124 879 4200 ὑπολαμϐάνουσι
912 4127 1046 4182 κατά
1076 4125 1336 4196 ἀλήθειαν
1385 4124 1578 4188 σκότος
1623 4123 1758 4177 εἶναι
1804 4122 1865 4176 τὸ

218 4219 441 4295 ἀνξεγγὲς
494 4222 654 4272 τοῦτο
696 4218 758 4272 τὸ
808 4218 933 4294 παρ’
985 4218 1120 4290 ἡμῖν
1179 4216 1415 4288 σκίασμα
1471 4214 1747 4268 καλύπτον
1774 4211 1864 4266 τὸν

219 4309 364 4378 Θ;ὸν,
399 4309 487 4362 καὶ
521 4307 864 4382 ἀποκρύπτον
895 4305 1052 4360 αὐτὸν
1103 4313 1202 4375 τῆς
1242 4304 1488 4358 ἁπάντων
1543 4303 1691 4371 θέας,
1735 4301 1866 4375 ὅπερ

220 4399 289 4458 ὡς
345 4397 570 4467 άληθῶς
621 4401 837 4451 νοσοῦσι
896 4394 1099 4450 πολλοὶ
1158 4395 1246 4449 καὶ
1309 4393 1360 4448 ἐν
1419 4396 1578 4465 ἡμῖν,
1640 4393 1729 4446 ἅτε
1791 4392 1865 4464 μή

218 4489 571 4560 γινώσκοντες
605 4486 666 4539 τὸ
715 4479 1125 4558 ἀνυπέρϐλητον
1163 4489 1274 4561 φῶς
1307 4489 1476 4538 πᾶσαν
1528 4476 1651 4554 ὄψιν
1687 4480 1868 4534 σκοτί-

1950 557 2253 613 τεινέτατον
2282 558 2505 636 γνόφον,
2539 562 3025 619 obscurissimam
3059 564 3368 636 caliginem
3421 581 3486 620 ac
3519 566 3599 621 in-

1952 648 2244 704 visibilem
2279 649 2482 720 ;juxta
2531 650 2894 722 psalmorum
2943 655 3254 710 Cantorem
3283 673 3297 710 :
3331 657 3505 711 Nubes
3553 667 3604 712 et

1951 737 2131 808 caligo
2163 738 2223 792 in
2249 740 2490 794 circuitu
2519 741 2636 809 ejus
2666 741 2740 812 (g)
2773 745 2870 809 ;et
2898 759 2917 798 :
2949 743 3138 798 Posuit
3191 747 3439 800 tenebras
3471 746 3601 801 lati-

1954 827 2141 882 bulum
2160 845 2320 884 suum
2355 829 2466 900 (Ιι).

2024 918 2167 974 23]
2209 922 2419 974 Mentes
2447 921 2624 974 oculis
2653 924 2858 990 captas.
2895 922 3018 978 Non
3069 922 3225 979 enim
3283 925 3603 981 sensilibus

1953 1005 2139 1060 oculis
2173 1003 2326 1076 pleni
2359 1011 2520 1074 sunt,
2555 1008 2654 1062 sed
2705 1025 2908 1064 eorum
2966 1011 3221 1066 essentia
3279 1018 3388 1078 est,
3445 1013 3602 1078 velut

1956 1111 2118 1149 mens
2150 1094 2295 1164 viva,
2332 1101 2452 1151 tota
2482 1096 2686 1152 oculus
2719 1098 3050 1154 acutissimi
3083 1100 3241 1156 visus
3276 1121 3290 1169 ;
3337 1103 3492 1158 unde
3521 1104 3605 1158 di-

1955 1187 2168 1238 cuntur
2197 1184 2256 1238 in
2286 1183 2590 1255 Scriptura
2639 1187 2856 1242 multos
2888 1187 3103 1244 habere
3133 1191 3352 1246 oculos.

2025 1277 2088 1332 Et
2123 1293 2317 1332 sensus
2369 1277 2637 1348 relinque.
2673 1279 2791 1334 Hoc
2843 1296 2912 1335 ex
2943 1286 3148 1336 mutua
3174 1283 3605 1354 comparatione

1955 1365 2324 1421 declaratur:
2354 1384 2488 1421 nam
2522 1367 2750 1438 antiqui
2779 1370 3079 1425 non-entia
3111 1377 3388 1428 vocarunt
3413 1373 3603 1428 sensi-

1955 1453 2055 1522 lia,
2088 1454 2227 1526 quia
2255 1471 2486 1511 omnem
2550 1457 2934 1513 mutationem
2993 1459 3366 1532 participant,
3399 1466 3456 1516 et
3488 1479 3602 1517 non

1956 1549 2096 1598 sunt
2125 1559 2354 1615 semper
2383 1545 2587 1599 eodem
2610 1547 2780 1601 modo
2809 1562 2820 1602 :
2855 1545 3248 1618 intelligibilia
3286 1566 3417 1605 vero
3448 1549 3603 1605 entia

1956 1631 2162 1686 dicunt
2191 1632 2329 1703 quia
2357 1632 2660 1688 voluntate
2707 1636 2994 1690 Creatoris
3043 1636 3198 1692 velut
3248 1636 3606 1694 immortalia

1957 1724 2096 1775 sunt
2126 1737 2229 1776 nec
2257 1721 2649 1777 substantiam
2684 1729 2936 1780 mutant.
2994 1725 3124 1781 Haec
3182 1742 3334 1797 saepe
3366 1728 3424 1782 in
3455 1727 3604 1784 libro

1956 1810 2030 1864 De
2059 1808 2264 1864 divinis
2293 1810 2607 1866 nominibus
2631 1812 3036 1882 exposuimus.

2028 1897 2209 1969 Supra
2239 1915 2452 1954 omnem
2481 1900 2869 1957 substantiam.
2895 1901 3340 1974 Simplicitatem
3360 1908 3608 1978 etsupra

1958 2003 2190 2043 omnem
2209 1988 2308 2043 uni
2321 1990 2826 2055 tatem.Quomodo
2842 1994 3038 2047 autem
3054 1991 3267 2064 aliquis
3282 1994 3606 2066 ignorando

1957 2077 2030 2131 ad
2049 2076 2230 2132 Deum
2247 2076 2526 2149 elevatur,
2543 2084 2668 2134 tum
2695 2079 2752 2134 in
2780 2078 2929 2136 libro
2954 2081 3030 2136 De
3058 2081 3268 2138 divinis
3287 2085 3608 2141 nominibus

1958 2167 2145 2238 capite
2175 2165 2380 2237 quinto
2410 2168 2631 2224 dictum
2685 2172 2793 2237 est,
2827 2174 2952 2224 tum
3011 2170 3106 2225 hic
3137 2177 3272 2244 post
3303 2189 3489 2244 pauca
3517 2173 3610 2229 in-

1958 2254 2180 2311 venies.

2030 2349 2138 2399 Per
2164 2345 2395 2402 liberam
2423 2351 2478 2402 et
2505 2347 2825 2403 absolutam.
2862 2347 3130 2404 Liberum
3171 2349 3500 2408 discessum
3524 2352 3612 2408 di-

1960 2433 2034 2488 cit
2065 2449 2363 2491 secessum
2394 2437 2466 2492 ab
2497 2437 2654 2492 omni
2687 2437 3126 2509 ati'ectu,pro,ut
3157 2439 3318 2496 nullo
3353 2441 3614 2498 detinea-

1960 2525 2060 2576 tur
2095 2523 2330 2596 atl‘eetu,
2365 2541 2553 2596 neque
2585 2542 2724 2598 erga
2762 2541 2844 2594 se,
2907 2544 3098 2599 neque
3154 2544 3292 2600 erga
3348 2529 3609 2602 aliquam

1962 2615 2312 2670 creaturam.

2035 2701 2396 2759 Tenebrarum
2417 2704 2654 2760 radium.
2669 2705 2786 2760 Hoc
2811 2704 2936 2761 loco
2959 2705 3100 2762 dicit
3128 2706 3399 2764 tenebras
3421 2708 3614 2764 omni-

1964 2791 2200 2846 modam
2234 2792 3013 2865 incomprehensibilitalem.

2041 2884 2171 2957 §II.
2196 2885 2364 2938 Nemo
2393 2897 2580 2938 eorum
2627 2883 2722 2954 qui
2778 2897 2890 2937 non
2944 2892 3072 2938 sunt
3127 2884 3406 2941 instructi.
3461 2883 3611 2942 Nota

1964 2990 2100 3030 eum
2131 2987 2334 3028 vocare
2363 2968 2642 3041 ἀμυήτους
2672 2986 2770 3026 eos
2803 2970 2901 3042 qui
2935 2973 3212 3044 mysteria
3235 2973 3470 3045 quidem
3499 2990 3616 3029 non

1967 3060 2411 3134 participarunt,
2444 3059 2546 3115 sed
2603 3058 2921 3115 sensilibus
2949 3059 3346 3129 involvuntur,
3379 3066 3437 3118 et
3470 3061 3618 3118 nihil

1965 3166 2093 3207 esse
2125 3164 2306 3220 supra
2334 3164 2402 3202 ea
2431 3164 2558 3218 quae
2587 3146 2862 3203 videntur
2919 3148 3301 3205 arbitrantur.
3355 3150 3618 3206 Profecto

1383 3235 1480 3290 Καὶ
1549 3232 1854 3306 σημείωσαι

1980 3239 2040 3294 ie
2069 3235 2308 3293 omnino
2341 3235 2597 3306 profanis
2638 3235 2836 3290 statim
2864 3236 3171 3308 subjungit
3194 3242 3281 3306 ;et
3302 3242 3442 3294 nota
3464 3238 3619 3310 quod

1971 3327 2117 3384 alios
2149 3325 2304 3381 dicat
2329 3323 2608 3397 ἀμυήτους
2636 3329 2693 3380 et
2715 3323 2860 3381 alios
2884 3323 3178 3396 ἀμύστους,
3225 3344 3330 3383 seu
3378 3328 3623 3383 minime

1969 3416 2312 3472 instructos.
2622 3411 2624 3413 ’

2042 3505 2100 3558 Si
2130 3509 2325 3558 autem
2353 3518 2522 3572 supra
2551 3502 2645 3557 hos
2673 3506 2819 3558 sunt.
2856 3503 2920 3558 In
2957 3503 3254 3574 prioribus
3283 3503 3515 3560 locutus
3537 3509 3626 3560 est

1970 3594 2041 3649 de
2073 3592 2145 3648 iis
2177 3591 2276 3663 qui
2311 3590 2682 3646 crediderant
2715 3590 2951 3662 quidem
2986 3592 3205 3647 nomini
3255 3591 3492 3664 Christi,
3526 3594 3625 3648 scd

1970 3681 2044 3736 ad
2075 3679 2409 3736 ulteriorem
2441 3679 2839 3751 cognitionem
2875 3697 2992 3735 non
3026 3685 3504 3752 pervenerant,at
3532 3697 3630 3737 ve-

1970 3770 2201 3826 ritatem
2233 3768 2478 3840 propriae
2537 3769 2800 3841 opinioni
2873 3778 3380 3841 commensuranl,
3442 3786 3633 3843 neque

1970 3859 2164 3916 sciunt
2191 3858 2580 3914 ditterentiam
2603 3858 2998 3915 essentiarum
3021 3857 3255 3915 illarum
3286 3877 3484 3916 rerum
3503 3877 3632 3931 quae

1970 3947 2202 4020 proprie
2232 3951 2466 4015 sunt,et
2494 3965 2697 4003 earum
2721 3964 2849 4018 quae
2879 3952 3112 4004 tantum
3151 3949 3448 4021 atquivoce
3471 3953 3631 4019 sunt,

1974 4041 2150 4107 atque
2181 4036 2310 4106 ejus
2342 4037 2442 4106 qui
2477 4035 2755 4092 omnibus
2789 4053 2916 4106 quae
2951 4041 3093 4092 sunt
3123 4043 3384 4108 praestat,
3409 4054 3474 4093 ac
3505 4037 3633 4094 ideo

1977 4125 2485 4196 superessentialis
2516 4125 2805 4180 est.Tales
2839 4124 3334 4196 igitur,tanquam
3365 4123 3630 4196 ἀμύητοι,

1977 4230 2079 4270 seu
2112 4213 2361 4268 necdum
2396 4213 2453 4266 in
2485 4212 2930 4268 sublimioribus
2963 4211 3217 4268 instituti
3251 4213 3633 4282 arbitrantur,

1978 4303 2088 4358 hoc
2118 4302 2311 4358 velum
2343 4303 2497 4374 quod
2525 4302 2680 4373 apud
2715 4318 2822 4356 nos
2855 4301 3039 4356 Deum
3073 4301 3349 4369 occultat,
3381 4319 3637 4374 eumque

1979 4392 2050 4446 ab
2078 4391 2343 4445 omnium
2375 4396 2613 4462 aspectu
2667 4390 3000 4461 abscondit,
3041 4407 3165 4446 esse
3205 4406 3406 4447 revera
3438 4391 3638 4464 caligi-

1978 4496 2113 4536 nem
2145 4482 2512 4537 tenebrosam
2537 4501 2550 4549 ;
2573 4498 2689 4552 qua
2736 4481 3078 4552 ignorantia
3135 4481 3314 4537 etiam
3347 4480 3501 4538 inter
3532 4499 3637 4537 nos

224 4581 351 4644 ζειν.
414 4574 476 4629 Εἰ
539 4575 628 4628 οὖν
693 4573 816 4643 εἰσι,
877 4572 1060 4651 φησὶν,
1114 4572 1164 4627 ἐν
1221 4574 1356 4643 ἡμῖν
1415 4573 1681 4638 τοιούτοι,
1713 4567 1764 4623 τί
1810 4565 1854 4620 ἂι

1981 4569 2151 4624 multi
2186 4569 2476 4637 laborant,
2527 4575 2727 4644 utpote
2761 4572 3100 4642 ignorantes
3159 4571 3636 4643 copiosissimum

223 4664 467 4738 εἴποιμεν
521 4665 644 4738 περὶ
694 4661 1112 4736 εἰδωλολατρῶν
1161 4666 1268 4716 τῶν
1320 4658 1624 4716 παντάπασι
1657 4658 1867 4712 πάντων

228 4759 498 4826 μυστικῶν
575 4752 866 4827 ἀμετόχων
940 4751 1029 4805 καὶ
1102 4751 1257 4826 [πρὸς
1315 4749 1442 4822 ξὸνα
1506 4747 1871 4817 τεθ·ηπὸτω·,;

226 4844 442 4918 Κυρίως
479 4842 576 4914 μὲν
609 4842 700 4896 οὗν
735 4838 862 4895 ὄντα
907 4841 975 4894 τά
1020 4840 1209 4909 νοητά·
1245 4838 1559 4912 ὁμωνύμως
1613 4834 1668 4890 δὲ
1692 4835 1758 4890 τά
1789 4835 1873 4889 αἶ-

595 4929 635 4948 Vn

223 4935 414 5002 σθητά.
453 4933 530 4989 Τὸ
591 4929 647 4985 δὲ
686 4930 818 5003 ὑπὲρ
863 4929 1088 4990 τούτους
1135 4929 1262 4990 τοὺς
1312 4927 1540 4988 πιστοὺς
1594 4924 1872 4996 δηλονότι,

222 5023 346 5084 τοὺς
379 5022 431 5077 έν
464 5026 582 5082 τοῖς
612 5023 869 5098 φθαρτοῖς
901 5018 1320 5094 ἐνισχημένους.

299 5293 426 5346 Δέον
476 5289 561 5345 ἐπ’
609 5289 767 5363 αὐτῇ.
815 5289 901 5349 Ὠς
946 5287 1118 5341 πάντα
1166 5284 1332 5356 οὕσης
1390 5284 1729 5359 θεοπρεπῶς,
1789 5281 1878 5336 καί

231 5377 401 5451 μηδὲν
458 5376 626 5450 οὔσης
687 5376 1044 5454 ὑπερουσίως·
1077 5374 1210 5446 αὕτη
1268 5374 1368 5451 γάρ
1426 5375 1511 5428 καὶ
1575 5371 1715 5435 θέσις
1767 5371 1879 5428 ἐστὶ

231 5469 322 5523 καὶ
373 5468 661 5547 ἀπόφασις,
721 5466 832 5522 ἐπεὶ
895 5467 983 5522 καὶ
1042 5464 1243 5540 κυρίως
1299 5462 1580 5542 ἀμφότερα
1637 5461 1724 5516 ἐπὶ
1782 5469 1881 5532 τῆς

311 5669 386 5739 (g)
418 5667 570 5724 Psal.
599 5684 748 5733 xcvr,
780 5670 834 5721 2.
871 5667 945 5738 (ἡ)
979 5665 1134 5722 Psal.
1167 5682 1306 5732 xvu,
1342 5665 1439 5719 12.

1984 4657 2174 4714 lumen
2207 4660 2520 4716 obscurare
2552 4677 2784 4716 omnem
2833 4664 3160 4732 aspectum.
3197 4661 3254 4716 Si
3280 4661 3460 4733 igitur
3489 4662 3642 4718 inter

1985 4761 2091 4800 nos
2125 4745 2268 4801 tales
2301 4747 2438 4813 sint,
2473 4747 2611 4819 quid
2640 4747 2904 4802 dicemus
2935 4749 3006 4802 de
3029 4747 3373 4815 idololatris,
3401 4748 3520 4818 qui,
3546 4765 3639 4802 ar-

1985 4850 2265 4889 canorum
2300 4836 2429 4891 ﬁdei
2452 4841 2738 4908 expertes,
2765 4836 2939 4891 etiam
2974 4837 3292 4892 simulacra
3331 4841 3638 4908 stupentes

1984 4926 2382 4980 venerantur?
2415 4929 2614 4996 Itaque
2637 4925 3027 4997 intelligibilia
3059 4927 3210 4982 232
3243 4930 3384 4980 sunt
3411 4926 3642 4996 proprie

1987 5006 2137 5082 ὄντα,
2169 5031 2271 5069 seu
2305 5033 2373 5070 ea
2404 5032 2533 5086 qua:
2555 5019 2714 5081 sunt,
2749 5015 3038 5085 mquivoce
3067 5031 3198 5069 vero
3221 5012 3499 5080 sensilia;
3533 5013 3642 5070 hoc

1989 5113 2179 5162 autem
2207 5121 2376 5176 supra
2407 5104 2805 5176 hos,designat
2835 5103 3033 5159 ﬁdeles
3066 5102 3164 5174 qui
3198 5102 3257 5156 in
3291 5101 3641 5174 corruptibi-

1989 5196 2143 5250 libus
2176 5195 2421 5249 haerent.

2061 5285 2196 5340 Cum
2225 5291 2468 5355 oporteat
2497 5282 2556 5338 in
2605 5301 2693 5339 ea.
2753 5281 3056 5352 Tanquam
3118 5297 3245 5354 quae
3297 5281 3499 5337 omnia
3552 5285 3642 5337 est

1993 5377 2163 5432 modo
2195 5375 2311 5430 Deo
2341 5371 2968 5443 convenienti,etnihil
2999 5376 3092 5428 est
3122 5373 3294 5429 modo
3324 5373 3641 5429 essentiam

1991 5469 2338 5538 superante;
2359 5464 2480 5520 haec
2509 5463 2664 5518 enim
2691 5462 3003 5519 afﬁrmatio
3025 5465 3114 5518 est
3136 5479 3202 5518 ac
3235 5463 3642 5534 negatio,quo-
