4062 6366
478 367 584 422 419

1328 366 1689 418 APPENDIX
1727 367 1824 418 AD
1862 363 2106 417 ΟΡΕΒΔ
2142 362 2200 414 Β.
2239 359 2554 418 DIONYSII
2591 364 3094 420 AREOPAGITE.

3795 364 3898 418 420

475 493 634 548 niam
667 495 909 562 utraque
952 490 1023 544 de
1071 489 1269 544 divina
1300 489 1606 558 majestate
1636 488 1931 543 dicuntur.
1970 483 2113 549 Quid

2237 481 2378 546 θείας
2413 482 2664 561 λέγονται
2719 486 3163 561 μεγαλειότητος.
3194 487 3260 542 Τί
3314 482 3369 540 δέ
3414 485 3546 540 εἰσιν
3592 487 3645 539 αἱ
3683 486 3894 564 duced-

478 584 674 636 autem
708 579 828 635 sint
858 577 1194 649 negationes
1225 575 1583 633 ablationum
1615 580 1671 631 et
1692 574 2123 630 afﬁrmationes

475 668 861 742 positionum,
894 683 959 721 ac
991 665 1133 737 quid
1171 666 1542 738 privationcs,
1575 669 1701 720 tum
1735 665 1842 720 hoc
1872 664 1996 718 loco
2028 679 2124 718 ex-

475 757 743 828 plicatur,
776 761 904 811 tum
934 755 1192 811 maxime
1215 755 1273 810 in
1302 756 1474 810 tertio
1503 755 1692 826 capite
1713 753 1846 809 libri
1878 754 1954 808 De
1981 751 2124 808 divi-

474 847 561 900 nis
594 844 913 901 nominibus
942 842 1289 900 excellenter
1306 849 1362 899 et
1386 846 1509 898 fuse
1542 842 1943 915 exposuimus.

547 935 871 990 Contrarias
891 932 1378 1004 esse.Negationes
1412 948 1524 987 non
1551 929 1764 1004 opponi
1785 929 2125 986 afﬁrmatio-

476 1024 651 1079 nibus
677 1024 736 1078 in
768 1023 885 1078 Deo
906 1042 919 1090 ;
937 1039 1069 1077 nam
1084 1022 1238 1078 Deus
1255 1025 1491 1094 superat
1513 1035 1746 1076 omnem
1772 1018 2128 1076 ablationem

472 1119 529 1168 et
560 1111 1090 1184 positionem.Lege
1121 1111 1296 1166 etiam
1316 1110 1375 1165 in
1408 1110 1557 1166 libro
1581 1115 1660 1166 De
1683 1109 1889 1166 caelesti
1909 1109 2123 1164 hierar-

471 1203 597 1257 chia
627 1201 801 1274 paulo
823 1203 955 1272 post
989 1199 1365 1271 principium.

542 1382 694 1450 §III.
723 1383 832 1438 Hac
880 1381 1072 1452 utique
1135 1381 1349 1436 ratione
1405 1377 1630 1435 divinus
1670 1380 2121 1436 Bartholomeeus.

472 1469 619 1526 Hinc
648 1471 824 1527 etiam
858 1475 991 1525 nota
1025 1469 1152 1524 sine
1180 1469 1410 1524 ﬁctione
1433 1467 1556 1524 haec
1573 1468 1772 1523 divina
1803 1485 1979 1540 opera
1998 1483 2127 1524 esse

477 1559 674 1632 magni
706 1559 1000 1631 Dionysii;
1036 1562 1245 1629 praeter
1275 1557 1429 1629 quod
1462 1557 1618 1612 enim
1649 1557 1708 1612 in
1732 1557 2027 1630 prioribus
2052 1556 2124 1611 li-

474 1649 596 1704 bris
628 1648 1026 1719 quorumdam
1060 1647 1158 1718 qui
1184 1646 1469 1719 apostolis
1489 1646 1870 1702 convixerunt
1886 1650 2124 1702 senten-

470 1737 690 1793 tiarum
705 1736 1163 1807 meminit,nunc
1184 1736 1384 1792 statim
1407 1736 1760 1792 sententiam
1784 1735 1964 1792 divini
1985 1735 2123 1791 Bar-

469 1826 766 1882 tholomaei
799 1825 1228 1895 adducit,sicut
1249 1824 1596 1896 declarat,16
1628 1823 1812 1902 φησίν,
1844 1827 1965 1893 ait;
1987 1841 2123 1880 nam

469 1915 518 1972 si
551 1916 777 1988 absque
809 1915 1030 1987 scripto
1063 1913 1380 1985 docuisset,
1415 1914 1670 1984 profecto
1729 1913 1975 1970 dixisset
1999 1908 2123 1990 ἔφη,

468 2006 674 2063 aiebat.
705 2004 853 2061 Nota
883 2020 1016 2060 eum
1047 2003 1251 2059 afferre
1283 2003 1636 2059 sententiam
1660 2002 1845 2060 sancti
1877 2003 2124 2060 Bartho-

469 2095 683 2165 lomasi,
715 2094 1008 2166 quomodo
1036 2091 1332 2164 theologia
1361 2093 1441 2148 sit
1461 2108 1675 2164 magna
1705 2097 1763 2149 et
1785 2091 2050 2148 minima.

541 2275 814 2342 Quoniam
843 2281 896 2330 et
924 2274 1136 2346 copiosi
1163 2276 1451 2340 sermonis,
1485 2275 1581 2330 Gr.
1636 2271 1975 2348 πολυλόγος.
2008 2278 2121 2329 Πο-

470 2359 706 2438 λυλόγος
762 2367 1006 2419 accentu
1060 2363 1120 2418 in
1180 2361 1524 2434 penultima,
1581 2363 1678 2434 qui
1732 2365 1910 2420 multa
1941 2363 2117 2431 dicit;

466 2449 781 2526 πολύλογος
813 2455 1056 2507 accentu
1087 2451 1146 2506 in
1162 2449 1642 2522 antepenultima,
1660 2452 1758 2522 qui
1786 2451 1979 2507 multis
1997 2467 2121 2507 ver-

469 2541 550 2596 bis
577 2539 788 2612 indiget
818 2559 832 2609 ;
866 2539 1020 2598 sicut
1049 2539 1226 2595 etiam
1258 2537 1609 2613 πρωτότοκος
1639 2543 1882 2595 accentu
1915 2539 1974 2595 in
2011 2557 2118 2596 an-

465 2627 871 2700 tepenultima,
894 2631 991 2701 qui
1017 2629 1198 2700 primo
1225 2630 1446 2700 paritur
1471 2647 1495 2693 ;
1523 2626 1877 2701 πρωτοτόκος
1908 2645 2040 2685 vero
2058 2630 2116 2685 in

464 2716 812 2790 penultima,
843 2719 1049 2773 mulier
1078 2732 1205 2790 quae
1230 2718 1414 2790 primo
1440 2719 1613 2789 parit.
1647 2717 1741 2772 Sic
1781 2717 2068 2773 Homerus
2101 2735 2114 2773 :

534 2810 690 2864 Nunc
717 2809 966 2880 primum
994 2808 1214 2866 pariens
1245 2807 1466 2878 Cinyre,
1498 2807 1656 2878 prius
1703 2808 1877 2862 inscia
1904 2815 2114 2878 partus.

539 2897 852 2968 Utpotequae
871 2911 1049 2966 neque
1064 2895 1659 2953 rationem.Nimirum
1685 2895 1785 2966 qui
1819 2895 2115 2968 propriam

464 2988 737 3039 naturam
791 2988 1172 3055 repraesentet
1203 2983 1262 3038 in
1300 2984 1576 3040 externis.
1605 2982 1794 3038 Simili
1843 2985 2015 3040 modo
2046 2985 2116 3040 de

462 3070 857 3144 intelligentia
899 3071 1364 3145 intelligendum.

533 3161 731 3216 Divina
754 3163 944 3217 omnia
973 3161 1190 3217 Iumina
1221 3166 1272 3219 et
1293 3178 1470 3219 sonos.
1505 3163 1692 3219 Sonos
1723 3165 1779 3219 et
1811 3178 2112 3220 sermones

461 3249 725 3306 caelestes
758 3250 901 3306 dicit
929 3268 996 3308 ea
1029 3267 1157 3322 quae
1183 3253 1253 3308 de
1284 3255 1395 3307 Deo
1435 3252 1494 3308 in
1552 3252 1868 3325 Scripturis
1917 3252 2115 3308 dicun-

459 3343 576 3408 tur,
610 3343 894 3412 tanquam
935 3341 1190 3397 rationes
1250 3359 1365 3396 non
1417 3342 1740 3398 secundum
1789 3342 2110 3399 humanam

457 3432 513 3485 et
541 3433 828 3486 terrenam
862 3429 1334 3503 intelligentiam,
1370 3431 1472 3487 sed
1507 3432 1828 3487 secundum
1854 3431 2110 3488 divinam

455 3516 906 3591 intelligentiam
940 3519 1097 3575 dicta
1126 3523 1183 3576 et
1215 3520 1451 3576 tradita.

526 3607 758 3662 Divinas
787 3609 1012 3680 Moyses.
1049 3609 1199 3664 Nota
1232 3609 1526 3681 quomodo
1575 3609 1644 3665 de
1696 3611 1891 3682 Moyse
1921 3609 2107 3666 disse-

455 3701 570 3764 rat,
604 3712 816 3768 nempe
845 3696 945 3752 ubi
999 3696 1056 3752 in
1090 3701 1349 3754 montem
1401 3699 1786 3765 ascendisset,
1843 3702 2017 3770 atque
2048 3699 2107 3754 in

454 3782 762 3856 caliginem
793 3784 1102 3856 ingressus
1135 3785 1364 3854 fuisset,
1396 3786 1614 3843 vidisse
1655 3791 1942 3858 quantum
1971 3787 2108 3843 licet

452 3872 698 3944 homini,
731 3876 935 3929 Deum.
962 3875 1211 3930 Adverte
1241 3876 1418 3931 etiam
1450 3875 1713 3932 ordinem
1743 3892 1944 3932 eorum
1979 3892 2106 3948 quae

450 3962 511 4017 in
541 3965 734 4035 Moyse
769 3961 922 4018 283
944 3963 1200 4034 perlecta
1225 3967 1384 4032 sunt,
1417 3969 1734 4037 antequam
1767 3965 1984 4037 dignus
2007 3963 2107 4021 ha-

450 4051 689 4107 beretur
716 4050 974 4106 divinam
1011 4051 1324 4125 caliginem
1357 4053 1607 4126 ingredi.

522 4139 627 4196 Sed
658 4141 837 4196 locum
863 4141 960 4196 ubi
988 4145 1165 4198 stetit.
1200 4143 1341 4210 Quis
1405 4143 1484 4199 sit
1514 4143 1677 4199 locus
1709 4143 1765 4198 in
1798 4159 1912 4217 quo
1943 4143 2106 4199 stetit

450 4227 606 4285 Deus
629 4245 824 4285 coram
849 4230 1064 4302 Moyse,
1093 4237 1148 4288 et
1205 4232 1346 4303 quid
1379 4233 1498 4288 sint
1543 4232 1854 4288 cacumina
1883 4231 2101 4288 intelli-

449 4317 713 4390 gibilium
750 4322 805 4375 et
836 4319 977 4390 quid
1005 4319 1731 4392 sensilium,exposuimus
1764 4321 1822 4376 in
1856 4320 2003 4378 libro
2027 4327 2104 4379 De

445 4409 656 4465 calcati
688 4409 1006 4466 hierarchia
1028 4409 1086 4465 in
1123 4409 1238 4465 fine
1269 4410 1478 4480 capitis
1511 4409 1708 4482 primi.

521 4585 940 4656 Hypothetieas.
1000 4585 1382 4650 Ὑποθετικοὺς
1444 4584 1640 4662 λόγους
1681 4587 1820 4644 dicit
1849 4588 2104 4648 rationes
2133 4593 2182 4660 D

448 4689 575 4744 qua
603 4689 694 4729 res
725 4675 1090 4746 describunt,
1123 4679 1181 4731 et
1214 4675 1384 4749 quasi
1434 4676 1924 4750 contemplantur,
1954 4696 2102 4754 quas

449 4763 530 4819 ait
559 4779 689 4819 esse
718 4762 834 4819 Deo
869 4763 1164 4834 subjectae
1189 4789 1203 4832 ;
1227 4781 1329 4838 per
1358 4763 1519 4838 ipsas
1544 4767 1697 4822 enim
1727 4783 1830 4824 seu
1863 4783 1966 4840 per
1995 4769 2103 4825 ha-

449 4870 578 4908 rum
615 4853 1110 4926 perseverantiam
1145 4859 1199 4910 et
1257 4855 1780 4928 conservationem,
1825 4857 2104 4915 docemur

445 4942 646 5016 ipsum
701 4945 980 5001 omnibus
1040 4951 1412 5018 praesentem,
1474 4965 1590 5004 non
1647 4952 1965 5006 transeudo
1996 4952 2098 5007 sed

445 5034 806 5105 providendo
859 5051 872 5091 :
918 5035 1209 5108 spiritalia
1257 5052 1391 5092 vero
1451 5037 1776 5108 cacumina,
1833 5039 2101 5098 caelestes

447 5137 514 5179 ac
555 5122 953 5197 intelligentes
984 5125 1275 5182 essentias
1333 5141 1460 5197 qua:
1519 5127 1672 5184 circa
1718 5127 1903 5185 Deum
1936 5134 2099 5202 sunt,

443 5216 783 5284 vocat,quas
811 5215 986 5270 etiam
1021 5213 1148 5271 loca
1170 5215 1358 5288 ipsius
1381 5217 1753 5273 sanctissima
1775 5219 2100 5278 nominavit

446 5300 664 5372 quibus
698 5305 1123 5377 supereminet,
1157 5307 1260 5362 aut
1293 5323 1326 5362 a
1356 5305 1572 5378 quibus
1601 5305 1899 5379 liberatur,
1933 5309 2097 5367 nullo

445 5390 621 5447 modo
654 5407 897 5465 prorsus
927 5393 1075 5467 ipsis
1105 5394 1462 5452 inhabitans.

2234 593 2342 634 σεις
2370 579 2476 628 τῶν
2528 575 2860 652 ἀφαιρέσεων
2907 575 2996 631 καὶ
3048 577 3100 630 αἱ
3144 573 3468 653 καταφάσεις
3514 579 3623 630 τῶν
3671 574 3889 644 θέσεων,

2233 663 2321 715 καὶ
2350 663 2403 717 τί
2436 665 2490 718 αἱ
2523 667 2822 740 στερήσεις,
2854 665 2944 720 καὶ
2995 663 3220 719 ἐνταῦθα
3252 665 3624 741 σαφηνίζεται,
3662 664 3753 718 καὶ
3790 665 3889 735 μά-

2235 750 2390 806 λιστα
2442 752 2492 806 ἐν
2536 759 2614 824 τῷ
2659 753 2830 830 τρίτῳ
2860 752 3169 828 κεφαλαίῳ,
3215 753 3304 806 καὶ
3339 753 3391 807 ἐν
3422 758 3500 825 τῷ
3557 753 3687 826 Περὶ
3736 753 3888 816 θείων

2242 839 2524 914 ὀνομάτων
2559 842 2707 920 λόγῳ
2738 840 3008 920 διαφόρως
3039 842 3128 897 καὶ
3161 841 3413 905 πλατέως
3455 844 3821 916 παρεθέμεθα.

2307 931 2709 1004 Ἀντικειμένας
2759 932 2916 988 εἶναι.
2951 932 3072 988 ’Ότι
3125 931 3212 985 ἐπὶ
3265 935 3398 986 Θεοῦ
3439 930 3537 986 οὐκ
3567 931 3892 986 ἀντίκεινται

2241 1019 2294 1072 αἱ
2353 1019 2651 1097 ἀποφάσεις
2708 1025 2826 1082 ταῖς
2885 1021 3242 1098 καταφάσεσιν
3281 1039 3292 1051 ⁶
3359 1020 3489 1092 ὑπὲρ
3558 1026 3734 1074 πᾶσαν
3790 1022 3890 1095 γάρ

2241 1107 2378 1161 ἐστιν
2414 1109 2441 1162 6
2472 1109 2601 1173 Θεὸς
2647 1108 2736 1163 καὶ
2787 1108 3064 1186 ἀφαίρεσιν
3111 1109 3198 1164 καὶ
3247 1109 3410 1173 θέσιν,
3459 1110 3755 1183 Ἀνάγνωθι
3803 1110 3892 1164 καὶ

2240 1195 2291 1250 ἐν
2323 1202 2438 1260 τοῖς
2475 1199 2603 1272 Περὶ
2631 1202 2730 1264 τῆς
2779 1197 3029 1274 οὐρανίας
3075 1197 3366 1274 ἱεραρχίας
3417 1199 3531 1270 μετ’
3565 1195 3759 1274 ὀλίγον
3793 1201 3892 1262 τῆς

2239 1285 2438 1362 ἀρχῆς·

2310 1377 2336 1449 §
2386 1378 2484 1433 IlI.
2546 1375 2700 1431 Οὕτω
2753 1381 2883 1453 γοῦν
2942 1377 2969 1431 6
3029 1381 3174 1441 θεῖος
3234 1377 3655 1453 Βαρθολομαῖος
3695 1420 3706 1434 ,
3772 1382 3885 1446 Ση-

2240 1464 2465 1537 μείωσαι
2495 1464 2585 1519 καὶ
2616 1464 2850 1521 ἐντεῦθεν
2884 1468 2931 1502 ’⁸
2957 1467 3020 1520 τὸ
3052 1465 3326 1520 ἄπλαστον
3358 1470 3454 1520 τοῦ
3488 1467 3614 1520 εἶναι
3639 1468 3687 1502 ³³
3725 1464 3892 1520 ταῦτα

2233 1553 2299 1608 τὰ
2331 1555 2447 1608 θεῖα
2480 1557 2819 1630 συντάγματα
2859 1559 2954 1610 τοῦ
3001 1554 3244 1630 μεγάλου
3297 1553 3599 1611 Διονυσίου.
3635 1555 3782 1629 Πρὸς
3812 1555 3891 1614 οἷς

2232 1643 2332 1718 γὰρ
2379 1641 2428 1697 ἐν
2477 1649 2597 1707 τοῖς
2660 1643 2948 1719 προτέροις
2998 1643 3187 1721 λόγοις
3235 1647 3396 1698 τινῶν
3454 1647 3564 1698 τῶν
3624 1644 3891 1698 συνόντων

2231 1737 2346 1793 τοῖς
2406 1732 2734 1797 ἀποστόλοις
2790 1735 3013 1807 μνήμην
3073 1735 3329 1810 χρήσεων
3404 1731 3731 1804 ἐποιήσατο,
3808 1735 3893 1785 νῦν

2155 1853 2203 1918 Β
2234 1821 2634 1918 παραπλησίως
2680 1826 2777 1918 τού
2821 1823 2966 1918 θείου
3016 1820 3448 1918 Βαρ-θολομαίου
3486 1828 3696 1918 χρῆ-σιν
3742 1821 3885 1918 ἄγει,

2235 1911 2308 1973 ὡς
2341 1909 2507 1982 δηλοῖ
2550 1912 2612 1966 τὸ
2644 1911 2826 1989 φησίν
2863 1911 2907 1966 εἶ
2956 1912 3059 1987 γὰρ
3111 1911 3370 1987 ἀγράφως
3414 1911 3481 1980 ἦν
3530 1908 3770 1982 διδάξας,
3815 1909 3890 1964 εἰ·

2235 2003 2389 2072 ρήκει
2427 2000 2507 2072 ἂν,
2552 1998 2676 2078 ἔφη.
2725 1999 3040 2073 Βημείωσαι
3093 1997 3150 2054 δὲ
3197 2001 3280 2054 ὅτι
3329 2003 3424 2054 τοῦ
3475 1998 3628 2075 ἁγίου
3680 2001 3889 2074 Βαρθοο

2234 2087 2470 2162 λομαίου
2503 2096 2702 2166 χρῆσιν
2737 2090 3016 2168 προφέρει,
3050 2094 3168 2151 πῶς
3199 2087 3386 2158 πολλή
3421 2087 3510 2143 καὶ
3542 2087 3816 2163 ἐλαχίστη
3852 2089 3884 2157 ἠ

2235 2176 2514 2253 θεολογία.

2301 2270 2423 2325 Ὅτι
2481 2267 2569 2323 καὶ
2627 2268 2968 2344 πολυλόγος.
3028 2265 3351 2344 Πολυλόγος
3419 2268 3804 2342 παροξυτόνως
3865 2269 3890 2320 ὅ

2231 2355 2418 2413 πολλά
2448 2355 2648 2434 λέγων’
2681 2357 3002 2434 πολύλογος
3050 2355 3109 2412 δὲ
3152 2357 3648 2433 προπαροξυτόνως
3683 2358 3712 2412 6
3744 2355 3885 2413 πολ-

2231 2445 2344 2502 λῶν
2389 2445 2570 2524 λόγων
2623 2444 2902 2520 δεόμενοςο
2947 2447 3022 2510 ὡς
3071 2449 3158 2502 καὶ
3205 2447 3558 2524 πρωτότοκος
3607 2467 3886 2522 προπαρο-

2232 2537 2464 2607 ξυτόνως
2511 2539 2538 2591 6
2579 2538 2815 2611 πρώτως
2863 2536 3098 2612 τεχθείς·
3149 2536 3501 2613 πρωτοτόκος
3547 2533 3604 2591 δὶ
3652 2539 3890 2610 παροξυ-

2226 2627 2400 2690 τόνως
2428 2630 2462 2696 ἡ
2493 2629 2727 2702 πρώτως
2756 2631 2984 2681 τεκοῦσα
3013 2626 3170 2703 γυνὴ,
3204 2626 3279 2688 ὡς
3312 2625 3402 2680 καὶ
3431 2627 3708 2700 ’Όμηροςο

2228 2807 2584 2883 Πρωτοτόκος
2619 2806 2848 2880 Κινύρη,
2882 2805 2942 2860 οὐ
2975 2807 3100 2880 πρὶν
3137 2804 3311 2860 εῗδυῖα
3339 2805 3525 2860 τόκοιο
3566 2809 3653 2880 (‘).

2295 2897 2390 2957 ‘Oc;
2431 2892 2552 2948 οὐτε
2597 2891 2785 2970 λόγον.
2839 2891 3061 2964 Δηλαδή
3108 2901 3206 2964 τῆς
3251 2893 3450 2957 οἰκείοις
3505 2894 3715 2971 φύσεως
3777 2915 3880 2948 πα-

2227 2982 2544 3059 ραστατικὸν
2577 2981 2629 3038 ἐν
2653 2988 2768 3046 τοῖς
2802 2977 3014 3055 ἔξωθεν.
3048 2984 3290 3056 Ὁμοίως
3333 2981 3423 3037 καὶ
3473 2981 3597 3058 περῖ
3637 2984 3885 3054 νοήσεως

2224 3071 2470 3143 νοητέον.

2298 3161 2476 3217 Πάντα
2525 3167 2642 3226 θεῖα
2695 3165 2846 3238 φῶτα
2889 3161 2977 3217 καὶ
3033 3161 3230 3237 ⁸ἤχους.
3278 3163 3488 3238 Ἧχους
3535 3161 3626 3216 καὶ
3682 3160 3890 3236 λόγους

2225 3251 2505 3329 οὐρανίους
2557 3252 2690 3331 φησί
2737 3253 2803 3306 τά
2848 3251 2970 3326 περὶ
3021 3256 3153 3306 Θεοῦ
3209 3249 3259 3306 ἐν
3308 3255 3426 3313 ταῖς
3468 3255 3705 3329 Γραφαῖς
3734 3250 3887 3325 εἰρη-

2227 3343 2377 3416 μένα,
2411 3343 2485 3405 ὡς
2519 3343 2593 3413 μὴ
2647 3340 2783 3395 κατά
2831 3341 2930 3408 τὴν
2978 3341 3321 3416 ἀνθρωπίνην
3375 3340 3465 3395 καὶ
3512 3339 3710 3415 γηίνην
3766 3339 3884 3394 ἐπί-

2220 3452 2394 3500 νοιαν,
2426 3429 2570 3486 ἀλλά
2606 3431 2742 3485 κατά
2787 3429 2931 3494 θείαν
2990 3428 3228 3485 ἐπίνοιαν
3281 3428 3548 3505 λεχθέντα
3591 3429 3682 3483 καὶ
3712 3449 3888 3504 παρα-

2221 3516 2465 3584 δοθέντα.

2289 3611 2351 3666 Ὀ
2383 3613 2526 3673 θεῖος
2569 3610 2834 3674 Μωϋσῆς.
2885 3606 3223 3682 Σημείωσαι,
3273 3612 3392 3670 πῶς
3443 3605 3778 3685 διεξέρχεται
3817 3609 3885 3663 τά

2217 3697 2339 3770 περὶ
2381 3705 2656 3770 Μωϋσεος,
2689 3697 2796 3765 ὅτι,
2844 3697 2896 3751 ἐν
2948 3701 3026 3769 τῷ
3055 3693 3166 3772 ὄρει
3219 3695 3460 3761 ἀνελθὼν
3494 3699 3584 3752 καὶ
3613 3696 3878 3753 εἷσελθὼν

2215 3789 2291 3850 εἰς
2321 3787 2410 3843 τὸν
2434 3786 2632 3865 γνόφον
2666 3785 2824 3859 εἶδεν,
2855 3788 2930 3849 ὡς
2983 3786 3200 3864 ἐφικτὸν
3250 3785 3544 3863 ἀνθρώπῳ,
3581 3787 3672 3842 τὸν
3723 3787 3879 3844 Θεόν.

2217 3879 2537 3951 Σημείωσαι
2565 3877 2654 3931 καὶ
2688 3877 2782 3944 τήν
2815 3876 2961 3946 τάξιν
2997 3880 3105 3930 τῶν
3136 3873 3496 3931 τελεσθέντων
3527 3874 3615 3930 ἐπὶ
3662 3878 3877 3946 Μωσεῖ,

2213 3969 2339 4044 πρὶν
2372 3967 2663 4038 ἀξιωθῆναι
2699 3965 2960 4020 εἴσελθεῖν
2996 3964 3074 4028 εἰς
3104 3965 3194 4020 τὸν
3231 3970 3377 4029 θεῖον
3409 3966 3629 4044 γνόφον.

2286 4143 2464 4201 Ἀλλὰ
2518 4145 2608 4200 τὸν
2659 4145 2826 4200 τόπον
2884 4145 2945 4198 οὗ
3003 4139 3154 4216 ἔστη.
3217 4143 3313 4206 Τίς
3387 4145 3414 4197 ὁ
3472 4143 3641 4206 τόπος
3708 4143 3762 4198 ἐν
3825 4145 3871 4215 ᾧ

2213 4233 2338 4306 ἔστη
2387 4237 2415 4290 6
2461 4234 2592 4297 Θεὸς
2644 4233 2731 4289 ἐπὶ
2784 4235 3082 4304 Μωυσέως,
3134 4233 3223 4288 καὶ
3273 4231 3326 4288 τί
3379 4233 3519 4288 ἐστιν
3569 4231 3876 4307 ἀκρότητος

2211 4328 2443 4396 νοητῶν,
2495 4323 2584 4378 καὶ
2639 4322 2690 4377 τί
2751 4323 2983 4397 ὁρατῶν,
3044 4321 3096 4377 ἐν
3151 4326 3230 4394 τῷ
3295 4321 3423 4395 Περὶ
3471 4324 3572 4388 τῆς
3620 4321 3670 4376 ἐν
3715 4322 3880 4394 οὐρα-

2210 4420 2326 4476 νοῖς
2384 4411 2667 4489 ἱεραρχίας
2719 4413 2796 4474 εἷς
2848 4413 2909 4467 τὸ
2961 4410 3120 4474 τέλος
3165 4415 3264 4466 τοῦ
3307 4412 3528 4486 πρώτου
3573 4409 3874 4488 κεφαλαίου

2211 4500 2596 4577 διεξήλθομεν.

2284 4591 2698 4656 Ὑποθετικούς·
2776 4590 3156 4655 Ὑποθετικοὺς
3228 4587 3425 4666 λόγους
3507 4589 3688 4668 φησὶ,
3743 4590 3873 4652 τοὺς

2213 4679 2644 4760 ὐπογραφικοῦς,
2673 4679 2707 4750 ἦ
2741 4679 2816 4742 ὡς
2861 4678 3226 4755 θεωρητικοῦς
3274 4681 3319 4716 ²⁸
3348 4683 3455 4734 τῶν
3503 4674 3697 4748 ὄντων,
3734 4681 3869 4751 ἅπερ

2215 4765 2641 4842 ὑποϐεϐλημένα
2695 4763 2794 4846 ἔφη
2855 4772 2935 4841 τῷ
2992 4771 3110 4840 Θεῷ
3165 4769 3323 4822 εἶναι’
3383 4765 3452 4820 δι’
3512 4765 3688 4821 αὐτῶν
3742 4767 3868 4842 γάρ,

2210 4858 2381 4936 ἤγουν
2428 4865 2530 4928 τῆς
2580 4857 2786 4912 τούτων
2839 4855 3128 4931 διαμονῆς,
3160 4855 3248 4911 καὶ
3302 4857 3707 4930 συντηρήσεως,
3747 4863 3868 4918 τοῖς

2210 4955 2369 5004 πᾶσιν
2414 4947 2571 5002 αὐτὸν
2629 4953 2875 5018 παρεῖναι
2923 4943 3308 5019 διδασκόμεθα,
3343 4945 3406 4998 οὐ
3467 4939 3863 5017 μεταϐατικῶς,

2211 5037 2357 5094 ἀλλά
2399 5041 2800 5110 προνοητικῶς’
2847 5035 3052 5106 νοητάς
3100 5032 3157 5089 δὶ
3206 5033 3509 5109 ἀκρότητας
3563 5032 3661 5096 τὰς
3709 5033 3869 5108 οὐρα-

2208 5129 2345 5198 νίας,
2374 5129 2463 5182 καὶ
2508 5125 2694 5202 νοερᾶς
2745 5125 2932 5186 οὐσίας
2978 5125 3077 5187 τάς
3124 5123 3248 5198 περὶ
3300 5123 3426 5177 Θεὸν
3482 5119 3643 5183 οὔσας
3684 5122 3864 5193 καλεῖ,

2207 5215 2266 5278 ἃς
2317 5214 2407 5270 καὶ
2455 5213 2654 5276 τόπους
2705 5212 2870 5267 αὐτοῦ
2918 5213 3252 5288 ἀγιωτάτους
3301 5209 3601 5283 ὠνόμασεν·
3659 5210 3734 5263 ὧν
3776 5209 3864 5265 καὶ

2206 5305 2379 5361 αὐτῶν
2409 5303 2740 5376 ὐπέρκειται,
2773 5305 2808 5373 ἢ
2841 5301 2914 5366 ὡς
2958 5300 3276 5371 ἀπολύεται,
3309 5298 3446 5354 κατᾶ
3478 5296 3649 5373 μηδὲν
3683 5299 3866 5361 αὐτοῖς

2206 5397 2351 5461 ὅλως
2381 5395 2736 5470 προσεοικώς.

1444 5576 1682 5634 νΑΗιίΕ
1723 5578 2114 5636 LECTIONES
2153 5581 2244 5636 ET
2284 5575 2844 5635 CORRECTIONES.

506 5697 552 5732 ²²
579 5715 669 5772 γρ.
704 5694 942 5762 ἐνταῦθα.

1023 5701 1068 5736 ²³
1097 5720 1184 5776 γρ.
1218 5700 1558 5758 καθεστάναι.
1592 5704 1660 5774 (⁸)
1697 5707 1766 5757 II.
1801 5721 1937 5776 XVII,
1964 5708 2018 5761 5.
2095 5709 2140 5742 3‘
2173 5725 2260 5780 γρ.
2295 5703 2467 5778 ἤγουν
2498 5700 2894 5776 θεωρητικούς.
