  <div class='ocr_page' id='page_1' title='image "/cluster/home/n/w/nwhite01/storage/ocr_20150623/4/mdp.39015078384529/220.png"; bbox 0 0 4062 6366; ppageno 0'>
   <div class='ocr_carea' id='block_1_1' title="bbox 196 359 2880 423">
    <p class='ocr_par' dir='ltr' id='par_1_1' title="bbox 196 359 2880 423">
     <span class='ocr_line' id='line_1_1' title="bbox 196 359 2880 423; baseline 0.003 -15"><span class='ocrx_word' id='word_1_1' title='bbox 196 369 288 423; x_wconf 65' lang='grc'>421</span> <span class='ocrx_word' id='word_1_2' title='bbox 917 366 978 416; x_wconf 88' lang='lat' dir='ltr'>S.</span> <span class='ocrx_word' id='word_1_3' title='bbox 1021 363 1290 416; x_wconf 75' lang='lat' dir='ltr'><strong>MAXIM!</strong></span> <span class='ocrx_word' id='word_1_4' title='bbox 1331 363 1637 416; x_wconf 84' lang='lat' dir='ltr'>SCHOLIA</span> <span class='ocrx_word' id='word_1_5' title='bbox 1674 360 1748 413; x_wconf 81' lang='lat' dir='ltr'><strong>1N</strong></span> <span class='ocrx_word' id='word_1_6' title='bbox 1787 359 1918 412; x_wconf 87' lang='lat' dir='ltr'>LIB.</span> <span class='ocrx_word' id='word_1_7' title='bbox 1959 359 2055 411; x_wconf 80' lang='lat' dir='ltr'><strong>DE</strong></span> <span class='ocrx_word' id='word_1_8' title='bbox 2098 363 2407 416; x_wconf 82' lang='lat' dir='ltr'>MYSTICA</span> <span class='ocrx_word' id='word_1_9' title='bbox 2445 363 2880 418; x_wconf 79' lang='lat' dir='ltr'>THEOLOGIA.</span> 
     </span>
    </p>
   </div>
   <div class='ocr_carea' id='block_1_2' title="bbox 3501 366 3605 421">
    <p class='ocr_par' dir='ltr' id='par_1_2' title="bbox 3501 366 3605 421">
     <span class='ocr_line' id='line_1_2' title="bbox 3501 366 3605 421; baseline 0.029 -3"><span class='ocrx_word' id='word_1_10' title='bbox 3501 366 3605 421; x_wconf 72' lang='grc'>422</span> 
     </span>
    </p>
   </div>
   <div class='ocr_carea' id='block_1_3' title="bbox 259 483 1840 553">
    <p class='ocr_par' dir='ltr' id='par_1_3' title="bbox 259 483 1835 553">
     <span class='ocr_line' id='line_1_3' title="bbox 259 483 1835 553; baseline -0.008 -6"><span class='ocrx_word' id='word_1_11' title='bbox 259 491 359 547; x_wconf 79' lang='grc' dir='ltr'>Καὶ</span> <span class='ocrx_word' id='word_1_12' title='bbox 422 487 545 542; x_wconf 76' lang='grc' dir='ltr'>τότε</span> <span class='ocrx_word' id='word_1_13' title='bbox 595 488 684 542; x_wconf 83' lang='grc' dir='ltr'>καὶ</span> <span class='ocrx_word' id='word_1_14' title='bbox 721 485 892 541; x_wconf 71' lang='grc' dir='ltr'>αὗτῶν</span> <span class='ocrx_word' id='word_1_15' title='bbox 940 484 1257 540; x_wconf 66' lang='grc' dir='ltr'>ἀπολύεται.</span> <span class='ocrx_word' id='word_1_16' title='bbox 1292 485 1406 553; x_wconf 74' lang='grc' dir='ltr'>Τὴν</span> <span class='ocrx_word' id='word_1_17' title='bbox 1437 484 1572 539; x_wconf 84' lang='grc' dir='ltr'>κατά</span> <span class='ocrx_word' id='word_1_18' title='bbox 1602 483 1835 537; x_wconf 65' lang='grc' dir='ltr'>σύνθεσιν</span> 
     </span>
    </p>
   </div>
   <div class='ocr_carea' id='block_1_4' title="bbox 1958 483 3601 553">
    <p class='ocr_par' dir='ltr' id='par_1_4' title="bbox 2025 486 3601 548">
     <span class='ocr_line' id='line_1_4' title="bbox 2025 486 3601 548; baseline 0.006 -10"><span class='ocrx_word' id='word_1_19' title='bbox 2025 486 2083 539; x_wconf 70' lang='lat' dir='ltr'>F1</span> <span class='ocrx_word' id='word_1_20' title='bbox 2108 493 2237 540; x_wconf 83' lang='lat' dir='ltr'>tunc</span> <span class='ocrx_word' id='word_1_21' title='bbox 2265 489 2430 542; x_wconf 80' lang='lat' dir='ltr'>etiam</span> <span class='ocrx_word' id='word_1_22' title='bbox 2488 489 2555 542; x_wconf 89' lang='lat' dir='ltr'>ab</span> <span class='ocrx_word' id='word_1_23' title='bbox 2611 489 2680 542; x_wconf 89' lang='lat' dir='ltr'>iis</span> <span class='ocrx_word' id='word_1_24' title='bbox 2734 489 3032 543; x_wconf 79' lang='lat' dir='ltr'>absolutus.</span> <span class='ocrx_word' id='word_1_25' title='bbox 3083 490 3414 547; x_wconf 85' lang='lat' dir='ltr'>Secundum</span> <span class='ocrx_word' id='word_1_26' title='bbox 3466 508 3601 548; x_wconf 85' lang='lat' dir='ltr'>sen-</span> 
     </span>
    </p>
   </div>
   <div class='ocr_carea' id='block_1_5' title="bbox 190 573 1837 654">
    <p class='ocr_par' dir='ltr' id='par_1_5' title="bbox 190 573 1837 654">
     <span class='ocr_line' id='line_1_5' title="bbox 190 573 1837 654; baseline -0.021 3"><span class='ocrx_word' id='word_1_27' title='bbox 190 585 278 634; x_wconf 53' lang='grc' dir='ltr'>τοῦ</span> <span class='ocrx_word' id='word_1_28' title='bbox 312 579 478 654; x_wconf 67' lang='grc' dir='ltr'>ῥητοῦ</span> <span class='ocrx_word' id='word_1_29' title='bbox 536 576 788 650; x_wconf 70' lang='grc' dir='ltr'>ἐξήγησιν</span> <span class='ocrx_word' id='word_1_30' title='bbox 851 576 992 630; x_wconf 58' lang='grc' dir='ltr'>οὕτω</span> <span class='ocrx_word' id='word_1_31' title='bbox 1051 573 1298 645; x_wconf 76' lang='grc' dir='ltr'>νοητὲον,</span> <span class='ocrx_word' id='word_1_32' title='bbox 1361 575 1442 628; x_wconf 86' lang='grc' dir='ltr'>ὅτι</span> <span class='ocrx_word' id='word_1_33' title='bbox 1501 575 1528 628; x_wconf 91' lang='grc' dir='ltr'>ὁ</span> <span class='ocrx_word' id='word_1_34' title='bbox 1581 577 1837 642; x_wconf 78' lang='grc' dir='ltr'>Μωυσῆς,</span> 
     </span>
    </p>
   </div>
   <div class='ocr_carea' id='block_1_6' title="bbox 192 661 1839 742">
    <p class='ocr_par' dir='ltr' id='par_1_6' title="bbox 192 661 1839 742">
     <span class='ocr_line' id='line_1_6' title="bbox 192 661 1839 742; baseline -0.005 -20"><span class='ocrx_word' id='word_1_35' title='bbox 192 669 464 742; x_wconf 69' lang='grc' dir='ltr'>θεωρήσας</span> <span class='ocrx_word' id='word_1_36' title='bbox 523 666 616 720; x_wconf 82' lang='grc' dir='ltr'>τὸν</span> <span class='ocrx_word' id='word_1_37' title='bbox 672 664 838 720; x_wconf 80' lang='grc' dir='ltr'>τόπον</span> <span class='ocrx_word' id='word_1_38' title='bbox 873 666 933 718; x_wconf 74' lang='grc' dir='ltr'>οὗ</span> <span class='ocrx_word' id='word_1_39' title='bbox 994 663 1229 734; x_wconf 69' lang='grc' dir='ltr'>εἱστήκει</span> <span class='ocrx_word' id='word_1_40' title='bbox 1288 664 1315 717; x_wconf 85' lang='grc' dir='ltr'><strong>ὁ</strong></span> <span class='ocrx_word' id='word_1_41' title='bbox 1370 664 1521 732; x_wconf 82' lang='grc' dir='ltr'>Θεὸς,</span> <span class='ocrx_word' id='word_1_42' title='bbox 1579 661 1666 718; x_wconf 78' lang='grc' dir='ltr'>καί</span> <span class='ocrx_word' id='word_1_43' title='bbox 1718 661 1839 716; x_wconf 77' lang='grc' dir='ltr'>τότε</span> 
     </span>
    </p>
   </div>
   <div class='ocr_carea' id='block_1_7' title="bbox 189 749 1836 829">
    <p class='ocr_par' dir='ltr' id='par_1_7' title="bbox 189 749 1836 829">
     <span class='ocr_line' id='line_1_7' title="bbox 189 749 1836 829; baseline -0.005 -17"><span class='ocrx_word' id='word_1_44' title='bbox 189 757 476 820; x_wconf 76' lang='grc' dir='ltr'>ἀπολυθεὶς</span> <span class='ocrx_word' id='word_1_45' title='bbox 545 760 655 810; x_wconf 89' lang='grc' dir='ltr'>τῶν</span> <span class='ocrx_word' id='word_1_46' title='bbox 731 776 789 809; x_wconf 89' lang='grc' dir='ltr'>τε</span> <span class='ocrx_word' id='word_1_47' title='bbox 856 755 1176 829; x_wconf 72' lang='grc' dir='ltr'>ὁρωμένων,</span> <span class='ocrx_word' id='word_1_48' title='bbox 1233 749 1508 808; x_wconf 75' lang='grc' dir='ltr'>τουτέστιν</span> <span class='ocrx_word' id='word_1_49' title='bbox 1569 751 1836 821; x_wconf 76' lang='grc' dir='ltr'>αἷσΟητῶν</span> 
     </span>
    </p>
   </div>
   <div class='ocr_carea' id='block_1_8' title="bbox 191 841 1837 919">
    <p class='ocr_par' dir='ltr' id='par_1_8' title="bbox 191 841 1837 919">
     <span class='ocr_line' id='line_1_8' title="bbox 191 841 1837 919; baseline -0.005 -18"><span class='ocrx_word' id='word_1_50' title='bbox 191 849 456 916; x_wconf 61' lang='grc' dir='ltr'>ἁπάντων,</span> <span class='ocrx_word' id='word_1_51' title='bbox 485 845 576 900; x_wconf 77' lang='grc' dir='ltr'>καὶ</span> <span class='ocrx_word' id='word_1_52' title='bbox 623 849 729 898; x_wconf 86' lang='grc' dir='ltr'>τῶν</span> <span class='ocrx_word' id='word_1_53' title='bbox 760 844 1040 919; x_wconf 80' lang='grc' dir='ltr'>ὁρώντων,</span> <span class='ocrx_word' id='word_1_54' title='bbox 1072 841 1186 896; x_wconf 75' lang='grc' dir='ltr'>ἀντὶ</span> <span class='ocrx_word' id='word_1_55' title='bbox 1249 847 1347 896; x_wconf 75' lang='grc' dir='ltr'>τοῦ</span> <span class='ocrx_word' id='word_1_56' title='bbox 1379 842 1615 917; x_wconf 77' lang='grc' dir='ltr'>λογικῶν</span> <span class='ocrx_word' id='word_1_57' title='bbox 1671 841 1837 894; x_wconf 75' lang='grc' dir='ltr'>ἀπάν-</span> 
     </span>
    </p>
   </div>
   <div class='ocr_carea' id='block_1_9' title="bbox 187 927 1840 1010">
    <p class='ocr_par' dir='ltr' id='par_1_9' title="bbox 187 927 1840 1010">
     <span class='ocr_line' id='line_1_9' title="bbox 187 927 1840 1010; baseline -0.005 -20"><span class='ocrx_word' id='word_1_58' title='bbox 187 959 304 1004; x_wconf 66' lang='grc' dir='ltr'>τξυν,</span> <span class='ocrx_word' id='word_1_59' title='bbox 334 939 548 1004; x_wconf 76' lang='grc' dir='ltr'>νοητῶν</span> <span class='ocrx_word' id='word_1_60' title='bbox 581 934 638 988; x_wconf 78' lang='grc' dir='ltr'><strong>τέ</strong></span> <span class='ocrx_word' id='word_1_61' title='bbox 665 953 810 1010; x_wconf 77' lang='grc' dir='ltr'>φημι</span> <span class='ocrx_word' id='word_1_62' title='bbox 858 931 948 986; x_wconf 78' lang='grc' dir='ltr'>καὶ</span> <span class='ocrx_word' id='word_1_63' title='bbox 974 934 1177 1005; x_wconf 84' lang='grc' dir='ltr'>νοερῶν</span> <span class='ocrx_word' id='word_1_64' title='bbox 1212 931 1436 999; x_wconf 79' lang='grc' dir='ltr'>οὐσιῶν,</span> <span class='ocrx_word' id='word_1_65' title='bbox 1469 932 1586 1004; x_wconf 86' lang='grc' dir='ltr'>μεθ’</span> <span class='ocrx_word' id='word_1_66' title='bbox 1617 931 1689 983; x_wconf 82' lang='grc' dir='ltr'>ὧν</span> <span class='ocrx_word' id='word_1_67' title='bbox 1749 927 1840 983; x_wconf 86' lang='grc' dir='ltr'>καὶ</span> 
     </span>
    </p>
   </div>
   <div class='ocr_carea' id='block_1_10' title="bbox 188 1019 1838 1098">
    <p class='ocr_par' dir='ltr' id='par_1_10' title="bbox 188 1019 1838 1098">
     <span class='ocr_line' id='line_1_10' title="bbox 188 1019 1838 1098; baseline -0.005 -18"><span class='ocrx_word' id='word_1_68' title='bbox 188 1033 287 1083; x_wconf 84' lang='grc' dir='ltr'>τῶν</span> <span class='ocrx_word' id='word_1_69' title='bbox 371 1025 658 1098; x_wconf 65' lang='grc' dir='ltr'>ἡμετέρων</span> <span class='ocrx_word' id='word_1_70' title='bbox 726 1025 945 1097; x_wconf 67' lang='grc' dir='ltr'>ψυχῶν,</span> <span class='ocrx_word' id='word_1_71' title='bbox 1011 1025 1308 1091; x_wconf 69' lang='grc' dir='ltr'>τηνικαῦτα</span> <span class='ocrx_word' id='word_1_72' title='bbox 1377 1020 1452 1082; x_wconf 85' lang='grc' dir='ltr'>είς</span> <span class='ocrx_word' id='word_1_73' title='bbox 1497 1021 1588 1075; x_wconf 87' lang='grc' dir='ltr'>τὸν</span> <span class='ocrx_word' id='word_1_74' title='bbox 1642 1019 1838 1096; x_wconf 79' lang='grc' dir='ltr'>γνόφον</span> 
     </span>
    </p>
   </div>
   <div class='ocr_carea' id='block_1_11' title="bbox 189 1104 1838 1186">
    <p class='ocr_par' dir='ltr' id='par_1_11' title="bbox 189 1104 1838 1186">
     <span class='ocr_line' id='line_1_11' title="bbox 189 1104 1838 1186; baseline -0.006 -15"><span class='ocrx_word' id='word_1_75' title='bbox 189 1115 425 1185; x_wconf 75' lang='grc' dir='ltr'>εἰσῆλθε,</span> <span class='ocrx_word' id='word_1_76' title='bbox 456 1114 734 1168; x_wconf 70' lang='grc' dir='ltr'>τουτέστιν</span> <span class='ocrx_word' id='word_1_77' title='bbox 785 1113 860 1173; x_wconf 73' lang='grc' dir='ltr'>εἱς</span> <span class='ocrx_word' id='word_1_78' title='bbox 889 1111 988 1180; x_wconf 73' lang='grc' dir='ltr'>τὴν</span> <span class='ocrx_word' id='word_1_79' title='bbox 1039 1111 1161 1185; x_wconf 89' lang='grc' dir='ltr'>περί</span> <span class='ocrx_word' id='word_1_80' title='bbox 1195 1115 1328 1166; x_wconf 73' lang='grc' dir='ltr'>Θεοῦ</span> <span class='ocrx_word' id='word_1_81' title='bbox 1372 1109 1664 1186; x_wconf 72' lang='grc' dir='ltr'>ἀγνωσίαν,</span> <span class='ocrx_word' id='word_1_82' title='bbox 1693 1104 1838 1178; x_wconf 82' lang='grc' dir='ltr'>ἔνθα,</span> 
     </span>
    </p>
   </div>
   <div class='ocr_carea' id='block_1_12' title="bbox 184 1197 1838 1275">
    <p class='ocr_par' dir='ltr' id='par_1_12' title="bbox 184 1197 1838 1275">
     <span class='ocr_line' id='line_1_12' title="bbox 184 1197 1838 1275; baseline -0.004 -16"><span class='ocrx_word' id='word_1_83' title='bbox 184 1205 347 1266; x_wconf 72' lang='grc' dir='ltr'>πιέσας</span> <span class='ocrx_word' id='word_1_84' title='bbox 397 1201 685 1275; x_wconf 69' lang='grc' dir='ltr'>ἀπομῦσας</span> <span class='ocrx_word' id='word_1_85' title='bbox 735 1202 831 1262; x_wconf 74' lang='grc' dir='ltr'>τὰς</span> <span class='ocrx_word' id='word_1_86' title='bbox 880 1199 1182 1275; x_wconf 76' lang='grc' dir='ltr'>γνωστικὰς</span> <span class='ocrx_word' id='word_1_87' title='bbox 1235 1197 1572 1273; x_wconf 80' lang='grc' dir='ltr'>ἀντιλήψεις,</span> <span class='ocrx_word' id='word_1_88' title='bbox 1632 1198 1838 1273; x_wconf 66' lang='grc' dir='ltr'>ἐγένετο</span> 
     </span>
    </p>
   </div>
   <div class='ocr_carea' id='block_1_13' title="bbox 185 1287 1837 1368">
    <p class='ocr_par' dir='ltr' id='par_1_13' title="bbox 185 1287 1837 1368">
     <span class='ocr_line' id='line_1_13' title="bbox 185 1287 1837 1368; baseline -0.004 -20"><span class='ocrx_word' id='word_1_89' title='bbox 185 1294 230 1348; x_wconf 82' lang='grc' dir='ltr'>ἐν</span> <span class='ocrx_word' id='word_1_90' title='bbox 258 1299 336 1366; x_wconf 79' lang='grc' dir='ltr'>τῷ</span> <span class='ocrx_word' id='word_1_91' title='bbox 387 1292 585 1368; x_wconf 78' lang='grc' dir='ltr'>ἀναφεῖ</span> <span class='ocrx_word' id='word_1_92' title='bbox 632 1295 714 1362; x_wconf 78' lang='grc' dir='ltr'>τῷ</span> <span class='ocrx_word' id='word_1_93' title='bbox 756 1294 834 1362; x_wconf 78' lang='grc' dir='ltr'>νῷ</span> <span class='ocrx_word' id='word_1_94' title='bbox 864 1287 953 1344; x_wconf 77' lang='grc' dir='ltr'>καί</span> <span class='ocrx_word' id='word_1_95' title='bbox 983 1287 1216 1363; x_wconf 81' lang='grc' dir='ltr'>ἀοράτῳ,</span> <span class='ocrx_word' id='word_1_96' title='bbox 1249 1291 1434 1343; x_wconf 80' lang='grc' dir='ltr'>πασῶν</span> <span class='ocrx_word' id='word_1_97' title='bbox 1494 1288 1837 1361; x_wconf 68' lang='grc' dir='ltr'>ἀντιλήψεων</span> 
     </span>
    </p>
   </div>
   <div class='ocr_carea' id='block_1_14' title="bbox 182 1374 1840 1458">
    <p class='ocr_par' dir='ltr' id='par_1_14' title="bbox 182 1374 1840 1458">
     <span class='ocr_line' id='line_1_14' title="bbox 182 1374 1840 1458; baseline -0.004 -21"><span class='ocrx_word' id='word_1_98' title='bbox 182 1385 493 1458; x_wconf 83' lang='grc' dir='ltr'>γνωστικῶν</span> <span class='ocrx_word' id='word_1_99' title='bbox 537 1384 634 1436; x_wconf 78' lang='grc' dir='ltr'>τοῦ</span> <span class='ocrx_word' id='word_1_100' title='bbox 682 1380 818 1452; x_wconf 67' lang='grc' dir='ltr'>πέρα</span> <span class='ocrx_word' id='word_1_101' title='bbox 865 1376 1081 1432; x_wconf 76' lang='grc' dir='ltr'>πάντων</span> <span class='ocrx_word' id='word_1_102' title='bbox 1128 1381 1284 1450; x_wconf 80' lang='grc' dir='ltr'>Θεοῦ,</span> <span class='ocrx_word' id='word_1_103' title='bbox 1333 1378 1423 1432; x_wconf 83' lang='grc' dir='ltr'>καὶ</span> <span class='ocrx_word' id='word_1_104' title='bbox 1479 1376 1693 1441; x_wconf 78' lang='grc' dir='ltr'>ἐνωθεὶς</span> <span class='ocrx_word' id='word_1_105' title='bbox 1751 1374 1840 1431; x_wconf 77' lang='grc' dir='ltr'>διὰ</span> 
     </span>
    </p>
   </div>
   <div class='ocr_carea' id='block_1_15' title="bbox 182 1465 1837 1543">
    <p class='ocr_par' dir='ltr' id='par_1_15' title="bbox 182 1465 1837 1543">
     <span class='ocr_line' id='line_1_15' title="bbox 182 1465 1837 1543; baseline -0.004 -16"><span class='ocrx_word' id='word_1_106' title='bbox 182 1477 271 1528; x_wconf 74' lang='grc' dir='ltr'>τοῦ</span> <span class='ocrx_word' id='word_1_107' title='bbox 317 1471 580 1526; x_wconf 69' lang='grc' dir='ltr'>τοιούτου</span> <span class='ocrx_word' id='word_1_108' title='bbox 627 1470 836 1541; x_wconf 81' lang='grc' dir='ltr'>τρόπου</span> <span class='ocrx_word' id='word_1_109' title='bbox 895 1472 964 1541; x_wconf 79' lang='grc' dir='ltr'>τῇ</span> <span class='ocrx_word' id='word_1_110' title='bbox 1016 1465 1258 1538; x_wconf 72' lang='grc' dir='ltr'>ἀγνωσία</span> <span class='ocrx_word' id='word_1_111' title='bbox 1313 1468 1404 1521; x_wconf 77' lang='grc' dir='ltr'>καὶ</span> <span class='ocrx_word' id='word_1_112' title='bbox 1464 1465 1837 1543; x_wconf 81' lang='grc' dir='ltr'>ἁνενεργησίᾳ,</span> 
     </span>
    </p>
   </div>
   <div class='ocr_carea' id='block_1_16' title="bbox 186 1553 1839 1636">
    <p class='ocr_par' dir='ltr' id='par_1_16' title="bbox 186 1553 1839 1636">
     <span class='ocr_line' id='line_1_16' title="bbox 186 1553 1839 1636; baseline -0.004 -20"><span class='ocrx_word' id='word_1_113' title='bbox 186 1562 240 1616; x_wconf 71' lang='grc' dir='ltr'>οὐ</span> <span class='ocrx_word' id='word_1_114' title='bbox 271 1562 417 1636; x_wconf 72' lang='grc' dir='ltr'>λέγω</span> <span class='ocrx_word' id='word_1_115' title='bbox 457 1563 528 1634; x_wconf 78' lang='grc' dir='ltr'>τῇ</span> <span class='ocrx_word' id='word_1_116' title='bbox 578 1559 701 1635; x_wconf 81' lang='grc' dir='ltr'>περὶ</span> <span class='ocrx_word' id='word_1_117' title='bbox 751 1558 917 1612; x_wconf 70' lang='grc' dir='ltr'>αὐτοῦ</span> <span class='ocrx_word' id='word_1_118' title='bbox 977 1556 1331 1632; x_wconf 77' lang='grc' dir='ltr'>ἀνενεργησίᾳ</span> <span class='ocrx_word' id='word_1_119' title='bbox 1376 1561 1473 1610; x_wconf 73' lang='grc' dir='ltr'>τοῦ</span> <span class='ocrx_word' id='word_1_120' title='bbox 1525 1553 1665 1611; x_wconf 77' lang='grc' dir='ltr'>ἰδίου</span> <span class='ocrx_word' id='word_1_121' title='bbox 1718 1559 1839 1625; x_wconf 81' lang='grc' dir='ltr'>νοῦ,</span> 
     </span>
    </p>
   </div>
   <div class='ocr_carea' id='block_1_17' title="bbox 187 1645 1840 1723">
    <p class='ocr_par' dir='ltr' id='par_1_17' title="bbox 187 1645 1840 1723">
     <span class='ocr_line' id='line_1_17' title="bbox 187 1645 1840 1723; baseline -0.005 -17"><span class='ocrx_word' id='word_1_122' title='bbox 187 1650 301 1706; x_wconf 64' lang='grc' dir='ltr'>οὔτε</span> <span class='ocrx_word' id='word_1_123' title='bbox 353 1653 426 1723; x_wconf 76' lang='grc' dir='ltr'>τῇ</span> <span class='ocrx_word' id='word_1_124' title='bbox 479 1650 671 1723; x_wconf 70' lang='grc' dir='ltr'>ἑτέρου</span> <span class='ocrx_word' id='word_1_125' title='bbox 703 1646 1062 1720; x_wconf 80' lang='grc' dir='ltr'>ἀνενεργησίᾳ</span> <span class='ocrx_word' id='word_1_126' title='bbox 1087 1645 1138 1700; x_wconf 75' lang='grc' dir='ltr'>ἐν</span> <span class='ocrx_word' id='word_1_127' title='bbox 1170 1649 1248 1718; x_wconf 81' lang='grc' dir='ltr'>τῷ</span> <span class='ocrx_word' id='word_1_128' title='bbox 1281 1647 1421 1718; x_wconf 77' lang='grc' dir='ltr'>μήτε</span> <span class='ocrx_word' id='word_1_129' title='bbox 1464 1645 1648 1717; x_wconf 79' lang='grc' dir='ltr'>αὐτὸν,</span> <span class='ocrx_word' id='word_1_130' title='bbox 1702 1647 1840 1718; x_wconf 80' lang='grc' dir='ltr'>μήτε</span> 
     </span>
    </p>
   </div>
   <div class='ocr_carea' id='block_1_18' title="bbox 187 1732 1840 1814">
    <p class='ocr_par' dir='ltr' id='par_1_18' title="bbox 187 1732 1840 1814">
     <span class='ocr_line' id='line_1_18' title="bbox 187 1732 1840 1814; baseline -0.005 -19"><span class='ocrx_word' id='word_1_131' title='bbox 187 1739 360 1814; x_wconf 66' lang='grc' dir='ltr'>ἕτερόν</span> <span class='ocrx_word' id='word_1_132' title='bbox 387 1760 445 1793; x_wconf 88' lang='grc' dir='ltr'>τι</span> <span class='ocrx_word' id='word_1_133' title='bbox 494 1742 664 1810; x_wconf 86' lang='grc' dir='ltr'>νοεῖν,</span> <span class='ocrx_word' id='word_1_134' title='bbox 715 1734 840 1790; x_wconf 86' lang='grc' dir='ltr'>ἀλλ’</span> <span class='ocrx_word' id='word_1_135' title='bbox 871 1735 1090 1798; x_wconf 72' lang='grc' dir='ltr'>ἑνωοεὶς</span> <span class='ocrx_word' id='word_1_136' title='bbox 1117 1739 1196 1806; x_wconf 72' lang='grc' dir='ltr'>τῷ</span> <span class='ocrx_word' id='word_1_137' title='bbox 1245 1732 1522 1796; x_wconf 81' lang='grc' dir='ltr'>παντελῶς</span> <span class='ocrx_word' id='word_1_138' title='bbox 1582 1733 1840 1809; x_wconf 83' lang='grc' dir='ltr'>ἀγνώστῳ</span> 
     </span>
    </p>
   </div>
   <div class='ocr_carea' id='block_1_19' title="bbox 1949 573 3604 652">
    <p class='ocr_par' dir='ltr' id='par_1_19' title="bbox 1949 573 3604 652">
     <span class='ocr_line' id='line_1_19' title="bbox 1949 573 3604 652; baseline 0.005 -25"><span class='ocrx_word' id='word_1_139' title='bbox 1949 573 2144 629; x_wconf 61' lang='lat' dir='ltr'>tentia)</span> <span class='ocrx_word' id='word_1_140' title='bbox 2175 590 2240 631; x_wconf 89' lang='lat' dir='ltr'>ac</span> <span class='ocrx_word' id='word_1_141' title='bbox 2279 575 2588 631; x_wconf 81' lang='lat' dir='ltr'>verborum</span> <span class='ocrx_word' id='word_1_142' title='bbox 2634 577 3144 648; x_wconf 84' lang='lat' dir='ltr'>compositionem,</span> <span class='ocrx_word' id='word_1_143' title='bbox 3203 579 3604 652; x_wconf 78' lang='lat' dir='ltr'>interpretatio</span> 
     </span>
    </p>
   </div>
   <div class='ocr_carea' id='block_1_20' title="bbox 1949 663 3602 740">
    <p class='ocr_par' dir='ltr' id='par_1_20' title="bbox 1949 663 3602 740">
     <span class='ocr_line' id='line_1_20' title="bbox 1949 663 3602 740; baseline 0.005 -23"><span class='ocrx_word' id='word_1_144' title='bbox 1949 663 2030 718; x_wconf 90' lang='lat' dir='ltr'>ita</span> <span class='ocrx_word' id='word_1_145' title='bbox 2060 669 2146 720; x_wconf 90' lang='lat' dir='ltr'>est</span> <span class='ocrx_word' id='word_1_146' title='bbox 2171 664 2571 737; x_wconf 88' lang='lat' dir='ltr'>intelligenda,</span> <span class='ocrx_word' id='word_1_147' title='bbox 2605 665 2830 721; x_wconf 88' lang='lat' dir='ltr'>scilicet</span> <span class='ocrx_word' id='word_1_148' title='bbox 2861 668 3013 738; x_wconf 91' lang='lat' dir='ltr'>quod</span> <span class='ocrx_word' id='word_1_149' title='bbox 3070 669 3296 740; x_wconf 92' lang='lat' dir='ltr'>Moyses</span> <span class='ocrx_word' id='word_1_150' title='bbox 3345 675 3602 726; x_wconf 85' lang='lat' dir='ltr'>contem-</span> 
     </span>
    </p>
   </div>
   <div class='ocr_carea' id='block_1_21' title="bbox 1949 753 3603 834">
    <p class='ocr_par' dir='ltr' id='par_1_21' title="bbox 1949 753 3603 834">
     <span class='ocr_line' id='line_1_21' title="bbox 1949 753 3603 834; baseline 0.005 -27"><span class='ocrx_word' id='word_1_151' title='bbox 1949 753 2145 824; x_wconf 88' lang='lat' dir='ltr'>platus</span> <span class='ocrx_word' id='word_1_152' title='bbox 2175 754 2364 810; x_wconf 85' lang='lat' dir='ltr'>locum</span> <span class='ocrx_word' id='word_1_153' title='bbox 2396 755 2494 812; x_wconf 91' lang='lat' dir='ltr'>uhi</span> <span class='ocrx_word' id='word_1_154' title='bbox 2531 760 2677 812; x_wconf 87' lang='lat' dir='ltr'>Deus</span> <span class='ocrx_word' id='word_1_155' title='bbox 2708 759 3218 828; x_wconf 86' lang='lat' dir='ltr'>steterat,tumque</span> <span class='ocrx_word' id='word_1_156' title='bbox 3248 759 3318 816; x_wconf 90' lang='lat' dir='ltr'>ab</span> <span class='ocrx_word' id='word_1_157' title='bbox 3352 759 3422 818; x_wconf 92' lang='lat' dir='ltr'>iis</span> <span class='ocrx_word' id='word_1_158' title='bbox 3477 777 3603 834; x_wconf 65' lang='lat' dir='ltr'>quae</span> 
     </span>
    </p>
   </div>
   <div class='ocr_carea' id='block_1_22' title="bbox 1949 843 3601 917">
    <p class='ocr_par' dir='ltr' id='par_1_22' title="bbox 1949 843 3601 917">
     <span class='ocr_line' id='line_1_22' title="bbox 1949 843 3601 917; baseline 0.005 -19"><span class='ocrx_word' id='word_1_159' title='bbox 1949 843 2224 899; x_wconf 88' lang='lat' dir='ltr'>videntur</span> <span class='ocrx_word' id='word_1_160' title='bbox 2247 844 2550 911; x_wconf 84' lang='lat' dir='ltr'>liberatus,</span> <span class='ocrx_word' id='word_1_161' title='bbox 2584 845 2641 900; x_wconf 90' lang='lat' dir='ltr'>id</span> <span class='ocrx_word' id='word_1_162' title='bbox 2672 853 2757 901; x_wconf 87' lang='lat' dir='ltr'>est</span> <span class='ocrx_word' id='word_1_163' title='bbox 2788 847 2858 901; x_wconf 85' lang='lat' dir='ltr'>ab</span> <span class='ocrx_word' id='word_1_164' title='bbox 2881 847 3160 903; x_wconf 85' lang='lat' dir='ltr'>omnibus</span> <span class='ocrx_word' id='word_1_165' title='bbox 3193 849 3601 917; x_wconf 88' lang='lat' dir='ltr'>sensibilibus,</span> 
     </span>
    </p>
   </div>
   <div class='ocr_carea' id='block_1_23' title="bbox 1949 934 3605 1010">
    <p class='ocr_par' dir='ltr' id='par_1_23' title="bbox 1949 934 3605 1010">
     <span class='ocr_line' id='line_1_23' title="bbox 1949 934 3605 1010; baseline 0.003 -21"><span class='ocrx_word' id='word_1_166' title='bbox 1949 938 2004 989; x_wconf 91' lang='lat' dir='ltr'>et</span> <span class='ocrx_word' id='word_1_167' title='bbox 2037 934 2108 989; x_wconf 88' lang='lat' dir='ltr'>ab</span> <span class='ocrx_word' id='word_1_168' title='bbox 2141 934 2212 990; x_wconf 91' lang='lat' dir='ltr'>iis</span> <span class='ocrx_word' id='word_1_169' title='bbox 2244 953 2368 1008; x_wconf 66' lang='lat' dir='ltr'>qua:</span> <span class='ocrx_word' id='word_1_170' title='bbox 2397 936 2616 1003; x_wconf 86' lang='lat' dir='ltr'>vident,</span> <span class='ocrx_word' id='word_1_171' title='bbox 2648 953 2751 1008; x_wconf 90' lang='lat' dir='ltr'>pro</span> <span class='ocrx_word' id='word_1_172' title='bbox 2784 936 2854 991; x_wconf 88' lang='lat' dir='ltr'>ab</span> <span class='ocrx_word' id='word_1_173' title='bbox 2885 937 3163 993; x_wconf 89' lang='lat' dir='ltr'>omnibus</span> <span class='ocrx_word' id='word_1_174' title='bbox 3194 940 3605 1010; x_wconf 81' lang='lat' dir='ltr'>rationalibus,</span> 
     </span>
    </p>
   </div>
   <div class='ocr_carea' id='block_1_24' title="bbox 1951 1023 3603 1098">
    <p class='ocr_par' dir='ltr' id='par_1_24' title="bbox 1951 1023 3603 1098">
     <span class='ocr_line' id='line_1_24' title="bbox 1951 1023 3603 1098; baseline 0.006 -22"><span class='ocrx_word' id='word_1_175' title='bbox 1951 1023 2778 1097; x_wconf 85' lang='lat' dir='ltr'>intelligibilibus,inquam,et</span> <span class='ocrx_word' id='word_1_176' title='bbox 2807 1024 3275 1098; x_wconf 84' lang='lat' dir='ltr'>intelligentibus</span> <span class='ocrx_word' id='word_1_177' title='bbox 3307 1031 3603 1088; x_wconf 90' lang='lat' dir='ltr'>essentiis.</span> 
     </span>
    </p>
   </div>
   <div class='ocr_carea' id='block_1_25' title="bbox 1951 1113 3604 1189">
    <p class='ocr_par' dir='ltr' id='par_1_25' title="bbox 1951 1113 3604 1189">
     <span class='ocr_line' id='line_1_25' title="bbox 1951 1113 3604 1189; baseline 0.005 -23"><span class='ocrx_word' id='word_1_178' title='bbox 1951 1129 2083 1168; x_wconf 90' lang='lat' dir='ltr'>cum</span> <span class='ocrx_word' id='word_1_179' title='bbox 2117 1114 2330 1184; x_wconf 83' lang='lat' dir='ltr'>quibus</span> <span class='ocrx_word' id='word_1_180' title='bbox 2361 1113 2536 1170; x_wconf 88' lang='lat' dir='ltr'>etiam</span> <span class='ocrx_word' id='word_1_181' title='bbox 2563 1115 2635 1169; x_wconf 91' lang='lat' dir='ltr'>ab</span> <span class='ocrx_word' id='word_1_182' title='bbox 2667 1114 2983 1170; x_wconf 81' lang='lat' dir='ltr'>animabus</span> <span class='ocrx_word' id='word_1_183' title='bbox 3017 1115 3256 1185; x_wconf 81' lang='lat' dir='ltr'>nostris,</span> <span class='ocrx_word' id='word_1_184' title='bbox 3311 1122 3515 1189; x_wconf 87' lang='lat' dir='ltr'>postea</span> <span class='ocrx_word' id='word_1_185' title='bbox 3546 1120 3604 1174; x_wconf 90' lang='lat' dir='ltr'>in</span> 
     </span>
    </p>
   </div>
   <div class='ocr_carea' id='block_1_26' title="bbox 1953 1205 3607 1280">
    <p class='ocr_par' dir='ltr' id='par_1_26' title="bbox 1953 1205 3607 1280">
     <span class='ocr_line' id='line_1_26' title="bbox 1953 1205 3607 1280; baseline 0.004 -21"><span class='ocrx_word' id='word_1_186' title='bbox 1953 1205 2263 1278; x_wconf 80' lang='lat' dir='ltr'>caliginem</span> <span class='ocrx_word' id='word_1_187' title='bbox 2293 1205 2600 1278; x_wconf 88' lang='lat' dir='ltr'>ingressus</span> <span class='ocrx_word' id='word_1_188' title='bbox 2623 1206 2794 1276; x_wconf 89' lang='lat' dir='ltr'>est,id</span> <span class='ocrx_word' id='word_1_189' title='bbox 2813 1210 2902 1262; x_wconf 91' lang='lat' dir='ltr'>est</span> <span class='ocrx_word' id='word_1_190' title='bbox 2933 1207 2991 1262; x_wconf 92' lang='lat' dir='ltr'>in</span> <span class='ocrx_word' id='word_1_191' title='bbox 3023 1207 3124 1263; x_wconf 89' lang='lat' dir='ltr'>Dei</span> <span class='ocrx_word' id='word_1_192' title='bbox 3155 1208 3607 1280; x_wconf 81' lang='lat' dir='ltr'>ignorationem,</span> 
     </span>
    </p>
   </div>
   <div class='ocr_carea' id='block_1_27' title="bbox 1953 1295 3605 1370">
    <p class='ocr_par' dir='ltr' id='par_1_27' title="bbox 1953 1295 3605 1370">
     <span class='ocr_line' id='line_1_27' title="bbox 1953 1295 3605 1370; baseline 0.005 -22"><span class='ocrx_word' id='word_1_193' title='bbox 1953 1295 2053 1349; x_wconf 90' lang='lat' dir='ltr'>ubi</span> <span class='ocrx_word' id='word_1_194' title='bbox 2084 1311 2216 1351; x_wconf 91' lang='lat' dir='ltr'>cum</span> <span class='ocrx_word' id='word_1_195' title='bbox 2249 1296 2442 1351; x_wconf 90' lang='lat' dir='ltr'>omnis</span> <span class='ocrx_word' id='word_1_196' title='bbox 2500 1295 2851 1368; x_wconf 87' lang='lat' dir='ltr'>cognitionis</span> <span class='ocrx_word' id='word_1_197' title='bbox 2908 1295 3178 1353; x_wconf 87' lang='lat' dir='ltr'>subsidia</span> <span class='ocrx_word' id='word_1_198' title='bbox 3235 1298 3605 1370; x_wconf 85' lang='lat' dir='ltr'>exclusisset,</span> 
     </span>
    </p>
   </div>
   <div class='ocr_carea' id='block_1_28' title="bbox 1954 1385 3610 1460">
    <p class='ocr_par' dir='ltr' id='par_1_28' title="bbox 1954 1385 3610 1460">
     <span class='ocr_line' id='line_1_28' title="bbox 1954 1385 3610 1460; baseline 0.003 -22"><span class='ocrx_word' id='word_1_199' title='bbox 1954 1385 2064 1439; x_wconf 78' lang='lat' dir='ltr'>fuit</span> <span class='ocrx_word' id='word_1_200' title='bbox 2092 1385 2151 1440; x_wconf 93' lang='lat' dir='ltr'>in</span> <span class='ocrx_word' id='word_1_201' title='bbox 2185 1389 2376 1440; x_wconf 89' lang='lat' dir='ltr'>mente</span> <span class='ocrx_word' id='word_1_202' title='bbox 2406 1401 2537 1457; x_wconf 60' lang='lat' dir='ltr'>quae</span> <span class='ocrx_word' id='word_1_203' title='bbox 2567 1402 2671 1441; x_wconf 88' lang='lat' dir='ltr'>nec</span> <span class='ocrx_word' id='word_1_204' title='bbox 2703 1385 2864 1457; x_wconf 83' lang='lat' dir='ltr'>tangi</span> <span class='ocrx_word' id='word_1_205' title='bbox 2898 1403 3002 1441; x_wconf 91' lang='lat' dir='ltr'>nec</span> <span class='ocrx_word' id='word_1_206' title='bbox 3048 1386 3228 1444; x_wconf 90' lang='lat' dir='ltr'>videri</span> <span class='ocrx_word' id='word_1_207' title='bbox 3262 1392 3475 1460; x_wconf 89' lang='lat' dir='ltr'>potest,</span> <span class='ocrx_word' id='word_1_208' title='bbox 3509 1389 3610 1444; x_wconf 90' lang='lat' dir='ltr'>Dei</span> 
     </span>
    </p>
   </div>
   <div class='ocr_carea' id='block_1_29' title="bbox 1955 1472 3611 1546">
    <p class='ocr_par' dir='ltr' id='par_1_29' title="bbox 1955 1472 3611 1546">
     <span class='ocr_line' id='line_1_29' title="bbox 1955 1472 3611 1546; baseline 0.002 -18"><span class='ocrx_word' id='word_1_209' title='bbox 1955 1472 2108 1529; x_wconf 90' lang='lat' dir='ltr'>ultra</span> <span class='ocrx_word' id='word_1_210' title='bbox 2137 1490 2344 1530; x_wconf 88' lang='lat' dir='ltr'>omnes</span> <span class='ocrx_word' id='word_1_211' title='bbox 2375 1475 2767 1546; x_wconf 86' lang='lat' dir='ltr'>cognoscendi</span> <span class='ocrx_word' id='word_1_212' title='bbox 2802 1473 3109 1531; x_wconf 79' lang='lat' dir='ltr'>facultates</span> <span class='ocrx_word' id='word_1_213' title='bbox 3141 1477 3467 1545; x_wconf 87' lang='lat' dir='ltr'>constituti,</span> <span class='ocrx_word' id='word_1_214' title='bbox 3524 1481 3611 1532; x_wconf 89' lang='lat' dir='ltr'>ta-</span> 
     </span>
    </p>
   </div>
   <div class='ocr_carea' id='block_1_30' title="bbox 1951 1562 3612 1635">
    <p class='ocr_par' dir='ltr' id='par_1_30' title="bbox 1951 1562 3612 1635">
     <span class='ocr_line' id='line_1_30' title="bbox 1951 1562 3612 1635; baseline 0.002 -18"><span class='ocrx_word' id='word_1_215' title='bbox 1951 1562 2111 1635; x_wconf 89' lang='lat' dir='ltr'>lique</span> <span class='ocrx_word' id='word_1_216' title='bbox 2141 1565 2312 1620; x_wconf 92' lang='lat' dir='ltr'>modo</span> <span class='ocrx_word' id='word_1_217' title='bbox 2343 1565 2694 1635; x_wconf 85' lang='lat' dir='ltr'>conjunctus</span> <span class='ocrx_word' id='word_1_218' title='bbox 2754 1563 3109 1634; x_wconf 83' lang='lat' dir='ltr'>ignorationi</span> <span class='ocrx_word' id='word_1_219' title='bbox 3169 1570 3225 1620; x_wconf 90' lang='lat' dir='ltr'>et</span> <span class='ocrx_word' id='word_1_220' title='bbox 3275 1566 3612 1633; x_wconf 90' lang='lat' dir='ltr'>cessationi,</span> 
     </span>
    </p>
   </div>
   <div class='ocr_carea' id='block_1_31' title="bbox 1953 1653 3610 1725">
    <p class='ocr_par' dir='ltr' id='par_1_31' title="bbox 1953 1653 3610 1725">
     <span class='ocr_line' id='line_1_31' title="bbox 1953 1653 3610 1725; baseline 0.001 -17"><span class='ocrx_word' id='word_1_221' title='bbox 1953 1669 2069 1708; x_wconf 91' lang='lat' dir='ltr'>non</span> <span class='ocrx_word' id='word_1_222' title='bbox 2101 1653 2228 1708; x_wconf 90' lang='lat' dir='ltr'>dico</span> <span class='ocrx_word' id='word_1_223' title='bbox 2263 1653 2494 1725; x_wconf 85' lang='lat' dir='ltr'>proprie</span> <span class='ocrx_word' id='word_1_224' title='bbox 2527 1653 2741 1708; x_wconf 86' lang='lat' dir='ltr'>mentis</span> <span class='ocrx_word' id='word_1_225' title='bbox 2773 1653 3115 1720; x_wconf 89' lang='lat' dir='ltr'>cessationi,</span> <span class='ocrx_word' id='word_1_226' title='bbox 3143 1670 3335 1725; x_wconf 87' lang='lat' dir='ltr'>neque</span> <span class='ocrx_word' id='word_1_227' title='bbox 3366 1654 3610 1710; x_wconf 85' lang='lat' dir='ltr'>alterius</span> 
     </span>
    </p>
   </div>
   <div class='ocr_carea' id='block_1_32' title="bbox 1953 1742 3610 1815">
    <p class='ocr_par' dir='ltr' id='par_1_32' title="bbox 1953 1742 3610 1815">
     <span class='ocr_line' id='line_1_32' title="bbox 1953 1742 3610 1815; baseline 0.001 -19"><span class='ocrx_word' id='word_1_228' title='bbox 1953 1743 2292 1809; x_wconf 87' lang='lat' dir='ltr'>cessationi,</span> <span class='ocrx_word' id='word_1_229' title='bbox 2327 1758 2433 1798; x_wconf 89' lang='lat' dir='ltr'>nec</span> <span class='ocrx_word' id='word_1_230' title='bbox 2477 1743 2766 1813; x_wconf 88' lang='lat' dir='ltr'>seipsum,</span> <span class='ocrx_word' id='word_1_231' title='bbox 2824 1758 2929 1798; x_wconf 90' lang='lat' dir='ltr'>nec</span> <span class='ocrx_word' id='word_1_232' title='bbox 2989 1743 3128 1815; x_wconf 92' lang='lat' dir='ltr'>quid</span> <span class='ocrx_word' id='word_1_233' title='bbox 3187 1742 3345 1798; x_wconf 87' lang='lat' dir='ltr'>aliud</span> <span class='ocrx_word' id='word_1_234' title='bbox 3398 1743 3610 1798; x_wconf 90' lang='lat' dir='ltr'>intelli-</span> 
     </span>
    </p>
   </div>
   <div class='ocr_carea' id='block_1_33' title="bbox 186 1820 1840 1919">
    <p class='ocr_par' dir='ltr' id='par_1_33' title="bbox 186 1820 1840 1902">
     <span class='ocr_line' id='line_1_33' title="bbox 186 1820 1840 1902; baseline -0.004 -19"><span class='ocrx_word' id='word_1_235' title='bbox 186 1831 356 1899; x_wconf 65' lang='grc' dir='ltr'>πάσης</span> <span class='ocrx_word' id='word_1_236' title='bbox 403 1828 661 1902; x_wconf 86' lang='grc' dir='ltr'>γνώσεως</span> <span class='ocrx_word' id='word_1_237' title='bbox 716 1829 811 1879; x_wconf 73' lang='grc' dir='ltr'>τοῦ</span> <span class='ocrx_word' id='word_1_238' title='bbox 842 1820 1073 1878; x_wconf 66' lang='grc' dir='ltr'>πάντων</span> <span class='ocrx_word' id='word_1_239' title='bbox 1105 1822 1347 1879; x_wconf 71' lang='grc' dir='ltr'>ἐπέκεινα</span> <span class='ocrx_word' id='word_1_240' title='bbox 1374 1824 1498 1878; x_wconf 87' lang='grc' dir='ltr'>τότε</span> <span class='ocrx_word' id='word_1_241' title='bbox 1526 1826 1595 1897; x_wconf 80' lang='grc' dir='ltr'>τῇ</span> <span class='ocrx_word' id='word_1_242' title='bbox 1654 1823 1840 1899; x_wconf 80' lang='grc' dir='ltr'>ἀγνοίᾳ</span> 
     </span>
    </p>
   </div>
   <div class='ocr_carea' id='block_1_34' title="bbox 1958 1820 3608 1919">
    <p class='ocr_par' dir='ltr' id='par_1_34' title="bbox 1958 1831 3608 1904">
     <span class='ocr_line' id='line_1_34' title="bbox 1958 1831 3608 1904; baseline 0.001 -19"><span class='ocrx_word' id='word_1_243' title='bbox 1958 1832 2164 1903; x_wconf 88' lang='lat' dir='ltr'>gendo,</span> <span class='ocrx_word' id='word_1_244' title='bbox 2199 1832 2299 1887; x_wconf 90' lang='lat' dir='ltr'>sed</span> <span class='ocrx_word' id='word_1_245' title='bbox 2333 1832 2684 1902; x_wconf 72' lang='lat' dir='ltr'>coniunctus</span> <span class='ocrx_word' id='word_1_246' title='bbox 2712 1831 3155 1902; x_wconf 75' lang='lat' dir='ltr'>perfectissimae</span> <span class='ocrx_word' id='word_1_247' title='bbox 3186 1832 3381 1888; x_wconf 90' lang='lat' dir='ltr'>omnis</span> <span class='ocrx_word' id='word_1_248' title='bbox 3407 1832 3608 1904; x_wconf 86' lang='lat' dir='ltr'>cogni-</span> 
     </span>
    </p>
   </div>
   <div class='ocr_carea' id='block_1_35' title="bbox 183 1910 1838 1992">
    <p class='ocr_par' dir='ltr' id='par_1_35' title="bbox 183 1910 1838 1992">
     <span class='ocr_line' id='line_1_35' title="bbox 183 1910 1838 1992; baseline -0.005 -19"><span class='ocrx_word' id='word_1_249' title='bbox 183 1918 240 1973; x_wconf 82' lang='grc' dir='ltr'>τὸ</span> <span class='ocrx_word' id='word_1_250' title='bbox 265 1923 370 1971; x_wconf 80' lang='grc' dir='ltr'>πᾶν</span> <span class='ocrx_word' id='word_1_251' title='bbox 428 1911 589 1992; x_wconf 81' lang='grc' dir='ltr'>ἔγνω.</span> <span class='ocrx_word' id='word_1_252' title='bbox 626 1912 940 1986; x_wconf 79' lang='grc' dir='ltr'>Σημείωσαι</span> <span class='ocrx_word' id='word_1_253' title='bbox 976 1910 1054 1983; x_wconf 72' lang='grc' dir='ltr'>δὲ,</span> <span class='ocrx_word' id='word_1_254' title='bbox 1087 1913 1161 1976; x_wconf 84' lang='grc' dir='ltr'>ὡς</span> <span class='ocrx_word' id='word_1_255' title='bbox 1188 1911 1383 1989; x_wconf 83' lang='grc' dir='ltr'>γνόφον</span> <span class='ocrx_word' id='word_1_256' title='bbox 1417 1913 1517 1980; x_wconf 71' lang='grc' dir='ltr'>τὴν</span> <span class='ocrx_word' id='word_1_257' title='bbox 1573 1912 1838 1988; x_wconf 82' lang='grc' dir='ltr'>ἀγνωσίαν</span> 
     </span>
    </p>
   </div>
   <div class='ocr_carea' id='block_1_36' title="bbox 187 2000 1838 2078">
    <p class='ocr_par' dir='ltr' id='par_1_36' title="bbox 187 2000 1838 2078">
     <span class='ocr_line' id='line_1_36' title="bbox 187 2000 1838 2078; baseline -0.004 -16"><span class='ocrx_word' id='word_1_258' title='bbox 187 2008 372 2076; x_wconf 70' lang='grc' dir='ltr'>ἐνόησε</span> <span class='ocrx_word' id='word_1_259' title='bbox 392 2010 460 2061; x_wconf 67' lang='grc'>2⁵.</span> <span class='ocrx_word' id='word_1_260' title='bbox 518 2009 639 2066; x_wconf 82' lang='grc' dir='ltr'>Πῶς</span> <span class='ocrx_word' id='word_1_261' title='bbox 676 2001 746 2057; x_wconf 81' lang='grc' dir='ltr'>δι’</span> <span class='ocrx_word' id='word_1_262' title='bbox 797 2002 1062 2078; x_wconf 76' lang='grc' dir='ltr'>ἀγνωσίας</span> <span class='ocrx_word' id='word_1_263' title='bbox 1120 2003 1146 2055; x_wconf 80' lang='grc' dir='ltr'>ὁ</span> <span class='ocrx_word' id='word_1_264' title='bbox 1195 2002 1323 2063; x_wconf 84' lang='grc' dir='ltr'>Θεὸς</span> <span class='ocrx_word' id='word_1_265' title='bbox 1355 2000 1699 2076; x_wconf 85' lang='grc' dir='ltr'>γινώσκεται,</span> <span class='ocrx_word' id='word_1_266' title='bbox 1749 2000 1838 2056; x_wconf 78' lang='grc' dir='ltr'>καί</span> 
     </span>
    </p>
   </div>
   <div class='ocr_carea' id='block_1_37' title="bbox 185 2089 1837 2174">
    <p class='ocr_par' dir='ltr' id='par_1_37' title="bbox 185 2089 1837 2174">
     <span class='ocr_line' id='line_1_37' title="bbox 185 2089 1837 2174; baseline -0.004 -22"><span class='ocrx_word' id='word_1_267' title='bbox 185 2095 281 2152; x_wconf 75' lang='grc' dir='ltr'>ὦδέ</span> <span class='ocrx_word' id='word_1_268' title='bbox 332 2117 506 2174; x_wconf 78' lang='grc' dir='ltr'>φησι,</span> <span class='ocrx_word' id='word_1_269' title='bbox 553 2094 644 2148; x_wconf 81' lang='grc' dir='ltr'>καὶ</span> <span class='ocrx_word' id='word_1_270' title='bbox 698 2091 749 2147; x_wconf 84' lang='grc' dir='ltr'>ἐν</span> <span class='ocrx_word' id='word_1_271' title='bbox 804 2097 880 2163; x_wconf 75' lang='grc' dir='ltr'>τῷ</span> <span class='ocrx_word' id='word_1_272' title='bbox 930 2091 1058 2165; x_wconf 79' lang='grc' dir='ltr'>Περὶ</span> <span class='ocrx_word' id='word_1_273' title='bbox 1109 2091 1266 2145; x_wconf 79' lang='grc' dir='ltr'>Θείων</span> <span class='ocrx_word' id='word_1_274' title='bbox 1317 2090 1598 2162; x_wconf 73' lang='grc' dir='ltr'>ὀνομάτων</span> <span class='ocrx_word' id='word_1_275' title='bbox 1661 2089 1837 2166; x_wconf 85' lang='grc' dir='ltr'>λόγῳ.</span> 
     </span>
    </p>
   </div>
   <div class='ocr_carea' id='block_1_38' title="bbox 184 2176 1839 2260">
    <p class='ocr_par' dir='ltr' id='par_1_38' title="bbox 184 2176 1839 2260">
     <span class='ocr_line' id='line_1_38' title="bbox 184 2176 1839 2260; baseline -0.005 -19"><span class='ocrx_word' id='word_1_276' title='bbox 184 2185 526 2260; x_wconf 75' lang='grc' dir='ltr'>πλατύτερον</span> <span class='ocrx_word' id='word_1_277' title='bbox 572 2179 928 2254; x_wconf 73' lang='grc' dir='ltr'>διεξήλθομεν</span> <span class='ocrx_word' id='word_1_278' title='bbox 964 2179 1014 2234; x_wconf 81' lang='grc' dir='ltr'>ἐν</span> <span class='ocrx_word' id='word_1_279' title='bbox 1048 2178 1335 2254; x_wconf 79' lang='grc' dir='ltr'>κεφαλαίῳ</span> <span class='ocrx_word' id='word_1_280' title='bbox 1483 2180 1609 2253; x_wconf 83' lang='grc' dir='ltr'>Χρὴ</span> <span class='ocrx_word' id='word_1_281' title='bbox 1661 2176 1718 2234; x_wconf 75' lang='grc' dir='ltr'>δὲ</span> <span class='ocrx_word' id='word_1_282' title='bbox 1760 2180 1839 2234; x_wconf 82' lang='grc' dir='ltr'>εἷ-</span> 
     </span>
    </p>
   </div>
   <div class='ocr_carea' id='block_1_39' title="bbox 185 2267 1841 2346">
    <p class='ocr_par' dir='ltr' id='par_1_39' title="bbox 185 2267 1841 2346">
     <span class='ocr_line' id='line_1_39' title="bbox 185 2267 1841 2346; baseline -0.003 -17"><span class='ocrx_word' id='word_1_283' title='bbox 185 2274 348 2346; x_wconf 76' lang='grc' dir='ltr'>ὃέναι,</span> <span class='ocrx_word' id='word_1_284' title='bbox 384 2274 462 2336; x_wconf 83' lang='grc' dir='ltr'>ὡς</span> <span class='ocrx_word' id='word_1_285' title='bbox 491 2271 545 2328; x_wconf 82' lang='grc' dir='ltr'>ἐν</span> <span class='ocrx_word' id='word_1_286' title='bbox 577 2276 644 2345; x_wconf 80' lang='grc' dir='ltr'>τῇ</span> <span class='ocrx_word' id='word_1_287' title='bbox 695 2267 922 2342; x_wconf 79' lang='grc' dir='ltr'>Ἐξόδῳ,</span> <span class='ocrx_word' id='word_1_288' title='bbox 955 2267 1076 2334; x_wconf 78' lang='grc' dir='ltr'>ἔνθα</span> <span class='ocrx_word' id='word_1_289' title='bbox 1103 2271 1422 2345; x_wconf 69' lang='grc' dir='ltr'>γέγραπται,</span> <span class='ocrx_word' id='word_1_290' title='bbox 1484 2267 1566 2322; x_wconf 79' lang='grc' dir='ltr'>ὅτι</span> <span class='ocrx_word' id='word_1_291' title='bbox 1621 2267 1841 2338; x_wconf 77' lang='grc' dir='ltr'>εἰσῆλθε</span> 
     </span>
    </p>
   </div>
   <div class='ocr_carea' id='block_1_40' title="bbox 183 2354 1842 2438">
    <p class='ocr_par' dir='ltr' id='par_1_40' title="bbox 183 2354 1842 2438">
     <span class='ocr_line' id='line_1_40' title="bbox 183 2354 1842 2438; baseline -0.005 -19"><span class='ocrx_word' id='word_1_292' title='bbox 183 2367 427 2428; x_wconf 66' lang='grc' dir='ltr'>Μωυσῆς</span> <span class='ocrx_word' id='word_1_293' title='bbox 461 2363 538 2423; x_wconf 73' lang='grc' dir='ltr'>εἷς</span> <span class='ocrx_word' id='word_1_294' title='bbox 569 2361 659 2416; x_wconf 86' lang='grc' dir='ltr'>τὸν</span> <span class='ocrx_word' id='word_1_295' title='bbox 692 2361 891 2438; x_wconf 75' lang='grc' dir='ltr'>γνόφον</span> <span class='ocrx_word' id='word_1_296' title='bbox 925 2361 986 2413; x_wconf 73' lang='grc' dir='ltr'>οὗ</span> <span class='ocrx_word' id='word_1_297' title='bbox 1017 2361 1081 2427; x_wconf 69' lang='grc' dir='ltr'>ἦν</span> <span class='ocrx_word' id='word_1_298' title='bbox 1113 2360 1140 2412; x_wconf 89' lang='grc' dir='ltr'>ὁ</span> <span class='ocrx_word' id='word_1_299' title='bbox 1173 2359 1327 2430; x_wconf 84' lang='grc' dir='ltr'>Θεὸς,</span> <span class='ocrx_word' id='word_1_300' title='bbox 1356 2359 1418 2412; x_wconf 88' lang='grc' dir='ltr'>τὸ</span> <span class='ocrx_word' id='word_1_301' title='bbox 1482 2358 1575 2430; x_wconf 78' lang='grc' dir='ltr'>μὲν</span> <span class='ocrx_word' id='word_1_302' title='bbox 1625 2354 1842 2433; x_wconf 69' lang='grc' dir='ltr'>Ἐϐραϊ-</span> 
     </span>
    </p>
   </div>
   <div class='ocr_carea' id='block_1_41' title="bbox 183 2443 1841 2528">
    <p class='ocr_par' dir='ltr' id='par_1_41' title="bbox 183 2443 1841 2528">
     <span class='ocr_line' id='line_1_41' title="bbox 183 2443 1841 2528; baseline -0.004 -19"><span class='ocrx_word' id='word_1_303' title='bbox 183 2456 267 2510; x_wconf 80' lang='grc' dir='ltr'>κὸν</span> <span class='ocrx_word' id='word_1_304' title='bbox 294 2450 415 2528; x_wconf 75' lang='grc' dir='ltr'>ἔχει</span> <span class='ocrx_word' id='word_1_305' title='bbox 448 2448 658 2527; x_wconf 72' lang='grc' dir='ltr'>ἀραφὲλ</span> <span class='ocrx_word' id='word_1_306' title='bbox 692 2453 784 2520; x_wconf 69' lang='grc' dir='ltr'>(Ὗ</span> <span class='ocrx_word' id='word_1_307' title='bbox 821 2449 872 2503; x_wconf 76' lang='grc' dir='ltr'>οἱ</span> <span class='ocrx_word' id='word_1_308' title='bbox 905 2445 962 2503; x_wconf 71' lang='grc' dir='ltr'>δὲ</span> <span class='ocrx_word' id='word_1_309' title='bbox 994 2443 1428 2520; x_wconf 74' lang='grc' dir='ltr'>Ἐϐδομήκοντα,</span> <span class='ocrx_word' id='word_1_310' title='bbox 1458 2451 1548 2501; x_wconf 76' lang='grc' dir='ltr'>καὶ</span> <span class='ocrx_word' id='word_1_311' title='bbox 1579 2447 1841 2520; x_wconf 77' lang='grc' dir='ltr'>³Δκύλας,</span> 
     </span>
    </p>
   </div>
   <div class='ocr_carea' id='block_1_42' title="bbox 183 2534 1842 2615">
    <p class='ocr_par' dir='ltr' id='par_1_42' title="bbox 183 2534 1842 2615">
     <span class='ocr_line' id='line_1_42' title="bbox 183 2534 1842 2615; baseline -0.007 -16"><span class='ocrx_word' id='word_1_312' title='bbox 183 2545 262 2599; x_wconf 69' lang='grc' dir='ltr'>καὶ</span> <span class='ocrx_word' id='word_1_313' title='bbox 333 2539 636 2596; x_wconf 81' lang='grc' dir='ltr'>Θεοδοτίων</span> <span class='ocrx_word' id='word_1_314' title='bbox 709 2539 772 2593; x_wconf 88' lang='grc' dir='ltr'>τὸ</span> <span class='ocrx_word' id='word_1_315' title='bbox 824 2537 1029 2615; x_wconf 78' lang='grc' dir='ltr'>ἀραφέλ</span> <span class='ocrx_word' id='word_1_316' title='bbox 1080 2537 1278 2614; x_wconf 82' lang='grc' dir='ltr'>γνόφον</span> <span class='ocrx_word' id='word_1_317' title='bbox 1335 2534 1631 2608; x_wconf 68' lang='grc' dir='ltr'>ἐξέδωκαν.</span> <span class='ocrx_word' id='word_1_318' title='bbox 1693 2535 1842 2608; x_wconf 73' lang='grc' dir='ltr'>Σύμ-</span> 
     </span>
    </p>
   </div>
   <div class='ocr_carea' id='block_1_43' title="bbox 188 2623 1843 2707">
    <p class='ocr_par' dir='ltr' id='par_1_43' title="bbox 188 2623 1843 2707">
     <span class='ocr_line' id='line_1_43' title="bbox 188 2623 1843 2707; baseline -0.003 -22"><span class='ocrx_word' id='word_1_319' title='bbox 188 2652 366 2707; x_wconf 71' lang='grc' dir='ltr'>μαχος</span> <span class='ocrx_word' id='word_1_320' title='bbox 399 2631 587 2703; x_wconf 67' lang='grc' dir='ltr'>μέντοι</span> <span class='ocrx_word' id='word_1_321' title='bbox 635 2625 889 2702; x_wconf 83' lang='grc' dir='ltr'>ὁμίχλην</span> <span class='ocrx_word' id='word_1_322' title='bbox 933 2627 996 2682; x_wconf 89' lang='grc' dir='ltr'>τὸ</span> <span class='ocrx_word' id='word_1_323' title='bbox 1053 2623 1260 2704; x_wconf 70' lang='grc' dir='ltr'>ἀραφέλ</span> <span class='ocrx_word' id='word_1_324' title='bbox 1294 2627 1642 2701; x_wconf 73' lang='grc' dir='ltr'>ερμήνευσεν.</span> <span class='ocrx_word' id='word_1_325' title='bbox 1693 2627 1755 2683; x_wconf 88' lang='grc' dir='ltr'>Ὁ</span> <span class='ocrx_word' id='word_1_326' title='bbox 1787 2623 1843 2680; x_wconf 74' lang='grc' dir='ltr'>δὲ</span> 
     </span>
    </p>
   </div>
   <div class='ocr_carea' id='block_1_44' title="bbox 182 2712 1845 2794">
    <p class='ocr_par' dir='ltr' id='par_1_44' title="bbox 182 2712 1845 2794">
     <span class='ocr_line' id='line_1_44' title="bbox 182 2712 1845 2794; baseline -0.005 -16"><span class='ocrx_word' id='word_1_327' title='bbox 182 2717 440 2794; x_wconf 64' lang='grc' dir='ltr'>Ἑϐραῖος</span> <span class='ocrx_word' id='word_1_328' title='bbox 474 2717 624 2794; x_wconf 71' lang='grc' dir='ltr'>λέγει</span> <span class='ocrx_word' id='word_1_329' title='bbox 674 2717 738 2772; x_wconf 91' lang='grc' dir='ltr'>τὸ</span> <span class='ocrx_word' id='word_1_330' title='bbox 781 2715 1012 2793; x_wconf 76' lang='grc' dir='ltr'>ἀραφὲλ,</span> <span class='ocrx_word' id='word_1_331' title='bbox 1065 2712 1243 2788; x_wconf 77' lang='grc' dir='ltr'>ὄνομα</span> <span class='ocrx_word' id='word_1_332' title='bbox 1287 2715 1417 2771; x_wconf 79' lang='grc' dir='ltr'>εἶναι</span> <span class='ocrx_word' id='word_1_333' title='bbox 1469 2717 1845 2791; x_wconf 82' lang='grc' dir='ltr'>στερεώματος</span> 
     </span>
    </p>
   </div>
   <div class='ocr_carea' id='block_1_45' title="bbox 187 2804 1841 2886">
    <p class='ocr_par' dir='ltr' id='par_1_45' title="bbox 187 2804 1841 2886">
     <span class='ocr_line' id='line_1_45' title="bbox 187 2804 1841 2886; baseline -0.002 -22"><span class='ocrx_word' id='word_1_334' title='bbox 187 2810 257 2873; x_wconf 80' lang='grc' dir='ltr'>εἰς</span> <span class='ocrx_word' id='word_1_335' title='bbox 287 2810 319 2863; x_wconf 77' lang='grc' dir='ltr'>ὃ</span> <span class='ocrx_word' id='word_1_336' title='bbox 373 2804 570 2886; x_wconf 77' lang='grc' dir='ltr'>ἔφθασε</span> <span class='ocrx_word' id='word_1_337' title='bbox 619 2809 878 2874; x_wconf 68' lang='grc' dir='ltr'>Μωυσῆς·</span> <span class='ocrx_word' id='word_1_338' title='bbox 931 2805 1064 2860; x_wconf 74' lang='grc' dir='ltr'>ἐπτά</span> <span class='ocrx_word' id='word_1_339' title='bbox 1108 2805 1210 2880; x_wconf 81' lang='grc' dir='ltr'>γὰρ</span> <span class='ocrx_word' id='word_1_340' title='bbox 1261 2805 1608 2880; x_wconf 79' lang='grc' dir='ltr'>στερεώματά</span> <span class='ocrx_word' id='word_1_341' title='bbox 1661 2826 1841 2880; x_wconf 84' lang='grc' dir='ltr'>φασιν,</span> 
     </span>
    </p>
   </div>
   <div class='ocr_carea' id='block_1_46' title="bbox 184 2893 1840 2974">
    <p class='ocr_par' dir='ltr' id='par_1_46' title="bbox 184 2893 1840 2974">
     <span class='ocr_line' id='line_1_46' title="bbox 184 2893 1840 2974; baseline -0.002 -22"><span class='ocrx_word' id='word_1_342' title='bbox 184 2897 210 2952; x_wconf 82' lang='grc' dir='ltr'>ἃ</span> <span class='ocrx_word' id='word_1_343' title='bbox 255 2898 351 2953; x_wconf 79' lang='grc' dir='ltr'>καὶ</span> <span class='ocrx_word' id='word_1_344' title='bbox 387 2897 648 2974; x_wconf 75' lang='grc' dir='ltr'>οὐρανοὺς</span> <span class='ocrx_word' id='word_1_345' title='bbox 679 2894 931 2963; x_wconf 79' lang='grc' dir='ltr'>καλοῦσι,</span> <span class='ocrx_word' id='word_1_346' title='bbox 976 2895 1064 2950; x_wconf 82' lang='grc' dir='ltr'>καὶ</span> <span class='ocrx_word' id='word_1_347' title='bbox 1094 2893 1161 2948; x_wconf 79' lang='grc' dir='ltr'>τά</span> <span class='ocrx_word' id='word_1_348' title='bbox 1190 2894 1432 2967; x_wconf 81' lang='grc' dir='ltr'>ὀνόματα</span> <span class='ocrx_word' id='word_1_349' title='bbox 1463 2894 1734 2972; x_wconf 71' lang='grc' dir='ltr'>λέγουσιν’</span> <span class='ocrx_word' id='word_1_350' title='bbox 1767 2896 1840 2949; x_wconf 83' lang='grc' dir='ltr'>ὧν</span> 
     </span>
    </p>
   </div>
   <div class='ocr_carea' id='block_1_47' title="bbox 187 2982 1842 3061">
    <p class='ocr_par' dir='ltr' id='par_1_47' title="bbox 187 2982 1842 3061">
     <span class='ocr_line' id='line_1_47' title="bbox 187 2982 1842 3061; baseline -0.001 -19"><span class='ocrx_word' id='word_1_351' title='bbox 187 2991 558 3061; x_wconf 78' lang='grc' dir='ltr'>μνημονεῦσαι</span> <span class='ocrx_word' id='word_1_352' title='bbox 590 2989 680 3040; x_wconf 78' lang='grc' dir='ltr'>νῦν</span> <span class='ocrx_word' id='word_1_353' title='bbox 726 2984 825 3040; x_wconf 71' lang='grc' dir='ltr'>οὗκ</span> <span class='ocrx_word' id='word_1_354' title='bbox 874 2985 1187 3058; x_wconf 81' lang='grc' dir='ltr'>ἀναγκαῖον.</span> <span class='ocrx_word' id='word_1_355' title='bbox 1248 2985 1512 3058; x_wconf 82' lang='grc' dir='ltr'>Ἀνέγνων</span> <span class='ocrx_word' id='word_1_356' title='bbox 1571 2982 1629 3039; x_wconf 78' lang='grc' dir='ltr'>δὶ</span> <span class='ocrx_word' id='word_1_357' title='bbox 1681 2988 1842 3040; x_wconf 77' lang='grc' dir='ltr'>τοῦτο</span> 
     </span>
    </p>
   </div>
   <div class='ocr_carea' id='block_1_48' title="bbox 185 3072 1842 3151">
    <p class='ocr_par' dir='ltr' id='par_1_48' title="bbox 185 3072 1842 3151">
     <span class='ocr_line' id='line_1_48' title="bbox 185 3072 1842 3151; baseline -0.008 -19"><span class='ocrx_word' id='word_1_358' title='bbox 393 3074 654 3151; x_wconf 75' lang='grc' dir='ltr'>οὐρανοὺς</span> <span class='ocrx_word' id='word_1_359' title='bbox 716 3075 803 3128; x_wconf 85' lang='grc' dir='ltr'>καὶ</span> <span class='ocrx_word' id='word_1_360' title='bbox 884 3072 934 3128; x_wconf 70' lang='grc' dir='ltr'>ἓν</span> <span class='ocrx_word' id='word_1_361' title='bbox 1007 3075 1075 3146; x_wconf 79' lang='grc' dir='ltr'>τῇ</span> <span class='ocrx_word' id='word_1_362' title='bbox 1157 3075 1610 3150; x_wconf 72' lang='grc' dir='ltr'>συγγεγραμμένῃ</span> <span class='ocrx_word' id='word_1_363' title='bbox 1692 3075 1842 3148; x_wconf 79' lang='grc' dir='ltr'>Ἀρι.</span> 
     </span>
    </p>
   </div>
   <div class='ocr_carea' id='block_1_49' title="bbox 186 3160 1836 3237">
    <p class='ocr_par' dir='ltr' id='par_1_49' title="bbox 186 3160 1836 3237">
     <span class='ocr_line' id='line_1_49' title="bbox 186 3160 1836 3237; baseline -0.003 -16"><span class='ocrx_word' id='word_1_364' title='bbox 186 3186 348 3221; x_wconf 86' lang='grc' dir='ltr'>στωνι</span> <span class='ocrx_word' id='word_1_365' title='bbox 394 3169 474 3237; x_wconf 75' lang='grc' dir='ltr'>τῷ</span> <span class='ocrx_word' id='word_1_366' title='bbox 522 3162 774 3236; x_wconf 76' lang='grc' dir='ltr'>Ηελλαίῳ</span> <span class='ocrx_word' id='word_1_367' title='bbox 831 3160 1065 3232; x_wconf 72' lang='grc' dir='ltr'>διαλέξει</span> <span class='ocrx_word' id='word_1_368' title='bbox 1117 3160 1398 3217; x_wconf 83' lang='grc' dir='ltr'>Παπίσκου</span> <span class='ocrx_word' id='word_1_369' title='bbox 1441 3163 1532 3216; x_wconf 85' lang='grc' dir='ltr'>καὶ</span> <span class='ocrx_word' id='word_1_370' title='bbox 1583 3162 1836 3230; x_wconf 82' lang='grc' dir='ltr'>Ἰάσονος,</span> 
     </span>
    </p>
   </div>
   <div class='ocr_carea' id='block_1_50' title="bbox 184 3246 1838 3326">
    <p class='ocr_par' dir='ltr' id='par_1_50' title="bbox 184 3246 1838 3326">
     <span class='ocr_line' id='line_1_50' title="bbox 184 3246 1838 3326; baseline -0.003 -16"><span class='ocrx_word' id='word_1_371' title='bbox 184 3259 248 3324; x_wconf 72' lang='grc' dir='ltr'>ἣν</span> <span class='ocrx_word' id='word_1_372' title='bbox 285 3254 526 3326; x_wconf 80' lang='grc' dir='ltr'>Κλήμης</span> <span class='ocrx_word' id='word_1_373' title='bbox 561 3255 588 3307; x_wconf 81' lang='grc' dir='ltr'>ὁ</span> <span class='ocrx_word' id='word_1_374' title='bbox 623 3249 1010 3326; x_wconf 77' lang='grc' dir='ltr'>Ἀλεξανδρεὺς</span> <span class='ocrx_word' id='word_1_375' title='bbox 1034 3249 1085 3305; x_wconf 77' lang='grc' dir='ltr'>ἐν</span> <span class='ocrx_word' id='word_1_376' title='bbox 1136 3248 1277 3323; x_wconf 67' lang='grc' dir='ltr'>ἕκτῳ</span> <span class='ocrx_word' id='word_1_377' title='bbox 1311 3246 1517 3326; x_wconf 77' lang='grc' dir='ltr'>βιϐλίῳ</span> <span class='ocrx_word' id='word_1_378' title='bbox 1545 3254 1650 3305; x_wconf 80' lang='grc' dir='ltr'>τῶν</span> <span class='ocrx_word' id='word_1_379' title='bbox 1681 3252 1838 3305; x_wconf 85' lang='grc' dir='ltr'>Ὑπο-</span> 
     </span>
    </p>
   </div>
   <div class='ocr_carea' id='block_1_51' title="bbox 181 3339 1842 3417">
    <p class='ocr_par' dir='ltr' id='par_1_51' title="bbox 181 3339 1842 3417">
     <span class='ocr_line' id='line_1_51' title="bbox 181 3339 1842 3417; baseline -0.002 -19"><span class='ocrx_word' id='word_1_380' title='bbox 181 3345 482 3398; x_wconf 69' lang='grc' dir='ltr'>ῖυπώσεων</span> <span class='ocrx_word' id='word_1_381' title='bbox 561 3343 654 3396; x_wconf 84' lang='grc' dir='ltr'>τὸν</span> <span class='ocrx_word' id='word_1_382' title='bbox 725 3342 878 3417; x_wconf 71' lang='grc' dir='ltr'>ἅγιον</span> <span class='ocrx_word' id='word_1_383' title='bbox 958 3345 1164 3394; x_wconf 73' lang='grc' dir='ltr'>Λουκᾶν</span> <span class='ocrx_word' id='word_1_384' title='bbox 1249 3361 1410 3417; x_wconf 88' lang='grc' dir='ltr'>φησιν</span> <span class='ocrx_word' id='word_1_385' title='bbox 1493 3339 1842 3416; x_wconf 81' lang='grc' dir='ltr'>ἀναγράψαι.</span> 
     </span>
    </p>
   </div>
   <div class='ocr_carea' id='block_1_52' title="bbox 181 3428 1841 3508">
    <p class='ocr_par' dir='ltr' id='par_1_52' title="bbox 181 3428 1841 3508">
     <span class='ocr_line' id='line_1_52' title="bbox 181 3428 1841 3508; baseline -0.003 -19"><span class='ocrx_word' id='word_1_386' title='bbox 181 3436 382 3506; x_wconf 79' lang='grc' dir='ltr'>’Ὅμως</span> <span class='ocrx_word' id='word_1_387' title='bbox 413 3434 476 3487; x_wconf 80' lang='grc' dir='ltr'>τὸ</span> <span class='ocrx_word' id='word_1_388' title='bbox 508 3433 632 3506; x_wconf 86' lang='grc' dir='ltr'>περῖ</span> <span class='ocrx_word' id='word_1_389' title='bbox 692 3436 788 3485; x_wconf 75' lang='grc' dir='ltr'>τοῦ</span> <span class='ocrx_word' id='word_1_390' title='bbox 844 3433 1070 3508; x_wconf 76' lang='grc' dir='ltr'>γνόφου,</span> <span class='ocrx_word' id='word_1_391' title='bbox 1104 3429 1180 3491; x_wconf 77' lang='grc' dir='ltr'>εἷς</span> <span class='ocrx_word' id='word_1_392' title='bbox 1212 3429 1308 3498; x_wconf 77' lang='grc' dir='ltr'>τὴν</span> <span class='ocrx_word' id='word_1_393' title='bbox 1372 3428 1516 3493; x_wconf 84' lang='grc' dir='ltr'>θείαν</span> <span class='ocrx_word' id='word_1_394' title='bbox 1576 3429 1841 3504; x_wconf 83' lang='grc' dir='ltr'>ἀγνωσίαν</span> 
     </span>
    </p>
   </div>
   <div class='ocr_carea' id='block_1_53' title="bbox 185 3517 1845 3598">
    <p class='ocr_par' dir='ltr' id='par_1_53' title="bbox 185 3517 1845 3598">
     <span class='ocr_line' id='line_1_53' title="bbox 185 3517 1845 3598; baseline -0.003 -21"><span class='ocrx_word' id='word_1_395' title='bbox 185 3521 591 3598; x_wconf 66' lang='grc' dir='ltr'>θεωρούμενον,</span> <span class='ocrx_word' id='word_1_396' title='bbox 645 3521 914 3594; x_wconf 79' lang='grc' dir='ltr'>θειότερον</span> <span class='ocrx_word' id='word_1_397' title='bbox 985 3517 1423 3593; x_wconf 77' lang='grc' dir='ltr'>πεφιλοσόφηται</span> <span class='ocrx_word' id='word_1_398' title='bbox 1475 3520 1566 3573; x_wconf 82' lang='grc' dir='ltr'>καὶ</span> <span class='ocrx_word' id='word_1_399' title='bbox 1625 3517 1676 3574; x_wconf 82' lang='grc' dir='ltr'>ἐν</span> <span class='ocrx_word' id='word_1_400' title='bbox 1727 3524 1845 3580; x_wconf 85' lang='grc' dir='ltr'>ταῖς</span> 
     </span>
    </p>
   </div>
   <div class='ocr_carea' id='block_1_54' title="bbox 195 3606 1847 3684">
    <p class='ocr_par' dir='ltr' id='par_1_54' title="bbox 195 3606 1847 3684">
     <span class='ocr_line' id='line_1_54' title="bbox 195 3606 1847 3684; baseline -0.001 -18"><span class='ocrx_word' id='word_1_401' title='bbox 195 3611 514 3674; x_wconf 69' lang='grc' dir='ltr'>ἐπιστολαῖς</span> <span class='ocrx_word' id='word_1_402' title='bbox 545 3611 732 3666; x_wconf 74' lang='grc' dir='ltr'>αὐτοῦ·</span> <span class='ocrx_word' id='word_1_403' title='bbox 758 3610 811 3665; x_wconf 76' lang='grc' dir='ltr'>ἐν</span> <span class='ocrx_word' id='word_1_404' title='bbox 838 3613 907 3683; x_wconf 81' lang='grc' dir='ltr'>τῇ</span> <span class='ocrx_word' id='word_1_405' title='bbox 939 3609 1159 3683; x_wconf 67' lang='grc' dir='ltr'>πέμπτῃ</span> <span class='ocrx_word' id='word_1_406' title='bbox 1194 3606 1252 3664; x_wconf 72' lang='grc' dir='ltr'>δὲ</span> <span class='ocrx_word' id='word_1_407' title='bbox 1280 3607 1506 3671; x_wconf 70' lang='grc' dir='ltr'>τελείως</span> <span class='ocrx_word' id='word_1_408' title='bbox 1551 3610 1673 3684; x_wconf 84' lang='grc' dir='ltr'>περὶ</span> <span class='ocrx_word' id='word_1_409' title='bbox 1723 3608 1847 3664; x_wconf 68' lang='grc' dir='ltr'>τοῦ-</span> 
     </span>
    </p>
   </div>
   <div class='ocr_carea' id='block_1_55' title="bbox 205 3702 541 3777">
    <p class='ocr_par' dir='ltr' id='par_1_55' title="bbox 205 3702 541 3777">
     <span class='ocr_line' id='line_1_55' title="bbox 205 3702 541 3777; baseline 0.003 -22"><span class='ocrx_word' id='word_1_410' title='bbox 205 3721 292 3756; x_wconf 84' lang='grc' dir='ltr'>του</span> <span class='ocrx_word' id='word_1_411' title='bbox 322 3702 541 3777; x_wconf 79' lang='grc' dir='ltr'>γράφει.</span> 
     </span>
    </p>
   </div>
   <div class='ocr_carea' id='block_1_56' title="bbox 264 3963 1841 4039">
    <p class='ocr_par' dir='ltr' id='par_1_56' title="bbox 264 3963 1841 4039">
     <span class='ocr_line' id='line_1_56' title="bbox 264 3963 1841 4039; baseline 0.02 -17"><span class='ocrx_word' id='word_1_412' title='bbox 264 3975 370 4037; x_wconf 79' lang='grc' dir='ltr'>Τῆς</span> <span class='ocrx_word' id='word_1_413' title='bbox 443 3965 625 4036; x_wconf 75' lang='grc' dir='ltr'>πάσης</span> <span class='ocrx_word' id='word_1_414' title='bbox 699 3965 952 4039; x_wconf 77' lang='grc' dir='ltr'>γνώσεως</span> <span class='ocrx_word' id='word_1_415' title='bbox 1033 3963 1429 4038; x_wconf 66' lang='grc' dir='ltr'>ἀνενεργησίᾳ·</span> <span class='ocrx_word' id='word_1_416' title='bbox 1520 3965 1841 4036; x_wconf 68' lang='grc' dir='ltr'>Σημείωσαι</span> 
     </span>
    </p>
   </div>
   <div class='ocr_carea' id='block_1_57' title="bbox 197 4052 1844 4130">
    <p class='ocr_par' dir='ltr' id='par_1_57' title="bbox 197 4052 1844 4130">
     <span class='ocr_line' id='line_1_57' title="bbox 197 4052 1844 4130; baseline 0 -20"><span class='ocrx_word' id='word_1_417' title='bbox 197 4057 270 4112; x_wconf 73' lang='grc' dir='ltr'>ὅτι</span> <span class='ocrx_word' id='word_1_418' title='bbox 325 4061 395 4130; x_wconf 77' lang='grc' dir='ltr'>τῇ</span> <span class='ocrx_word' id='word_1_419' title='bbox 462 4055 640 4125; x_wconf 77' lang='grc' dir='ltr'>πάσης</span> <span class='ocrx_word' id='word_1_420' title='bbox 715 4055 968 4130; x_wconf 85' lang='grc' dir='ltr'>γνώσεως</span> <span class='ocrx_word' id='word_1_421' title='bbox 1036 4052 1386 4129; x_wconf 83' lang='grc' dir='ltr'>ἀνενεργησίᾳ</span> <span class='ocrx_word' id='word_1_422' title='bbox 1439 4057 1519 4124; x_wconf 78' lang='grc' dir='ltr'>τῷ</span> <span class='ocrx_word' id='word_1_423' title='bbox 1580 4053 1844 4128; x_wconf 87' lang='grc' dir='ltr'>ἀγνώστῳ</span> 
     </span>
    </p>
   </div>
   <div class='ocr_carea' id='block_1_58' title="bbox 196 4145 470 4219">
    <p class='ocr_par' dir='ltr' id='par_1_58' title="bbox 196 4145 470 4219">
     <span class='ocr_line' id='line_1_58' title="bbox 196 4145 470 4219; baseline 0.004 -21"><span class='ocrx_word' id='word_1_424' title='bbox 196 4145 304 4200; x_wconf 70' lang='grc' dir='ltr'>ἐνοῦ</span> <span class='ocrx_word' id='word_1_425' title='bbox 314 4147 470 4219; x_wconf 77' lang='grc' dir='ltr'>μεθα.</span> 
     </span>
    </p>
   </div>
   <div class='ocr_carea' id='block_1_59' title="bbox 690 4233 1339 4290">
    <p class='ocr_par' dir='ltr' id='par_1_59' title="bbox 690 4233 1339 4290">
     <span class='ocr_line' id='line_1_59' title="bbox 690 4233 1339 4290; baseline -0.005 0"><span class='ocrx_word' id='word_1_426' title='bbox 690 4236 803 4290; x_wconf 83' lang='grc' dir='ltr'>ΕΙΣ</span> <span class='ocrx_word' id='word_1_427' title='bbox 843 4234 928 4289; x_wconf 93' lang='grc' dir='ltr'><strong>ΤΟ</strong></span> <span class='ocrx_word' id='word_1_428' title='bbox 961 4234 1219 4288; x_wconf 71' lang='grc' dir='ltr'>ΚΕΦᾼΛ.</span> <span class='ocrx_word' id='word_1_429' title='bbox 1263 4233 1339 4287; x_wconf 88' lang='grc' dir='ltr'>Β’.</span> 
     </span>
    </p>
   </div>
   <div class='ocr_carea' id='block_1_60' title="bbox 259 4319 1846 4397">
    <p class='ocr_par' dir='ltr' id='par_1_60' title="bbox 259 4319 1846 4397">
     <span class='ocr_line' id='line_1_60' title="bbox 259 4319 1846 4397; baseline -0.001 -19"><span class='ocrx_word' id='word_1_430' title='bbox 259 4325 404 4380; x_wconf 76' lang='grc' dir='ltr'>Κατά</span> <span class='ocrx_word' id='word_1_431' title='bbox 451 4328 643 4380; x_wconf 76' lang='grc' dir='ltr'>τοῦτον</span> <span class='ocrx_word' id='word_1_432' title='bbox 688 4325 876 4395; x_wconf 75' lang='grc' dir='ltr'>ἡμεῖς.</span> <span class='ocrx_word' id='word_1_433' title='bbox 925 4322 1023 4378; x_wconf 88' lang='grc' dir='ltr'>Καὶ</span> <span class='ocrx_word' id='word_1_434' title='bbox 1085 4320 1310 4384; x_wconf 74' lang='grc' dir='ltr'>ἐνταῦθα</span> <span class='ocrx_word' id='word_1_435' title='bbox 1357 4319 1480 4394; x_wconf 83' lang='grc' dir='ltr'>περὶ</span> <span class='ocrx_word' id='word_1_436' title='bbox 1511 4321 1658 4376; x_wconf 81' lang='grc' dir='ltr'>θείου</span> <span class='ocrx_word' id='word_1_437' title='bbox 1715 4323 1846 4397; x_wconf 87' lang='grc' dir='ltr'>γνό-</span> 
     </span>
    </p>
   </div>
   <div class='ocr_carea' id='block_1_61' title="bbox 191 4405 1845 4490">
    <p class='ocr_par' dir='ltr' id='par_1_61' title="bbox 191 4405 1845 4490">
     <span class='ocr_line' id='line_1_61' title="bbox 191 4405 1845 4490; baseline -0.001 -21"><span class='ocrx_word' id='word_1_438' title='bbox 191 4435 285 4490; x_wconf 76' lang='grc' dir='ltr'>φου</span> <span class='ocrx_word' id='word_1_439' title='bbox 353 4413 446 4469; x_wconf 80' lang='grc' dir='ltr'>καὶ</span> <span class='ocrx_word' id='word_1_440' title='bbox 506 4419 604 4482; x_wconf 85' lang='grc' dir='ltr'>τῆς</span> <span class='ocrx_word' id='word_1_441' title='bbox 663 4411 927 4487; x_wconf 75' lang='grc' dir='ltr'>ἀγνωσίαν</span> <span class='ocrx_word' id='word_1_442' title='bbox 987 4405 1178 4485; x_wconf 75' lang='grc' dir='ltr'>λέγει.</span> <span class='ocrx_word' id='word_1_443' title='bbox 1239 4409 1338 4464; x_wconf 83' lang='grc' dir='ltr'>Καὶ</span> <span class='ocrx_word' id='word_1_444' title='bbox 1388 4411 1694 4482; x_wconf 80' lang='grc' dir='ltr'>σημείωσαι</span> <span class='ocrx_word' id='word_1_445' title='bbox 1761 4411 1845 4466; x_wconf 74' lang='grc' dir='ltr'>ὅτι</span> 
     </span>
    </p>
   </div>
   <div class='ocr_carea' id='block_1_62' title="bbox 187 4494 1845 4576">
    <p class='ocr_par' dir='ltr' id='par_1_62' title="bbox 187 4494 1845 4576">
     <span class='ocr_line' id='line_1_62' title="bbox 187 4494 1845 4576; baseline -0.001 -20"><span class='ocrx_word' id='word_1_446' title='bbox 187 4505 341 4558; x_wconf 78' lang='grc' dir='ltr'>τοῦτὸ</span> <span class='ocrx_word' id='word_1_447' title='bbox 374 4503 484 4557; x_wconf 71' lang='grc' dir='ltr'>ἐστι</span> <span class='ocrx_word' id='word_1_448' title='bbox 532 4503 596 4557; x_wconf 87' lang='grc' dir='ltr'>τὸ</span> <span class='ocrx_word' id='word_1_449' title='bbox 655 4501 757 4557; x_wconf 82' lang='grc' dir='ltr'>ὑπὸ</span> <span class='ocrx_word' id='word_1_450' title='bbox 785 4502 877 4556; x_wconf 86' lang='grc' dir='ltr'>τὸν</span> <span class='ocrx_word' id='word_1_451' title='bbox 919 4501 1061 4556; x_wconf 80' lang='grc' dir='ltr'>θεῖον</span> <span class='ocrx_word' id='word_1_452' title='bbox 1115 4494 1316 4576; x_wconf 66' lang='grc' dir='ltr'>γνόφου</span> <span class='ocrx_word' id='word_1_453' title='bbox 1349 4501 1620 4573; x_wconf 75' lang='grc' dir='ltr'>γενέσθαι,</span> <span class='ocrx_word' id='word_1_454' title='bbox 1681 4501 1744 4555; x_wconf 87' lang='grc' dir='ltr'>τὸ</span> <span class='ocrx_word' id='word_1_455' title='bbox 1773 4497 1845 4554; x_wconf 74' lang='grc' dir='ltr'>δι’</span> 
     </span>
    </p>
   </div>
   <div class='ocr_carea' id='block_1_63' title="bbox 1959 1919 3603 1993">
    <p class='ocr_par' dir='ltr' id='par_1_63' title="bbox 1959 1919 3603 1993">
     <span class='ocr_line' id='line_1_63' title="bbox 1959 1919 3603 1993; baseline -0.001 -17"><span class='ocrx_word' id='word_1_456' title='bbox 1959 1920 2134 1977; x_wconf 89' lang='lat' dir='ltr'>tionis</span> <span class='ocrx_word' id='word_1_457' title='bbox 2164 1919 2516 1993; x_wconf 83' lang='lat' dir='ltr'>ignorationi</span> <span class='ocrx_word' id='word_1_458' title='bbox 2548 1919 2678 1990; x_wconf 84' lang='lat' dir='ltr'>ejus</span> <span class='ocrx_word' id='word_1_459' title='bbox 2710 1919 2811 1991; x_wconf 90' lang='lat' dir='ltr'>qui</span> <span class='ocrx_word' id='word_1_460' title='bbox 2867 1923 3108 1991; x_wconf 88' lang='lat' dir='ltr'>superat</span> <span class='ocrx_word' id='word_1_461' title='bbox 3151 1920 3444 1989; x_wconf 86' lang='lat' dir='ltr'>universa,</span> <span class='ocrx_word' id='word_1_462' title='bbox 3477 1925 3603 1976; x_wconf 92' lang='lat' dir='ltr'>tum</span> 
     </span>
    </p>
   </div>
   <div class='ocr_carea' id='block_1_64' title="bbox 1953 2007 3610 2082">
    <p class='ocr_par' dir='ltr' id='par_1_64' title="bbox 1953 2007 3610 2082">
     <span class='ocr_line' id='line_1_64' title="bbox 1953 2007 3610 2082; baseline 0.001 -19"><span class='ocrx_word' id='word_1_463' title='bbox 1953 2009 2320 2082; x_wconf 86' lang='lat' dir='ltr'>ignoratione</span> <span class='ocrx_word' id='word_1_464' title='bbox 2368 2007 2570 2064; x_wconf 88' lang='lat' dir='ltr'>omnia</span> <span class='ocrx_word' id='word_1_465' title='bbox 2629 2009 2807 2064; x_wconf 91' lang='lat' dir='ltr'>novit.</span> <span class='ocrx_word' id='word_1_466' title='bbox 2869 2012 3020 2064; x_wconf 89' lang='lat' dir='ltr'>Nota</span> <span class='ocrx_word' id='word_1_467' title='bbox 3073 2025 3229 2076; x_wconf 90' lang='lat' dir='ltr'>vero,</span> <span class='ocrx_word' id='word_1_468' title='bbox 3290 2010 3445 2081; x_wconf 88' lang='lat' dir='ltr'>quod</span> <span class='ocrx_word' id='word_1_469' title='bbox 3477 2009 3610 2065; x_wconf 89' lang='lat' dir='ltr'>cali-</span> 
     </span>
    </p>
   </div>
   <div class='ocr_carea' id='block_1_65' title="bbox 1955 2096 3613 2170">
    <p class='ocr_par' dir='ltr' id='par_1_65' title="bbox 1955 2096 3613 2170">
     <span class='ocr_line' id='line_1_65' title="bbox 1955 2096 3613 2170; baseline 0.001 -17"><span class='ocrx_word' id='word_1_470' title='bbox 1955 2099 2152 2169; x_wconf 86' lang='lat' dir='ltr'>ginem</span> <span class='ocrx_word' id='word_1_471' title='bbox 2184 2098 2578 2170; x_wconf 86' lang='lat' dir='ltr'>ignorantiam</span> <span class='ocrx_word' id='word_1_472' title='bbox 2609 2096 2981 2153; x_wconf 86' lang='lat' dir='ltr'>intellexerit.</span> <span class='ocrx_word' id='word_1_473' title='bbox 3004 2098 3269 2162; x_wconf 86' lang='lat' dir='ltr'>Quanam</span> <span class='ocrx_word' id='word_1_474' title='bbox 3289 2101 3486 2154; x_wconf 87' lang='lat' dir='ltr'>autem</span> <span class='ocrx_word' id='word_1_475' title='bbox 3517 2116 3613 2154; x_wconf 80' lang='lat' dir='ltr'>ra-</span> 
     </span>
    </p>
   </div>
   <div class='ocr_carea' id='block_1_66' title="bbox 1955 2186 3611 2260">
    <p class='ocr_par' dir='ltr' id='par_1_66' title="bbox 1955 2186 3611 2260">
     <span class='ocr_line' id='line_1_66' title="bbox 1955 2186 3611 2260; baseline 0.001 -17"><span class='ocrx_word' id='word_1_476' title='bbox 1955 2189 2113 2244; x_wconf 90' lang='lat' dir='ltr'>tione</span> <span class='ocrx_word' id='word_1_477' title='bbox 2143 2188 2298 2243; x_wconf 88' lang='lat' dir='ltr'>Deus</span> <span class='ocrx_word' id='word_1_478' title='bbox 2327 2204 2428 2260; x_wconf 90' lang='lat' dir='ltr'>per</span> <span class='ocrx_word' id='word_1_479' title='bbox 2455 2186 2884 2259; x_wconf 84' lang='lat' dir='ltr'>ignorationem</span> <span class='ocrx_word' id='word_1_480' title='bbox 2917 2192 3327 2260; x_wconf 84' lang='lat' dir='ltr'>cognoscatur,</span> <span class='ocrx_word' id='word_1_481' title='bbox 3357 2191 3485 2244; x_wconf 86' lang='lat' dir='ltr'>tum</span> <span class='ocrx_word' id='word_1_482' title='bbox 3515 2187 3611 2244; x_wconf 92' lang='lat' dir='ltr'>hic</span> 
     </span>
    </p>
   </div>
   <div class='ocr_carea' id='block_1_67' title="bbox 1956 2276 3614 2350">
    <p class='ocr_par' dir='ltr' id='par_1_67' title="bbox 1956 2276 3614 2350">
     <span class='ocr_line' id='line_1_67' title="bbox 1956 2276 3614 2350; baseline 0.001 -18"><span class='ocrx_word' id='word_1_483' title='bbox 1956 2277 2115 2347; x_wconf 89' lang='lat' dir='ltr'>dicit,</span> <span class='ocrx_word' id='word_1_484' title='bbox 2148 2281 2276 2335; x_wconf 90' lang='lat' dir='ltr'>tum</span> <span class='ocrx_word' id='word_1_485' title='bbox 2332 2277 2392 2333; x_wconf 92' lang='lat' dir='ltr'>in</span> <span class='ocrx_word' id='word_1_486' title='bbox 2450 2276 2598 2332; x_wconf 89' lang='lat' dir='ltr'>libro</span> <span class='ocrx_word' id='word_1_487' title='bbox 2655 2278 2731 2332; x_wconf 88' lang='lat' dir='ltr'>De</span> <span class='ocrx_word' id='word_1_488' title='bbox 2786 2277 2992 2332; x_wconf 68' lang='lat' dir='ltr'>divinis</span> <span class='ocrx_word' id='word_1_489' title='bbox 3047 2278 3364 2334; x_wconf 73' lang='lat' dir='ltr'>nominibus</span> <span class='ocrx_word' id='word_1_490' title='bbox 3423 2278 3614 2350; x_wconf 89' lang='lat' dir='ltr'>capite</span> 
     </span>
    </p>
   </div>
   <div class='ocr_carea' id='block_1_68' title="bbox 1956 2364 3605 2436">
    <p class='ocr_par' dir='ltr' id='par_1_68' title="bbox 1956 2364 3605 2436">
     <span class='ocr_line' id='line_1_68' title="bbox 1956 2364 3605 2436; baseline 0 -16"><span class='ocrx_word' id='word_1_491' title='bbox 1956 2366 2212 2422; x_wconf 89' lang='lat' dir='ltr'>secundo</span> <span class='ocrx_word' id='word_1_492' title='bbox 2271 2365 2461 2420; x_wconf 83' lang='lat' dir='ltr'>fusius</span> <span class='ocrx_word' id='word_1_493' title='bbox 2519 2364 2963 2436; x_wconf 85' lang='lat' dir='ltr'>explicabimus.</span> <span class='ocrx_word' id='word_1_494' title='bbox 3035 2367 3208 2421; x_wconf 91' lang='lat' dir='ltr'>Porro</span> <span class='ocrx_word' id='word_1_495' title='bbox 3297 2366 3605 2423; x_wconf 86' lang='lat' dir='ltr'>sciendum</span> 
     </span>
    </p>
   </div>
   <div class='ocr_carea' id='block_1_69' title="bbox 1956 2454 3610 2527">
    <p class='ocr_par' dir='ltr' id='par_1_69' title="bbox 1956 2454 3610 2527">
     <span class='ocr_line' id='line_1_69' title="bbox 1956 2454 3610 2527; baseline 0 -17"><span class='ocrx_word' id='word_1_496' title='bbox 1956 2459 2064 2525; x_wconf 91' lang='lat' dir='ltr'>est,</span> <span class='ocrx_word' id='word_1_497' title='bbox 2096 2455 2155 2509; x_wconf 92' lang='lat' dir='ltr'>in</span> <span class='ocrx_word' id='word_1_498' title='bbox 2187 2455 2400 2523; x_wconf 86' lang='lat' dir='ltr'>Exodo,</span> <span class='ocrx_word' id='word_1_499' title='bbox 2460 2454 2562 2510; x_wconf 92' lang='lat' dir='ltr'>ubi</span> <span class='ocrx_word' id='word_1_500' title='bbox 2611 2454 2902 2526; x_wconf 88' lang='lat' dir='ltr'>scriptum</span> <span class='ocrx_word' id='word_1_501' title='bbox 2961 2457 3050 2510; x_wconf 90' lang='lat' dir='ltr'>est</span> <span class='ocrx_word' id='word_1_502' title='bbox 3083 2454 3346 2527; x_wconf 88' lang='lat' dir='ltr'>Moysem</span> <span class='ocrx_word' id='word_1_503' title='bbox 3379 2455 3610 2526; x_wconf 90' lang='lat' dir='ltr'>ingres-</span> 
     </span>
    </p>
   </div>
   <div class='ocr_carea' id='block_1_70' title="bbox 1957 2542 3613 2616">
    <p class='ocr_par' dir='ltr' id='par_1_70' title="bbox 1957 2542 3613 2616">
     <span class='ocr_line' id='line_1_70' title="bbox 1957 2542 3613 2616; baseline 0 -17"><span class='ocrx_word' id='word_1_504' title='bbox 1957 2561 2088 2600; x_wconf 86' lang='lat' dir='ltr'>sum</span> <span class='ocrx_word' id='word_1_505' title='bbox 2121 2544 2301 2600; x_wconf 84' lang='lat' dir='ltr'>fuisse</span> <span class='ocrx_word' id='word_1_506' title='bbox 2333 2542 2644 2616; x_wconf 88' lang='lat' dir='ltr'>caliginem</span> <span class='ocrx_word' id='word_1_507' title='bbox 2694 2543 2755 2597; x_wconf 88' lang='lat' dir='ltr'>in</span> <span class='ocrx_word' id='word_1_508' title='bbox 2808 2560 2922 2616; x_wconf 89' lang='lat' dir='ltr'>qua</span> <span class='ocrx_word' id='word_1_509' title='bbox 2981 2547 3105 2598; x_wconf 88' lang='lat' dir='ltr'>erat</span> <span class='ocrx_word' id='word_1_510' title='bbox 3165 2545 3337 2614; x_wconf 88' lang='lat' dir='ltr'>Deus,</span> <span class='ocrx_word' id='word_1_511' title='bbox 3377 2543 3613 2599; x_wconf 82' lang='lat' dir='ltr'>Hebrai-</span> 
     </span>
    </p>
   </div>
   <div class='ocr_carea' id='block_1_71' title="bbox 1956 2631 3606 2703">
    <p class='ocr_par' dir='ltr' id='par_1_71' title="bbox 1956 2631 3606 2703">
     <span class='ocr_line' id='line_1_71' title="bbox 1956 2631 3606 2703; baseline 0 -16"><span class='ocrx_word' id='word_1_512' title='bbox 1956 2649 2090 2687; x_wconf 90' lang='lat' dir='ltr'>cum</span> <span class='ocrx_word' id='word_1_513' title='bbox 2122 2631 2335 2688; x_wconf 90' lang='lat' dir='ltr'>habere</span> <span class='ocrx_word' id='word_1_514' title='bbox 2364 2631 2630 2703; x_wconf 82' lang='lat' dir='ltr'>araphel:</span> <span class='ocrx_word' id='word_1_515' title='bbox 2665 2631 3051 2703; x_wconf 80' lang='lat' dir='ltr'>Septuaginta</span> <span class='ocrx_word' id='word_1_516' title='bbox 3085 2646 3222 2686; x_wconf 92' lang='lat' dir='ltr'>vero</span> <span class='ocrx_word' id='word_1_517' title='bbox 3252 2636 3309 2686; x_wconf 90' lang='lat' dir='ltr'>et</span> <span class='ocrx_word' id='word_1_518' title='bbox 3337 2631 3606 2703; x_wconf 79' lang='lat' dir='ltr'>Aquilam</span> 
     </span>
    </p>
   </div>
   <div class='ocr_carea' id='block_1_72' title="bbox 1955 2718 3610 2796">
    <p class='ocr_par' dir='ltr' id='par_1_72' title="bbox 1955 2718 3610 2796">
     <span class='ocr_line' id='line_1_72' title="bbox 1955 2718 3610 2796; baseline 0.001 -21"><span class='ocrx_word' id='word_1_519' title='bbox 1955 2725 2129 2792; x_wconf 89' lang='lat' dir='ltr'>atque</span> <span class='ocrx_word' id='word_1_520' title='bbox 2156 2720 2610 2777; x_wconf 88' lang='lat' dir='ltr'>Theodotionem</span> <span class='ocrx_word' id='word_1_521' title='bbox 2645 2719 2975 2776; x_wconf 85' lang='lat' dir='ltr'>reddidisse</span> <span class='ocrx_word' id='word_1_522' title='bbox 3003 2721 3256 2791; x_wconf 81' lang='lat' dir='ltr'>araphel,</span> <span class='ocrx_word' id='word_1_523' title='bbox 3285 2718 3610 2796; x_wconf 82' lang='grc' dir='ltr'>γνόφον,εα-</span> 
     </span>
    </p>
   </div>
   <div class='ocr_carea' id='block_1_73' title="bbox 1955 2806 3610 2882">
    <p class='ocr_par' dir='ltr' id='par_1_73' title="bbox 1955 2806 3610 2882">
     <span class='ocr_line' id='line_1_73' title="bbox 1955 2806 3610 2882; baseline 0.001 -18"><span class='ocrx_word' id='word_1_524' title='bbox 1955 2811 2183 2881; x_wconf 79' lang='lat' dir='ltr'>liginem</span> <span class='ocrx_word' id='word_1_525' title='bbox 2209 2827 2230 2872; x_wconf 86' lang='grc'>,·</span> <span class='ocrx_word' id='word_1_526' title='bbox 2253 2814 2312 2866; x_wconf 89' lang='lat' dir='ltr'>at</span> <span class='ocrx_word' id='word_1_527' title='bbox 2333 2809 2750 2882; x_wconf 82' lang='lat' dir='ltr'>Symmachum</span> <span class='ocrx_word' id='word_1_528' title='bbox 2775 2806 3050 2882; x_wconf 84' lang='grc' dir='ltr'>ὁμίχλην,</span> <span class='ocrx_word' id='word_1_529' title='bbox 3081 2809 3500 2880; x_wconf 83' lang='lat' dir='ltr'>nebulam,esse</span> <span class='ocrx_word' id='word_1_530' title='bbox 3522 2811 3610 2865; x_wconf 89' lang='lat' dir='ltr'>in-</span> 
     </span>
    </p>
   </div>
   <div class='ocr_carea' id='block_1_74' title="bbox 1956 2897 3609 2972">
    <p class='ocr_par' dir='ltr' id='par_1_74' title="bbox 1956 2897 3609 2972">
     <span class='ocr_line' id='line_1_74' title="bbox 1956 2897 3609 2972; baseline 0.001 -17"><span class='ocrx_word' id='word_1_531' title='bbox 1956 2899 2640 2972; x_wconf 66' lang='lat' dir='ltr'>terpretatumJlebraaus</span> <span class='ocrx_word' id='word_1_532' title='bbox 2671 2914 2802 2954; x_wconf 91' lang='lat' dir='ltr'>vero</span> <span class='ocrx_word' id='word_1_533' title='bbox 2825 2897 2969 2953; x_wconf 92' lang='lat' dir='ltr'>dicit</span> <span class='ocrx_word' id='word_1_534' title='bbox 2989 2899 3218 2970; x_wconf 80' lang='lat' dir='ltr'>amphel</span> <span class='ocrx_word' id='word_1_535' title='bbox 3248 2915 3376 2954; x_wconf 87' lang='lat' dir='ltr'>esse</span> <span class='ocrx_word' id='word_1_536' title='bbox 3394 2915 3609 2956; x_wconf 88' lang='lat' dir='ltr'>nomen</span> 
     </span>
    </p>
   </div>
   <div class='ocr_carea' id='block_1_75' title="bbox 1955 2987 3608 3060">
    <p class='ocr_par' dir='ltr' id='par_1_75' title="bbox 1955 2987 3608 3060">
     <span class='ocr_line' id='line_1_75' title="bbox 1955 2987 3608 3060; baseline -0.002 -15"><span class='ocrx_word' id='word_1_537' title='bbox 1955 2988 2309 3045; x_wconf 82' lang='lat' dir='ltr'>firmamenti</span> <span class='ocrx_word' id='word_1_538' title='bbox 2341 2987 2399 3043; x_wconf 90' lang='lat' dir='ltr'>in</span> <span class='ocrx_word' id='word_1_539' title='bbox 2432 2989 2586 3059; x_wconf 92' lang='lat' dir='ltr'>quod</span> <span class='ocrx_word' id='word_1_540' title='bbox 2619 2987 2849 3060; x_wconf 84' lang='lat' dir='ltr'>Moyses</span> <span class='ocrx_word' id='word_1_541' title='bbox 2883 2987 3145 3059; x_wconf 85' lang='lat' dir='ltr'>pervenit</span> <span class='ocrx_word' id='word_1_542' title='bbox 3172 3013 3186 3056; x_wconf 86' lang='lat'><strong>;</strong></span> <span class='ocrx_word' id='word_1_543' title='bbox 3218 2987 3422 3043; x_wconf 91' lang='lat' dir='ltr'>dicunt</span> <span class='ocrx_word' id='word_1_544' title='bbox 3451 2989 3608 3044; x_wconf 89' lang='lat' dir='ltr'>enim</span> 
     </span>
    </p>
   </div>
   <div class='ocr_carea' id='block_1_76' title="bbox 1953 3076 3608 3151">
    <p class='ocr_par' dir='ltr' id='par_1_76' title="bbox 1953 3076 3608 3151">
     <span class='ocr_line' id='line_1_76' title="bbox 1953 3076 3608 3151; baseline -0.001 -16"><span class='ocrx_word' id='word_1_545' title='bbox 1953 3096 2076 3135; x_wconf 90' lang='lat' dir='ltr'>esse</span> <span class='ocrx_word' id='word_1_546' title='bbox 2107 3082 2331 3151; x_wconf 84' lang='lat' dir='ltr'>septem</span> <span class='ocrx_word' id='word_1_547' title='bbox 2363 3078 2893 3148; x_wconf 62' lang='lat' dir='ltr'>ﬁrmamenta,quae</span> <span class='ocrx_word' id='word_1_548' title='bbox 2927 3076 3103 3132; x_wconf 84' lang='lat' dir='ltr'>etiam</span> <span class='ocrx_word' id='word_1_549' title='bbox 3129 3077 3304 3133; x_wconf 82' lang='lat' dir='ltr'>caelos</span> <span class='ocrx_word' id='word_1_550' title='bbox 3337 3077 3493 3133; x_wconf 69' lang='lat'>‘284</span> <span class='ocrx_word' id='word_1_551' title='bbox 3515 3093 3608 3134; x_wconf 91' lang='lat' dir='ltr'>vo-</span> 
     </span>
    </p>
   </div>
   <div class='ocr_carea' id='block_1_77' title="bbox 1953 3167 3612 3239">
    <p class='ocr_par' dir='ltr' id='par_1_77' title="bbox 1953 3167 3612 3239">
     <span class='ocr_line' id='line_1_77' title="bbox 1953 3167 3612 3239; baseline 0 -16"><span class='ocrx_word' id='word_1_552' title='bbox 1953 3168 2467 3239; x_wconf 86' lang='lat' dir='ltr'>cant,nominaque</span> <span class='ocrx_word' id='word_1_553' title='bbox 2483 3169 3068 3238; x_wconf 84' lang='lat' dir='ltr'>recensent,quorum</span> <span class='ocrx_word' id='word_1_554' title='bbox 3094 3182 3250 3222; x_wconf 89' lang='lat' dir='ltr'>nunc</span> <span class='ocrx_word' id='word_1_555' title='bbox 3269 3167 3612 3223; x_wconf 90' lang='lat' dir='ltr'>meminisse</span> 
     </span>
    </p>
   </div>
   <div class='ocr_carea' id='block_1_78' title="bbox 1955 3255 3608 3327">
    <p class='ocr_par' dir='ltr' id='par_1_78' title="bbox 1955 3255 3608 3327">
     <span class='ocr_line' id='line_1_78' title="bbox 1955 3255 3608 3327; baseline -0.001 -14"><span class='ocrx_word' id='word_1_556' title='bbox 1955 3275 2069 3313; x_wconf 91' lang='lat' dir='ltr'>non</span> <span class='ocrx_word' id='word_1_557' title='bbox 2101 3261 2190 3313; x_wconf 91' lang='lat' dir='ltr'>est</span> <span class='ocrx_word' id='word_1_558' title='bbox 2219 3255 2782 3327; x_wconf 88' lang='lat' dir='ltr'>necessarium.Legi</span> <span class='ocrx_word' id='word_1_559' title='bbox 2805 3259 2999 3312; x_wconf 90' lang='lat' dir='ltr'>autem</span> <span class='ocrx_word' id='word_1_560' title='bbox 3023 3258 3225 3327; x_wconf 81' lang='lat' dir='ltr'>septem</span> <span class='ocrx_word' id='word_1_561' title='bbox 3245 3255 3411 3312; x_wconf 73' lang='lat' dir='ltr'>caelos</span> <span class='ocrx_word' id='word_1_562' title='bbox 3431 3256 3608 3312; x_wconf 90' lang='lat' dir='ltr'>etlam</span> 
     </span>
    </p>
   </div>
   <div class='ocr_carea' id='block_1_79' title="bbox 1955 3344 3606 3419">
    <p class='ocr_par' dir='ltr' id='par_1_79' title="bbox 1955 3344 3606 3419">
     <span class='ocr_line' id='line_1_79' title="bbox 1955 3344 3606 3419; baseline 0 -19"><span class='ocrx_word' id='word_1_563' title='bbox 1955 3347 2012 3402; x_wconf 92' lang='lat' dir='ltr'>in</span> <span class='ocrx_word' id='word_1_564' title='bbox 2045 3345 2442 3419; x_wconf 86' lang='lat' dir='ltr'>disputatione</span> <span class='ocrx_word' id='word_1_565' title='bbox 2479 3345 2709 3418; x_wconf 90' lang='lat' dir='ltr'>Papisci</span> <span class='ocrx_word' id='word_1_566' title='bbox 2743 3348 2800 3400; x_wconf 88' lang='lat' dir='ltr'>et</span> <span class='ocrx_word' id='word_1_567' title='bbox 2829 3344 3064 3400; x_wconf 86' lang='lat' dir='ltr'>Jasonis</span> <span class='ocrx_word' id='word_1_568' title='bbox 3093 3344 3314 3416; x_wconf 87' lang='lat' dir='ltr'>scripta</span> <span class='ocrx_word' id='word_1_569' title='bbox 3346 3346 3418 3400; x_wconf 89' lang='lat' dir='ltr'>ab</span> <span class='ocrx_word' id='word_1_570' title='bbox 3437 3345 3606 3400; x_wconf 84' lang='lat' dir='ltr'>Aris-</span> 
     </span>
    </p>
   </div>
   <div class='ocr_carea' id='block_1_80' title="bbox 1954 3433 3609 3506">
    <p class='ocr_par' dir='ltr' id='par_1_80' title="bbox 1954 3433 3609 3506">
     <span class='ocr_line' id='line_1_80' title="bbox 1954 3433 3609 3506; baseline -0.002 -14"><span class='ocrx_word' id='word_1_571' title='bbox 1954 3441 2090 3492; x_wconf 88' lang='lat' dir='ltr'>tone</span> <span class='ocrx_word' id='word_1_572' title='bbox 2110 3435 2340 3504; x_wconf 79' lang='lat' dir='ltr'>Pellaeo,</span> <span class='ocrx_word' id='word_1_573' title='bbox 2373 3451 2548 3506; x_wconf 89' lang='lat' dir='ltr'>quam</span> <span class='ocrx_word' id='word_1_574' title='bbox 2587 3433 2858 3490; x_wconf 87' lang='lat' dir='ltr'>Clemens</span> <span class='ocrx_word' id='word_1_575' title='bbox 2891 3433 3322 3489; x_wconf 84' lang='lat' dir='ltr'>Alexandrinus</span> <span class='ocrx_word' id='word_1_576' title='bbox 3352 3433 3410 3488; x_wconf 91' lang='lat' dir='ltr'>in</span> <span class='ocrx_word' id='word_1_577' title='bbox 3445 3437 3609 3488; x_wconf 86' lang='lat' dir='ltr'>sexto</span> 
     </span>
    </p>
   </div>
   <div class='ocr_carea' id='block_1_81' title="bbox 1953 3522 3608 3597">
    <p class='ocr_par' dir='ltr' id='par_1_81' title="bbox 1953 3522 3608 3597">
     <span class='ocr_line' id='line_1_81' title="bbox 1953 3522 3608 3597; baseline -0.004 -16"><span class='ocrx_word' id='word_1_578' title='bbox 1953 3527 2104 3589; x_wconf 76' lang='lat' dir='ltr'>libro</span> <span class='ocrx_word' id='word_1_579' title='bbox 2149 3529 2570 3597; x_wconf 81' lang='lat' dir='ltr'>Hypotyposeon</span> <span class='ocrx_word' id='word_1_580' title='bbox 2627 3522 2706 3578; x_wconf 89' lang='lat' dir='ltr'>ait</span> <span class='ocrx_word' id='word_1_581' title='bbox 2773 3526 3043 3578; x_wconf 84' lang='lat' dir='ltr'>anetum</span> <span class='ocrx_word' id='word_1_582' title='bbox 3118 3523 3329 3578; x_wconf 88' lang='lat' dir='ltr'>Lucam</span> <span class='ocrx_word' id='word_1_583' title='bbox 3389 3523 3608 3578; x_wconf 91' lang='lat' dir='ltr'>descri-</span> 
     </span>
    </p>
   </div>
   <div class='ocr_carea' id='block_1_82' title="bbox 1955 3611 3612 3688">
    <p class='ocr_par' dir='ltr' id='par_1_82' title="bbox 1955 3611 3612 3688">
     <span class='ocr_line' id='line_1_82' title="bbox 1955 3611 3612 3688; baseline -0.005 -17"><span class='ocrx_word' id='word_1_584' title='bbox 1955 3614 2162 3688; x_wconf 90' lang='lat' dir='ltr'>psisse.</span> <span class='ocrx_word' id='word_1_585' title='bbox 2197 3619 2274 3670; x_wconf 92' lang='lat' dir='ltr'>De</span> <span class='ocrx_word' id='word_1_586' title='bbox 2303 3612 2554 3685; x_wconf 88' lang='lat' dir='ltr'>caligine</span> <span class='ocrx_word' id='word_1_587' title='bbox 2583 3611 2645 3667; x_wconf 91' lang='lat' dir='ltr'>in</span> <span class='ocrx_word' id='word_1_588' title='bbox 2677 3611 2878 3667; x_wconf 90' lang='lat' dir='ltr'>divina</span> <span class='ocrx_word' id='word_1_589' title='bbox 2919 3611 3294 3684; x_wconf 86' lang='lat' dir='ltr'>ignoratione</span> <span class='ocrx_word' id='word_1_590' title='bbox 3341 3611 3612 3668; x_wconf 88' lang='lat' dir='ltr'>conside-</span> 
     </span>
    </p>
   </div>
   <div class='ocr_carea' id='block_1_83' title="bbox 1955 3699 3612 3774">
    <p class='ocr_par' dir='ltr' id='par_1_83' title="bbox 1955 3699 3612 3774">
     <span class='ocr_line' id='line_1_83' title="bbox 1955 3699 3612 3774; baseline -0.002 -15"><span class='ocrx_word' id='word_1_591' title='bbox 1955 3707 2098 3769; x_wconf 91' lang='lat' dir='ltr'>rata,</span> <span class='ocrx_word' id='word_1_592' title='bbox 2132 3703 2192 3758; x_wconf 90' lang='lat' dir='ltr'>in</span> <span class='ocrx_word' id='word_1_593' title='bbox 2224 3703 2348 3759; x_wconf 88' lang='lat' dir='ltr'>suis</span> <span class='ocrx_word' id='word_1_594' title='bbox 2378 3717 2614 3774; x_wconf 90' lang='lat' dir='ltr'>quoque</span> <span class='ocrx_word' id='word_1_595' title='bbox 2646 3699 2912 3773; x_wconf 90' lang='lat' dir='ltr'>epistolis</span> <span class='ocrx_word' id='word_1_596' title='bbox 2977 3700 3200 3773; x_wconf 90' lang='lat' dir='ltr'>optime</span> <span class='ocrx_word' id='word_1_597' title='bbox 3249 3704 3612 3756; x_wconf 88' lang='lat' dir='ltr'>commenta-</span> 
     </span>
    </p>
   </div>
   <div class='ocr_carea' id='block_1_84' title="bbox 1954 3789 3612 3866">
    <p class='ocr_par' dir='ltr' id='par_1_84' title="bbox 1954 3789 3612 3866">
     <span class='ocr_line' id='line_1_84' title="bbox 1954 3789 3612 3866; baseline -0.002 -17"><span class='ocrx_word' id='word_1_598' title='bbox 1954 3798 2088 3849; x_wconf 89' lang='lat' dir='ltr'>tur:</span> <span class='ocrx_word' id='word_1_599' title='bbox 2120 3793 2180 3849; x_wconf 92' lang='lat' dir='ltr'>in</span> <span class='ocrx_word' id='word_1_600' title='bbox 2214 3793 2421 3866; x_wconf 87' lang='lat' dir='ltr'>quinta</span> <span class='ocrx_word' id='word_1_601' title='bbox 2476 3806 2611 3848; x_wconf 90' lang='lat' dir='ltr'>vero</span> <span class='ocrx_word' id='word_1_602' title='bbox 2663 3790 2915 3863; x_wconf 73' lang='lat' dir='ltr'>perfecte</span> <span class='ocrx_word' id='word_1_603' title='bbox 2974 3791 3044 3846; x_wconf 88' lang='lat' dir='ltr'>de</span> <span class='ocrx_word' id='word_1_604' title='bbox 3101 3789 3211 3846; x_wconf 89' lang='lat' dir='ltr'>hoc</span> <span class='ocrx_word' id='word_1_605' title='bbox 3263 3795 3612 3863; x_wconf 89' lang='lat' dir='ltr'>argumento</span> 
     </span>
    </p>
   </div>
   <div class='ocr_carea' id='block_1_85' title="bbox 1954 3882 2178 3939">
    <p class='ocr_par' dir='ltr' id='par_1_85' title="bbox 1954 3882 2178 3939">
     <span class='ocr_line' id='line_1_85' title="bbox 1954 3882 2178 3939; baseline 0.004 -1"><span class='ocrx_word' id='word_1_606' title='bbox 1954 3882 2178 3939; x_wconf 89' lang='lat' dir='ltr'>scribit.</span> 
     </span>
    </p>
   </div>
   <div class='ocr_carea' id='block_1_86' title="bbox 2020 3967 3611 4042">
    <p class='ocr_par' dir='ltr' id='par_1_86' title="bbox 2020 3967 3611 4042">
     <span class='ocr_line' id='line_1_86' title="bbox 2020 3967 3611 4042; baseline -0.006 -10"><span class='ocrx_word' id='word_1_607' title='bbox 2020 3972 2216 4032; x_wconf 82' lang='lat' dir='ltr'>Omnis</span> <span class='ocrx_word' id='word_1_608' title='bbox 2243 3971 2576 4042; x_wconf 79' lang='lat' dir='ltr'>cognitionis</span> <span class='ocrx_word' id='word_1_609' title='bbox 2614 3971 2941 4026; x_wconf 77' lang='lat' dir='ltr'>cessatione.</span> <span class='ocrx_word' id='word_1_610' title='bbox 3000 3967 3150 4024; x_wconf 89' lang='lat' dir='ltr'>Nota</span> <span class='ocrx_word' id='word_1_611' title='bbox 3202 3967 3357 4040; x_wconf 90' lang='lat' dir='ltr'>quod</span> <span class='ocrx_word' id='word_1_612' title='bbox 3418 3967 3611 4024; x_wconf 84' lang='lat' dir='ltr'>omnis</span> 
     </span>
    </p>
   </div>
   <div class='ocr_carea' id='block_1_87' title="bbox 1955 4057 3251 4134">
    <p class='ocr_par' dir='ltr' id='par_1_87' title="bbox 1955 4057 3251 4134">
     <span class='ocr_line' id='line_1_87' title="bbox 1955 4057 3251 4134; baseline -0.005 -16"><span class='ocrx_word' id='word_1_613' title='bbox 1955 4060 2306 4134; x_wconf 84' lang='lat' dir='ltr'>cognitionis</span> <span class='ocrx_word' id='word_1_614' title='bbox 2338 4059 2681 4130; x_wconf 87' lang='lat' dir='ltr'>cessatione,</span> <span class='ocrx_word' id='word_1_615' title='bbox 2715 4059 2917 4130; x_wconf 88' lang='lat' dir='ltr'>ignoto</span> <span class='ocrx_word' id='word_1_616' title='bbox 2952 4057 3251 4112; x_wconf 88' lang='lat' dir='ltr'>uniamur.</span> 
     </span>
    </p>
   </div>
   <div class='ocr_carea' id='block_1_88' title="bbox 2625 4236 2969 4292">
    <p class='ocr_par' dir='ltr' id='par_1_88' title="bbox 2625 4236 2969 4292">
     <span class='ocr_line' id='line_1_88' title="bbox 2625 4236 2969 4292; baseline -0.003 0"><span class='ocrx_word' id='word_1_617' title='bbox 2625 4243 2670 4292; x_wconf 88' lang='lat' dir='ltr'>N</span> <span class='ocrx_word' id='word_1_618' title='bbox 2709 4236 2864 4292; x_wconf 88' lang='lat' dir='ltr'>CAP.</span> <span class='ocrx_word' id='word_1_619' title='bbox 2899 4236 2969 4291; x_wconf 90' lang='lat' dir='ltr'>II.</span> 
     </span>
    </p>
   </div>
   <div class='ocr_carea' id='block_1_89' title="bbox 2028 4237 3614 4398">
    <p class='ocr_par' dir='ltr' id='par_1_89' title="bbox 2028 4237 3614 4398">
     <span class='ocr_line' id='line_1_89' title="bbox 2598 4237 2969 4293; baseline -0.005 0"><span class='ocrx_word' id='word_1_620' title='bbox 2598 4241 2670 4293; x_wconf 88' lang='lat' dir='ltr'>IN</span> <span class='ocrx_word' id='word_1_621' title='bbox 2709 4237 2864 4293; x_wconf 86' lang='lat' dir='ltr'>CAP.</span> <span class='ocrx_word' id='word_1_622' title='bbox 2899 4237 2969 4291; x_wconf 92' lang='lat' dir='ltr'>II.</span> 
     </span>
     <span class='ocr_line' id='line_1_90' title="bbox 2028 4321 3614 4398; baseline -0.004 -11"><span class='ocrx_word' id='word_1_623' title='bbox 2028 4333 2089 4387; x_wconf 87' lang='lat' dir='ltr'>In</span> <span class='ocrx_word' id='word_1_624' title='bbox 2121 4330 2222 4385; x_wconf 84' lang='lat' dir='ltr'>hac</span> <span class='ocrx_word' id='word_1_625' title='bbox 2256 4345 2373 4385; x_wconf 88' lang='lat' dir='ltr'>nos.</span> <span class='ocrx_word' id='word_1_626' title='bbox 2424 4327 2526 4383; x_wconf 87' lang='lat' dir='ltr'>Hic</span> <span class='ocrx_word' id='word_1_627' title='bbox 2585 4341 2819 4398; x_wconf 90' lang='lat' dir='ltr'>quoque</span> <span class='ocrx_word' id='word_1_628' title='bbox 2876 4324 2946 4379; x_wconf 90' lang='lat' dir='ltr'>de</span> <span class='ocrx_word' id='word_1_629' title='bbox 3003 4321 3204 4378; x_wconf 86' lang='lat' dir='ltr'>divina</span> <span class='ocrx_word' id='word_1_630' title='bbox 3260 4323 3509 4396; x_wconf 85' lang='lat' dir='ltr'>caligine</span> <span class='ocrx_word' id='word_1_631' title='bbox 3558 4331 3614 4380; x_wconf 89' lang='lat' dir='ltr'>et</span> 
     </span>
    </p>
   </div>
   <div class='ocr_carea' id='block_1_90' title="bbox 1954 4411 3613 4493">
    <p class='ocr_par' dir='ltr' id='par_1_90' title="bbox 1954 4411 3613 4493">
     <span class='ocr_line' id='line_1_91' title="bbox 1954 4411 3613 4493; baseline -0.004 -18"><span class='ocrx_word' id='word_1_632' title='bbox 1954 4419 2288 4493; x_wconf 87' lang='lat' dir='ltr'>ignorantia</span> <span class='ocrx_word' id='word_1_633' title='bbox 2319 4417 2479 4472; x_wconf 89' lang='lat' dir='ltr'>dicit.</span> <span class='ocrx_word' id='word_1_634' title='bbox 2512 4415 2664 4472; x_wconf 90' lang='lat' dir='ltr'>Nota</span> <span class='ocrx_word' id='word_1_635' title='bbox 2688 4415 2866 4471; x_wconf 88' lang='lat' dir='ltr'>etiam</span> <span class='ocrx_word' id='word_1_636' title='bbox 2912 4413 3066 4484; x_wconf 93' lang='lat' dir='ltr'>quod</span> <span class='ocrx_word' id='word_1_637' title='bbox 3090 4411 3200 4468; x_wconf 83' lang='lat' dir='ltr'>hoc</span> <span class='ocrx_word' id='word_1_638' title='bbox 3232 4413 3310 4468; x_wconf 86' lang='lat' dir='ltr'>sit</span> <span class='ocrx_word' id='word_1_639' title='bbox 3334 4413 3394 4468; x_wconf 90' lang='lat' dir='ltr'>in</span> <span class='ocrx_word' id='word_1_640' title='bbox 3417 4413 3613 4469; x_wconf 85' lang='lat' dir='ltr'>divina</span> 
     </span>
    </p>
   </div>
   <div class='ocr_carea' id='block_1_91' title="bbox 1957 4501 3612 4578">
    <p class='ocr_par' dir='ltr' id='par_1_91' title="bbox 1957 4501 3612 4578">
     <span class='ocr_line' id='line_1_92' title="bbox 1957 4501 3612 4578; baseline -0.002 -16"><span class='ocrx_word' id='word_1_641' title='bbox 1957 4508 2202 4578; x_wconf 84' lang='lat' dir='ltr'>caligine</span> <span class='ocrx_word' id='word_1_642' title='bbox 2232 4523 2383 4577; x_wconf 88' lang='lat' dir='ltr'>esse,</span> <span class='ocrx_word' id='word_1_643' title='bbox 2415 4510 2685 4576; x_wconf 86' lang='lat' dir='ltr'>aspectus</span> <span class='ocrx_word' id='word_1_644' title='bbox 2743 4503 3070 4575; x_wconf 88' lang='lat' dir='ltr'>privatione</span> <span class='ocrx_word' id='word_1_645' title='bbox 3128 4504 3186 4556; x_wconf 90' lang='lat' dir='ltr'>et</span> <span class='ocrx_word' id='word_1_646' title='bbox 3243 4501 3612 4575; x_wconf 87' lang='lat' dir='ltr'>ignoratione</span> 
     </span>
    </p>
   </div>
   <div class='ocr_carea' id='block_1_92' title="bbox 187 4587 1840 4667">
    <p class='ocr_par' dir='ltr' id='par_1_92' title="bbox 187 4587 1834 4666">
     <span class='ocr_line' id='line_1_93' title="bbox 187 4587 1834 4666; baseline 0 -22"><span class='ocrx_word' id='word_1_647' title='bbox 187 4587 451 4666; x_wconf 73' lang='grc' dir='ltr'>ἀϐλεψίας</span> <span class='ocrx_word' id='word_1_648' title='bbox 506 4591 597 4646; x_wconf 87' lang='grc' dir='ltr'>καὶ</span> <span class='ocrx_word' id='word_1_649' title='bbox 655 4589 922 4666; x_wconf 79' lang='grc' dir='ltr'>ἀγνωσίας</span> <span class='ocrx_word' id='word_1_650' title='bbox 983 4587 1113 4642; x_wconf 76' lang='grc' dir='ltr'>ἰδεῖν</span> <span class='ocrx_word' id='word_1_651' title='bbox 1163 4589 1250 4643; x_wconf 78' lang='grc' dir='ltr'>καὶ</span> <span class='ocrx_word' id='word_1_652' title='bbox 1313 4593 1519 4662; x_wconf 84' lang='grc' dir='ltr'>γνῶναι</span> <span class='ocrx_word' id='word_1_653' title='bbox 1576 4589 1638 4642; x_wconf 90' lang='grc' dir='ltr'>τὸ</span> <span class='ocrx_word' id='word_1_654' title='bbox 1702 4590 1834 4664; x_wconf 68' lang='grc' dir='ltr'>ὑπὲρ</span> 
     </span>
    </p>
   </div>
   <div class='ocr_carea' id='block_1_93' title="bbox 1958 4587 3608 4667">
    <p class='ocr_par' dir='ltr' id='par_1_93' title="bbox 1958 4591 3608 4667">
     <span class='ocr_line' id='line_1_94' title="bbox 1958 4591 3608 4667; baseline -0.002 -15"><span class='ocrx_word' id='word_1_655' title='bbox 1958 4613 2184 4653; x_wconf 67' lang='lat' dir='ltr'>sernere</span> <span class='ocrx_word' id='word_1_656' title='bbox 2214 4613 2279 4652; x_wconf 89' lang='lat' dir='ltr'>ac</span> <span class='ocrx_word' id='word_1_657' title='bbox 2311 4609 2667 4667; x_wconf 87' lang='lat' dir='ltr'>cognoscere</span> <span class='ocrx_word' id='word_1_658' title='bbox 2699 4609 2834 4648; x_wconf 89' lang='lat' dir='ltr'>eum</span> <span class='ocrx_word' id='word_1_659' title='bbox 2868 4591 2968 4665; x_wconf 88' lang='lat' dir='ltr'>qui</span> <span class='ocrx_word' id='word_1_660' title='bbox 3025 4606 3261 4646; x_wconf 89' lang='lat' dir='ltr'>omnem</span> <span class='ocrx_word' id='word_1_661' title='bbox 3311 4600 3608 4663; x_wconf 80' lang='lat' dir='ltr'>aspectum</span> 
     </span>
    </p>
   </div>
   <div class='ocr_carea' id='block_1_94' title="bbox 189 4674 1833 4756">
    <p class='ocr_par' dir='ltr' id='par_1_94' title="bbox 189 4674 1833 4756">
     <span class='ocr_line' id='line_1_95' title="bbox 189 4674 1833 4756; baseline -0.001 -21"><span class='ocrx_word' id='word_1_662' title='bbox 189 4683 301 4744; x_wconf 67' lang='grc' dir='ltr'>θέαν</span> <span class='ocrx_word' id='word_1_663' title='bbox 357 4680 451 4734; x_wconf 78' lang='grc' dir='ltr'>καὶ</span> <span class='ocrx_word' id='word_1_664' title='bbox 481 4685 702 4756; x_wconf 81' lang='grc' dir='ltr'>γνῶσιν,</span> <span class='ocrx_word' id='word_1_665' title='bbox 734 4679 851 4733; x_wconf 84' lang='grc' dir='ltr'>κατ’</span> <span class='ocrx_word' id='word_1_666' title='bbox 882 4679 1010 4732; x_wconf 80' lang='grc' dir='ltr'>αὐτὸ</span> <span class='ocrx_word' id='word_1_667' title='bbox 1059 4678 1119 4732; x_wconf 88' lang='grc' dir='ltr'>τὸ</span> <span class='ocrx_word' id='word_1_668' title='bbox 1173 4678 1246 4749; x_wconf 81' lang='grc' dir='ltr'>μή</span> <span class='ocrx_word' id='word_1_669' title='bbox 1275 4674 1407 4732; x_wconf 83' lang='grc' dir='ltr'>ἰδεῖν</span> <span class='ocrx_word' id='word_1_670' title='bbox 1444 4675 1586 4750; x_wconf 76' lang='grc' dir='ltr'>μηδὲ</span> <span class='ocrx_word' id='word_1_671' title='bbox 1610 4683 1833 4751; x_wconf 84' lang='grc' dir='ltr'>γνῶναι·</span> 
     </span>
    </p>
   </div>
   <div class='ocr_carea' id='block_1_95' title="bbox 185 4764 1836 4846">
    <p class='ocr_par' dir='ltr' id='par_1_95' title="bbox 185 4764 1836 4846">
     <span class='ocr_line' id='line_1_96' title="bbox 185 4764 1836 4846; baseline -0.001 -22"><span class='ocrx_word' id='word_1_672' title='bbox 185 4775 344 4824; x_wconf 72' lang='grc' dir='ltr'>τοῦτο</span> <span class='ocrx_word' id='word_1_673' title='bbox 397 4770 504 4844; x_wconf 79' lang='grc' dir='ltr'>γάρ</span> <span class='ocrx_word' id='word_1_674' title='bbox 561 4767 694 4837; x_wconf 73' lang='grc' dir='ltr'>ἐστι,</span> <span class='ocrx_word' id='word_1_675' title='bbox 741 4767 894 4846; x_wconf 77' lang='grc' dir='ltr'>φησὶ,</span> <span class='ocrx_word' id='word_1_676' title='bbox 942 4767 1005 4821; x_wconf 87' lang='grc' dir='ltr'>τὸ</span> <span class='ocrx_word' id='word_1_677' title='bbox 1056 4764 1225 4828; x_wconf 76' lang='grc' dir='ltr'>ὅντως</span> <span class='ocrx_word' id='word_1_678' title='bbox 1274 4764 1404 4820; x_wconf 74' lang='grc' dir='ltr'>ἰδεῖν</span> <span class='ocrx_word' id='word_1_679' title='bbox 1463 4767 1553 4821; x_wconf 77' lang='grc' dir='ltr'>καὶ</span> <span class='ocrx_word' id='word_1_680' title='bbox 1609 4773 1836 4843; x_wconf 75' lang='grc' dir='ltr'>γνῶναι·</span> 
     </span>
    </p>
   </div>
   <div class='ocr_carea' id='block_1_96' title="bbox 189 4855 1836 4934">
    <p class='ocr_par' dir='ltr' id='par_1_96' title="bbox 189 4855 1836 4934">
     <span class='ocr_line' id='line_1_97' title="bbox 189 4855 1836 4934; baseline -0.001 -23"><span class='ocrx_word' id='word_1_681' title='bbox 189 4858 432 4932; x_wconf 68' lang='grc' dir='ltr'>οὖδαμοῦ</span> <span class='ocrx_word' id='word_1_682' title='bbox 493 4856 550 4912; x_wconf 81' lang='grc' dir='ltr'>δὲ</span> <span class='ocrx_word' id='word_1_683' title='bbox 609 4856 752 4912; x_wconf 70' lang='grc' dir='ltr'>οὕτω</span> <span class='ocrx_word' id='word_1_684' title='bbox 803 4855 1094 4934; x_wconf 76' lang='grc' dir='ltr'>σωφηνίζει</span> <span class='ocrx_word' id='word_1_685' title='bbox 1143 4857 1242 4925; x_wconf 69' lang='grc' dir='ltr'>τήν</span> <span class='ocrx_word' id='word_1_686' title='bbox 1299 4855 1350 4910; x_wconf 82' lang='grc' dir='ltr'>ἐν</span> <span class='ocrx_word' id='word_1_687' title='bbox 1402 4856 1640 4931; x_wconf 75' lang='grc' dir='ltr'>ἀγνωσία</span> <span class='ocrx_word' id='word_1_688' title='bbox 1696 4863 1836 4932; x_wconf 84' lang='grc' dir='ltr'>γνῶ-</span> 
     </span>
    </p>
   </div>
   <div class='ocr_carea' id='block_1_97' title="bbox 187 4945 1839 5024">
    <p class='ocr_par' dir='ltr' id='par_1_97' title="bbox 187 4945 1839 5024">
     <span class='ocr_line' id='line_1_98' title="bbox 187 4945 1839 5024; baseline 0 -23"><span class='ocrx_word' id='word_1_689' title='bbox 187 4969 286 5003; x_wconf 87' lang='grc' dir='ltr'>σιν.</span> <span class='ocrx_word' id='word_1_690' title='bbox 344 4947 643 5024; x_wconf 76' lang='grc' dir='ltr'>Ἀνάγνωθι</span> <span class='ocrx_word' id='word_1_691' title='bbox 684 4945 742 5001; x_wconf 78' lang='grc' dir='ltr'>δὲ</span> <span class='ocrx_word' id='word_1_692' title='bbox 795 4947 884 5001; x_wconf 83' lang='grc' dir='ltr'>καὶ</span> <span class='ocrx_word' id='word_1_693' title='bbox 939 4948 1040 5016; x_wconf 78' lang='grc' dir='ltr'>τήν</span> <span class='ocrx_word' id='word_1_694' title='bbox 1097 4947 1133 4999; x_wconf 89' lang='grc' dir='ltr'>ε’</span> <span class='ocrx_word' id='word_1_695' title='bbox 1188 4945 1325 5020; x_wconf 81' lang='grc' dir='ltr'>πρὸς</span> <span class='ocrx_word' id='word_1_696' title='bbox 1383 4947 1658 5021; x_wconf 78' lang='grc' dir='ltr'>Δωρόθεον</span> <span class='ocrx_word' id='word_1_697' title='bbox 1721 4946 1839 5002; x_wconf 84' lang='grc' dir='ltr'>ἐπι-</span> 
     </span>
    </p>
   </div>
   <div class='ocr_carea' id='block_1_98' title="bbox 190 5036 414 5108">
    <p class='ocr_par' dir='ltr' id='par_1_98' title="bbox 190 5036 414 5108">
     <span class='ocr_line' id='line_1_99' title="bbox 190 5036 414 5108; baseline 0.009 -16"><span class='ocrx_word' id='word_1_698' title='bbox 190 5036 414 5108; x_wconf 77' lang='grc' dir='ltr'>στολήν.</span> 
     </span>
    </p>
   </div>
   <div class='ocr_carea' id='block_1_99' title="bbox 258 5121 1842 5195">
    <p class='ocr_par' dir='ltr' id='par_1_99' title="bbox 258 5121 1842 5195">
     <span class='ocr_line' id='line_1_100' title="bbox 258 5121 1842 5195; baseline 0 -15"><span class='ocrx_word' id='word_1_699' title='bbox 258 5127 357 5181; x_wconf 79' lang='grc' dir='ltr'>Διά</span> <span class='ocrx_word' id='word_1_700' title='bbox 437 5133 538 5195; x_wconf 87' lang='grc' dir='ltr'>τῆς</span> <span class='ocrx_word' id='word_1_701' title='bbox 613 5127 828 5180; x_wconf 72' lang='grc' dir='ltr'>πάντων</span> <span class='ocrx_word' id='word_1_702' title='bbox 885 5128 992 5180; x_wconf 84' lang='grc' dir='ltr'>τῶν</span> <span class='ocrx_word' id='word_1_703' title='bbox 1048 5121 1240 5182; x_wconf 74' lang='grc' dir='ltr'>ὄντων.</span> <span class='ocrx_word' id='word_1_704' title='bbox 1292 5124 1543 5179; x_wconf 77' lang='grc' dir='ltr'>Τουτέστι</span> <span class='ocrx_word' id='word_1_705' title='bbox 1601 5122 1690 5179; x_wconf 74' lang='grc' dir='ltr'>διὰ</span> <span class='ocrx_word' id='word_1_706' title='bbox 1744 5131 1842 5180; x_wconf 76' lang='grc' dir='ltr'>τοῦ</span> 
     </span>
    </p>
   </div>
   <div class='ocr_carea' id='block_1_100' title="bbox 194 5214 1842 5292">
    <p class='ocr_par' dir='ltr' id='par_1_100' title="bbox 194 5214 1842 5292">
     <span class='ocr_line' id='line_1_101' title="bbox 194 5214 1842 5292; baseline 0.001 -22"><span class='ocrx_word' id='word_1_707' title='bbox 194 5214 358 5287; x_wconf 75' lang='grc' dir='ltr'>μηδὲν</span> <span class='ocrx_word' id='word_1_708' title='bbox 390 5220 504 5272; x_wconf 83' lang='grc' dir='ltr'>τῶν</span> <span class='ocrx_word' id='word_1_709' title='bbox 562 5216 734 5271; x_wconf 81' lang='grc' dir='ltr'>ὅντων</span> <span class='ocrx_word' id='word_1_710' title='bbox 757 5218 802 5252; x_wconf 79' lang='grc'>²⁶</span> <span class='ocrx_word' id='word_1_711' title='bbox 858 5215 1130 5289; x_wconf 72' lang='grc' dir='ltr'>προσφυὲς</span> <span class='ocrx_word' id='word_1_712' title='bbox 1183 5214 1328 5288; x_wconf 82' lang='grc' dir='ltr'>αὐτῷ</span> <span class='ocrx_word' id='word_1_713' title='bbox 1353 5220 1520 5269; x_wconf 83' lang='grc' dir='ltr'>νοεῖν·</span> <span class='ocrx_word' id='word_1_714' title='bbox 1550 5219 1711 5270; x_wconf 81' lang='grc' dir='ltr'>τοῦτο</span> <span class='ocrx_word' id='word_1_715' title='bbox 1740 5217 1842 5292; x_wconf 71' lang='grc' dir='ltr'>γὰρ</span> 
     </span>
    </p>
   </div>
   <div class='ocr_carea' id='block_1_101' title="bbox 191 5302 1843 5383">
    <p class='ocr_par' dir='ltr' id='par_1_101' title="bbox 191 5302 1843 5383">
     <span class='ocr_line' id='line_1_102' title="bbox 191 5302 1843 5383; baseline 0.002 -25"><span class='ocrx_word' id='word_1_716' title='bbox 191 5305 463 5381; x_wconf 80' lang='grc' dir='ltr'>ἀφαίρεσιν</span> <span class='ocrx_word' id='word_1_717' title='bbox 521 5303 801 5378; x_wconf 78' lang='grc' dir='ltr'>ὠνὸμασεν</span> <span class='ocrx_word' id='word_1_718' title='bbox 877 5306 1153 5383; x_wconf 72' lang='grc' dir='ltr'>Δύτοφυὶς</span> <span class='ocrx_word' id='word_1_719' title='bbox 1213 5302 1270 5359; x_wconf 69' lang='grc' dir='ltr'>δὲ</span> <span class='ocrx_word' id='word_1_720' title='bbox 1329 5303 1550 5381; x_wconf 80' lang='grc' dir='ltr'>ἄγαλμά</span> <span class='ocrx_word' id='word_1_721' title='bbox 1579 5327 1765 5383; x_wconf 84' lang='grc' dir='ltr'>φησιν,</span> <span class='ocrx_word' id='word_1_722' title='bbox 1815 5308 1843 5361; x_wconf 76' lang='grc' dir='ltr'>ὃ</span> 
     </span>
    </p>
   </div>
   <div class='ocr_carea' id='block_1_102' title="bbox 188 5393 1840 5472">
    <p class='ocr_par' dir='ltr' id='par_1_102' title="bbox 188 5393 1840 5472">
     <span class='ocr_line' id='line_1_103' title="bbox 188 5393 1840 5472; baseline 0.004 -26"><span class='ocrx_word' id='word_1_723' title='bbox 188 5393 386 5466; x_wconf 83' lang='grc' dir='ltr'>γίνεται</span> <span class='ocrx_word' id='word_1_724' title='bbox 421 5395 472 5450; x_wconf 82' lang='grc' dir='ltr'>ἐν</span> <span class='ocrx_word' id='word_1_725' title='bbox 505 5395 616 5470; x_wconf 75' lang='grc' dir='ltr'>ὕλῃ</span> <span class='ocrx_word' id='word_1_726' title='bbox 645 5396 900 5470; x_wconf 77' lang='grc' dir='ltr'>ἀτμήτῳ,</span> <span class='ocrx_word' id='word_1_727' title='bbox 957 5397 1072 5450; x_wconf 83' lang='grc' dir='ltr'>οῖον</span> <span class='ocrx_word' id='word_1_728' title='bbox 1101 5393 1154 5450; x_wconf 86' lang='grc' dir='ltr'>ἐν</span> <span class='ocrx_word' id='word_1_729' title='bbox 1187 5395 1359 5470; x_wconf 75' lang='grc' dir='ltr'>πέτρᾳ</span> <span class='ocrx_word' id='word_1_730' title='bbox 1407 5393 1727 5472; x_wconf 79' lang='grc' dir='ltr'>ὁλοκλήρῳ,</span> <span class='ocrx_word' id='word_1_731' title='bbox 1788 5397 1840 5452; x_wconf 81' lang='grc' dir='ltr'>ἐν</span> 
     </span>
    </p>
   </div>
   <div class='ocr_carea' id='block_1_103' title="bbox 1950 4680 3612 4757">
    <p class='ocr_par' dir='ltr' id='par_1_103' title="bbox 1950 4680 3612 4757">
     <span class='ocr_line' id='line_1_104' title="bbox 1950 4680 3612 4757; baseline -0.004 -15"><span class='ocrx_word' id='word_1_732' title='bbox 1950 4692 2128 4757; x_wconf 89' lang='lat' dir='ltr'>atque</span> <span class='ocrx_word' id='word_1_733' title='bbox 2159 4683 2466 4741; x_wconf 87' lang='lat' dir='ltr'>scientiam</span> <span class='ocrx_word' id='word_1_734' title='bbox 2499 4683 2704 4751; x_wconf 90' lang='lat' dir='ltr'>vincit,</span> <span class='ocrx_word' id='word_1_735' title='bbox 2737 4682 2849 4738; x_wconf 90' lang='lat' dir='ltr'>hoc</span> <span class='ocrx_word' id='word_1_736' title='bbox 2882 4681 3034 4754; x_wconf 90' lang='lat' dir='ltr'>ipso,</span> <span class='ocrx_word' id='word_1_737' title='bbox 3067 4680 3224 4752; x_wconf 90' lang='lat' dir='ltr'>quod</span> <span class='ocrx_word' id='word_1_738' title='bbox 3257 4680 3500 4737; x_wconf 89' lang='lat' dir='ltr'>minime</span> <span class='ocrx_word' id='word_1_739' title='bbox 3527 4683 3612 4736; x_wconf 90' lang='lat' dir='ltr'>vi-</span> 
     </span>
    </p>
   </div>
   <div class='ocr_carea' id='block_1_104' title="bbox 1951 4771 3613 4844">
    <p class='ocr_par' dir='ltr' id='par_1_104' title="bbox 1951 4771 3613 4844">
     <span class='ocr_line' id='line_1_105' title="bbox 1951 4771 3613 4844; baseline -0.004 -14"><span class='ocrx_word' id='word_1_740' title='bbox 1951 4777 2193 4831; x_wconf 89' lang='lat' dir='ltr'>deamus</span> <span class='ocrx_word' id='word_1_741' title='bbox 2222 4779 2278 4830; x_wconf 92' lang='lat' dir='ltr'>et</span> <span class='ocrx_word' id='word_1_742' title='bbox 2329 4773 2587 4829; x_wconf 85' lang='lat' dir='ltr'>sciamus</span> <span class='ocrx_word' id='word_1_743' title='bbox 2618 4790 2631 4828; x_wconf 89' lang='lat'>:</span> <span class='ocrx_word' id='word_1_744' title='bbox 2665 4773 2776 4828; x_wconf 92' lang='lat' dir='ltr'>hoc</span> <span class='ocrx_word' id='word_1_745' title='bbox 2826 4771 2982 4828; x_wconf 89' lang='lat' dir='ltr'>enim</span> <span class='ocrx_word' id='word_1_746' title='bbox 3015 4775 3128 4843; x_wconf 89' lang='lat' dir='ltr'>est,</span> <span class='ocrx_word' id='word_1_747' title='bbox 3167 4773 3382 4844; x_wconf 91' lang='lat' dir='ltr'>inquit,</span> <span class='ocrx_word' id='word_1_748' title='bbox 3417 4787 3613 4826; x_wconf 81' lang='lat' dir='ltr'>revera</span> 
     </span>
    </p>
   </div>
   <div class='ocr_carea' id='block_1_105' title="bbox 1951 4859 3614 4936">
    <p class='ocr_par' dir='ltr' id='par_1_105' title="bbox 1951 4859 3614 4936">
     <span class='ocr_line' id='line_1_106' title="bbox 1951 4859 3614 4936; baseline -0.004 -17"><span class='ocrx_word' id='word_1_749' title='bbox 1951 4865 2146 4921; x_wconf 86' lang='lat' dir='ltr'>videre</span> <span class='ocrx_word' id='word_1_750' title='bbox 2176 4868 2233 4919; x_wconf 90' lang='lat' dir='ltr'>et</span> <span class='ocrx_word' id='word_1_751' title='bbox 2258 4879 2630 4936; x_wconf 85' lang='lat' dir='ltr'>cognoscere.</span> <span class='ocrx_word' id='word_1_752' title='bbox 2663 4861 2970 4935; x_wconf 88' lang='lat' dir='ltr'>Nusquam</span> <span class='ocrx_word' id='word_1_753' title='bbox 3024 4868 3218 4920; x_wconf 84' lang='lat' dir='ltr'>autem</span> <span class='ocrx_word' id='word_1_754' title='bbox 3251 4863 3333 4918; x_wconf 92' lang='lat' dir='ltr'>sic</span> <span class='ocrx_word' id='word_1_755' title='bbox 3363 4859 3614 4931; x_wconf 85' lang='lat' dir='ltr'>explicat</span> 
     </span>
    </p>
   </div>
   <div class='ocr_carea' id='block_1_106' title="bbox 1952 4947 3606 5026">
    <p class='ocr_par' dir='ltr' id='par_1_106' title="bbox 1952 4947 3606 5026">
     <span class='ocr_line' id='line_1_107' title="bbox 1952 4947 3606 5026; baseline -0.004 -17"><span class='ocrx_word' id='word_1_756' title='bbox 1952 4954 2347 5026; x_wconf 88' lang='lat' dir='ltr'>cognitionem</span> <span class='ocrx_word' id='word_1_757' title='bbox 2381 4953 2440 5007; x_wconf 92' lang='lat' dir='ltr'>in</span> <span class='ocrx_word' id='word_1_758' title='bbox 2499 4953 2904 5024; x_wconf 89' lang='lat' dir='ltr'>ignoratione;</span> <span class='ocrx_word' id='word_1_759' title='bbox 2937 4951 3066 5024; x_wconf 77' lang='lat' dir='ltr'>lege</span> <span class='ocrx_word' id='word_1_760' title='bbox 3096 4953 3272 5009; x_wconf 87' lang='lat' dir='ltr'>etiam</span> <span class='ocrx_word' id='word_1_761' title='bbox 3303 4947 3606 5022; x_wconf 83' lang='lat' dir='ltr'>epistolam</span> 
     </span>
    </p>
   </div>
   <div class='ocr_carea' id='block_1_107' title="bbox 1954 5042 2752 5115">
    <p class='ocr_par' dir='ltr' id='par_1_107' title="bbox 1954 5042 2752 5115">
     <span class='ocr_line' id='line_1_108' title="bbox 1954 5042 2752 5115; baseline -0.004 -16"><span class='ocrx_word' id='word_1_762' title='bbox 1954 5044 2222 5115; x_wconf 87' lang='lat' dir='ltr'>quintam</span> <span class='ocrx_word' id='word_1_763' title='bbox 2256 5042 2326 5097; x_wconf 89' lang='lat' dir='ltr'>ad</span> <span class='ocrx_word' id='word_1_764' title='bbox 2367 5042 2752 5098; x_wconf 88' lang='lat' dir='ltr'>Dorotheum.</span> 
     </span>
    </p>
   </div>
   <div class='ocr_carea' id='block_1_108' title="bbox 2027 5128 3609 5203">
    <p class='ocr_par' dir='ltr' id='par_1_108' title="bbox 2027 5128 3609 5203">
     <span class='ocr_line' id='line_1_109' title="bbox 2027 5128 3609 5203; baseline -0.001 -17"><span class='ocrx_word' id='word_1_765' title='bbox 2027 5133 2286 5189; x_wconf 85' lang='lat' dir='ltr'>Omnium</span> <span class='ocrx_word' id='word_1_766' title='bbox 2319 5149 2437 5203; x_wconf 75' lang='lat' dir='ltr'>qua:</span> <span class='ocrx_word' id='word_1_767' title='bbox 2465 5140 2612 5188; x_wconf 83' lang='lat' dir='ltr'>sunt.</span> <span class='ocrx_word' id='word_1_768' title='bbox 2648 5131 2708 5187; x_wconf 89' lang='lat' dir='ltr'>Id</span> <span class='ocrx_word' id='word_1_769' title='bbox 2744 5131 3172 5202; x_wconf 88' lang='lat' dir='ltr'>est,cogitando</span> <span class='ocrx_word' id='word_1_770' title='bbox 3213 5128 3357 5186; x_wconf 88' lang='lat' dir='ltr'>nihil</span> <span class='ocrx_word' id='word_1_771' title='bbox 3407 5143 3609 5185; x_wconf 90' lang='lat' dir='ltr'>eorum</span> 
     </span>
    </p>
   </div>
   <div class='ocr_carea' id='block_1_109' title="bbox 1953 5216 3612 5295">
    <p class='ocr_par' dir='ltr' id='par_1_109' title="bbox 1953 5216 3612 5295">
     <span class='ocr_line' id='line_1_110' title="bbox 1953 5216 3612 5295; baseline -0.001 -18"><span class='ocrx_word' id='word_1_772' title='bbox 1953 5239 2081 5295; x_wconf 72' lang='lat' dir='ltr'>qua:</span> <span class='ocrx_word' id='word_1_773' title='bbox 2115 5227 2254 5278; x_wconf 89' lang='lat' dir='ltr'>sunt</span> <span class='ocrx_word' id='word_1_774' title='bbox 2286 5221 2394 5294; x_wconf 91' lang='lat' dir='ltr'>ipsi</span> <span class='ocrx_word' id='word_1_775' title='bbox 2429 5221 2762 5289; x_wconf 64' lang='lat' dir='ltr'>adhaerere;</span> <span class='ocrx_word' id='word_1_776' title='bbox 2795 5221 2906 5277; x_wconf 90' lang='lat' dir='ltr'>hoc</span> <span class='ocrx_word' id='word_1_777' title='bbox 2966 5220 3124 5276; x_wconf 91' lang='lat' dir='ltr'>enim</span> <span class='ocrx_word' id='word_1_778' title='bbox 3176 5216 3457 5295; x_wconf 77' lang='grc' dir='ltr'>ἀφαίρεσιν</span> <span class='ocrx_word' id='word_1_779' title='bbox 3513 5237 3612 5276; x_wconf 89' lang='lat' dir='ltr'>no-</span> 
     </span>
    </p>
   </div>
   <div class='ocr_carea' id='block_1_110' title="bbox 1954 5309 3616 5382">
    <p class='ocr_par' dir='ltr' id='par_1_110' title="bbox 1954 5309 3616 5382">
     <span class='ocr_line' id='line_1_111' title="bbox 1954 5309 3616 5382; baseline -0.003 -14"><span class='ocrx_word' id='word_1_780' title='bbox 1954 5311 2217 5368; x_wconf 88' lang='lat' dir='ltr'>minavit.</span> <span class='ocrx_word' id='word_1_781' title='bbox 2252 5311 2524 5371; x_wconf 85' lang='lat' dir='ltr'>Nativum</span> <span class='ocrx_word' id='word_1_782' title='bbox 2557 5315 2756 5366; x_wconf 87' lang='lat' dir='ltr'>autem</span> <span class='ocrx_word' id='word_1_783' title='bbox 2812 5311 3046 5380; x_wconf 85' lang='lat' dir='ltr'>signum</span> <span class='ocrx_word' id='word_1_784' title='bbox 3104 5315 3293 5379; x_wconf 91' lang='lat' dir='ltr'>vocat,</span> <span class='ocrx_word' id='word_1_785' title='bbox 3353 5311 3509 5382; x_wconf 90' lang='lat' dir='ltr'>quod</span> <span class='ocrx_word' id='word_1_786' title='bbox 3540 5309 3616 5364; x_wconf 87' lang='lat' dir='ltr'>sit</span> 
     </span>
    </p>
   </div>
   <div class='ocr_carea' id='block_1_111' title="bbox 1957 5399 3611 5474">
    <p class='ocr_par' dir='ltr' id='par_1_111' title="bbox 1957 5399 3611 5474">
     <span class='ocr_line' id='line_1_112' title="bbox 1957 5399 3611 5474; baseline -0.001 -18"><span class='ocrx_word' id='word_1_787' title='bbox 1957 5402 2017 5458; x_wconf 92' lang='lat' dir='ltr'>in</span> <span class='ocrx_word' id='word_1_788' title='bbox 2050 5401 2298 5459; x_wconf 87' lang='lat' dir='ltr'>materia</span> <span class='ocrx_word' id='word_1_789' title='bbox 2331 5419 2448 5457; x_wconf 91' lang='lat' dir='ltr'>non</span> <span class='ocrx_word' id='word_1_790' title='bbox 2502 5402 2761 5469; x_wconf 87' lang='lat' dir='ltr'>desecta,</span> <span class='ocrx_word' id='word_1_791' title='bbox 2819 5399 2972 5457; x_wconf 87' lang='lat' dir='ltr'>sicut</span> <span class='ocrx_word' id='word_1_792' title='bbox 3029 5400 3090 5456; x_wconf 91' lang='lat' dir='ltr'>in</span> <span class='ocrx_word' id='word_1_793' title='bbox 3150 5405 3316 5474; x_wconf 88' lang='lat' dir='ltr'>petra</span> <span class='ocrx_word' id='word_1_794' title='bbox 3363 5400 3611 5473; x_wconf 84' lang='lat' dir='ltr'>integra,</span> 
     </span>
    </p>
   </div>
   <div class='ocr_carea' id='block_1_112' title="bbox 1227 5555 2619 5624">
    <p class='ocr_par' dir='ltr' id='par_1_112' title="bbox 1227 5555 2619 5624">
     <span class='ocr_line' id='line_1_113' title="bbox 1227 5555 2619 5624; baseline 0.002 -11"><span class='ocrx_word' id='word_1_795' title='bbox 1227 5555 1466 5615; x_wconf 72' lang='lat' dir='ltr'>VARIIE</span> <span class='ocrx_word' id='word_1_796' title='bbox 1513 5557 1906 5620; x_wconf 80' lang='lat' dir='ltr'><strong>LECTIONES</strong></span> <span class='ocrx_word' id='word_1_797' title='bbox 1948 5560 2039 5624; x_wconf 74' lang='lat' dir='ltr'>ET</span> <span class='ocrx_word' id='word_1_798' title='bbox 2076 5559 2619 5620; x_wconf 80' lang='lat' dir='ltr'>CORRECTIONES</span> 
     </span>
    </p>
   </div>
   <div class='ocr_carea' id='block_1_113' title="bbox 264 5676 1972 5769">
    <p class='ocr_par' dir='ltr' id='par_1_113' title="bbox 264 5676 1972 5769">
     <span class='ocr_line' id='line_1_114' title="bbox 264 5676 1972 5769; baseline 0.015 -44"><span class='ocrx_word' id='word_1_799' title='bbox 264 5690 307 5726; x_wconf 75' lang='lat' dir='ltr'>as</span> <span class='ocrx_word' id='word_1_800' title='bbox 336 5711 426 5766; x_wconf 56' lang='grc' dir='ltr'>γρ,</span> <span class='ocrx_word' id='word_1_801' title='bbox 461 5688 698 5748; x_wconf 69' lang='grc' dir='ltr'>ἐκάλεσε,</span> <span class='ocrx_word' id='word_1_802' title='bbox 735 5693 799 5765; x_wconf 58' lang='grc' dir='ltr'>(θ)</span> <span class='ocrx_word' id='word_1_803' title='bbox 826 5676 981 5759; x_wconf 62' lang='lat' dir='ltr'>553w</span> <span class='ocrx_word' id='word_1_804' title='bbox 1012 5691 1090 5750; x_wconf 84' lang='lat' dir='ltr'>Ex</span> <span class='ocrx_word' id='word_1_805' title='bbox 1120 5708 1212 5763; x_wconf 87' lang='lat' dir='ltr'>xx,</span> <span class='ocrx_word' id='word_1_806' title='bbox 1239 5692 1329 5748; x_wconf 84' lang='grc'>21.</span> <span class='ocrx_word' id='word_1_807' title='bbox 1406 5693 1452 5730; x_wconf 83' lang='grc'><strong><em>²⁶</em></strong></span> <span class='ocrx_word' id='word_1_808' title='bbox 1473 5712 1561 5769; x_wconf 88' lang='grc' dir='ltr'>γρ.</span> <span class='ocrx_word' id='word_1_809' title='bbox 1590 5695 1698 5748; x_wconf 82' lang='grc' dir='ltr'>τῶν</span> <span class='ocrx_word' id='word_1_810' title='bbox 1733 5693 1972 5750; x_wconf 74' lang='grc' dir='ltr'>πάντων.</span> 
     </span>
    </p>
   </div>
  </div>
