  <div class='ocr_page' id='page_1' title='image "/cluster/home/n/w/nwhite01/storage/ocr_20150623/4/mdp.39015078384529/221.png"; bbox 0 0 4062 6366; ppageno 0'>
   <div class='ocr_carea' id='block_1_1' title="bbox 403 361 507 416">
    <p class='ocr_par' dir='ltr' id='par_1_1' title="bbox 403 361 507 416">
     <span class='ocr_line' id='line_1_1' title="bbox 403 361 507 416; baseline -0.019 0"><span class='ocrx_word' id='word_1_1' title='bbox 403 361 507 416; x_wconf 73' lang='grc'><strong>423</strong></span> 
     </span>
    </p>
   </div>
   <div class='ocr_carea' id='block_1_2' title="bbox 1226 339 2990 407">
    <p class='ocr_par' dir='ltr' id='par_1_2' title="bbox 1226 339 2990 407">
     <span class='ocr_line' id='line_1_2' title="bbox 1226 339 2990 407; baseline -0.009 1"><span class='ocrx_word' id='word_1_2' title='bbox 1226 353 1590 407; x_wconf 81' lang='lat' dir='ltr'><strong>APPENDIX</strong></span> <span class='ocrx_word' id='word_1_3' title='bbox 1628 351 1724 402; x_wconf 78' lang='lat' dir='ltr'><strong>AD</strong></span> <span class='ocrx_word' id='word_1_4' title='bbox 1761 345 2001 402; x_wconf 78' lang='lat' dir='ltr'><strong>OPERA</strong></span> <span class='ocrx_word' id='word_1_5' title='bbox 2036 345 2094 396; x_wconf 88' lang='lat' dir='ltr'><strong>S.</strong></span> <span class='ocrx_word' id='word_1_6' title='bbox 2134 340 2450 396; x_wconf 82' lang='lat' dir='ltr'><strong>DIONYSII</strong></span> <span class='ocrx_word' id='word_1_7' title='bbox 2490 339 2990 395; x_wconf 68' lang='lat' dir='ltr'><strong>AREOPAGITE.</strong></span> 
     </span>
    </p>
   </div>
   <div class='ocr_carea' id='block_1_3' title="bbox 3711 339 3812 394">
    <p class='ocr_par' dir='ltr' id='par_1_3' title="bbox 3711 339 3812 394">
     <span class='ocr_line' id='line_1_3' title="bbox 3711 339 3812 394; baseline 0.01 -2"><span class='ocrx_word' id='word_1_8' title='bbox 3711 339 3812 394; x_wconf 68' lang='grc'><strong>424</strong></span> 
     </span>
    </p>
   </div>
   <div class='ocr_carea' id='block_1_4' title="bbox 405 441 2060 556">
    <p class='ocr_par' dir='ltr' id='par_1_4' title="bbox 405 468 2053 556">
     <span class='ocr_line' id='line_1_4' title="bbox 405 468 2053 556; baseline -0.013 -14"><span class='ocrx_word' id='word_1_9' title='bbox 405 491 633 542; x_wconf 87' lang='lat' dir='ltr'><strong>tantum</strong></span> <span class='ocrx_word' id='word_1_10' title='bbox 683 486 970 556; x_wconf 88' lang='lat' dir='ltr'><strong>quantum</strong></span> <span class='ocrx_word' id='word_1_11' title='bbox 1029 485 1140 549; x_wconf 88' lang='lat' dir='ltr'><strong>est,</strong></span> <span class='ocrx_word' id='word_1_12' title='bbox 1192 478 1424 548; x_wconf 84' lang='lat' dir='ltr'><strong>quando</strong></span> <span class='ocrx_word' id='word_1_13' title='bbox 1476 473 1688 544; x_wconf 81' lang='lat' dir='ltr'><strong>aliquis</strong></span> <span class='ocrx_word' id='word_1_14' title='bbox 1739 468 2053 540; x_wconf 85' lang='lat' dir='ltr'><strong>sculpserit</strong></span> 
     </span>
    </p>
   </div>
   <div class='ocr_carea' id='block_1_5' title="bbox 2177 441 3824 556">
    <p class='ocr_par' dir='ltr' id='par_1_5' title="bbox 2177 460 3824 538">
     <span class='ocr_line' id='line_1_5' title="bbox 2177 460 3824 538; baseline -0.001 -21"><span class='ocrx_word' id='word_1_15' title='bbox 2177 462 2278 536; x_wconf 62' lang='grc' dir='ltr'>Ησῳ</span> <span class='ocrx_word' id='word_1_16' title='bbox 2307 460 2552 534; x_wconf 73' lang='grc' dir='ltr'>ἕστηκεν,</span> <span class='ocrx_word' id='word_1_17' title='bbox 2586 462 2710 518; x_wconf 79' lang='grc' dir='ltr'>ὅταν</span> <span class='ocrx_word' id='word_1_18' title='bbox 2739 461 2924 538; x_wconf 77' lang='grc' dir='ltr'>γλῦψῃ</span> <span class='ocrx_word' id='word_1_19' title='bbox 2955 483 3037 528; x_wconf 84' lang='grc' dir='ltr'><strong>τις</strong></span> <span class='ocrx_word' id='word_1_20' title='bbox 3069 463 3204 532; x_wconf 80' lang='grc' dir='ltr'>ζῶόν</span> <span class='ocrx_word' id='word_1_21' title='bbox 3236 483 3286 517; x_wconf 95' lang='grc' dir='ltr'><strong>τι</strong></span> <span class='ocrx_word' id='word_1_22' title='bbox 3309 465 3374 530; x_wconf 75' lang='grc'><strong>³⁷,</strong></span> <span class='ocrx_word' id='word_1_23' title='bbox 3406 464 3479 524; x_wconf 87' lang='grc' dir='ltr'><strong>ώς</strong></span> <span class='ocrx_word' id='word_1_24' title='bbox 3513 460 3681 533; x_wconf 80' lang='grc' dir='ltr'>δηλοῖ</span> <span class='ocrx_word' id='word_1_25' title='bbox 3735 464 3824 518; x_wconf 77' lang='lat' dir='ltr'><strong>xu‘:</strong></span> 
     </span>
    </p>
   </div>
   <div class='ocr_carea' id='block_1_6' title="bbox 403 558 2053 644">
    <p class='ocr_par' dir='ltr' id='par_1_6' title="bbox 403 558 2053 644">
     <span class='ocr_line' id='line_1_6' title="bbox 403 558 2053 644; baseline -0.012 -14"><span class='ocrx_word' id='word_1_26' title='bbox 403 576 624 630; x_wconf 77' lang='lat' dir='ltr'><strong>animal</strong></span> <span class='ocrx_word' id='word_1_27' title='bbox 655 574 974 644; x_wconf 81' lang='lat' dir='ltr'><strong>quoddam,</strong></span> <span class='ocrx_word' id='word_1_28' title='bbox 1008 569 1360 641; x_wconf 53' lang='lat' dir='ltr'><strong>ut;declarat</strong></span> <span class='ocrx_word' id='word_1_29' title='bbox 1390 563 1694 635; x_wconf 79' lang='lat' dir='ltr'><strong>Euripides</strong></span> <span class='ocrx_word' id='word_1_30' title='bbox 1744 561 1802 614; x_wconf 91' lang='lat' dir='ltr'><strong>in</strong></span> <span class='ocrx_word' id='word_1_31' title='bbox 1830 558 2053 612; x_wconf 71' lang='lat' dir='ltr'><strong>Andro-</strong></span> 
     </span>
    </p>
   </div>
   <div class='ocr_carea' id='block_1_7' title="bbox 408 666 625 721">
    <p class='ocr_par' dir='ltr' id='par_1_7' title="bbox 408 666 625 721">
     <span class='ocr_line' id='line_1_7' title="bbox 408 666 625 721; baseline -0.005 -1"><span class='ocrx_word' id='word_1_32' title='bbox 408 666 580 721; x_wconf 87' lang='lat' dir='ltr'><strong>meda</strong></span> <span class='ocrx_word' id='word_1_33' title='bbox 612 680 625 719; x_wconf 91' lang='lat'><strong>:</strong></span> 
     </span>
    </p>
   </div>
   <div class='ocr_carea' id='block_1_8' title="bbox 478 769 1663 848">
    <p class='ocr_par' dir='ltr' id='par_1_8' title="bbox 478 769 1663 848">
     <span class='ocr_line' id='line_1_8' title="bbox 478 769 1663 848; baseline -0.013 -12"><span class='ocrx_word' id='word_1_34' title='bbox 656 778 1004 848; x_wconf 78' lang='lat' dir='ltr'><strong>Virginisque</strong></span> <span class='ocrx_word' id='word_1_35' title='bbox 1033 775 1335 848; x_wconf 75' lang='lat' dir='ltr'><strong>imaginem</strong></span> <span class='ocrx_word' id='word_1_36' title='bbox 1360 769 1663 848; x_wconf 59' lang='lat' dir='ltr'><strong>quamdam</strong></span> 
     </span>
    </p>
   </div>
   <div class='ocr_carea' id='block_1_9' title="bbox 474 834 2055 979">
    <p class='ocr_par' dir='ltr' id='par_1_9' title="bbox 474 834 2055 979">
     <span class='ocr_line' id='line_1_9' title="bbox 474 834 2055 979; baseline -0.013 -72"><span class='ocrx_word' id='word_1_37' title='bbox 474 834 557 907; x_wconf 75' lang='lat' dir='ltr'><strong>Ea:</strong></span> <span class='ocrx_word' id='word_1_38' title='bbox 587 834 819 922; x_wconf 49' lang='lat' dir='ltr'><strong>lapideis</strong></span> <span class='ocrx_word' id='word_1_39' title='bbox 875 834 1109 918; x_wconf 56' lang='lat' dir='ltr'><strong>p&#39;ropria</strong></span> <span class='ocrx_word' id='word_1_40' title='bbox 1137 834 1395 900; x_wconf 57' lang='lat' dir='ltr'><strong>naturali</strong></span> <span class='ocrx_word' id='word_1_41' title='bbox 1444 844 1626 912; x_wconf 79' lang='lat' dir='ltr'><strong>forma</strong></span> <span class='ocrx_word' id='word_1_42' title='bbox 1682 834 2055 979; x_wconf 54' lang='lat' dir='ltr'><strong>conflantibus</strong></span> 
     </span>
     <span class='ocr_line' id='line_1_10' title="bbox 1811 922 1984 962; baseline -0.006 0"><span class='ocrx_word' id='word_1_43' title='bbox 1811 922 1984 962; x_wconf 82' lang='lat' dir='ltr'><strong>mum</strong></span> 
     </span>
    </p>
   </div>
   <div class='ocr_carea' id='block_1_10' title="bbox 1811 922 1984 962">
    <p class='ocr_par' dir='ltr' id='par_1_10' title="bbox 1811 922 1984 962">
     <span class='ocr_line' id='line_1_11' title="bbox 1811 922 1984 962; baseline 0 0"><span class='ocrx_word' id='word_1_44' title='bbox 1811 922 1984 962; x_wconf 71' lang='lat' dir='ltr'><strong>muris</strong></span> 
     </span>
    </p>
   </div>
   <div class='ocr_carea' id='block_1_11' title="bbox 690 989 1502 1048">
    <p class='ocr_par' dir='ltr' id='par_1_11' title="bbox 690 989 1502 1048">
     <span class='ocr_line' id='line_1_12' title="bbox 690 989 1502 1048; baseline -0.01 -2"><span class='ocrx_word' id='word_1_45' title='bbox 690 993 865 1048; x_wconf 73' lang='lat' dir='ltr'><strong>Docta:</strong></span> <span class='ocrx_word' id='word_1_46' title='bbox 894 989 1146 1046; x_wconf 68' lang='lat' dir='ltr'><strong>simulac;</strong></span> <span class='ocrx_word' id='word_1_47' title='bbox 1165 1005 1255 1043; x_wconf 87' lang='lat' dir='ltr'><strong>um</strong></span> <span class='ocrx_word' id='word_1_48' title='bbox 1287 1001 1502 1040; x_wconf 77' lang='lat' dir='ltr'><strong>manus.</strong></span> 
     </span>
    </p>
   </div>
   <div class='ocr_carea' id='block_1_12' title="bbox 406 1094 2054 1180">
    <p class='ocr_par' dir='ltr' id='par_1_12' title="bbox 406 1094 2054 1180">
     <span class='ocr_line' id='line_1_13' title="bbox 406 1094 2054 1180; baseline -0.012 -14"><span class='ocrx_word' id='word_1_49' title='bbox 406 1112 549 1166; x_wconf 84' lang='lat' dir='ltr'><strong>Nam</strong></span> <span class='ocrx_word' id='word_1_50' title='bbox 581 1105 927 1180; x_wconf 74' lang='grc' dir='ltr'>αὐτόμορφον</span> <span class='ocrx_word' id='word_1_51' title='bbox 963 1100 1187 1178; x_wconf 75' lang='grc' dir='ltr'>ἄγαλμα</span> <span class='ocrx_word' id='word_1_52' title='bbox 1213 1106 1312 1169; x_wconf 86' lang='grc' dir='ltr'><strong>τῆς</strong></span> <span class='ocrx_word' id='word_1_53' title='bbox 1345 1099 1542 1171; x_wconf 87' lang='grc' dir='ltr'>πέτρας</span> <span class='ocrx_word' id='word_1_54' title='bbox 1587 1099 1754 1151; x_wconf 85' lang='lat' dir='ltr'><strong>vocat</strong></span> <span class='ocrx_word' id='word_1_55' title='bbox 1806 1094 2054 1148; x_wconf 84' lang='lat' dir='ltr'><strong>formam</strong></span> 
     </span>
    </p>
   </div>
   <div class='ocr_carea' id='block_1_13' title="bbox 406 1185 2054 1274">
    <p class='ocr_par' dir='ltr' id='par_1_13' title="bbox 406 1185 2054 1274">
     <span class='ocr_line' id='line_1_14' title="bbox 406 1185 2054 1274; baseline -0.013 -18"><span class='ocrx_word' id='word_1_56' title='bbox 406 1206 579 1274; x_wconf 63' lang='lat' dir='ltr'><strong>petra:</strong></span> <span class='ocrx_word' id='word_1_57' title='bbox 611 1195 940 1253; x_wconf 80' lang='lat' dir='ltr'><strong>naturalem</strong></span> <span class='ocrx_word' id='word_1_58' title='bbox 976 1213 990 1265; x_wconf 86' lang='lat'><strong>;</strong></span> <span class='ocrx_word' id='word_1_59' title='bbox 1019 1193 1162 1264; x_wconf 91' lang='lat' dir='ltr'><strong>quin</strong></span> <span class='ocrx_word' id='word_1_60' title='bbox 1191 1191 1367 1246; x_wconf 87' lang='lat' dir='ltr'><strong>etiam</strong></span> <span class='ocrx_word' id='word_1_61' title='bbox 1401 1186 1636 1260; x_wconf 82' lang='lat' dir='ltr'><strong>quando</strong></span> <span class='ocrx_word' id='word_1_62' title='bbox 1663 1185 1795 1256; x_wconf 86' lang='lat' dir='ltr'><strong>quis</strong></span> <span class='ocrx_word' id='word_1_63' title='bbox 1829 1187 2054 1254; x_wconf 87' lang='lat' dir='ltr'><strong>partem</strong></span> 
     </span>
    </p>
   </div>
   <div class='ocr_carea' id='block_1_14' title="bbox 404 1272 2056 1346">
    <p class='ocr_par' dir='ltr' id='par_1_14' title="bbox 404 1272 2056 1346">
     <span class='ocr_line' id='line_1_15' title="bbox 404 1272 2056 1346; baseline -0.013 0"><span class='ocrx_word' id='word_1_64' title='bbox 404 1272 628 1346; x_wconf 78' lang='lat' dir='ltr'><strong>arboris</strong></span> <span class='ocrx_word' id='word_1_65' title='bbox 659 1283 1038 1344; x_wconf 85' lang='lat' dir='ltr'><strong>consistentis</strong></span> <span class='ocrx_word' id='word_1_66' title='bbox 1073 1287 1128 1336; x_wconf 87' lang='lat' dir='ltr'><strong>et</strong></span> <span class='ocrx_word' id='word_1_67' title='bbox 1163 1278 1423 1335; x_wconf 82' lang='lat' dir='ltr'><strong>ﬂorentis</strong></span> <span class='ocrx_word' id='word_1_68' title='bbox 1484 1272 1888 1345; x_wconf 87' lang='lat' dir='ltr'><strong>insculpserit,</strong></span> <span class='ocrx_word' id='word_1_69' title='bbox 1921 1287 2056 1342; x_wconf 85' lang='lat' dir='ltr'><strong>par-</strong></span> 
     </span>
    </p>
   </div>
   <div class='ocr_carea' id='block_1_15' title="bbox 405 1358 2058 1449">
    <p class='ocr_par' dir='ltr' id='par_1_15' title="bbox 405 1358 2058 1449">
     <span class='ocr_line' id='line_1_16' title="bbox 405 1358 2058 1449; baseline -0.013 -14"><span class='ocrx_word' id='word_1_70' title='bbox 405 1385 642 1449; x_wconf 89' lang='lat' dir='ltr'><strong>temque</strong></span> <span class='ocrx_word' id='word_1_71' title='bbox 672 1376 806 1431; x_wconf 90' lang='lat' dir='ltr'><strong>lecti</strong></span> <span class='ocrx_word' id='word_1_72' title='bbox 838 1372 1055 1441; x_wconf 83' lang='lat' dir='ltr'><strong>fecerit,</strong></span> <span class='ocrx_word' id='word_1_73' title='bbox 1089 1370 1244 1442; x_wconf 92' lang='lat' dir='ltr'><strong>quod</strong></span> <span class='ocrx_word' id='word_1_74' title='bbox 1278 1367 1433 1422; x_wconf 82' lang='lat' dir='ltr'><strong>sicut</strong></span> <span class='ocrx_word' id='word_1_75' title='bbox 1474 1366 1616 1420; x_wconf 83' lang='lat' dir='ltr'><strong>dicit</strong></span> <span class='ocrx_word' id='word_1_76' title='bbox 1672 1363 1960 1418; x_wconf 85' lang='lat' dir='ltr'><strong>Homerus</strong></span> <span class='ocrx_word' id='word_1_77' title='bbox 1999 1358 2058 1449; x_wconf 79' lang='lat' dir='ltr'><strong>in</strong></span> 
     </span>
    </p>
   </div>
   <div class='ocr_carea' id='block_1_16' title="bbox 406 1446 2061 1540">
    <p class='ocr_par' dir='ltr' id='par_1_16' title="bbox 406 1446 2061 1540">
     <span class='ocr_line' id='line_1_17' title="bbox 406 1446 2061 1540; baseline -0.015 -16"><span class='ocrx_word' id='word_1_78' title='bbox 406 1446 660 1540; x_wconf 77' lang='lat' dir='ltr'><strong>Odyssea</strong></span> <span class='ocrx_word' id='word_1_79' title='bbox 697 1465 929 1536; x_wconf 83' lang='lat' dir='ltr'><strong>Ulysses</strong></span> <span class='ocrx_word' id='word_1_80' title='bbox 961 1460 1116 1528; x_wconf 86' lang='lat' dir='ltr'><strong>fecit,</strong></span> <span class='ocrx_word' id='word_1_81' title='bbox 1151 1462 1254 1514; x_wconf 90' lang='lat' dir='ltr'><strong>aut</strong></span> <span class='ocrx_word' id='word_1_82' title='bbox 1284 1457 1462 1512; x_wconf 87' lang='lat' dir='ltr'><strong>etiam</strong></span> <span class='ocrx_word' id='word_1_83' title='bbox 1514 1455 1572 1508; x_wconf 91' lang='lat' dir='ltr'><strong>in</strong></span> <span class='ocrx_word' id='word_1_84' title='bbox 1606 1451 1710 1508; x_wconf 89' lang='lat' dir='ltr'><strong>tali</strong></span> <span class='ocrx_word' id='word_1_85' title='bbox 1743 1452 1948 1540; x_wconf 79' lang='lat' dir='ltr'><strong>arbore</strong></span> <span class='ocrx_word' id='word_1_86' title='bbox 1977 1446 2061 1540; x_wconf 78' lang='lat' dir='ltr'><strong>vi-</strong></span> 
     </span>
    </p>
   </div>
   <div class='ocr_carea' id='block_1_17' title="bbox 405 1535 2062 1626">
    <p class='ocr_par' dir='ltr' id='par_1_17' title="bbox 405 1535 2062 1626">
     <span class='ocr_line' id='line_1_18' title="bbox 405 1535 2062 1626; baseline -0.013 -14"><span class='ocrx_word' id='word_1_87' title='bbox 405 1535 602 1612; x_wconf 65' lang='lat' dir='ltr'><strong>ctoriae</strong></span> <span class='ocrx_word' id='word_1_88' title='bbox 632 1535 915 1626; x_wconf 77' lang='lat' dir='ltr'><strong>tropaeum</strong></span> <span class='ocrx_word' id='word_1_89' title='bbox 951 1548 1218 1620; x_wconf 88' lang='lat' dir='ltr'><strong>sculpsit.</strong></span> <span class='ocrx_word' id='word_1_90' title='bbox 1267 1543 1552 1601; x_wconf 77' lang='lat' dir='ltr'><strong>Similiter</strong></span> <span class='ocrx_word' id='word_1_91' title='bbox 1603 1555 1836 1612; x_wconf 90' lang='lat' dir='ltr'><strong>quoque</strong></span> <span class='ocrx_word' id='word_1_92' title='bbox 1889 1535 2062 1626; x_wconf 81' lang='lat' dir='ltr'><strong>intel-</strong></span> 
     </span>
    </p>
   </div>
   <div class='ocr_carea' id='block_1_18' title="bbox 408 1625 2068 1716">
    <p class='ocr_par' dir='ltr' id='par_1_18' title="bbox 408 1625 2068 1716">
     <span class='ocr_line' id='line_1_19' title="bbox 408 1625 2068 1716; baseline -0.013 -16"><span class='ocrx_word' id='word_1_93' title='bbox 408 1645 536 1716; x_wconf 84' lang='lat' dir='ltr'><strong>ligit</strong></span> <span class='ocrx_word' id='word_1_94' title='bbox 570 1625 806 1715; x_wconf 88' lang='lat' dir='ltr'><strong>pretiosi</strong></span> <span class='ocrx_word' id='word_1_95' title='bbox 839 1638 1054 1710; x_wconf 82' lang='lat' dir='ltr'><strong>lapidis</strong></span> <span class='ocrx_word' id='word_1_96' title='bbox 1088 1655 1188 1692; x_wconf 89' lang='lat' dir='ltr'><strong>seu</strong></span> <span class='ocrx_word' id='word_1_97' title='bbox 1241 1651 1484 1707; x_wconf 68' lang='lat' dir='ltr'><strong>gemmae</strong></span> <span class='ocrx_word' id='word_1_98' title='bbox 1517 1629 1855 1697; x_wconf 82' lang='lat' dir='ltr'><strong>simulacra,</strong></span> <span class='ocrx_word' id='word_1_99' title='bbox 1886 1625 2068 1693; x_wconf 72' lang='lat' dir='ltr'><strong>veluti</strong></span> 
     </span>
    </p>
   </div>
   <div class='ocr_carea' id='block_1_19' title="bbox 407 1720 2069 1805">
    <p class='ocr_par' dir='ltr' id='par_1_19' title="bbox 407 1720 2069 1805">
     <span class='ocr_line' id='line_1_20' title="bbox 407 1720 2069 1805; baseline -0.012 -16"><span class='ocrx_word' id='word_1_100' title='bbox 407 1733 641 1805; x_wconf 83' lang='lat' dir='ltr'><strong>quando</strong></span> <span class='ocrx_word' id='word_1_101' title='bbox 673 1729 1027 1800; x_wconf 85' lang='lat' dir='ltr'><strong>smaragdus</strong></span> <span class='ocrx_word' id='word_1_102' title='bbox 1059 1727 1129 1782; x_wconf 89' lang='lat' dir='ltr'><strong>ab</strong></span> <span class='ocrx_word' id='word_1_103' title='bbox 1161 1724 1320 1781; x_wconf 87' lang='lat' dir='ltr'><strong>omni</strong></span> <span class='ocrx_word' id='word_1_104' title='bbox 1379 1721 1834 1790; x_wconf 77' lang='lat' dir='ltr'><strong>circumjecente</strong></span> <span class='ocrx_word' id='word_1_105' title='bbox 1861 1720 2069 1772; x_wconf 86' lang='lat' dir='ltr'><strong>terres-</strong></span> 
     </span>
    </p>
   </div>
   <div class='ocr_carea' id='block_1_20' title="bbox 2163 550 2935 627">
    <p class='ocr_par' dir='ltr' id='par_1_20' title="bbox 2163 550 2935 627">
     <span class='ocr_line' id='line_1_21' title="bbox 2163 550 2935 627; baseline -0.001 -20"><span class='ocrx_word' id='word_1_106' title='bbox 2163 551 2461 627; x_wconf 80' lang='grc' dir='ltr'>Εὐριπίδης</span> <span class='ocrx_word' id='word_1_107' title='bbox 2495 553 2544 606; x_wconf 88' lang='grc' dir='ltr'>ἐν</span> <span class='ocrx_word' id='word_1_108' title='bbox 2578 550 2935 626; x_wconf 79' lang='grc' dir='ltr'>Ἀνδρομέδᾳ’</span> 
     </span>
    </p>
   </div>
   <div class='ocr_carea' id='block_1_21' title="bbox 2520 757 3238 830">
    <p class='ocr_par' dir='ltr' id='par_1_21' title="bbox 2520 757 3238 830">
     <span class='ocr_line' id='line_1_22' title="bbox 2520 757 3238 830; baseline 0 -18"><span class='ocrx_word' id='word_1_109' title='bbox 2520 757 2794 830; x_wconf 79' lang='grc' dir='ltr'>Παρθένου</span> <span class='ocrx_word' id='word_1_110' title='bbox 2823 764 2872 812; x_wconf 87' lang='grc' dir='ltr'>τ’</span> <span class='ocrx_word' id='word_1_111' title='bbox 2906 757 3089 830; x_wconf 73' lang='grc' dir='ltr'>εἰκόνα</span> <span class='ocrx_word' id='word_1_112' title='bbox 3116 760 3238 813; x_wconf 71' lang='grc' dir='ltr'>τινὰ</span> 
     </span>
    </p>
   </div>
   <div class='ocr_carea' id='block_1_22' title="bbox 2377 829 3519 908">
    <p class='ocr_par' dir='ltr' id='par_1_22' title="bbox 2377 829 3519 908">
     <span class='ocr_line' id='line_1_23' title="bbox 2377 829 3519 908; baseline -0.004 -20"><span class='ocrx_word' id='word_1_113' title='bbox 2377 831 2463 900; x_wconf 77' lang='grc' dir='ltr'>Ἐξ</span> <span class='ocrx_word' id='word_1_114' title='bbox 2495 829 2860 908; x_wconf 54' lang='grc' dir='ltr'>αὐτομόρςοων</span> <span class='ocrx_word' id='word_1_115' title='bbox 2893 829 3092 886; x_wconf 68' lang='grc' dir='ltr'>λαΐνων</span> <span class='ocrx_word' id='word_1_116' title='bbox 3124 831 3519 908; x_wconf 76' lang='grc' dir='ltr'>τειχισμάτων,</span> 
     </span>
    </p>
   </div>
   <div class='ocr_carea' id='block_1_23' title="bbox 2520 901 3182 978">
    <p class='ocr_par' dir='ltr' id='par_1_23' title="bbox 2520 901 3182 978">
     <span class='ocr_line' id='line_1_24' title="bbox 2520 901 3182 978; baseline 0.002 -22"><span class='ocrx_word' id='word_1_117' title='bbox 2520 901 2721 978; x_wconf 64' lang='grc' dir='ltr'>Σοφῆς</span> <span class='ocrx_word' id='word_1_118' title='bbox 2737 901 2876 978; x_wconf 67' lang='grc' dir='ltr'>ἄγα).</span> <span class='ocrx_word' id='word_1_119' title='bbox 2888 925 2962 975; x_wconf 87' lang='grc' dir='ltr'><strong>μα</strong></span> <span class='ocrx_word' id='word_1_120' title='bbox 2995 902 3182 978; x_wconf 82' lang='grc' dir='ltr'>χειρός</span> 
     </span>
    </p>
   </div>
   <div class='ocr_carea' id='block_1_24' title="bbox 2163 1104 3831 1184">
    <p class='ocr_par' dir='ltr' id='par_1_24' title="bbox 2163 1104 3831 1184">
     <span class='ocr_line' id='line_1_25' title="bbox 2163 1104 3831 1184; baseline -0.001 -22"><span class='ocrx_word' id='word_1_121' title='bbox 2163 1104 2522 1183; x_wconf 63' lang='grc' dir='ltr'>Αὖτὸμορφον</span> <span class='ocrx_word' id='word_1_122' title='bbox 2581 1105 2683 1182; x_wconf 65' lang='grc' dir='ltr'><strong>γὰρ</strong></span> <span class='ocrx_word' id='word_1_123' title='bbox 2757 1104 2977 1183; x_wconf 73' lang='grc' dir='ltr'>ἄγαλμα</span> <span class='ocrx_word' id='word_1_124' title='bbox 3031 1110 3129 1176; x_wconf 73' lang='grc' dir='ltr'><strong>τῆς</strong></span> <span class='ocrx_word' id='word_1_125' title='bbox 3184 1107 3380 1183; x_wconf 82' lang='grc' dir='ltr'>πέτρας</span> <span class='ocrx_word' id='word_1_126' title='bbox 3439 1109 3502 1162; x_wconf 79' lang='grc' dir='ltr'>τὸ</span> <span class='ocrx_word' id='word_1_127' title='bbox 3561 1108 3831 1184; x_wconf 63' lang='grc' dir='ltr'>αὐτοφυὲς</span> 
     </span>
    </p>
   </div>
   <div class='ocr_carea' id='block_1_25' title="bbox 2167 1193 3822 1272">
    <p class='ocr_par' dir='ltr' id='par_1_25' title="bbox 2167 1193 3822 1272">
     <span class='ocr_line' id='line_1_26' title="bbox 2167 1193 3822 1272; baseline 0.002 -24"><span class='ocrx_word' id='word_1_128' title='bbox 2167 1195 2330 1248; x_wconf 78' lang='grc' dir='ltr'>εἶπεν·</span> <span class='ocrx_word' id='word_1_129' title='bbox 2364 1193 2510 1249; x_wconf 82' lang='grc' dir='ltr'><strong>ἁλλὰ</strong></span> <span class='ocrx_word' id='word_1_130' title='bbox 2549 1197 2638 1248; x_wconf 83' lang='grc' dir='ltr'><strong>καὶ</strong></span> <span class='ocrx_word' id='word_1_131' title='bbox 2687 1195 2811 1250; x_wconf 80' lang='grc' dir='ltr'>ὅταν</span> <span class='ocrx_word' id='word_1_132' title='bbox 2871 1195 3033 1271; x_wconf 81' lang='grc' dir='ltr'>μέρος</span> <span class='ocrx_word' id='word_1_133' title='bbox 3089 1217 3141 1250; x_wconf 89' lang='grc' dir='ltr'><strong>τι</strong></span> <span class='ocrx_word' id='word_1_134' title='bbox 3199 1200 3296 1251; x_wconf 87' lang='grc' dir='ltr'><strong>τοῦ</strong></span> <span class='ocrx_word' id='word_1_135' title='bbox 3355 1193 3580 1270; x_wconf 80' lang='grc' dir='ltr'>δένδρου</span> <span class='ocrx_word' id='word_1_136' title='bbox 3630 1196 3822 1272; x_wconf 74' lang='grc' dir='ltr'>γλῦψῃ</span> 
     </span>
    </p>
   </div>
   <div class='ocr_carea' id='block_1_26' title="bbox 2167 1283 3825 1359">
    <p class='ocr_par' dir='ltr' id='par_1_26' title="bbox 2167 1283 3825 1359">
     <span class='ocr_line' id='line_1_27' title="bbox 2167 1283 3825 1359; baseline 0.002 -23"><span class='ocrx_word' id='word_1_137' title='bbox 2167 1283 2398 1347; x_wconf 72' lang='grc' dir='ltr'>ἓστωτος</span> <span class='ocrx_word' id='word_1_138' title='bbox 2460 1283 2551 1338; x_wconf 82' lang='grc' dir='ltr'>καὶ</span> <span class='ocrx_word' id='word_1_139' title='bbox 2618 1285 2926 1354; x_wconf 74' lang='grc' dir='ltr'><strong>ἀνθοῦντος,</strong></span> <span class='ocrx_word' id='word_1_140' title='bbox 2985 1284 3076 1340; x_wconf 84' lang='grc' dir='ltr'><strong>καὶ</strong></span> <span class='ocrx_word' id='word_1_141' title='bbox 3137 1286 3300 1358; x_wconf 85' lang='grc' dir='ltr'>μέρος</span> <span class='ocrx_word' id='word_1_142' title='bbox 3350 1283 3547 1354; x_wconf 77' lang='grc' dir='ltr'>κλίνης</span> <span class='ocrx_word' id='word_1_143' title='bbox 3593 1287 3825 1359; x_wconf 76' lang='grc' dir='ltr'>ποιήσῃ,</span> 
     </span>
    </p>
   </div>
   <div class='ocr_carea' id='block_1_27' title="bbox 2169 1371 3827 1451">
    <p class='ocr_par' dir='ltr' id='par_1_27' title="bbox 2169 1371 3827 1451">
     <span class='ocr_line' id='line_1_28' title="bbox 2169 1371 3827 1451; baseline 0.002 -26"><span class='ocrx_word' id='word_1_144' title='bbox 2169 1371 2300 1445; x_wconf 82' lang='grc' dir='ltr'>ὅπερ</span> <span class='ocrx_word' id='word_1_145' title='bbox 2373 1371 2445 1435; x_wconf 82' lang='grc' dir='ltr'>ὥς</span> <span class='ocrx_word' id='word_1_146' title='bbox 2513 1394 2676 1451; x_wconf 76' lang='grc' dir='ltr'>φησιν</span> <span class='ocrx_word' id='word_1_147' title='bbox 2750 1375 3006 1449; x_wconf 75' lang='grc' dir='ltr'>’Όμηρος</span> <span class='ocrx_word' id='word_1_148' title='bbox 3075 1373 3126 1428; x_wconf 79' lang='grc' dir='ltr'>ἐν</span> <span class='ocrx_word' id='word_1_149' title='bbox 3205 1372 3488 1446; x_wconf 75' lang='grc' dir='ltr'><strong>Ὀδυσσείᾳ</strong></span> <span class='ocrx_word' id='word_1_150' title='bbox 3567 1373 3827 1443; x_wconf 79' lang='grc' dir='ltr'>ἐποίησεν</span> 
     </span>
    </p>
   </div>
   <div class='ocr_carea' id='block_1_28' title="bbox 2169 1458 3838 1538">
    <p class='ocr_par' dir='ltr' id='par_1_28' title="bbox 2169 1458 3838 1538">
     <span class='ocr_line' id='line_1_29' title="bbox 2169 1458 3838 1538; baseline -0.001 -20"><span class='ocrx_word' id='word_1_151' title='bbox 2169 1458 2478 1525; x_wconf 75' lang='grc' dir='ltr'>Ὀδυσσεύςο</span> <span class='ocrx_word' id='word_1_152' title='bbox 2539 1463 2574 1532; x_wconf 79' lang='grc' dir='ltr'><strong>ἢ</strong></span> <span class='ocrx_word' id='word_1_153' title='bbox 2634 1461 2723 1516; x_wconf 74' lang='grc' dir='ltr'>καὶ</span> <span class='ocrx_word' id='word_1_154' title='bbox 2780 1462 2833 1517; x_wconf 86' lang='grc' dir='ltr'><strong>έν</strong></span> <span class='ocrx_word' id='word_1_155' title='bbox 2862 1467 2941 1534; x_wconf 81' lang='grc' dir='ltr'>τῷ</span> <span class='ocrx_word' id='word_1_156' title='bbox 2967 1462 3204 1535; x_wconf 77' lang='grc' dir='ltr'>τοιούτῳ</span> <span class='ocrx_word' id='word_1_157' title='bbox 3235 1460 3442 1538; x_wconf 79' lang='grc' dir='ltr'>δένδρῳ</span> <span class='ocrx_word' id='word_1_158' title='bbox 3473 1459 3679 1538; x_wconf 76' lang='grc' dir='ltr'>ἔγλυψε</span> <span class='ocrx_word' id='word_1_159' title='bbox 3709 1463 3838 1537; x_wconf 83' lang='grc' dir='ltr'>τρό-</span> 
     </span>
    </p>
   </div>
   <div class='ocr_carea' id='block_1_29' title="bbox 2171 1548 3835 1627">
    <p class='ocr_par' dir='ltr' id='par_1_29' title="bbox 2171 1548 3835 1627">
     <span class='ocr_line' id='line_1_30' title="bbox 2171 1548 3835 1627; baseline 0.001 -22"><span class='ocrx_word' id='word_1_160' title='bbox 2171 1570 2330 1605; x_wconf 87' lang='grc' dir='ltr'>παιον</span> <span class='ocrx_word' id='word_1_161' title='bbox 2391 1549 2567 1622; x_wconf 84' lang='grc' dir='ltr'>νίκης.</span> <span class='ocrx_word' id='word_1_162' title='bbox 2627 1551 2772 1622; x_wconf 80' lang='grc' dir='ltr'><strong>Φησῖ</strong></span> <span class='ocrx_word' id='word_1_163' title='bbox 2827 1548 2884 1606; x_wconf 73' lang='grc' dir='ltr'>δὲ</span> <span class='ocrx_word' id='word_1_164' title='bbox 2934 1553 3024 1606; x_wconf 81' lang='grc' dir='ltr'>καὶ</span> <span class='ocrx_word' id='word_1_165' title='bbox 3071 1553 3260 1626; x_wconf 85' lang='grc' dir='ltr'>τιμίας</span> <span class='ocrx_word' id='word_1_166' title='bbox 3318 1551 3476 1616; x_wconf 80' lang='grc' dir='ltr'>λίθου</span> <span class='ocrx_word' id='word_1_167' title='bbox 3508 1551 3835 1627; x_wconf 76' lang='grc' dir='ltr'>ἀγάλματα,</span> 
     </span>
    </p>
   </div>
   <div class='ocr_carea' id='block_1_30' title="bbox 2173 1637 3837 1717">
    <p class='ocr_par' dir='ltr' id='par_1_30' title="bbox 2173 1637 3837 1717">
     <span class='ocr_line' id='line_1_31' title="bbox 2173 1637 3837 1717; baseline -0.001 -23"><span class='ocrx_word' id='word_1_168' title='bbox 2173 1640 2286 1694; x_wconf 81' lang='grc' dir='ltr'>οἷον</span> <span class='ocrx_word' id='word_1_169' title='bbox 2320 1638 2446 1694; x_wconf 83' lang='grc' dir='ltr'>ὅταν</span> <span class='ocrx_word' id='word_1_170' title='bbox 2478 1642 2513 1710; x_wconf 80' lang='grc' dir='ltr'><strong>ἡ</strong></span> <span class='ocrx_word' id='word_1_171' title='bbox 2567 1637 2899 1716; x_wconf 82' lang='grc' dir='ltr'><strong>σμάραγδος,</strong></span> <span class='ocrx_word' id='word_1_172' title='bbox 2933 1641 3374 1716; x_wconf 78' lang='grc' dir='ltr'>ἀποκαθαρθεῖσα</span> <span class='ocrx_word' id='word_1_173' title='bbox 3399 1645 3497 1696; x_wconf 91' lang='grc' dir='ltr'><strong>τοῦ</strong></span> <span class='ocrx_word' id='word_1_174' title='bbox 3528 1642 3837 1717; x_wconf 64' lang='grc' dir='ltr'>περιέχον-</span> 
     </span>
    </p>
   </div>
   <div class='ocr_carea' id='block_1_31' title="bbox 2173 1726 3839 1805">
    <p class='ocr_par' dir='ltr' id='par_1_31' title="bbox 2173 1726 3839 1805">
     <span class='ocr_line' id='line_1_32' title="bbox 2173 1726 3839 1805; baseline 0.001 -23"><span class='ocrx_word' id='word_1_175' title='bbox 2173 1749 2266 1789; x_wconf 86' lang='grc' dir='ltr'><strong>τος</strong></span> <span class='ocrx_word' id='word_1_176' title='bbox 2339 1726 2604 1802; x_wconf 80' lang='grc' dir='ltr'>γεώδους,</span> <span class='ocrx_word' id='word_1_177' title='bbox 2683 1729 2816 1799; x_wconf 84' lang='grc' dir='ltr'>αὐτή</span> <span class='ocrx_word' id='word_1_178' title='bbox 2899 1729 3143 1805; x_wconf 78' lang='grc' dir='ltr'>ἀναφανῇ</span> <span class='ocrx_word' id='word_1_179' title='bbox 3215 1727 3464 1804; x_wconf 71' lang='grc' dir='ltr'>ἄγαλμα,</span> <span class='ocrx_word' id='word_1_180' title='bbox 3550 1732 3839 1784; x_wconf 73' lang='grc' dir='ltr'>τουτέστιν</span> 
     </span>
    </p>
   </div>
   <div class='ocr_carea' id='block_1_32' title="bbox 404 1803 2060 1912">
    <p class='ocr_par' dir='ltr' id='par_1_32' title="bbox 404 1803 2060 1904">
     <span class='ocr_line' id='line_1_33' title="bbox 404 1803 2060 1904; baseline -0.012 -26"><span class='ocrx_word' id='word_1_181' title='bbox 404 1803 478 1879; x_wconf 27' lang='lat' dir='ltr'><strong>tiri</strong></span> <span class='ocrx_word' id='word_1_182' title='bbox 509 1809 1416 1894; x_wconf 68' lang='grc' dir='ltr'>εχρυτεαιο,οχ1]ἰι)οιἄγαλμα,ἱεὶ</span> <span class='ocrx_word' id='word_1_183' title='bbox 1439 1815 1530 1866; x_wconf 89' lang='lat' dir='ltr'><strong>est</strong></span> <span class='ocrx_word' id='word_1_184' title='bbox 1558 1803 2060 1904; x_wconf 58' lang='lat' dir='ltr'><strong>av).ai&#39;£cpu,splen-</strong></span> 
     </span>
    </p>
   </div>
   <div class='ocr_carea' id='block_1_33' title="bbox 2177 1803 3840 1912">
    <p class='ocr_par' dir='ltr' id='par_1_33' title="bbox 2179 1803 3840 1895">
     <span class='ocr_line' id='line_1_34' title="bbox 2179 1803 3840 1895; baseline 0.002 -24"><span class='ocrx_word' id='word_1_185' title='bbox 2179 1815 2501 1891; x_wconf 77' lang='grc' dir='ltr'>ἀγλάϊσμα·</span> <span class='ocrx_word' id='word_1_186' title='bbox 2568 1818 2705 1893; x_wconf 87' lang='grc' dir='ltr'>πρὸς</span> <span class='ocrx_word' id='word_1_187' title='bbox 2786 1819 2815 1873; x_wconf 78' lang='grc' dir='ltr'><strong>’ὀ</strong></span> <span class='ocrx_word' id='word_1_188' title='bbox 2877 1817 3113 1890; x_wconf 84' lang='grc' dir='ltr'>μάλιστα</span> <span class='ocrx_word' id='word_1_189' title='bbox 3168 1803 3269 1872; x_wconf 87' lang='grc' dir='ltr'><strong>νῦν</strong></span> <span class='ocrx_word' id='word_1_190' title='bbox 3326 1817 3546 1895; x_wconf 87' lang='grc' dir='ltr'>βλέπων</span> <span class='ocrx_word' id='word_1_191' title='bbox 3605 1821 3723 1874; x_wconf 74' lang='grc' dir='ltr'>εἶπε</span> <span class='ocrx_word' id='word_1_192' title='bbox 3773 1820 3840 1873; x_wconf 88' lang='grc' dir='ltr'>τὸ</span> 
     </span>
    </p>
   </div>
   <div class='ocr_carea' id='block_1_34' title="bbox 405 1898 2062 1974">
    <p class='ocr_par' dir='ltr' id='par_1_34' title="bbox 405 1898 2062 1974">
     <span class='ocr_line' id='line_1_35' title="bbox 405 1898 2062 1974; baseline -0.013 -5"><span class='ocrx_word' id='word_1_193' title='bbox 405 1913 610 1968; x_wconf 86' lang='lat' dir='ltr'><strong>didam</strong></span> <span class='ocrx_word' id='word_1_194' title='bbox 643 1911 1083 1967; x_wconf 86' lang='lat' dir='ltr'><strong>ornamentum.</strong></span> <span class='ocrx_word' id='word_1_195' title='bbox 1115 1904 1200 1958; x_wconf 87' lang='lat' dir='ltr'><strong>Ad</strong></span> <span class='ocrx_word' id='word_1_196' title='bbox 1225 1902 1380 1974; x_wconf 92' lang='lat' dir='ltr'><strong>quod</strong></span> <span class='ocrx_word' id='word_1_197' title='bbox 1411 1898 1664 1956; x_wconf 84' lang='lat' dir='ltr'><strong>maxime</strong></span> <span class='ocrx_word' id='word_1_198' title='bbox 1695 1912 1851 1952; x_wconf 89' lang='lat' dir='ltr'><strong>nunc</strong></span> <span class='ocrx_word' id='word_1_199' title='bbox 1872 1898 2062 1966; x_wconf 85' lang='lat' dir='ltr'><strong>respi-</strong></span> 
     </span>
    </p>
   </div>
   <div class='ocr_carea' id='block_1_35' title="bbox 404 1985 2066 2068">
    <p class='ocr_par' dir='ltr' id='par_1_35' title="bbox 404 1985 2066 2068">
     <span class='ocr_line' id='line_1_36' title="bbox 404 1985 2066 2068; baseline -0.012 -11"><span class='ocrx_word' id='word_1_200' title='bbox 404 2002 564 2058; x_wconf 85' lang='lat' dir='ltr'><strong>ciens</strong></span> <span class='ocrx_word' id='word_1_201' title='bbox 588 1999 733 2055; x_wconf 82' lang='lat' dir='ltr'><strong>dicit</strong></span> <span class='ocrx_word' id='word_1_202' title='bbox 763 1996 920 2068; x_wconf 90' lang='lat' dir='ltr'><strong>quod</strong></span> <span class='ocrx_word' id='word_1_203' title='bbox 954 1993 1323 2066; x_wconf 87' lang='lat' dir='ltr'><strong>proponitur,</strong></span> <span class='ocrx_word' id='word_1_204' title='bbox 1358 1989 1513 2046; x_wconf 85' lang='lat' dir='ltr'><strong>sicut</strong></span> <span class='ocrx_word' id='word_1_205' title='bbox 1544 1985 1856 2058; x_wconf 82' lang='lat' dir='ltr'><strong>Dionysius</strong></span> <span class='ocrx_word' id='word_1_206' title='bbox 1896 1986 2066 2054; x_wconf 87' lang='lat' dir='ltr'><strong>poeta</strong></span> 
     </span>
    </p>
   </div>
   <div class='ocr_carea' id='block_1_36' title="bbox 403 2081 1302 2146">
    <p class='ocr_par' dir='ltr' id='par_1_36' title="bbox 403 2081 1302 2146">
     <span class='ocr_line' id='line_1_37' title="bbox 403 2081 1302 2146; baseline -0.018 1"><span class='ocrx_word' id='word_1_207' title='bbox 403 2091 462 2146; x_wconf 89' lang='lat' dir='ltr'><strong>in</strong></span> <span class='ocrx_word' id='word_1_208' title='bbox 496 2087 824 2146; x_wconf 89' lang='lat' dir='ltr'><strong>secundum</strong></span> <span class='ocrx_word' id='word_1_209' title='bbox 858 2084 1008 2139; x_wconf 92' lang='lat' dir='ltr'><strong>libro</strong></span> <span class='ocrx_word' id='word_1_210' title='bbox 1041 2081 1302 2135; x_wconf 81' lang='grc' dir='ltr'>Λιθικῶν·</span> 
     </span>
    </p>
   </div>
   <div class='ocr_carea' id='block_1_37' title="bbox 409 2181 1818 2266">
    <p class='ocr_par' dir='ltr' id='par_1_37' title="bbox 409 2181 1818 2266">
     <span class='ocr_line' id='line_1_38' title="bbox 409 2181 1818 2266; baseline -0.013 -12"><span class='ocrx_word' id='word_1_211' title='bbox 409 2199 557 2254; x_wconf 74' lang='lat'><strong>285</strong></span> <span class='ocrx_word' id='word_1_212' title='bbox 583 2193 824 2266; x_wconf 65' lang='lat' dir='ltr'><strong>Jaxpidi:</strong></span> <span class='ocrx_word' id='word_1_213' title='bbox 853 2192 1077 2266; x_wconf 73' lang='lat' dir='ltr'><strong>obscure</strong></span> <span class='ocrx_word' id='word_1_214' title='bbox 1109 2181 1818 2266; x_wconf 61' lang='lat' dir='ltr'><strong>virentis,_autamethysti</strong></span> 
     </span>
    </p>
   </div>
   <div class='ocr_carea' id='block_1_38' title="bbox 586 2253 2066 2398">
    <p class='ocr_par' dir='ltr' id='par_1_38' title="bbox 586 2253 2066 2398">
     <span class='ocr_line' id='line_1_39' title="bbox 586 2253 2066 2398; baseline -0.011 -76"><span class='ocrx_word' id='word_1_215' title='bbox 586 2253 865 2338; x_wconf 69' lang='lat' dir='ltr'><strong>Pui&#39;purci</strong></span> <span class='ocrx_word' id='word_1_216' title='bbox 901 2263 1289 2328; x_wconf 80' lang='lat' dir='ltr'><strong>simulacrum,</strong></span> <span class='ocrx_word' id='word_1_217' title='bbox 1320 2253 1486 2327; x_wconf 74' lang='lat' dir='ltr'><strong>nigro</strong></span> <span class='ocrx_word' id='word_1_218' title='bbox 1515 2257 1770 2398; x_wconf 52' lang='lat' dir='ltr'><strong>pel-{251:3</strong></span> <span class='ocrx_word' id='word_1_219' title='bbox 1794 2253 2066 2377; x_wconf 45' lang='lat' dir='ltr'><strong>sapguine</strong></span> 
     </span>
     <span class='ocr_line' id='line_1_40' title="bbox 1677 2335 1991 2396; baseline -0.01 -15"><span class='ocrx_word' id='word_1_220' title='bbox 1677 2335 1864 2396; x_wconf 75' lang='lat' dir='ltr'><strong>yarmt</strong></span> <span class='ocrx_word' id='word_1_221' title='bbox 1885 2341 1991 2378; x_wconf 72' lang='lat' dir='ltr'><strong>ius.</strong></span> 
     </span>
    </p>
   </div>
   <div class='ocr_carea' id='block_1_39' title="bbox 1677 2335 1991 2396">
    <p class='ocr_par' dir='ltr' id='par_1_39' title="bbox 1677 2335 1991 2396">
     <span class='ocr_line' id='line_1_41' title="bbox 1677 2335 1991 2396; baseline -0.013 -15"><span class='ocrx_word' id='word_1_222' title='bbox 1677 2335 1991 2396; x_wconf 77' lang='lat' dir='ltr'><strong>yarmmus.</strong></span> 
     </span>
    </p>
   </div>
   <div class='ocr_carea' id='block_1_40' title="bbox 403 2395 2067 2512">
    <p class='ocr_par' dir='ltr' id='par_1_40' title="bbox 403 2395 2067 2512">
     <span class='ocr_line' id='line_1_42' title="bbox 403 2395 2067 2512; baseline -0.012 -9"><span class='ocrx_word' id='word_1_223' title='bbox 403 2451 539 2512; x_wconf 62' lang='lat' dir='ltr'><strong>Quae</strong></span> <span class='ocrx_word' id='word_1_224' title='bbox 571 2443 776 2501; x_wconf 85' lang='lat' dir='ltr'><strong>omnia</strong></span> <span class='ocrx_word' id='word_1_225' title='bbox 805 2441 1124 2499; x_wconf 87' lang='lat' dir='ltr'><strong>ostendunt</strong></span> <span class='ocrx_word' id='word_1_226' title='bbox 1180 2437 1430 2494; x_wconf 88' lang='lat' dir='ltr'><strong>multam</strong></span> <span class='ocrx_word' id='word_1_227' title='bbox 1490 2433 1676 2491; x_wconf 85' lang='lat' dir='ltr'><strong>sancti</strong></span> <span class='ocrx_word' id='word_1_228' title='bbox 1735 2433 1916 2503; x_wconf 89' lang='lat' dir='ltr'><strong>hujus</strong></span> <span class='ocrx_word' id='word_1_229' title='bbox 1954 2395 2067 2485; x_wconf 82' lang='lat' dir='ltr'><strong>viri</strong></span> 
     </span>
    </p>
   </div>
   <div class='ocr_carea' id='block_1_41' title="bbox 405 2534 754 2592">
    <p class='ocr_par' dir='ltr' id='par_1_41' title="bbox 405 2534 754 2592">
     <span class='ocr_line' id='line_1_43' title="bbox 405 2534 754 2592; baseline -0.017 0"><span class='ocrx_word' id='word_1_230' title='bbox 405 2534 754 2592; x_wconf 85' lang='lat' dir='ltr'><strong>doctrinam.</strong></span> 
     </span>
    </p>
   </div>
   <div class='ocr_carea' id='block_1_42' title="bbox 476 2615 2068 2695">
    <p class='ocr_par' dir='ltr' id='par_1_42' title="bbox 476 2615 2068 2695">
     <span class='ocr_line' id='line_1_44' title="bbox 476 2615 2068 2695; baseline -0.009 -16"><span class='ocrx_word' id='word_1_231' title='bbox 476 2625 927 2695; x_wconf 77' lang='lat' dir='ltr'><strong>Oportetautem,</strong></span> <span class='ocrx_word' id='word_1_232' title='bbox 990 2625 1051 2676; x_wconf 82' lang='lat' dir='ltr'><strong>ut</strong></span> <span class='ocrx_word' id='word_1_233' title='bbox 1102 2619 1384 2684; x_wconf 68' lang='lat' dir='ltr'><strong>existimo,</strong></span> <span class='ocrx_word' id='word_1_234' title='bbox 1435 2615 1760 2671; x_wconf 72' lang='lat' dir='ltr'><strong>ablationcs.</strong></span> <span class='ocrx_word' id='word_1_235' title='bbox 1813 2615 2068 2684; x_wconf 63' lang='lat' dir='ltr'><strong>Ipsemet</strong></span> 
     </span>
    </p>
   </div>
   <div class='ocr_carea' id='block_1_43' title="bbox 406 2699 2060 2782">
    <p class='ocr_par' dir='ltr' id='par_1_43' title="bbox 406 2699 2060 2782">
     <span class='ocr_line' id='line_1_45' title="bbox 406 2699 2060 2782; baseline -0.009 -14"><span class='ocrx_word' id='word_1_236' title='bbox 406 2713 574 2768; x_wconf 87' lang='lat' dir='ltr'><strong>Pater</strong></span> <span class='ocrx_word' id='word_1_237' title='bbox 603 2713 792 2768; x_wconf 87' lang='lat' dir='ltr'><strong>locum</strong></span> <span class='ocrx_word' id='word_1_238' title='bbox 827 2714 1179 2782; x_wconf 70' lang='lat' dir='ltr'><strong>praesentem</strong></span> <span class='ocrx_word' id='word_1_239' title='bbox 1239 2708 1296 2762; x_wconf 92' lang='lat' dir='ltr'><strong>in</strong></span> <span class='ocrx_word' id='word_1_240' title='bbox 1355 2704 1743 2777; x_wconf 84' lang='lat' dir='ltr'><strong>sequentibus</strong></span> <span class='ocrx_word' id='word_1_241' title='bbox 1803 2699 2060 2772; x_wconf 82' lang='lat' dir='ltr'><strong>exponit.</strong></span> 
     </span>
    </p>
   </div>
   <div class='ocr_carea' id='block_1_44' title="bbox 404 2789 2064 2872">
    <p class='ocr_par' dir='ltr' id='par_1_44' title="bbox 404 2789 2064 2872">
     <span class='ocr_line' id='line_1_46' title="bbox 404 2789 2064 2872; baseline -0.007 -18"><span class='ocrx_word' id='word_1_242' title='bbox 404 2798 583 2860; x_wconf 77' lang='grc' dir='ltr'>Θέσεις</span> <span class='ocrx_word' id='word_1_243' title='bbox 629 2801 810 2872; x_wconf 82' lang='lat' dir='ltr'><strong>igitur</strong></span> <span class='ocrx_word' id='word_1_244' title='bbox 865 2803 1021 2865; x_wconf 87' lang='lat' dir='ltr'><strong>sunt,</strong></span> <span class='ocrx_word' id='word_1_245' title='bbox 1079 2814 1204 2868; x_wconf 67' lang='lat' dir='ltr'><strong>quae</strong></span> <span class='ocrx_word' id='word_1_246' title='bbox 1259 2795 1492 2868; x_wconf 86' lang='lat' dir='ltr'><strong>proprie</strong></span> <span class='ocrx_word' id='word_1_247' title='bbox 1559 2795 1627 2848; x_wconf 88' lang='lat' dir='ltr'><strong>de</strong></span> <span class='ocrx_word' id='word_1_248' title='bbox 1689 2793 1798 2847; x_wconf 91' lang='lat' dir='ltr'><strong>Deo</strong></span> <span class='ocrx_word' id='word_1_249' title='bbox 1857 2789 2064 2844; x_wconf 87' lang='lat' dir='ltr'><strong>dicun-</strong></span> 
     </span>
    </p>
   </div>
   <div class='ocr_carea' id='block_1_45' title="bbox 404 2878 2063 2960">
    <p class='ocr_par' dir='ltr' id='par_1_45' title="bbox 404 2878 2063 2960">
     <span class='ocr_line' id='line_1_47' title="bbox 404 2878 2063 2960; baseline -0.01 -15"><span class='ocrx_word' id='word_1_250' title='bbox 404 2895 520 2959; x_wconf 89' lang='lat' dir='ltr'><strong>tur,</strong></span> <span class='ocrx_word' id='word_1_251' title='bbox 552 2889 726 2944; x_wconf 89' lang='lat' dir='ltr'><strong>veluti</strong></span> <span class='ocrx_word' id='word_1_252' title='bbox 760 2888 860 2960; x_wconf 91' lang='lat' dir='ltr'><strong>qui</strong></span> <span class='ocrx_word' id='word_1_253' title='bbox 893 2892 998 2956; x_wconf 88' lang='lat' dir='ltr'><strong>est,</strong></span> <span class='ocrx_word' id='word_1_254' title='bbox 1034 2886 1174 2955; x_wconf 88' lang='lat' dir='ltr'><strong>vita,</strong></span> <span class='ocrx_word' id='word_1_255' title='bbox 1206 2885 1429 2950; x_wconf 85' lang='lat' dir='ltr'><strong>lumen,</strong></span> <span class='ocrx_word' id='word_1_256' title='bbox 1490 2887 1548 2938; x_wconf 90' lang='lat' dir='ltr'><strong>et</strong></span> <span class='ocrx_word' id='word_1_257' title='bbox 1605 2885 1851 2936; x_wconf 72' lang='lat' dir='ltr'><strong>caetera:</strong></span> <span class='ocrx_word' id='word_1_258' title='bbox 1905 2878 2063 2954; x_wconf 79' lang='grc' dir='ltr'>ἀφαι-</span> 
     </span>
    </p>
   </div>
   <div class='ocr_carea' id='block_1_46' title="bbox 405 2970 2063 3052">
    <p class='ocr_par' dir='ltr' id='par_1_46' title="bbox 405 2970 2063 3052">
     <span class='ocr_line' id='line_1_48' title="bbox 405 2970 2063 3052; baseline -0.006 -22"><span class='ocrx_word' id='word_1_259' title='bbox 405 2976 577 3052; x_wconf 82' lang='grc' dir='ltr'>ρέσεις</span> <span class='ocrx_word' id='word_1_260' title='bbox 609 2994 764 3044; x_wconf 89' lang='lat' dir='ltr'><strong>vero,</strong></span> <span class='ocrx_word' id='word_1_261' title='bbox 797 2993 920 3046; x_wconf 75' lang='lat' dir='ltr'><strong>quae</strong></span> <span class='ocrx_word' id='word_1_262' title='bbox 954 2980 1238 3045; x_wconf 87' lang='lat' dir='ltr'><strong>tanquam</strong></span> <span class='ocrx_word' id='word_1_263' title='bbox 1271 2991 1304 3028; x_wconf 90' lang='lat' dir='ltr'><strong>a</strong></span> <span class='ocrx_word' id='word_1_264' title='bbox 1329 2977 1444 3027; x_wconf 90' lang='lat' dir='ltr'><strong>Deo</strong></span> <span class='ocrx_word' id='word_1_265' title='bbox 1507 2970 1702 3026; x_wconf 88' lang='lat' dir='ltr'><strong>aliena</strong></span> <span class='ocrx_word' id='word_1_266' title='bbox 1753 2972 2063 3039; x_wconf 85' lang='lat' dir='ltr'><strong>negantur,</strong></span> 
     </span>
    </p>
   </div>
   <div class='ocr_carea' id='block_1_47' title="bbox 404 3057 2062 3134">
    <p class='ocr_par' dir='ltr' id='par_1_47' title="bbox 404 3057 2062 3134">
     <span class='ocr_line' id='line_1_49' title="bbox 404 3057 2062 3134; baseline -0.007 -13"><span class='ocrx_word' id='word_1_267' title='bbox 404 3068 562 3122; x_wconf 89' lang='lat' dir='ltr'><strong>sicut</strong></span> <span class='ocrx_word' id='word_1_268' title='bbox 594 3067 742 3121; x_wconf 86' lang='lat' dir='ltr'><strong>Deus</strong></span> <span class='ocrx_word' id='word_1_269' title='bbox 772 3081 882 3120; x_wconf 91' lang='lat' dir='ltr'><strong>non</strong></span> <span class='ocrx_word' id='word_1_270' title='bbox 937 3068 1027 3120; x_wconf 87' lang='lat' dir='ltr'><strong>est</strong></span> <span class='ocrx_word' id='word_1_271' title='bbox 1085 3079 1320 3134; x_wconf 89' lang='lat' dir='ltr'><strong>corpus,</strong></span> <span class='ocrx_word' id='word_1_272' title='bbox 1380 3077 1495 3117; x_wconf 91' lang='lat' dir='ltr'><strong>non</strong></span> <span class='ocrx_word' id='word_1_273' title='bbox 1545 3063 1636 3115; x_wconf 90' lang='lat' dir='ltr'><strong>est</strong></span> <span class='ocrx_word' id='word_1_274' title='bbox 1693 3057 1912 3123; x_wconf 89' lang='lat' dir='ltr'><strong>anima,</strong></span> <span class='ocrx_word' id='word_1_275' title='bbox 1955 3071 2062 3111; x_wconf 88' lang='lat' dir='ltr'><strong>nec</strong></span> 
     </span>
    </p>
   </div>
   <div class='ocr_carea' id='block_1_48' title="bbox 405 3144 2061 3226">
    <p class='ocr_par' dir='ltr' id='par_1_48' title="bbox 405 3144 2061 3226">
     <span class='ocr_line' id='line_1_50' title="bbox 405 3144 2061 3226; baseline -0.007 -17"><span class='ocrx_word' id='word_1_276' title='bbox 405 3153 639 3226; x_wconf 82' lang='lat' dir='ltr'><strong>aliquod</strong></span> <span class='ocrx_word' id='word_1_277' title='bbox 670 3170 873 3210; x_wconf 88' lang='lat' dir='ltr'><strong>eorum</strong></span> <span class='ocrx_word' id='word_1_278' title='bbox 906 3171 1032 3225; x_wconf 68' lang='lat' dir='ltr'><strong>quae</strong></span> <span class='ocrx_word' id='word_1_279' title='bbox 1055 3150 1326 3224; x_wconf 84' lang='lat' dir='ltr'><strong>cognosci</strong></span> <span class='ocrx_word' id='word_1_280' title='bbox 1361 3154 1605 3222; x_wconf 88' lang='lat' dir='ltr'><strong>queunt,</strong></span> <span class='ocrx_word' id='word_1_281' title='bbox 1641 3153 1744 3203; x_wconf 91' lang='lat' dir='ltr'><strong>aut</strong></span> <span class='ocrx_word' id='word_1_282' title='bbox 1774 3146 1832 3200; x_wconf 92' lang='lat' dir='ltr'><strong>in</strong></span> <span class='ocrx_word' id='word_1_283' title='bbox 1865 3144 2061 3217; x_wconf 85' lang='lat' dir='ltr'><strong>cogni-</strong></span> 
     </span>
    </p>
   </div>
   <div class='ocr_carea' id='block_1_49' title="bbox 404 3205 2132 3310">
    <p class='ocr_par' dir='ltr' id='par_1_49' title="bbox 404 3205 2132 3310">
     <span class='ocr_line' id='line_1_51' title="bbox 404 3205 2132 3310; baseline -0.008 -12"><span class='ocrx_word' id='word_1_284' title='bbox 404 3205 622 3298; x_wconf 60' lang='lat' dir='ltr'><strong>tionem</strong></span> <span class='ocrx_word' id='word_1_285' title='bbox 655 3205 1159 3298; x_wconf 39' lang='lat' dir='ltr'><strong>mamillae}?</strong></span> <span class='ocrx_word' id='word_1_286' title='bbox 1211 3205 1536 3304; x_wconf 46' lang='lat' dir='ltr'><strong>Quid‘sint</strong></span> <span class='ocrx_word' id='word_1_287' title='bbox 1585 3205 1754 3296; x_wconf 72' lang='grc' dir='ltr'>ὁέσεις</span> <span class='ocrx_word' id='word_1_288' title='bbox 1786 3240 1842 3291; x_wconf 89' lang='lat' dir='ltr'><strong>et</strong></span> <span class='ocrx_word' id='word_1_289' title='bbox 1895 3205 2058 3310; x_wconf 62' lang='grc' dir='ltr'><strong>ἆξαι-</strong></span> <span class='ocrx_word' id='word_1_290' title='bbox 2089 3205 2132 3272; x_wconf 87' lang='lat' dir='ltr'><strong><em>C</em></strong></span> 
     </span>
    </p>
   </div>
   <div class='ocr_carea' id='block_1_50' title="bbox 402 3323 2054 3406">
    <p class='ocr_par' dir='ltr' id='par_1_50' title="bbox 402 3323 2054 3406">
     <span class='ocr_line' id='line_1_52' title="bbox 402 3323 2054 3406; baseline -0.005 -20"><span class='ocrx_word' id='word_1_291' title='bbox 402 3333 596 3406; x_wconf 82' lang='grc' dir='ltr'>ρέσεις,</span> <span class='ocrx_word' id='word_1_292' title='bbox 630 3332 689 3387; x_wconf 90' lang='lat' dir='ltr'><strong>in</strong></span> <span class='ocrx_word' id='word_1_293' title='bbox 711 3331 858 3387; x_wconf 89' lang='lat' dir='ltr'><strong>libro</strong></span> <span class='ocrx_word' id='word_1_294' title='bbox 888 3333 956 3387; x_wconf 86' lang='lat' dir='ltr'><strong>De</strong></span> <span class='ocrx_word' id='word_1_295' title='bbox 985 3330 1189 3386; x_wconf 76' lang='lat' dir='ltr'><strong>divinis</strong></span> <span class='ocrx_word' id='word_1_296' title='bbox 1217 3329 1536 3385; x_wconf 80' lang='lat' dir='ltr'><strong>nominibus</strong></span> <span class='ocrx_word' id='word_1_297' title='bbox 1589 3324 1935 3382; x_wconf 83' lang='lat' dir='ltr'><strong>excellenter</strong></span> <span class='ocrx_word' id='word_1_298' title='bbox 1961 3323 2054 3378; x_wconf 88' lang='lat' dir='ltr'><strong>in-</strong></span> 
     </span>
    </p>
   </div>
   <div class='ocr_carea' id='block_1_51' title="bbox 401 3421 760 3477">
    <p class='ocr_par' dir='ltr' id='par_1_51' title="bbox 401 3421 760 3477">
     <span class='ocr_line' id='line_1_53' title="bbox 401 3421 760 3477; baseline -0.003 -1"><span class='ocrx_word' id='word_1_299' title='bbox 401 3421 760 3477; x_wconf 84' lang='lat' dir='ltr'><strong>telleximus.</strong></span> 
     </span>
    </p>
   </div>
   <div class='ocr_carea' id='block_1_52' title="bbox 469 3500 2053 3578">
    <p class='ocr_par' dir='ltr' id='par_1_52' title="bbox 469 3500 2053 3578">
     <span class='ocr_line' id='line_1_54' title="bbox 469 3500 2053 3578; baseline -0.006 -12"><span class='ocrx_word' id='word_1_300' title='bbox 469 3515 535 3566; x_wconf 85' lang='lat' dir='ltr'><strong>In</strong></span> <span class='ocrx_word' id='word_1_301' title='bbox 566 3510 820 3566; x_wconf 76' lang='lat' dir='ltr'><strong>omnibus</strong></span> <span class='ocrx_word' id='word_1_302' title='bbox 847 3511 1027 3566; x_wconf 76' lang='lat' dir='ltr'><strong>rebus.</strong></span> <span class='ocrx_word' id='word_1_303' title='bbox 1053 3510 1289 3578; x_wconf 90' lang='lat' dir='ltr'><strong>Eorum,</strong></span> <span class='ocrx_word' id='word_1_304' title='bbox 1314 3508 1660 3578; x_wconf 69' lang='lat' dir='ltr'><strong>inquit,quze</strong></span> <span class='ocrx_word' id='word_1_305' title='bbox 1691 3508 1833 3560; x_wconf 90' lang='lat' dir='ltr'><strong>sunt</strong></span> <span class='ocrx_word' id='word_1_306' title='bbox 1865 3500 2053 3574; x_wconf 82' lang='lat' dir='ltr'><strong>cogni-</strong></span> 
     </span>
    </p>
   </div>
   <div class='ocr_carea' id='block_1_53' title="bbox 400 3592 2047 3670">
    <p class='ocr_par' dir='ltr' id='par_1_53' title="bbox 400 3592 2047 3670">
     <span class='ocr_line' id='line_1_55' title="bbox 400 3592 2047 3670; baseline -0.005 -16"><span class='ocrx_word' id='word_1_307' title='bbox 400 3599 611 3669; x_wconf 89' lang='lat' dir='ltr'><strong>tiones,</strong></span> <span class='ocrx_word' id='word_1_308' title='bbox 647 3617 761 3655; x_wconf 91' lang='lat' dir='ltr'><strong>non</strong></span> <span class='ocrx_word' id='word_1_309' title='bbox 795 3599 1196 3670; x_wconf 86' lang='lat' dir='ltr'><strong>deteguntDci</strong></span> <span class='ocrx_word' id='word_1_310' title='bbox 1231 3592 1821 3669; x_wconf 86' lang='lat' dir='ltr'><strong>ignorationem,etin</strong></span> <span class='ocrx_word' id='word_1_311' title='bbox 1861 3592 2047 3647; x_wconf 90' lang='lat' dir='ltr'><strong>lucem</strong></span> 
     </span>
    </p>
   </div>
   <div class='ocr_carea' id='block_1_54' title="bbox 403 3681 2046 3758">
    <p class='ocr_par' dir='ltr' id='par_1_54' title="bbox 403 3681 2046 3758">
     <span class='ocr_line' id='line_1_56' title="bbox 403 3681 2046 3758; baseline -0.005 -15"><span class='ocrx_word' id='word_1_312' title='bbox 403 3689 706 3743; x_wconf 87' lang='lat' dir='ltr'><strong>adducunt</strong></span> <span class='ocrx_word' id='word_1_313' title='bbox 728 3689 858 3755; x_wconf 90' lang='lat' dir='ltr'><strong>;scd</strong></span> <span class='ocrx_word' id='word_1_314' title='bbox 873 3687 1068 3758; x_wconf 87' lang='lat' dir='ltr'><strong>potius</strong></span> <span class='ocrx_word' id='word_1_315' title='bbox 1096 3681 2046 3756; x_wconf 85' lang='lat' dir='ltr'><strong>conteguntetoccultant.Lumen</strong></span> 
     </span>
    </p>
   </div>
   <div class='ocr_carea' id='block_1_55' title="bbox 401 3769 2049 3847">
    <p class='ocr_par' dir='ltr' id='par_1_55' title="bbox 401 3769 2049 3847">
     <span class='ocr_line' id='line_1_57' title="bbox 401 3769 2049 3847; baseline -0.003 -19"><span class='ocrx_word' id='word_1_316' title='bbox 401 3793 532 3832; x_wconf 91' lang='lat' dir='ltr'><strong>vero</strong></span> <span class='ocrx_word' id='word_1_317' title='bbox 565 3776 720 3847; x_wconf 90' lang='lat' dir='ltr'><strong>quod</strong></span> <span class='ocrx_word' id='word_1_318' title='bbox 755 3775 812 3829; x_wconf 93' lang='lat' dir='ltr'><strong>in</strong></span> <span class='ocrx_word' id='word_1_319' title='bbox 848 3776 1022 3830; x_wconf 86' lang='lat' dir='ltr'><strong>rebus</strong></span> <span class='ocrx_word' id='word_1_320' title='bbox 1077 3779 1188 3841; x_wconf 86' lang='lat' dir='ltr'><strong>est,</strong></span> <span class='ocrx_word' id='word_1_321' title='bbox 1245 3773 1650 3844; x_wconf 88' lang='lat' dir='ltr'><strong>accipiendum</strong></span> <span class='ocrx_word' id='word_1_322' title='bbox 1712 3787 1814 3842; x_wconf 90' lang='lat' dir='ltr'><strong>pro</strong></span> <span class='ocrx_word' id='word_1_323' title='bbox 1857 3769 2049 3840; x_wconf 84' lang='lat' dir='ltr'><strong>cogni-</strong></span> 
     </span>
    </p>
   </div>
   <div class='ocr_carea' id='block_1_56' title="bbox 403 3860 2048 3934">
    <p class='ocr_par' dir='ltr' id='par_1_56' title="bbox 403 3860 2048 3934">
     <span class='ocr_line' id='line_1_58' title="bbox 403 3860 2048 3934; baseline -0.004 -15"><span class='ocrx_word' id='word_1_324' title='bbox 403 3867 558 3920; x_wconf 84' lang='lat' dir='ltr'><strong>tione</strong></span> <span class='ocrx_word' id='word_1_325' title='bbox 581 3879 774 3919; x_wconf 87' lang='lat' dir='ltr'><strong>rerum</strong></span> <span class='ocrx_word' id='word_1_326' title='bbox 809 3869 1100 3934; x_wconf 81' lang='lat' dir='ltr'><strong>quatenus</strong></span> <span class='ocrx_word' id='word_1_327' title='bbox 1135 3866 1294 3929; x_wconf 90' lang='lat' dir='ltr'><strong>sunt,</strong></span> <span class='ocrx_word' id='word_1_328' title='bbox 1319 3861 1473 3916; x_wconf 91' lang='lat' dir='ltr'><strong>sicut</strong></span> <span class='ocrx_word' id='word_1_329' title='bbox 1497 3860 1673 3916; x_wconf 89' lang='lat' dir='ltr'><strong>etiam</strong></span> <span class='ocrx_word' id='word_1_330' title='bbox 1707 3860 1764 3914; x_wconf 92' lang='lat' dir='ltr'><strong>in</strong></span> <span class='ocrx_word' id='word_1_331' title='bbox 1797 3873 2048 3930; x_wconf 86' lang='lat' dir='ltr'><strong>sequen-</strong></span> 
     </span>
    </p>
   </div>
   <div class='ocr_carea' id='block_1_57' title="bbox 406 3952 947 4008">
    <p class='ocr_par' dir='ltr' id='par_1_57' title="bbox 406 3952 947 4008">
     <span class='ocr_line' id='line_1_59' title="bbox 406 3952 947 4008; baseline -0.007 0"><span class='ocrx_word' id='word_1_332' title='bbox 406 3954 566 4008; x_wconf 86' lang='lat' dir='ltr'><strong>tibus</strong></span> <span class='ocrx_word' id='word_1_333' title='bbox 597 3952 947 4008; x_wconf 88' lang='lat' dir='ltr'><strong>invenimus.</strong></span> 
     </span>
    </p>
   </div>
   <div class='ocr_carea' id='block_1_58' title="bbox 1031 4039 1432 4095">
    <p class='ocr_par' dir='ltr' id='par_1_58' title="bbox 1031 4039 1432 4095">
     <span class='ocr_line' id='line_1_60' title="bbox 1031 4039 1432 4095; baseline -0.002 0"><span class='ocrx_word' id='word_1_334' title='bbox 1031 4040 1102 4095; x_wconf 90' lang='lat' dir='ltr'><strong>IN</strong></span> <span class='ocrx_word' id='word_1_335' title='bbox 1143 4039 1295 4095; x_wconf 80' lang='lat' dir='ltr'><strong>CAP.</strong></span> <span class='ocrx_word' id='word_1_336' title='bbox 1341 4041 1432 4095; x_wconf 89' lang='lat' dir='ltr'><strong>Ill.</strong></span> 
     </span>
    </p>
   </div>
   <div class='ocr_carea' id='block_1_59' title="bbox 477 4125 2054 4202">
    <p class='ocr_par' dir='ltr' id='par_1_59' title="bbox 477 4125 2054 4202">
     <span class='ocr_line' id='line_1_61' title="bbox 477 4125 2054 4202; baseline -0.003 -18"><span class='ocrx_word' id='word_1_337' title='bbox 477 4129 749 4199; x_wconf 84' lang='lat' dir='ltr'><strong>Quomodo</strong></span> <span class='ocrx_word' id='word_1_338' title='bbox 798 4130 991 4186; x_wconf 81' lang='lat' dir='ltr'><strong>divina</strong></span> <span class='ocrx_word' id='word_1_339' title='bbox 1079 4131 1329 4202; x_wconf 80' lang='lat' dir='ltr'><strong>bonaque</strong></span> <span class='ocrx_word' id='word_1_340' title='bbox 1377 4134 1598 4184; x_wconf 71' lang='lat' dir='ltr'><strong>natura.</strong></span> <span class='ocrx_word' id='word_1_341' title='bbox 1681 4126 1828 4191; x_wconf 90' lang='lat' dir='ltr'><strong>Quid</strong></span> <span class='ocrx_word' id='word_1_342' title='bbox 1905 4125 2054 4180; x_wconf 91' lang='lat' dir='ltr'><strong>liber</strong></span> 
     </span>
    </p>
   </div>
   <div class='ocr_carea' id='block_1_60' title="bbox 406 4213 2051 4290">
    <p class='ocr_par' dir='ltr' id='par_1_60' title="bbox 406 4213 2051 4290">
     <span class='ocr_line' id='line_1_62' title="bbox 406 4213 2051 4290; baseline -0.002 -17"><span class='ocrx_word' id='word_1_343' title='bbox 406 4219 846 4290; x_wconf 72' lang='lat' dir='ltr'><strong>T/zcologicurum</strong></span> <span class='ocrx_word' id='word_1_344' title='bbox 879 4218 1296 4273; x_wconf 78' lang='lat' dir='ltr'><strong>institutionum</strong></span> <span class='ocrx_word' id='word_1_345' title='bbox 1325 4216 1861 4288; x_wconf 83' lang='lat' dir='ltr'><strong>complectatur.En</strong></span> <span class='ocrx_word' id='word_1_346' title='bbox 1888 4213 2051 4270; x_wconf 87' lang='lat' dir='ltr'><strong>theo-</strong></span> 
     </span>
    </p>
   </div>
   <div class='ocr_carea' id='block_1_61' title="bbox 406 4303 2052 4379">
    <p class='ocr_par' dir='ltr' id='par_1_61' title="bbox 406 4303 2052 4379">
     <span class='ocr_line' id='line_1_63' title="bbox 406 4303 2052 4379; baseline -0.003 -18"><span class='ocrx_word' id='word_1_347' title='bbox 406 4308 565 4379; x_wconf 68' lang='lat' dir='ltr'><strong>logia:</strong></span> <span class='ocrx_word' id='word_1_348' title='bbox 597 4309 930 4379; x_wconf 88' lang='lat' dir='ltr'><strong>subjectum</strong></span> <span class='ocrx_word' id='word_1_349' title='bbox 967 4311 1024 4363; x_wconf 90' lang='lat' dir='ltr'><strong>et</strong></span> <span class='ocrx_word' id='word_1_350' title='bbox 1051 4313 1400 4379; x_wconf 86' lang='lat' dir='ltr'><strong>argumenta</strong></span> <span class='ocrx_word' id='word_1_351' title='bbox 1429 4323 1555 4376; x_wconf 74' lang='lat' dir='ltr'><strong>qua:</strong></span> <span class='ocrx_word' id='word_1_352' title='bbox 1591 4304 1921 4360; x_wconf 81' lang='lat' dir='ltr'><strong>universam</strong></span> <span class='ocrx_word' id='word_1_353' title='bbox 1953 4303 2052 4358; x_wconf 90' lang='lat' dir='ltr'><strong>di-</strong></span> 
     </span>
    </p>
   </div>
   <div class='ocr_carea' id='block_1_62' title="bbox 406 4393 2052 4467">
    <p class='ocr_par' dir='ltr' id='par_1_62' title="bbox 406 4393 2052 4467">
     <span class='ocr_line' id='line_1_64' title="bbox 406 4393 2052 4467; baseline -0.001 -18"><span class='ocrx_word' id='word_1_354' title='bbox 406 4399 601 4453; x_wconf 67' lang='lat' dir='ltr'><strong>vinam</strong></span> <span class='ocrx_word' id='word_1_355' title='bbox 635 4403 692 4454; x_wconf 89' lang='lat' dir='ltr'><strong>et</strong></span> <span class='ocrx_word' id='word_1_356' title='bbox 722 4397 1078 4453; x_wconf 75' lang='lat' dir='ltr'><strong>illustratum</strong></span> <span class='ocrx_word' id='word_1_357' title='bbox 1112 4396 1504 4467; x_wconf 80' lang='lat' dir='ltr'><strong>cognitionem</strong></span> <span class='ocrx_word' id='word_1_358' title='bbox 1539 4411 1605 4448; x_wconf 89' lang='lat' dir='ltr'><strong>ac</strong></span> <span class='ocrx_word' id='word_1_359' title='bbox 1638 4397 1853 4448; x_wconf 89' lang='lat' dir='ltr'><strong>rectam</strong></span> <span class='ocrx_word' id='word_1_360' title='bbox 1877 4393 2052 4447; x_wconf 79' lang='lat' dir='ltr'><strong>fidem</strong></span> 
     </span>
    </p>
   </div>
   <div class='ocr_carea' id='block_1_63' title="bbox 405 4482 2051 4558">
    <p class='ocr_par' dir='ltr' id='par_1_63' title="bbox 405 4482 2051 4558">
     <span class='ocr_line' id='line_1_65' title="bbox 405 4482 2051 4558; baseline 0.001 -23"><span class='ocrx_word' id='word_1_361' title='bbox 405 4487 877 4558; x_wconf 58' lang='lat' dir='ltr'><strong>complectuntur</strong></span> <span class='ocrx_word' id='word_1_362' title='bbox 902 4486 1104 4553; x_wconf 87' lang='lat' dir='ltr'><strong>;scire,</strong></span> <span class='ocrx_word' id='word_1_363' title='bbox 1139 4485 1434 4554; x_wconf 90' lang='lat' dir='ltr'><strong>quomodo</strong></span> <span class='ocrx_word' id='word_1_364' title='bbox 1458 4501 1574 4537; x_wconf 86' lang='lat' dir='ltr'><strong>una</strong></span> <span class='ocrx_word' id='word_1_365' title='bbox 1599 4482 1794 4537; x_wconf 80' lang='lat' dir='ltr'><strong>divina</strong></span> <span class='ocrx_word' id='word_1_366' title='bbox 1822 4486 2051 4549; x_wconf 86' lang='lat' dir='ltr'><strong>natura,</strong></span> 
     </span>
    </p>
   </div>
   <div class='ocr_carea' id='block_1_64' title="bbox 411 4569 2060 4660">
    <p class='ocr_par' dir='ltr' id='par_1_64' title="bbox 411 4569 2060 4646">
     <span class='ocr_line' id='line_1_66' title="bbox 411 4569 2060 4646; baseline -0.002 -18"><span class='ocrx_word' id='word_1_367' title='bbox 411 4575 763 4630; x_wconf 88' lang='lat' dir='ltr'><strong>recentiores</strong></span> <span class='ocrx_word' id='word_1_368' title='bbox 780 4575 1017 4646; x_wconf 89' lang='lat' dir='ltr'><strong>quidam</strong></span> <span class='ocrx_word' id='word_1_369' title='bbox 1039 4577 1234 4628; x_wconf 86' lang='lat' dir='ltr'><strong>Patres</strong></span> <span class='ocrx_word' id='word_1_370' title='bbox 1251 4569 2060 4646; x_wconf 66' lang='grc' dir='ltr'><strong>ὁμοούσιον,σοηδιιὑιςίιιηιίιιιιιι1</strong></span> 
     </span>
    </p>
   </div>
   <div class='ocr_carea' id='block_1_65' title="bbox 2177 4569 3396 4660">
    <p class='ocr_par' dir='ltr' id='par_1_65' title="bbox 2177 4579 3396 4660">
     <span class='ocr_line' id='line_1_67' title="bbox 2177 4579 3396 4660; baseline -0.004 -22"><span class='ocrx_word' id='word_1_371' title='bbox 2177 4584 2326 4660; x_wconf 84' lang='grc' dir='ltr'>τέρες</span> <span class='ocrx_word' id='word_1_372' title='bbox 2413 4581 2557 4643; x_wconf 78' lang='grc' dir='ltr'>τινὶς</span> <span class='ocrx_word' id='word_1_373' title='bbox 2630 4579 2992 4653; x_wconf 70' lang='grc' dir='ltr'>ὁμοοῦσιονθο</span> <span class='ocrx_word' id='word_1_374' title='bbox 3060 4586 3396 4655; x_wconf 71' lang='grc' dir='ltr'>προσεῖπον·</span> 
     </span>
    </p>
   </div>
   <div class='ocr_carea' id='block_1_66' title="bbox 403 4659 2068 4736">
    <p class='ocr_par' dir='ltr' id='par_1_66' title="bbox 403 4659 2068 4736">
     <span class='ocr_line' id='line_1_68' title="bbox 403 4659 2068 4736; baseline -0.004 -17"><span class='ocrx_word' id='word_1_375' title='bbox 403 4662 816 4736; x_wconf 84' lang='lat' dir='ltr'><strong>appellarunt;</strong></span> <span class='ocrx_word' id='word_1_376' title='bbox 851 4664 1146 4734; x_wconf 90' lang='lat' dir='ltr'><strong>quomodo</strong></span> <span class='ocrx_word' id='word_1_377' title='bbox 1169 4662 1512 4734; x_wconf 84' lang='lat' dir='ltr'><strong>trina.quod</strong></span> <span class='ocrx_word' id='word_1_378' title='bbox 1535 4661 1792 4717; x_wconf 88' lang='lat' dir='ltr'><strong>dicimus</strong></span> <span class='ocrx_word' id='word_1_379' title='bbox 1813 4659 2068 4733; x_wconf 75' lang='grc' dir='ltr'>τρισυπό’</span> 
     </span>
    </p>
   </div>
   <div class='ocr_carea' id='block_1_67' title="bbox 407 4752 2070 4823">
    <p class='ocr_par' dir='ltr' id='par_1_67' title="bbox 407 4752 2070 4823">
     <span class='ocr_line' id='line_1_69' title="bbox 407 4752 2070 4823; baseline 0 -17"><span class='ocrx_word' id='word_1_380' title='bbox 407 4772 596 4806; x_wconf 84' lang='grc' dir='ltr'>στατον</span> <span class='ocrx_word' id='word_1_381' title='bbox 627 4752 798 4808; x_wconf 79' lang='lat' dir='ltr'><strong>trium</strong></span> <span class='ocrx_word' id='word_1_382' title='bbox 828 4752 1345 4817; x_wconf 72' lang='lat' dir='ltr'><strong>subsistentiarum,</strong></span> <span class='ocrx_word' id='word_1_383' title='bbox 1380 4757 1554 4823; x_wconf 84' lang='lat' dir='ltr'><strong>atque</strong></span> <span class='ocrx_word' id='word_1_384' title='bbox 1577 4768 1926 4823; x_wconf 87' lang='lat' dir='ltr'><strong>cognoscere</strong></span> <span class='ocrx_word' id='word_1_385' title='bbox 1945 4753 2070 4822; x_wconf 73' lang='lat' dir='ltr'><strong>per‘</strong></span> 
     </span>
    </p>
   </div>
   <div class='ocr_carea' id='block_1_68' title="bbox 410 4841 2071 4914">
    <p class='ocr_par' dir='ltr' id='par_1_68' title="bbox 410 4841 2071 4914">
     <span class='ocr_line' id='line_1_70' title="bbox 410 4841 2071 4914; baseline -0.001 -16"><span class='ocrx_word' id='word_1_386' title='bbox 410 4860 690 4898; x_wconf 85' lang='lat' dir='ltr'><strong>sonarum</strong></span> <span class='ocrx_word' id='word_1_387' title='bbox 727 4843 1138 4914; x_wconf 86' lang='lat' dir='ltr'><strong>proprietates,</strong></span> <span class='ocrx_word' id='word_1_388' title='bbox 1171 4847 1228 4896; x_wconf 90' lang='lat' dir='ltr'><strong>et</strong></span> <span class='ocrx_word' id='word_1_389' title='bbox 1287 4841 1426 4912; x_wconf 88' lang='lat' dir='ltr'><strong>quid</strong></span> <span class='ocrx_word' id='word_1_390' title='bbox 1474 4841 1830 4912; x_wconf 79' lang='lat' dir='ltr'><strong>signiﬁcent,</strong></span> <span class='ocrx_word' id='word_1_391' title='bbox 1864 4857 2071 4912; x_wconf 88' lang='lat' dir='ltr'><strong>nempe</strong></span> 
     </span>
    </p>
   </div>
   <div class='ocr_carea' id='block_1_69' title="bbox 409 4929 2070 5001">
    <p class='ocr_par' dir='ltr' id='par_1_69' title="bbox 409 4929 2070 5001">
     <span class='ocr_line' id='line_1_71' title="bbox 409 4929 2070 5001; baseline -0.002 -13"><span class='ocrx_word' id='word_1_392' title='bbox 409 4933 700 4988; x_wconf 83' lang='lat' dir='ltr'><strong>rationem</strong></span> <span class='ocrx_word' id='word_1_393' title='bbox 728 4931 938 4999; x_wconf 81' lang='lat' dir='ltr'><strong>Patris,</strong></span> <span class='ocrx_word' id='word_1_394' title='bbox 957 4931 1241 4985; x_wconf 84' lang='lat' dir='ltr'><strong>rationem</strong></span> <span class='ocrx_word' id='word_1_395' title='bbox 1273 4929 1423 5000; x_wconf 84' lang='lat' dir='ltr'><strong>Filii,</strong></span> <span class='ocrx_word' id='word_1_396' title='bbox 1447 4948 1509 4984; x_wconf 92' lang='lat' dir='ltr'><strong>ae</strong></span> <span class='ocrx_word' id='word_1_397' title='bbox 1533 4948 1658 5001; x_wconf 67' lang='lat' dir='ltr'><strong>quae</strong></span> <span class='ocrx_word' id='word_1_398' title='bbox 1675 4930 1751 4984; x_wconf 91' lang='lat' dir='ltr'><strong>sit</strong></span> <span class='ocrx_word' id='word_1_399' title='bbox 1772 4929 2070 4985; x_wconf 78' lang='lat' dir='ltr'><strong>santiiica-</strong></span> 
     </span>
    </p>
   </div>
   <div class='ocr_carea' id='block_1_70' title="bbox 406 5021 2068 5094">
    <p class='ocr_par' dir='ltr' id='par_1_70' title="bbox 406 5021 2068 5094">
     <span class='ocr_line' id='line_1_72' title="bbox 406 5021 2068 5094; baseline -0.001 -15"><span class='ocrx_word' id='word_1_400' title='bbox 406 5025 521 5080; x_wconf 87' lang='lat' dir='ltr'><strong>trix</strong></span> <span class='ocrx_word' id='word_1_401' title='bbox 543 5022 1197 5094; x_wconf 87' lang='lat' dir='ltr'><strong>diviniSpiritusvirtus</strong></span> <span class='ocrx_word' id='word_1_402' title='bbox 1244 5025 1300 5076; x_wconf 91' lang='lat' dir='ltr'><strong>et</strong></span> <span class='ocrx_word' id='word_1_403' title='bbox 1331 5021 1594 5075; x_wconf 91' lang='lat' dir='ltr'><strong>divinum</strong></span> <span class='ocrx_word' id='word_1_404' title='bbox 1629 5038 1863 5090; x_wconf 89' lang='lat' dir='ltr'><strong>nomen,</strong></span> <span class='ocrx_word' id='word_1_405' title='bbox 1897 5026 2068 5093; x_wconf 89' lang='lat' dir='ltr'><strong>atque</strong></span> 
     </span>
    </p>
   </div>
   <div class='ocr_carea' id='block_1_71' title="bbox 409 5113 2070 5184">
    <p class='ocr_par' dir='ltr' id='par_1_71' title="bbox 409 5113 2070 5184">
     <span class='ocr_line' id='line_1_73' title="bbox 409 5113 2070 5184; baseline 0 -16"><span class='ocrx_word' id='word_1_406' title='bbox 409 5113 704 5184; x_wconf 90' lang='lat' dir='ltr'><strong>quomodo</strong></span> <span class='ocrx_word' id='word_1_407' title='bbox 727 5113 959 5168; x_wconf 91' lang='lat' dir='ltr'><strong>dicatur</strong></span> <span class='ocrx_word' id='word_1_408' title='bbox 981 5113 1294 5167; x_wconf 76' lang='lat' dir='ltr'><strong>:Eructavil</strong></span> <span class='ocrx_word' id='word_1_409' title='bbox 1319 5127 1415 5166; x_wconf 88' lang='lat' dir='ltr'><strong>cor</strong></span> <span class='ocrx_word' id='word_1_410' title='bbox 1433 5127 1614 5167; x_wconf 83' lang='lat' dir='ltr'><strong>meum</strong></span> <span class='ocrx_word' id='word_1_411' title='bbox 1630 5113 1854 5168; x_wconf 84' lang='lat' dir='ltr'><strong>verbum</strong></span> <span class='ocrx_word' id='word_1_412' title='bbox 1868 5113 2070 5168; x_wconf 84' lang='lat' dir='ltr'><strong>bonum</strong></span> 
     </span>
    </p>
   </div>
   <div class='ocr_carea' id='block_1_72' title="bbox 405 5200 2066 5274">
    <p class='ocr_par' dir='ltr' id='par_1_72' title="bbox 405 5200 2066 5274">
     <span class='ocr_line' id='line_1_74' title="bbox 405 5200 2066 5274; baseline 0.001 -18"><span class='ocrx_word' id='word_1_413' title='bbox 405 5206 524 5274; x_wconf 80' lang='lat' dir='ltr'><strong>(Ps.</strong></span> <span class='ocrx_word' id='word_1_414' title='bbox 547 5203 781 5272; x_wconf 80' lang='lat' dir='ltr'><strong>xmv,2),</strong></span> <span class='ocrx_word' id='word_1_415' title='bbox 815 5205 872 5257; x_wconf 87' lang='lat' dir='ltr'><strong>et</strong></span> <span class='ocrx_word' id='word_1_416' title='bbox 892 5201 1183 5272; x_wconf 88' lang='lat' dir='ltr'><strong>quomodo</strong></span> <span class='ocrx_word' id='word_1_417' title='bbox 1214 5201 1286 5256; x_wconf 92' lang='lat' dir='ltr'><strong>de</strong></span> <span class='ocrx_word' id='word_1_418' title='bbox 1310 5200 1595 5256; x_wconf 85' lang='lat' dir='ltr'><strong>adorabili</strong></span> <span class='ocrx_word' id='word_1_419' title='bbox 1625 5201 1840 5271; x_wconf 88' lang='lat' dir='ltr'><strong>Spiritu</strong></span> <span class='ocrx_word' id='word_1_420' title='bbox 1865 5206 2066 5258; x_wconf 90' lang='lat' dir='ltr'><strong>sancto</strong></span> 
     </span>
    </p>
   </div>
   <div class='ocr_carea' id='block_1_73' title="bbox 409 5289 2069 5362">
    <p class='ocr_par' dir='ltr' id='par_1_73' title="bbox 409 5289 2069 5362">
     <span class='ocr_line' id='line_1_75' title="bbox 409 5289 2069 5362; baseline 0.002 -18"><span class='ocrx_word' id='word_1_421' title='bbox 409 5289 628 5345; x_wconf 89' lang='lat' dir='ltr'><strong>dicitur</strong></span> <span class='ocrx_word' id='word_1_422' title='bbox 657 5292 755 5361; x_wconf 87' lang='lat' dir='ltr'><strong>qui</strong></span> <span class='ocrx_word' id='word_1_423' title='bbox 782 5307 854 5346; x_wconf 75' lang='lat' dir='ltr'><strong>ea:</strong></span> <span class='ocrx_word' id='word_1_424' title='bbox 877 5292 1041 5346; x_wconf 79' lang='lat' dir='ltr'><strong>Patre</strong></span> <span class='ocrx_word' id='word_1_425' title='bbox 1061 5290 1308 5362; x_wconf 77' lang='lat' dir='ltr'><strong>procedit</strong></span> <span class='ocrx_word' id='word_1_426' title='bbox 1333 5307 1346 5345; x_wconf 91' lang='lat'><strong>:</strong></span> <span class='ocrx_word' id='word_1_427' title='bbox 1371 5290 1731 5359; x_wconf 89' lang='lat' dir='ltr'><strong>etquomodo</strong></span> <span class='ocrx_word' id='word_1_428' title='bbox 1754 5291 1811 5346; x_wconf 89' lang='lat' dir='ltr'><strong>in</strong></span> <span class='ocrx_word' id='word_1_429' title='bbox 1831 5291 2069 5348; x_wconf 88' lang='lat' dir='ltr'><strong>Patreet</strong></span> 
     </span>
    </p>
   </div>
   <div class='ocr_carea' id='block_1_74' title="bbox 409 5377 2064 5451">
    <p class='ocr_par' dir='ltr' id='par_1_74' title="bbox 409 5377 2064 5451">
     <span class='ocr_line' id='line_1_76' title="bbox 409 5377 2064 5451; baseline 0.004 -21"><span class='ocrx_word' id='word_1_430' title='bbox 409 5377 467 5432; x_wconf 90' lang='lat' dir='ltr'><strong>in</strong></span> <span class='ocrx_word' id='word_1_431' title='bbox 501 5377 713 5448; x_wconf 86' lang='lat' dir='ltr'><strong>seipsis</strong></span> <span class='ocrx_word' id='word_1_432' title='bbox 739 5383 796 5435; x_wconf 88' lang='lat' dir='ltr'><strong>et</strong></span> <span class='ocrx_word' id='word_1_433' title='bbox 826 5379 886 5434; x_wconf 91' lang='lat' dir='ltr'><strong>in</strong></span> <span class='ocrx_word' id='word_1_434' title='bbox 921 5395 982 5434; x_wconf 92' lang='lat' dir='ltr'><strong>se</strong></span> <span class='ocrx_word' id='word_1_435' title='bbox 1017 5385 1221 5435; x_wconf 88' lang='lat' dir='ltr'><strong>mutuo</strong></span> <span class='ocrx_word' id='word_1_436' title='bbox 1244 5377 1426 5434; x_wconf 90' lang='lat' dir='ltr'><strong>Filius</strong></span> <span class='ocrx_word' id='word_1_437' title='bbox 1455 5382 1513 5434; x_wconf 91' lang='lat' dir='ltr'><strong>et</strong></span> <span class='ocrx_word' id='word_1_438' title='bbox 1541 5378 1793 5451; x_wconf 88' lang='lat' dir='ltr'><strong>Spiritus</strong></span> <span class='ocrx_word' id='word_1_439' title='bbox 1822 5385 2064 5438; x_wconf 84' lang='lat' dir='ltr'><strong>sanctus</strong></span> 
     </span>
    </p>
   </div>
   <div class='ocr_carea' id='block_1_75' title="bbox 409 5467 2064 5538">
    <p class='ocr_par' dir='ltr' id='par_1_75' title="bbox 409 5467 2064 5538">
     <span class='ocr_line' id='line_1_77' title="bbox 409 5467 2064 5538; baseline 0.005 -17"><span class='ocrx_word' id='word_1_440' title='bbox 409 5470 622 5523; x_wconf 68' lang='lat' dir='ltr'><strong>mterne</strong></span> <span class='ocrx_word' id='word_1_441' title='bbox 651 5471 708 5523; x_wconf 89' lang='lat' dir='ltr'><strong>et</strong></span> <span class='ocrx_word' id='word_1_442' title='bbox 739 5467 1215 5538; x_wconf 85' lang='lat' dir='ltr'><strong>inseparabiliter</strong></span> <span class='ocrx_word' id='word_1_443' title='bbox 1247 5484 1313 5522; x_wconf 89' lang='lat' dir='ltr'><strong>ac</strong></span> <span class='ocrx_word' id='word_1_444' title='bbox 1350 5468 1622 5524; x_wconf 86' lang='lat' dir='ltr'><strong>distincte</strong></span> <span class='ocrx_word' id='word_1_445' title='bbox 1666 5468 1724 5524; x_wconf 89' lang='lat' dir='ltr'><strong>in</strong></span> <span class='ocrx_word' id='word_1_446' title='bbox 1758 5470 2064 5529; x_wconf 87' lang='lat' dir='ltr'><strong>mansione</strong></span> 
     </span>
    </p>
   </div>
   <div class='ocr_carea' id='block_1_76' title="bbox 2173 1903 3842 1984">
    <p class='ocr_par' dir='ltr' id='par_1_76' title="bbox 2173 1903 3842 1984">
     <span class='ocr_line' id='line_1_78' title="bbox 2173 1903 3842 1984; baseline 0.001 -24"><span class='ocrx_word' id='word_1_447' title='bbox 2173 1905 2554 1981; x_wconf 84' lang='grc' dir='ltr'>προκείμενον,</span> <span class='ocrx_word' id='word_1_448' title='bbox 2615 1907 2690 1970; x_wconf 90' lang='grc' dir='ltr'><strong>ὡς</strong></span> <span class='ocrx_word' id='word_1_449' title='bbox 2737 1908 3016 1970; x_wconf 81' lang='grc' dir='ltr'>Διονύσιος</span> <span class='ocrx_word' id='word_1_450' title='bbox 3075 1909 3103 1962; x_wconf 99' lang='lat'><strong>6</strong></span> <span class='ocrx_word' id='word_1_451' title='bbox 3160 1909 3400 1979; x_wconf 79' lang='grc' dir='ltr'>ποιητὴς</span> <span class='ocrx_word' id='word_1_452' title='bbox 3458 1907 3510 1964; x_wconf 74' lang='grc' dir='ltr'>ἰν</span> <span class='ocrx_word' id='word_1_453' title='bbox 3543 1909 3591 1984; x_wconf 87' lang='grc' dir='ltr'><strong>β’</strong></span> <span class='ocrx_word' id='word_1_454' title='bbox 3626 1903 3842 1984; x_wconf 77' lang='grc' dir='ltr'>βιϐλίῳ</span> 
     </span>
    </p>
   </div>
   <div class='ocr_carea' id='block_1_77' title="bbox 2176 2000 2438 2060">
    <p class='ocr_par' dir='ltr' id='par_1_77' title="bbox 2176 2000 2438 2060">
     <span class='ocr_line' id='line_1_79' title="bbox 2176 2000 2438 2060; baseline 0.008 -11"><span class='ocrx_word' id='word_1_455' title='bbox 2176 2000 2438 2060; x_wconf 81' lang='grc' dir='ltr'>Λιθικῶν’</span> 
     </span>
    </p>
   </div>
   <div class='ocr_carea' id='block_1_78' title="bbox 2247 2192 3613 2270">
    <p class='ocr_par' dir='ltr' id='par_1_78' title="bbox 2247 2192 3613 2270">
     <span class='ocr_line' id='line_1_80' title="bbox 2247 2192 3613 2270; baseline -0.001 -18"><span class='ocrx_word' id='word_1_456' title='bbox 2247 2199 2363 2264; x_wconf 83' lang='grc' dir='ltr'><strong>Τῆς</strong></span> <span class='ocrx_word' id='word_1_457' title='bbox 2398 2193 2901 2270; x_wconf 46' lang='grc' dir='ltr'>βαουχλοάοντοςβδ</span> <span class='ocrx_word' id='word_1_458' title='bbox 2934 2192 3205 2270; x_wconf 57' lang='grc' dir='ltr'>ὶπὶσπιδος,</span> <span class='ocrx_word' id='word_1_459' title='bbox 3237 2196 3272 2264; x_wconf 69' lang='grc' dir='ltr'><strong>ἢ</strong></span> <span class='ocrx_word' id='word_1_460' title='bbox 3307 2195 3613 2270; x_wconf 74' lang='grc' dir='ltr'>ἀμεΟύστου</span> 
     </span>
    </p>
   </div>
   <div class='ocr_carea' id='block_1_79' title="bbox 2246 2265 3838 2344">
    <p class='ocr_par' dir='ltr' id='par_1_79' title="bbox 2246 2265 3838 2344">
     <span class='ocr_line' id='line_1_81' title="bbox 2246 2265 3838 2344; baseline 0.001 -24"><span class='ocrx_word' id='word_1_461' title='bbox 2246 2265 2648 2344; x_wconf 68' lang='grc' dir='ltr'>Πορφορόεντος</span> <span class='ocrx_word' id='word_1_462' title='bbox 2736 2266 2959 2342; x_wconf 76' lang='grc' dir='ltr'>ἄγαλμα</span> <span class='ocrx_word' id='word_1_463' title='bbox 3002 2311 3016 2337; x_wconf 90' lang='grc'><strong>,</strong></span> <span class='ocrx_word' id='word_1_464' title='bbox 3114 2265 3554 2344; x_wconf 81' lang='grc' dir='ltr'>μελαγκρατέτης</span> <span class='ocrx_word' id='word_1_465' title='bbox 3644 2268 3838 2322; x_wconf 67' lang='grc' dir='ltr'>ὑακιν-</span> 
     </span>
    </p>
   </div>
   <div class='ocr_carea' id='block_1_80' title="bbox 3556 2341 3754 2413">
    <p class='ocr_par' dir='ltr' id='par_1_80' title="bbox 3556 2341 3754 2413">
     <span class='ocr_line' id='line_1_82' title="bbox 3556 2341 3754 2413; baseline 0.015 -20"><span class='ocrx_word' id='word_1_466' title='bbox 3556 2341 3754 2413; x_wconf 76' lang='grc' dir='ltr'>[Θος²⁹.</span> 
     </span>
    </p>
   </div>
   <div class='ocr_carea' id='block_1_81' title="bbox 2173 2443 3826 2522">
    <p class='ocr_par' dir='ltr' id='par_1_81' title="bbox 2173 2443 3826 2522">
     <span class='ocr_line' id='line_1_83' title="bbox 2173 2443 3826 2522; baseline -0.002 -19"><span class='ocrx_word' id='word_1_467' title='bbox 2173 2451 2347 2503; x_wconf 83' lang='grc' dir='ltr'>Ταῦτα</span> <span class='ocrx_word' id='word_1_468' title='bbox 2387 2446 2486 2522; x_wconf 73' lang='grc' dir='ltr'><strong>γὰρ</strong></span> <span class='ocrx_word' id='word_1_469' title='bbox 2534 2445 2704 2501; x_wconf 71' lang='grc' dir='ltr'>πάντα</span> <span class='ocrx_word' id='word_1_470' title='bbox 2752 2443 2987 2501; x_wconf 82' lang='grc' dir='ltr'>δείκνυσι</span> <span class='ocrx_word' id='word_1_471' title='bbox 3029 2446 3092 2500; x_wconf 83' lang='grc' dir='ltr'>τὸ</span> <span class='ocrx_word' id='word_1_472' title='bbox 3135 2445 3452 2518; x_wconf 70' lang='grc' dir='ltr'>πολυμαοὶς</span> <span class='ocrx_word' id='word_1_473' title='bbox 3506 2449 3608 2502; x_wconf 82' lang='grc' dir='ltr'><strong>τοῦ</strong></span> <span class='ocrx_word' id='word_1_474' title='bbox 3659 2447 3826 2521; x_wconf 80' lang='grc' dir='ltr'>ἁγίου</span> 
     </span>
    </p>
   </div>
   <div class='ocr_carea' id='block_1_82' title="bbox 2173 2533 3386 2610">
    <p class='ocr_par' dir='ltr' id='par_1_82' title="bbox 2173 2533 3386 2610">
     <span class='ocr_line' id='line_1_84' title="bbox 2173 2533 3386 2610; baseline -0.002 -19"><span class='ocrx_word' id='word_1_475' title='bbox 2173 2537 2373 2592; x_wconf 72' lang='grc' dir='ltr'>τούτου</span> <span class='ocrx_word' id='word_1_476' title='bbox 2399 2533 2616 2610; x_wconf 78' lang='grc' dir='ltr'>ἀνδρὸς.</span> <span class='ocrx_word' id='word_1_477' title='bbox 3382 2594 3386 2597; x_wconf 97' lang='lat'><em>_</em></span> 
     </span>
    </p>
   </div>
   <div class='ocr_carea' id='block_1_83' title="bbox 2246 2623 3828 2701">
    <p class='ocr_par' dir='ltr' id='par_1_83' title="bbox 2246 2623 3828 2701">
     <span class='ocr_line' id='line_1_85' title="bbox 2246 2623 3828 2701; baseline -0.003 -19"><span class='ocrx_word' id='word_1_478' title='bbox 2246 2628 2364 2701; x_wconf 84' lang='grc' dir='ltr'>Χρὴ</span> <span class='ocrx_word' id='word_1_479' title='bbox 2425 2623 2518 2696; x_wconf 76' lang='grc' dir='ltr'>δὲ,</span> <span class='ocrx_word' id='word_1_480' title='bbox 2574 2625 2648 2686; x_wconf 86' lang='grc' dir='ltr'>ὡς</span> <span class='ocrx_word' id='word_1_481' title='bbox 2711 2627 2908 2698; x_wconf 80' lang='grc' dir='ltr'>οἶμαι,</span> <span class='ocrx_word' id='word_1_482' title='bbox 2965 2625 3062 2686; x_wconf 69' lang='grc' dir='ltr'><strong>τὰς</strong></span> <span class='ocrx_word' id='word_1_483' title='bbox 3121 2624 3450 2700; x_wconf 63' lang='grc' dir='ltr'>ἀφαιρέσεις.</span> <span class='ocrx_word' id='word_1_484' title='bbox 3510 2625 3588 2680; x_wconf 89' lang='grc' dir='ltr'><strong>Τὸ</strong></span> <span class='ocrx_word' id='word_1_485' title='bbox 3646 2625 3828 2698; x_wconf 84' lang='grc' dir='ltr'>παρὸν</span> 
     </span>
    </p>
   </div>
   <div class='ocr_carea' id='block_1_84' title="bbox 2175 2711 3841 2790">
    <p class='ocr_par' dir='ltr' id='par_1_84' title="bbox 2175 2711 3841 2790">
     <span class='ocr_line' id='line_1_86' title="bbox 2175 2711 3841 2790; baseline -0.002 -21"><span class='ocrx_word' id='word_1_486' title='bbox 2175 2717 2384 2790; x_wconf 84' lang='grc' dir='ltr'>χωρίον</span> <span class='ocrx_word' id='word_1_487' title='bbox 2443 2713 2494 2768; x_wconf 86' lang='grc' dir='ltr'>ἐν</span> <span class='ocrx_word' id='word_1_488' title='bbox 2544 2718 2660 2775; x_wconf 87' lang='grc' dir='ltr'>τοῖς</span> <span class='ocrx_word' id='word_1_489' title='bbox 2694 2713 2816 2784; x_wconf 72' lang='grc' dir='ltr'>ἑξῆς</span> <span class='ocrx_word' id='word_1_490' title='bbox 2871 2711 3029 2774; x_wconf 77' lang='grc' dir='ltr'>αὐτὸς</span> <span class='ocrx_word' id='word_1_491' title='bbox 3077 2713 3104 2767; x_wconf 88' lang='lat'><strong>6</strong></span> <span class='ocrx_word' id='word_1_492' title='bbox 3166 2717 3352 2787; x_wconf 74' lang='grc' dir='ltr'>Πατήρ</span> <span class='ocrx_word' id='word_1_493' title='bbox 3385 2711 3691 2789; x_wconf 71' lang='grc' dir='ltr'>σαφηνίζει.</span> <span class='ocrx_word' id='word_1_494' title='bbox 3728 2713 3841 2767; x_wconf 80' lang='grc' dir='ltr'>Θέ-</span> 
     </span>
    </p>
   </div>
   <div class='ocr_carea' id='block_1_85' title="bbox 2175 2799 3837 2876">
    <p class='ocr_par' dir='ltr' id='par_1_85' title="bbox 2175 2799 3837 2876">
     <span class='ocr_line' id='line_1_87' title="bbox 2175 2799 3837 2876; baseline -0.002 -18"><span class='ocrx_word' id='word_1_495' title='bbox 2175 2825 2284 2868; x_wconf 89' lang='grc' dir='ltr'>σεις</span> <span class='ocrx_word' id='word_1_496' title='bbox 2343 2805 2436 2876; x_wconf 75' lang='grc' dir='ltr'>μὶν</span> <span class='ocrx_word' id='word_1_497' title='bbox 2501 2801 2592 2858; x_wconf 85' lang='grc' dir='ltr'><strong>οῦν</strong></span> <span class='ocrx_word' id='word_1_498' title='bbox 2652 2801 2806 2870; x_wconf 82' lang='grc' dir='ltr'>εἰσιν,</span> <span class='ocrx_word' id='word_1_499' title='bbox 2855 2800 2953 2856; x_wconf 77' lang='grc' dir='ltr'>ὅσα</span> <span class='ocrx_word' id='word_1_500' title='bbox 3000 2801 3215 2862; x_wconf 80' lang='grc' dir='ltr'>οἰκείως</span> <span class='ocrx_word' id='word_1_501' title='bbox 3263 2799 3351 2855; x_wconf 81' lang='grc' dir='ltr'><strong>ἐπὶ</strong></span> <span class='ocrx_word' id='word_1_502' title='bbox 3397 2805 3531 2855; x_wconf 91' lang='grc' dir='ltr'>Θεοῦ</span> <span class='ocrx_word' id='word_1_503' title='bbox 3584 2800 3837 2875; x_wconf 87' lang='grc' dir='ltr'>λέγεται,</span> 
     </span>
    </p>
   </div>
   <div class='ocr_carea' id='block_1_86' title="bbox 2174 2889 3834 2967">
    <p class='ocr_par' dir='ltr' id='par_1_86' title="bbox 2174 2889 3834 2967">
     <span class='ocr_line' id='line_1_88' title="bbox 2174 2889 3834 2967; baseline -0.002 -19"><span class='ocrx_word' id='word_1_504' title='bbox 2174 2894 2280 2965; x_wconf 82' lang='grc' dir='ltr'>[ὅτι</span> <span class='ocrx_word' id='word_1_505' title='bbox 2339 2890 2503 2964; x_wconf 77' lang='grc' dir='ltr'>έστίν]</span> <span class='ocrx_word' id='word_1_506' title='bbox 2559 2892 2671 2946; x_wconf 73' lang='grc' dir='ltr'>οἷον</span> <span class='ocrx_word' id='word_1_507' title='bbox 2725 2891 2786 2945; x_wconf 85' lang='grc' dir='ltr'>τὸ</span> <span class='ocrx_word' id='word_1_508' title='bbox 2842 2889 2939 2962; x_wconf 81' lang='grc' dir='ltr'>ὢν,</span> <span class='ocrx_word' id='word_1_509' title='bbox 2991 2891 3053 2945; x_wconf 87' lang='grc' dir='ltr'>τὸ</span> <span class='ocrx_word' id='word_1_510' title='bbox 3109 2891 3246 2959; x_wconf 71' lang='grc' dir='ltr'>ζωὴ,</span> <span class='ocrx_word' id='word_1_511' title='bbox 3303 2890 3365 2944; x_wconf 85' lang='grc' dir='ltr'><strong>τὸ</strong></span> <span class='ocrx_word' id='word_1_512' title='bbox 3425 2893 3560 2967; x_wconf 70' lang='grc' dir='ltr'>φῶς,</span> <span class='ocrx_word' id='word_1_513' title='bbox 3609 2891 3699 2944; x_wconf 82' lang='grc' dir='ltr'><strong>καὶ</strong></span> <span class='ocrx_word' id='word_1_514' title='bbox 3760 2891 3834 2945; x_wconf 75' lang='grc' dir='ltr'><strong>τὰ</strong></span> 
     </span>
    </p>
   </div>
   <div class='ocr_carea' id='block_1_87' title="bbox 2175 2976 3833 3056">
    <p class='ocr_par' dir='ltr' id='par_1_87' title="bbox 2175 2976 3833 3056">
     <span class='ocr_line' id='line_1_89' title="bbox 2175 2976 3833 3056; baseline -0.001 -21"><span class='ocrx_word' id='word_1_515' title='bbox 2175 2978 2339 3036; x_wconf 79' lang='grc' dir='ltr'>ἄλλα·</span> <span class='ocrx_word' id='word_1_516' title='bbox 2405 2981 2711 3056; x_wconf 70' lang='grc' dir='ltr'>ἀφαιρέσεις</span> <span class='ocrx_word' id='word_1_517' title='bbox 2771 2976 2847 3048; x_wconf 75' lang='grc' dir='ltr'>δὲ,</span> <span class='ocrx_word' id='word_1_518' title='bbox 2910 2977 3008 3034; x_wconf 78' lang='grc' dir='ltr'><strong>ὅσα</strong></span> <span class='ocrx_word' id='word_1_519' title='bbox 3068 2979 3142 3040; x_wconf 89' lang='grc' dir='ltr'>ὡς</span> <span class='ocrx_word' id='word_1_520' title='bbox 3203 2977 3472 3054; x_wconf 85' lang='grc' dir='ltr'>ἀλλότρια</span> <span class='ocrx_word' id='word_1_521' title='bbox 3497 2983 3632 3033; x_wconf 90' lang='grc' dir='ltr'>Θεοῦ</span> <span class='ocrx_word' id='word_1_522' title='bbox 3687 2980 3833 3034; x_wconf 73' lang='grc' dir='ltr'>ἀπο-</span> 
     </span>
    </p>
   </div>
   <div class='ocr_carea' id='block_1_88' title="bbox 2174 3066 3838 3148">
    <p class='ocr_par' dir='ltr' id='par_1_88' title="bbox 2174 3066 3838 3148">
     <span class='ocr_line' id='line_1_90' title="bbox 2174 3066 3838 3148; baseline -0.004 -24"><span class='ocrx_word' id='word_1_523' title='bbox 2174 3067 2450 3148; x_wconf 69' lang='grc' dir='ltr'>φάσκεταιο</span> <span class='ocrx_word' id='word_1_524' title='bbox 2514 3071 2633 3122; x_wconf 80' lang='grc' dir='ltr'>οἷον</span> <span class='ocrx_word' id='word_1_525' title='bbox 2663 3069 2746 3122; x_wconf 81' lang='grc' dir='ltr'><strong>ὅτι</strong></span> <span class='ocrx_word' id='word_1_526' title='bbox 2806 3068 2866 3122; x_wconf 76' lang='grc' dir='ltr'>οὗ</span> <span class='ocrx_word' id='word_1_527' title='bbox 2899 3072 3061 3141; x_wconf 82' lang='grc' dir='ltr'>σῶμα</span> <span class='ocrx_word' id='word_1_528' title='bbox 3117 3068 3144 3122; x_wconf 89' lang='grc' dir='ltr'>ὀ</span> <span class='ocrx_word' id='word_1_529' title='bbox 3206 3068 3358 3136; x_wconf 84' lang='grc' dir='ltr'>Θεὸς,</span> <span class='ocrx_word' id='word_1_530' title='bbox 3391 3067 3453 3122; x_wconf 80' lang='grc' dir='ltr'>οὐ</span> <span class='ocrx_word' id='word_1_531' title='bbox 3485 3069 3666 3141; x_wconf 75' lang='grc' dir='ltr'>ψυχὴ,</span> <span class='ocrx_word' id='word_1_532' title='bbox 3703 3066 3838 3124; x_wconf 75' lang='grc' dir='ltr'><strong>οὐδέ</strong></span> 
     </span>
    </p>
   </div>
   <div class='ocr_carea' id='block_1_89' title="bbox 2169 3152 3835 3233">
    <p class='ocr_par' dir='ltr' id='par_1_89' title="bbox 2169 3152 3835 3233">
     <span class='ocr_line' id='line_1_91' title="bbox 2169 3152 3835 3233; baseline -0.001 -20"><span class='ocrx_word' id='word_1_533' title='bbox 2169 3179 2222 3214; x_wconf 87' lang='grc' dir='ltr'><strong>τι</strong></span> <span class='ocrx_word' id='word_1_534' title='bbox 2251 3163 2358 3213; x_wconf 83' lang='grc' dir='ltr'><strong>τῶν</strong></span> <span class='ocrx_word' id='word_1_535' title='bbox 2388 3162 2669 3233; x_wconf 81' lang='grc' dir='ltr'>γνωστῶν,</span> <span class='ocrx_word' id='word_1_536' title='bbox 2700 3156 2734 3225; x_wconf 74' lang='grc' dir='ltr'><strong>ἢ</strong></span> <span class='ocrx_word' id='word_1_537' title='bbox 2766 3160 2834 3230; x_wconf 82' lang='grc' dir='ltr'><strong>τῇ</strong></span> <span class='ocrx_word' id='word_1_538' title='bbox 2861 3158 3048 3227; x_wconf 77' lang='grc' dir='ltr'>νοήσει</span> <span class='ocrx_word' id='word_1_539' title='bbox 3084 3152 3524 3212; x_wconf 65' lang='grc' dir='ltr'>ὑποπιπτόντων.</span> <span class='ocrx_word' id='word_1_540' title='bbox 3569 3154 3835 3220; x_wconf 76' lang='grc' dir='ltr'>’Ἄλλωςο</span> 
     </span>
    </p>
   </div>
   <div class='ocr_carea' id='block_1_90' title="bbox 2169 3243 3839 3323">
    <p class='ocr_par' dir='ltr' id='par_1_90' title="bbox 2169 3243 3839 3323">
     <span class='ocr_line' id='line_1_92' title="bbox 2169 3243 3839 3323; baseline -0.002 -19"><span class='ocrx_word' id='word_1_541' title='bbox 2169 3246 2238 3304; x_wconf 89' lang='grc' dir='ltr'>Τί</span> <span class='ocrx_word' id='word_1_542' title='bbox 2268 3246 2369 3302; x_wconf 48' lang='grc' dir='ltr'>εἶ’σι</span> <span class='ocrx_word' id='word_1_543' title='bbox 2403 3259 2572 3311; x_wconf 83' lang='grc' dir='ltr'>θεσεις</span> <span class='ocrx_word' id='word_1_544' title='bbox 2601 3245 2690 3300; x_wconf 78' lang='grc' dir='ltr'><strong>καὶ</strong></span> <span class='ocrx_word' id='word_1_545' title='bbox 2724 3247 2776 3299; x_wconf 75' lang='grc' dir='ltr'>αἱ</span> <span class='ocrx_word' id='word_1_546' title='bbox 2801 3245 3126 3323; x_wconf 69' lang='grc' dir='ltr'>ἀφαιρέσεις,</span> <span class='ocrx_word' id='word_1_547' title='bbox 3154 3243 3205 3298; x_wconf 86' lang='grc' dir='ltr'><strong>έν</strong></span> <span class='ocrx_word' id='word_1_548' title='bbox 3236 3250 3316 3317; x_wconf 80' lang='grc' dir='ltr'>τῷ</span> <span class='ocrx_word' id='word_1_549' title='bbox 3352 3245 3480 3322; x_wconf 77' lang='grc' dir='ltr'>Περὶ</span> <span class='ocrx_word' id='word_1_550' title='bbox 3514 3246 3677 3309; x_wconf 81' lang='grc' dir='ltr'>θείων</span> <span class='ocrx_word' id='word_1_551' title='bbox 3708 3245 3839 3300; x_wconf 82' lang='grc' dir='ltr'>ὀνο-</span> 
     </span>
    </p>
   </div>
   <div class='ocr_carea' id='block_1_91' title="bbox 2171 3331 3142 3412">
    <p class='ocr_par' dir='ltr' id='par_1_91' title="bbox 2171 3331 3142 3412">
     <span class='ocr_line' id='line_1_93' title="bbox 2171 3331 3142 3412; baseline -0.003 -22"><span class='ocrx_word' id='word_1_552' title='bbox 2171 3335 2353 3410; x_wconf 70' lang='grc' dir='ltr'>μάτων</span> <span class='ocrx_word' id='word_1_553' title='bbox 2387 3333 2539 3410; x_wconf 78' lang='grc' dir='ltr'>λόγῳ</span> <span class='ocrx_word' id='word_1_554' title='bbox 2569 3332 2844 3412; x_wconf 64' lang='grc' dir='ltr'>διαφόρως</span> <span class='ocrx_word' id='word_1_555' title='bbox 2875 3331 3142 3408; x_wconf 71' lang='grc' dir='ltr'>ἔγνωμεν.</span> 
     </span>
    </p>
   </div>
   <div class='ocr_carea' id='block_1_92' title="bbox 2235 3519 2711 3577">
    <p class='ocr_par' dir='ltr' id='par_1_92' title="bbox 2235 3519 2711 3577">
     <span class='ocr_line' id='line_1_94' title="bbox 2235 3519 2711 3577; baseline -0.006 -5"><span class='ocrx_word' id='word_1_556' title='bbox 2235 3519 2318 3573; x_wconf 88' lang='grc' dir='ltr'>Ἐν</span> <span class='ocrx_word' id='word_1_557' title='bbox 2393 3521 2521 3570; x_wconf 71' lang='grc' dir='ltr'>πᾶσι</span> <span class='ocrx_word' id='word_1_558' title='bbox 2595 3521 2711 3577; x_wconf 81' lang='grc' dir='ltr'>τοῖς</span> 
     </span>
    </p>
   </div>
   <div class='ocr_carea' id='block_1_93' title="bbox 2157 3601 3841 3684">
    <p class='ocr_par' dir='ltr' id='par_1_93' title="bbox 2157 3601 3841 3684">
     <span class='ocr_line' id='line_1_95' title="bbox 2157 3601 3841 3684; baseline -0.001 -25"><span class='ocrx_word' id='word_1_559' title='bbox 2157 3605 2311 3684; x_wconf 70' lang='grc' dir='ltr'>φησὶ,</span> <span class='ocrx_word' id='word_1_560' title='bbox 2343 3604 2404 3658; x_wconf 83' lang='grc' dir='ltr'>τὸ</span> <span class='ocrx_word' id='word_1_561' title='bbox 2433 3605 2558 3680; x_wconf 78' lang='grc' dir='ltr'>περὶ</span> <span class='ocrx_word' id='word_1_562' title='bbox 2590 3608 2724 3658; x_wconf 83' lang='grc' dir='ltr'>Θεοῦ</span> <span class='ocrx_word' id='word_1_563' title='bbox 2775 3601 3046 3679; x_wconf 76' lang='grc' dir='ltr'>ἄγνωστον</span> <span class='ocrx_word' id='word_1_564' title='bbox 3101 3602 3198 3656; x_wconf 76' lang='grc' dir='ltr'>οῦκ</span> <span class='ocrx_word' id='word_1_565' title='bbox 3257 3602 3688 3674; x_wconf 64' lang='grc' dir='ltr'>ἐκκαλύπτοδσι,</span> <span class='ocrx_word' id='word_1_566' title='bbox 3745 3605 3841 3658; x_wconf 78' lang='grc' dir='ltr'><strong>καὶ</strong></span> 
     </span>
    </p>
   </div>
   <div class='ocr_carea' id='block_1_94' title="bbox 2158 3689 3840 3772">
    <p class='ocr_par' dir='ltr' id='par_1_94' title="bbox 2158 3689 3840 3772">
     <span class='ocr_line' id='line_1_96' title="bbox 2158 3689 3840 3772; baseline -0.002 -23"><span class='ocrx_word' id='word_1_567' title='bbox 2158 3695 2233 3758; x_wconf 80' lang='grc' dir='ltr'>εἷς</span> <span class='ocrx_word' id='word_1_568' title='bbox 2283 3695 2582 3772; x_wconf 69' lang='grc' dir='ltr'>φανέρωσιν</span> <span class='ocrx_word' id='word_1_569' title='bbox 2633 3695 2874 3769; x_wconf 76' lang='grc' dir='ltr'>ἄγουσιν·</span> <span class='ocrx_word' id='word_1_570' title='bbox 2927 3691 3077 3747; x_wconf 84' lang='grc' dir='ltr'><strong>ἀλλά</strong></span> <span class='ocrx_word' id='word_1_571' title='bbox 3132 3689 3346 3765; x_wconf 72' lang='grc' dir='ltr'>μᾶλλον</span> <span class='ocrx_word' id='word_1_572' title='bbox 3380 3690 3840 3768; x_wconf 74' lang='grc' dir='ltr'>συγκαλύπτουσι</span> 
     </span>
    </p>
   </div>
   <div class='ocr_carea' id='block_1_95' title="bbox 2154 3778 3844 3859">
    <p class='ocr_par' dir='ltr' id='par_1_95' title="bbox 2154 3778 3844 3859">
     <span class='ocr_line' id='line_1_97' title="bbox 2154 3778 3844 3859; baseline -0.002 -21"><span class='ocrx_word' id='word_1_573' title='bbox 2154 3783 2246 3839; x_wconf 80' lang='grc' dir='ltr'>καὶ</span> <span class='ocrx_word' id='word_1_574' title='bbox 2277 3781 2705 3857; x_wconf 69' lang='grc' dir='ltr'>ἀποκρῦπτουσι.</span> <span class='ocrx_word' id='word_1_575' title='bbox 2741 3781 2819 3838; x_wconf 83' lang='grc' dir='ltr'>Τὸ</span> <span class='ocrx_word' id='word_1_576' title='bbox 2852 3778 2908 3835; x_wconf 73' lang='grc' dir='ltr'>δὶ</span> <span class='ocrx_word' id='word_1_577' title='bbox 2939 3779 2992 3834; x_wconf 86' lang='grc' dir='ltr'><strong>έν</strong></span> <span class='ocrx_word' id='word_1_578' title='bbox 3021 3785 3137 3842; x_wconf 85' lang='grc' dir='ltr'>τοῖς</span> <span class='ocrx_word' id='word_1_579' title='bbox 3167 3782 3281 3835; x_wconf 68' lang='grc' dir='ltr'>οὖσι</span> <span class='ocrx_word' id='word_1_580' title='bbox 3314 3785 3431 3859; x_wconf 71' lang='grc' dir='ltr'><strong>φῶς</strong></span> <span class='ocrx_word' id='word_1_581' title='bbox 3476 3779 3844 3848; x_wconf 68' lang='grc' dir='ltr'>ὑποληπτέον</span> 
     </span>
    </p>
   </div>
   <div class='ocr_carea' id='block_1_96' title="bbox 2153 3867 3841 3948">
    <p class='ocr_par' dir='ltr' id='par_1_96' title="bbox 2153 3867 3841 3948">
     <span class='ocr_line' id='line_1_98' title="bbox 2153 3867 3841 3948; baseline -0.002 -20"><span class='ocrx_word' id='word_1_582' title='bbox 2153 3875 2216 3929; x_wconf 87' lang='grc' dir='ltr'>τὸ</span> <span class='ocrx_word' id='word_1_583' title='bbox 2242 3877 2442 3948; x_wconf 81' lang='grc' dir='ltr'>γνῶναι</span> <span class='ocrx_word' id='word_1_584' title='bbox 2469 3873 2534 3927; x_wconf 63' lang='grc' dir='ltr'><strong>τὰ</strong></span> <span class='ocrx_word' id='word_1_585' title='bbox 2560 3869 2687 3926; x_wconf 68' lang='grc' dir='ltr'>ὄντα</span> <span class='ocrx_word' id='word_1_586' title='bbox 2782 3867 2910 3925; x_wconf 76' lang='grc' dir='ltr'>ὄντι</span> <span class='ocrx_word' id='word_1_587' title='bbox 2943 3869 3076 3938; x_wconf 72' lang='grc' dir='ltr'>ἐστὶ,</span> <span class='ocrx_word' id='word_1_588' title='bbox 3123 3871 3306 3934; x_wconf 69' lang='grc' dir='ltr'>καθὼς</span> <span class='ocrx_word' id='word_1_589' title='bbox 3346 3869 3436 3925; x_wconf 81' lang='grc' dir='ltr'>καὶ</span> <span class='ocrx_word' id='word_1_590' title='bbox 3469 3869 3520 3924; x_wconf 83' lang='grc' dir='ltr'>ἐν</span> <span class='ocrx_word' id='word_1_591' title='bbox 3557 3877 3675 3932; x_wconf 80' lang='grc' dir='ltr'>τοῖς</span> <span class='ocrx_word' id='word_1_592' title='bbox 3711 3871 3841 3941; x_wconf 68' lang='grc' dir='ltr'>ἑξῆς</span> 
     </span>
    </p>
   </div>
   <div class='ocr_carea' id='block_1_97' title="bbox 2792 3509 3840 3589">
    <p class='ocr_par' dir='ltr' id='par_1_97' title="bbox 2792 3509 3840 3589">
     <span class='ocr_line' id='line_1_99' title="bbox 2792 3509 3840 3589; baseline 0.001 -22"><span class='ocrx_word' id='word_1_593' title='bbox 2792 3511 2965 3572; x_wconf 83' lang='grc' dir='ltr'>οῦσιν.</span> <span class='ocrx_word' id='word_1_594' title='bbox 3037 3515 3104 3570; x_wconf 72' lang='lat' dir='ltr'><strong>Ai</strong></span> <span class='ocrx_word' id='word_1_595' title='bbox 3174 3518 3280 3568; x_wconf 79' lang='grc' dir='ltr'>τῶν</span> <span class='ocrx_word' id='word_1_596' title='bbox 3356 3509 3527 3568; x_wconf 81' lang='grc' dir='ltr'>ὅντων</span> <span class='ocrx_word' id='word_1_597' title='bbox 3576 3515 3840 3589; x_wconf 86' lang='grc' dir='ltr'>γνώσεις,</span> 
     </span>
    </p>
   </div>
   <div class='ocr_carea' id='block_1_98' title="bbox 2160 3962 2510 4035">
    <p class='ocr_par' dir='ltr' id='par_1_98' title="bbox 2160 3962 2510 4035">
     <span class='ocr_line' id='line_1_100' title="bbox 2160 3962 2510 4035; baseline -0.003 -18"><span class='ocrx_word' id='word_1_598' title='bbox 2160 3962 2510 4035; x_wconf 83' lang='grc' dir='ltr'>εὑρίσκομεν.</span> 
     </span>
    </p>
   </div>
   <div class='ocr_carea' id='block_1_99' title="bbox 2669 4049 3328 4106">
    <p class='ocr_par' dir='ltr' id='par_1_99' title="bbox 2669 4049 3328 4106">
     <span class='ocr_line' id='line_1_101' title="bbox 2669 4049 3328 4106; baseline 0.002 -1"><span class='ocrx_word' id='word_1_599' title='bbox 2669 4051 2784 4105; x_wconf 86' lang='grc' dir='ltr'><strong>ΕΙΣ</strong></span> <span class='ocrx_word' id='word_1_600' title='bbox 2823 4050 2908 4105; x_wconf 90' lang='grc' dir='ltr'><strong>ΤΟ</strong></span> <span class='ocrx_word' id='word_1_601' title='bbox 2947 4050 3214 4105; x_wconf 71' lang='grc' dir='ltr'><strong>ΚΕΦΑΛ.</strong></span> <span class='ocrx_word' id='word_1_602' title='bbox 3255 4049 3328 4106; x_wconf 91' lang='grc' dir='ltr'><strong>Γ’.</strong></span> 
     </span>
    </p>
   </div>
   <div class='ocr_carea' id='block_1_100' title="bbox 2236 4135 3838 4214">
    <p class='ocr_par' dir='ltr' id='par_1_100' title="bbox 2236 4135 3838 4214">
     <span class='ocr_line' id='line_1_102' title="bbox 2236 4135 3838 4214; baseline -0.001 -21"><span class='ocrx_word' id='word_1_603' title='bbox 2236 4143 2360 4200; x_wconf 81' lang='grc' dir='ltr'><strong>Πῶς</strong></span> <span class='ocrx_word' id='word_1_604' title='bbox 2417 4140 2450 4206; x_wconf 81' lang='grc' dir='ltr'>ἡ</span> <span class='ocrx_word' id='word_1_605' title='bbox 2519 4137 2633 4192; x_wconf 77' lang='grc' dir='ltr'>Οεία</span> <span class='ocrx_word' id='word_1_606' title='bbox 2701 4136 2792 4190; x_wconf 79' lang='grc' dir='ltr'>καὶ</span> <span class='ocrx_word' id='word_1_607' title='bbox 2873 4135 3051 4210; x_wconf 76' lang='grc' dir='ltr'>ἀγαθὴ</span> <span class='ocrx_word' id='word_1_608' title='bbox 3125 4136 3302 4214; x_wconf 68' lang='grc' dir='ltr'>φύσις.</span> <span class='ocrx_word' id='word_1_609' title='bbox 3361 4136 3429 4193; x_wconf 83' lang='grc' dir='ltr'>Τί</span> <span class='ocrx_word' id='word_1_610' title='bbox 3495 4135 3745 4212; x_wconf 77' lang='grc' dir='ltr'>περιέχει</span> <span class='ocrx_word' id='word_1_611' title='bbox 3807 4139 3838 4192; x_wconf 89' lang='lat'><strong>6</strong></span> 
     </span>
    </p>
   </div>
   <div class='ocr_carea' id='block_1_101' title="bbox 2163 4222 3839 4302">
    <p class='ocr_par' dir='ltr' id='par_1_101' title="bbox 2163 4222 3839 4302">
     <span class='ocr_line' id='line_1_103' title="bbox 2163 4222 3839 4302; baseline -0.002 -19"><span class='ocrx_word' id='word_1_612' title='bbox 2163 4227 2331 4302; x_wconf 78' lang='grc' dir='ltr'>λόγος</span> <span class='ocrx_word' id='word_1_613' title='bbox 2387 4231 2497 4280; x_wconf 81' lang='grc' dir='ltr'>τῶν</span> <span class='ocrx_word' id='word_1_614' title='bbox 2555 4223 2894 4300; x_wconf 80' lang='grc' dir='ltr'>Θεολογικῶν</span> <span class='ocrx_word' id='word_1_615' title='bbox 2961 4226 3384 4282; x_wconf 80' lang='grc' dir='ltr'>ὑποτυπώσεων.</span> <span class='ocrx_word' id='word_1_616' title='bbox 3441 4222 3584 4280; x_wconf 80' lang='grc' dir='ltr'>Ἰδοὺ</span> <span class='ocrx_word' id='word_1_617' title='bbox 3638 4224 3839 4279; x_wconf 80' lang='grc' dir='ltr'>θεολο-</span> 
     </span>
    </p>
   </div>
   <div class='ocr_carea' id='block_1_102' title="bbox 2160 4312 3839 4393">
    <p class='ocr_par' dir='ltr' id='par_1_102' title="bbox 2160 4312 3839 4393">
     <span class='ocr_line' id='line_1_104' title="bbox 2160 4312 3839 4393; baseline -0.002 -21"><span class='ocrx_word' id='word_1_618' title='bbox 2160 4318 2282 4393; x_wconf 88' lang='grc' dir='ltr'>γίας</span> <span class='ocrx_word' id='word_1_619' title='bbox 2347 4317 2619 4385; x_wconf 80' lang='grc' dir='ltr'>ὑποθῆκαι</span> <span class='ocrx_word' id='word_1_620' title='bbox 2676 4315 2768 4369; x_wconf 79' lang='grc' dir='ltr'>καὶ</span> <span class='ocrx_word' id='word_1_621' title='bbox 2828 4313 3100 4391; x_wconf 68' lang='grc' dir='ltr'>ἀνρορμαὶ,</span> <span class='ocrx_word' id='word_1_622' title='bbox 3153 4314 3330 4385; x_wconf 78' lang='grc' dir='ltr'>πάσης</span> <span class='ocrx_word' id='word_1_623' title='bbox 3389 4312 3647 4388; x_wconf 84' lang='grc' dir='ltr'>ἐχόμεναι</span> <span class='ocrx_word' id='word_1_624' title='bbox 3682 4315 3839 4378; x_wconf 82' lang='grc' dir='ltr'>θείας</span> 
     </span>
    </p>
   </div>
   <div class='ocr_carea' id='block_1_103' title="bbox 2163 4401 3840 4482">
    <p class='ocr_par' dir='ltr' id='par_1_103' title="bbox 2163 4401 3840 4482">
     <span class='ocr_line' id='line_1_105' title="bbox 2163 4401 3840 4482; baseline -0.002 -22"><span class='ocrx_word' id='word_1_625' title='bbox 2163 4405 2252 4460; x_wconf 80' lang='grc' dir='ltr'>καὶ</span> <span class='ocrx_word' id='word_1_626' title='bbox 2314 4403 2730 4482; x_wconf 66' lang='grc' dir='ltr'>πεφωτισμένης</span> <span class='ocrx_word' id='word_1_627' title='bbox 2774 4403 3030 4476; x_wconf 86' lang='grc' dir='ltr'>γνώσεως</span> <span class='ocrx_word' id='word_1_628' title='bbox 3078 4402 3164 4457; x_wconf 73' lang='grc' dir='ltr'>καὶ</span> <span class='ocrx_word' id='word_1_629' title='bbox 3227 4401 3560 4478; x_wconf 77' lang='grc' dir='ltr'>ὀρΟοδοξίας·</span> <span class='ocrx_word' id='word_1_630' title='bbox 3630 4404 3691 4458; x_wconf 86' lang='grc' dir='ltr'>τὸ</span> <span class='ocrx_word' id='word_1_631' title='bbox 3758 4405 3840 4457; x_wconf 75' lang='grc' dir='ltr'>εί-</span> 
     </span>
    </p>
   </div>
   <div class='ocr_carea' id='block_1_104' title="bbox 2165 4489 3836 4568">
    <p class='ocr_par' dir='ltr' id='par_1_104' title="bbox 2165 4489 3836 4568">
     <span class='ocr_line' id='line_1_106' title="bbox 2165 4489 3836 4568; baseline -0.001 -20"><span class='ocrx_word' id='word_1_632' title='bbox 2165 4493 2334 4564; x_wconf 85' lang='grc' dir='ltr'>δέναι,</span> <span class='ocrx_word' id='word_1_633' title='bbox 2388 4497 2502 4554; x_wconf 79' lang='grc' dir='ltr'><strong>πῶς</strong></span> <span class='ocrx_word' id='word_1_634' title='bbox 2561 4494 2711 4560; x_wconf 77' lang='grc' dir='ltr'>ένικὴ</span> <span class='ocrx_word' id='word_1_635' title='bbox 2773 4495 2807 4561; x_wconf 82' lang='grc' dir='ltr'>ἡ</span> <span class='ocrx_word' id='word_1_636' title='bbox 2871 4493 2987 4546; x_wconf 84' lang='grc' dir='ltr'>Οεία</span> <span class='ocrx_word' id='word_1_637' title='bbox 3045 4492 3225 4568; x_wconf 67' lang='grc' dir='ltr'>φύσις,</span> <span class='ocrx_word' id='word_1_638' title='bbox 3287 4493 3338 4546; x_wconf 77' lang='grc' dir='ltr'>οἱ</span> <span class='ocrx_word' id='word_1_639' title='bbox 3397 4489 3652 4566; x_wconf 82' lang='grc' dir='ltr'>νεώτεροι</span> <span class='ocrx_word' id='word_1_640' title='bbox 3723 4499 3836 4546; x_wconf 82' lang='grc' dir='ltr'><strong>Πα-</strong></span> 
     </span>
    </p>
   </div>
   <div class='ocr_carea' id='block_1_105' title="bbox 3479 4585 3840 4655">
    <p class='ocr_par' dir='ltr' id='par_1_105' title="bbox 3479 4585 3840 4655">
     <span class='ocr_line' id='line_1_107' title="bbox 3479 4585 3840 4655; baseline 0.003 -21"><span class='ocrx_word' id='word_1_641' title='bbox 3479 4585 3599 4642; x_wconf 76' lang='grc' dir='ltr'>πῶς</span> <span class='ocrx_word' id='word_1_642' title='bbox 3676 4601 3840 4655; x_wconf 86' lang='grc' dir='ltr'>τρια-</span> 
     </span>
    </p>
   </div>
   <div class='ocr_carea' id='block_1_106' title="bbox 2184 4667 3844 4749">
    <p class='ocr_par' dir='ltr' id='par_1_106' title="bbox 2184 4667 3844 4749">
     <span class='ocr_line' id='line_1_108' title="bbox 2184 4667 3844 4749; baseline -0.002 -21"><span class='ocrx_word' id='word_1_643' title='bbox 2184 4672 2333 4743; x_wconf 83' lang='grc' dir='ltr'>δική,</span> <span class='ocrx_word' id='word_1_644' title='bbox 2391 4672 2420 4725; x_wconf 79' lang='grc' dir='ltr'><strong>’ὀ</strong></span> <span class='ocrx_word' id='word_1_645' title='bbox 2479 4691 2652 4749; x_wconf 67' lang='grc' dir='ltr'>φαμεν</span> <span class='ocrx_word' id='word_1_646' title='bbox 2706 4671 3154 4744; x_wconf 80' lang='grc' dir='ltr'>τρισυπόστατον,</span> <span class='ocrx_word' id='word_1_647' title='bbox 3213 4670 3300 4723; x_wconf 74' lang='grc' dir='ltr'>καὶ</span> <span class='ocrx_word' id='word_1_648' title='bbox 3358 4667 3420 4724; x_wconf 80' lang='grc' dir='ltr'><strong>τὸ</strong></span> <span class='ocrx_word' id='word_1_649' title='bbox 3479 4667 3672 4724; x_wconf 75' lang='grc' dir='ltr'>εἰδέναι</span> <span class='ocrx_word' id='word_1_650' title='bbox 3727 4675 3844 4725; x_wconf 78' lang='grc' dir='ltr'>τῶν</span> 
     </span>
    </p>
   </div>
   <div class='ocr_carea' id='block_1_107' title="bbox 2180 4754 3834 4836">
    <p class='ocr_par' dir='ltr' id='par_1_107' title="bbox 2180 4754 3834 4836">
     <span class='ocr_line' id='line_1_109' title="bbox 2180 4754 3834 4836; baseline -0.002 -20"><span class='ocrx_word' id='word_1_651' title='bbox 2180 4761 2489 4836; x_wconf 84' lang='grc' dir='ltr'>προσώπων</span> <span class='ocrx_word' id='word_1_652' title='bbox 2549 4760 2643 4822; x_wconf 64' lang='grc' dir='ltr'><strong>τὰς</strong></span> <span class='ocrx_word' id='word_1_653' title='bbox 2703 4754 3021 4828; x_wconf 71' lang='grc' dir='ltr'>ἰδιότητας,</span> <span class='ocrx_word' id='word_1_654' title='bbox 3080 4759 3168 4812; x_wconf 79' lang='grc' dir='ltr'><strong>καὶ</strong></span> <span class='ocrx_word' id='word_1_655' title='bbox 3219 4757 3271 4811; x_wconf 87' lang='grc' dir='ltr'><strong>τί</strong></span> <span class='ocrx_word' id='word_1_656' title='bbox 3331 4755 3594 4828; x_wconf 82' lang='grc' dir='ltr'>δηλοῦσιν</span> <span class='ocrx_word' id='word_1_657' title='bbox 3633 4777 3648 4794; x_wconf 82' lang='grc'><strong><em>⁸</em></strong></span> <span class='ocrx_word' id='word_1_658' title='bbox 3711 4761 3834 4813; x_wconf 79' lang='grc' dir='ltr'>οἷον</span> 
     </span>
    </p>
   </div>
   <div class='ocr_carea' id='block_1_108' title="bbox 2179 4846 3837 4923">
    <p class='ocr_par' dir='ltr' id='par_1_108' title="bbox 2179 4846 3837 4923">
     <span class='ocr_line' id='line_1_110' title="bbox 2179 4846 3837 4923; baseline -0.007 -20"><span class='ocrx_word' id='word_1_659' title='bbox 2179 4848 2514 4923; x_wconf 75' lang='grc' dir='ltr'>πατρὸτητα,</span> <span class='ocrx_word' id='word_1_660' title='bbox 2568 4846 2658 4900; x_wconf 79' lang='grc' dir='ltr'><strong>καὶ</strong></span> <span class='ocrx_word' id='word_1_661' title='bbox 2718 4847 2964 4915; x_wconf 67' lang='grc' dir='ltr'>υἳὸτητα·</span> <span class='ocrx_word' id='word_1_662' title='bbox 3026 4846 3114 4900; x_wconf 76' lang='grc' dir='ltr'><strong>καὶ</strong></span> <span class='ocrx_word' id='word_1_663' title='bbox 3157 4846 3237 4906; x_wconf 72' lang='grc' dir='ltr'><strong>τίς</strong></span> <span class='ocrx_word' id='word_1_664' title='bbox 3266 4848 3299 4914; x_wconf 75' lang='grc' dir='ltr'>ἡ</span> <span class='ocrx_word' id='word_1_665' title='bbox 3361 4851 3456 4900; x_wconf 84' lang='grc' dir='ltr'><strong>τοῦ</strong></span> <span class='ocrx_word' id='word_1_666' title='bbox 3487 4847 3633 4908; x_wconf 76' lang='grc' dir='ltr'>θείου</span> <span class='ocrx_word' id='word_1_667' title='bbox 3663 4847 3837 4902; x_wconf 60' lang='grc' dir='ltr'>Πιθεύ-</span> 
     </span>
    </p>
   </div>
   <div class='ocr_carea' id='block_1_109' title="bbox 3569 4937 3842 4999">
    <p class='ocr_par' dir='ltr' id='par_1_109' title="bbox 3569 4937 3842 4999">
     <span class='ocr_line' id='line_1_111' title="bbox 3569 4937 3842 4999; baseline 0 -10"><span class='ocrx_word' id='word_1_668' title='bbox 3569 4937 3660 4989; x_wconf 67' lang='lat' dir='ltr'><strong>xui</strong></span> <span class='ocrx_word' id='word_1_669' title='bbox 3718 4941 3842 4999; x_wconf 79' lang='grc' dir='ltr'><strong>πῶς</strong></span> 
     </span>
    </p>
   </div>
   <div class='ocr_carea' id='block_1_110' title="bbox 2180 5020 3841 5104">
    <p class='ocr_par' dir='ltr' id='par_1_110' title="bbox 2180 5020 3841 5104">
     <span class='ocr_line' id='line_1_112' title="bbox 2180 5020 3841 5104; baseline -0.008 -22"><span class='ocrx_word' id='word_1_670' title='bbox 2180 5028 2390 5104; x_wconf 76' lang='grc' dir='ltr'>εἶ’ρηται</span> <span class='ocrx_word' id='word_1_671' title='bbox 2441 5027 2526 5092; x_wconf 83' lang='grc' dir='ltr'>τὸ,</span> <span class='ocrx_word' id='word_1_672' title='bbox 2586 5022 2902 5100; x_wconf 72' lang='grc' dir='ltr'>έξηρεῦξατο</span> <span class='ocrx_word' id='word_1_673' title='bbox 2958 5025 2992 5091; x_wconf 84' lang='grc' dir='ltr'>ἡ</span> <span class='ocrx_word' id='word_1_674' title='bbox 3054 5020 3248 5096; x_wconf 72' lang='grc' dir='ltr'>καρδία</span> <span class='ocrx_word' id='word_1_675' title='bbox 3309 5045 3418 5095; x_wconf 83' lang='grc' dir='ltr'><strong>μου</strong></span> <span class='ocrx_word' id='word_1_676' title='bbox 3477 5023 3644 5098; x_wconf 73' lang='grc' dir='ltr'>λόγον</span> <span class='ocrx_word' id='word_1_677' title='bbox 3708 5025 3841 5099; x_wconf 71' lang='grc' dir='ltr'>ἀγα-</span> 
     </span>
    </p>
   </div>
   <div class='ocr_carea' id='block_1_111' title="bbox 2179 5112 3838 5188">
    <p class='ocr_par' dir='ltr' id='par_1_111' title="bbox 2179 5112 3838 5188">
     <span class='ocr_line' id='line_1_113' title="bbox 2179 5112 3838 5188; baseline -0.003 -17"><span class='ocrx_word' id='word_1_678' title='bbox 2179 5117 2269 5181; x_wconf 82' lang='grc' dir='ltr'>θόν</span> <span class='ocrx_word' id='word_1_679' title='bbox 2307 5136 2320 5148; x_wconf 92' lang='grc'><strong>·</strong></span> <span class='ocrx_word' id='word_1_680' title='bbox 2396 5113 2487 5169; x_wconf 79' lang='grc' dir='ltr'><strong>καὶ</strong></span> <span class='ocrx_word' id='word_1_681' title='bbox 2563 5117 2684 5175; x_wconf 80' lang='grc' dir='ltr'><strong>πῶς</strong></span> <span class='ocrx_word' id='word_1_682' title='bbox 2760 5112 2886 5188; x_wconf 80' lang='grc' dir='ltr'>περὶ</span> <span class='ocrx_word' id='word_1_683' title='bbox 2929 5115 3027 5166; x_wconf 89' lang='grc' dir='ltr'><strong>τοῦ</strong></span> <span class='ocrx_word' id='word_1_684' title='bbox 3085 5113 3467 5186; x_wconf 72' lang='grc' dir='ltr'>προσκυνητοῦ</span> <span class='ocrx_word' id='word_1_685' title='bbox 3520 5112 3838 5185; x_wconf 74' lang='grc' dir='ltr'>Ηνεῦματος</span> 
     </span>
    </p>
   </div>
   <div class='ocr_carea' id='block_1_112' title="bbox 2178 5199 3840 5281">
    <p class='ocr_par' dir='ltr' id='par_1_112' title="bbox 2178 5199 3840 5281">
     <span class='ocr_line' id='line_1_114' title="bbox 2178 5199 3840 5281; baseline -0.004 -21"><span class='ocrx_word' id='word_1_686' title='bbox 2178 5207 2415 5281; x_wconf 84' lang='grc' dir='ltr'>εἷ’ρηται,</span> <span class='ocrx_word' id='word_1_687' title='bbox 2497 5201 2628 5277; x_wconf 77' lang='grc' dir='ltr'>ὅπερ</span> <span class='ocrx_word' id='word_1_688' title='bbox 2705 5200 2764 5255; x_wconf 83' lang='grc' dir='ltr'>ἐκ</span> <span class='ocrx_word' id='word_1_689' title='bbox 2832 5204 2929 5255; x_wconf 87' lang='grc' dir='ltr'><strong>τοῦ</strong></span> <span class='ocrx_word' id='word_1_690' title='bbox 3004 5201 3213 5274; x_wconf 82' lang='grc' dir='ltr'>Πατρὸς</span> <span class='ocrx_word' id='word_1_691' title='bbox 3288 5199 3660 5274; x_wconf 65' lang='grc' dir='ltr'>ἐκπορεύεται·</span> <span class='ocrx_word' id='word_1_692' title='bbox 3748 5201 3840 5256; x_wconf 82' lang='grc' dir='ltr'><strong>καὶ</strong></span> 
     </span>
    </p>
   </div>
   <div class='ocr_carea' id='block_1_113' title="bbox 2175 5287 3839 5363">
    <p class='ocr_par' dir='ltr' id='par_1_113' title="bbox 2175 5287 3839 5363">
     <span class='ocr_line' id='line_1_115' title="bbox 2175 5287 3839 5363; baseline -0.003 -14"><span class='ocrx_word' id='word_1_693' title='bbox 2175 5298 2292 5356; x_wconf 83' lang='grc' dir='ltr'><strong>πῶς</strong></span> <span class='ocrx_word' id='word_1_694' title='bbox 2344 5291 2396 5347; x_wconf 82' lang='grc' dir='ltr'>ἐν</span> <span class='ocrx_word' id='word_1_695' title='bbox 2441 5295 2520 5362; x_wconf 84' lang='grc' dir='ltr'>τῷ</span> <span class='ocrx_word' id='word_1_696' title='bbox 2568 5287 2766 5363; x_wconf 63' lang='lat' dir='ltr'><strong>Ila-cpi,</strong></span> <span class='ocrx_word' id='word_1_697' title='bbox 2816 5292 2905 5344; x_wconf 82' lang='lat' dir='ltr'><strong>xui</strong></span> <span class='ocrx_word' id='word_1_698' title='bbox 2939 5287 2992 5342; x_wconf 85' lang='grc' dir='ltr'><strong>έν</strong></span> <span class='ocrx_word' id='word_1_699' title='bbox 3042 5288 3249 5358; x_wconf 77' lang='grc' dir='ltr'>αὐτοῖς,</span> <span class='ocrx_word' id='word_1_700' title='bbox 3305 5289 3394 5344; x_wconf 81' lang='grc' dir='ltr'>καὶ</span> <span class='ocrx_word' id='word_1_701' title='bbox 3428 5288 3478 5343; x_wconf 83' lang='grc' dir='ltr'>ἐν</span> <span class='ocrx_word' id='word_1_702' title='bbox 3534 5288 3839 5360; x_wconf 69' lang='grc' dir='ltr'>ἀλλήλοις,</span> 
     </span>
    </p>
   </div>
   <div class='ocr_carea' id='block_1_114' title="bbox 2174 5374 3838 5453">
    <p class='ocr_par' dir='ltr' id='par_1_114' title="bbox 2174 5374 3838 5453">
     <span class='ocr_line' id='line_1_116' title="bbox 2174 5374 3838 5453; baseline -0.005 -13"><span class='ocrx_word' id='word_1_703' title='bbox 2174 5387 2202 5440; x_wconf 90' lang='lat'><strong>6</strong></span> <span class='ocrx_word' id='word_1_704' title='bbox 2254 5385 2399 5452; x_wconf 72' lang='grc' dir='ltr'>Υἱὸς,</span> <span class='ocrx_word' id='word_1_705' title='bbox 2448 5381 2538 5436; x_wconf 83' lang='lat' dir='ltr'><strong>xui.</strong></span> <span class='ocrx_word' id='word_1_706' title='bbox 2595 5380 2656 5433; x_wconf 88' lang='grc' dir='ltr'>τὸ</span> <span class='ocrx_word' id='word_1_707' title='bbox 2711 5382 2925 5452; x_wconf 83' lang='grc' dir='ltr'>Πνεῦμα</span> <span class='ocrx_word' id='word_1_708' title='bbox 2957 5374 3247 5442; x_wconf 78' lang='grc' dir='ltr'>συναϊδίως</span> <span class='ocrx_word' id='word_1_709' title='bbox 3293 5377 3382 5432; x_wconf 85' lang='grc' dir='ltr'><strong>καὶ</strong></span> <span class='ocrx_word' id='word_1_710' title='bbox 3436 5379 3716 5453; x_wconf 80' lang='grc' dir='ltr'>ἀσχίστως</span> <span class='ocrx_word' id='word_1_711' title='bbox 3746 5380 3838 5434; x_wconf 81' lang='grc' dir='ltr'>καὶ</span> 
     </span>
    </p>
   </div>
   <div class='ocr_carea' id='block_1_115' title="bbox 2173 5463 3836 5546">
    <p class='ocr_par' dir='ltr' id='par_1_115' title="bbox 2173 5463 3836 5546">
     <span class='ocr_line' id='line_1_117' title="bbox 2173 5463 3836 5546; baseline -0.004 -18"><span class='ocrx_word' id='word_1_712' title='bbox 2173 5471 2494 5546; x_wconf 80' lang='grc' dir='ltr'>ἀδιαιρέτως</span> <span class='ocrx_word' id='word_1_713' title='bbox 2528 5467 2580 5522; x_wconf 83' lang='grc' dir='ltr'>ἐν</span> <span class='ocrx_word' id='word_1_714' title='bbox 2614 5471 2756 5540; x_wconf 80' lang='grc' dir='ltr'>μονῇ</span> <span class='ocrx_word' id='word_1_715' title='bbox 2784 5466 2915 5521; x_wconf 78' lang='grc' dir='ltr'>εἰσιν</span> <span class='ocrx_word' id='word_1_716' title='bbox 2947 5466 3342 5544; x_wconf 73' lang='grc' dir='ltr'>ἀνεκφοιτήτῳ.</span> <span class='ocrx_word' id='word_1_717' title='bbox 3407 5471 3498 5521; x_wconf 86' lang='grc' dir='ltr'>Δεῖ</span> <span class='ocrx_word' id='word_1_718' title='bbox 3528 5463 3586 5521; x_wconf 74' lang='grc' dir='ltr'>δὲ</span> <span class='ocrx_word' id='word_1_719' title='bbox 3613 5465 3836 5536; x_wconf 71' lang='grc' dir='ltr'>εἰδέναι,</span> 
     </span>
    </p>
   </div>
   <div class='ocr_carea' id='block_1_116' title="bbox 2184 4932 3497 5012">
    <p class='ocr_par' dir='ltr' id='par_1_116' title="bbox 2184 4932 3497 5012">
     <span class='ocr_line' id='line_1_118' title="bbox 2184 4932 3497 5012; baseline -0.005 -19"><span class='ocrx_word' id='word_1_720' title='bbox 2184 4959 2351 5012; x_wconf 88' lang='grc' dir='ltr'>ματος</span> <span class='ocrx_word' id='word_1_721' title='bbox 2426 4937 2713 5011; x_wconf 79' lang='grc' dir='ltr'>ἀγιαστικὴ</span> <span class='ocrx_word' id='word_1_722' title='bbox 2772 4932 3001 5008; x_wconf 70' lang='grc' dir='ltr'>δύναμις</span> <span class='ocrx_word' id='word_1_723' title='bbox 3058 4935 3144 4988; x_wconf 71' lang='grc' dir='ltr'>καῖ</span> <span class='ocrx_word' id='word_1_724' title='bbox 3198 4935 3453 5009; x_wconf 78' lang='grc' dir='ltr'>θεολογία</span> <span class='ocrx_word' id='word_1_725' title='bbox 3487 4955 3497 4965; x_wconf 94' lang='grc'>·</span> 
     </span>
    </p>
   </div>
   <div class='ocr_carea' id='block_1_117' title="bbox 1425 5575 2816 5637">
    <p class='ocr_par' dir='ltr' id='par_1_117' title="bbox 1425 5575 2816 5637">
     <span class='ocr_line' id='line_1_119' title="bbox 1425 5575 2816 5637; baseline 0.004 -11"><span class='ocrx_word' id='word_1_726' title='bbox 1425 5575 1667 5631; x_wconf 66' lang='lat' dir='ltr'><strong>VARI/‘15</strong></span> <span class='ocrx_word' id='word_1_727' title='bbox 1707 5577 2103 5637; x_wconf 83' lang='lat' dir='ltr'><strong>LECTIONES</strong></span> <span class='ocrx_word' id='word_1_728' title='bbox 2141 5583 2234 5637; x_wconf 89' lang='lat' dir='ltr'><strong>ET</strong></span> <span class='ocrx_word' id='word_1_729' title='bbox 2273 5575 2816 5636; x_wconf 80' lang='lat' dir='ltr'><strong>CORRECTIONES</strong></span> 
     </span>
    </p>
   </div>
   <div class='ocr_carea' id='block_1_118' title="bbox 483 5659 882 5730">
    <p class='ocr_par' dir='ltr' id='par_1_118' title="bbox 483 5659 882 5730">
     <span class='ocr_line' id='line_1_120' title="bbox 483 5659 882 5730; baseline 0 -14"><span class='ocrx_word' id='word_1_730' title='bbox 483 5665 525 5698; x_wconf 79' lang='grc'><strong>²⁷</strong></span> <span class='ocrx_word' id='word_1_731' title='bbox 563 5659 776 5730; x_wconf 77' lang='grc' dir='ltr'>ζωίδιόν</span> <span class='ocrx_word' id='word_1_732' title='bbox 809 5683 882 5716; x_wconf 92' lang='grc' dir='ltr'>τι.</span> 
     </span>
    </p>
   </div>
   <div class='ocr_carea' id='block_1_119' title="bbox 963 5660 3396 5740">
    <p class='ocr_par' dir='ltr' id='par_1_119' title="bbox 963 5660 3396 5740">
     <span class='ocr_line' id='line_1_121' title="bbox 963 5660 3396 5740; baseline 0.002 -25"><span class='ocrx_word' id='word_1_733' title='bbox 963 5665 1007 5697; x_wconf 66' lang='grc'><strong>2⁵</strong></span> <span class='ocrx_word' id='word_1_734' title='bbox 1047 5660 1518 5737; x_wconf 68' lang='grc' dir='ltr'>βαθυχλοαοῦσης·</span> <span class='ocrx_word' id='word_1_735' title='bbox 1596 5667 1640 5700; x_wconf 78' lang='grc'>²⁹</span> <span class='ocrx_word' id='word_1_736' title='bbox 1669 5663 2047 5740; x_wconf 75' lang='grc' dir='ltr'>μελαγκρατής</span> <span class='ocrx_word' id='word_1_737' title='bbox 2077 5691 2134 5725; x_wconf 88' lang='grc' dir='ltr'><strong>τε</strong></span> <span class='ocrx_word' id='word_1_738' title='bbox 2165 5670 2283 5724; x_wconf 80' lang='grc' dir='ltr'>υάκ.</span> <span class='ocrx_word' id='word_1_739' title='bbox 2359 5671 2405 5704; x_wconf 85' lang='grc' dir='ltr'><strong>³ο</strong></span> <span class='ocrx_word' id='word_1_740' title='bbox 2434 5665 2737 5740; x_wconf 84' lang='grc' dir='ltr'>τριακόσιοι</span> <span class='ocrx_word' id='word_1_741' title='bbox 2773 5661 3046 5719; x_wconf 88' lang='grc' dir='ltr'>δεκαοκτὼ</span> <span class='ocrx_word' id='word_1_742' title='bbox 3081 5664 3396 5736; x_wconf 68' lang='grc' dir='ltr'>ὁμοοῦσιον.</span> 
     </span>
    </p>
   </div>
  </div>
