4062 6366
216 425 321 480 425

940 425 998 478 8.
1039 421 1313 478 MAXIM!
1351 422 1660 476 SCHOLIA
1696 422 1770 475 IN
1809 421 1944 473 LIB.
1985 421 2081 473 DE
2121 421 2433 475 MYSTICA
2469 421 2902 476 THEOLOGIA.

3521 424 3629 477 426

218 545 297 599 ὅτι
333 545 477 616 μονὴ
527 543 616 597 καὶ
650 543 834 606 στάσις
878 543 1071 596 ταυτὸν
1124 541 1225 596 εἶσι
1260 561 1272 574 ·
1306 540 1520 610 κίνησις
1578 537 1635 595 δὲ
1683 535 1863 615 ἕτερόν

2001 541 2110 596 sine
2161 557 2421 613 egressu.
2471 541 2784 597 Sciendum
2833 559 2964 597 vero
3024 547 3131 610 est,
3167 544 3322 615 quod
3383 545 3521 615 μονή
3573 551 3631 602 et

219 633 327 688 έστι
359 640 460 701 τῆς
496 639 688 704 μονῆς.
724 631 896 701 Φησὶν
930 629 1022 684 οῦν
1056 629 1160 701 ὅτι,
1193 629 1285 685 καὶ
1332 629 1383 684 ἐν
1440 632 1580 702 μονῇ
1633 629 1873 699 ἀκινήτῳ

221 720 301 775 ἀεὶ
333 719 467 774 οὖσα
498 723 532 789 ἡ
569 719 685 783 θεία
715 719 896 796 φύσις,
930 715 1082 773 δοκεῖ
1110 724 1374 782 κινεῖσθαι
1410 717 1461 773 ἐν
1493 721 1562 791 τῇ
1595 715 1647 771 έν
1697 714 1875 786 ἀλλή-

227 807 346 870 λοις
382 809 652 884 χωρήσει.

289 986 387 1040 Καὶ
449 992 552 1055 τῆς
612 984 662 1040 έν
724 984 870 1057 αὖτῷ
927 985 1017 1039 καὶ
1078 983 1130 1039 ἐν
1192 983 1397 1046 αὐτοῖς.
1445 985 1610 1046 Οὗτος
1663 985 1690 1038 6
1748 985 1872 1044 νοῦς

220 1081 328 1132 τῶν
379 1073 732 1150 εἷ’ρημένων·
795 1072 1088 1144 συναίδιος,
1151 1075 1312 1152 φησὶν
1486 1071 1708 1148 ὕπαρξις
1776 1078 1876 1141 τῆς

224 1166 378 1240 ἁγίας
407 1162 665 1241 Τριάὸος,
697 1165 786 1219 καὶ
823 1163 933 1239 οὐχ
989 1165 1185 1238 ἑτέρως
1239 1164 1332 1236 μὶν
1393 1163 1649 1237 ὑπῆρξεν,
1681 1159 1874 1235 ἑτέρως

226 1253 280 1309 δὲ
313 1254 449 1327 μετᾶ
478 1258 648 1308 ταῦτα
677 1254 907 1323 κατέστη
945 1271 957 1285 ’
993 1253 1027 1321 ἢ
1061 1251 1348 1328 χωρισμόν
1406 1273 1528 1306 τινα
1642 1245 1873 1323 μεταϐο-

228 1343 326 1412 λὴν
361 1341 624 1417 ἔσχηκεν,
654 1340 782 1397 ἀλλ’
814 1342 926 1415 ἅμα
956 1341 1045 1396 καὶ
1073 1341 1209 1396 κατᾶ
1238 1341 1429 1396 ταυτὸν
1459 1339 1521 1395 τό
1558 1360 1617 1394 τε
1665 1337 1723 1392 ἐκ
1776 1341 1872 1391 τοῦ

225 1433 429 1507 Πατρὸς
464 1431 600 1486 εἶναι
631 1431 721 1485 τὸν
755 1431 877 1485 Υἱὸν
931 1431 1019 1485 καὶ
1053 1429 1116 1485 τὸ
1147 1433 1366 1503 Πνεῦμα
1389 1429 1450 1484 τὸ
1482 1430 1658 1503 ἅγιον,
1691 1424 1777 1481 καί
1810 1426 1870 1480 οὐ

228 1521 338 1593 μετ’
370 1519 560 1578 αὐτόν.

292 1613 418 1672 Πῶς
467 1609 496 1662 6
549 1607 869 1684 ὑπεροόσιυς
928 1608 1161 1677 Ἰησοῦς.
1213 1606 1529 1680 Σημείωσαι
1585 1605 1720 1660 κατᾶ
1766 1608 1868 1658 Νε-

225 1701 520 1772 στοριανῶν
553 1697 644 1750 καὶ
677 1693 1012 1772 Ἀκεφάλων.

291 1788 414 1845 Πῶς
471 1783 690 1858 ἀγαθός,
725 1783 784 1838 Τί
841 1784 1085 1858 περιέχει
1120 1785 1148 1838 6
1193 1783 1323 1858 Περὶ
1373 1783 1527 1837 Οείων
1586 1779 1868 1853 ὀνομάτων

225 1871 388 1946 λόγος
418 1873 562 1929 ³³⁸³³.

289 1961 396 2016 Καὶ
427 1961 531 2037 γὰρ
563 1959 758 2035 ἐχρῆν.
792 1961 890 2015 Διά
914 1960 965 2016 τί
1018 1962 1072 2015 αἱ
1123 1957 1435 2036 θεολογικαὶ
1467 1959 1866 2018 ἰ’ποτυπώσεις

222 2049 307 2104 καὶ
338 2050 366 2104 6
400 2048 534 2123 Περὶ
596 2049 752 2112 θείων
806 2048 1086 2123 ὀνομάτων
1139 2049 1302 2125 λόγος
1366 2046 1709 2123 ὀλιγόστιχοί
1765 2046 1866 2101 εἶσι

226 2135 438 2210 μᾶλλον
471 2137 508 2206 ἢ
540 2139 574 2208 ἡ
611 2133 938 2210 Συμϐολικὴ
974 2137 1254 2214 θεολογία.

286 2232 394 2295 Τῆς
425 2222 797 2300 ωμόολικῆς.
834 2230 960 2284 Τῶν
995 2226 1224 2302 πρώτων
1253 2227 1319 2281 τὰ
1359 2232 1460 2296 τῆς
1508 2220 1865 2299 Συμϐολικῆς

222 2313 514 2388 Θεολογίας
543 2314 696 2392 φησί.

290 2409 419 2458 Ταῖς
455 2403 708 2478 συνόψεσι
737 2408 846 2459 τῶν
905 2410 1137 2476 νοητῶν.
1174 2403 1434 2477 Συνόψεις
1491 2407 1597 2458 τῶν
1657 2408 1870 2473 νοητῶν

222 2495 313 2553 τας
370 2495 442 2565 τῇ
499 2489 652 2564 ἀθόλῳ
703 2491 877 2547 αὐτῶν
934 2490 1204 2562 ἁπλότητι
1273 2490 1584 2564 πρεπούσας
1642 2491 1868 2566 θεωρίας

223 2577 460 2635 ἐκάλεσε.
499 2580 576 2637 Τὸ
610 2577 668 2635 δὲ
696 2580 1147 2656 περιστέλλονται
1180 2581 1296 2636 ἀντὶ
1351 2577 1446 2634 τοῦ
1479 2577 1867 2634 συστέλλονται

224 2667 482 2733 τέθεικεν.

291 2755 452 2814 Ἀλλ’
510 2757 741 2834 ἀλογίαν
821 2756 1085 2828 παντελῆ.
1136 2758 1389 2834 Ἀλογίαν
1469 2757 1602 2836 φησὶ
1669 2757 1730 2811 τὸ
1791 2757 1868 2828 μὴ

223 2844 478 2901 δύνασθαι
540 2845 693 2922 λόγῳ
743 2853 1084 2922 παραστῆσαι
1159 2846 1227 2901 τὰ
1304 2847 1435 2922 ὑπὲρ
1514 2845 1716 2921 λόγον’
1779 2845 1867 2898 καὶ

224 2933 480 3005 ἁνοησίαν
541 2934 633 2989 οῦν
680 2937 742 2991 τὸ
799 2936 1137 3006 ἀνεννόητον,
1163 2935 1252 2990 καὶ
1293 2935 1321 2990 6
1383 2936 1458 3008 μή
1519 2932 1734 2989 δύναταί
1789 2954 1872 2996 τις

225 3031 438 3096 νοῆσαι,
474 3025 549 3087 ὡς
585 3024 712 3099 ὑπὲρ
745 3029 896 3082 νοῦν.

293 3294 462 3349 Κάκεῖ
533 3291 627 3364 μὲν
678 3291 784 3346 ἀπὸ
839 3295 935 3346 τοῦ
995 3290 1127 3348 ἅνω.
1162 3289 1381 3360 Ἐπειδή
1436 3293 1502 3345 τὰ
1559 3291 1727 3360 νοητᾶ
1778 3290 1866 3343 καὶ
1899 3275 1941 3340 C

226 3381 355 3456 ὑπὲρ
409 3384 537 3435 νοῦν
585 3383 680 3434 τοῦ
730 3384 862 3435 Θεοῦ
903 3377 1082 3442 ένάόες
1110 3379 1236 3450 εἰσὶ,
1264 3379 1352 3434 καὶ
1377 3377 1432 3433 ἓν
1467 3380 1494 3434 ὁ
1543 3379 1690 3446 Θεὸς,
1729 3383 1869 3450 μᾶλ-

224 3467 319 3525 λον
380 3467 440 3524 δὲ
497 3467 588 3523 καὶ
648 3468 781 3544 ὑπὲρ
836 3470 899 3523 τὸ
954 3465 1007 3522 ἓν
1045 3487 1059 3501 ·
1093 3467 1319 3532 εἷ’κότως
1378 3466 1746 3534 συνέσταλται,
1781 3467 1872 3520 ἅτε

225 3561 314 3614 καὶ
368 3559 572 3632 ἀμερὲς
627 3558 719 3614 καὶ
772 3558 1140 3630 ἀπλήθυντον.
1171 3561 1245 3613 Τὰ
1293 3555 1350 3614 δὲ
1410 3559 1544 3632 μετά
1573 3558 1724 3625 Θεὸν,
1759 3555 1871 3628 ὅσῳ

231 3647 446 3720 μᾶλλον
506 3647 742 3702 κάτεισιν
794 3646 880 3702 ἐπὶ
939 3649 1007 3702 τὰ
1052 3647 1303 3716 αἰσθητὰ,
1350 3647 1596 3718 τοσούτῳ
1658 3644 1869 3718 μᾶλλον

231 3737 556 3810 ὁμιλοῦνται
609 3741 726 3798 τοῖς
780 3741 1053 3812 μεριστοῖς
1103 3737 1190 3791 καὶ
1251 3733 1587 3802 πεδαστοῖς,
1629 3734 1718 3788 καὶ
1778 3754 1872 3787 πε-

223 3823 644 3898 πληουσμένοις
705 3823 1118 3898 συμπληθύεται
1166 3824 1352 3886 αὐτοῖς
1389 3825 1525 3900 πρὸς
1577 3823 1667 3877 τὸν
1721 3843 1871 3897 μερι-

225 3915 356 3986 σμὸν
417 3913 511 3969 καὶ
569 3915 632 3968 τὸ
686 3911 1022 3988 πολυσχιδὲς
1079 3919 1186 3969 τῶν
1259 3913 1554 3982 αἰσθητῶν.
1617 3911 1757 3988 Πρὸς
1808 3910 1875 3964 τὰ

231 4000 436 4078 ἔσχατα
494 4000 575 4075 δὲ,
627 4003 901 4058 τουτέστιν
962 4003 1068 4057 ἀπὸ
1125 4009 1227 4072 τῆς
1287 4001 1613 4077 Θεολογικῆς
1673 4000 1872 4054 ὑποτυ-

233 4091 484 4154 πώσεως.

291 4181 428 4238 Ἀπὸ
478 4184 574 4234 τοῦ
623 4180 954 4253 πρωτίστου.
988 4183 1306 4254 Πρωτίστου
1352 4178 1483 4257 φησὶ
1527 4182 1622 4233 τοῦ
1656 4175 1869 4251 μᾶλλον

233 4269 566 4345 οἶκειοτέρου
619 4271 706 4324 καὶ
766 4272 834 4343 τῇ
880 4268 1060 4339 ἐννοίᾳ
1088 4264 1607 4344 προεισϐἀλλοντος,
1640 4270 1753 4322 οἷον
1788 4266 1868 4322 ὅτι

235 4356 303 4413 ὢν
337 4361 366 4414 ὁ
399 4359 551 4431 Θεὸς,
585 4360 718 4435 ὅπερ
749 4358 933 4414 ἑαυτὸν
967 4356 1268 4432 ὠνόμασεν.

291 4543 414 4598 Ὅτι
477 4538 540 4592 τὸ
605 4538 738 4613 ὑπὶρ
805 4543 1003 4597 πᾶσαν.
1061 4541 1188 4600 Πῶς
1246 4535 1328 4593 δεῖ
1380 4539 1680 4611 κεχρῆσθαι
1752 4542 1871 4599 ταῖς

1899 1910 1946 1975 Β

1986 629 2190 700 στάσις,
2231 631 2446 687 mansio
2476 635 2533 686 et
2560 635 2754 698 status,
2788 632 2940 688 idem
2986 633 3132 699 sint;
3167 634 3268 689 sed
3302 633 3482 689 motio
3512 635 3628 689 dif-

1985 721 2097 774 fert
2127 737 2160 774 a
2191 719 2514 776 mansione.
2548 719 2700 774 Dicit
2742 721 2942 792 itaque
2973 721 3232 777 divinam
3264 727 3535 778 naturam
3567 722 3627 778 in

1986 809 2292 863 mansione
2322 809 2567 864 immota
2597 809 2998 876 exsislentem,
3031 810 3211 865 videri
3243 812 3459 866 moveri
3495 829 3627 868 mu-

1986 901 2086 952 tua
2116 898 2488 969 profectione.

2056 987 2118 1041 Et
2150 988 2212 1042 in
2245 988 2362 1058 ipso
2392 1004 2462 1042 ac
2492 990 2550 1042 in
2569 988 2780 1059 seipsis.
2818 989 2942 1043 llaec
2964 987 3258 1044 dictorum
3283 992 3370 1044 est
3391 994 3627 1046 senten-

1986 1076 2093 1142 tia;
2127 1079 2432 1144 coaeterna,
2477 1075 2692 1147 inquit,
2717 1076 3063 1132 exsistentia
3111 1082 3327 1132 sanctae
3378 1079 3633 1135 Trinita-

1984 1167 2083 1232 tis,
2117 1181 2304 1236 neque
2337 1166 2488 1220 236
2521 1165 2690 1221 aliter
2737 1165 2978 1237 quidem
3029 1165 3270 1234 exstitit,
3300 1166 3471 1222 aliter
3499 1183 3632 1223 vero

1984 1260 2186 1326 postea
2223 1255 2508 1325 constitit,
2541 1260 2642 1310 aut
2683 1257 3109 1328 separationem
3143 1258 3462 1328 quamdam
3513 1257 3633 1313 sive

1984 1345 2368 1400 mutationem
2401 1345 2650 1415 accepit;
2683 1347 2781 1400 sed
2816 1345 2994 1400 simul
3023 1349 3079 1400 et
3098 1346 3302 1401 eodem
3330 1351 3630 1402 momento

1983 1433 2166 1488 Filius
2197 1438 2286 1488 est
2315 1449 2384 1488 ex
2416 1434 2605 1500 Patre,
2627 1438 2684 1490 et
2715 1433 2970 1506 Spiritus
2995 1440 3256 1505 sanctus,
3282 1452 3397 1490 non
3429 1439 3625 1490 autem

1982 1526 2114 1592 post
2142 1521 2358 1593 ipsum.

2055 1609 2328 1677 Quomodo
2371 1613 2524 1667 Jcsus
2570 1613 2667 1684 qui
2717 1620 2794 1667 est
2841 1629 3014 1684 supra
3059 1612 3449 1668 substantiam.
3481 1613 3629 1668 Nota

1981 1704 2182 1755 contra
2213 1700 2594 1756 Nestorianos
2623 1704 2681 1755 et
2711 1701 3055 1772 Acephalos.

2053 1785 2323 1854 Quomodo
2355 1787 2546 1841 bonus.
2582 1787 2727 1850 Quid
2779 1787 2925 1843 liber
2954 1789 3026 1843 De
3055 1788 3258 1844 divinis
3305 1790 3626 1846 nominibus

1982 1875 2425 1946 complectatur.

2047 1965 2276 2020 Decebat
2294 1964 2466 2021 enim.
2487 1965 2600 2020 Cur
2620 1966 2943 2036 theologicae
2971 1968 3372 2035 Instituliones,
3396 1973 3451 2023 et
3476 1969 3624 2024 liber

1975 2053 2050 2107 De
2079 2053 2285 2108 divinis
2331 2053 2649 2108 nominibus
2689 2052 2992 2124 pauciores
3023 2070 3227 2110 versus
3259 2056 3618 2127 contineant,

1975 2157 2154 2211 quam
2187 2141 2503 2212 Symbolica
2532 2141 2852 2208 theologia?

2047 2228 2394 2300 Symbolicw.
2433 2229 2637 2286 Primis
2677 2231 2983 2288 convenire
3013 2231 3367 2306 theologiam
3400 2250 3525 2304 qua:
3556 2233 3616 2289 in

1975 2317 2164 2388 signis
2197 2322 2482 2372 versatur.

2048 2405 2462 2461 Intellectilium
2510 2409 2836 2478 aspectibus.
2870 2409 3228 2480 Conspectus
3281 2409 3621 2482 intelligibi-

1976 2494 2144 2559 lium,
2177 2495 2403 2550 vocavit
2432 2496 2954 2568 contemplationes
2999 2498 3372 2554 immateriali
3419 2516 3622 2556 eorum

1979 2583 2343 2656 simplicitati
2379 2585 2814 2640 convenientes.
2848 2586 3051 2641 Posuit
3099 2591 3293 2642 autem
3345 2585 3626 2661 περιστέλ-

1979 2669 2165 2726 λονται
2207 2689 2310 2744 ρΓο
2343 2669 2749 2741 συστέλλονται,
2783 2675 3232 2730 contrahuntur.

2053 2762 2230 2818 Unum
2285 2764 2460 2818 etiam
2518 2763 2577 2817 in
2632 2764 2914 2818 silentium
2970 2767 3297 2835 perfectum,
3349 2766 3444 2821 Gr.
3492 2764 3627 2819 ἀλο-

1977 2849 2116 2925 γίαν,
2162 2848 2416 2924 ’Δλογίαν
2469 2851 2611 2906 dicit
2668 2869 2781 2906 non
2848 2869 3019 2922 posse
3077 2869 3346 2909 sermone
3413 2871 3625 2925 reprae-

1980 2943 2212 2994 sentare
2268 2956 2394 3010 quae
2453 2955 2785 2995 sermonem
2863 2940 3104 2996 vincunt
3163 2959 3176 2996 :
3241 2947 3297 2996 ct
3355 2943 3628 2999 similiter

1980 3025 2230 3094 ἀνοησίαν
2290 3029 2513 3084 vocavit
2570 3028 2714 3082 illud
2776 3029 2930 3100 quod
2991 3029 3233 3100 intelligi
3295 3031 3518 3101 nequit,
3571 3035 3629 3086 et

1982 3120 2138 3191 quod
2171 3119 2370 3174 nullus
2419 3118 2744 3191 intelligere
2791 3120 2997 3191 possit,
3031 3137 3164 3176 cum
3217 3127 3472 3177 mentem
3522 3139 3625 3177 su-

1984 3213 2163 3280 peret.

2049 3299 2218 3368 Atque
2248 3299 2308 3351 in
2354 3296 2468 3352 illis
2513 3296 2728 3366 quidem
2774 3314 2804 3351 a
2847 3314 3119 3368 supremo.
3154 3299 3441 3361 Quoniam
3495 3300 3628 3354 uni-

1983 3390 2132 3442 tates
2159 3387 2254 3440 Dei
2287 3389 2426 3440 sunt
2453 3384 2519 3437 τὰ
2547 3382 2716 3452 νοητά
2743 3402 2842 3440 seu
2867 3403 2994 3456 qua:
3018 3385 3257 3440 minime
3281 3387 3392 3442 sub
3415 3403 3628 3442 sensus

1982 3475 2220 3542 cadunt,
2253 3479 2628 3545 mentemque
2675 3476 2936 3542 vincunt,
2972 3479 3029 3529 et
3076 3474 3230 3529 Deus
3279 3478 3370 3529 est
3419 3492 3628 3541 unum,

1981 3564 2066 3620 vel
2111 3562 2300 3635 potius
2349 3580 2526 3634 supra
2575 3563 3016 3629 unum,merito
3065 3562 3450 3629 contrahitur,
3501 3568 3630 3618 tan-

1983 3670 2158 3725 quam
2183 3652 2551 3706 individuum
2577 3656 2768 3706 etnon
2796 3650 3259 3722 multiplicabile.
3277 3651 3410 3714 Quae
3433 3657 3630 3707 autem

1983 3747 2116 3812 post
2147 3747 2352 3811 Deum,
2385 3744 2605 3811 quanto
2637 3738 2827 3809 magis
2859 3739 3228 3794 descendunt
3265 3741 3336 3794 ad
3379 3740 3630 3796 sensibi-

1981 3828 2079 3896 lia,
2106 3832 2264 3883 tanto
2289 3827 2472 3899 magis
2502 3827 2949 3898 conjunguntur
2971 3827 3366 3883 divisibilibus
3389 3835 3445 3883 et
3466 3845 3632 3900 sepa-

1983 3917 2290 3984 rabilibus,
2314 3922 2370 3971 et
2399 3933 2533 3971 cum
2555 3915 2702 3988 ipsis
2728 3913 3133 3986 multiplicatis
3157 3917 3330 3972 simul
3355 3934 3458 3986 per
3485 3918 3629 3971 divi-

1983 4007 2206 4062 sionem
2240 4005 2687 4076 multiplicatur,
2711 4013 2767 4059 et
2793 4003 2975 4059 multa
2997 4005 3304 4060 sensilium
3327 4005 3622 4062 dissectio.

1982 4096 2060 4150 Ad
2089 4101 2358 4161 extrema,
2391 4095 2447 4149 id
2481 4099 2570 4148 est
2601 4111 2632 4148 a
2664 4093 2991 4164 theologica
3020 4094 3409 4149 institutione.

2054 4185 2093 4238 Α
2124 4185 2324 4252 primo.
2363 4181 2620 4237 Primum
2672 4180 2817 4234 dicit
2865 4179 3014 4235 illud
3048 4183 3201 4250 quod
3253 4185 3444 4254 magis
3495 4201 3628 4255 pro-

1984 4272 2177 4344 prium
2216 4269 2542 4326 intellectui
2596 4269 2725 4338 ejus
2777 4267 2877 4339 qui
2926 4268 3183 4339 primum
3243 4272 3627 4341 aggreditur:

1983 4377 2192 4431 nempe
2240 4359 2394 4430 quod
2454 4362 2605 4412 Deus
2639 4357 2716 4412 sit
2746 4356 2773 4409 6
2809 4350 2905 4423 ὤν,
2939 4356 3036 4428 qui
3081 4367 3178 4425 est,
3211 4359 3364 4429 quod
3419 4374 3632 4414 nomen

1982 4448 2094 4504 sibi
2126 4446 2426 4519 imposuit.

2053 4537 2198 4605 Quia
2231 4536 2285 4590 id
2316 4535 2456 4606 quod
2486 4543 2714 4606 supcrat
2743 4552 2984 4592 omnem.
3021 4536 3160 4600 Quis
3193 4535 3271 4591 sit
3301 4553 3447 4593 usus
3477 4537 3637 4592 afﬁr-

236 4629 405 4692 θέσεσι
467 4627 560 4682 καὶ
618 4632 737 4690 ταῖς
795 4626 1134 4704 ἄφαιρέσεσιν
1186 4625 1272 4681 ἐπὶ
1319 4631 1450 4680 Θεοῦ
1483 4646 1494 4659 ·
1529 4624 1617 4679 καὶ
1665 4626 1746 4680 δτι
1785 4625 1875 4687 τὰς

2001 4626 2315 4680 nationum
2350 4627 2407 4678 et
2445 4623 2824 4695 negationum
2856 4623 2915 4678 in
2950 4631 3095 4693 Deo;
3129 4631 3186 4680 et
3217 4643 3323 4681 nos
3372 4627 3634 4682 allirma-

233 4717 321 4789 μέν
357 4717 536 4780 θέσεις
567 4714 674 4770 ἀπὸ
698 4719 796 4770 τοῦ
827 4715 1136 4788 πρωτίστου
1176 4714 1268 4769 καὶ
1320 4713 1530 4787 μᾶλλον
1592 4719 1877 4790 συγγενοῦς

228 4810 300 4877 τῷ
331 4809 452 4877 Θεῷ
479 4803 788 4877 ποιούμεθα
819 4822 832 4835 ’
864 4803 960 4866 τὰς
1005 4801 1062 4858 δὲ
1092 4804 1397 4882 ἀφαιρέσεις
1427 4801 1532 4857 ἀπὸ
1560 4807 1667 4857 τῶν
1714 4801 1880 4878 ἐσχά-

234 4913 334 4948 των
365 4893 457 4948 καὶ
495 4891 712 4965 μᾶλλον
747 4892 912 4946 αὐτοῦ
945 4883 1331 4962 διεστηκότων.

294 4984 411 5051 Τὴν
449 4982 774 5050 ὑποθετικήν
837 4981 1156 5058 κατάφασιν.
1190 4978 1500 5057 Κατάφασίς
1559 4978 1667 5034 ἔστι
1719 4976 1880 5054 λόγος

236 5069 598 5148 ἆποφαντικὸς
653 5068 688 5137 ἢ
772 5072 870 5123 τοῦ
943 5068 1205 5137 καθόλου,
1264 5069 1298 5137 ἢ
1357 5073 1456 5122 τοῦ
1541 5069 1880 5142 μαχομένου,

237 5159 267 5227 ἦ
322 5154 783 5232 συμπλεκομένου
844 5159 1011 5226 τινὸς,
1161 5157 1619 5232 συγκρινομένου·
1659 5159 1796 5226 οἷον,
1856 5156 1882 5210 ὁ

237 5247 356 5309 Θεὸς
419 5247 532 5316 ζωή
597 5245 761 5318 ἐστιν,
795 5246 822 5300 ὁ
883 5247 1012 5309 Θεὸς
1069 5245 1331 5320 ἀγαθότης
1365 5244 1528 5301 ἐστίν.
1564 5245 1882 5312 ὝποΟετική

240 5331 292 5387 δέ
339 5333 450 5389 ἐστι
499 5334 674 5409 λόγος
725 5335 1093 5402 ἀποφαντικὸς
1125 5333 1160 5402 ἢ
1211 5338 1308 5389 τοῦ
1342 5333 1602 5404 καθόλου,
1708 5354 1883 5408 μαχο-

246 5420 401 5493 μένου
450 5423 622 5492 τινὸς,
681 5424 716 5492 ἢ
777 5421 1234 5497 συμπλεκομένου
1293 5419 1618 5492 ὃηλωτικός.
1678 5423 1740 5477 Ἡ
1794 5423 1884 5476 οὗν

1985 4714 2174 4769 tiones
2205 4730 2238 4768 ο
2270 4711 2458 4782 primo
2501 4712 2804 4783 magisque
2854 4713 2968 4768 Deo
3013 4719 3256 4785 cognato
3309 4715 3632 4780 efﬁcimus;

1989 4807 2048 4858 at
2079 4802 2417 4875 negationes
2467 4800 2536 4855 ab
2583 4801 2858 4855 extremis
2906 4806 2962 4856 et
3002 4802 3192 4872 magis
3241 4803 3314 4856 ab
3367 4804 3493 4872 ipso
3542 4820 3632 4857 re-

1990 4892 2187 4946 motis.

2060 4979 2472 5051 Hypotheticam
2504 4978 2962 5050 afﬁrmatio-nem.
2987 4977 3310 5031 Aliirmatio
3333 4981 3420 5031 est
3441 4992 3636 5032 sermo

1991 5068 2392 5123 enuntiativus
2425 5067 2678 5135 alicujus
2711 5068 2862 5138 quod
2914 5071 3002 5120 est
3030 5065 3113 5119 vel
3166 5065 3516 5134 universale,
3550 5066 3636 5121 vel

1995 5173 2351 5228 repugnans,
2384 5155 2472 5211 vel
2524 5154 2879 5226 copulatum,
2913 5153 3130 5209 veluti:
3166 5154 3318 5208 Deus
3367 5159 3456 5209 est
3501 5154 3641 5221 vita,

1994 5243 2148 5300 Deus
2180 5249 2269 5300 est
2299 5245 2553 5299 bonitas.
2577 5243 2893 5310 Ὑποθετική
2929 5259 3058 5297 vero
3100 5247 3185 5296 est
3236 5259 3426 5298 sermo
3457 5260 3643 5298 enun-

1997 5334 2235 5390 tiativus
2279 5334 2407 5404 ejus
2458 5333 2614 5404 quod
2659 5337 2749 5386 est
2802 5337 2900 5385 aut
2951 5331 3300 5400 universale,
3345 5338 3447 5388 aut
3493 5334 3641 5389 237

1999 5439 2357 5495 repugnans,
2392 5427 2493 5476 aut
2537 5420 2792 5492 copulati
2835 5419 3247 5476 declarativus.
3281 5424 3481 5493 Itaque
3515 5421 3648 5475 ὑπο-

1222 5605 1466 5661 νΑΒΙΛΕ
1505 5604 1890 5662 LECTIONES
1926 5604 2014 5660 ΒΤ
2051 5599 2616 5660 GORREC'I‘IONES.

322 5731 435 5768 πως
461 5729 514 5785 τί
545 5729 790 5805 περιέχει
823 5729 851 5783 ὁ
883 5734 981 5798 τῆς
1013 5722 1373 5802 Συμϐολικῆς
1403 5730 1684 5805 θεολογίας
1723 5727 1906 5806 λόγος.

567 5857 829 5922 Panos.
876 5859 988 5921 Gn.
1033 5857 1136 5920 IV.

3250 5854 3324 5912 14
