4062 6366
404 429 508 485 427

1222 425 1584 479 APPENDIX
1622 425 1717 475 AD
1754 419 1994 474 OPERA
2029 419 2086 471 S.
2127 412 2441 471 DIONYSII
2479 414 2983 471 AREOPAGITJE.

3709 413 3812 468 428

407 551 592 619 θετική
625 551 917 620 κατάφασις
952 549 1009 602 in
1048 549 1177 616 Deo,
1204 548 1358 603 Deus
1389 550 1476 602 est
1507 543 1696 616 magis
1722 542 1836 598 vita
1867 545 1924 596 et
1954 540 2051 594 b0-

2198 538 2453 606 ποθετική
2502 534 2795 614 κατάφασις
2843 535 2931 590 ἐπὶ
2982 535 3134 606 Θεοῦ,
3169 533 3251 589 ὅτι
3285 535 3312 588 6
3345 534 3474 596 Θεὸς
3534 537 3648 604 ζωή
3701 534 3810 591 ἐστι

408 643 561 697 nitas
593 657 769 712 quam
813 655 911 694 aer
941 642 998 694 et
1035 637 1217 709 lapis;
1251 636 1648 692 detractiones
1702 635 1898 687 autem
1951 644 2058 683 ne-

409 731 644 804 gatione
689 729 979 784 contrario
1034 728 1206 782 modo
1258 724 1533 798 positioni
1584 723 1890 788 dicuntur;
1923 733 2057 772 nam

410 820 646 893 positio,
677 819 832 875 sicut
879 819 1104 873 dictum
1135 822 1244 883 est,
1275 816 1601 873 secundum
1648 809 2059 882 descriptivam

413 909 864 966 affirmationem
913 908 1286 975 enuntiatur;
1331 921 1536 976 nempe
1583 903 1737 958 Deus
1787 905 1876 955 est
1921 899 2060 965 vita,

415 1003 517 1055 aut
545 1015 672 1067 aer;
706 1002 766 1052 at
795 998 1070 1068 negativa
1114 995 1397 1052 detractio
1432 1011 1445 1048 :
1478 994 1629 1048 Deus
1660 1007 1773 1046 non
1807 988 2062 1043 inebria-

414 1093 530 1156 tur,
564 1105 678 1142 non
710 1087 1016 1153 irascitur;
1063 1089 1121 1140 et
1170 1085 1227 1138 in
1279 1082 1669 1155 positionibus
1697 1097 1730 1134 τι
1762 1077 2064 1150 cognatio-

415 1178 580 1232 ribus
609 1174 956 1246 incipimus;
991 1173 1181 1245 magis
1212 1172 1368 1227 enim
1403 1176 1515 1227 Deo
1539 1168 1842 1241 proprium
1864 1167 1982 1221 vita
2011 1176 2066 1220 et

417 1265 652 1320 bonitas
684 1279 856 1333 quam
891 1279 988 1318 aer
1035 1267 1092 1318 et
1141 1261 1311 1333 lapis.
1346 1261 1409 1315 In
1441 1258 1904 1314 detractionibus
1936 1271 2066 1310 vero

417 1354 490 1410 ab
522 1353 798 1409 extremis
841 1351 1241 1416 ascendimus,
1275 1349 1556 1404 nimirum
1608 1350 1786 1403 Deum
1821 1362 1938 1400 non
1970 1345 2066 1398 de-

417 1442 624 1498 clarari
655 1456 941 1511 sermone,
968 1457 1071 1494 nec
1103 1439 1398 1510 cognosci,
1430 1438 1612 1509 magis
1656 1441 1744 1492 est
1790 1440 1902 1489 Deo
1935 1449 2066 1505 pro-

418 1532 613 1603 prium
671 1547 846 1600 quam
909 1546 1024 1583 non
1085 1527 1378 1600 crapulari
1439 1532 1496 1582 et
1552 1542 1668 1581 non
1724 1522 1941 1590 irasci;
2003 1537 2068 1576 ac

420 1619 660 1674 omnino
706 1635 739 1672 a
789 1619 1045 1673 secundo
1079 1633 1182 1673 seu
1216 1616 1408 1671 viliori
1458 1616 1881 1670 detractionem
1913 1609 2069 1666 ordi-

423 1725 577 1774 mur,
609 1707 874 1761 videlicet
909 1725 921 1761 :
957 1724 1071 1762 non
1118 1705 1444 1761 inebriatur
1474 1705 1628 1758 Deus
1677 1701 1864 1773 magis
1895 1715 2069 1771 quam

422 1814 538 1852 non
570 1795 808 1864 dicitur,
842 1800 898 1850 et
931 1813 942 1851 :
986 1812 1103 1850 non
1149 1795 1424 1849 irascitur
1454 1793 1608 1848 Deus
1660 1790 1847 1861 magis
1893 1804 2069 1861 quam

2163 625 2252 679 καὶ
2284 624 2555 701 ἀγαθότης
2606 625 2817 698 μᾶλλον
2850 624 2886 692 ἢ
2917 625 3020 692 ἀὴρ
3068 623 3160 678 καὶ
3209 620 3365 688 λίθος
3404 643 3416 655 ·
3449 624 3503 677 αἱ
3547 621 3606 678 δὲ
3655 624 3812 698 ἀφαι-

2169 714 2337 785 ρέσεις
2395 714 2530 769 κατᾶ
2586 714 2850 791 ἀπόφασιν
2913 712 3162 787 λέγονται
3218 711 3470 774 ἐναντίως
3511 715 3578 787 τῇ
3624 712 3763 766 θέσει
3797 731 3809 745 ο

2169 806 2202 872 ἡ
2239 805 2333 877 μὲν
2388 803 2489 879 γὰρ
2539 804 2704 871 θέσις,
2755 802 2889 857 κατὰ
2937 803 3285 872 ὑποθετικὴν,
3340 803 3412 864 ὡς
3453 800 3688 873 εἴρηται,
3721 823 3813 856 κα·

2168 893 2394 970 τὸίφασις
2426 892 2664 967 λέγεται,
2697 891 2778 946 ὅτι
2813 892 2925 960 ζωὴ
2959 893 2986 945 6
3018 891 3148 953 Θεὸς
3178 892 3212 961 ἢ
3247 891 3352 966 ἀήρ
3387 910 3400 922 ·
3433 893 3469 960 ἡ
3507 887 3563 944 δί
3607 891 3817 967 ἀποφα-

2169 982 2294 1050 τικὴ
2325 981 2624 1057 ἀφαίρεσις,
2660 981 2720 1035 οὐ
2756 980 3072 1053 μεθύσκεται
3114 981 3139 1034 6
3173 980 3324 1049 Θεὸς,
3359 979 3458 1034 ούκ
3505 978 3814 1055 ὀργίζεται·

2172 1071 2259 1124 καὶ
2294 1069 2381 1123 ἐπὶ
2409 1074 2516 1124 τῶν
2546 1070 2740 1133 θέσεων
2777 1068 2837 1124 ἐκ
2863 1073 2972 1124 τῶν
3004 1069 3426 1145 συγγενεστέρων
3487 1066 3781 1142 ἀρχόμαθα
3805 1085 3818 1100 ⁶

2177 1158 2504 1233 οἰκειότερον
2542 1158 2644 1234 γὰρ
2676 1159 2793 1230 Θεῷ
2829 1159 2941 1227 ζωὴ
2974 1157 3063 1213 καὶ
3092 1157 3366 1234 ἀγαθότης
3401 1155 3616 1232 μᾶλλον
3646 1156 3682 1226 ἢ
3714 1157 3821 1233 ἀὴρ

2176 1248 2263 1302 καὶ
2294 1247 2469 1310 λίθος.
2505 1247 2625 1302 Ἐπὶ
2669 1246 2725 1302 δὲ
2749 1252 2859 1302 τῶν
2891 1247 3226 1325 ἀφαιρέσεων
3258 1246 3347 1302 καὶ
3403 1251 3513 1302 τῶν
3573 1245 3822 1322 ἐσχάτων

2179 1334 2386 1408 ἄνιμεν,
2422 1336 2533 1389 οἷον
2565 1336 2626 1390 τὸ
2680 1335 2752 1409 μὴ
2807 1335 2952 1410 λόγῳ
3001 1333 3302 1405 δηλοῦσθαι
3334 1334 3427 1390 τὸν
3459 1335 3616 1406 Θεὸν,
3641 1333 3732 1389 καὶ
3764 1334 3827 1390 τὸ

2182 1425 2258 1496 μὴ
2315 1426 2574 1494 νοεῖσθαι,
2627 1423 2952 1500 οἰκειότερον
3019 1422 3234 1498 μᾶλλον
3264 1429 3342 1496 τῷ
3373 1428 3513 1495 Θεῷ,
3547 1422 3583 1492 ἢ
3631 1422 3694 1478 τὸ
3750 1423 3829 1496 μὴ

2177 1511 2505 1586 κραιπαλᾷν,
2543 1511 2684 1586 μηδὲ
2718 1513 3045 1588 ὀργίζεσθαι,
3079 1513 3169 1568 καὶ
3201 1513 3346 1574 ὅλως
3396 1511 3454 1568 ἐκ
3501 1515 3599 1568 τοῦ
3649 1509 3833 1566 δευτέ-

2180 1622 2276 1676 ρου
2305 1609 2405 1671 τῆς
2433 1601 2765 1678 ἀφαιρέσεως
2798 1597 3083 1677 ἀρχόμεθα
3115 1621 3128 1635 ⁸
3163 1604 3303 1672 οἷον,
3337 1602 3400 1657 οὐ
3449 1600 3633 1675 μεθύει
3683 1599 3837 1675 μᾶλ-

2183 1689 2276 1745 λον
2307 1692 2334 1745 ὁ
2368 1691 2494 1752 Θεὸς
2525 1691 2558 1759 ἦ
2595 1691 2654 1745 οὐ
2684 1688 2893 1766 λέγεται
2930 1712 2942 1724 ·
2978 1693 3068 1746 καὶ
3101 1690 3160 1746 οὐ
3193 1695 3362 1764 μηνιᾷ
3389 1689 3604 1764 μᾶλλον
3640 1691 3667 1745 6
3699 1692 3837 1753 Θεὸς

2203 1779 2216 1800 \
2314 1779 2326 1798 ἲ
2484 1786 2506 1796 ν
2851 1782 2860 1799 Ι
3188 1781 3216 1800 γ
3667 1780 3682 1798 \
3817 1781 3831 1797 \

2181 1781 2215 1847 ἠ
2268 1801 2333 1834 ου
2394 1801 2612 1838 νοειται.
2647 1779 2942 1856 Κραιπαλη
3001 1781 3094 1853 μὲν
3156 1802 3246 1836 ουν
3293 1780 3468 1849 ἐστιή
3500 1779 3690 1849 ποΛλη
3741 1801 3835 1835 και

422 1903 537 1941 non
570 1884 944 1955 intelligitur.
978 1879 1268 1956 Κραιπάλη
1323 1881 1561 1953 quidem
1613 1885 1702 1934 est
1749 1878 1987 1950 cepiosa
2017 1882 2074 1932 et

2194 1866 2522 1945 τφοόροτάτη
2561 1870 2722 1942 μέθη,
2751 1869 2916 1924 οἱονεὶ
2959 1868 3250 1942 καραπάλη
3299 1891 3382 1933 τις
3426 1867 3578 1938 οὖσα,
3610 1870 3639 1924 ὃ
3691 1867 3840 1924 ἐστὶν

421 1970 940 2028 vehementissima
987 1969 1263 2037 ebrietas,
1295 1968 1473 2024 veluti
1523 1963 1837 2040 καραπάλη,
1878 1966 1936 2021 id
1986 1968 2075 2021 est

423 2061 485 2113 τὸ
515 2057 652 2133 κάρα
682 2075 783 2114 seu
818 2066 982 2130 caput
1010 2054 1300 2111 πάλλουσα
1329 2057 1606 2128 quatiens,
1631 2055 2075 2128 plurimumque

429 2166 698 2216 movens;
737 2154 898 2218 μῆνις
930 2150 1123 2203 autem
1159 2153 1250 2203 est
1297 2164 1410 2203 non
1445 2162 1804 2218 quaecunque
1835 2145 1940 2211 ira,
1973 2144 2072 2199 sed

428 2254 802 2310 permanens.
838 2238 1041 2308 Itaque
1072 2254 1106 2291 a
1134 2235 1516 2291 sensibilibus
1566 2235 1637 2289 ad
1683 2232 2076 2304 intelligibilia

430 2328 835 2391 ascendentes,
868 2343 984 2381 non
1015 2326 1297 2381 debemus
1327 2340 1528 2380 omnes
1561 2323 1666 2378 has
1703 2322 2076 2394 incorporeas

428 2413 818 2470 detractiones
863 2413 1168 2470 humiliter
1213 2411 1685 2485 intelligere,sed
1718 2411 1776 2466 in
1811 2427 2076 2480 unoquo-

430 2521 543 2575 que
590 2503 829 2559 illorum
861 2520 988 2574 quae
1040 2503 1319 2558 dicuntur
1367 2501 1706 2567 subaudire,
1740 2501 1894 2571 quod
1951 2498 2078 2571 ipse

429 2594 638 2648 beatus
669 2593 982 2664 Dionysius
1013 2592 1196 2647 dixit:
1222 2597 1375 2647 Deus
1403 2591 1561 2646 enim
1595 2589 1740 2645 nihil
1774 2593 1863 2645 est
1895 2588 2078 2643 dicto-

433 2699 563 2738 rum
595 2700 723 2754 quas
763 2699 868 2738 nos
900 2682 1332 2754 cognoscimus,
1365 2686 1466 2736 aut
1508 2679 1916 2750 intelligimus,
1941 2676 2080 2749 quin

434 2787 543 2828 nec
572 2771 808 2827 illorum
833 2788 959 2843 quas
991 2770 1396 2841 intelligibiles
1419 2769 1665 2825 virtutes
1689 2768 1970 2824 universa:
1995 2783 2083 2821 co-

436 2865 749 2933 gnoscunt.
770 2860 980 2915 Omnia
1020 2860 1175 2914 enim
1210 2876 1335 2931 quae
1368 2859 1522 2913 dicta
1561 2861 1720 2923 sunt,
1746 2872 1986 2928 prorsus
2017 2871 2086 2910 ex

440 2955 553 3006 Deo
587 2953 747 3017 sunt,
770 2965 836 3003 ac
880 2950 1008 3019 ejus
1039 2950 1190 3003 dona
1224 2964 1237 3002 :
1269 2951 1325 3003 et
1364 2948 1656 3018 quomodo
1698 2944 1928 3016 preprie
1958 2944 2084 3015 ipse

437 3056 503 3094 et
535 3038 681 3108 ipsis
712 3038 810 3108 qui
845 3037 991 3108 ipsis
1023 3037 1324 3107 providet?
1345 3036 1553 3091 Omnia
1585 3051 1717 3090 vero
1741 3034 1967 3089 diverse
1988 3048 2084 3088 ex-

436 3127 755 3199 plicuimus
784 3125 844 3180 in
874 3125 1022 3181 libre
1054 3128 1127 3181 De
1154 3126 1362 3182 divinis
1390 3125 1725 3180 nominibus.
1753 3123 1883 3178 Haec
1928 3121 2085 3177 enim

437 3215 633 3272 omnia
662 3218 801 3270 sunt
831 3215 1170 3278 accidentia,
1187 3220 1243 3270 et
1268 3215 1326 3269 in
1355 3213 1705 3270 substantiis
1732 3229 1931 3268 eorum
1957 3227 2085 3283 quae

2181 1959 2216 2026 ἡ
2267 1958 2329 2011 τὸ
2385 1959 2543 2034 κάρα,
2576 1955 2699 2026 ἤτοι
2755 1959 2854 2027 τὴν
2904 1957 3147 2036 κεφαλὴν
3199 1955 3486 2014 πᾶλλουσα
3541 1957 3632 2014 καὶ
3691 1959 3838 2013 πάνυ

2181 2051 2422 2104 κινοῦσα.
2457 2049 2638 2116 Μῆνις
2671 2045 2727 2102 δὲ
2758 2047 2866 2122 οὐχ
2904 2049 2937 2117 ἡ
2987 2047 3231 2123 τυχοῦσα
3277 2048 3436 2125 ὀργὴ,
3469 2045 3597 2103 ἀλλ’
3625 2049 3659 2118 ἡ
3710 2046 3834 2102 ἐπί-

2188 2156 2373 2208 μονος.
2435 2137 2567 2192 Ἀπὸ
2623 2141 2750 2212 γοῦν
2802 2141 2910 2192 τῶν
2965 2138 3232 2208 αἰσθητῶν
3311 2136 3562 2200 ἀνιόντας
3622 2135 3709 2192 έπὶ
3766 2138 3837 2192 τὰ

2184 2224 2380 2295 νοητά,
2411 2226 2584 2287 πάσας
2632 2225 2832 2288 ταύτας
2877 2228 2973 2288 τὰς
3023 2225 3342 2299 ἀσωμάτους
3393 2225 3700 2304 ἀφαιρέσεις
3754 2228 3834 2299 μὴ

2145 2302 2452 2375 ’ταπεινῶς
2483 2320 2627 2369 νοεῖν
2678 2317 2813 2391 χρὴ,
2846 2313 2970 2370 ἀλλ’
3000 2314 3080 2392 ἐφ’
3114 2315 3320 2388 ἑκάστῳ
3366 2302 3474 2370 τῶν
3521 2313 3834 2391 εἰρημένων

2187 2402 2649 2478 προσυπακούειν,
2709 2403 2841 2478 ὅπερ
2899 2403 3058 2466 αὐτὸς
3114 2405 3141 2459 6
3205 2403 3468 2480 μακάριος
3551 2404 3835 2467 Διονύσιος

2189 2493 2329 2548 εἶπεν
2362 2511 2376 2524 ·
2429 2489 2580 2547 οὐδὲν
2639 2493 2741 2568 γάρ
2800 2493 2938 2548 ἐστιν
2990 2493 3018 2549 6
3069 2493 3198 2555 Θεὸς
3242 2497 3349 2548 τῶν
3397 2492 3730 2567 εῗρημένων,
3762 2494 3838 2546 ὧν

2188 2583 2351 2654 ἡμεῖς
2404 2582 2768 2655 γινώσκομεν,
2800 2584 2834 2652 ἢ
2883 2585 3112 2656 νοοῦμεν
3147 2602 3161 2617 ⁸
3213 2581 3341 2638 ἀλλ’
3371 2579 3494 2637 οὔτε
3540 2584 3613 2637 ὧν
3673 2583 3841 2659 γινώ-

2192 2692 2409 2725 σκουσιν
2472 2673 2526 2726 αἱ
2583 2671 2771 2742 νοηταὶ
2833 2669 3086 2744 δυνάμεις
3150 2677 3357 2726 πᾶσαι·
3409 2674 3584 2728 πάντα
3624 2671 3728 2748 γὰρ
3775 2671 3844 2727 τὰ

2192 2758 2456 2834 εἰρημένα
2511 2760 2750 2831 καθάπαξ
2808 2758 2867 2815 ἐκ
2914 2764 3047 2816 Θεοῦ
3079 2758 3179 2817 εἷ’σι
3229 2761 3318 2816 καὶ
3376 2758 3538 2816 αὐτοῦ
3598 2759 3838 2835 δωρεαί·

2192 2847 2282 2903 καὶ
2331 2852 2448 2911 πῶς
2495 2848 2654 2912 αὐτὸς
2703 2849 2753 2919 ἐξ
2797 2848 2971 2905 αὐτῶν
3007 2851 3034 2904 6
3065 2851 3472 2926 προνοούμενος
3518 2850 3694 2906 αὐτῶν
3747 2872 3842 2906 κυ-

2195 2939 2327 3013 ρίως
2355 2965 2368 3008 ;
2400 2938 2578 2994 Πάντα
2606 2937 2663 2994 δὲ
2691 2942 2737 2976 ³³
2768 2937 3041 3014 διαφόρως
3087 2938 3439 3014 διεξήλθομεν
3483 2939 3536 2995 έν
3583 2945 3665 3013 τῷ
3709 2939 3842 3016 Περὶ

2197 3028 2350 3083 θείων
2410 3028 2692 3102 ὀνομάτων
2729 3048 2741 3061 ⁸
2791 3031 2967 3085 πάντα
3021 3031 3122 3106 γὰρ
3187 3034 3374 3101 ταῦτα,
3426 3031 3500 3092 ὡς
3551 3025 3844 3102 συμϐεϐη-

2196 3119 2347 3188 κότα,
2379 3119 2465 3173 καὶ
2502 3118 2552 3172 ἐν
2587 3117 2802 3180 οὐσίαις
2831 3119 2937 3172 τῶν
2976 3120 3110 3192 μετὰ
3158 3120 3310 3175 Θεόν.
3342 3121 3402 3176 Ὁ
3455 3116 3512 3173 δὲ
3560 3119 3693 3181 Θεὸς
3751 3118 3844 3172 καὶ

2201 3208 2330 3282 ὑπὲρ
2389 3207 2596 3276 οὐσίαν,
2653 3206 2744 3262 καί
2797 3207 3005 3262 τούτων
3058 3206 3251 3274 αἴτιος,
3306 3207 3498 3263 οὐκοῦν
3556 3207 3646 3262 καὶ
3709 3207 3846 3280 ὑπὲρ

437 3268 571 3376 po—st
838 3268 910 3359 at
938 3268 1091 3359 Deus
1127 3268 1265 3359 tum
1295 3268 1633 3359 essentiam
1667 3305 1921 3374 superat,
1957 3268 2077 3355 tium

2198 3268 2352 3351 αὐτά.
2382 3295 2606 3359 Ἀλλως
2643 3315 2654 3328 ·
2707 3297 2827 3365 Ζιυή
2889 3294 2976 3351 καὶ
3030 3295 3322 3373 ἀγαθότης,
3352 3294 3517 3370 [ἰδοὺ]
3546 3268 3849 3374 κατάφασις

437 3393 649 3448 horum
697 3397 788 3448 est
833 3397 1065 3461 auctor;
1120 3408 1255 3463 ergo
1306 3398 1362 3448 et
1410 3392 1500 3449 his
1546 3391 1830 3463 superior.
1861 3389 2037 3446 Aliter
2065 3407 2085 3444 :

437 3482 572 3537 Vita
600 3487 657 3537 et
699 3481 951 3551 bonitas,
986 3482 1300 3538 aiﬁrmatio
1351 3498 1452 3537 seu
1505 3481 1746 3553 positio;
1797 3497 1910 3536 non
1961 3497 2084 3535 cra-

441 3571 703 3643 pulatur,
737 3587 851 3626 non
902 3571 1206 3641 irascitur;
1257 3587 1389 3627 ecce
1435 3572 1542 3627 tibi
1594 3570 1821 3642 negatio
1855 3586 1955 3626 seu
1987 3569 2086 3626 de-

444 3660 677 3716 tractio.

518 3750 692 3816 Quam
718 3764 815 3804 aer
855 3753 951 3804 aut
997 3748 1162 3820 lapis.
1198 3751 1308 3803 Aer
1337 3748 1596 3819 quidem,
1622 3749 1791 3818 juxta
1829 3747 2087 3818 Scriptu-

449 3852 576 3892 ram
606 3836 666 3890 in
698 3835 863 3892 libris
893 3841 1137 3911 Regum,
1166 3837 1224 3892 in
1257 3853 1400 3893 aura
1429 3837 1609 3892 tenui.
1641 3836 1915 3908 Lapidem
1954 3851 2089 3890 vero

450 3925 733 3997 propheta
752 3925 918 3981 vidit.
945 3926 1128 3998 Magis
1158 3925 1340 3998 igitur
1371 3925 1602 3998 proprie
1628 3941 1806 3996 quam
1833 3923 1954 3993 illa,
1980 3924 2090 3979 vita

447 4019 505 4070 et
554 4013 786 4083 bonitas,
831 4014 891 4070 in
943 4019 1056 4070 Deo
1101 4019 1419 4085 ponuntur,
1452 4017 1508 4070 et
1554 4013 1722 4068 illum
1773 4013 2088 4068 declarant.

448 4104 542 4158 Sic
576 4103 750 4158 etiam
799 4118 867 4158 ex
905 4105 1288 4175 detractione,
1313 4103 1600 4159 contrario
1651 4103 1844 4172 modo,
1877 4099 2095 4156 scilicet

445 4193 733 4263 crapulari
769 4197 826 4247 et
867 4193 1057 4264 irasci,
1088 4199 1311 4248 remota
1361 4196 1500 4248 sunt
1529 4209 1562 4248 a
1593 4191 1708 4247 Deo
1759 4198 1815 4245 et
1863 4189 2091 4256 aliena;

447 4282 548 4336 sed
569 4297 677 4335 non
700 4281 816 4336 dici
835 4281 1024 4353 magis
1048 4282 1322 4338 convenit
1365 4281 1482 4336 Deo
1507 4285 1563 4336 et
1582 4279 1825 4352 propius
1851 4277 2092 4347 accedit,

447 4369 600 4426 238
631 4369 770 4440 quia
799 4387 1033 4427 omnem
1069 4379 1323 4426 mentem
1359 4378 1412 4425 et
1447 4384 1778 4425 sermonem
1808 4366 2008 4423 vincit.

1069 4478 1140 4532 IN
1182 4477 1334 4532 CAP.
1381 4476 1471 4531 IV.

518 4570 700 4636 Neque
730 4567 788 4620 in
825 4565 938 4621 loco
969 4574 1066 4620 est.
1101 4567 1270 4621 Pater
1311 4563 1642 4620 necessario
1689 4580 1790 4636 per
1835 4564 1955 4620 haec
1986 4581 2092 4620 au-

2194 3383 2318 3454 ἤτοι
2353 3387 2497 3449 θέσις
2531 3403 2546 3418 ⁸
2580 3385 2641 3440 οὐ
2672 3383 2969 3460 κραιπαλᾷ,
3002 3383 3127 3442 οὐδὲ
3182 3391 3372 3462 μηνιᾷ,
3407 3383 3524 3442 ἰδοὺ
3573 3385 3846 3463 ἀπόφασις

2195 3472 2319 3544 ἤτοι
2354 3474 2654 3554 ἀφαίρεσις.

2267 3746 2333 3795 Ἢ
2363 3740 2468 3818 ἀὴρ
2511 3741 2601 3796 καὶ
2652 3739 2827 3804 λίθος.
2860 3741 2998 3816 Ἀἠρ
3048 3739 3166 3815 μὲν,
3197 3743 3332 3796 κατὰ
3381 3743 3443 3797 τὸ
3491 3741 3545 3798 ἰν
3597 3743 3846 3799 Βασιλεί-

2199 3850 2283 3891 αις
2315 3828 2624 3904 εἷ’ρημένον,
2649 3827 2699 3884 έν
2733 3827 2870 3907 αὔρᾳ
2897 3829 3071 3904 λεπτῇ
3106 3848 3120 3862 ⁶
3171 3828 3322 3886 λίθον
3353 3827 3410 3886 δὶ
3468 3832 3496 3887 6
3552 3835 3848 3907 προφήτης

2201 3915 2323 3973 εἶδε.
2358 3919 2580 3977 Τούτων
2615 3918 2706 3974 οῦν
2738 3917 3065 3995 οἰκειότερον
3098 3917 3310 3994 μᾶλλον
3344 3921 3514 3984 θέσεις
3539 3920 3631 3976 καὶ
3663 3919 3846 3993 δηλώ-

2201 4028 2307 4069 σεις
2336 4010 2382 4044 3‘
2411 4008 2497 4062 ἐπὶ
2538 4013 2669 4063 Θεοῦ
2709 4011 2743 4078 ἡ
2798 4011 2910 4078 ζωὴ
2954 4007 3045 4064 καὶ
3088 4011 3122 4079 ἡ
3168 4008 3458 4084 ἀγαθότης.
3491 4011 3694 4086 Ὥσπερ
3753 4013 3844 4066 οῦν

2201 4096 2290 4150 καὶ
2322 4096 2380 4151 ἐκ
2405 4102 2503 4163 τῆς
2530 4100 2575 4134 ⁸⁵
2605 4097 2934 4175 ἀφαιρέσεως
2964 4097 3054 4153 ἐπὶ
3099 4103 3196 4153 τοῦ
3245 4099 3489 4154 ἐναντίου
3520 4102 3586 4170 ³⁸,
3620 4102 3735 4155 οἷον
3785 4102 3848 4155 τὸ

2203 4183 2506 4258 κραιπαλᾷν
2556 4187 2646 4242 καὶ
2695 4191 2914 4259 μηνιᾷν,
2955 4185 3144 4264 πόρρω
3195 4193 3328 4243 Θεοῦ
3375 4189 3465 4244 καὶ
3524 4187 3800 4264 ἀλλότρια
3831 4209 3844 4222 ⁸

2201 4278 2263 4329 τὸ
2296 4273 2351 4328 δὲ
2384 4276 2522 4346 μήτε
2547 4273 2797 4350 λέγεσθαι
2831 4279 2873 4314 ³⁷
2907 4274 3121 4349 μᾶλλον
3149 4276 3352 4352 πρέπον
3387 4281 3504 4350 Θεῷ
3549 4278 3640 4332 καὶ
3685 4275 3850 4354 ἐγγυ-

2202 4363 2362 4439 τέρω,
2397 4361 2485 4418 διὰ
2511 4365 2573 4419 τὸ
2605 4366 2737 4442 ὑπὲρ
2767 4367 2940 4420 πάντα
2969 4369 3092 4422 νοῦν
3131 4387 3188 4422 τε
3215 4365 3306 4421 καὶ
3339 4365 3531 4433 λόγον.

2693 4477 2803 4526 ΕΙΣ
2842 4477 2927 4530 ΤΟ
2965 4477 3222 4530 ΚΕΦΑΛ.
3266 4475 3346 4534 Δ’.

2276 4557 2418 4617 Οὐδὲ
2475 4558 2526 4614 ἐν
2577 4557 2730 4633 τόπῳ
2805 4559 2970 4620 ἐστίν.
3026 4563 3360 4636 ’Λναγκαίως
3412 4564 3441 4618 6
3496 4564 3684 4640 Πατὴρ
3764 4562 3852 4619 διὰ

447 4653 695 4708 ditorem
723 4671 898 4709 suum
931 4655 1262 4722 confirmat,
1288 4671 1361 4709 ne
1391 4657 1626 4726 propter
1657 4657 1967 4725 sequentes
1997 4671 2077 4709 ne

2205 4648 2408 4704 τούτων
2441 4648 2925 4727 προσησφαλίσατο
2955 4651 3048 4706 τὸν
3087 4653 3382 4727 ἀκροατὴν,
3413 4649 3553 4708 ὥστε
3603 4654 3682 4726 μὴ
3730 4658 3850 4716 ταῖς

447 4741 711 4815 gationes
742 4743 1060 4798 arbitretur
1100 4743 1466 4798 divinitatem
1512 4761 1752 4814 prorsus
1784 4760 1897 4799 non
1929 4758 2093 4813 esse;

448 4832 550 4888 sed
582 4832 640 4887 in
672 4831 765 4887 his
805 4831 1068 4902 quidem,
1103 4830 1262 4886 illam
1313 4848 1440 4887 esse
1473 4831 1812 4903 supposuit;
1870 4832 1928 4886 in
1977 4831 2092 4886 illis

449 4937 601 4989 vero,
634 4919 862 4976 nullum
895 4937 1022 4977 esse
1059 4937 1260 4976 eorum
1295 4938 1419 4992 qua:
1450 4926 1609 4992 sunt,
1644 4922 1743 4977 sed
1777 4921 2093 4977 essentiam

451 5024 750 5081 superare.

1083 5095 1152 5152 IN
1200 5096 1354 5153 CAP.
1396 5096 1462 5152 V.

524 5185 674 5252 Quod
710 5202 809 5243 nec
855 5186 1046 5242 anima
1093 5188 1183 5254 sit,
1236 5201 1408 5257 neque
1457 5202 1629 5242 mens.
1661 5185 1790 5241 Haec
1841 5185 1991 5242 inter
2037 5202 2100 5242 se

453 5271 790 5344 discrepant
819 5275 995 5344 (sicut
1044 5273 1318 5346 superius
1372 5275 1727 5330 declaratum
1757 5276 1865 5345 est)
1902 5292 1914 5330 :
1948 5275 2100 5330 ima-

451 5359 694 5431 ginatio,
736 5363 952 5434 opinio,
983 5364 1152 5432 ratio,
1185 5362 1597 5435 intelligentia,
1621 5379 1747 5434 qua:
1796 5363 1856 5416 in
1908 5367 2100 5418 mente

2204 4739 2323 4809 ἑξῆς
2380 4740 2709 4816 ἀποφάσεσιν
2763 4736 2966 4795 οἷέσθαι
3026 4739 3173 4805 ὅλως
3219 4744 3294 4815 μὴ
3343 4742 3475 4796 εἶναι
3531 4741 3596 4796 τὸ
3655 4744 3799 4798 θεῖον
3835 4761 3846 4775 ·

2205 4825 2332 4881 ἀλλ’
2363 4827 2412 4882 έν
2445 4827 2662 4897 τούτοις
2696 4829 2790 4901 μὶν
2822 4828 2884 4884 τὸ
2912 4829 3046 4884 εἶναι
3077 4829 3208 4887 αὐτὸ
3241 4831 3486 4901 ὑπέθετο,
3526 4829 3582 4886 ἐν
3623 4830 3853 4896 ἐκείνοις

2206 4915 2262 4971 δὲ
2306 4917 2368 4971 τὸ
2423 4916 2511 4970 καὶ
2570 4914 2738 4990 μηδὲν
2797 4922 2905 4974 τῶν
2981 4915 3150 4975 ὄντων
3229 4919 3386 4992 εἶναι,
3437 4916 3564 4976 ἀλλ’
3619 4919 3852 4996 ὑπερθύ-

2207 5025 2344 5062 σιον.

2691 5100 2804 5150 ΕΙΣ
2843 5098 2934 5155 ΤΟ
2975 5098 3242 5154 ΚΕΦΑΛ.
3286 5098 3360 5156 Ε’.

2278 5185 2366 5246 Ὠς
2415 5181 2537 5238 οὔτε
2593 5187 2745 5260 ψυχή
2789 5185 2953 5256 ἐστιν,
3009 5185 3134 5242 οὕτε
3189 5190 3338 5249 νοῦς.
3391 5185 3645 5263 Διαφέρει
3693 5193 3858 5244 ταῦτα

2208 5269 2499 5343 ἀλλήλων,
2532 5273 2606 5335 ὡς
2656 5273 2706 5328 ἐν
2752 5279 2870 5337 τοῖς
2896 5274 3151 5351 ἀνωτέρω
3208 5272 3538 5349 δεδήλωται,
3571 5278 3856 5352 φαντασία,

2211 5358 2357 5433 δόξα,
2393 5359 2583 5436 λόγος,
2616 5363 2823 5435 νόησις,
2857 5361 2890 5418 ἃ
2935 5363 3070 5420 κατὰ
3121 5366 3166 5402 ⁸⁸
3220 5364 3315 5421 τὸν
3365 5369 3490 5421 νοῦν
3549 5372 3854 5442 θεωρεῖται.

1491 5571 1730 5638 VARUE
1759 5570 2061 5628 LECTION
2066 5572 2148 5628 ES
2175 5571 2262 5628 ET
2287 5571 2839 5629 GORRECTIONBS.

525 5729 570 5763 ³³
599 5731 762 5782 ταῦτα
793 5725 869 5785 δέ.
947 5731 992 5765 ³⁸
1023 5726 1296 5802 δυνάμεις.
1378 5736 1420 5768 ³⁵
1449 5731 1535 5786 ἐπὶ
1567 5739 1684 5802 τῆς.

1763 5735 1805 5770 ³⁸
1837 5731 1896 5787 ἐκ
1925 5737 2020 5787 τοῦ
2047 5730 2306 5790 ἐναντίου.

2382 5735 2426 5769 ⁸⁷
2461 5734 2598 5806 μήτε
2627 5734 2884 5790 νοεῖσθαι.
2963 5733 3008 5771 ³⁸
3038 5733 3185 5808 περί.
