4062 6366
236 415 324 471 l129
924 414 985 466 8.
1027 410 1295 466 MAXIMI
1330 409 1633 465 SCHOLIA
1669 409 1744 463 IN
1784 409 1916 463 LIB.
1958 408 2052 462 DE
2090 409 2408 465 MYSTICA
2445 406 2874 464 THEOLOGIA.
3506 412 3613 467 430

239 532 667 612 Προσεπινοητέον
713 527 771 586 δὲ
818 531 880 586 τὸ
926 528 1061 587 κατᾶ
1113 530 1207 586 τὸν
1246 529 1511 605 ἡμέτερον
1546 526 1710 605 λόγον
1767 530 1843 604 μή

2005 530 2428 589 ansiderantur.
2465 532 2640 588 Porro
2682 535 2878 589 mente
2917 532 3317 605 supplendum
3347 539 3459 604 est,
3492 552 3609 593 non

237 623 362 699 ἔχειν
392 620 569 697 λόγον⁵
606 618 813 695 ὁμοίως
862 619 951 675 καὶ
982 618 1170 691 νόησιν
1201 618 1337 675 κατᾶ
1364 620 1465 688 τὴν
1498 618 1550 674 ἐν
1580 622 1697 680 τοῖς
1729 640 1841 674 νοε-

2004 620 2175 677 abere
2223 619 2511 678 rationem
2563 622 2890 679 secundum
2950 628 3211 680 nostram
3269 625 3608 682 rationem:

238 717 339 786 ροῖς
380 708 645 784 κτίσμασι·
677 708 766 764 καὶ
796 708 861 765 τὰ
890 707 1010 780 ἐξῆς
1067 705 1124 763 δὲ
1157 704 1331 771 οὕτως
1363 705 1677 783 ἐκδέχεσθαι
1709 707 1842 783 χρή.

2003 708 2231 765 imiliter
2260 712 2437 765 etiam
2477 709 2926 784 intelligentiam
2961 713 3287 769 secundum
3318 730 3447 770 eam
3481 729 3607 787 qua:

237 798 450 860 Ἄλλως·
486 798 586 855 Καὶ
618 795 701 852 ἐπὶ
733 796 939 853 τούτων
1001 796 1206 871 ὁμοίως
1235 797 1299 852 τὸ
1339 797 1414 859 ὡς
1444 799 1593 870 ἡμᾶς
1653 792 1841 851 εἷδέναι

2007 803 2045 856 st
2084 799 2141 855 in
2183 800 2469 858 creaturis
2520 804 2715 859 mente
2764 800 3053 875 prazditis;
3106 808 3164 859 et
3222 802 3451 877 reliqua
3498 804 3611 861 isto

237 886 412 953 θετέον·
460 891 568 941 τῶν
623 887 733 961 μετ’
786 885 954 958 αὐτήν
984 883 1060 956 δὲ,
1096 883 1310 957 δηλαδὴ
1338 886 1436 956 τὴν
1472 884 1614 941 θείαν
1669 885 1841 960 φύσιν¹

2008 890 2131 946 ιοᾶο
2181 887 2539 963 accipienda.
2572 891 2754 947 Aliter
2782 910 2800 946 :
2833 892 2903 947 Et
2940 890 3033 948 his
3066 890 3359 962 similiter,
3393 898 3458 949 ut
3506 909 3612 952 nos

234 976 450 1031 τουτέστι
500 977 605 1029 τῶν
654 974 964 1049 κτισμάτων
991 974 1085 1038 τὰς
1129 975 1297 1039 θέσειν
1357 975 1628 1030 ποιεῖσθαι
1686 973 1838 1051 φησὶν

2004 976 2240 1050 :iamus,
2271 980 2629 1051 ponendum,
2652 997 2855 1037 eorum
2890 996 3015 1053 qua:
3048 996 3177 1037 eam
3212 978 3436 1037 scilicet
3462 981 3608 1039 divi-

235 1064 281 1120 ἐν
306 1068 376 1135 τῷ
426 1060 595 1140 λέγειν
649 1063 790 1133 ζωὴν
843 1063 878 1133 ἢ
924 1067 1039 1143 φῶς
1086 1064 1221 1119 κατᾶ
1246 1063 1313 1119 τὰ
1344 1063 1395 1118 ἐν
1426 1068 1541 1126 τοῖς
1568 1066 1839 1140 γεννητοῖς

2005 1083 2092 1124 am
2126 1072 2396 1124 naturam
2427 1072 2781 1142 sequuntur,
2806 1069 2864 1125 id
2896 1074 2984 1127 est
3014 1073 3420 1127 creaturarum
3452 1072 3609 1143 posi-

235 1150 573 1227 θεωρούμενα,
604 1150 655 1224 ἐξ
686 1152 759 1207 ὧν
812 1151 905 1208 τὸν
944 1155 1111 1209 ταῦτα
1154 1151 1531 1224 ὑποστήσαντα
1563 1151 1839 1225 ἐννοοῦμεν

2011 1172 2148 1213 ones
2179 1156 2303 1213 fieri
2335 1158 2435 1227 ait,
2468 1175 2602 1213 cum
2653 1159 2870 1214 dicitur
2900 1159 3019 1215 vita
3058 1164 3161 1215 aut
3206 1160 3402 1216 lumen
3446 1162 3615 1234 juxta

229 1241 305 1296 καὶ
335 1239 391 1296 οὐ
435 1247 534 1311 τῆς
580 1238 746 1297 αὐτοῦ
785 1238 999 1319 φύσεως
1026 1240 1116 1298 διὰ
1141 1241 1349 1298 τούτων
1383 1242 1525 1297 θέσιν
1556 1243 1674 1297 τινὰ
1704 1237 1833 1296 εῗσὰι

2009 1245 2062 1302 Ia
2092 1263 2219 1319 quae
2262 1246 2323 1302 in
2365 1247 2801 1320 generabilihus
2833 1249 3245 1321 advertuntur,
3277 1265 3346 1305 ex
3395 1248 3613 1321 quibus

229 1350 394 1406 γομεν·
426 1329 510 1384 καὶ
554 1328 719 1386 πάλιν
772 1328 1047 1407 ἀφαίρεσιν
1080 1335 1343 1405 ποιοῦμεν
1376 1334 1456 1403 τῷ
1484 1330 1621 1386 κατᾶ
1680 1326 1833 1403 μηδὶπ

2014 1352 2097 1391 1m
2126 1336 2222 1408 qui
2257 1335 2378 1391 haec
2399 1336 2663 1393 condidit
2694 1336 3083 1411 intelligimus
3109 1356 3121 1395 :
3148 1355 3263 1395 non
3294 1342 3489 1395 autem
3513 1354 3618 1412 per

229 1416 411 1474 τούτων
445 1416 571 1474 εἶναι
605 1415 786 1494 λέγειν
817 1418 880 1475 τὸ
912 1421 1076 1477 θεῖον.

2009 1440 2083 1479 zec
2114 1425 2431 1495 quamdam
2457 1429 2678 1482 naturae
2701 1427 2829 1498 ejus
2864 1426 3214 1500 positionem
3242 1427 3613 1499 inducimus;

1961 1528 2287 1586 rursusque
2317 1513 2738 1572 detractionem
2780 1514 3027 1573 facimus
3058 1516 3304 1572 dicendo
3336 1516 3613 1573 divinita-

1960 1604 2080 1656 tem
2114 1599 2173 1656 in
2206 1600 2366 1658 nullo
2397 1600 2609 1659 horum
2639 1620 2786 1661 esse.

286 1685 416 1745 Οὐδὲ
468 1685 545 1760 ἐν,
608 1684 736 1746 οὐδὲ
793 1686 1004 1761 ἑνότης.
1063 1688 1416 1767 Διαφὲρουσιν
1476 1686 1740 1761 ἀλλήλων
1796 1685 1849 1744 ἓν

2033 1687 2139 1745 Nec
2167 1706 2360 1758 unum,
2393 1707 2492 1746 nec
2531 1692 2736 1750 unitas.
2763 1692 3053 1749 Dill‘erunt
3085 1693 3235 1750 inter
3268 1710 3330 1750 se
3355 1711 3530 1750 unum
3558 1698 3616 1750 et

224 1775 299 1830 καὶ
344 1773 549 1848 ἑνότηςο
586 1777 650 1833 τὸ
685 1779 779 1852 μὶν
811 1780 915 1856 γὰρ
953 1775 1122 1850 δηλοῖ
1164 1780 1228 1834 τὸ
1264 1778 1670 1857 ὑπερκείμενον,
1699 1777 1762 1834 τὸ
1795 1774 1828 1831 δ

2007 1780 2176 1843 nitas;
2205 1778 2351 1835 illud
2390 1779 2545 1837 enim
2594 1781 2888 1855 significat
2934 1782 3288 1854 subjectum,
3324 1783 3423 1839 illa
3473 1800 3611 1839 vero

223 1864 308 1932 τὴν
329 1864 585 1937 τοιαύτην
618 1865 907 1939 ποιότητα,
968 1866 1147 1943 ὥσπερ
1179 1869 1369 1923 λευκὸν
1415 1869 1502 1923 καὶ
1565 1866 1827 1938 λευκότης

2010 1866 2138 1925 dem
2184 1868 2552 1943 qualitatem,
2588 1871 2740 1927 sicut
2788 1868 2986 1927 album
3043 1872 3269 1944 albedo,
3304 1872 3523 1929 bonum
3557 1876 3614 1929 et

225 1918 399 2028 ἀραθιν
428 1918 846 2031 aranei}:
858 1918 958 2028 ’Ξη
970 1918 1239 2031 galia"
1251 1918 1336 2012 ἐξ
1354 1918 1829 2027 ’δέΪόίςζζξόέᾸ

2004 1918 2138 1925 ---_-
2187 1918 2552 1943 ,πω---κη
2588 1918 2740 1927 η---
2788 1918 2986 1927 νη...
3043 1918 3269 1944 ωηεν,
3305 1918 3523 1929 -.........
3559 1918 3608 1929 ν.

2004 1956 2211 2014 onitas.
2234 1955 2381 2015 Nota
2401 1975 2533 2015 vero
2557 1958 2708 2032 quod
2742 1976 2847 2016 nec
2871 1959 3149 2016 divinitas
3171 1961 3249 2016 sit
3280 1960 3378 2017 Dei
3409 1977 3608 2017 essen-

220 2063 305 2112 της
337 2040 483 2099 οὐσία
511 2040 633 2100 ἐστὶ
662 2048 757 2100 τοῦ
790 2049 944 2120 Θεοῦ,
980 2045 1161 2122 ὥσπερ
1193 2043 1319 2103 οὐδὲ
1346 2043 1400 2101 ἓν
1446 2068 1497 2101 τι
1547 2050 1652 2101 τῶν
1704 2044 1823 2123 εἶρη

2007 2063 2059 2113 a,
2085 2046 2237 2102 sicut
2268 2063 2454 2104 unam
2488 2064 2688 2104 eorum
2719 2065 2849 2120 quae
2881 2048 3036 2106 dicta
3067 2053 3227 2121 sunt,
3250 2066 3355 2105 nec
3387 2047 3610 2120 aliquid

225 2129 395 2203 μενων,
425 2129 547 2188 οὐδὲ
588 2126 697 2189 τῶν
743 2133 994 2191 ἐναντίων
1045 2136 1253 2198 αὐτοῖς·
1316 2133 1400 2191 διὸ
1459 2133 1614 2191 οὐδὲν
1669 2136 1829 2191 αὐτῶε

2007 2135 2192 2192 lorum
2222 2152 2348 2208 quae
2399 2136 2544 2209 ipsis
2589 2138 2909 2208 contraria;
2945 2155 3071 2211 quas
3125 2137 3356 2195 nullum
3407 2154 3611 2195 eorum

218 2216 359 2278 ἐστιν.
407 2221 484 2279 Οὐ
537 2224 650 2299 γάρ
709 2222 818 2279 ἐστι
866 2228 1033 2279 ταῦτα
1089 2224 1247 2280 οὐσία
1298 2224 1482 2297 αὐτοῦ,
1533 2222 1679 2282 ἀλλᾶ
1723 2222 1822 2295 δόξ‹

2009 2227 2065 2281 ιι.
2090 2226 2224 2297 Ipsa
2253 2223 2410 2280 enim
2443 2242 2559 2281 non
2610 2231 2750 2283 sunt
2797 2226 2926 2298 ejus
2976 2226 3253 2299 essentia,
3280 2229 3381 2283 sed
3416 2226 3613 2299 opinio

217 2309 321 2383 περὶ
368 2309 547 2367 αὐτόν·
591 2309 749 2370 Οὕτω
780 2314 871 2369 καὶ
922 2312 1115 2385 Σέξτος
1144 2316 1172 2369 ὁ
1210 2311 1659 2386 ἐκκΛησιαστικὸς
1689 2311 1818 2392 φιλό

2012 2330 2109 2369 rca
2138 2310 2357 2386 ipsum.
2391 2312 2482 2369 Sic
2531 2314 2708 2371 etiam
2742 2315 2953 2373 Sextus
2985 2314 3378 2389 philosOphus
3421 2315 3609 2372 eccle-

217 2418 359 2477 σοφος
386 2400 517 2474 εἶπε,
542 2399 640 2457 καὶ
672 2402 700 2456 6
731 2400 989 2478 θεολόγος
1012 2403 1318 2480 Γρηγόριος
1352 2401 1403 2459 ἐν
1433 2408 1512 2476 τῷ
1540 2403 1710 2479 τρίτῳ
1738 2406 1821 2457 τῶε

2012 2403 2232 2458 asticus
2264 2401 2428 2470 dixit,
2463 2407 2521 2459 et
2552 2403 2868 2477 Gregorius
2898 2405 3226 2477 theologus,
3261 2420 3366 2459 nec
3398 2402 3608 2458 divini-

215 2484 526 2565 Θεολογικῶν
562 2489 752 2559 αὐτοῦ,
779 2490 854 2555 ὡς
884 2488 1006 2546 οὔτε
1036 2493 1118 2564 [ἡ]
1172 2492 1384 2563 θεότης,
1418 2490 1540 2546 οὔτε
1589 2492 1651 2547 τὸ
1695 2490 1814 2565 ἀγὲν

2003 2493 2135 2546 item
2169 2506 2274 2547 nec
2307 2490 2656 2563 ingenitum,
2687 2509 2792 2548 nec
2822 2491 3240 2565 paternitatem
3272 2491 3607 2564 signiﬁcare

211 2595 373 2648 νητον,
402 2575 524 2634 οὔτε
560 2581 600 2650 ἡ
632 2578 910 2655 πστρότης
940 2579 1124 2636 οὐσίαν
1158 2581 1487 2655 σημαίνουσι
1519 2585 1674 2638 Θεοῦ.

824 2600 910 2651 της
940 2579 1124 2636 οὐσίαν
1158 2581 1487 2655 σημαίνουσι
1519 2585 1674 2638 Θεοῦ.
1955 2576 2058 2635 Dei
2089 2579 2428 2636 essentiam.

272 2661 398 2722 Οὐδὶ
426 2666 654 2739 θεότης,
696 2669 732 2739 ἢ
781 2666 1071 2745 ἆγαθότης.
1124 2668 1441 2743 Σημείωσαι
1501 2667 1561 2725 δὲ
1612 2669 1702 2726 καὶ
1763 2667 1845 2724 ὅτι

2024 2670 2209 2741 Neque
2236 2667 2524 2737 divinitas,
2548 2686 2725 2744 neque
2756 2669 2989 2727 bonitas.
3012 2668 3163 2726 Nota
3185 2686 3320 2726 eum
3354 2685 3460 2726 nec
3481 2685 3611 2726 esse

214 2749 321 2808 οὐδὲ
350 2756 573 2831 ΙΙνεῦμά
604 2756 769 2825 ἐστιν,
792 2757 867 2820 ὡς
898 2759 1045 2831 ἡμΞς
1075 2755 1297 2829 είδέναι,
1329 2754 1453 2816 οὔτε
1482 2757 1692 2831 υἱότης,
1726 2755 1818 2814 οὔτ

2006 2754 2241 2829 piritum
2273 2762 2337 2814 ut
2370 2774 2474 2815 nos
2524 2758 2808 2827 sciamus,
2840 2776 2945 2815 nec
2998 2759 3284 2815 rationem
3319 2757 3471 2826 Filii,
3506 2774 3610 2815 nec

213 2844 486 2917 πατρότης.
518 2846 627 2900 Καὶ
660 2845 722 2900 τὸ
762 2843 837 2908 ὡς
868 2848 1017 2919 ἡμᾶς
1058 2844 1254 2902 εἷδέναι
1304 2847 1391 2902 ἐπὶ
1438 2847 1616 2919 πάσης
1644 2855 1743 2917 τῆς
1792 2845 1816 2901 ἐ

2002 2843 2237 2903 itionem
2291 2847 2472 2903 Patris
2522 2864 2625 2903 seu
2675 2848 3112 2922 paternitatem,
3144 2851 3201 2904 et
3229 2846 3291 2901 τὸ
3336 2846 3409 2907 ὡς
3456 2847 3606 2918 ἡμᾶς

216 2936 315 2994 τοῖς
342 2932 730 3010 προκειμένοις
759 2932 1080 3013 ἀποφάσεως
1108 2930 1259 2992 λαϐὲ·
1297 2932 1463 3008 δηλοῖ
1504 2933 1561 2992 δὲ
1601 2937 1663 2991 τὸ
1712 2957 1820 2992 κατι

2007 2930 2154 2988 δέναι
2187 2941 2437 3009 usurpat
2465 2935 2523 2992 in
2552 2937 2713 2993 omni
2746 2937 3020 3011 praesenti
3051 2935 3383 3010 negatione.
3413 2935 3604 3008 Signi-

212 3021 295 3091 τὴν
324 3023 598 3101 ἡμετέραν
623 3020 851 3094 εἷῦησιν.

1956 3023 2090 3082 ficat
2117 3041 2252 3081 vero
2283 3026 2584 3083 secundum
2614 3029 2864 3083 nostram
2893 3027 3205 3084 scientiam.

271 3106 396 3166 Οὐδὲ
475 3115 552 3169 τὰ
638 3109 766 3169 ὄντα
848 3112 1099 3191 γινώσκει
1131 3157 1146 3172 .
1226 3116 1320 3185 Μή
1407 3136 1465 3169 σε
1535 3114 1848 3189 ταρασσέτω

2025 3113 2206 3187 Neque
2236 3132 2357 3188 qua:
2385 3120 2512 3172 sunt
2541 3118 2843 3186 cognoscit.
2878 3117 3029 3174 239
3062 3117 3187 3172 Non
3224 3119 3276 3172 te
3305 3115 3612 3188 perturbet

206 3198 256 3252 τὸ
314 3199 612 3279 κεφάλαιον
688 3206 852 3259 τοῦτο
915 3202 1005 3257 καὶ
1063 3201 1288 3277 νομίσης
1350 3202 1698 3280 βλασφημεῖν
1754 3202 1810 3258 τὸ

2009 3218 2065 3259 oc
2088 3209 2286 3275 caput,
2311 3209 2496 3261 etnec
2517 3204 2783 3260 divinum
2810 3205 2966 3261 hunc
2988 3205 3179 3261 virum
3202 3204 3613 3277 blasphemare

207 3293 330 3350 θεῖον
393 3295 600 3346 τοῦτον
658 3286 861 3368 ἄνδρα*
919 3291 1122 3353 σκοπὸς
1180 3291 1280 3368 γὰρ
1336 3279 1483 3366 αὐτῷ
1533 3288 1699 3364 δεῖξαι
1755 3293 1811 3347 τὸ

2007 3296 2160 3362 utes;
2194 3310 2408 3365 scopus
2439 3295 2597 3350 enim
2630 3294 2759 3365 ejus
2791 3298 2880 3351 est
2909 3294 3215 3350 ostendere
3245 3297 3427 3349 Deum
3462 3291 3611 3348 nihil

201 3376 313 3432 Θεὸν
360 3376 544 3452 μηδὲν
593 3382 700 3434 τῶν
761 3375 933 3436 ὄντων
981 3375 1133 3452 ὅντα,
1181 3376 1307 3436 ἀλλ’
1339 3379 1468 3455 ὑπὲρ
1498 3381 1566 3436 τὰ
1594 3377 1741 3436 ὅνταο
1794 3401 1805 3435 ι

2004 3398 2081 3439 sse
2110 3398 2311 3439 eorum
2343 3400 2472 3455 quas
2522 3386 2681 3454 sunt,
2715 3384 2817 3441 sed
2870 3399 3175 3455 superare;
3205 3382 3255 3439 si
3286 3379 3444 3438 enim
3479 3381 3608 3453 ipse

202 3464 287 3540 γὰρ
318 3466 382 3523 τὰ
438 3468 626 3525 πάντα
681 3467 839 3532 αὐτὸς
889 3464 1299 3546 δημιουργήσας
1352 3471 1666 3547 παρήγαγε,
1724 3473 1806 3524 πῶ

2005 3470 2152 3527 nuia
2204 3472 2456 3527 creando
2511 3472 2872 3544 produxerit,
2922 3471 3216 3544 quomodo
3274 3469 3609 3525 invenietur

204 3550 306 3630 ἔχει
334 3558 629 3630 εὑρεθῆναι
682 3554 738 3613 ἓν
764 3579 818 3614 τι
848 3561 955 3613 τῶν
984 3551 1193 3630 ὅντωνς
1250 3560 1362 3615 εἶπε
1404 3558 1527 3635 γὰρ,
1586 3558 1669 3614 ὅτι
1715 3556 1808 3614 οὐδ

2000 3576 2079 3616 sse
2112 3577 2294 3616 unum
2326 3576 2528 3616 eorum
2580 3578 2705 3633 quae
2740 3560 2919 3617 sunt?
2950 3560 3096 3616 dixit
3133 3558 3313 3630 enim,
3348 3558 3504 3631 quod
3536 3574 3604 3613 ea

202 3641 259 3696 τὰ
294 3639 417 3701 ὅντα
460 3646 732 3722 γινώσκει
787 3648 878 3703 τὸν
911 3645 1124 3703 πάντων
1159 3643 1331 3703 αἴτιον
1362 3648 1512 3704 Θεόν·
1568 3653 1729 3704 τοῦτο
1787 3645 1806 3703 ὸ

1998 3666 2077 3704 usa
2109 3652 2250 3705 sunt
2280 3648 2524 3705 minime
2558 3653 2737 3706 Deum
2761 3649 3028 3704 omnium
3062 3651 3362 3704 auctorem
3394 3661 3602 3718 cogno-

206 3732 436 3790 ἀπώλεια
509 3736 705 3815 σαφὴς,
735 3735 797 3790 τὸ
830 3737 907 3809 μή
957 3737 1243 3811 γινώσκειν
1275 3736 1422 3793 Θεόν·
1457 3734 1604 3792 ἀλλὰ
1628 3738 1810 3812 ταχέω

1996 3742 2148 3807 sant;
2184 3737 2532 3796 manifestus
2574 3743 2771 3796 autem
2807 3737 3106 3808 interitus,
3137 3736 3319 3793 Deum
3356 3752 3470 3790 non
3505 3750 3600 3791 co-

206 3819 322 3879 αὐτὸ
350 3823 700 3904 ἐσαφήνισεν,
735 3823 901 3880 είπὼν
932 3826 971 3898 ᾗ
1014 3825 1173 3891 αὐτός
1219 3826 1349 3897 ἐστι,
1398 3828 1695 3896 τουτέστιν,
1753 3822 1810 3881 οὐ

1995 3843 2234 3883 noscere
2266 3844 2279 3882 :
2314 3830 2375 3883 at
2420 3844 2554 3883 mox
2604 3826 2864 3900 seipsum
2897 3826 3218 3883 declaravit
3263 3841 3397 3881 cum
3431 3822 3598 3892 dixit,

210 3908 285 3965 ὃὶν
336 3917 442 3969 τῶν
504 3908 676 3970 ὄντων
732 3912 981 3988 γινώσκει
1042 3916 1194 3987 Θεὸν,
1242 3917 1358 3971 καθ’
1408 3916 1436 3970 ’ὀ
1468 3914 1625 3977 αὐτός
1680 3915 1814 3972 ἐστιν

1999 3921 2248 3973 uatenus
2305 3920 2424 3984 est,
2474 3917 2533 3972 id
2592 3924 2677 3973 est
2730 3915 2958 3972 nullum
3017 3932 3220 3972 eorum
3278 3932 3406 3987 qua
3462 3916 3603 3969 sunt

209 4000 314 4057 ἀντὶ
339 4008 437 4059 τοῦ
465 4004 573 4073 τὴν
623 4003 936 4074 ἀνεννόητον
963 4004 1053 4060 καὶ
1085 4004 1404 4080 ὑπερούσιον
1437 4005 1620 4061 οὐσίαν
1653 4007 1813 4062 αὐτοῐ

2007 4022 2138 4062 eum
2181 4005 2481 4079 cognoscit
2510 4009 2802 4077 quatenus
2832 4009 2943 4077 est,
2976 4022 3100 4078 pro,
3137 4002 3381 4060 minime
3429 4000 3604 4057 intel-

209 4088 239 4159 ἢ
292 4090 522 4170 ὕπαρξιν
581 4093 696 4147 καθ’
749 4093 817 4162 ἣν
876 4094 1157 4169 ὑπάρχει·
1218 4092 1426 4169 εἷρηται
1472 4096 1596 4171 γάρ·
1656 4092 1813 4153 Οὐδεὶ

2003 4092 2240 4168 gibilem
2275 4101 2333 4151 et
2361 4094 2619 4151 essentia
2650 4093 3012 4168 superiorem
3043 4110 3173 4149 esse
3215 4091 3376 4148 illius
3406 4107 3606 4148 essen-

206 4180 449 4252 γινώσκει
485 4178 579 4235 τὸν
612 4179 734 4235 Υὶὸν
771 4179 820 4235 εἷ
851 4184 927 4255 μὴ
988 4182 1015 4237 6
1069 4183 1279 4257 Πατὴρ,
1334 4179 1463 4237 οὐδὲ
1511 4183 1600 4238 τὸν
1639 4182 1810 4259 ΙΙατέρ

2011 4202 2125 4254 am,
2176 4184 2264 4240 vel
2321 4182 2723 4240 exsistentiam
2774 4200 2889 4253 qua
2939 4181 3214 4237 exsistit:
3265 4180 3406 4236 dicit
3452 4178 3610 4236 enim

206 4288 279 4329 τις
307 4268 682 4347 ἐπιγινώσκει,
739 4268 785 4324 εἲ
845 4272 921 4344 μὴ
982 4272 1009 4325 6
1040 4270 1185 4335 Υἱός.
1236 4272 1338 4328 Καὶ
1374 4272 1433 4326 ἐκ
1467 4276 1565 4327 τοῦ
1612 4270 1810 4328 ἐναντίο

2013 4274 2265 4344 criptura
2298 4291 2310 4329 :
2344 4274 2510 4329 Nemo
2557 4274 2707 4327 novit
2758 4270 3004 4339 Filium,
3056 4272 3167 4325 nisi
3208 4271 3395 4338 Pater,
3442 4282 3617 4339 neque

208 4354 380 4435 ἐπάγει
414 4361 445 4414 6
484 4359 651 4435 μέγας
679 4357 981 4429 Διονύσιος,
1029 4358 1118 4414 καί
1148 4381 1333 4436 φησιν,
1366 4361 1475 4433 [καὶ
1535 4362 1617 4416 ὅτι
1676 4359 1812 4416 οὐδεῖ

2015 4367 2187 4418 utrem
2234 4362 2355 4433 quis
2396 4361 2545 4416 novit
2593 4361 2709 4415 nisi
2754 4359 3121 4432 Fitius(i-k);
3175 4362 3352 4428 atque
3400 4373 3432 4411 a
3479 4371 3619 4410 con-

208 4446 457 4520 γινώσκει
488 4447 581 4502 τὸν
612 4447 741 4502 Θεὸν
774 4446 810 4521 ᾗ
838 4445 1027 4520 ἐστὶν,]
1082 4445 1208 4503 οὐδὲ
1236 4449 1397 4511 αὐτὸς
1450 4448 1477 4503 6
1522 4449 1651 4512 Θεὸς
1698 4454 1812 4526 γινιέ

2015 4452 2147 4508 'ario
2180 4451 2342 4507 addit
2384 4465 2638 4522 magnus
2690 4449 3025 4522 Dionysius,
3060 4448 3259 4518 aitque
3288 4446 3493 4516 [Nemo
3525 4460 3619 4499 co-

214 4553 321 4589 σκει
376 4535 448 4590 τὰ
497 4533 621 4590 ὄντα
676 4534 713 4609 ᾖ
771 4532 901 4590 ὄντα
946 4534 1079 4606 ἐστὶ,
1127 4534 1399 4592 τουτέστιν
1434 4536 1534 4592 οὐκ
1564 4532 1705 4592 οἶδεν
1736 4534 1818 4592 ἐπι

2023 4538 2199 4596 noscit
2228 4536 2412 4595 Deum
2440 4554 2557 4610 qua
2584 4539 2716 4609 est],
2745 4554 2850 4593 nec
2880 4539 3007 4610 ipse
3040 4541 3190 4593 Deus
3222 4534 3525 4607 cognoscit
3554 4549 3627 4589 ea

217 4617 437 4679 ϐάλλειν
469 4628 588 4685 τοῖς
642 4622 920 4695 αἰσθητοῖς
952 4623 1244 4696 αἰσθητῶς,
1301 4624 1337 4694 ἢ
1392 4630 1510 4688 ταῖς
1550 4624 1757 4687 οὐσίαις
1787 4625 1821 4679 ci

2024 4647 2100 4685 uae
2145 4632 2281 4684 sunt
2308 4632 2601 4701 quatenus
2644 4631 2802 4694 sunt,
2838 4626 2897 4681 id
2949 4630 3058 4697 est,
3093 4624 3280 4682 nescit
3323 4624 3628 4679 intendere

221 4711 447 4777 οὐσίαις.
502 4710 770 4768 ἀνοίκειον
798 4712 902 4789 γὰρ
933 4717 1094 4770 τοῦτο
1144 4714 1280 4786 Θεῷ·
1338 4715 1389 4769 οἱ
1439 4714 1542 4791 γὰρ
1588 4711 1825 4791 ἅνθρωπι

2022 4718 2293 4775 εηεὶιὶὺυε
2316 4718 2490 4773 modo
2513 4715 2800 4784 sensibili,
2818 4719 2919 4771 aut
2940 4715 3215 4771 essentiis
3237 4718 3303 4769 ut
3322 4710 3626 4779 essentiis;

219 4800 283 4856 τὰ
310 4800 547 4874 αἰσθητὰ
573 4803 608 4872 ἢ
643 4798 734 4857 διὰ
763 4800 906 4876 θέας,
954 4802 989 4872 ἢ
1032 4801 1290 4878 γεύσεως,
1345 4801 1381 4871 ἢ
1442 4804 1584 4881 ἁφῆς
1634 4808 1823 4877 νοοῦμε

2025 4807 2123 4862 lud
2155 4806 2312 4863 enim
2336 4805 2447 4861 Deo
2472 4822 2589 4860 non
2622 4804 2894 4860 convenit
2918 4822 2930 4859 :
2957 4821 3065 4860 nos
3089 4803 3329 4876 quidem
3360 4799 3629 4856 homines

222 4889 272 4944 τί
300 4890 427 4945 εἰσίο
489 4889 559 4945 τὰ
586 4888 645 4946 δὲ
672 4890 845 4962 νοησὰ
874 4891 980 4947 ἀπὸ
1032 4892 1341 4965 μαθήσεως,
1401 4892 1436 4962 ἢ
1496 4889 1826 4948 διδασκαλίω

2029 4894 2285 4952 ιιιεὶιίιιιτι
2318 4898 2589 4949 naturam
2639 4900 2741 4949 aut
2769 4893 2923 4962 visu,
2956 4896 3057 4947 aut
3096 4893 3297 4962 gustu,
3322 4893 3424 4944 aut
3471 4890 3633 4942 tactu

221 4978 255 5048 ἢ
285 4976 617 5054 ἐλλάμψεως
647 4974 1136 5054 καταλαμϐάνομεν
1154 4982 1220 5039 ³³.
1252 4981 1314 5037 Ὁ
1347 4977 1405 5035 δὲ
1452 4981 1581 5042 Θεὸς
1633 4979 1762 5036 οὐδὲ
1818 4980 1825 5035 i

2030 4982 2365 5055 ltelligimus
2400 5000 2413 5038 :
2447 4987 2506 5038 at
2551 4981 2955 5054 intelligibilia
3005 4979 3221 5045 studio,
3260 4981 3362 5033 aut
3407 4976 3634 5030 instru-

224 5066 341 5130 ἐνὸς
370 5069 578 5143 τρόπου
628 5067 883 5123 τοιούτου
935 5065 1048 5123 οἶδε
1074 5067 1142 5123 τὰ
1193 5064 1321 5123 ὅντα
1352 5066 1499 5123 ἀλλὰ
1527 5072 1722 5144 γνῶσιν
1752 5066 1828 5143 ἓχι

2033 5071 2171 5127 .ione
2192 5074 2293 5127 aut
2314 5070 2707 5127 illustratione
2730 5068 3302 5142 comprehendimus.
3331 5066 3483 5120 Deus
3505 5077 3637 5118 vero

221 5156 318 5225 τήν
353 5156 499 5229 αὐτῷ
523 5158 853 5232 πρέπουσαν·
896 5162 1059 5213 τοῦτο
1086 5156 1188 5233 ¹γὸιρ
1249 5157 1538 5213 αἰνίττεται
1592 5158 1656 5213 τὸ
1707 5157 1825 5234 ῤηί

2038 5158 2141 5215 ιιιο
2164 5159 2375 5216 horum
2397 5161 2708 5215 modorum
2733 5157 2895 5213 novit
2912 5174 2981 5213 ea
3000 5174 3129 5228 quac
3152 5159 3315 5225 sunt,
3331 5153 3434 5210 sed
3460 5150 3642 5207 habet

223 5244 285 5298 τὸ
314 5244 495 5321 λέγον,
542 5247 605 5304 Ὀ
667 5242 828 5309 εἷ’δὼς
884 5245 951 5301 τὰ
1006 5248 1183 5302 πάντα
1226 5246 1352 5321 πρὶν
1384 5243 1644 5321 γενέσεως
1676 5245 1827 5301 αὐτῶπ

2036 5248 2378 5321 »εηὶιὶοηοω
2408 5248 2521 5304 sibi
2541 5248 3044 5304 accommodatam
3069 5271 3083 5313 ;
3115 5244 3226 5300 hoc
3259 5242 3415 5299 enim
3444 5240 3640 5311 Scrip-

225 5330 362 5410 ὅπερ
394 5331 563 5405 δηλοῖ
592 5336 675 5391 ὅτι
709 5335 771 5391 οὐ
802 5336 938 5391 κατὰ
963 5336 1055 5391 τὸν
1106 5332 1275 5412 λόγον
1304 5342 1404 5406 τῆς
1460 5334 1718 5413 γενέσεως
1766 5340 1829 5390 τᾶ

2032 5354 2116 5394 Ira
2145 5336 2408 5393 insinuat
2430 5353 2565 5393 cum
2587 5335 2765 5392 dicit:
2792 5337 2898 5404 Qui
2926 5337 3080 5391 novit
3106 5335 3300 5391 omnia
3329 5336 3636 5401 antequam

310 5487 445 5561 (i-k)
478 5490 687 5548 Matth.
718 5506 801 5561 ιι,
828 5492 923 5551 27.

1265 5615 1505 5674 VARIE
1537 5615 1923 5673 LECTIONES
1954 5618 2039 5670 ET
2068 5612 2621 5673 CORRECTIONES.

325 5727 369 5764 ³³
396 5721 930 5803 καταλαμϐάνονται.
