4062 6366
421 343 522 400 431

1237 346 1603 399 APPENDIX
1637 347 1734 398 AD
1771 343 2012 399 OPERA
2046 344 2105 396 8.
2145 340 2458 398 DIONYSII
2497 343 2999 400 AREOPAGITE.

3722 343 3826 401 432

421 469 615 537 ﬁerent
635 467 720 538 (ι),
743 467 898 539 quod
931 465 1189 523 declarat
1209 465 1396 522 Deum
1445 483 1559 523 non
1592 482 1942 539 cognoscere
1970 463 2057 519 illa

2185 459 2354 518 ὄντων
2384 461 2521 519 οἶδεν
2556 463 2692 519 αὐτά
2716 465 2743 519 ὁ
2775 464 2903 526 Θεὸς
2933 462 3086 540 [ὅπερ
3127 462 3269 518 ἐστὶν
3321 463 3618 534 αἰσθητῶς,
3663 463 3827 540 ἀλλὰ]

425 571 552 628 quze
583 559 724 612 sunt
753 555 1080 612 secundum
1124 556 1414 611 rationem
1447 554 1841 628 generationis
1870 569 2073 610 eorum

427 645 558 716 [hoc
589 648 678 700 est
719 643 1122 716 sensibiliter],
1155 645 1254 700 sed
1304 645 1628 700 secundum
1661 643 1842 700 alium
1872 642 2074 716 cogni-

423 732 603 789 tionis
629 732 892 788 modum.
924 732 1132 806 Angeli
1165 732 1405 805 quidem
1445 733 1544 788 illa
1575 735 1940 804 cognoscunt
1967 748 2072 787 no-

422 821 623 876 scendi
645 821 924 878 facultate
949 823 1200 877 etmodo
1223 820 1622 888 immateriali,
1645 837 1762 876 non
1784 820 1936 876 sicut
1962 836 2070 875 nos

419 910 716 978 sensibili;
739 910 824 966 sic
838 911 1202 983 igituretiam
1217 910 1372 966 Deus
1395 911 1617 981 absque
1633 908 2070 981 comparatione

416 1002 475 1054 et
504 999 1112 1069 transcendentaliter,
1144 1017 1257 1055 non
1300 1005 1495 1055 autem
1538 998 1809 1055 essentiis
1839 998 2068 1053 incum-

415 1088 561 1143 ben
594 1088 757 1145 novit
787 1105 854 1145 ea
883 1105 1010 1160 quae
1059 1092 1218 1145 sunt.
1247 1089 1444 1145 Aliter.
1479 1084 1561 1144 Τὰ
1590 1081 1720 1141 ὅντα
1749 1104 1854 1144 seu
1903 1103 2067 1142 crea-

411 1181 558 1232 turae
587 1193 706 1233 non
739 1181 990 1250 possunt
1029 1175 1522 1232 intellectionibus
1557 1193 1738 1248 supra
1768 1174 2064 1247 propriam

413 1270 683 1321 naturam
717 1265 950 1322 extendi
984 1284 997 1323 :
1034 1265 1238 1322 merito
1280 1264 1460 1338 igitur
1490 1265 1717 1336 seipsas
1750 1263 2066 1336 inspicien-

410 1359 521 1421 tes,
543 1353 805 1410 divinam
836 1354 1115 1426 ignorant
1153 1358 1448 1423 naturam,
1473 1356 1765 1425 quatenus
1795 1351 1926 1424 ipsa
1954 1354 2063 1408 est.

413 1441 508 1498 Sic
538 1441 719 1515 igitur
748 1442 946 1498 divina
967 1446 1176 1499 natura
1196 1443 1453 1514 seipsam
1483 1441 1741 1510 intuens,
1760 1457 1875 1496 non
1906 1440 2068 1497 novit

411 1532 471 1586 in
506 1547 569 1587 se
599 1529 702 1587 illa
732 1548 860 1603 quae
892 1535 1034 1587 sunt
1063 1531 1391 1587 secundum
1417 1529 1683 1586 essentia;
1712 1528 1948 1586 illorum
1979 1546 2070 1586 ra-

411 1619 660 1688 tionem;
697 1619 801 1675 hoc
833 1618 990 1674 enim
1032 1618 1350 1675 declaravit
1393 1635 1527 1674 cum
1577 1618 1744 1689 dixit,
1771 1623 2064 1691 quatenus

410 1711 552 1764 sunt
589 1708 767 1778 entia,
800 1708 1084 1780 quoniam
1133 1711 1375 1780 superat
1406 1708 1607 1764 omnia
1636 1724 1765 1778 quae
1815 1712 1973 1777 sunt,
2007 1711 2064 1763 et

409 1797 579 1897 modo
607 1797 928 1854 essentiam
972 1798 1240 1853 vincente
1284 1797 1537 1868 exsistit,
1571 1796 1829 1869 alioquin
1860 1795 2061 1852 nullus
2090 1834 2138 1900 B

405 1885 618 1942 dixerit
654 1887 840 1943 Deum
888 1886 1159 1958 ignorare
1208 1903 1348 1943 suas
1397 1890 1712 1944 creaturas.
1746 1887 1844 1942 Ad
1888 1886 2057 1943 idem.

402 1974 644 2031 Nullum
664 1991 836 2031 nosse
853 1973 1237 2047 purissimam
1259 1975 1928 2046 Trinitatem,quatenus
1944 1977 2056 2044 est,

403 2080 528 2134 pro,
563 2063 710 2118 nihil
743 2068 833 2120 est
860 2063 1017 2119 sicut
1047 2063 1170 2133 illa,
1203 2068 1267 2120 ut
1305 2081 1435 2120 eam
1475 2068 1811 2138 cognoscat,
1845 2081 2054 2136 quem-

404 2152 727 2207 admodum
758 2152 886 2222 ipsa
915 2157 1035 2221 est;
1065 2169 1172 2209 nos
1194 2154 1351 2210 enim
1374 2153 1786 2225 cognoscimus
1815 2153 2056 2225 quidem

404 2241 545 2312 quid
579 2241 655 2296 sit
684 2241 1047 2312 humanitas,
1073 2242 1349 2313 quoniam
1405 2242 1674 2299 homines
1726 2259 1966 2313 sumus;
1999 2246 2059 2299 at

404 2329 811 2386 exsistentiam
857 2331 1190 2403 purissimae
1229 2331 1535 2388 Trinitatis
1583 2332 1883 2388 nescimus
1913 2331 2055 2404 quid

405 2417 511 2488 sit;
546 2435 658 2475 non
690 2419 850 2475 enim
882 2436 1088 2477 sumus
1115 2437 1183 2476 ex
1212 2421 1368 2477 240
1398 2422 1602 2477 eadem
1635 2420 1893 2478 essentia
1925 2439 1938 2478 :
1972 2420 2058 2476 sic

407 2523 595 2578 neque
612 2507 766 2564 Deus
788 2508 946 2564 novit
960 2526 1027 2566 ca
1045 2526 1171 2581 quae
1194 2513 1354 2578 sunt,
1371 2517 1664 2581 quatenus
1684 2513 1844 2578 sunt,
1860 2526 2059 2582 quem-

404 2596 722 2653 admodum
753 2614 891 2666 nos;
926 2597 1069 2670 quia
1118 2615 1234 2654 non
1267 2602 1359 2654 est
1404 2598 1641 2670 aliquod
1693 2615 1895 2654 eorum
1927 2614 2055 2669 qua

401 2689 565 2752 sunt,
588 2689 692 2742 aut
712 2685 771 2742 in
794 2685 962 2758 ipsis.
990 2686 1113 2742 Etsi
1139 2687 1296 2742 enim
1327 2691 1477 2743 Deus
1504 2686 1581 2742 sit
1604 2687 1871 2759 spiritus,
1895 2689 2055 2758 equi-

401 2776 533 2831 dem
565 2780 808 2832 sanctus
835 2775 1090 2847 Spiritus
1129 2775 1212 2830 ita
1241 2775 1613 2844 nominatur;
1648 2776 1749 2831 sed
1801 2792 1917 2831 non
1966 2779 2056 2832 est

401 2863 647 2934 spiritus
679 2863 849 2920 nobis
880 2864 1175 2935 cognitus,
1198 2867 1300 2919 aut
1331 2863 1576 2936 angelis.
1603 2865 1716 2920 Cur
1738 2880 1892 2932 vero,
1915 2881 2051 2920 cum

400 2951 677 3022 superius
697 2951 964 3019 dixisset,
987 2969 1100 3008 non
1131 2956 1222 3008 est
1255 2953 1474 3019 lumen,
1495 2968 1600 3008 nec
1620 2953 1850 3025 veritas,
1876 2952 2051 3025 paulo

397 3043 531 3112 post
560 3039 922 3095 contrarium
955 3039 1116 3108 dicit,
1151 3057 1268 3096 non
1318 3044 1409 3096 est
1454 3041 1704 3097 tenebrae
1739 3057 1928 3112 neque
1957 3041 2050 3097 lu-

399 3145 553 3198 men,
603 3145 708 3184 neo
757 3145 938 3199 error,
986 3145 1090 3185 nec
1148 3129 1402 3186 veritas?
1447 3130 1647 3185 Posset
1695 3130 1891 3201 itaque
1945 3130 2049 3201 qui

2181 553 2299 616 καο’
2341 549 2520 628 ἕτερον
2566 552 2816 628 γνώσεως
2859 551 3082 628 τρόπον.
3131 553 3196 609 Οἱ
3241 552 3462 628 ἄγγελοι
3509 551 3567 608 δὲ
3597 575 3826 629 γνωστι-

2179 645 2290 704 κῶς
2347 642 2478 697 αὐτᾶ
2533 643 2620 697 καὶ
2679 640 2861 704 ἁῦλως
2919 641 3325 716 γινώσκουσιν,
3384 642 3494 718 οὐχ
3541 642 3617 705 ὡς
3668 645 3826 716 ἡμεῖς

2179 728 2486 800 αἰσθητῶς.
2538 729 2724 792 Οὕτως
2781 728 2873 784 οὖν
2919 729 3008 784 καὶ
3069 731 3097 784 ὁ
3155 729 3284 793 Θεὸς
3337 729 3679 804 ἀσυγκρίτως
3736 732 3822 786 καὶ

2181 814 2749 894 ὑπεραναϐεϐηκὸτως,
2799 818 2860 872 οὐ
2913 820 3019 891 μὴν
3081 823 3200 880 ταῖς
3243 817 3460 880 οὐσίαις
3506 815 3819 876 ἐπιϐάλλων

2208 906 2260 962 Ὕδ
2382 909 2394 927 \
2437 905 2462 925 ν
2497 930 2524 944 φ
2614 913 2637 931 ν
2852 927 2865 940 .
2973 907 2989 928 \
3049 903 3075 927 ’θ
3257 905 3282 928 ν
3359 930 3368 944 ‘
3486 908 3500 925 ἶ
3632 909 3644 929 Ι

2177 928 2227 962 οι
2267 929 2290 962 ε
2339 930 2405 963 τα
2435 929 2582 964 οντα.
2642 905 2842 970 Λλλως
2915 909 2996 964 Τα
3045 928 3191 978 οντα,
3245 928 3419 982 ηγοδν
3442 928 3509 962 τα
3557 930 3822 982 κτισματα

2177 997 2308 1071 ὑπὲρ
2364 998 2461 1067 τήν
2515 997 2714 1051 ἑαυτῶν
2765 995 2923 1072 φύσιν
2967 995 3252 1061 ἐκταθῆναι
3282 1001 3402 1060 ταῖς
3453 999 3704 1068 νοήσεσιν
3759 997 3820 1054 οὐ

2176 1081 2411 1139 δύναται·
2461 1082 2685 1145 εῗκότως
2716 1081 2806 1138 οὖν
2839 1083 2914 1146 εἷς
2964 1082 3126 1138 ἑαυτὰ
3175 1083 3448 1159 βλέποντα
3491 1086 3672 1161 ἀγνοεῖ
3725 1087 3822 1156 τήν

2173 1173 2317 1228 Θείαν
2376 1173 2554 1250 φύσιν,
2612 1172 2727 1226 καθ’
2784 1172 2814 1226 ’ὸ
2871 1171 3004 1242 αὐτή
3066 1170 3228 1229 ἐστιν.
3280 1171 3467 1237 Οὕτως
3526 1173 3619 1230 οὖν
3664 1175 3819 1245 καὶὴ

2173 1261 2286 1318 θεία
2317 1259 2495 1336 φύσις,
2528 1260 2650 1334 [εἷς]
2690 1260 2880 1330 ἑαυτήν
2918 1258 3219 1337 βλέπουσα,
3253 1260 3352 1318 οὐκ
3397 1253 3542 1318 οἶδεν
3593 1264 3644 1320 ἐν
3698 1265 3821 1320 ἑαυ-

2271 1352 2405 1404 εἶναι
2429 1351 2495 1404 τά
2542 1345 2666 1403 ὄντα
2713 1351 2849 1404 κατὰ
2882 1350 2973 1405 τὸν
3004 1351 3102 1418 τῆς
3135 1349 3317 1412 οὐσίας
3346 1350 3570 1427 [αὐτῶν]
3623 1353 3819 1428 λόγον’

2171 1442 2331 1493 τοῦτο
2359 1439 2459 1514 γὰρ
2493 1436 2768 1510 ἐδήλωσεν
2817 1438 3007 1511 εἰπὼν,
3037 1437 3074 1513 ᾖ
3104 1435 3232 1494 ὄντα
3262 1438 3430 1510 ἐστὶν,
3463 1440 3651 1511 ἐπειδὴ
3689 1443 3821 1517 ὑπὲρ

2171 1526 2340 1582 πάντα
2394 1527 2461 1582 τά
2508 1524 2636 1583 ὄντα
2680 1526 2768 1582 καὶ
2829 1527 2959 1583 αὐτὸ
2988 1529 3050 1582 τὸ
3082 1529 3216 1583 εἶναι
3273 1528 3525 1601 κέκτηται
3586 1531 3818 1608 ὖπερου-

2173 1615 2325 1679 σίως·
2386 1617 2580 1694 ἑτέρως
2626 1618 2726 1692 γάρ
2772 1615 2872 1672 οὐκ
2918 1613 2978 1672 ὄίν
3032 1638 3113 1681 τις
3147 1615 3288 1673 εἷίποι
3321 1618 3531 1695 ἀγνοεῖν
3561 1620 3653 1676 τὸν
3688 1621 3818 1676 Θεὸν

2169 1706 2235 1760 τὰ
2282 1704 2472 1762 ἑαυτοῦ
2519 1705 2803 1779 κτίσματα.
2857 1706 2950 1771 Εἰς
2994 1707 3056 1762 τὸ
3095 1701 3244 1764 αὐτό.
3289 1708 3411 1765 Ὂτι
3443 1705 3622 1772 οὐδεὶς
3653 1711 3818 1786 γινώ-

2171 1815 2282 1849 σκει
2330 1795 2428 1862 τήν
2480 1792 2748 1870 ἄχραντον
2796 1791 3024 1870 Τριάδα,
3066 1797 3185 1851 καθ’
3241 1797 3270 1852 ’ὁ
3329 1796 3465 1868 αὐτή
3498 1795 3664 1870 ἐστιν,
3697 1797 3818 1854 ἀντὶ

2165 1888 2282 1954 τοῦ,
2317 1877 2468 1939 οὐδέν
2503 1883 2642 1940 ἐστιν
2675 1885 2748 1948 ὡς
2801 1883 2960 1957 αὐτὴ,
2986 1882 3078 1940 ’ίνα
3125 1886 3214 1940 καὶ
3261 1888 3499 1962 γινώσκῃ
3533 1887 3704 1957 αὐτὴν
3739 1889 3816 1950 ὡς

2166 1972 2300 2044 αὐτή
2368 1973 2531 2029 ἐστιν’
2601 1976 2762 2047 ἡμεῖς
2841 1974 2934 2047 μὲν
3006 1975 3109 2050 γὰρ
3179 1976 3519 2052 γινώσκομεν
3570 1975 3624 2031 τί
3676 1973 3820 2032 ἔστιν

2166 2061 2545 2138 ἀνθρωπότης,
2579 2059 2765 2131 ἐπειδὴ
2799 2058 3076 2139 ἄνθρωποί
3133 2063 3314 2136 ἐσμεν⁶
3345 2065 3448 2134 τήν
3509 2062 3566 2120 δὶ
3597 2065 3823 2140 ὕπαρξιν

2163 2153 2262 2221 τῆς
2320 2151 2590 2226 ἀχράντου
2640 2148 2866 2226 Τριάδος
2927 2151 3026 2207 οὐκ
3083 2149 3236 2226 ἴσμεν
3288 2153 3340 2206 τί
3371 2152 3531 2208 ἐστιν’
3595 2155 3662 2209 οὐ
3720 2154 3824 2232 γάρ

2165 2237 2322 2313 ἐσμεν
2380 2238 2440 2294 ἐκ
2493 2246 2594 2310 τῆς
2649 2238 2830 2302 οὐσίας
2901 2239 3145 2310 αὐτῆς⁴⁰’
3206 2239 3377 2304 οὕτως
3429 2239 3556 2297 οὐδὲ
3613 2243 3641 2297 ὁ
3690 2243 3828 2306 Θεὸς

2167 2327 2276 2384 εἶδε
2332 2328 2396 2383 τά
2427 2323 2554 2383 ὅντα
2667 2326 2798 2398 ἐστὶ,
2849 2328 3029 2392 καθὼς
3057 2332 3222 2402 ἡμεῖς
3257 2330 3321 2385 οὐ
3352 2333 3452 2407 γάρ
3486 2330 3599 2386 ἐστί
3624 2353 3678 2386 τι
3708 2336 3822 2388 τῶν

2167 2412 2398 2487 ὅντωνῆ
2443 2419 2560 2472 κατ’
2613 2417 2765 2472 αὐτά·
2816 2416 2909 2473 κᾶν
2963 2419 3066 2494 γάρ
3111 2418 3271 2482 αὐτὸς
3329 2423 3545 2493 πνεῦμα
3577 2421 3604 2475 ὁ
3663 2422 3822 2494 Θεὸς,

2164 2506 2253 2561 καὶ
2326 2507 2388 2562 τὸ
2457 2508 2608 2583 ἅγιον
2686 2507 2869 2580 μέντοι
2945 2510 3164 2581 Πνεῦμα
3241 2506 3414 2571 οὕτως
3474 2507 3822 2582 ὠνόμασται,

2164 2594 2291 2650 ἀλλ’
2346 2595 2482 2669 [οὐκ]
2533 2593 2642 2650 ἐστι
2721 2600 2934 2670 πνεῦμα
3008 2597 3286 2673 γνώριμον
3345 2599 3505 2670 ἡμῖν,
3555 2597 3590 2667 ἢ
3649 2598 3820 2674 ἆγγέ-

2166 2683 2305 2746 λοις.
2357 2684 2417 2738 Τί
2447 2682 2505 2738 δὲ
2531 2683 2781 2759 ἀνωτέρω
2813 2684 3001 2758 εἰπὼν,
3037 2685 3135 2740 οὐκ
3187 2680 3295 2741 ἔστι
3324 2689 3460 2763 φῶς,
3502 2685 3628 2743 οὐδε
3677 2686 3823 2759 ἀλή-

2164 2774 2301 2844 θεια,
2357 2769 2698 2836 ὑποκαταϐὰς
2740 2773 2904 2830 πάλιν
2951 2773 3117 2850 λέγει,
3150 2773 3249 2830 οὐκ
3276 2769 3386 2830 ἔστι
3419 2775 3630 2846 σκότος,
3685 2774 3823 2832 οὐδὲ

2164 2866 2298 2938 φῶς,
2326 2859 2450 2916 οὐδὲ
2481 2861 2682 2934 πλάνη,
2717 2861 2841 2917 οὐδὲ
2869 2860 3137 2934 ἀλήθεια;
3171 2863 3404 2919 Δυνατὸν
3455 2865 3546 2918 οὗν
3593 2863 3818 2940 ἐπιχειο

2163 2954 2358 3025 ροῦντα
2397 2949 2589 3020 εἰπεῖν,
2622 2951 2704 3005 ὅτι
2734 2950 2797 3006 τό
2831 2953 2926 3024 μὶν
2958 2955 3172 3026 πρῶτον
3205 2951 3329 3025 περὶ
3359 2957 3456 3008 τοῦ
3517 2952 3822 3019 ἆπολύτως

2161 3038 2340 3114 φωτὸς
2373 3037 2542 3114 λέγει,
2577 3037 2701 3094 οὐδὲ
2730 3037 2911 3111 πλάνη
2945 3039 3018 3102 ὡς
3051 3039 3104 3095 ἐν
3145 3039 3352 3102 οὐσίαις
3381 3043 3424 3078 ⁴¹
3480 3046 3589 3096 τῶν
3643 3042 3819 3118 ἀγγέο

2160 3125 2413 3195 λων,καὶ
2443 3127 2701 3198 ἀλήθειαν
2751 3129 2848 3197 τὴν
2899 3126 3467 3202 αὐτοαπολελυμένως
3511 3129 3601 3184 καὶ
3660 3130 3819 3186 ἀναι-

397 3215 566 3271 illum
599 3219 798 3272 tuetur
834 3217 1048 3284 dicere,
1081 3216 1244 3273 illum
1289 3216 1480 3289 primo
1513 3218 1584 3273 de
1612 3200 1836 3273 lumine
1869 3200 2043 3274 abso-

2166 3212 2286 3278 είως
2335 3215 2614 3286 ἀλήθειαν·
2661 3216 2726 3272 τὰ
2772 3215 2828 3272 δὲ
2876 3215 3089 3294 ἐφεξῆς,
3140 3216 3224 3272 ὅτι
3255 3200 3379 3274 οὐτε
3406 3223 3512 3274 τῶν
3543 3220 3680 3295 πρός
3733 3242 3818 3290 τι,

399 3305 520 3360 luto
551 3304 732 3376 loqui,
756 3322 862 3362 nec
895 3323 1023 3362 esse
1053 3322 1336 3374 errorem,
1361 3305 1516 3362 sicut
1545 3305 1603 3360 in
1635 3306 1910 3362 essentiis
1942 3323 2050 3362 an-

400 3394 688 3466 gelorum,
710 3398 768 3450 et
796 3395 1101 3451 veritatem
1145 3411 1344 3450 earum
1395 3411 1524 3467 quae
1555 3409 1660 3466 per
1687 3411 1752 3450 se
1781 3394 2049 3451 absoluta

401 3487 459 3538 et
479 3483 606 3539 sine
628 3500 808 3540 causa
828 3488 918 3540 est
935 3483 1172 3540 veritas.
1187 3485 1323 3550 Quae
1349 3488 1547 3539 autem
1571 3487 1922 3555 sequuntur,
1940 3500 2045 3539 nec

398 3589 602 3628 eorum
625 3589 753 3644 quae
775 3572 848 3628 ad
871 3572 1093 3646 aliquid
1118 3572 1398 3628 nimirum
1420 3589 1488 3629 ex
1508 3573 1764 3629 tenebris
1787 3577 2044 3628 mutatus

397 3659 456 3716 in
489 3667 716 3731 lumen,
739 3661 912 3732 quasi
934 3677 1001 3716 ex
1023 3661 1245 3716 lumine
1267 3661 1418 3732 quod
1442 3665 1672 3716 tantum
1694 3666 1785 3718 est
1802 3661 2040 3730 virtute,

396 3751 659 3804 mutatus
678 3748 738 3804 in
761 3765 890 3805 esse
911 3749 1110 3805 lumen
1137 3750 1288 3821 quod
1306 3753 1440 3804 actu
1463 3754 1553 3806 est
1572 3748 1792 3806 lumen.
1813 3751 2037 3806 Lumen

390 3839 448 3891 et
477 3837 726 3892 tenebrae
754 3841 895 3892 sunt
923 3852 993 3893 ex
1021 3837 1095 3893 iis
1117 3854 1244 3910 qua“.
1275 3837 1429 3892 inter
1459 3853 1520 3894 se
1546 3838 1902 3910 dependent,
1933 3855 2038 3894 nec

388 3925 545 3981 enim
578 3930 667 3981 est
697 3924 908 3998 caligo,
937 3942 1041 3982 nec
1069 3924 1268 3982 lumen
1301 3925 1635 3998 copiosum;
1669 3925 1755 3981 sic
1785 3941 1972 3998 neque
2003 3944 2037 3982 a

2160 3305 2273 3359 οἷον
2321 3305 2379 3360 ἐκ
2410 3305 2632 3368 σκότους
2667 3301 3025 3380 μεταϐάλλων
3060 3311 3196 3384 φῶς,
3248 3306 3443 3362 ὡσανεὶ
3494 3307 3553 3362 ἐκ
3581 3313 3678 3362 to?)
3711 3307 3815 3364 δυ-

2154 3395 2335 3467 νάμει,
2369 3397 2546 3473 φωτὸς
2597 3395 2672 3458 εἰς
2702 3395 2760 3450 τὸ
2791 3394 3028 3469 ἐνεργείᾳ
3059 3396 3172 3472 φῶς
3209 3391 3569 3461 μεταϐάλλων
3602 3395 3663 3452 ἐκ
3691 3403 3812 3452 τῶν

2155 3487 2420 3558 σχετικῶν
2454 3482 2528 3545 εἷς
2559 3481 2780 3552 ἄλληλα
2827 3487 2942 3562 φῶς
2987 3484 3078 3538 καὶ
3128 3483 3348 3547 σκότος’
3385 3481 3508 3540 οὕτε
3536 3487 3638 3560 γάρ
3678 3487 3812 3562 γνόο

2152 3592 2251 3649 φος
2285 3570 2448 3643 ἐστὶν,
2481 3569 2602 3627 οὔτε
2632 3569 2777 3627 πολὺ
2805 3576 2938 3647 φῶς,
2964 3572 3137 3634 οὕτως
3169 3569 3291 3628 οὔτε
3319 3573 3378 3628 ἐκ
3403 3578 3500 3628 τοῦ
3532 3574 3811 3646 ἐναντίου,

2151 3659 2211 3714 ἐκ
2231 3663 2328 3714 τοῦ
2361 3659 2494 3714 κατὰ
2542 3656 2770 3732 δύναμιν
2820 3657 3035 3730 πλάνην
3081 3661 3216 3714 εἶναι
3250 3660 3324 3724 εἷς
3357 3659 3618 3732 ἀλήθειαν
3650 3661 3806 3737 ἔνερ-

2147 3746 2265 3822 γείᾳ
2314 3743 2598 3820 μετὲϐαλεσ
2648 3749 2818 3802 πάντα
2872 3748 2970 3825 γάρ
3014 3752 3199 3819 ταῦτα,
3250 3747 3474 3825 δεύτερα
3519 3749 3707 3820 αὐτοῦ,
3749 3753 3804 3825 ἐξ

2145 3835 2308 3891 αὐτοῦ
2337 3842 2714 3912 προνοητικῶς
2760 3835 3172 3911 ἐκφοιτήσαντα.
3215 3836 3382 3897 Οὐδὲν
3417 3837 3506 3894 οὖν
3541 3838 3655 3896 ἐστι
3685 3846 3804 3897 τῶν

2146 3924 2196 3996 ἐξ
2229 3925 2416 3980 αὐτοῦ.

385 4013 700 4084 contrario,
731 4029 800 4069 ex
846 4029 1040 4070 errore
1088 4012 1190 4086 qui
1237 4019 1361 4070 erat
1404 4014 1620 4070 virtute
1665 4014 1880 4070 veritas
1930 4017 2192 4070 mutatus
2241 4018 2332 4070 est
2379 4014 2438 4070 in
2487 4014 2788 4072 veritatem
2838 4015 3152 4074 actualem.
3204 4017 3334 4074 Haec
3383 4017 3540 4074 enim
3592 4021 3808 4079 omnia

385 4105 525 4157 sunt
553 4101 683 4174 ipso
708 4103 1055 4174 posteriora,
1090 4119 1225 4159 cum
1273 4103 1346 4159 ab
1395 4103 1524 4176 ipso
1567 4102 1912 4176 providendi
1943 4103 2223 4160 facultate
2253 4103 2692 4176 processerint:
2727 4105 2874 4161 nihil
2923 4106 3104 4179 igitur
3147 4111 3241 4164 est
3285 4123 3489 4165 eorum
3542 4124 3678 4180 quae
3729 4112 3807 4168 ab

380 4189 534 4262 ipso.

451 4341 510 4414 (ι)
541 4341 688 4399 Dan.
718 4359 845 4415 xm,
875 4344 968 4399 42.

1389 4467 1619 4525 νΑΒΙᾸΞ
1655 4468 2040 4529 LECTIONES
2078 4474 2168 4530 ET
2208 4472 2759 4538 CORRECTIONES.

443 4565 490 4600 ‘°
515 4562 568 4634 ἐξ
599 4566 772 4635 αὐτῆς
801 4570 920 4635 τῆς.
997 4569 1038 4603 ⁴¹
1074 4565 1148 4627 ὡς
1183 4567 1238 4619 αἱ
1271 4565 1474 4623 οὐσίαι.
