4062 6366
235 477 334 532 433
1036 476 1500 530 PACHYMER/E
1542 477 2047 532 PARAPHRASIS
2086 478 2160 531 IN
2199 479 2353 531 ΒΡΡ.
2400 480 2460 531 S.
2501 480 2835 535 DlONYSII.

3538 484 3643 539 434

344 832 1506 1005 ΓΕΩΡΓΙΟΥ
1615 833 2089 1004 ΤΟΥ
2200 833 3514 1008 ΠΑΧΥΜΕΡΗ

1368 1118 2486 1248 ΠΑΡΑΦΡΑΣΙΣ

482 1375 681 1468 ΕΙΣ
765 1372 999 1467 ΤΑΣ
1082 1371 1332 1468 ΤΟΥ
1407 1370 1788 1467 ΑΓΙΟΥ
1872 1370 2561 1467 ΔΙΟΝΥΣΙΟΥ
2639 1374 3348 1471 ΕΠΙΣΤΟΛΑΣ

548 1702 1555 1856 GEORGII
1724 1578 3285 1857 PACHYMERZE

1292 1967 2521 2094 PARAPHRASIS

891 2184 1023 2279 IN
1092 2181 1768 2276 EPISTOLAS
1842 2182 2283 2277 SANCTI
2351 2183 2906 2278 DIONYSlI

187 2370 260 2427 Ex
285 2370 754 2444 interpretatione
783 2333 1393 2439 Gode/‘ridiiilmanni,
1421 2364 1729 2491 Carthasim
1754 2364 2112 2491 Paal-g'sienislist
2127 2364 2405 2438 monachi,
2436 2381 2562 2421 cum
2588 2369 2776 2423 Graeco
2804 2367 3117 2439 exemplari
3146 2383 3337 2423 rursus
3365 2385 3400 2424 a
3434 2371 3598 2425 Petro

1687 2451 1844 2491 amse
1870 2451 1922 2491 ιο
1949 2451 2008 2491 co
2056 2452 2087 2491 a
2115 2452 2169 2491 ιι.

1687 2451 1922 2491 amseno
1949 2451 2169 2492 cauata.

576 2755 692 2811 ΕΙΣ
734 2755 875 2810 ΤΗΝ
917 2752 1330 2809 ΕΙΙΙΣΤΟΛΗΝ
1369 2751 1448 2808 Α’.

252 2858 605 2929 Ἐπιϐαλλω,
637 2859 770 2938 φησί
814 2881 897 2921 τις
944 2857 1052 2915 τῶν
1103 2857 1350 2914 παλαιῶν
1386 2859 1484 2931 (1),
1516 2857 1673 2911 Γάϊον
1717 2859 1843 2910 τοῦ·

186 2972 269 3006 τον
302 2952 462 3021 εἶναι,
497 2949 544 3022 ᾧ
573 2951 673 3020 τήν
721 2950 913 3026 τρίτην
967 2946 1263 3015 ἐπιστολὴν
1304 2944 1532 3023 ἔγραψεν
1567 2946 1594 3000 ὁ
1627 2943 1842 3009 θειότα-

186 3060 271 3103 τος
300 3036 617 3100 ἀπόστολος
646 3039 739 3093 καὶ
772 3035 1165 3113 εὖαγγελιστής
1194 3035 1451 3106 Ἰωάννης
1481 3035 1519 3100 ὁ,
1555 3032 1836 3109 θεολόγος·

186 3128 617 3204 τεκμαιρόμενος
651 3128 743 3182 καὶ
788 3127 847 3181 ἐκ
889 3131 997 3181 τῶν
1031 3123 1216 3180 ἄλλων
1249 3128 1331 3189 οἷς
1380 3124 1673 3199 συγγέγονε
1710 3123 1843 3195 μετά

186 3222 285 3273 τῶν
329 3216 659 3272 ἀποστόλων
710 3216 737 3270 ό
782 3217 925 3277 θεῖος
972 3215 1128 3277 οὗτος
1175 3215 1328 3289 ἀνήρ.
1381 3212 1726 3286 Θεραπευτάς
1786 3208 1842 3266 δὲ

186 3308 303 3368 τοὺς
356 3304 643 3382 μοναχοὺς
693 3302 879 3379 ἔλεγεν
928 3305 978 3358 ἐν
1023 3309 1104 3377 τῷ
1152 3303 1281 3378 Περὶ
1327 3309 1426 3372 τῆς
1458 3300 1843 3371 ἐκκλησιαστι-

183 3402 277 3464 κῆς
322 3394 610 3471 ἱεραρχίας
655 3394 1005 3467 συντάγματι
1055 3395 1159 3463 (2),
1209 3392 1375 3445 εἷ’πὼν
1421 3390 1531 3445 ἐκεῖ
1576 3389 1665 3445 καὶ
1723 3394 1841 3451 πῶς

190 3484 533 3539 καθίστανται
595 3484 672 3556 μὴ
724 3479 874 3546 ὄντες
920 3480 1202 3558 κληρικοὶ,
1255 3478 1381 3535 ἀλλ’
1430 3481 1687 3555 ἀνώτεροι
1744 3484 1842 3534 τοῦ

191 3570 341 3629 λαοῦ.
373 3572 621 3633 Τούτους
654 3569 711 3626 δὲ
742 3567 885 3626 ἔοικε
931 3571 1224 3644 θαυμάζειν
1277 3568 1465 3625 Φίλων
1505 3570 1533 3623 ὁ
1575 3565 1842 3630 Ἰουδαῖος

193 3660 238 3715 ἰν
295 3667 375 3733 τῷ
432 3661 560 3736 Περὶ
617 3660 958 3737 θεωρητικοῦ
1015 3660 1137 3735 βίου
1192 3660 1229 3728 ἦ
1302 3658 1525 3713 οἷκετῶν
1582 3659 1660 3731 (3)
1720 3678 1841 3711 συν-

190 3752 443 3825 τάγματι,
498 3749 829 3824 θεραπευτὰς
871 3746 1069 3810 αὐτοὺς
1117 3745 1325 3815 καλῶν,
1354 3750 1444 3802 καί
1492 3746 1591 3815 τήν
1638 3743 1843 3800 δίαιταν

192 3836 355 3893 αὐτῶν
409 3835 795 3913 διηγούμενος·
860 3832 922 3891 οὒ
983 3840 1170 3912 χεῖρον
1218 3833 1275 3890 δὲ
1326 3835 1414 3888 καὶ
1463 3832 1737 3903 αὖτολεξεὶ
1776 3835 1841 3889 τὰ

189 3934 277 3983 τοῦ
305 3928 598 3990 Φλίλωνος
648 3934 815 3992 θεῖναι
1000 3926 1145 3998 Φησὶ
1192 3927 1370 3982 τοίνυν
1406 3926 1457 3981 ἒν
1497 3928 1577 3999 τῷ
1605 3925 1840 3998 τοιούτῳ

194 4020 528 4093 συντάγματι·
566 4040 595 4068 ι(
629 4015 933 4091 Πολλαχοῦ
968 4017 1063 4091 μὲν
1095 4014 1185 4071 οὖν
1216 4022 1318 4082 τῆς
1347 4014 1679 4088 οἰκουμένης
1728 4012 1838 4069 ἐστὶ

1822 2795 1827 2800 -
1870 2750 1927 2816 Α

2386 2753 2533 2808 241
2581 2752 2652 2807 IN
2694 2752 3101 2809 EPISTOLAM
3142 2756 3164 2809 Ι

2023 2857 2308 2929 Equidem
2333 2873 2448 2913 non
2471 2857 2696 2914 levibus
2720 2858 3073 2928 coniecturis
3104 2859 3249 2915 mihi
3280 2861 3480 2919 videor
3509 2879 3602 2920 as-

1950 2949 2190 3001 secutus
2222 2945 2327 3017 (ait
2356 2963 2511 3002 unus
2540 2946 2835 3019 quispiam
2864 2947 3269 3021 antiquorum)
3294 2949 3451 3007 hunc
3473 2968 3602 3009 esse

1950 3034 2175 3103 Caium,
2242 3034 2334 3089 cui
2401 3034 2811 3091 divinissimus
2881 3036 3179 3108 apostolus
3244 3039 3609 3112 evangelista‘

1949 3125 2523 3196 Joannes,idemque
2550 3124 2861 3196 theologus
2892 3126 3421 3196 eximius,tertiam
3453 3131 3603 3187 scri-

1952 3216 2069 3287 psit
2098 3215 2432 3288 epistolam.
2469 3220 2547 3270 Ex
2579 3215 2710 3272 aliis
2741 3232 2881 3272 sane
2914 3234 3094 3288 quam
3128 3218 3331 3275 multis
3360 3221 3514 3293 cepit
3552 3222 3604 3278 is

1951 3307 2352 3375 conjecturam
2384 3305 2602 3376 quibus
2634 3304 2935 3377 colligitur
2982 3307 3394 3364 admirabilem
3443 3310 3601 3366 hunc

1950 3394 2141 3449 virum
2173 3410 2346 3449 usum
2373 3410 2502 3449 esse
2534 3393 2810 3448 familiari
2838 3394 3237 3466 apostolorum
3260 3412 3601 3469 congressu.

1949 3484 2350 3554 Therapeutas
2380 3487 2574 3538 autem
2609 3482 2809 3538 docuit
2841 3482 3046 3539 beatus
3088 3484 3260 3539 Pater
3305 3502 3404 3542 eos
3454 3502 3603 3553 esse,

1950 3571 2051 3643 qui
2084 3574 2141 3627 et
2171 3570 2466 3637 monachi,
2499 3569 2559 3625 in
2592 3585 2657 3625 eo
2690 3586 2882 3643 opere,
2916 3572 3071 3642 quod
3107 3576 3185 3628 De
3230 3574 3603 3631 ecclesiastica

1952 3659 2269 3716 hierarehz'a
2293 3659 2579 3731 scriptum
2601 3658 2859 3731 reliquit.
2889 3658 3017 3716 Illic
3048 3661 3282 3718 abunde
3302 3662 3603 3735 explicuit,

1950 3764 2066 3821 quo
2097 3751 2265 3818 pacto
2298 3746 2532 3803 institui
2562 3748 2833 3818 debeant,
2862 3748 2977 3820 'qui
3028 3746 3224 3806 clerici
3272 3767 3389 3808 non
3440 3756 3602 3819 sunt,

1949 3836 2165 3910 pepulo
2198 3836 2415 3908 alioqui
2449 3837 2804 3908 superiores.
2835 3836 2943 3901 Qui
2975 3836 3150 3895 istius
3179 3838 3311 3895 vitae
3369 3841 3605 3896 institu-

1946 3932 2073 3982 tum
2106 3926 2556 3999 proﬁtebantur,
2587 3925 2697 3982 hos
2724 3925 2890 3983 visus
2922 3930 3011 3983 est
3040 3927 3203 3984 Philo
3233 3928 3330 3985 ille
3357 3930 3600 3987 Judreus

1948 4016 2217 4072 miraculi
2248 4015 2374 4071 loco
2404 4015 2794 4087 depraedicare
2821 4015 2881 4070 in
2923 4033 3095 4087 opere
3144 4019 3238 4072 cui
3291 4018 3599 4091 inscriptio

195 4106 249 4159 τὸ
273 4108 443 4180 γενος·
483 4101 591 4161 ἔδει
641 4105 741 4180 γὰρ
776 4104 979 4181 ἀγαθοῦ
1026 4102 1243 4159 τελείου
1298 4109 1586 4180 μετασχεῖν
1616 4102 1707 4158 καὶ
1736 4105 1837 4172 τὴν

1950 4110 2059 4174 est,
2092 4107 2165 4160 De
2196 4106 2308 4160 vita
2336 4104 2651 4173 theoretz'ca,
2680 4103 2790 4159 hoc
2821 4108 2911 4159 est
2950 4106 3431 4177 contemplativa,
3480 4109 3601 4165 sive

195 4194 425 4251 Ἐλλάδα
452 4195 544 4250 καὶ
584 4195 688 4264 τὴν
744 4189 1037 4269 βάρϐαρον·
1073 4191 1355 4263 πλεονάζει
1391 4193 1448 4249 δὲ
1492 4193 1544 4248 ἐν
1574 4193 1838 4268 Αἰγύπτῳ

198 4284 302 4336 καθ’
354 4280 579 4339 ἳκαστον
633 4286 741 4336 τῶν
806 4280 1250 4355 ἐπικαλουμένων
1307 4288 1528 4356 νομῶν,
1581 4282 1670 4338 καὶ
1732 4284 1835 4356 μά-

200 4368 342 4426 λιστα
392 4370 517 4445 περῖ
572 4371 672 4439 τὴν
720 4368 1129 4444 Ἀλεξάνδρειαν
1295 4373 1363 4426 0i.
1411 4367 1469 4425 δὲ
1499 4371 1835 4446 πανταχόθεν

200 4456 417 4531 ἄριστοι,
468 4460 712 4533 καθάπερ
759 4456 835 4520 εἷς
885 4456 1142 4530 πατρίδα,
1176 4460 1534 4535 ⁸θεραπευτῶν
1584 4459 1834 4515 ἀποικίαν

199 4545 523 4619 στέλλονται,
581 4545 717 4620 πρός
776 4567 827 4601 τι
883 4545 1092 4622 χωρίον
1156 4544 1597 4616 ἐπιτηδειότατον
1634 4592 1647 4616 ,
1704 4547 1835 4623 ὅπερ

197 4632 323 4688 ἐστὶν
378 4636 513 4709 ὑπὲρ
565 4632 766 4708 λίμνης
814 4635 1065 4708 κείμενον
1116 4636 1359 4710 Μαρείας
1413 4635 1500 4690 ἐπὶ
1548 4636 1838 4714 γεωλόφου

196 4723 620 4798 χθαμαλωτέρου
672 4721 880 4801 σφόδρα
935 4722 1221 4798 εὐκαίρως,
1254 4724 1551 4797 ἀσφαλείας
1592 4745 1655 4800 γε
1683 4722 1838 4779 ’ἑνεκα

194 4806 459 4886 καὶνάἐρος
492 4814 795 4888 εὐκρασίας.
823 4838 852 4866 ››
882 4813 981 4868 Καὶ
1022 4813 1186 4869 πάλιν
1215 4814 1274 4869 ἐκ
1316 4820 1413 4869 τοῦ
1451 4815 1614 4870 αὐτοῦ
1646 4816 1834 4891 λόγουο

200 4925 223 4951 ‹‹
253 4904 334 4958 Ἐν
366 4905 563 4979 ἑκάστῃ
598 4901 656 4958 δὲ
705 4902 877 4975 οῗκείᾳ
924 4900 1063 4958 ἔστιν
1116 4900 1324 4977 οἶόιημα
1354 4905 1496 4978 ἱερὸν
1524 4906 1553 4960 ’ὀ
1592 4902 1837 4961 καλεῖται

201 4998 431 5063 σιμνεῖον
480 4992 573 5047 καὶ
628 4993 1014 5068 μοναστήριοψ
1050 4990 1101 5046 ἐν
1152 4993 1198 5064 ᾧ
1245 4992 1597 5065 μονούμενοι,
1638 4994 1705 5048 τὰ
1740 4998 1838 5048 τοῦ

201 5086 384 5152 σεμνοῦ
432 5082 557 5157 βίου
607 5082 881 5155 μυστήρια
930 5080 1240 5149 τελοῦνται,
1278 5078 1447 5152 μηδὲν
1495 5080 1838 5154 εἷσκομίζονυ

200 5187 297 5236 τες,
331 5171 405 5241 μὴ
436 5169 629 5237 σιτίον,
674 5170 749 5242 μὴ
792 5169 983 5240 ποτὸν,
1040 5166 1170 5241 μηδ’
1200 5166 1252 5223 ἓν
1283 5190 1334 5223 τι
1382 5173 1492 5225 τῶν
1523 5168 1709 5225 ἄλλων
1740 5169 1839 5224 ὅσα

202 5258 322 5331 πρὸς
365 5259 459 5321 τάς
514 5262 614 5313 τοῦ
672 5259 929 5329 σώματος
973 5256 1165 5332 χρείας
1222 5258 1504 5333 ἀναγκαῖαο
1556 5255 1702 5313 ἀλλὰ
1747 5258 1840 5313 νό-

210 5366 329 5415 μους
398 5348 489 5401 καὶ
564 5344 728 5419 λόγια
787 5344 1136 5409 θεσπισθὲντα
1194 5343 1283 5400 διὰ
1336 5351 1636 5423 προφητῶν
1673 5394 1686 5419 ,
1748 5346 1837 5402 καὶ

203 5432 407 5504 ὕμνους,
437 5435 528 5489 καὶ
560 5431 760 5502 τᾶλλα,
802 5435 887 5495 οἷς
917 5431 1197 5506 ἐπιστήμη
1230 5434 1319 5488 καὶ
1371 5429 1613 5490 εὐσέϐεια
1646 5456 1835 5492 συναυ-

1949 4194 2020 4248 de
2070 4190 2473 4264 supplicibus;
2521 4189 2669 4245 tales
2720 4206 2933 4245 vocans
2976 4190 3378 4264 therapeutas.
3405 4197 3515 4251 Sed
3544 4201 3603 4252 et

1946 4281 2075 4337 vita:
2104 4281 2278 4337 istius
2306 4278 2644 4335 monasticae
2676 4278 2991 4335 formulam
3023 4279 3295 4352 pluribus
3325 4283 3598 4356 explicat.

1945 4370 2144 4442 Neque
2165 4368 2390 4425 malum
2414 4366 2587 4423 fuerit
2608 4383 2851 4440 prorsus
2874 4368 3027 4425 242
3062 4369 3251 4441 ipsam
3283 4371 3600 4429 dictionem

1949 4458 2210 4515 Philonis
2240 4457 2367 4513 loco
2400 4455 2671 4528 praesenti
2710 4454 2970 4512 intexere
3017 4474 3030 4513 :
3085 4457 3380 4514 enimvero
3425 4474 3493 4515 eo
3539 4461 3599 4516 in

1948 4561 2119 4617 opere
2149 4546 2219 4599 ad
2252 4543 2410 4598 hunc
2440 4543 2646 4599 scribit
2669 4543 2999 4613 modum,in
3025 4544 3416 4618 pluribusque
3437 4549 3599 4605 orbis

1947 4633 2285 4706 regionibus
2316 4633 2427 4687 hoc
2475 4648 2662 4704 genus
2711 4633 3132 4690 monachorum
3183 4636 3437 4709 reperire
3485 4644 3595 4695 est.

1948 4722 2264 4795 Oportebat
2284 4736 2424 4777 sane
2449 4722 2588 4776 boni
2609 4721 2787 4777 istius
2809 4721 2893 4777 sic
2925 4722 3166 4793 perfecti
3198 4725 3322 4780 fieri
3351 4727 3596 4797 partici-

1948 4829 2079 4886 pem
2112 4828 2227 4867 non
2254 4810 2534 4865 Graeciam
2570 4809 2784 4878 solum,
2819 4811 2920 4865 sed
2947 4815 3004 4865 et
3041 4812 3402 4884 reliquarum
3450 4832 3593 4886 gen-

1946 4901 2097 4957 tium
2130 4899 2484 4956 barbariem.
2516 4898 2791 4953 Abundat
2817 4915 2950 4955 vero
2980 4900 3041 4955 in
3069 4901 3313 4973 [Egypto
3361 4903 3421 4958 in
3472 4903 3592 4959 sin-

1947 4989 2104 5063 gulis
2138 4987 2475 5061 regionibus
2506 4987 2728 5043 vocatis
2772 4988 2986 5056 nomis,
3036 4994 3094 5043 et
3140 4990 3393 5047 maxime
3439 4992 3594 5049 circa

1947 5077 2380 5135 Alexandriam.
2414 5076 2486 5131 Ut
2516 5075 2674 5130 enim
2707 5076 2898 5131 ubivis
2928 5076 3187 5147 gentium
3220 5079 3468 5151 quisque
3506 5086 3598 5138 est

1946 5168 2229 5239 optimus,
2262 5168 2319 5222 in
2351 5181 2481 5222 eam
2530 5165 2829 5220 concurrit
2878 5164 3235 5237 demigratve
3281 5168 3593 5242 coloniam,

1948 5256 2190 5330 perinde
2221 5258 2396 5327 atque
2426 5255 2486 5309 in
2520 5253 2769 5325 patriam
2795 5253 3595 5327 therapeutarum,nimirum

1947 5346 2006 5400 in
2023 5345 2317 5417 regionem
2334 5359 2687 5415 magnopere
2702 5343 3136 5398 accommodam
3150 5347 3597 5418 etperopportu-

1950 5451 2254 5505 nam;qua:
2287 5432 2523 5503 quidem
2555 5431 2828 5486 imminet
2859 5435 3069 5502 stagno
3102 5433 3195 5489 cui
3226 5452 3438 5492 nomen
3471 5437 3596 5494 Ma-

211 5483 407 5504 ’r‘""'7
439 5483 528 5489 "w'
572 5483 760 5502 '""""7
809 5483 885 5495 ⁷⁷⁷
920 5483 1197 5506 ’⁷⁷”’“ΙΓ’⁷Ι
1232 5483 1318 5488 ’“⁷“’
1373 5483 1613 5490 ’⁷⁷⁷⁷⁷””
1648 5483 1805 5492 ⁷⁷””⁷

202 5517 387 5587 ξάνεται
417 5520 507 5575 καὶ
556 5518 885 5575 τελειοῦται.
920 5538 946 5571 ι
985 5520 1088 5575 Καὶ
1128 5520 1292 5574 πάλιν
1325 5520 1384 5576 ἐκ
1410 5526 1507 5577 τοῦ
1545 5522 1709 5576 αὐτοῦ
1739 5522 1832 5577 λό-

1952 5483 2251 5505 ..,---,Ὶ-η
2291 5483 2523 5503 ,_-_-__
2861 5483 3064 5502 πνοι--
3106 5483 3195 5489 η-
3227 5483 3438 5492 ..-_.-.-
3471 5483 3563 5494 ,η-

1952 5522 2136 5590 rize,in
2170 5522 2315 5577 colle
2347 5520 2551 5576 declivi
2584 5537 2650 5575 ac
2680 5519 2995 5576 humiliore
3026 5520 3160 5593 sita,
3211 5524 3428 5596 alioqui
3476 5542 3590 5581 non

199 5627 307 5680 γου·
343 5632 370 5661 ‹‹
416 5610 496 5666 Τὸ
545 5605 602 5662 δί
646 5606 694 5679 ἐξ
749 5607 975 5661 ἑωθινοῦ
1033 5608 1232 5681 μὲχρις
1282 5609 1506 5686 ἑσπέρας
1557 5608 1832 5684 διάστημα

1950 5613 2442 5683 importuno,cum
2475 5608 2809 5665 securitatis
2839 5609 3047 5682 gratia,
3064 5614 3191 5667 tum
3223 5613 3296 5669 oh
3328 5630 3591 5672 commo-

204 5696 400 5769 σύμπαν
468 5697 655 5759 αὐτοῖς
723 5695 863 5751 ἐστιν
938 5693 1206 5767 ἄσκησις·
1268 5697 1681 5776 ἐντυγχάνοντες
1729 5701 1829 5777 γὰρ

1950 5701 2075 5756 rlam
2108 5700 2260 5755 aeris
2289 5697 2655 5769 temperiem.
2685 5698 2913 5753 Rursus
2942 5715 3011 5754 ex
3040 5701 3241 5757 eodem
3275 5718 3446 5774 opere
3482 5720 3495 5759 :
3523 5703 3586 5759 In

203 5792 305 5847 τοῖς
334 5789 499 5862 ἱεροῖς
529 5787 843 5863 γράμμασι,
874 5783 1238 5865 φιλοσοοοῦσι
1265 5789 1364 5859 τήν
1396 5788 1622 5866 πάτριον
1674 5789 1833 5865 φιλο-

1940 5804 2295 5861 unaquaque
2326 5785 2573 5855 familia,
2603 5786 2754 5843 aedes
2785 5804 2902 5843 una
2940 5793 3283 5847 consecrata
3310 5794 3423 5863 est,
3456 5807 3588 5862 quae
