  <div class='ocr_page' id='page_1' title='image "/cluster/home/n/w/nwhite01/storage/ocr_20150623/4/mdp.39015078384529/227.png"; bbox 0 0 4062 6366; ppageno 0'>
   <div class='ocr_carea' id='block_1_1' title="bbox 429 438 535 495">
    <p class='ocr_par' dir='ltr' id='par_1_1' title="bbox 429 438 535 495">
     <span class='ocr_line' id='line_1_1' title="bbox 429 438 535 495; baseline 0 0"><span class='ocrx_word' id='word_1_1' title='bbox 429 438 535 495; x_wconf 80' lang='grc'><strong>435</strong></span> 
     </span>
    </p>
   </div>
   <div class='ocr_carea' id='block_1_2' title="bbox 1248 431 3026 495">
    <p class='ocr_par' dir='ltr' id='par_1_2' title="bbox 1248 431 3026 495">
     <span class='ocr_line' id='line_1_2' title="bbox 1248 431 3026 495; baseline 0.002 -5"><span class='ocrx_word' id='word_1_2' title='bbox 1248 434 1611 490; x_wconf 79' lang='grc' dir='ltr'><strong>ΔΡΡΕΝΒῙΧ</strong></span> <span class='ocrx_word' id='word_1_3' title='bbox 1651 436 1749 487; x_wconf 90' lang='lat' dir='ltr'><strong>AD</strong></span> <span class='ocrx_word' id='word_1_4' title='bbox 1787 432 2031 489; x_wconf 77' lang='lat' dir='ltr'><strong>OPERA</strong></span> <span class='ocrx_word' id='word_1_5' title='bbox 2069 433 2129 487; x_wconf 84' lang='lat'><strong>8.</strong></span> <span class='ocrx_word' id='word_1_6' title='bbox 2166 431 2483 493; x_wconf 79' lang='lat' dir='ltr'><strong>DIONYSII</strong></span> <span class='ocrx_word' id='word_1_7' title='bbox 2521 436 3026 495; x_wconf 73' lang='lat' dir='ltr'><strong>ABEOPAGITB.</strong></span> 
     </span>
    </p>
   </div>
   <div class='ocr_carea' id='block_1_3' title="bbox 3743 441 3847 498">
    <p class='ocr_par' dir='ltr' id='par_1_3' title="bbox 3743 441 3847 498">
     <span class='ocr_line' id='line_1_3' title="bbox 3743 441 3847 498; baseline 0.019 -2"><span class='ocrx_word' id='word_1_8' title='bbox 3743 441 3847 498; x_wconf 67' lang='lat'><strong>436</strong></span> 
     </span>
    </p>
   </div>
   <div class='ocr_carea' id='block_1_4' title="bbox 430 553 2109 639">
    <p class='ocr_par' dir='ltr' id='par_1_4' title="bbox 430 553 2084 635">
     <span class='ocr_line' id='line_1_4' title="bbox 430 553 2084 635; baseline -0.007 -16"><span class='ocrx_word' id='word_1_9' title='bbox 430 565 561 620; x_wconf 86' lang='lat' dir='ltr'><strong>istis</strong></span> <span class='ocrx_word' id='word_1_10' title='bbox 611 563 857 635; x_wconf 85' lang='grc' dir='ltr'>σεμνεῖον</span> <span class='ocrx_word' id='word_1_11' title='bbox 891 558 1125 630; x_wconf 88' lang='lat' dir='ltr'><strong>dicitur,</strong></span> <span class='ocrx_word' id='word_1_12' title='bbox 1158 558 1277 613; x_wconf 88' lang='lat' dir='ltr'><strong>sive</strong></span> <span class='ocrx_word' id='word_1_13' title='bbox 1312 558 1701 630; x_wconf 82' lang='grc' dir='ltr'>μοναστήριον,</span> <span class='ocrx_word' id='word_1_14' title='bbox 1735 556 1795 611; x_wconf 83' lang='lat' dir='ltr'><strong>in</strong></span> <span class='ocrx_word' id='word_1_15' title='bbox 1828 571 1945 627; x_wconf 89' lang='lat' dir='ltr'><strong>qua</strong></span> <span class='ocrx_word' id='word_1_16' title='bbox 1975 553 2084 610; x_wconf 84' lang='lat' dir='ltr'><strong>801i</strong></span> 
     </span>
    </p>
   </div>
   <div class='ocr_carea' id='block_1_5' title="bbox 2218 553 3843 639">
    <p class='ocr_par' dir='ltr' id='par_1_5' title="bbox 2218 554 3843 639">
     <span class='ocr_line' id='line_1_5' title="bbox 2218 554 3843 639; baseline 0.007 -33"><span class='ocrx_word' id='word_1_17' title='bbox 2218 555 2416 629; x_wconf 72' lang='lat' dir='ltr'><strong>rocptav,</strong></span> <span class='ocrx_word' id='word_1_18' title='bbox 2444 554 2907 633; x_wconf 86' lang='grc' dir='ltr'>ἀλληγοροῦντες,</span> <span class='ocrx_word' id='word_1_19' title='bbox 2941 556 3128 629; x_wconf 79' lang='grc' dir='ltr'>ἐπειδή</span> <span class='ocrx_word' id='word_1_20' title='bbox 3163 556 3414 634; x_wconf 77' lang='grc' dir='ltr'>σύμϐολα</span> <span class='ocrx_word' id='word_1_21' title='bbox 3444 559 3510 615; x_wconf 81' lang='grc' dir='ltr'><strong>τὰ</strong></span> <span class='ocrx_word' id='word_1_22' title='bbox 3537 568 3641 632; x_wconf 84' lang='grc' dir='ltr'>τῆς</span> <span class='ocrx_word' id='word_1_23' title='bbox 3674 561 3843 639; x_wconf 78' lang='grc' dir='ltr'>ῥητῆς</span> 
     </span>
    </p>
   </div>
   <div class='ocr_carea' id='block_1_6' title="bbox 436 646 2090 725">
    <p class='ocr_par' dir='ltr' id='par_1_6' title="bbox 436 646 2090 725">
     <span class='ocr_line' id='line_1_6' title="bbox 436 646 2090 725; baseline -0.007 -17"><span class='ocrx_word' id='word_1_24' title='bbox 436 652 551 725; x_wconf 90' lang='lat' dir='ltr'><strong>ipsi</strong></span> <span class='ocrx_word' id='word_1_25' title='bbox 584 670 617 707; x_wconf 88' lang='lat' dir='ltr'><strong>a</strong></span> <span class='ocrx_word' id='word_1_26' title='bbox 644 650 822 723; x_wconf 85' lang='lat' dir='ltr'>vulgo</span> <span class='ocrx_word' id='word_1_27' title='bbox 854 664 1121 703; x_wconf 82' lang='lat' dir='ltr'><strong>seorsum</strong></span> <span class='ocrx_word' id='word_1_28' title='bbox 1156 646 1753 719; x_wconf 84' lang='lat' dir='ltr'><strong>degentes,mysteria</strong></span> <span class='ocrx_word' id='word_1_29' title='bbox 1782 647 2090 717; x_wconf 85' lang='lat' dir='ltr'><strong>peragunt,</strong></span> 
     </span>
    </p>
   </div>
   <div class='ocr_carea' id='block_1_7' title="bbox 436 732 2093 815">
    <p class='ocr_par' dir='ltr' id='par_1_7' title="bbox 436 732 2093 815">
     <span class='ocr_line' id='line_1_7' title="bbox 436 732 2093 815; baseline -0.007 -17"><span class='ocrx_word' id='word_1_30' title='bbox 436 760 563 815; x_wconf 66' lang='lat' dir='ltr'><strong>quae</strong></span> <span class='ocrx_word' id='word_1_31' title='bbox 599 740 933 812; x_wconf 83' lang='lat' dir='ltr'><strong>religiosam</strong></span> <span class='ocrx_word' id='word_1_32' title='bbox 968 738 1250 793; x_wconf 90' lang='lat' dir='ltr'><strong>addecent</strong></span> <span class='ocrx_word' id='word_1_33' title='bbox 1282 754 1345 792; x_wconf 89' lang='lat' dir='ltr'><strong>ac</strong></span> <span class='ocrx_word' id='word_1_34' title='bbox 1381 736 1647 791; x_wconf 85' lang='lat' dir='ltr'><strong>ccelibem</strong></span> <span class='ocrx_word' id='word_1_35' title='bbox 1680 735 1881 789; x_wconf 86' lang='lat' dir='ltr'><strong>vitam.</strong></span> <span class='ocrx_word' id='word_1_36' title='bbox 1911 732 2093 789; x_wconf 89' lang='lat' dir='ltr'><strong>Nemo</strong></span> 
     </span>
    </p>
   </div>
   <div class='ocr_carea' id='block_1_8' title="bbox 438 820 2093 902">
    <p class='ocr_par' dir='ltr' id='par_1_8' title="bbox 438 820 2093 902">
     <span class='ocr_line' id='line_1_8' title="bbox 438 820 2093 902; baseline -0.005 -14"><span class='ocrx_word' id='word_1_37' title='bbox 438 848 503 888; x_wconf 94' lang='lat' dir='ltr'><strong>eo</strong></span> <span class='ocrx_word' id='word_1_38' title='bbox 536 831 857 902; x_wconf 86' lang='lat' dir='ltr'><strong>quidquam</strong></span> <span class='ocrx_word' id='word_1_39' title='bbox 908 825 1276 884; x_wconf 90' lang='lat' dir='ltr'><strong>esculentum</strong></span> <span class='ocrx_word' id='word_1_40' title='bbox 1328 824 1629 897; x_wconf 88' lang='lat' dir='ltr'><strong>importat,</strong></span> <span class='ocrx_word' id='word_1_41' title='bbox 1678 822 1766 880; x_wconf 85' lang='lat' dir='ltr'><strong>vel</strong></span> <span class='ocrx_word' id='word_1_42' title='bbox 1814 820 2093 895; x_wconf 87' lang='lat' dir='ltr'><strong>poculen-</strong></span> 
     </span>
    </p>
   </div>
   <div class='ocr_carea' id='block_1_9' title="bbox 438 911 2093 988">
    <p class='ocr_par' dir='ltr' id='par_1_9' title="bbox 438 911 2093 988">
     <span class='ocr_line' id='line_1_9' title="bbox 438 911 2093 988; baseline -0.006 -11"><span class='ocrx_word' id='word_1_43' title='bbox 438 926 594 988; x_wconf 90' lang='lat' dir='ltr'><strong>tum,</strong></span> <span class='ocrx_word' id='word_1_44' title='bbox 623 923 723 977; x_wconf 89' lang='lat' dir='ltr'><strong>aut</strong></span> <span class='ocrx_word' id='word_1_45' title='bbox 752 933 957 975; x_wconf 88' lang='lat' dir='ltr'><strong>eorum</strong></span> <span class='ocrx_word' id='word_1_46' title='bbox 987 915 1210 987; x_wconf 89' lang='lat' dir='ltr'><strong>aliquid</strong></span> <span class='ocrx_word' id='word_1_47' title='bbox 1245 931 1371 986; x_wconf 79' lang='lat' dir='ltr'><strong>quae</strong></span> <span class='ocrx_word' id='word_1_48' title='bbox 1404 914 1476 970; x_wconf 91' lang='lat' dir='ltr'><strong>ad</strong></span> <span class='ocrx_word' id='word_1_49' title='bbox 1524 911 1920 969; x_wconf 88' lang='lat' dir='ltr'><strong>sublevandas</strong></span> <span class='ocrx_word' id='word_1_50' title='bbox 1969 925 2093 967; x_wconf 82' lang='lat' dir='ltr'><strong>cor-</strong></span> 
     </span>
    </p>
   </div>
   <div class='ocr_carea' id='block_1_10' title="bbox 444 998 2096 1082">
    <p class='ocr_par' dir='ltr' id='par_1_10' title="bbox 444 998 2096 1082">
     <span class='ocr_line' id='line_1_10' title="bbox 444 998 2096 1082; baseline -0.007 -17"><span class='ocrx_word' id='word_1_51' title='bbox 444 1010 606 1082; x_wconf 81' lang='lat' dir='ltr'><strong>poris</strong></span> <span class='ocrx_word' id='word_1_52' title='bbox 648 1006 1031 1063; x_wconf 81' lang='lat' dir='ltr'><strong>necessitates</strong></span> <span class='ocrx_word' id='word_1_53' title='bbox 1064 1007 1391 1060; x_wconf 90' lang='lat' dir='ltr'><strong>noscuntur</strong></span> <span class='ocrx_word' id='word_1_54' title='bbox 1420 1001 1746 1074; x_wconf 77' lang='lat' dir='ltr'><strong>pertinere;</strong></span> <span class='ocrx_word' id='word_1_55' title='bbox 1779 998 1937 1071; x_wconf 83' lang='lat' dir='ltr'><strong>leges</strong></span> <span class='ocrx_word' id='word_1_56' title='bbox 1965 1002 2096 1054; x_wconf 87' lang='lat' dir='ltr'><strong>tan-</strong></span> 
     </span>
    </p>
   </div>
   <div class='ocr_carea' id='block_1_11' title="bbox 443 1087 2097 1169">
    <p class='ocr_par' dir='ltr' id='par_1_11' title="bbox 443 1087 2097 1169">
     <span class='ocr_line' id='line_1_11' title="bbox 443 1087 2097 1169; baseline -0.006 -14"><span class='ocrx_word' id='word_1_57' title='bbox 443 1106 821 1169; x_wconf 89' lang='lat' dir='ltr'><strong>tum,perque</strong></span> <span class='ocrx_word' id='word_1_58' title='bbox 851 1092 1245 1164; x_wconf 71' lang='lat' dir='ltr'><strong>divintloquos</strong></span> <span class='ocrx_word' id='word_1_59' title='bbox 1269 1092 1586 1165; x_wconf 90' lang='lat' dir='ltr'><strong>prophetas</strong></span> <span class='ocrx_word' id='word_1_60' title='bbox 1607 1088 1834 1149; x_wconf 78' lang='lat' dir='ltr'><strong>reddita</strong></span> <span class='ocrx_word' id='word_1_61' title='bbox 1858 1087 2097 1148; x_wconf 79' lang='lat' dir='ltr'><strong>oracula</strong></span> 
     </span>
    </p>
   </div>
   <div class='ocr_carea' id='block_1_12' title="bbox 441 1178 2096 1255">
    <p class='ocr_par' dir='ltr' id='par_1_12' title="bbox 441 1178 2096 1255">
     <span class='ocr_line' id='line_1_12' title="bbox 441 1178 2096 1255; baseline -0.007 -11"><span class='ocrx_word' id='word_1_62' title='bbox 441 1204 506 1245; x_wconf 91' lang='lat' dir='ltr'><strong>eo</strong></span> <span class='ocrx_word' id='word_1_63' title='bbox 538 1186 890 1252; x_wconf 87' lang='lat' dir='ltr'><strong>convehunt,</strong></span> <span class='ocrx_word' id='word_1_64' title='bbox 927 1183 1201 1255; x_wconf 84' lang='lat' dir='ltr'><strong>hymnos,</strong></span> <span class='ocrx_word' id='word_1_65' title='bbox 1235 1182 1349 1236; x_wconf 88' lang='lat' dir='ltr'><strong>alia</strong></span> <span class='ocrx_word' id='word_1_66' title='bbox 1377 1182 1513 1237; x_wconf 88' lang='lat' dir='ltr'><strong>item</strong></span> <span class='ocrx_word' id='word_1_67' title='bbox 1546 1180 1843 1253; x_wconf 80' lang='lat' dir='ltr'><strong>pleraque,</strong></span> <span class='ocrx_word' id='word_1_68' title='bbox 1878 1178 2096 1250; x_wconf 84' lang='lat' dir='ltr'><strong>quibus</strong></span> 
     </span>
    </p>
   </div>
   <div class='ocr_carea' id='block_1_13' title="bbox 439 1269 2097 1346">
    <p class='ocr_par' dir='ltr' id='par_1_13' title="bbox 439 1269 2097 1346">
     <span class='ocr_line' id='line_1_13' title="bbox 439 1269 2097 1346; baseline -0.008 -12"><span class='ocrx_word' id='word_1_69' title='bbox 439 1275 902 1346; x_wconf 88' lang='lat' dir='ltr'><strong>eruditio,inque</strong></span> <span class='ocrx_word' id='word_1_70' title='bbox 934 1273 1116 1328; x_wconf 91' lang='lat' dir='ltr'><strong>Deum</strong></span> <span class='ocrx_word' id='word_1_71' title='bbox 1153 1270 1339 1343; x_wconf 88' lang='lat' dir='ltr'><strong>pietas</strong></span> <span class='ocrx_word' id='word_1_72' title='bbox 1372 1269 1737 1340; x_wconf 90' lang='lat' dir='ltr'><strong>quotidianis</strong></span> <span class='ocrx_word' id='word_1_73' title='bbox 1767 1270 2097 1323; x_wconf 90' lang='lat' dir='ltr'><strong>incremen-</strong></span> 
     </span>
    </p>
   </div>
   <div class='ocr_carea' id='block_1_14' title="bbox 438 1356 2096 1434">
    <p class='ocr_par' dir='ltr' id='par_1_14' title="bbox 438 1356 2096 1434">
     <span class='ocr_line' id='line_1_14' title="bbox 438 1356 2096 1434; baseline -0.006 -11"><span class='ocrx_word' id='word_1_74' title='bbox 438 1368 517 1423; x_wconf 91' lang='lat' dir='ltr'><strong>tis</strong></span> <span class='ocrx_word' id='word_1_75' title='bbox 570 1363 911 1421; x_wconf 86' lang='lat' dir='ltr'><strong>coalescunt</strong></span> <span class='ocrx_word' id='word_1_76' title='bbox 959 1366 1018 1417; x_wconf 90' lang='lat' dir='ltr'><strong>et</strong></span> <span class='ocrx_word' id='word_1_77' title='bbox 1067 1359 1474 1434; x_wconf 80' lang='lat' dir='ltr'><strong>perﬁciuntur.</strong></span> <span class='ocrx_word' id='word_1_78' title='bbox 1527 1359 1756 1415; x_wconf 81' lang='lat' dir='ltr'><strong>Rursus</strong></span> <span class='ocrx_word' id='word_1_79' title='bbox 1794 1374 1863 1413; x_wconf 90' lang='lat' dir='ltr'><strong>ex</strong></span> <span class='ocrx_word' id='word_1_80' title='bbox 1893 1356 2096 1413; x_wconf 90' lang='lat' dir='ltr'><strong>eodem</strong></span> 
     </span>
    </p>
   </div>
   <div class='ocr_carea' id='block_1_15' title="bbox 438 1446 2098 1527">
    <p class='ocr_par' dir='ltr' id='par_1_15' title="bbox 438 1446 2098 1527">
     <span class='ocr_line' id='line_1_15' title="bbox 438 1446 2098 1527; baseline -0.007 -16"><span class='ocrx_word' id='word_1_81' title='bbox 438 1470 614 1527; x_wconf 91' lang='lat' dir='ltr'><strong>opere</strong></span> <span class='ocrx_word' id='word_1_82' title='bbox 648 1471 661 1508; x_wconf 91' lang='lat'><strong>:</strong></span> <span class='ocrx_word' id='word_1_83' title='bbox 695 1458 742 1507; x_wconf 86' lang='lat' dir='ltr'><strong>A</strong></span> <span class='ocrx_word' id='word_1_84' title='bbox 775 1450 1065 1507; x_wconf 89' lang='lat' dir='ltr'><strong>matutino</strong></span> <span class='ocrx_word' id='word_1_85' title='bbox 1099 1452 1295 1503; x_wconf 89' lang='lat' dir='ltr'><strong>autem</strong></span> <span class='ocrx_word' id='word_1_86' title='bbox 1341 1446 1484 1504; x_wconf 89' lang='lat' dir='ltr'><strong>solis</strong></span> <span class='ocrx_word' id='word_1_87' title='bbox 1533 1451 1738 1503; x_wconf 86' lang='lat' dir='ltr'><strong>exortu</strong></span> <span class='ocrx_word' id='word_1_88' title='bbox 1788 1446 1859 1501; x_wconf 92' lang='lat' dir='ltr'><strong>ad</strong></span> <span class='ocrx_word' id='word_1_89' title='bbox 1911 1460 2098 1517; x_wconf 89' lang='lat' dir='ltr'><strong>usque</strong></span> 
     </span>
    </p>
   </div>
   <div class='ocr_carea' id='block_1_16' title="bbox 438 1545 2100 1623">
    <p class='ocr_par' dir='ltr' id='par_1_16' title="bbox 438 1545 2100 1623">
     <span class='ocr_line' id='line_1_16' title="bbox 438 1545 2100 1623; baseline -0.007 -14"><span class='ocrx_word' id='word_1_90' title='bbox 438 1566 766 1623; x_wconf 88' lang='lat' dir='ltr'><strong>vesperam,</strong></span> <span class='ocrx_word' id='word_1_91' title='bbox 791 1548 985 1605; x_wconf 89' lang='lat' dir='ltr'><strong>omnis</strong></span> <span class='ocrx_word' id='word_1_92' title='bbox 1019 1563 1087 1603; x_wconf 90' lang='lat' dir='ltr'><strong>ea</strong></span> <span class='ocrx_word' id='word_1_93' title='bbox 1118 1547 1491 1619; x_wconf 82' lang='lat' dir='ltr'><strong>intercapedo</strong></span> <span class='ocrx_word' id='word_1_94' title='bbox 1527 1546 1656 1601; x_wconf 86' lang='lat' dir='ltr'><strong>istis</strong></span> <span class='ocrx_word' id='word_1_95' title='bbox 1690 1545 1843 1600; x_wconf 91' lang='lat' dir='ltr'><strong>cedit</strong></span> <span class='ocrx_word' id='word_1_96' title='bbox 1873 1548 1931 1599; x_wconf 91' lang='lat' dir='ltr'><strong>in</strong></span> <span class='ocrx_word' id='word_1_97' title='bbox 1959 1560 2100 1599; x_wconf 91' lang='lat' dir='ltr'><strong>con-</strong></span> 
     </span>
    </p>
   </div>
   <div class='ocr_carea' id='block_1_17' title="bbox 445 1635 2101 1708">
    <p class='ocr_par' dir='ltr' id='par_1_17' title="bbox 445 1635 2101 1708">
     <span class='ocr_line' id='line_1_17' title="bbox 445 1635 2101 1708; baseline -0.007 -11"><span class='ocrx_word' id='word_1_98' title='bbox 445 1642 733 1697; x_wconf 90' lang='lat' dir='ltr'><strong>tinentem</strong></span> <span class='ocrx_word' id='word_1_99' title='bbox 758 1636 1199 1708; x_wconf 90' lang='lat' dir='ltr'><strong>Scripturarum</strong></span> <span class='ocrx_word' id='word_1_100' title='bbox 1222 1635 1957 1705; x_wconf 86' lang='lat' dir='ltr'><strong>meditationem.Cumque</strong></span> <span class='ocrx_word' id='word_1_101' title='bbox 1978 1647 2101 1706; x_wconf 88' lang='lat' dir='ltr'><strong>per-</strong></span> 
     </span>
    </p>
   </div>
   <div class='ocr_carea' id='block_1_18' title="bbox 449 1720 2103 1799">
    <p class='ocr_par' dir='ltr' id='par_1_18' title="bbox 449 1720 2103 1799">
     <span class='ocr_line' id='line_1_18' title="bbox 449 1720 2103 1799; baseline -0.003 -14"><span class='ocrx_word' id='word_1_102' title='bbox 449 1727 633 1786; x_wconf 89' lang='lat' dir='ltr'><strong>tinaci</strong></span> <span class='ocrx_word' id='word_1_103' title='bbox 664 1726 861 1784; x_wconf 89' lang='lat' dir='ltr'><strong>studio</strong></span> <span class='ocrx_word' id='word_1_104' title='bbox 892 1742 1088 1785; x_wconf 84' lang='lat' dir='ltr'><strong>sacras</strong></span> <span class='ocrx_word' id='word_1_105' title='bbox 1117 1726 1346 1785; x_wconf 77' lang='lat' dir='ltr'><strong>litteras</strong></span> <span class='ocrx_word' id='word_1_106' title='bbox 1374 1724 1580 1799; x_wconf 80' lang='lat' dir='ltr'><strong>legunt</strong></span> <span class='ocrx_word' id='word_1_107' title='bbox 1612 1740 1627 1782; x_wconf 89' lang='lat'><strong>:</strong></span> <span class='ocrx_word' id='word_1_108' title='bbox 1662 1723 1831 1793; x_wconf 80' lang='lat' dir='ltr'><strong>ﬁt,ut</strong></span> <span class='ocrx_word' id='word_1_109' title='bbox 1858 1720 2103 1794; x_wconf 85' lang='lat' dir='ltr'><strong>pulchre</strong></span> 
     </span>
    </p>
   </div>
   <div class='ocr_carea' id='block_1_19' title="bbox 449 1811 2102 1888">
    <p class='ocr_par' dir='ltr' id='par_1_19' title="bbox 449 1811 2102 1888">
     <span class='ocr_line' id='line_1_19' title="bbox 449 1811 2102 1888; baseline -0.005 -14"><span class='ocrx_word' id='word_1_110' title='bbox 449 1818 773 1875; x_wconf 85' lang='lat' dir='ltr'><strong>admodum</strong></span> <span class='ocrx_word' id='word_1_111' title='bbox 804 1814 1431 1888; x_wconf 89' lang='lat' dir='ltr'><strong>philosophentur,pro</strong></span> <span class='ocrx_word' id='word_1_112' title='bbox 1463 1828 1625 1869; x_wconf 91' lang='lat' dir='ltr'><strong>more</strong></span> <span class='ocrx_word' id='word_1_113' title='bbox 1654 1813 1940 1883; x_wconf 88' lang='lat' dir='ltr'><strong>majorum</strong></span> <span class='ocrx_word' id='word_1_114' title='bbox 1973 1811 2102 1883; x_wconf 87' lang='lat' dir='ltr'><strong>phi-</strong></span> 
     </span>
    </p>
   </div>
   <div class='ocr_carea' id='block_1_20' title="bbox 2202 641 3843 729">
    <p class='ocr_par' dir='ltr' id='par_1_20' title="bbox 2202 641 3843 729">
     <span class='ocr_line' id='line_1_20' title="bbox 2202 641 3843 729; baseline 0.005 -31"><span class='ocrx_word' id='word_1_115' title='bbox 2202 641 2489 717; x_wconf 70' lang='grc' dir='ltr'>ἰρμηνείας</span> <span class='ocrx_word' id='word_1_116' title='bbox 2549 646 2865 719; x_wconf 77' lang='grc' dir='ltr'>νομίζουσιν</span> <span class='ocrx_word' id='word_1_117' title='bbox 2943 647 3434 725; x_wconf 81' lang='grc' dir='ltr'>ἀπὸκεκρυμμένης</span> <span class='ocrx_word' id='word_1_118' title='bbox 3507 650 3720 729; x_wconf 83' lang='grc' dir='ltr'>φύσεως</span> <span class='ocrx_word' id='word_1_119' title='bbox 3793 652 3843 707; x_wconf 82' lang='grc' dir='ltr'><strong>έν</strong></span> 
     </span>
    </p>
   </div>
   <div class='ocr_carea' id='block_1_21' title="bbox 2204 732 3844 818">
    <p class='ocr_par' dir='ltr' id='par_1_21' title="bbox 2204 732 3844 818">
     <span class='ocr_line' id='line_1_21' title="bbox 2204 732 3844 818; baseline 0.006 -32"><span class='ocrx_word' id='word_1_120' title='bbox 2204 732 2482 795; x_wconf 85' lang='grc' dir='ltr'><strong>ὑπονοίαις</strong></span> <span class='ocrx_word' id='word_1_121' title='bbox 2532 732 2903 809; x_wconf 80' lang='grc' dir='ltr'>δηλουμένης.</span> <span class='ocrx_word' id='word_1_122' title='bbox 2950 739 3102 794; x_wconf 83' lang='grc' dir='ltr'><strong>’Ἐστι</strong></span> <span class='ocrx_word' id='word_1_123' title='bbox 3136 734 3193 792; x_wconf 81' lang='grc' dir='ltr'>δὶ</span> <span class='ocrx_word' id='word_1_124' title='bbox 3238 737 3422 800; x_wconf 84' lang='grc' dir='ltr'>αὐτοῖς</span> <span class='ocrx_word' id='word_1_125' title='bbox 3452 740 3539 794; x_wconf 78' lang='grc' dir='ltr'><strong>καὶ</strong></span> <span class='ocrx_word' id='word_1_126' title='bbox 3566 741 3844 818; x_wconf 86' lang='grc' dir='ltr'>συγγράμ-</span> 
     </span>
    </p>
   </div>
   <div class='ocr_carea' id='block_1_22' title="bbox 2206 822 3848 907">
    <p class='ocr_par' dir='ltr' id='par_1_22' title="bbox 2206 822 3848 907">
     <span class='ocr_line' id='line_1_22' title="bbox 2206 822 3848 907; baseline 0.005 -30"><span class='ocrx_word' id='word_1_127' title='bbox 2206 842 2347 893; x_wconf 86' lang='grc' dir='ltr'>ματα</span> <span class='ocrx_word' id='word_1_128' title='bbox 2394 822 2645 881; x_wconf 82' lang='grc' dir='ltr'>παλαιῶν</span> <span class='ocrx_word' id='word_1_129' title='bbox 2695 822 2928 899; x_wconf 77' lang='grc' dir='ltr'>ἀνδρῶν,</span> <span class='ocrx_word' id='word_1_130' title='bbox 2973 827 3026 881; x_wconf 86' lang='grc' dir='ltr'>οἳ</span> <span class='ocrx_word' id='word_1_131' title='bbox 3071 828 3173 897; x_wconf 74' lang='grc' dir='ltr'><strong>τῆς</strong></span> <span class='ocrx_word' id='word_1_132' title='bbox 3219 827 3478 907; x_wconf 72' lang='grc' dir='ltr'>αἱρέσεως</span> <span class='ocrx_word' id='word_1_133' title='bbox 3525 829 3703 886; x_wconf 76' lang='grc' dir='ltr'>αὐτῶν</span> <span class='ocrx_word' id='word_1_134' title='bbox 3750 833 3848 905; x_wconf 84' lang='grc' dir='ltr'>ἀρ-</span> 
     </span>
    </p>
   </div>
   <div class='ocr_carea' id='block_1_23' title="bbox 2202 907 3851 989">
    <p class='ocr_par' dir='ltr' id='par_1_23' title="bbox 2202 907 3851 989">
     <span class='ocr_line' id='line_1_23' title="bbox 2202 907 3851 989; baseline -0.001 -24"><span class='ocrx_word' id='word_1_135' title='bbox 2202 907 2432 984; x_wconf 86' lang='grc' dir='ltr'>χηγέται</span> <span class='ocrx_word' id='word_1_136' title='bbox 2462 912 2765 987; x_wconf 89' lang='grc' dir='ltr'>γενόμενοι,</span> <span class='ocrx_word' id='word_1_137' title='bbox 2795 912 2983 971; x_wconf 82' lang='grc' dir='ltr'>πολλά</span> <span class='ocrx_word' id='word_1_138' title='bbox 3018 917 3260 989; x_wconf 80' lang='grc' dir='ltr'>μνημεῖα</span> <span class='ocrx_word' id='word_1_139' title='bbox 3282 918 3385 986; x_wconf 76' lang='grc' dir='ltr'>τῆς</span> <span class='ocrx_word' id='word_1_140' title='bbox 3435 916 3488 975; x_wconf 70' lang='grc' dir='ltr'>ιν</span> <span class='ocrx_word' id='word_1_141' title='bbox 3526 923 3643 982; x_wconf 77' lang='grc' dir='ltr'>τοῖς</span> <span class='ocrx_word' id='word_1_142' title='bbox 3673 917 3851 989; x_wconf 70' lang='grc' dir='ltr'>ἀλλη-</span> 
     </span>
    </p>
   </div>
   <div class='ocr_carea' id='block_1_24' title="bbox 2203 998 3849 1083">
    <p class='ocr_par' dir='ltr' id='par_1_24' title="bbox 2203 998 3849 1083">
     <span class='ocr_line' id='line_1_24' title="bbox 2203 998 3849 1083; baseline 0.007 -31"><span class='ocrx_word' id='word_1_143' title='bbox 2203 1000 2565 1074; x_wconf 87' lang='grc' dir='ltr'>γορουμένοις</span> <span class='ocrx_word' id='word_1_144' title='bbox 2640 998 2785 1066; x_wconf 75' lang='grc' dir='ltr'>ἰδέας</span> <span class='ocrx_word' id='word_1_145' title='bbox 2860 1000 3336 1079; x_wconf 78' lang='grc' dir='ltr'><strong>ἀπολειπόμενοι,</strong></span> <span class='ocrx_word' id='word_1_146' title='bbox 3392 1009 3633 1083; x_wconf 86' lang='grc' dir='ltr'>καθάπερ</span> <span class='ocrx_word' id='word_1_147' title='bbox 3706 1009 3849 1063; x_wconf 83' lang='grc' dir='ltr'>τισὶν</span> 
     </span>
    </p>
   </div>
   <div class='ocr_carea' id='block_1_25' title="bbox 2204 1086 3850 1173">
    <p class='ocr_par' dir='ltr' id='par_1_25' title="bbox 2204 1086 3850 1173">
     <span class='ocr_line' id='line_1_25' title="bbox 2204 1086 3850 1173; baseline 0.005 -31"><span class='ocrx_word' id='word_1_148' title='bbox 2204 1086 2537 1165; x_wconf 77' lang='grc' dir='ltr'>ἀρχετύποις</span> <span class='ocrx_word' id='word_1_149' title='bbox 2567 1091 2871 1169; x_wconf 82' lang='grc' dir='ltr'>χρώμενοι,</span> <span class='ocrx_word' id='word_1_150' title='bbox 2907 1098 3203 1167; x_wconf 75' lang='grc' dir='ltr'>μιμοῦνται</span> <span class='ocrx_word' id='word_1_151' title='bbox 3232 1101 3333 1165; x_wconf 85' lang='grc' dir='ltr'><strong>τῆς</strong></span> <span class='ocrx_word' id='word_1_152' title='bbox 3360 1097 3727 1173; x_wconf 84' lang='grc' dir='ltr'>προαιρέσεως</span> <span class='ocrx_word' id='word_1_153' title='bbox 3756 1097 3850 1152; x_wconf 82' lang='grc' dir='ltr'>τὸν</span> 
     </span>
    </p>
   </div>
   <div class='ocr_carea' id='block_1_26' title="bbox 2201 1179 3857 1262">
    <p class='ocr_par' dir='ltr' id='par_1_26' title="bbox 2201 1179 3857 1262">
     <span class='ocr_line' id='line_1_26' title="bbox 2201 1179 3857 1262; baseline 0.006 -30"><span class='ocrx_word' id='word_1_154' title='bbox 2201 1179 2426 1253; x_wconf 84' lang='grc' dir='ltr'>τρόπον.</span> <span class='ocrx_word' id='word_1_155' title='bbox 2462 1202 2491 1230; x_wconf 65' lang='grc' dir='ltr'><strong>ω</strong></span> <span class='ocrx_word' id='word_1_156' title='bbox 2513 1179 2614 1237; x_wconf 68' lang='grc' dir='ltr'><strong>Καὶ</strong></span> <span class='ocrx_word' id='word_1_157' title='bbox 2650 1182 2763 1253; x_wconf 88' lang='grc' dir='ltr'>μετ’</span> <span class='ocrx_word' id='word_1_158' title='bbox 2797 1180 2961 1258; x_wconf 81' lang='grc' dir='ltr'>ὀλίγα</span> <span class='ocrx_word' id='word_1_159' title='bbox 3113 1206 3142 1236; x_wconf 89' lang='grc'><strong>‹‹</strong></span> <span class='ocrx_word' id='word_1_160' title='bbox 3172 1186 3332 1240; x_wconf 84' lang='grc' dir='ltr'><strong>Ὥστε</strong></span> <span class='ocrx_word' id='word_1_161' title='bbox 3364 1185 3425 1241; x_wconf 84' lang='grc' dir='ltr'>οὗ</span> <span class='ocrx_word' id='word_1_162' title='bbox 3453 1190 3719 1262; x_wconf 76' lang='grc' dir='ltr'><strong>θεωροῦσι</strong></span> <span class='ocrx_word' id='word_1_163' title='bbox 3753 1185 3857 1259; x_wconf 87' lang='grc' dir='ltr'>μό-</span> 
     </span>
    </p>
   </div>
   <div class='ocr_carea' id='block_1_27' title="bbox 2205 1266 3857 1348">
    <p class='ocr_par' dir='ltr' id='par_1_27' title="bbox 2205 1266 3857 1348">
     <span class='ocr_line' id='line_1_27' title="bbox 2205 1266 3857 1348; baseline 0.007 -27"><span class='ocrx_word' id='word_1_164' title='bbox 2205 1288 2319 1339; x_wconf 83' lang='grc' dir='ltr'>νον,</span> <span class='ocrx_word' id='word_1_165' title='bbox 2369 1266 2515 1324; x_wconf 87' lang='grc' dir='ltr'><strong>ἀλλά</strong></span> <span class='ocrx_word' id='word_1_166' title='bbox 2559 1268 2649 1323; x_wconf 81' lang='grc' dir='ltr'><strong>καὶ</strong></span> <span class='ocrx_word' id='word_1_167' title='bbox 2696 1274 2942 1326; x_wconf 88' lang='grc' dir='ltr'>ποιοῦσιν</span> <span class='ocrx_word' id='word_1_168' title='bbox 2994 1270 3211 1346; x_wconf 79' lang='grc' dir='ltr'>ᾅσματα</span> <span class='ocrx_word' id='word_1_169' title='bbox 3257 1275 3349 1329; x_wconf 81' lang='grc' dir='ltr'><strong>καὶ</strong></span> <span class='ocrx_word' id='word_1_170' title='bbox 3395 1274 3599 1348; x_wconf 77' lang='grc' dir='ltr'>ὕμνους</span> <span class='ocrx_word' id='word_1_171' title='bbox 3654 1275 3731 1338; x_wconf 73' lang='grc' dir='ltr'>εἷς</span> <span class='ocrx_word' id='word_1_172' title='bbox 3762 1276 3857 1332; x_wconf 84' lang='grc' dir='ltr'>τὸν</span> 
     </span>
    </p>
   </div>
   <div class='ocr_carea' id='block_1_28' title="bbox 2208 1354 3862 1439">
    <p class='ocr_par' dir='ltr' id='par_1_28' title="bbox 2208 1354 3862 1439">
     <span class='ocr_line' id='line_1_28' title="bbox 2208 1354 3862 1439; baseline 0.006 -28"><span class='ocrx_word' id='word_1_173' title='bbox 2208 1355 2336 1412; x_wconf 85' lang='grc' dir='ltr'>Θεὸν</span> <span class='ocrx_word' id='word_1_174' title='bbox 2371 1354 2461 1412; x_wconf 82' lang='grc' dir='ltr'><strong>διά</strong></span> <span class='ocrx_word' id='word_1_175' title='bbox 2501 1358 2768 1415; x_wconf 80' lang='grc' dir='ltr'>παντοίων</span> <span class='ocrx_word' id='word_1_176' title='bbox 2824 1359 3031 1437; x_wconf 68' lang='grc' dir='ltr'>μέτρων</span> <span class='ocrx_word' id='word_1_177' title='bbox 3083 1362 3176 1419; x_wconf 75' lang='grc' dir='ltr'><strong>καί</strong></span> <span class='ocrx_word' id='word_1_178' title='bbox 3228 1361 3412 1438; x_wconf 81' lang='grc' dir='ltr'>μελῶν</span> <span class='ocrx_word' id='word_1_179' title='bbox 3462 1365 3719 1439; x_wconf 82' lang='grc' dir='ltr'>ἀριθμοῖς</span> <span class='ocrx_word' id='word_1_180' title='bbox 3770 1386 3862 1421; x_wconf 81' lang='grc' dir='ltr'>σε·</span> 
     </span>
    </p>
   </div>
   <div class='ocr_carea' id='block_1_29' title="bbox 2212 1447 3859 1531">
    <p class='ocr_par' dir='ltr' id='par_1_29' title="bbox 2212 1447 3859 1531">
     <span class='ocr_line' id='line_1_29' title="bbox 2212 1447 3859 1531; baseline 0.009 -32"><span class='ocrx_word' id='word_1_181' title='bbox 2212 1447 2493 1522; x_wconf 83' lang='grc' dir='ltr'>μνοτέροις</span> <span class='ocrx_word' id='word_1_182' title='bbox 2525 1447 2827 1523; x_wconf 79' lang='grc' dir='ltr'><strong>ἀναγκαίως</strong></span> <span class='ocrx_word' id='word_1_183' title='bbox 2859 1449 3250 1526; x_wconf 87' lang='grc' dir='ltr'>χαράσσοντες.</span> <span class='ocrx_word' id='word_1_184' title='bbox 3283 1476 3311 1505; x_wconf 86' lang='grc'><strong>››</strong></span> <span class='ocrx_word' id='word_1_185' title='bbox 3334 1454 3433 1508; x_wconf 78' lang='grc' dir='ltr'>Καὶ</span> <span class='ocrx_word' id='word_1_186' title='bbox 3455 1453 3642 1509; x_wconf 84' lang='grc' dir='ltr'>πάλιν·</span> <span class='ocrx_word' id='word_1_187' title='bbox 3669 1480 3699 1507; x_wconf 87' lang='grc'><strong>‹‹</strong></span> <span class='ocrx_word' id='word_1_188' title='bbox 3733 1456 3859 1531; x_wconf 81' lang='grc' dir='ltr'><strong>Ἐγ·</strong></span> 
     </span>
    </p>
   </div>
   <div class='ocr_carea' id='block_1_30' title="bbox 2206 1533 3862 1616">
    <p class='ocr_par' dir='ltr' id='par_1_30' title="bbox 2206 1533 3862 1616">
     <span class='ocr_line' id='line_1_30' title="bbox 2206 1533 3862 1616; baseline 0.005 -27"><span class='ocrx_word' id='word_1_189' title='bbox 2206 1537 2454 1611; x_wconf 78' lang='grc' dir='ltr'>κράτειαν</span> <span class='ocrx_word' id='word_1_190' title='bbox 2509 1533 2566 1591; x_wconf 74' lang='grc' dir='ltr'>δὲ</span> <span class='ocrx_word' id='word_1_191' title='bbox 2615 1533 2796 1613; x_wconf 78' lang='grc' dir='ltr'>ὥσπερ</span> <span class='ocrx_word' id='word_1_192' title='bbox 2842 1539 2963 1594; x_wconf 81' lang='grc' dir='ltr'>τινὰ</span> <span class='ocrx_word' id='word_1_193' title='bbox 3012 1540 3266 1614; x_wconf 78' lang='grc' dir='ltr'>θεμέλιον</span> <span class='ocrx_word' id='word_1_194' title='bbox 3325 1538 3862 1616; x_wconf 75' lang='grc' dir='ltr'>προκαταϐαλλόμε-</span> 
     </span>
    </p>
   </div>
   <div class='ocr_carea' id='block_1_31' title="bbox 2206 1625 3860 1707">
    <p class='ocr_par' dir='ltr' id='par_1_31' title="bbox 2206 1625 3860 1707">
     <span class='ocr_line' id='line_1_31' title="bbox 2206 1625 3860 1707; baseline 0.007 -29"><span class='ocrx_word' id='word_1_195' title='bbox 2206 1644 2291 1679; x_wconf 85' lang='grc' dir='ltr'><strong>νοι</strong></span> <span class='ocrx_word' id='word_1_196' title='bbox 2345 1629 2412 1698; x_wconf 78' lang='grc' dir='ltr'><strong>τῇ</strong></span> <span class='ocrx_word' id='word_1_197' title='bbox 2471 1628 2663 1702; x_wconf 76' lang='grc' dir='ltr'>ψυχῇ,</span> <span class='ocrx_word' id='word_1_198' title='bbox 2717 1627 2811 1691; x_wconf 86' lang='grc' dir='ltr'><strong>τάς</strong></span> <span class='ocrx_word' id='word_1_199' title='bbox 2868 1625 3042 1694; x_wconf 76' lang='grc' dir='ltr'>ἄλλας</span> <span class='ocrx_word' id='word_1_200' title='bbox 3102 1628 3553 1706; x_wconf 77' lang='grc' dir='ltr'>ὶποικοδομοῦσιν</span> <span class='ocrx_word' id='word_1_201' title='bbox 3616 1630 3813 1707; x_wconf 84' lang='grc' dir='ltr'>ἀρετάς</span> <span class='ocrx_word' id='word_1_202' title='bbox 3849 1676 3860 1690; x_wconf 96' lang='grc'><strong>.</strong></span> 
     </span>
    </p>
   </div>
   <div class='ocr_carea' id='block_1_32' title="bbox 2213 1721 3863 1807">
    <p class='ocr_par' dir='ltr' id='par_1_32' title="bbox 2213 1721 3863 1807">
     <span class='ocr_line' id='line_1_32' title="bbox 2213 1721 3863 1807; baseline 0.004 -29"><span class='ocrx_word' id='word_1_203' title='bbox 2213 1723 2394 1781; x_wconf 82' lang='grc' dir='ltr'>Σιτίον</span> <span class='ocrx_word' id='word_1_204' title='bbox 2450 1721 2507 1779; x_wconf 71' lang='grc' dir='ltr'>δὲ</span> <span class='ocrx_word' id='word_1_205' title='bbox 2563 1726 2599 1796; x_wconf 74' lang='grc' dir='ltr'><strong>ἢ</strong></span> <span class='ocrx_word' id='word_1_206' title='bbox 2656 1725 2825 1785; x_wconf 83' lang='grc' dir='ltr'>ποτὸν</span> <span class='ocrx_word' id='word_1_207' title='bbox 2885 1724 3061 1791; x_wconf 76' lang='grc' dir='ltr'>οὐδεὶς</span> <span class='ocrx_word' id='word_1_208' title='bbox 3118 1726 3253 1789; x_wconf 75' lang='grc' dir='ltr'>αὖτά</span> <span class='ocrx_word' id='word_1_209' title='bbox 3303 1730 3693 1806; x_wconf 75' lang='grc' dir='ltr'>προεινιγκατο</span> <span class='ocrx_word' id='word_1_210' title='bbox 3753 1730 3863 1807; x_wconf 76' lang='grc' dir='ltr'><strong>πρὸ</strong></span> 
     </span>
    </p>
   </div>
   <div class='ocr_carea' id='block_1_33' title="bbox 2210 1810 3865 1899">
    <p class='ocr_par' dir='ltr' id='par_1_33' title="bbox 2210 1810 3865 1899">
     <span class='ocr_line' id='line_1_33' title="bbox 2210 1810 3865 1899; baseline 0.004 -31"><span class='ocrx_word' id='word_1_211' title='bbox 2210 1811 2374 1882; x_wconf 74' lang='grc' dir='ltr'>ἡλίου</span> <span class='ocrx_word' id='word_1_212' title='bbox 2424 1810 2646 1878; x_wconf 85' lang='grc' dir='ltr'>δύσεως·</span> <span class='ocrx_word' id='word_1_213' title='bbox 2699 1813 2814 1870; x_wconf 70' lang='grc' dir='ltr'>ἐπεὶ</span> <span class='ocrx_word' id='word_1_214' title='bbox 2861 1816 2924 1871; x_wconf 81' lang='grc' dir='ltr'>τὸ</span> <span class='ocrx_word' id='word_1_215' title='bbox 2975 1818 3071 1890; x_wconf 78' lang='grc' dir='ltr'>μὶν</span> <span class='ocrx_word' id='word_1_216' title='bbox 3120 1816 3438 1895; x_wconf 79' lang='grc' dir='ltr'>φιλοσοφεῖν</span> <span class='ocrx_word' id='word_1_217' title='bbox 3485 1820 3629 1891; x_wconf 81' lang='grc' dir='ltr'>ἄξιον</span> <span class='ocrx_word' id='word_1_218' title='bbox 3684 1820 3865 1899; x_wconf 82' lang='grc' dir='ltr'>φωτὸς</span> 
     </span>
    </p>
   </div>
   <div class='ocr_carea' id='block_1_34' title="bbox 443 1899 2109 1999">
    <p class='ocr_par' dir='ltr' id='par_1_34' title="bbox 443 1899 2102 1978">
     <span class='ocr_line' id='line_1_34' title="bbox 443 1899 2102 1978; baseline -0.003 -17"><span class='ocrx_word' id='word_1_219' title='bbox 443 1906 776 1978; x_wconf 88' lang='lat' dir='ltr'><strong>losophiam</strong></span> <span class='ocrx_word' id='word_1_220' title='bbox 809 1905 880 1958; x_wconf 90' lang='lat' dir='ltr'><strong>ad</strong></span> <span class='ocrx_word' id='word_1_221' title='bbox 913 1903 1254 1974; x_wconf 87' lang='lat' dir='ltr'><strong>allegoriam</strong></span> <span class='ocrx_word' id='word_1_222' title='bbox 1285 1903 1695 1962; x_wconf 85' lang='lat' dir='ltr'><strong>tranferentes.</strong></span> <span class='ocrx_word' id='word_1_223' title='bbox 1720 1899 2102 1973; x_wconf 85' lang='lat' dir='ltr'><strong>Quandoqui-</strong></span> 
     </span>
    </p>
   </div>
   <div class='ocr_carea' id='block_1_35' title="bbox 2218 1899 3865 1999">
    <p class='ocr_par' dir='ltr' id='par_1_35' title="bbox 2218 1901 3865 1985">
     <span class='ocr_line' id='line_1_35' title="bbox 2218 1901 3865 1985; baseline 0.006 -30"><span class='ocrx_word' id='word_1_224' title='bbox 2218 1901 2485 1977; x_wconf 69' lang='grc' dir='ltr'>κρίνουσιν</span> <span class='ocrx_word' id='word_1_225' title='bbox 2534 1904 2689 1959; x_wconf 73' lang='grc' dir='ltr'>εἶναι’</span> <span class='ocrx_word' id='word_1_226' title='bbox 2742 1904 2967 1967; x_wconf 85' lang='grc' dir='ltr'>σκότους</span> <span class='ocrx_word' id='word_1_227' title='bbox 3013 1902 3069 1960; x_wconf 71' lang='grc' dir='ltr'>δὲ</span> <span class='ocrx_word' id='word_1_228' title='bbox 3114 1909 3210 1970; x_wconf 86' lang='grc' dir='ltr'><strong>τάς</strong></span> <span class='ocrx_word' id='word_1_229' title='bbox 3256 1912 3354 1963; x_wconf 88' lang='grc' dir='ltr'><strong>τοῦ</strong></span> <span class='ocrx_word' id='word_1_230' title='bbox 3406 1910 3663 1982; x_wconf 89' lang='grc' dir='ltr'>σώματος</span> <span class='ocrx_word' id='word_1_231' title='bbox 3702 1908 3865 1985; x_wconf 87' lang='grc' dir='ltr'>ἀνάγ-</span> 
     </span>
    </p>
   </div>
   <div class='ocr_carea' id='block_1_36' title="bbox 450 1990 2106 2064">
    <p class='ocr_par' dir='ltr' id='par_1_36' title="bbox 450 1990 2106 2064">
     <span class='ocr_line' id='line_1_36' title="bbox 450 1990 2106 2064; baseline -0.003 -13"><span class='ocrx_word' id='word_1_232' title='bbox 450 1996 583 2051; x_wconf 91' lang='lat' dir='ltr'><strong>dem</strong></span> <span class='ocrx_word' id='word_1_233' title='bbox 627 1993 857 2048; x_wconf 87' lang='lat' dir='ltr'><strong>litteras</strong></span> <span class='ocrx_word' id='word_1_234' title='bbox 904 1990 1409 2063; x_wconf 85' lang='lat' dir='ltr'><strong>interpretationis</strong></span> <span class='ocrx_word' id='word_1_235' title='bbox 1458 1991 1811 2064; x_wconf 66' lang='lat' dir='ltr'><strong>conspicuas,</strong></span> <span class='ocrx_word' id='word_1_236' title='bbox 1862 1993 2106 2048; x_wconf 85' lang='lat' dir='ltr'><strong>censent</strong></span> 
     </span>
    </p>
   </div>
   <div class='ocr_carea' id='block_1_37' title="bbox 448 2080 2104 2155">
    <p class='ocr_par' dir='ltr' id='par_1_37' title="bbox 448 2080 2104 2155">
     <span class='ocr_line' id='line_1_37' title="bbox 448 2080 2104 2155; baseline -0.004 -14"><span class='ocrx_word' id='word_1_237' title='bbox 448 2101 578 2141; x_wconf 87' lang='lat' dir='ltr'><strong>esse</strong></span> <span class='ocrx_word' id='word_1_238' title='bbox 602 2080 866 2155; x_wconf 81' lang='lat' dir='ltr'><strong>symbols</strong></span> <span class='ocrx_word' id='word_1_239' title='bbox 888 2097 991 2136; x_wconf 91' lang='lat' dir='ltr'><strong>seu</strong></span> <span class='ocrx_word' id='word_1_240' title='bbox 1011 2080 1181 2152; x_wconf 88' lang='lat' dir='ltr'><strong>signa</strong></span> <span class='ocrx_word' id='word_1_241' title='bbox 1204 2096 1429 2135; x_wconf 59' lang='lat' dir='ltr'><strong>arcanae</strong></span> <span class='ocrx_word' id='word_1_242' title='bbox 1474 2080 1785 2151; x_wconf 87' lang='lat' dir='ltr'><strong>cujusdam</strong></span> <span class='ocrx_word' id='word_1_243' title='bbox 1819 2086 1873 2135; x_wconf 92' lang='lat' dir='ltr'><strong>et</strong></span> <span class='ocrx_word' id='word_1_244' title='bbox 1902 2094 2104 2135; x_wconf 89' lang='lat' dir='ltr'><strong>recon-</strong></span> 
     </span>
    </p>
   </div>
   <div class='ocr_carea' id='block_1_38' title="bbox 449 2168 2104 2246">
    <p class='ocr_par' dir='ltr' id='par_1_38' title="bbox 449 2168 2104 2246">
     <span class='ocr_line' id='line_1_38' title="bbox 449 2168 2104 2246; baseline 0.001 -16"><span class='ocrx_word' id='word_1_245' title='bbox 449 2174 675 2231; x_wconf 87' lang='lat' dir='ltr'><strong>ditioris</strong></span> <span class='ocrx_word' id='word_1_246' title='bbox 692 2176 912 2229; x_wconf 85' lang='lat' dir='ltr'><strong>naturae</strong></span> <span class='ocrx_word' id='word_1_247' title='bbox 932 2172 1288 2242; x_wconf 87' lang='lat' dir='ltr'><strong>conjecturis</strong></span> <span class='ocrx_word' id='word_1_248' title='bbox 1302 2171 1705 2246; x_wconf 76' lang='lat' dir='ltr'><strong>probabilibus</strong></span> <span class='ocrx_word' id='word_1_249' title='bbox 1724 2168 2104 2246; x_wconf 73' lang='lat' dir='ltr'><strong>explicandae.</strong></span> 
     </span>
    </p>
   </div>
   <div class='ocr_carea' id='block_1_39' title="bbox 454 2270 2103 2347">
    <p class='ocr_par' dir='ltr' id='par_1_39' title="bbox 454 2270 2103 2347">
     <span class='ocr_line' id='line_1_39' title="bbox 454 2270 2103 2347; baseline -0.004 -17"><span class='ocrx_word' id='word_1_250' title='bbox 454 2274 565 2330; x_wconf 90' lang='lat' dir='ltr'><strong>Sed</strong></span> <span class='ocrx_word' id='word_1_251' title='bbox 598 2276 656 2329; x_wconf 87' lang='lat' dir='ltr'><strong>et</strong></span> <span class='ocrx_word' id='word_1_252' title='bbox 703 2271 1127 2329; x_wconf 90' lang='lat' dir='ltr'><strong>commentaria</strong></span> <span class='ocrx_word' id='word_1_253' title='bbox 1173 2272 1390 2327; x_wconf 84' lang='lat' dir='ltr'><strong>habent</strong></span> <span class='ocrx_word' id='word_1_254' title='bbox 1439 2272 1788 2347; x_wconf 90' lang='lat' dir='ltr'><strong>priscorum,</strong></span> <span class='ocrx_word' id='word_1_255' title='bbox 1838 2270 1940 2342; x_wconf 88' lang='lat' dir='ltr'><strong>qui</strong></span> <span class='ocrx_word' id='word_1_256' title='bbox 1987 2285 2103 2325; x_wconf 79' lang='lat' dir='ltr'><strong>suze</strong></span> 
     </span>
    </p>
   </div>
   <div class='ocr_carea' id='block_1_40' title="bbox 454 2359 2105 2434">
    <p class='ocr_par' dir='ltr' id='par_1_40' title="bbox 454 2359 2105 2434">
     <span class='ocr_line' id='line_1_40' title="bbox 454 2359 2105 2434; baseline -0.004 -14"><span class='ocrx_word' id='word_1_257' title='bbox 454 2366 625 2420; x_wconf 85' lang='lat' dir='ltr'><strong>sectae</strong></span> <span class='ocrx_word' id='word_1_258' title='bbox 639 2360 901 2434; x_wconf 82' lang='lat' dir='ltr'><strong>primarii</strong></span> <span class='ocrx_word' id='word_1_259' title='bbox 916 2359 1189 2417; x_wconf 83' lang='lat' dir='ltr'><strong>exstitere</strong></span> <span class='ocrx_word' id='word_1_260' title='bbox 1201 2360 1398 2417; x_wconf 89' lang='lat' dir='ltr'><strong>duces.</strong></span> <span class='ocrx_word' id='word_1_261' title='bbox 1417 2360 1526 2426; x_wconf 88' lang='lat' dir='ltr'><strong>Qui</strong></span> <span class='ocrx_word' id='word_1_262' title='bbox 1541 2359 1724 2416; x_wconf 86' lang='lat' dir='ltr'><strong>multa</strong></span> <span class='ocrx_word' id='word_1_263' title='bbox 1743 2359 2105 2416; x_wconf 88' lang='lat' dir='ltr'><strong>monimenta</strong></span> 
     </span>
    </p>
   </div>
   <div class='ocr_carea' id='block_1_41' title="bbox 452 2446 2105 2521">
    <p class='ocr_par' dir='ltr' id='par_1_41' title="bbox 452 2446 2105 2521">
     <span class='ocr_line' id='line_1_41' title="bbox 452 2446 2105 2521; baseline -0.004 -13"><span class='ocrx_word' id='word_1_264' title='bbox 452 2451 718 2509; x_wconf 65' lang='lat' dir='ltr'><strong>formulis</strong></span> <span class='ocrx_word' id='word_1_265' title='bbox 746 2451 807 2505; x_wconf 91' lang='lat' dir='ltr'><strong>in</strong></span> <span class='ocrx_word' id='word_1_266' title='bbox 838 2451 1115 2505; x_wconf 91' lang='lat' dir='ltr'><strong>eruendis</strong></span> <span class='ocrx_word' id='word_1_267' title='bbox 1145 2448 1439 2521; x_wconf 84' lang='lat' dir='ltr'><strong>allegoriis</strong></span> <span class='ocrx_word' id='word_1_268' title='bbox 1461 2449 1837 2505; x_wconf 63' lang='lat' dir='ltr'><strong>observandis</strong></span> <span class='ocrx_word' id='word_1_269' title='bbox 1860 2446 2105 2519; x_wconf 84' lang='lat' dir='ltr'><strong>relique-</strong></span> 
     </span>
    </p>
   </div>
   <div class='ocr_carea' id='block_1_42' title="bbox 451 2537 2104 2612">
    <p class='ocr_par' dir='ltr' id='par_1_42' title="bbox 451 2537 2104 2612">
     <span class='ocr_line' id='line_1_42' title="bbox 451 2537 2104 2612; baseline -0.004 -14"><span class='ocrx_word' id='word_1_270' title='bbox 451 2541 838 2612; x_wconf 87' lang='lat' dir='ltr'><strong>runt,quibus</strong></span> <span class='ocrx_word' id='word_1_271' title='bbox 869 2539 1039 2610; x_wconf 89' lang='lat' dir='ltr'><strong>quasi</strong></span> <span class='ocrx_word' id='word_1_272' title='bbox 1072 2538 1373 2611; x_wconf 88' lang='lat' dir='ltr'><strong>primariis</strong></span> <span class='ocrx_word' id='word_1_273' title='bbox 1405 2537 1841 2611; x_wconf 84' lang='lat' dir='ltr'><strong>exemplaribus</strong></span> <span class='ocrx_word' id='word_1_274' title='bbox 1874 2541 2104 2592; x_wconf 86' lang='lat' dir='ltr'><strong>utentes</strong></span> 
     </span>
    </p>
   </div>
   <div class='ocr_carea' id='block_1_43' title="bbox 454 2627 2109 2701">
    <p class='ocr_par' dir='ltr' id='par_1_43' title="bbox 454 2627 2109 2701">
     <span class='ocr_line' id='line_1_43' title="bbox 454 2627 2109 2701; baseline -0.003 -16"><span class='ocrx_word' id='word_1_275' title='bbox 454 2631 768 2686; x_wconf 91' lang='lat' dir='ltr'><strong>imitantur</strong></span> <span class='ocrx_word' id='word_1_276' title='bbox 793 2627 1078 2701; x_wconf 91' lang='lat' dir='ltr'><strong>propositi</strong></span> <span class='ocrx_word' id='word_1_277' title='bbox 1106 2644 1209 2684; x_wconf 84' lang='lat' dir='ltr'><strong>seu</strong></span> <span class='ocrx_word' id='word_1_278' title='bbox 1242 2628 1427 2684; x_wconf 89' lang='lat' dir='ltr'><strong>studii</strong></span> <span class='ocrx_word' id='word_1_279' title='bbox 1460 2627 1765 2683; x_wconf 91' lang='lat' dir='ltr'><strong>rationem.</strong></span> <span class='ocrx_word' id='word_1_280' title='bbox 1791 2627 1949 2681; x_wconf 88' lang='lat' dir='ltr'><strong>Idem</strong></span> <span class='ocrx_word' id='word_1_281' title='bbox 1977 2629 2109 2698; x_wconf 88' lang='lat' dir='ltr'><strong>post</strong></span> 
     </span>
    </p>
   </div>
   <div class='ocr_carea' id='block_1_44' title="bbox 450 2714 2107 2792">
    <p class='ocr_par' dir='ltr' id='par_1_44' title="bbox 450 2714 2107 2792">
     <span class='ocr_line' id='line_1_44' title="bbox 450 2714 2107 2792; baseline -0.005 -16"><span class='ocrx_word' id='word_1_282' title='bbox 450 2736 637 2792; x_wconf 89' lang='lat' dir='ltr'><strong>pauca</strong></span> <span class='ocrx_word' id='word_1_283' title='bbox 665 2736 678 2775; x_wconf 89' lang='lat'><strong>:</strong></span> <span class='ocrx_word' id='word_1_284' title='bbox 714 2718 917 2788; x_wconf 87' lang='lat' dir='ltr'><strong>Itaque</strong></span> <span class='ocrx_word' id='word_1_285' title='bbox 947 2733 1063 2775; x_wconf 89' lang='lat' dir='ltr'><strong>non</strong></span> <span class='ocrx_word' id='word_1_286' title='bbox 1095 2717 1196 2773; x_wconf 92' lang='lat' dir='ltr'><strong>uni</strong></span> <span class='ocrx_word' id='word_1_287' title='bbox 1228 2717 1421 2774; x_wconf 89' lang='lat' dir='ltr'><strong>solum</strong></span> <span class='ocrx_word' id='word_1_288' title='bbox 1474 2714 1958 2787; x_wconf 88' lang='lat' dir='ltr'><strong>contemplationi</strong></span> <span class='ocrx_word' id='word_1_289' title='bbox 2007 2732 2107 2769; x_wconf 89' lang='lat' dir='ltr'><strong>va-</strong></span> 
     </span>
    </p>
   </div>
   <div class='ocr_carea' id='block_1_45' title="bbox 451 2802 2106 2878">
    <p class='ocr_par' dir='ltr' id='par_1_45' title="bbox 451 2802 2106 2878">
     <span class='ocr_line' id='line_1_45' title="bbox 451 2802 2106 2878; baseline -0.006 -10"><span class='ocrx_word' id='word_1_290' title='bbox 451 2812 611 2877; x_wconf 88' lang='lat' dir='ltr'><strong>cant,</strong></span> <span class='ocrx_word' id='word_1_291' title='bbox 652 2806 754 2865; x_wconf 90' lang='lat' dir='ltr'><strong>sed</strong></span> <span class='ocrx_word' id='word_1_292' title='bbox 805 2806 1034 2863; x_wconf 89' lang='lat' dir='ltr'><strong>cantica</strong></span> <span class='ocrx_word' id='word_1_293' title='bbox 1080 2805 1448 2878; x_wconf 82' lang='lat' dir='ltr'><strong>hymnosque</strong></span> <span class='ocrx_word' id='word_1_294' title='bbox 1498 2805 1557 2861; x_wconf 91' lang='lat' dir='ltr'><strong>in</strong></span> <span class='ocrx_word' id='word_1_295' title='bbox 1608 2804 1793 2862; x_wconf 90' lang='lat' dir='ltr'><strong>Deum</strong></span> <span class='ocrx_word' id='word_1_296' title='bbox 1838 2802 2106 2860; x_wconf 90' lang='lat' dir='ltr'><strong>scribunt</strong></span> 
     </span>
    </p>
   </div>
   <div class='ocr_carea' id='block_1_46' title="bbox 450 2892 2103 2971">
    <p class='ocr_par' dir='ltr' id='par_1_46' title="bbox 450 2892 2103 2971">
     <span class='ocr_line' id='line_1_46' title="bbox 450 2892 2103 2971; baseline -0.004 -16"><span class='ocrx_word' id='word_1_297' title='bbox 450 2896 770 2971; x_wconf 87' lang='lat' dir='ltr'><strong>omnigena</strong></span> <span class='ocrx_word' id='word_1_298' title='bbox 797 2893 1218 2953; x_wconf 86' lang='lat' dir='ltr'><strong>numerositate</strong></span> <span class='ocrx_word' id='word_1_299' title='bbox 1241 2898 1561 2951; x_wconf 84' lang='lat' dir='ltr'><strong>metrorum</strong></span> <span class='ocrx_word' id='word_1_300' title='bbox 1590 2910 1654 2950; x_wconf 91' lang='lat' dir='ltr'><strong>ac</strong></span> <span class='ocrx_word' id='word_1_301' title='bbox 1687 2892 2103 2961; x_wconf 83' lang='lat' dir='ltr'><strong>membrorum,</strong></span> 
     </span>
    </p>
   </div>
   <div class='ocr_carea' id='block_1_47' title="bbox 450 2980 2106 3056">
    <p class='ocr_par' dir='ltr' id='par_1_47' title="bbox 450 2980 2106 3056">
     <span class='ocr_line' id='line_1_47' title="bbox 450 2980 2106 3056; baseline -0.005 -11"><span class='ocrx_word' id='word_1_302' title='bbox 450 2984 681 3045; x_wconf 85' lang='lat' dir='ltr'><strong>decenti</strong></span> <span class='ocrx_word' id='word_1_303' title='bbox 702 3000 776 3043; x_wconf 89' lang='lat' dir='ltr'><strong>ea</strong></span> <span class='ocrx_word' id='word_1_304' title='bbox 799 2986 1150 3041; x_wconf 86' lang='lat' dir='ltr'><strong>exornantes</strong></span> <span class='ocrx_word' id='word_1_305' title='bbox 1171 2980 1569 3056; x_wconf 88' lang='lat' dir='ltr'><strong>graphicoque</strong></span> <span class='ocrx_word' id='word_1_306' title='bbox 1590 2980 1940 3039; x_wconf 89' lang='lat' dir='ltr'><strong>charactere.</strong></span> <span class='ocrx_word' id='word_1_307' title='bbox 1958 2980 2106 3039; x_wconf 81' lang='lat' dir='ltr'><strong>Rur-</strong></span> 
     </span>
    </p>
   </div>
   <div class='ocr_carea' id='block_1_48' title="bbox 456 3070 2107 3146">
    <p class='ocr_par' dir='ltr' id='par_1_48' title="bbox 456 3070 2107 3146">
     <span class='ocr_line' id='line_1_48' title="bbox 456 3070 2107 3146; baseline -0.007 -9"><span class='ocrx_word' id='word_1_308' title='bbox 456 3092 563 3137; x_wconf 81' lang='lat' dir='ltr'><strong>sus</strong></span> <span class='ocrx_word' id='word_1_309' title='bbox 592 3074 749 3132; x_wconf 88' lang='lat' dir='ltr'><strong>idem</strong></span> <span class='ocrx_word' id='word_1_310' title='bbox 781 3088 796 3130; x_wconf 85' lang='lat'><strong>:</strong></span> <span class='ocrx_word' id='word_1_311' title='bbox 830 3071 1305 3145; x_wconf 87' lang='lat' dir='ltr'><strong>Temperantiam</strong></span> <span class='ocrx_word' id='word_1_312' title='bbox 1352 3072 1594 3146; x_wconf 87' lang='lat' dir='ltr'><strong>insuper</strong></span> <span class='ocrx_word' id='word_1_313' title='bbox 1642 3070 1882 3145; x_wconf 88' lang='lat' dir='ltr'><strong>perinde</strong></span> <span class='ocrx_word' id='word_1_314' title='bbox 1929 3073 2107 3143; x_wconf 88' lang='lat' dir='ltr'><strong>atque</strong></span> 
     </span>
    </p>
   </div>
   <div class='ocr_carea' id='block_1_49' title="bbox 458 3158 2105 3235">
    <p class='ocr_par' dir='ltr' id='par_1_49' title="bbox 458 3158 2105 3235">
     <span class='ocr_line' id='line_1_49' title="bbox 458 3158 2105 3235; baseline -0.007 -10"><span class='ocrx_word' id='word_1_315' title='bbox 458 3162 673 3225; x_wconf 81' lang='lat' dir='ltr'><strong>stabile</strong></span> <span class='ocrx_word' id='word_1_316' title='bbox 703 3161 998 3235; x_wconf 85' lang='lat' dir='ltr'><strong>quoddam</strong></span> <span class='ocrx_word' id='word_1_317' title='bbox 1031 3161 1484 3219; x_wconf 84' lang='lat' dir='ltr'><strong>fundamentum</strong></span> <span class='ocrx_word' id='word_1_318' title='bbox 1519 3161 1729 3219; x_wconf 72' lang='lat' dir='ltr'><strong>anima:</strong></span> <span class='ocrx_word' id='word_1_319' title='bbox 1760 3158 2105 3217; x_wconf 57' lang='lat' dir='ltr'><strong>exornandte</strong></span> 
     </span>
    </p>
   </div>
   <div class='ocr_carea' id='block_1_50' title="bbox 454 3248 2104 3323">
    <p class='ocr_par' dir='ltr' id='par_1_50' title="bbox 454 3248 2104 3323">
     <span class='ocr_line' id='line_1_50' title="bbox 454 3248 2104 3323; baseline -0.006 -10"><span class='ocrx_word' id='word_1_320' title='bbox 454 3251 746 3313; x_wconf 88' lang='lat' dir='ltr'><strong>collocant</strong></span> <span class='ocrx_word' id='word_1_321' title='bbox 774 3251 836 3309; x_wconf 92' lang='lat' dir='ltr'><strong>in</strong></span> <span class='ocrx_word' id='word_1_322' title='bbox 866 3249 1094 3323; x_wconf 88' lang='lat' dir='ltr'><strong>primis,</strong></span> <span class='ocrx_word' id='word_1_323' title='bbox 1130 3266 1263 3307; x_wconf 83' lang='lat' dir='ltr'><strong>mox</strong></span> <span class='ocrx_word' id='word_1_324' title='bbox 1292 3254 1631 3309; x_wconf 68' lang='lat' dir='ltr'><strong>ceterarum</strong></span> <span class='ocrx_word' id='word_1_325' title='bbox 1662 3248 1947 3306; x_wconf 90' lang='lat' dir='ltr'><strong>virtutum</strong></span> <span class='ocrx_word' id='word_1_326' title='bbox 1980 3264 2104 3305; x_wconf 91' lang='lat' dir='ltr'><strong>mo-</strong></span> 
     </span>
    </p>
   </div>
   <div class='ocr_carea' id='block_1_51' title="bbox 454 3337 2106 3419">
    <p class='ocr_par' dir='ltr' id='par_1_51' title="bbox 454 3337 2106 3419">
     <span class='ocr_line' id='line_1_51' title="bbox 454 3337 2106 3419; baseline -0.004 -19"><span class='ocrx_word' id='word_1_327' title='bbox 454 3344 573 3400; x_wconf 85' lang='lat' dir='ltr'><strong>lem</strong></span> <span class='ocrx_word' id='word_1_328' title='bbox 604 3344 1115 3419; x_wconf 82' lang='lat' dir='ltr'><strong>superexstruunt.</strong></span> <span class='ocrx_word' id='word_1_329' title='bbox 1141 3339 1313 3397; x_wconf 90' lang='lat' dir='ltr'><strong>Prius</strong></span> <span class='ocrx_word' id='word_1_330' title='bbox 1342 3339 1657 3413; x_wconf 90' lang='lat' dir='ltr'><strong>siquidem,</strong></span> <span class='ocrx_word' id='word_1_331' title='bbox 1684 3355 1861 3413; x_wconf 90' lang='lat' dir='ltr'><strong>quam</strong></span> <span class='ocrx_word' id='word_1_332' title='bbox 1892 3337 1979 3396; x_wconf 91' lang='lat' dir='ltr'><strong>sol</strong></span> <span class='ocrx_word' id='word_1_333' title='bbox 2011 3354 2106 3394; x_wconf 92' lang='lat' dir='ltr'><strong>oc-</strong></span> 
     </span>
    </p>
   </div>
   <div class='ocr_carea' id='block_1_52' title="bbox 454 3424 2111 3503">
    <p class='ocr_par' dir='ltr' id='par_1_52' title="bbox 454 3424 2111 3503">
     <span class='ocr_line' id='line_1_52' title="bbox 454 3424 2111 3503; baseline -0.005 -12"><span class='ocrx_word' id='word_1_334' title='bbox 454 3432 716 3503; x_wconf 87' lang='lat' dir='ltr'><strong>cumbat,</strong></span> <span class='ocrx_word' id='word_1_335' title='bbox 766 3430 829 3490; x_wconf 87' lang='lat' dir='ltr'><strong>in</strong></span> <span class='ocrx_word' id='word_1_336' title='bbox 879 3430 970 3488; x_wconf 91' lang='lat' dir='ltr'><strong>his</strong></span> <span class='ocrx_word' id='word_1_337' title='bbox 1018 3445 1190 3488; x_wconf 90' lang='lat' dir='ltr'><strong>nemo</strong></span> <span class='ocrx_word' id='word_1_338' title='bbox 1241 3430 1399 3486; x_wconf 86' lang='lat' dir='ltr'><strong>ausit</strong></span> <span class='ocrx_word' id='word_1_339' title='bbox 1446 3430 1765 3502; x_wconf 88' lang='lat' dir='ltr'><strong>quidquam</strong></span> <span class='ocrx_word' id='word_1_340' title='bbox 1820 3428 1973 3487; x_wconf 74' lang='lat'><strong>248</strong></span> <span class='ocrx_word' id='word_1_341' title='bbox 2020 3424 2111 3483; x_wconf 88' lang='lat' dir='ltr'><strong>vel</strong></span> 
     </span>
    </p>
   </div>
   <div class='ocr_carea' id='block_1_53' title="bbox 458 3516 2109 3593">
    <p class='ocr_par' dir='ltr' id='par_1_53' title="bbox 458 3516 2109 3593">
     <span class='ocr_line' id='line_1_53' title="bbox 458 3516 2109 3593; baseline -0.003 -13"><span class='ocrx_word' id='word_1_342' title='bbox 458 3520 747 3580; x_wconf 86' lang='lat' dir='ltr'><strong>esculenti</strong></span> <span class='ocrx_word' id='word_1_343' title='bbox 803 3519 893 3577; x_wconf 87' lang='lat' dir='ltr'><strong>vel</strong></span> <span class='ocrx_word' id='word_1_344' title='bbox 926 3523 1098 3593; x_wconf 87' lang='lat' dir='ltr'><strong>potus</strong></span> <span class='ocrx_word' id='word_1_345' title='bbox 1124 3519 1209 3576; x_wconf 91' lang='lat' dir='ltr'><strong>ori</strong></span> <span class='ocrx_word' id='word_1_346' title='bbox 1240 3520 1582 3586; x_wconf 87' lang='lat' dir='ltr'><strong>admovere;</strong></span> <span class='ocrx_word' id='word_1_347' title='bbox 1634 3516 2109 3592; x_wconf 87' lang='lat' dir='ltr'><strong>quandoquidem</strong></span> 
     </span>
    </p>
   </div>
   <div class='ocr_carea' id='block_1_54' title="bbox 458 3605 2109 3683">
    <p class='ocr_par' dir='ltr' id='par_1_54' title="bbox 458 3605 2109 3683">
     <span class='ocr_line' id='line_1_54' title="bbox 458 3605 2109 3683; baseline -0.006 -12"><span class='ocrx_word' id='word_1_348' title='bbox 458 3610 901 3671; x_wconf 86' lang='lat' dir='ltr'><strong>meditationem</strong></span> <span class='ocrx_word' id='word_1_349' title='bbox 943 3607 1317 3683; x_wconf 88' lang='lat' dir='ltr'><strong>philosophia</strong></span> <span class='ocrx_word' id='word_1_350' title='bbox 1366 3606 1603 3681; x_wconf 81' lang='lat' dir='ltr'><strong>dignam</strong></span> <span class='ocrx_word' id='word_1_351' title='bbox 1650 3623 1780 3665; x_wconf 86' lang='lat' dir='ltr'><strong>esse</strong></span> <span class='ocrx_word' id='word_1_352' title='bbox 1818 3605 2109 3679; x_wconf 81' lang='lat' dir='ltr'><strong>judicent,</strong></span> 
     </span>
    </p>
   </div>
   <div class='ocr_carea' id='block_1_55' title="bbox 454 3694 2113 3775">
    <p class='ocr_par' dir='ltr' id='par_1_55' title="bbox 454 3694 2113 3775">
     <span class='ocr_line' id='line_1_55' title="bbox 454 3694 2113 3775; baseline -0.004 -18"><span class='ocrx_word' id='word_1_353' title='bbox 454 3716 584 3775; x_wconf 64' lang='lat' dir='ltr'><strong>quae</strong></span> <span class='ocrx_word' id='word_1_354' title='bbox 613 3698 731 3756; x_wconf 93' lang='lat' dir='ltr'><strong>luci</strong></span> <span class='ocrx_word' id='word_1_355' title='bbox 762 3702 1135 3769; x_wconf 85' lang='lat' dir='ltr'><strong>comparetur</strong></span> <span class='ocrx_word' id='word_1_356' title='bbox 1162 3714 1177 3763; x_wconf 94' lang='lat'><strong>;</strong></span> <span class='ocrx_word' id='word_1_357' title='bbox 1211 3700 1413 3754; x_wconf 77' lang='lat' dir='ltr'><strong>contra</strong></span> <span class='ocrx_word' id='word_1_358' title='bbox 1442 3696 1702 3770; x_wconf 87' lang='lat' dir='ltr'><strong>corporis</strong></span> <span class='ocrx_word' id='word_1_359' title='bbox 1731 3694 2113 3753; x_wconf 85' lang='lat' dir='ltr'><strong>necessitates</strong></span> 
     </span>
    </p>
   </div>
   <div class='ocr_carea' id='block_1_56' title="bbox 459 3783 2114 3858">
    <p class='ocr_par' dir='ltr' id='par_1_56' title="bbox 459 3783 2114 3858">
     <span class='ocr_line' id='line_1_56' title="bbox 459 3783 2114 3858; baseline -0.002 -13"><span class='ocrx_word' id='word_1_360' title='bbox 459 3787 743 3845; x_wconf 85' lang='lat' dir='ltr'><strong>addicunt</strong></span> <span class='ocrx_word' id='word_1_361' title='bbox 772 3784 1055 3842; x_wconf 88' lang='lat' dir='ltr'><strong>tenebris.</strong></span> <span class='ocrx_word' id='word_1_362' title='bbox 1089 3786 1214 3852; x_wconf 87' lang='lat' dir='ltr'><strong>Quo</strong></span> <span class='ocrx_word' id='word_1_363' title='bbox 1247 3784 1330 3857; x_wconf 82' lang='lat' dir='ltr'><strong>ﬁt,</strong></span> <span class='ocrx_word' id='word_1_364' title='bbox 1364 3788 1428 3840; x_wconf 92' lang='lat' dir='ltr'><strong>ut</strong></span> <span class='ocrx_word' id='word_1_365' title='bbox 1456 3783 1839 3857; x_wconf 74' lang='lat' dir='ltr'><strong>philosophia:</strong></span> <span class='ocrx_word' id='word_1_366' title='bbox 1879 3784 2114 3858; x_wconf 88' lang='lat' dir='ltr'><strong>quidem</strong></span> 
     </span>
    </p>
   </div>
   <div class='ocr_carea' id='block_1_57' title="bbox 461 3870 2116 3945">
    <p class='ocr_par' dir='ltr' id='par_1_57' title="bbox 461 3870 2116 3945">
     <span class='ocr_line' id='line_1_57' title="bbox 461 3870 2116 3945; baseline -0.002 -12"><span class='ocrx_word' id='word_1_367' title='bbox 461 3875 656 3935; x_wconf 90' lang='lat' dir='ltr'><strong>lucem</strong></span> <span class='ocrx_word' id='word_1_368' title='bbox 686 3874 987 3940; x_wconf 89' lang='lat' dir='ltr'><strong>diurnam,</strong></span> <span class='ocrx_word' id='word_1_369' title='bbox 1036 3872 1299 3945; x_wconf 85' lang='lat' dir='ltr'><strong>corporis</strong></span> <span class='ocrx_word' id='word_1_370' title='bbox 1345 3889 1481 3929; x_wconf 91' lang='lat' dir='ltr'><strong>vero</strong></span> <span class='ocrx_word' id='word_1_371' title='bbox 1532 3871 1872 3930; x_wconf 83' lang='lat' dir='ltr'><strong>necessitati</strong></span> <span class='ocrx_word' id='word_1_372' title='bbox 1925 3870 2116 3929; x_wconf 87' lang='lat' dir='ltr'><strong>suble-</strong></span> 
     </span>
    </p>
   </div>
   <div class='ocr_carea' id='block_1_58' title="bbox 457 3960 2120 4037">
    <p class='ocr_par' dir='ltr' id='par_1_58' title="bbox 457 3960 2120 4037">
     <span class='ocr_line' id='line_1_58' title="bbox 457 3960 2120 4037; baseline -0.001 -16"><span class='ocrx_word' id='word_1_373' title='bbox 457 3965 667 4024; x_wconf 74' lang='lat' dir='ltr'><strong>vanda:</strong></span> <span class='ocrx_word' id='word_1_374' title='bbox 686 3962 954 4035; x_wconf 83' lang='lat' dir='ltr'><strong>exiguam</strong></span> <span class='ocrx_word' id='word_1_375' title='bbox 980 3962 1049 4018; x_wconf 91' lang='lat' dir='ltr'><strong>ad</strong></span> <span class='ocrx_word' id='word_1_376' title='bbox 1061 3963 1299 4019; x_wconf 87' lang='lat' dir='ltr'><strong>modum</strong></span> <span class='ocrx_word' id='word_1_377' title='bbox 1322 3961 1675 4037; x_wconf 87' lang='lat' dir='ltr'><strong>dispertiant</strong></span> <span class='ocrx_word' id='word_1_378' title='bbox 1696 3960 1883 4019; x_wconf 88' lang='lat' dir='ltr'><strong>noctis</strong></span> <span class='ocrx_word' id='word_1_379' title='bbox 1906 3960 2120 4033; x_wconf 89' lang='lat' dir='ltr'><strong>portio-</strong></span> 
     </span>
    </p>
   </div>
   <div class='ocr_carea' id='block_1_59' title="bbox 460 4049 2115 4121">
    <p class='ocr_par' dir='ltr' id='par_1_59' title="bbox 460 4049 2115 4121">
     <span class='ocr_line' id='line_1_59' title="bbox 460 4049 2115 4121; baseline -0.003 -10"><span class='ocrx_word' id='word_1_380' title='bbox 460 4069 620 4111; x_wconf 89' lang='lat' dir='ltr'><strong>nem.</strong></span> <span class='ocrx_word' id='word_1_381' title='bbox 642 4053 709 4112; x_wconf 87' lang='lat' dir='ltr'><strong>In</strong></span> <span class='ocrx_word' id='word_1_382' title='bbox 740 4051 835 4109; x_wconf 90' lang='lat' dir='ltr'><strong>his</strong></span> <span class='ocrx_word' id='word_1_383' title='bbox 866 4051 1193 4108; x_wconf 89' lang='lat' dir='ltr'><strong>etiamnum</strong></span> <span class='ocrx_word' id='word_1_384' title='bbox 1226 4050 1495 4108; x_wconf 91' lang='lat' dir='ltr'><strong>nonnulli</strong></span> <span class='ocrx_word' id='word_1_385' title='bbox 1527 4050 1697 4108; x_wconf 90' lang='lat' dir='ltr'><strong>tertio</strong></span> <span class='ocrx_word' id='word_1_386' title='bbox 1730 4049 1967 4106; x_wconf 90' lang='lat' dir='ltr'><strong>vixdum</strong></span> <span class='ocrx_word' id='word_1_387' title='bbox 2000 4049 2115 4121; x_wconf 90' lang='lat' dir='ltr'><strong>die,</strong></span> 
     </span>
    </p>
   </div>
   <div class='ocr_carea' id='block_1_60' title="bbox 462 4145 2117 4218">
    <p class='ocr_par' dir='ltr' id='par_1_60' title="bbox 462 4145 2117 4218">
     <span class='ocr_line' id='line_1_60' title="bbox 462 4145 2117 4218; baseline -0.003 -9"><span class='ocrx_word' id='word_1_388' title='bbox 462 4149 770 4209; x_wconf 72' lang='lat' dir='ltr'><strong>sumendas</strong></span> <span class='ocrx_word' id='word_1_389' title='bbox 799 4147 1089 4207; x_wconf 66' lang='lat' dir='ltr'><strong>alimonia.-</strong></span> <span class='ocrx_word' id='word_1_390' title='bbox 1124 4148 1541 4215; x_wconf 84' lang='lat' dir='ltr'><strong>meminerunt,</strong></span> <span class='ocrx_word' id='word_1_391' title='bbox 1577 4146 1861 4205; x_wconf 89' lang='lat' dir='ltr'><strong>nimirum</strong></span> <span class='ocrx_word' id='word_1_392' title='bbox 1897 4145 1939 4202; x_wconf 90' lang='lat' dir='ltr'><strong>ii</strong></span> <span class='ocrx_word' id='word_1_393' title='bbox 1968 4162 2117 4218; x_wconf 89' lang='lat' dir='ltr'><strong>quos</strong></span> 
     </span>
    </p>
   </div>
   <div class='ocr_carea' id='block_1_61' title="bbox 464 4234 2117 4309">
    <p class='ocr_par' dir='ltr' id='par_1_61' title="bbox 464 4234 2117 4309">
     <span class='ocr_line' id='line_1_61' title="bbox 464 4234 2117 4309; baseline -0.002 -13"><span class='ocrx_word' id='word_1_394' title='bbox 464 4242 620 4297; x_wconf 83' lang='lat' dir='ltr'><strong>totos</strong></span> <span class='ocrx_word' id='word_1_395' title='bbox 664 4237 972 4309; x_wconf 86' lang='lat' dir='ltr'><strong>occupavit</strong></span> <span class='ocrx_word' id='word_1_396' title='bbox 1019 4237 1323 4295; x_wconf 90' lang='lat' dir='ltr'><strong>ardentius</strong></span> <span class='ocrx_word' id='word_1_397' title='bbox 1372 4235 1735 4294; x_wconf 84' lang='lat' dir='ltr'><strong>desiderium</strong></span> <span class='ocrx_word' id='word_1_398' title='bbox 1783 4234 2117 4294; x_wconf 70' lang='lat' dir='ltr'><strong>obtinendae</strong></span> 
     </span>
    </p>
   </div>
   <div class='ocr_carea' id='block_1_62' title="bbox 463 4324 2115 4395">
    <p class='ocr_par' dir='ltr' id='par_1_62' title="bbox 463 4324 2115 4395">
     <span class='ocr_line' id='line_1_62' title="bbox 463 4324 2115 4395; baseline -0.005 -8"><span class='ocrx_word' id='word_1_399' title='bbox 463 4328 744 4387; x_wconf 66' lang='lat' dir='ltr'><strong>scientia.</strong></span> <span class='ocrx_word' id='word_1_400' title='bbox 777 4327 1025 4395; x_wconf 82' lang='lat' dir='ltr'><strong>Quidam</strong></span> <span class='ocrx_word' id='word_1_401' title='bbox 1057 4342 1266 4384; x_wconf 85' lang='lat' dir='ltr'><strong>rursus</strong></span> <span class='ocrx_word' id='word_1_402' title='bbox 1317 4329 1483 4384; x_wconf 84' lang='lat' dir='ltr'><strong>tanta</strong></span> <span class='ocrx_word' id='word_1_403' title='bbox 1525 4324 1829 4383; x_wconf 87' lang='lat' dir='ltr'><strong>alacritate</strong></span> <span class='ocrx_word' id='word_1_404' title='bbox 1876 4324 2115 4383; x_wconf 87' lang='lat' dir='ltr'><strong>delibuti</strong></span> 
     </span>
    </p>
   </div>
   <div class='ocr_carea' id='block_1_63' title="bbox 464 4411 2117 4484">
    <p class='ocr_par' dir='ltr' id='par_1_63' title="bbox 464 4411 2117 4484">
     <span class='ocr_line' id='line_1_63' title="bbox 464 4411 2117 4484; baseline -0.002 -9"><span class='ocrx_word' id='word_1_405' title='bbox 464 4418 550 4475; x_wconf 85' lang='lat' dir='ltr'><strong>sic</strong></span> <span class='ocrx_word' id='word_1_406' title='bbox 572 4416 1027 4481; x_wconf 83' lang='lat' dir='ltr'><strong>exhilarescunt,</strong></span> <span class='ocrx_word' id='word_1_407' title='bbox 1054 4414 1407 4474; x_wconf 88' lang='lat' dir='ltr'><strong>deliciantur</strong></span> <span class='ocrx_word' id='word_1_408' title='bbox 1433 4412 1629 4473; x_wconf 85' lang='lat' dir='ltr'><strong>verius</strong></span> <span class='ocrx_word' id='word_1_409' title='bbox 1658 4412 1823 4484; x_wconf 85' lang='lat' dir='ltr'><strong>quasi</strong></span> <span class='ocrx_word' id='word_1_410' title='bbox 1853 4411 2117 4471; x_wconf 85' lang='lat' dir='ltr'><strong>luculen-</strong></span> 
     </span>
    </p>
   </div>
   <div class='ocr_carea' id='block_1_64' title="bbox 462 4501 2117 4577">
    <p class='ocr_par' dir='ltr' id='par_1_64' title="bbox 462 4501 2117 4577">
     <span class='ocr_line' id='line_1_64' title="bbox 462 4501 2117 4577; baseline -0.001 -14"><span class='ocrx_word' id='word_1_411' title='bbox 462 4506 693 4565; x_wconf 83' lang='lat' dir='ltr'><strong>tissimo</strong></span> <span class='ocrx_word' id='word_1_412' title='bbox 714 4503 980 4563; x_wconf 85' lang='lat' dir='ltr'><strong>convivio</strong></span> <span class='ocrx_word' id='word_1_413' title='bbox 1003 4504 1076 4560; x_wconf 90' lang='lat' dir='ltr'><strong>ab</strong></span> <span class='ocrx_word' id='word_1_414' title='bbox 1099 4506 1228 4577; x_wconf 86' lang='lat' dir='ltr'><strong>ipsa</strong></span> <span class='ocrx_word' id='word_1_415' title='bbox 1247 4507 1515 4574; x_wconf 85' lang='lat' dir='ltr'><strong>aoccepto</strong></span> <span class='ocrx_word' id='word_1_416' title='bbox 1537 4502 1847 4574; x_wconf 89' lang='lat' dir='ltr'><strong>sapientia,</strong></span> <span class='ocrx_word' id='word_1_417' title='bbox 1871 4501 2117 4574; x_wconf 89' lang='lat' dir='ltr'><strong>opulen-</strong></span> 
     </span>
    </p>
   </div>
   <div class='ocr_carea' id='block_1_65' title="bbox 2213 1990 3866 2074">
    <p class='ocr_par' dir='ltr' id='par_1_65' title="bbox 2213 1990 3866 2074">
     <span class='ocr_line' id='line_1_65' title="bbox 2213 1990 3866 2074; baseline 0.003 -26"><span class='ocrx_word' id='word_1_418' title='bbox 2213 2009 2331 2055; x_wconf 84' lang='grc' dir='ltr'>κας⁶</span> <span class='ocrx_word' id='word_1_419' title='bbox 2374 1990 2493 2056; x_wconf 81' lang='grc' dir='ltr'>ὅθεν</span> <span class='ocrx_word' id='word_1_420' title='bbox 2543 1996 2623 2065; x_wconf 77' lang='grc' dir='ltr'><strong>τῷ</strong></span> <span class='ocrx_word' id='word_1_421' title='bbox 2675 1993 2768 2067; x_wconf 76' lang='grc' dir='ltr'>μὶν</span> <span class='ocrx_word' id='word_1_422' title='bbox 2827 1996 3062 2071; x_wconf 79' lang='grc' dir='ltr'>ἡμέραν,</span> <span class='ocrx_word' id='word_1_423' title='bbox 3088 2002 3207 2059; x_wconf 91' lang='grc' dir='ltr'>ταῖς</span> <span class='ocrx_word' id='word_1_424' title='bbox 3256 1995 3313 2052; x_wconf 73' lang='grc' dir='ltr'>δὲ</span> <span class='ocrx_word' id='word_1_425' title='bbox 3362 1998 3539 2074; x_wconf 89' lang='grc' dir='ltr'>βραχύ</span> <span class='ocrx_word' id='word_1_426' title='bbox 3585 2019 3639 2052; x_wconf 89' lang='grc' dir='ltr'><strong>τι</strong></span> <span class='ocrx_word' id='word_1_427' title='bbox 3698 2000 3866 2071; x_wconf 86' lang='grc' dir='ltr'>μέρος</span> 
     </span>
    </p>
   </div>
   <div class='ocr_carea' id='block_1_66' title="bbox 2213 2077 3868 2165">
    <p class='ocr_par' dir='ltr' id='par_1_66' title="bbox 2213 2077 3868 2165">
     <span class='ocr_line' id='line_1_66' title="bbox 2213 2077 3868 2165; baseline 0.004 -28"><span class='ocrx_word' id='word_1_428' title='bbox 2213 2083 2403 2146; x_wconf 89' lang='grc' dir='ltr'>νυκτὸς</span> <span class='ocrx_word' id='word_1_429' title='bbox 2434 2077 2669 2158; x_wconf 76' lang='grc' dir='ltr'>ἔνειμαν.</span> <span class='ocrx_word' id='word_1_430' title='bbox 2702 2084 2876 2140; x_wconf 85' lang='grc' dir='ltr'>Ἔνιοι</span> <span class='ocrx_word' id='word_1_431' title='bbox 2932 2082 2989 2140; x_wconf 75' lang='grc' dir='ltr'>δὲ</span> <span class='ocrx_word' id='word_1_432' title='bbox 3016 2087 3105 2141; x_wconf 87' lang='grc' dir='ltr'><strong>καὶ</strong></span> <span class='ocrx_word' id='word_1_433' title='bbox 3156 2086 3246 2142; x_wconf 81' lang='grc' dir='ltr'><strong>διὰ</strong></span> <span class='ocrx_word' id='word_1_434' title='bbox 3271 2092 3437 2164; x_wconf 81' lang='grc' dir='ltr'>τριῶν</span> <span class='ocrx_word' id='word_1_435' title='bbox 3481 2090 3709 2165; x_wconf 76' lang='grc' dir='ltr'>ἡμερῶν</span> <span class='ocrx_word' id='word_1_436' title='bbox 3737 2085 3868 2144; x_wconf 75' lang='grc' dir='ltr'>ὕπο-</span> 
     </span>
    </p>
   </div>
   <div class='ocr_carea' id='block_1_67' title="bbox 2218 2173 3867 2252">
    <p class='ocr_par' dir='ltr' id='par_1_67' title="bbox 2218 2173 3867 2252">
     <span class='ocr_line' id='line_1_67' title="bbox 2218 2173 3867 2252; baseline 0.004 -25"><span class='ocrx_word' id='word_1_437' title='bbox 2218 2173 2619 2246; x_wconf 79' lang='grc' dir='ltr'>μιμνήσκονται</span> <span class='ocrx_word' id='word_1_438' title='bbox 2648 2179 2879 2252; x_wconf 85' lang='grc' dir='ltr'>τροφῆς,</span> <span class='ocrx_word' id='word_1_439' title='bbox 2914 2173 2994 2237; x_wconf 72' lang='grc' dir='ltr'>οἷς</span> <span class='ocrx_word' id='word_1_440' title='bbox 3033 2174 3239 2233; x_wconf 66' lang='grc' dir='ltr'><strong>⁴κλείων</strong></span> <span class='ocrx_word' id='word_1_441' title='bbox 3281 2178 3309 2232; x_wconf 86' lang='grc' dir='ltr'>ὁ</span> <span class='ocrx_word' id='word_1_442' title='bbox 3354 2176 3520 2240; x_wconf 81' lang='grc' dir='ltr'>πόθος</span> <span class='ocrx_word' id='word_1_443' title='bbox 3552 2178 3867 2252; x_wconf 62' lang='grc' dir='ltr'>ἐπιστήμης</span> 
     </span>
    </p>
   </div>
   <div class='ocr_carea' id='block_1_68' title="bbox 2215 2258 3868 2345">
    <p class='ocr_par' dir='ltr' id='par_1_68' title="bbox 2215 2258 3868 2345">
     <span class='ocr_line' id='line_1_68' title="bbox 2215 2258 3868 2345; baseline 0.004 -31"><span class='ocrx_word' id='word_1_444' title='bbox 2215 2258 2506 2336; x_wconf 82' lang='grc' dir='ltr'>ἐνίδρυται·</span> <span class='ocrx_word' id='word_1_445' title='bbox 2538 2262 2679 2323; x_wconf 72' lang='grc' dir='ltr'>τινὲς</span> <span class='ocrx_word' id='word_1_446' title='bbox 2711 2259 2769 2317; x_wconf 75' lang='grc' dir='ltr'>δὲ</span> <span class='ocrx_word' id='word_1_447' title='bbox 2819 2261 2991 2325; x_wconf 77' lang='grc' dir='ltr'>οὕτως</span> <span class='ocrx_word' id='word_1_448' title='bbox 3037 2263 3468 2341; x_wconf 75' lang='grc' dir='ltr'>ἐνευφραίνονται</span> <span class='ocrx_word' id='word_1_449' title='bbox 3517 2266 3608 2322; x_wconf 85' lang='grc' dir='ltr'><strong>καὶ</strong></span> <span class='ocrx_word' id='word_1_450' title='bbox 3645 2271 3868 2345; x_wconf 80' lang='grc' dir='ltr'>τρυφῶ-</span> 
     </span>
    </p>
   </div>
   <div class='ocr_carea' id='block_1_69' title="bbox 2215 2349 3870 2434">
    <p class='ocr_par' dir='ltr' id='par_1_69' title="bbox 2215 2349 3870 2434">
     <span class='ocr_line' id='line_1_69' title="bbox 2215 2349 3870 2434; baseline 0.005 -30"><span class='ocrx_word' id='word_1_451' title='bbox 2215 2369 2297 2405; x_wconf 87' lang='grc' dir='ltr'><strong>σιν</strong></span> <span class='ocrx_word' id='word_1_452' title='bbox 2356 2350 2461 2405; x_wconf 60' lang='lat' dir='ltr'><strong>{me</strong></span> <span class='ocrx_word' id='word_1_453' title='bbox 2517 2349 2709 2428; x_wconf 83' lang='grc' dir='ltr'>σοφίας</span> <span class='ocrx_word' id='word_1_454' title='bbox 2755 2349 3093 2425; x_wconf 73' lang='grc' dir='ltr'>ὶστιώμενοι,</span> <span class='ocrx_word' id='word_1_455' title='bbox 3146 2354 3429 2418; x_wconf 76' lang='grc' dir='ltr'>πλουσίως</span> <span class='ocrx_word' id='word_1_456' title='bbox 3476 2356 3566 2411; x_wconf 82' lang='grc' dir='ltr'><strong>καὶ</strong></span> <span class='ocrx_word' id='word_1_457' title='bbox 3614 2355 3870 2434; x_wconf 73' lang='grc' dir='ltr'>ἀφθόνως</span> 
     </span>
    </p>
   </div>
   <div class='ocr_carea' id='block_1_70' title="bbox 2213 2435 3867 2522">
    <p class='ocr_par' dir='ltr' id='par_1_70' title="bbox 2213 2435 3867 2522">
     <span class='ocr_line' id='line_1_70' title="bbox 2213 2435 3867 2522; baseline 0.005 -29"><span class='ocrx_word' id='word_1_458' title='bbox 2213 2440 2280 2493; x_wconf 69' lang='grc' dir='ltr'><strong>τὰ</strong></span> <span class='ocrx_word' id='word_1_459' title='bbox 2310 2435 2553 2513; x_wconf 84' lang='grc' dir='ltr'>δόγματα</span> <span class='ocrx_word' id='word_1_460' title='bbox 2597 2439 2975 2515; x_wconf 76' lang='grc' dir='ltr'>χορηγούσης,</span> <span class='ocrx_word' id='word_1_461' title='bbox 3027 2442 3101 2506; x_wconf 87' lang='grc' dir='ltr'>ὡς</span> <span class='ocrx_word' id='word_1_462' title='bbox 3148 2442 3239 2499; x_wconf 82' lang='grc' dir='ltr'><strong>καὶ</strong></span> <span class='ocrx_word' id='word_1_463' title='bbox 3286 2441 3610 2500; x_wconf 84' lang='grc' dir='ltr'>διπλασίονα</span> <span class='ocrx_word' id='word_1_464' title='bbox 3659 2445 3867 2522; x_wconf 85' lang='grc' dir='ltr'>χρόνον</span> 
     </span>
    </p>
   </div>
   <div class='ocr_carea' id='block_1_71' title="bbox 2215 2527 3869 2610">
    <p class='ocr_par' dir='ltr' id='par_1_71' title="bbox 2215 2527 3869 2610">
     <span class='ocr_line' id='line_1_71' title="bbox 2215 2527 3869 2610; baseline 0.004 -27"><span class='ocrx_word' id='word_1_465' title='bbox 2215 2527 2485 2604; x_wconf 75' lang='grc' dir='ltr'>ἀντέχειν,</span> <span class='ocrx_word' id='word_1_466' title='bbox 2515 2527 2605 2583; x_wconf 79' lang='grc' dir='ltr'><strong>καὶ</strong></span> <span class='ocrx_word' id='word_1_467' title='bbox 2642 2528 2807 2602; x_wconf 88' lang='grc' dir='ltr'>μόλις</span> <span class='ocrx_word' id='word_1_468' title='bbox 2851 2527 2920 2584; x_wconf 88' lang='grc' dir='ltr'>δι’</span> <span class='ocrx_word' id='word_1_469' title='bbox 2948 2530 3002 2601; x_wconf 78' lang='grc' dir='ltr'><strong>’ἐξ</strong></span> <span class='ocrx_word' id='word_1_470' title='bbox 3051 2533 3273 2607; x_wconf 80' lang='grc' dir='ltr'>ἡμερῶν</span> <span class='ocrx_word' id='word_1_471' title='bbox 3330 2532 3688 2610; x_wconf 86' lang='grc' dir='ltr'>ἀπογεύεσθαι</span> <span class='ocrx_word' id='word_1_472' title='bbox 3736 2554 3869 2609; x_wconf 81' lang='grc' dir='ltr'>τρο-</span> 
     </span>
    </p>
   </div>
   <div class='ocr_carea' id='block_1_72' title="bbox 2216 2615 3869 2694">
    <p class='ocr_par' dir='ltr' id='par_1_72' title="bbox 2216 2615 3869 2694">
     <span class='ocr_line' id='line_1_72' title="bbox 2216 2615 3869 2694; baseline 0.002 -22"><span class='ocrx_word' id='word_1_473' title='bbox 2216 2624 2321 2694; x_wconf 82' lang='grc' dir='ltr'><strong>φῆς</strong></span> <span class='ocrx_word' id='word_1_474' title='bbox 2350 2615 2641 2693; x_wconf 76' lang='grc' dir='ltr'>ἀναγκαίας</span> <span class='ocrx_word' id='word_1_475' title='bbox 2691 2615 3010 2682; x_wconf 80' lang='grc' dir='ltr'>ἐθισθέντες.</span> <span class='ocrx_word' id='word_1_476' title='bbox 3038 2642 3067 2672; x_wconf 81' lang='grc'><strong>››</strong></span> <span class='ocrx_word' id='word_1_477' title='bbox 3102 2620 3206 2676; x_wconf 83' lang='grc' dir='ltr'>Καὶ</span> <span class='ocrx_word' id='word_1_478' title='bbox 3248 2620 3435 2678; x_wconf 85' lang='grc' dir='ltr'>πάλιν·</span> <span class='ocrx_word' id='word_1_479' title='bbox 3472 2647 3501 2674; x_wconf 78' lang='grc' dir='ltr'><strong>α</strong></span> <span class='ocrx_word' id='word_1_480' title='bbox 3530 2622 3654 2680; x_wconf 75' lang='grc' dir='ltr'>Εἰσὶ</span> <span class='ocrx_word' id='word_1_481' title='bbox 3687 2620 3745 2678; x_wconf 65' lang='grc' dir='ltr'>δὲ</span> <span class='ocrx_word' id='word_1_482' title='bbox 3775 2625 3869 2680; x_wconf 85' lang='grc' dir='ltr'><strong>καὶ</strong></span> 
     </span>
    </p>
   </div>
   <div class='ocr_carea' id='block_1_73' title="bbox 2213 2705 3871 2788">
    <p class='ocr_par' dir='ltr' id='par_1_73' title="bbox 2213 2705 3871 2788">
     <span class='ocr_line' id='line_1_73' title="bbox 2213 2705 3871 2788; baseline 0.005 -29"><span class='ocrx_word' id='word_1_483' title='bbox 2213 2711 2462 2782; x_wconf 76' lang='grc' dir='ltr'>γυναῖκες</span> <span class='ocrx_word' id='word_1_484' title='bbox 2512 2705 2927 2781; x_wconf 84' lang='grc' dir='ltr'>θεραπευτίδες,</span> <span class='ocrx_word' id='word_1_485' title='bbox 2978 2710 3052 2766; x_wconf 81' lang='grc' dir='ltr'>ὧν</span> <span class='ocrx_word' id='word_1_486' title='bbox 3110 2710 3202 2766; x_wconf 80' lang='grc' dir='ltr'><strong>καὶ</strong></span> <span class='ocrx_word' id='word_1_487' title='bbox 3258 2709 3509 2767; x_wconf 84' lang='grc' dir='ltr'>πλεῖσται</span> <span class='ocrx_word' id='word_1_488' title='bbox 3568 2711 3871 2788; x_wconf 82' lang='grc' dir='ltr'>γηραλέαι,</span> 
     </span>
    </p>
   </div>
   <div class='ocr_carea' id='block_1_74' title="bbox 2213 2804 3869 2887">
    <p class='ocr_par' dir='ltr' id='par_1_74' title="bbox 2213 2804 3869 2887">
     <span class='ocr_line' id='line_1_74' title="bbox 2213 2804 3869 2887; baseline 0.005 -27"><span class='ocrx_word' id='word_1_489' title='bbox 2213 2804 2471 2877; x_wconf 80' lang='grc' dir='ltr'>παρθένοι</span> <span class='ocrx_word' id='word_1_490' title='bbox 2520 2806 2875 2880; x_wconf 80' lang='grc' dir='ltr'>τυγχάνουσι,</span> <span class='ocrx_word' id='word_1_491' title='bbox 2922 2808 3023 2877; x_wconf 81' lang='grc' dir='ltr'><strong>τήν</strong></span> <span class='ocrx_word' id='word_1_492' title='bbox 3076 2807 3296 2884; x_wconf 83' lang='grc' dir='ltr'>ἁγνείαν</span> <span class='ocrx_word' id='word_1_493' title='bbox 3342 2809 3440 2866; x_wconf 73' lang='grc' dir='ltr'>οὔκ</span> <span class='ocrx_word' id='word_1_494' title='bbox 3481 2809 3715 2887; x_wconf 72' lang='grc' dir='ltr'>ἀνάγκη,</span> <span class='ocrx_word' id='word_1_495' title='bbox 3765 2830 3869 2865; x_wconf 85' lang='grc' dir='ltr'>κα-</span> 
     </span>
    </p>
   </div>
   <div class='ocr_carea' id='block_1_75' title="bbox 2216 2889 3874 2975">
    <p class='ocr_par' dir='ltr' id='par_1_75' title="bbox 2216 2889 3874 2975">
     <span class='ocr_line' id='line_1_75' title="bbox 2216 2889 3874 2975; baseline 0.005 -29"><span class='ocrx_word' id='word_1_496' title='bbox 2216 2893 2381 2970; x_wconf 81' lang='grc' dir='ltr'>θάπερ</span> <span class='ocrx_word' id='word_1_497' title='bbox 2433 2889 2568 2948; x_wconf 85' lang='grc' dir='ltr'>ἔνιαι</span> <span class='ocrx_word' id='word_1_498' title='bbox 2615 2898 2722 2949; x_wconf 78' lang='grc' dir='ltr'><strong>τῶν</strong></span> <span class='ocrx_word' id='word_1_499' title='bbox 2772 2897 2899 2971; x_wconf 87' lang='grc' dir='ltr'>παρ’</span> <span class='ocrx_word' id='word_1_500' title='bbox 2945 2895 3216 2969; x_wconf 80' lang='grc' dir='ltr'>Ἕλλησιν</span> <span class='ocrx_word' id='word_1_501' title='bbox 3266 2898 3496 2974; x_wconf 76' lang='grc' dir='ltr'>ἱερειῶν,</span> <span class='ocrx_word' id='word_1_502' title='bbox 3556 2897 3874 2975; x_wconf 78' lang='grc' dir='ltr'>φυλάττου-</span> 
     </span>
    </p>
   </div>
   <div class='ocr_carea' id='block_1_76' title="bbox 2216 2980 3869 3064">
    <p class='ocr_par' dir='ltr' id='par_1_76' title="bbox 2216 2980 3869 3064">
     <span class='ocr_line' id='line_1_76' title="bbox 2216 2980 3869 3064; baseline 0.003 -27"><span class='ocrx_word' id='word_1_503' title='bbox 2216 3003 2303 3037; x_wconf 89' lang='grc' dir='ltr'><strong>σαι</strong></span> <span class='ocrx_word' id='word_1_504' title='bbox 2364 2980 2578 3056; x_wconf 85' lang='grc' dir='ltr'>μᾶλλον</span> <span class='ocrx_word' id='word_1_505' title='bbox 2611 2982 2646 3054; x_wconf 72' lang='grc' dir='ltr'><strong>ἢ</strong></span> <span class='ocrx_word' id='word_1_506' title='bbox 2677 2985 2793 3039; x_wconf 90' lang='grc' dir='ltr'>καθ’</span> <span class='ocrx_word' id='word_1_507' title='bbox 2847 2985 3092 3042; x_wconf 66' lang='grc' dir='ltr'>ἑκούσιον</span> <span class='ocrx_word' id='word_1_508' title='bbox 3136 2989 3364 3064; x_wconf 86' lang='grc' dir='ltr'>γνώμην</span> <span class='ocrx_word' id='word_1_509' title='bbox 3417 2984 3506 3043; x_wconf 84' lang='grc' dir='ltr'><strong>διά</strong></span> <span class='ocrx_word' id='word_1_510' title='bbox 3556 2986 3723 3059; x_wconf 76' lang='grc' dir='ltr'>ζῆλον</span> <span class='ocrx_word' id='word_1_511' title='bbox 3772 2990 3869 3044; x_wconf 84' lang='grc' dir='ltr'><strong>καὶ</strong></span> 
     </span>
    </p>
   </div>
   <div class='ocr_carea' id='block_1_77' title="bbox 2214 3069 3867 3155">
    <p class='ocr_par' dir='ltr' id='par_1_77' title="bbox 2214 3069 3867 3155">
     <span class='ocr_line' id='line_1_77' title="bbox 2214 3069 3867 3155; baseline 0.004 -28"><span class='ocrx_word' id='word_1_512' title='bbox 2214 3070 2382 3136; x_wconf 85' lang='grc' dir='ltr'>πόθον</span> <span class='ocrx_word' id='word_1_513' title='bbox 2438 3071 2646 3150; x_wconf 89' lang='grc' dir='ltr'>σοφίας,</span> <span class='ocrx_word' id='word_1_514' title='bbox 2791 3069 3055 3150; x_wconf 76' lang='grc' dir='ltr'>συμϐιοῦν</span> <span class='ocrx_word' id='word_1_515' title='bbox 3116 3074 3547 3151; x_wconf 83' lang='grc' dir='ltr'>σπουδάζουσαι,</span> <span class='ocrx_word' id='word_1_516' title='bbox 3596 3082 3704 3134; x_wconf 80' lang='grc' dir='ltr'><strong>τῶν</strong></span> <span class='ocrx_word' id='word_1_517' title='bbox 3737 3079 3867 3155; x_wconf 81' lang='grc' dir='ltr'>περὶ</span> 
     </span>
    </p>
   </div>
   <div class='ocr_carea' id='block_1_78' title="bbox 2212 3158 3867 3244">
    <p class='ocr_par' dir='ltr' id='par_1_78' title="bbox 2212 3158 3867 3244">
     <span class='ocr_line' id='line_1_78' title="bbox 2212 3158 3867 3244; baseline 0.003 -25"><span class='ocrx_word' id='word_1_518' title='bbox 2212 3161 2275 3219; x_wconf 82' lang='grc' dir='ltr'>τὸ</span> <span class='ocrx_word' id='word_1_519' title='bbox 2306 3164 2466 3235; x_wconf 81' lang='grc' dir='ltr'>σῶμα</span> <span class='ocrx_word' id='word_1_520' title='bbox 2497 3158 2685 3218; x_wconf 81' lang='grc' dir='ltr'>δεινῶν</span> <span class='ocrx_word' id='word_1_521' title='bbox 2718 3160 3029 3240; x_wconf 76' lang='grc' dir='ltr'>ἠλόγησαν,</span> <span class='ocrx_word' id='word_1_522' title='bbox 3063 3164 3125 3221; x_wconf 84' lang='grc' dir='ltr'><strong>ού</strong></span> <span class='ocrx_word' id='word_1_523' title='bbox 3174 3169 3381 3239; x_wconf 79' lang='grc' dir='ltr'>θνητῶν</span> <span class='ocrx_word' id='word_1_524' title='bbox 3426 3165 3681 3244; x_wconf 69' lang='grc' dir='ltr'>έκγόνων,</span> <span class='ocrx_word' id='word_1_525' title='bbox 3732 3165 3867 3224; x_wconf 79' lang='grc' dir='ltr'>ἀλλ’</span> 
     </span>
    </p>
   </div>
   <div class='ocr_carea' id='block_1_79' title="bbox 2218 3249 3873 3335">
    <p class='ocr_par' dir='ltr' id='par_1_79' title="bbox 2218 3249 3873 3335">
     <span class='ocr_line' id='line_1_79' title="bbox 2218 3249 3873 3335; baseline 0.005 -30"><span class='ocrx_word' id='word_1_526' title='bbox 2218 3249 2493 3307; x_wconf 80' lang='grc' dir='ltr'>ἀθανάτων</span> <span class='ocrx_word' id='word_1_527' title='bbox 2546 3249 2879 3328; x_wconf 79' lang='grc' dir='ltr'>ὀρεχθεῖσαι,</span> <span class='ocrx_word' id='word_1_528' title='bbox 2910 3252 2942 3308; x_wconf 76' lang='grc' dir='ltr'>ἃ</span> <span class='ocrx_word' id='word_1_529' title='bbox 2974 3253 3115 3329; x_wconf 88' lang='grc' dir='ltr'>μόνη</span> <span class='ocrx_word' id='word_1_530' title='bbox 3162 3253 3362 3311; x_wconf 80' lang='grc' dir='ltr'>τίκτειν</span> <span class='ocrx_word' id='word_1_531' title='bbox 3410 3257 3498 3335; x_wconf 80' lang='grc' dir='ltr'><strong>ἀφ’</strong></span> <span class='ocrx_word' id='word_1_532' title='bbox 3541 3256 3736 3326; x_wconf 70' lang='grc' dir='ltr'>ἑαυτῆς</span> <span class='ocrx_word' id='word_1_533' title='bbox 3776 3254 3873 3313; x_wconf 66' lang='grc' dir='ltr'>οἵα</span> 
     </span>
    </p>
   </div>
   <div class='ocr_carea' id='block_1_80' title="bbox 2217 3337 3872 3419">
    <p class='ocr_par' dir='ltr' id='par_1_80' title="bbox 2217 3337 3872 3419">
     <span class='ocr_line' id='line_1_80' title="bbox 2217 3337 3872 3419; baseline -0.002 -25"><span class='ocrx_word' id='word_1_534' title='bbox 2217 3338 2275 3394; x_wconf 84' lang='grc' dir='ltr'><strong>τέ</strong></span> <span class='ocrx_word' id='word_1_535' title='bbox 2305 3338 2442 3395; x_wconf 80' lang='grc' dir='ltr'>ἐστιν</span> <span class='ocrx_word' id='word_1_536' title='bbox 2475 3340 2510 3409; x_wconf 77' lang='grc' dir='ltr'>ἡ</span> <span class='ocrx_word' id='word_1_537' title='bbox 2544 3337 2809 3415; x_wconf 80' lang='grc' dir='ltr'>θεοφιλὴς</span> <span class='ocrx_word' id='word_1_538' title='bbox 2826 3342 3002 3418; x_wconf 72' lang='grc' dir='ltr'>ψυχή.</span> <span class='ocrx_word' id='word_1_539' title='bbox 3029 3365 3057 3394; x_wconf 88' lang='grc'><strong>››</strong></span> <span class='ocrx_word' id='word_1_540' title='bbox 3089 3342 3192 3404; x_wconf 82' lang='grc' dir='ltr'><strong>Καὶ</strong></span> <span class='ocrx_word' id='word_1_541' title='bbox 3222 3342 3409 3401; x_wconf 85' lang='grc' dir='ltr'>πάλιν·</span> <span class='ocrx_word' id='word_1_542' title='bbox 3436 3368 3465 3397; x_wconf 78' lang='grc' dir='ltr'><strong>ιι</strong></span> <span class='ocrx_word' id='word_1_543' title='bbox 3485 3344 3557 3403; x_wconf 76' lang='lat' dir='ltr'><strong>Al.</strong></span> <span class='ocrx_word' id='word_1_544' title='bbox 3589 3342 3647 3399; x_wconf 77' lang='grc' dir='ltr'>δὲ</span> <span class='ocrx_word' id='word_1_545' title='bbox 3667 3343 3872 3419; x_wconf 66' lang='grc' dir='ltr'>ἐξηγή.</span> 
     </span>
    </p>
   </div>
   <div class='ocr_carea' id='block_1_81' title="bbox 2218 3429 3871 3509">
    <p class='ocr_par' dir='ltr' id='par_1_81' title="bbox 2218 3429 3871 3509">
     <span class='ocr_line' id='line_1_81' title="bbox 2218 3429 3871 3509; baseline 0.003 -24"><span class='ocrx_word' id='word_1_546' title='bbox 2218 3449 2328 3491; x_wconf 86' lang='grc' dir='ltr'>σεις</span> <span class='ocrx_word' id='word_1_547' title='bbox 2358 3433 2466 3485; x_wconf 80' lang='grc' dir='ltr'>τῶν</span> <span class='ocrx_word' id='word_1_548' title='bbox 2518 3429 2679 3505; x_wconf 72' lang='grc' dir='ltr'>ἱερῶν</span> <span class='ocrx_word' id='word_1_549' title='bbox 2730 3430 3069 3505; x_wconf 75' lang='grc' dir='ltr'>γραμμάτων</span> <span class='ocrx_word' id='word_1_550' title='bbox 3116 3432 3353 3509; x_wconf 82' lang='grc' dir='ltr'>γίνονται</span> <span class='ocrx_word' id='word_1_551' title='bbox 3396 3432 3583 3500; x_wconf 76' lang='grc' dir='ltr'>αὐτοῖς</span> <span class='ocrx_word' id='word_1_552' title='bbox 3626 3431 3697 3490; x_wconf 66' lang='grc' dir='ltr'>δι’</span> <span class='ocrx_word' id='word_1_553' title='bbox 3728 3433 3871 3490; x_wconf 76' lang='grc' dir='ltr'>ὑπο-</span> 
     </span>
    </p>
   </div>
   <div class='ocr_carea' id='block_1_82' title="bbox 2218 3516 3875 3600">
    <p class='ocr_par' dir='ltr' id='par_1_82' title="bbox 2218 3516 3875 3600">
     <span class='ocr_line' id='line_1_82' title="bbox 2218 3516 3875 3600; baseline 0.003 -27"><span class='ocrx_word' id='word_1_554' title='bbox 2218 3520 2380 3573; x_wconf 84' lang='grc' dir='ltr'>νοιῶν</span> <span class='ocrx_word' id='word_1_555' title='bbox 2426 3517 2477 3572; x_wconf 80' lang='grc' dir='ltr'><strong>έν</strong></span> <span class='ocrx_word' id='word_1_556' title='bbox 2527 3516 2919 3596; x_wconf 74' lang='grc' dir='ltr'>ἀλληγορίαις·</span> <span class='ocrx_word' id='word_1_557' title='bbox 2954 3521 3131 3577; x_wconf 74' lang='grc' dir='ltr'>ἅπασα</span> <span class='ocrx_word' id='word_1_558' title='bbox 3173 3523 3277 3600; x_wconf 88' lang='grc' dir='ltr'><strong>γάρ</strong></span> <span class='ocrx_word' id='word_1_559' title='bbox 3308 3524 3344 3593; x_wconf 79' lang='grc' dir='ltr'><strong>ἡ</strong></span> <span class='ocrx_word' id='word_1_560' title='bbox 3391 3521 3683 3598; x_wconf 78' lang='grc' dir='ltr'>νομοθεσία</span> <span class='ocrx_word' id='word_1_561' title='bbox 3715 3520 3875 3580; x_wconf 83' lang='grc' dir='ltr'>δοκεῖ</span> 
     </span>
    </p>
   </div>
   <div class='ocr_carea' id='block_1_83' title="bbox 2218 3604 3875 3689">
    <p class='ocr_par' dir='ltr' id='par_1_83' title="bbox 2218 3604 3875 3689">
     <span class='ocr_line' id='line_1_83' title="bbox 2218 3604 3875 3689; baseline 0.004 -27"><span class='ocrx_word' id='word_1_562' title='bbox 2218 3611 2334 3671; x_wconf 86' lang='grc' dir='ltr'>τοῖς</span> <span class='ocrx_word' id='word_1_563' title='bbox 2386 3604 2607 3683; x_wconf 83' lang='grc' dir='ltr'>ἀνδράσι</span> <span class='ocrx_word' id='word_1_564' title='bbox 2650 3607 2869 3673; x_wconf 82' lang='grc' dir='ltr'>τούτοις</span> <span class='ocrx_word' id='word_1_565' title='bbox 2920 3609 3151 3669; x_wconf 65' lang='grc' dir='ltr'>ἑοικέναι</span> <span class='ocrx_word' id='word_1_566' title='bbox 3210 3610 3352 3689; x_wconf 82' lang='grc' dir='ltr'>ζώῳ⁶</span> <span class='ocrx_word' id='word_1_567' title='bbox 3410 3612 3500 3672; x_wconf 76' lang='grc' dir='ltr'><strong>καὶ</strong></span> <span class='ocrx_word' id='word_1_568' title='bbox 3554 3617 3716 3684; x_wconf 79' lang='grc' dir='ltr'>σῶμα</span> <span class='ocrx_word' id='word_1_569' title='bbox 3774 3614 3875 3686; x_wconf 90' lang='grc' dir='ltr'><strong>μέν</strong></span> 
     </span>
    </p>
   </div>
   <div class='ocr_carea' id='block_1_84' title="bbox 2221 3690 3879 3779">
    <p class='ocr_par' dir='ltr' id='par_1_84' title="bbox 2221 3690 3879 3779">
     <span class='ocr_line' id='line_1_84' title="bbox 2221 3690 3879 3779; baseline 0.002 -28"><span class='ocrx_word' id='word_1_570' title='bbox 2221 3690 2368 3772; x_wconf 77' lang='grc' dir='ltr'>ἔχειν</span> <span class='ocrx_word' id='word_1_571' title='bbox 2393 3695 2487 3760; x_wconf 70' lang='grc' dir='ltr'><strong>τὰς</strong></span> <span class='ocrx_word' id='word_1_572' title='bbox 2522 3696 2690 3773; x_wconf 75' lang='grc' dir='ltr'>ῥητὰς</span> <span class='ocrx_word' id='word_1_573' title='bbox 2738 3695 3023 3771; x_wconf 80' lang='grc' dir='ltr'>διατάξεις·</span> <span class='ocrx_word' id='word_1_574' title='bbox 3073 3701 3229 3779; x_wconf 77' lang='grc' dir='ltr'>ψυχὴ</span> <span class='ocrx_word' id='word_1_575' title='bbox 3278 3697 3336 3759; x_wconf 81' lang='grc' dir='ltr'><strong>δὶ</strong></span> <span class='ocrx_word' id='word_1_576' title='bbox 3379 3701 3469 3757; x_wconf 83' lang='grc' dir='ltr'><strong>τὸν</strong></span> <span class='ocrx_word' id='word_1_577' title='bbox 3516 3700 3879 3776; x_wconf 72' lang='grc' dir='ltr'>ἑναποκείμε-</span> 
     </span>
    </p>
   </div>
   <div class='ocr_carea' id='block_1_85' title="bbox 2220 3782 3882 3870">
    <p class='ocr_par' dir='ltr' id='par_1_85' title="bbox 2220 3782 3882 3870">
     <span class='ocr_line' id='line_1_85' title="bbox 2220 3782 3882 3870; baseline 0.004 -29"><span class='ocrx_word' id='word_1_578' title='bbox 2220 3806 2313 3842; x_wconf 92' lang='grc' dir='ltr'><strong>νον</strong></span> <span class='ocrx_word' id='word_1_579' title='bbox 2352 3790 2473 3849; x_wconf 86' lang='grc' dir='ltr'>ταῖς</span> <span class='ocrx_word' id='word_1_580' title='bbox 2527 3782 2823 3859; x_wconf 77' lang='grc' dir='ltr'>διαλέξεσιν</span> <span class='ocrx_word' id='word_1_581' title='bbox 2871 3787 3099 3864; x_wconf 87' lang='grc' dir='ltr'>ἀόρατον</span> <span class='ocrx_word' id='word_1_582' title='bbox 3151 3794 3298 3859; x_wconf 90' lang='grc' dir='ltr'>νοῦν,</span> <span class='ocrx_word' id='word_1_583' title='bbox 3332 3790 3391 3847; x_wconf 80' lang='grc' dir='ltr'><strong>δν</strong></span> <span class='ocrx_word' id='word_1_584' title='bbox 3442 3788 3644 3867; x_wconf 76' lang='grc' dir='ltr'>ἤρξατο</span> <span class='ocrx_word' id='word_1_585' title='bbox 3688 3787 3882 3870; x_wconf 74' lang='grc' dir='ltr'>διαφε-</span> 
     </span>
    </p>
   </div>
   <div class='ocr_carea' id='block_1_86' title="bbox 2226 3873 3884 3959">
    <p class='ocr_par' dir='ltr' id='par_1_86' title="bbox 2226 3873 3884 3959">
     <span class='ocr_line' id='line_1_86' title="bbox 2226 3873 3884 3959; baseline 0.001 -28"><span class='ocrx_word' id='word_1_586' title='bbox 2226 3873 2429 3953; x_wconf 88' lang='grc' dir='ltr'>ρόντως</span> <span class='ocrx_word' id='word_1_587' title='bbox 2479 3877 2548 3940; x_wconf 78' lang='grc' dir='ltr'><strong>τῇ</strong></span> <span class='ocrx_word' id='word_1_588' title='bbox 2604 3874 2776 3948; x_wconf 73' lang='grc' dir='ltr'>οἰκείᾳ</span> <span class='ocrx_word' id='word_1_589' title='bbox 2828 3875 2966 3954; x_wconf 77' lang='grc' dir='ltr'>αὐγῇ</span> <span class='ocrx_word' id='word_1_590' title='bbox 3019 3883 3261 3951; x_wconf 86' lang='grc' dir='ltr'>θεωρεῖν.</span> <span class='ocrx_word' id='word_1_591' title='bbox 3314 3877 3390 3945; x_wconf 80' lang='grc' dir='ltr'><strong>ὡς</strong></span> <span class='ocrx_word' id='word_1_592' title='bbox 3438 3874 3526 3934; x_wconf 76' lang='grc' dir='ltr'><strong>διὰ</strong></span> <span class='ocrx_word' id='word_1_593' title='bbox 3566 3877 3884 3959; x_wconf 83' lang='grc' dir='ltr'>κατόπτρου</span> 
     </span>
    </p>
   </div>
   <div class='ocr_carea' id='block_1_87' title="bbox 2222 3960 3885 4043">
    <p class='ocr_par' dir='ltr' id='par_1_87' title="bbox 2222 3960 3885 4043">
     <span class='ocr_line' id='line_1_87' title="bbox 2222 3960 3885 4043; baseline 0.002 -23"><span class='ocrx_word' id='word_1_594' title='bbox 2222 3966 2331 4020; x_wconf 77' lang='grc' dir='ltr'>τῶν</span> <span class='ocrx_word' id='word_1_595' title='bbox 2361 3961 2644 4037; x_wconf 82' lang='grc' dir='ltr'>ὀνομάτων</span> <span class='ocrx_word' id='word_1_596' title='bbox 2676 3960 2882 4036; x_wconf 80' lang='grc' dir='ltr'>ἐξαίσια</span> <span class='ocrx_word' id='word_1_597' title='bbox 2904 3961 3086 4037; x_wconf 84' lang='grc' dir='ltr'>κάλλη</span> <span class='ocrx_word' id='word_1_598' title='bbox 3121 3963 3495 4043; x_wconf 74' lang='grc' dir='ltr'>ἰμφαινόμενα</span> <span class='ocrx_word' id='word_1_599' title='bbox 3521 3963 3885 4023; x_wconf 71' lang='grc' dir='ltr'>κατιδοῦσα.»</span> 
     </span>
    </p>
   </div>
   <div class='ocr_carea' id='block_1_88' title="bbox 2226 4049 3891 4131">
    <p class='ocr_par' dir='ltr' id='par_1_88' title="bbox 2226 4049 3891 4131">
     <span class='ocr_line' id='line_1_88' title="bbox 2226 4049 3891 4131; baseline 0.003 -25"><span class='ocrx_word' id='word_1_600' title='bbox 2226 4049 2405 4111; x_wconf 80' lang='grc' dir='ltr'>’Δλλά</span> <span class='ocrx_word' id='word_1_601' title='bbox 2448 4049 2615 4108; x_wconf 82' lang='grc' dir='ltr'>ταῦτα</span> <span class='ocrx_word' id='word_1_602' title='bbox 2666 4052 2761 4129; x_wconf 75' lang='grc' dir='ltr'>μὶν</span> <span class='ocrx_word' id='word_1_603' title='bbox 2809 4054 2879 4109; x_wconf 84' lang='grc' dir='ltr'><strong>τά</strong></span> <span class='ocrx_word' id='word_1_604' title='bbox 2921 4057 3019 4112; x_wconf 81' lang='grc' dir='ltr'><strong>τοῦ</strong></span> <span class='ocrx_word' id='word_1_605' title='bbox 3068 4053 3343 4127; x_wconf 78' lang='grc' dir='ltr'>Φίλωνος,</span> <span class='ocrx_word' id='word_1_606' title='bbox 3376 4054 3407 4109; x_wconf 76' lang='grc' dir='ltr'>ἃ</span> <span class='ocrx_word' id='word_1_607' title='bbox 3437 4052 3505 4127; x_wconf 82' lang='grc' dir='ltr'>δὴ</span> <span class='ocrx_word' id='word_1_608' title='bbox 3546 4056 3666 4131; x_wconf 81' lang='grc' dir='ltr'>περὶ</span> <span class='ocrx_word' id='word_1_609' title='bbox 3722 4057 3891 4131; x_wconf 84' lang='grc' dir='ltr'>θερα-</span> 
     </span>
    </p>
   </div>
   <div class='ocr_carea' id='block_1_89' title="bbox 2224 4137 3890 4220">
    <p class='ocr_par' dir='ltr' id='par_1_89' title="bbox 2224 4137 3890 4220">
     <span class='ocr_line' id='line_1_89' title="bbox 2224 4137 3890 4220; baseline 0.002 -27"><span class='ocrx_word' id='word_1_610' title='bbox 2224 4144 2433 4195; x_wconf 81' lang='grc' dir='ltr'>πευτῶν</span> <span class='ocrx_word' id='word_1_611' title='bbox 2464 4137 2718 4216; x_wconf 75' lang='grc' dir='ltr'>ἔγραψεν,</span> <span class='ocrx_word' id='word_1_612' title='bbox 2750 4144 2823 4199; x_wconf 81' lang='grc' dir='ltr'><strong>ῶν</strong></span> <span class='ocrx_word' id='word_1_613' title='bbox 2875 4144 2953 4206; x_wconf 84' lang='grc' dir='ltr'>εἷς</span> <span class='ocrx_word' id='word_1_614' title='bbox 2996 4140 3106 4198; x_wconf 76' lang='grc' dir='ltr'>ἐστι</span> <span class='ocrx_word' id='word_1_615' title='bbox 3154 4143 3245 4200; x_wconf 75' lang='grc' dir='ltr'><strong>καὶ</strong></span> <span class='ocrx_word' id='word_1_616' title='bbox 3283 4143 3467 4212; x_wconf 82' lang='grc' dir='ltr'>Γάϊος,</span> <span class='ocrx_word' id='word_1_617' title='bbox 3496 4143 3633 4220; x_wconf 86' lang='grc' dir='ltr'>πρὸς</span> <span class='ocrx_word' id='word_1_618' title='bbox 3664 4142 3725 4198; x_wconf 80' lang='grc' dir='ltr'><strong>’ὸν</strong></span> <span class='ocrx_word' id='word_1_619' title='bbox 3760 4142 3890 4199; x_wconf 64' lang='grc' dir='ltr'>ἐπι-</span> 
     </span>
    </p>
   </div>
   <div class='ocr_carea' id='block_1_90' title="bbox 2225 4225 3889 4312">
    <p class='ocr_par' dir='ltr' id='par_1_90' title="bbox 2225 4225 3889 4312">
     <span class='ocr_line' id='line_1_90' title="bbox 2225 4225 3889 4312; baseline 0.002 -30"><span class='ocrx_word' id='word_1_620' title='bbox 2225 4225 2442 4312; x_wconf 80' lang='grc' dir='ltr'>στέλλει</span> <span class='ocrx_word' id='word_1_621' title='bbox 2496 4229 2524 4283; x_wconf 86' lang='grc' dir='ltr'>ὁ</span> <span class='ocrx_word' id='word_1_622' title='bbox 2566 4230 2743 4307; x_wconf 81' lang='grc' dir='ltr'>ἅγιος,</span> <span class='ocrx_word' id='word_1_623' title='bbox 2795 4227 2971 4308; x_wconf 88' lang='grc' dir='ltr'>λέγων</span> <span class='ocrx_word' id='word_1_624' title='bbox 3022 4230 3105 4287; x_wconf 76' lang='grc' dir='ltr'><strong>ὅτι</strong></span> <span class='ocrx_word' id='word_1_625' title='bbox 3147 4232 3260 4312; x_wconf 80' lang='grc' dir='ltr'><strong>Ἐφ’</strong></span> <span class='ocrx_word' id='word_1_626' title='bbox 3309 4232 3445 4306; x_wconf 75' lang='grc' dir='ltr'>ἡμῖν</span> <span class='ocrx_word' id='word_1_627' title='bbox 3500 4231 3620 4308; x_wconf 72' lang='grc' dir='ltr'>μὲν,</span> <span class='ocrx_word' id='word_1_628' title='bbox 3669 4231 3790 4289; x_wconf 74' lang='grc' dir='ltr'>ἐπεὶ</span> <span class='ocrx_word' id='word_1_629' title='bbox 3822 4231 3889 4287; x_wconf 87' lang='grc' dir='ltr'>τὸ</span> 
     </span>
    </p>
   </div>
   <div class='ocr_carea' id='block_1_91' title="bbox 2228 4311 3886 4398">
    <p class='ocr_par' dir='ltr' id='par_1_91' title="bbox 2228 4311 3886 4398">
     <span class='ocr_line' id='line_1_91' title="bbox 2228 4311 3886 4398; baseline 0.002 -27"><span class='ocrx_word' id='word_1_630' title='bbox 2228 4311 2418 4381; x_wconf 84' lang='grc' dir='ltr'>σκότος</span> <span class='ocrx_word' id='word_1_631' title='bbox 2479 4315 2724 4391; x_wconf 88' lang='grc' dir='ltr'>στέρησίς</span> <span class='ocrx_word' id='word_1_632' title='bbox 2785 4317 2918 4390; x_wconf 73' lang='grc' dir='ltr'>ἔστι,</span> <span class='ocrx_word' id='word_1_633' title='bbox 2976 4319 3039 4375; x_wconf 81' lang='grc' dir='ltr'>τὸ</span> <span class='ocrx_word' id='word_1_634' title='bbox 3097 4316 3155 4376; x_wconf 78' lang='grc' dir='ltr'>δὶ</span> <span class='ocrx_word' id='word_1_635' title='bbox 3213 4324 3327 4398; x_wconf 78' lang='grc' dir='ltr'><strong>φῶς</strong></span> <span class='ocrx_word' id='word_1_636' title='bbox 3382 4316 3515 4391; x_wconf 71' lang='grc' dir='ltr'>ἕξις,</span> <span class='ocrx_word' id='word_1_637' title='bbox 3563 4319 3627 4375; x_wconf 84' lang='grc' dir='ltr'><strong>ού</strong></span> <span class='ocrx_word' id='word_1_638' title='bbox 3671 4320 3886 4395; x_wconf 87' lang='grc' dir='ltr'>γίνεται</span> 
     </span>
    </p>
   </div>
   <div class='ocr_carea' id='block_1_92' title="bbox 2226 4413 3886 4498">
    <p class='ocr_par' dir='ltr' id='par_1_92' title="bbox 2226 4413 3886 4498">
     <span class='ocr_line' id='line_1_92' title="bbox 2226 4413 3886 4498; baseline 0.002 -28"><span class='ocrx_word' id='word_1_639' title='bbox 2226 4413 2421 4492; x_wconf 75' lang='grc' dir='ltr'>ἀφανὶς</span> <span class='ocrx_word' id='word_1_640' title='bbox 2450 4416 2512 4470; x_wconf 83' lang='grc' dir='ltr'>τὸ</span> <span class='ocrx_word' id='word_1_641' title='bbox 2545 4419 2658 4494; x_wconf 81' lang='grc' dir='ltr'><strong>φῶς</strong></span> <span class='ocrx_word' id='word_1_642' title='bbox 2701 4417 2780 4490; x_wconf 81' lang='grc' dir='ltr'><strong>τῷ</strong></span> <span class='ocrx_word' id='word_1_643' title='bbox 2834 4417 3037 4489; x_wconf 86' lang='grc' dir='ltr'>σκότει,</span> <span class='ocrx_word' id='word_1_644' title='bbox 3067 4416 3215 4477; x_wconf 78' lang='grc' dir='ltr'><strong>ἀλλά</strong></span> <span class='ocrx_word' id='word_1_645' title='bbox 3258 4420 3321 4475; x_wconf 86' lang='grc' dir='ltr'>τὸ</span> <span class='ocrx_word' id='word_1_646' title='bbox 3361 4417 3555 4482; x_wconf 82' lang='grc' dir='ltr'>σκότος</span> <span class='ocrx_word' id='word_1_647' title='bbox 3603 4419 3685 4492; x_wconf 79' lang='grc' dir='ltr'><strong>τῷ</strong></span> <span class='ocrx_word' id='word_1_648' title='bbox 3719 4418 3886 4498; x_wconf 85' lang='grc' dir='ltr'>φωτί·</span> 
     </span>
    </p>
   </div>
   <div class='ocr_carea' id='block_1_93' title="bbox 2229 4503 3887 4585">
    <p class='ocr_par' dir='ltr' id='par_1_93' title="bbox 2229 4503 3887 4585">
     <span class='ocr_line' id='line_1_93' title="bbox 2229 4503 3887 4585; baseline 0.001 -25"><span class='ocrx_word' id='word_1_649' title='bbox 2229 4503 2467 4560; x_wconf 87' lang='grc' dir='ltr'>ἀπουσία</span> <span class='ocrx_word' id='word_1_650' title='bbox 2519 4506 2619 4581; x_wconf 77' lang='grc' dir='ltr'><strong>γὰρ</strong></span> <span class='ocrx_word' id='word_1_651' title='bbox 2666 4509 2765 4564; x_wconf 79' lang='grc' dir='ltr'><strong>τοῦ</strong></span> <span class='ocrx_word' id='word_1_652' title='bbox 2818 4507 2998 4585; x_wconf 79' lang='grc' dir='ltr'>φωτὸς</span> <span class='ocrx_word' id='word_1_653' title='bbox 3044 4508 3106 4565; x_wconf 81' lang='grc' dir='ltr'>τὸ</span> <span class='ocrx_word' id='word_1_654' title='bbox 3171 4508 3363 4571; x_wconf 81' lang='grc' dir='ltr'>σκότος</span> <span class='ocrx_word' id='word_1_655' title='bbox 3412 4507 3583 4563; x_wconf 74' lang='grc' dir='ltr'>ἐστίν·</span> <span class='ocrx_word' id='word_1_656' title='bbox 3644 4507 3706 4564; x_wconf 80' lang='grc' dir='ltr'>οὗ</span> <span class='ocrx_word' id='word_1_657' title='bbox 3771 4508 3887 4582; x_wconf 85' lang='grc' dir='ltr'>μὴν</span> 
     </span>
    </p>
   </div>
   <div class='ocr_carea' id='block_1_94' title="bbox 463 4591 2109 4673">
    <p class='ocr_par' dir='ltr' id='par_1_94' title="bbox 463 4591 2109 4665">
     <span class='ocr_line' id='line_1_94' title="bbox 463 4591 2109 4665; baseline -0.002 -14"><span class='ocrx_word' id='word_1_658' title='bbox 463 4598 556 4651; x_wconf 88' lang='lat' dir='ltr'><strong>ter</strong></span> <span class='ocrx_word' id='word_1_659' title='bbox 585 4610 651 4649; x_wconf 84' lang='lat' dir='ltr'><strong>ac</strong></span> <span class='ocrx_word' id='word_1_660' title='bbox 684 4593 832 4649; x_wconf 88' lang='lat' dir='ltr'><strong>citra</strong></span> <span class='ocrx_word' id='word_1_661' title='bbox 860 4591 1137 4648; x_wconf 88' lang='lat' dir='ltr'><strong>invidiam</strong></span> <span class='ocrx_word' id='word_1_662' title='bbox 1171 4609 1279 4650; x_wconf 87' lang='lat' dir='ltr'><strong>sua</strong></span> <span class='ocrx_word' id='word_1_663' title='bbox 1309 4593 1585 4664; x_wconf 85' lang='lat' dir='ltr'><strong>dogmate</strong></span> <span class='ocrx_word' id='word_1_664' title='bbox 1614 4592 2109 4665; x_wconf 82' lang='lat' dir='ltr'><strong>suppeditente,ul</strong></span> 
     </span>
    </p>
   </div>
   <div class='ocr_carea' id='block_1_95' title="bbox 2218 4591 3889 4673">
    <p class='ocr_par' dir='ltr' id='par_1_95' title="bbox 2230 4591 3889 4673">
     <span class='ocr_line' id='line_1_95' title="bbox 2230 4591 3889 4673; baseline 0.002 -25"><span class='ocrx_word' id='word_1_665' title='bbox 2230 4592 2461 4651; x_wconf 85' lang='grc' dir='ltr'>ἀπουσία</span> <span class='ocrx_word' id='word_1_666' title='bbox 2505 4598 2601 4650; x_wconf 89' lang='grc' dir='ltr'><strong>τοῦ</strong></span> <span class='ocrx_word' id='word_1_667' title='bbox 2647 4593 2876 4658; x_wconf 90' lang='grc' dir='ltr'>σκότους</span> <span class='ocrx_word' id='word_1_668' title='bbox 2918 4596 2979 4651; x_wconf 87' lang='grc' dir='ltr'>τὸ</span> <span class='ocrx_word' id='word_1_669' title='bbox 3028 4600 3143 4673; x_wconf 77' lang='grc' dir='ltr'><strong>φῶς</strong></span> <span class='ocrx_word' id='word_1_670' title='bbox 3173 4640 3188 4657; x_wconf 92' lang='grc'><strong>.</strong></span> <span class='ocrx_word' id='word_1_671' title='bbox 3237 4601 3407 4655; x_wconf 86' lang='grc' dir='ltr'>Τοῦτο</span> <span class='ocrx_word' id='word_1_672' title='bbox 3458 4591 3594 4653; x_wconf 78' lang='grc' dir='ltr'>λάϐε</span> <span class='ocrx_word' id='word_1_673' title='bbox 3644 4597 3736 4653; x_wconf 78' lang='grc' dir='ltr'>καὶ</span> <span class='ocrx_word' id='word_1_674' title='bbox 3792 4596 3889 4653; x_wconf 76' lang='grc' dir='ltr'>ἐπὶ</span> 
     </span>
    </p>
   </div>
   <div class='ocr_carea' id='block_1_96' title="bbox 469 4670 2109 4761">
    <p class='ocr_par' dir='ltr' id='par_1_96' title="bbox 469 4680 2109 4755">
     <span class='ocr_line' id='line_1_96' title="bbox 469 4680 2109 4755; baseline -0.001 -16"><span class='ocrx_word' id='word_1_675' title='bbox 469 4681 651 4755; x_wconf 89' lang='lat' dir='ltr'><strong>dupla</strong></span> <span class='ocrx_word' id='word_1_676' title='bbox 681 4680 1119 4753; x_wconf 90' lang='lat' dir='ltr'><strong>intercapedine</strong></span> <span class='ocrx_word' id='word_1_677' title='bbox 1147 4681 1430 4749; x_wconf 88' lang='lat' dir='ltr'><strong>temporis</strong></span> <span class='ocrx_word' id='word_1_678' title='bbox 1476 4681 1769 4750; x_wconf 84' lang='lat' dir='ltr'><strong>restitent,</strong></span> <span class='ocrx_word' id='word_1_679' title='bbox 1820 4681 1915 4738; x_wconf 88' lang='lat' dir='ltr'><strong>vix</strong></span> <span class='ocrx_word' id='word_1_680' title='bbox 1956 4685 2109 4738; x_wconf 82' lang='lat' dir='ltr'><strong>sexto</strong></span> 
     </span>
    </p>
   </div>
   <div class='ocr_carea' id='block_1_97' title="bbox 2218 4670 3888 4761">
    <p class='ocr_par' dir='ltr' id='par_1_97' title="bbox 2226 4670 3888 4761">
     <span class='ocr_line' id='line_1_97' title="bbox 2226 4670 3888 4761; baseline 0.002 -23"><span class='ocrx_word' id='word_1_681' title='bbox 2226 4682 2327 4752; x_wconf 73' lang='grc' dir='ltr'><strong>τῆς</strong></span> <span class='ocrx_word' id='word_1_682' title='bbox 2354 4682 2625 4757; x_wconf 66' lang='grc' dir='ltr'>γνώσεως*</span> <span class='ocrx_word' id='word_1_683' title='bbox 2658 4684 2693 4753; x_wconf 79' lang='grc' dir='ltr'>ἡ</span> <span class='ocrx_word' id='word_1_684' title='bbox 2724 4684 2824 4760; x_wconf 75' lang='grc' dir='ltr'><strong>γὰρ</strong></span> <span class='ocrx_word' id='word_1_685' title='bbox 2870 4670 3092 4759; x_wconf 79' lang='grc' dir='ltr'>γνῶσις,</span> <span class='ocrx_word' id='word_1_686' title='bbox 3134 4681 3265 4757; x_wconf 51' lang='grc' dir='ltr'><strong>ἕξιν</strong></span> <span class='ocrx_word' id='word_1_687' title='bbox 3297 4687 3335 4758; x_wconf 76' lang='grc' dir='ltr'><strong>ὴ</strong></span> <span class='ocrx_word' id='word_1_688' title='bbox 3380 4682 3438 4740; x_wconf 76' lang='grc' dir='ltr'>δὶ</span> <span class='ocrx_word' id='word_1_689' title='bbox 3465 4684 3730 4761; x_wconf 86' lang='grc' dir='ltr'>ἀγνωσία,</span> <span class='ocrx_word' id='word_1_690' title='bbox 3761 4684 3888 4742; x_wconf 88' lang='grc' dir='ltr'>στέ-</span> 
     </span>
    </p>
   </div>
   <div class='ocr_carea' id='block_1_98' title="bbox 470 4770 2124 4842">
    <p class='ocr_par' dir='ltr' id='par_1_98' title="bbox 470 4770 2124 4842">
     <span class='ocr_line' id='line_1_98' title="bbox 470 4770 2124 4842; baseline 0 -13"><span class='ocrx_word' id='word_1_691' title='bbox 470 4773 710 4831; x_wconf 89' lang='lat' dir='ltr'><strong>demum</strong></span> <span class='ocrx_word' id='word_1_692' title='bbox 744 4770 859 4838; x_wconf 89' lang='lat' dir='ltr'><strong>die,</strong></span> <span class='ocrx_word' id='word_1_693' title='bbox 893 4786 998 4842; x_wconf 87' lang='lat' dir='ltr'><strong>per</strong></span> <span class='ocrx_word' id='word_1_694' title='bbox 1026 4770 1436 4828; x_wconf 84' lang='lat' dir='ltr'><strong>necessitatem</strong></span> <span class='ocrx_word' id='word_1_695' title='bbox 1481 4771 1705 4828; x_wconf 87' lang='lat' dir='ltr'><strong>assueti</strong></span> <span class='ocrx_word' id='word_1_696' title='bbox 1755 4786 1991 4829; x_wconf 86' lang='lat' dir='ltr'><strong>sumere</strong></span> <span class='ocrx_word' id='word_1_697' title='bbox 2040 4770 2124 4829; x_wconf 89' lang='lat' dir='ltr'><strong>ci-</strong></span> 
     </span>
    </p>
   </div>
   <div class='ocr_carea' id='block_1_99' title="bbox 470 4858 2126 4932">
    <p class='ocr_par' dir='ltr' id='par_1_99' title="bbox 470 4858 2126 4932">
     <span class='ocr_line' id='line_1_99' title="bbox 470 4858 2126 4932; baseline 0.001 -15"><span class='ocrx_word' id='word_1_698' title='bbox 470 4860 639 4921; x_wconf 87' lang='lat' dir='ltr'><strong>bum.</strong></span> <span class='ocrx_word' id='word_1_699' title='bbox 670 4860 969 4930; x_wconf 86' lang='lat' dir='ltr'><strong>Itemque:</strong></span> <span class='ocrx_word' id='word_1_700' title='bbox 991 4862 1141 4916; x_wconf 81' lang='lat' dir='ltr'><strong>Sunt</strong></span> <span class='ocrx_word' id='word_1_701' title='bbox 1169 4862 1227 4917; x_wconf 85' lang='lat' dir='ltr'><strong>et</strong></span> <span class='ocrx_word' id='word_1_702' title='bbox 1258 4858 1487 4916; x_wconf 80' lang='lat' dir='ltr'><strong>feminae</strong></span> <span class='ocrx_word' id='word_1_703' title='bbox 1519 4858 1788 4930; x_wconf 82' lang='lat' dir='ltr'><strong>quaedam</strong></span> <span class='ocrx_word' id='word_1_704' title='bbox 1818 4858 2126 4932; x_wconf 85' lang='lat' dir='ltr'><strong>therapeu-</strong></span> 
     </span>
    </p>
   </div>
   <div class='ocr_carea' id='block_1_100' title="bbox 471 4946 2126 5021">
    <p class='ocr_par' dir='ltr' id='par_1_100' title="bbox 471 4946 2126 5021">
     <span class='ocr_line' id='line_1_100' title="bbox 471 4946 2126 5021; baseline -0.001 -16"><span class='ocrx_word' id='word_1_705' title='bbox 471 4949 908 5021; x_wconf 85' lang='lat' dir='ltr'><strong>tides,quarum</strong></span> <span class='ocrx_word' id='word_1_706' title='bbox 942 4964 1076 5019; x_wconf 87' lang='lat' dir='ltr'><strong>pars</strong></span> <span class='ocrx_word' id='word_1_707' title='bbox 1104 4946 1291 5005; x_wconf 91' lang='lat' dir='ltr'><strong>multo</strong></span> <span class='ocrx_word' id='word_1_708' title='bbox 1320 4947 1526 5005; x_wconf 91' lang='lat' dir='ltr'><strong>melior</strong></span> <span class='ocrx_word' id='word_1_709' title='bbox 1555 4948 1779 5006; x_wconf 77' lang='lat' dir='ltr'><strong>defecta</strong></span> <span class='ocrx_word' id='word_1_710' title='bbox 1806 4948 1928 5019; x_wconf 73' lang='lat' dir='ltr'><strong>iam</strong></span> <span class='ocrx_word' id='word_1_711' title='bbox 1961 4951 2126 5005; x_wconf 63' lang='lat' dir='ltr'><strong>aetate</strong></span> 
     </span>
    </p>
   </div>
   <div class='ocr_carea' id='block_1_101' title="bbox 474 5036 2124 5109">
    <p class='ocr_par' dir='ltr' id='par_1_101' title="bbox 474 5036 2124 5109">
     <span class='ocr_line' id='line_1_101' title="bbox 474 5036 2124 5109; baseline -0.001 -14"><span class='ocrx_word' id='word_1_712' title='bbox 474 5037 761 5107; x_wconf 84' lang='lat' dir='ltr'><strong>incanuit;</strong></span> <span class='ocrx_word' id='word_1_713' title='bbox 784 5036 1040 5109; x_wconf 87' lang='lat' dir='ltr'><strong>virgines</strong></span> <span class='ocrx_word' id='word_1_714' title='bbox 1068 5036 1390 5095; x_wconf 89' lang='lat' dir='ltr'><strong>etiamdum</strong></span> <span class='ocrx_word' id='word_1_715' title='bbox 1422 5053 1502 5094; x_wconf 64' lang='lat' dir='ltr'><strong>ea</strong></span> <span class='ocrx_word' id='word_1_716' title='bbox 1532 5040 1926 5109; x_wconf 87' lang='lat' dir='ltr'><strong>perseverant,</strong></span> <span class='ocrx_word' id='word_1_717' title='bbox 1949 5036 2124 5094; x_wconf 88' lang='lat' dir='ltr'><strong>casti-</strong></span> 
     </span>
    </p>
   </div>
   <div class='ocr_carea' id='block_1_102' title="bbox 475 5124 2123 5198">
    <p class='ocr_par' dir='ltr' id='par_1_102' title="bbox 475 5124 2123 5198">
     <span class='ocr_line' id='line_1_102' title="bbox 475 5124 2123 5198; baseline 0 -14"><span class='ocrx_word' id='word_1_718' title='bbox 475 5127 737 5184; x_wconf 87' lang='lat' dir='ltr'><strong>moniam</strong></span> <span class='ocrx_word' id='word_1_719' title='bbox 749 5124 1092 5197; x_wconf 79' lang='lat' dir='ltr'><strong>virginalem</strong></span> <span class='ocrx_word' id='word_1_720' title='bbox 1106 5125 1454 5184; x_wconf 88' lang='lat' dir='ltr'><strong>intemerato</strong></span> <span class='ocrx_word' id='word_1_721' title='bbox 1467 5127 1689 5198; x_wconf 89' lang='lat' dir='ltr'><strong>pudore</strong></span> <span class='ocrx_word' id='word_1_722' title='bbox 1702 5125 2123 5194; x_wconf 87' lang='lat' dir='ltr'><strong>custodientes,</strong></span> 
     </span>
    </p>
   </div>
   <div class='ocr_carea' id='block_1_103' title="bbox 476 5224 2125 5297">
    <p class='ocr_par' dir='ltr' id='par_1_103' title="bbox 476 5224 2125 5297">
     <span class='ocr_line' id='line_1_103' title="bbox 476 5224 2125 5297; baseline 0.002 -18"><span class='ocrx_word' id='word_1_723' title='bbox 476 5239 595 5281; x_wconf 89' lang='lat' dir='ltr'><strong>non</strong></span> <span class='ocrx_word' id='word_1_724' title='bbox 626 5224 829 5296; x_wconf 86' lang='lat' dir='ltr'><strong>utique</strong></span> <span class='ocrx_word' id='word_1_725' title='bbox 858 5229 926 5281; x_wconf 89' lang='lat' dir='ltr'><strong>ut</strong></span> <span class='ocrx_word' id='word_1_726' title='bbox 954 5224 1111 5297; x_wconf 91' lang='lat' dir='ltr'><strong>apud</strong></span> <span class='ocrx_word' id='word_1_727' title='bbox 1140 5224 1389 5296; x_wconf 86' lang='lat' dir='ltr'><strong>gentiles</strong></span> <span class='ocrx_word' id='word_1_728' title='bbox 1418 5224 1643 5283; x_wconf 66' lang='lat' dir='ltr'><strong>reditus:</strong></span> <span class='ocrx_word' id='word_1_729' title='bbox 1675 5225 1945 5297; x_wconf 68' lang='lat' dir='ltr'><strong>quaedam</strong></span> <span class='ocrx_word' id='word_1_730' title='bbox 1984 5241 2125 5297; x_wconf 86' lang='lat' dir='ltr'><strong>pas-</strong></span> 
     </span>
    </p>
   </div>
   <div class='ocr_carea' id='block_1_104' title="bbox 475 5311 2123 5385">
    <p class='ocr_par' dir='ltr' id='par_1_104' title="bbox 475 5311 2123 5385">
     <span class='ocr_line' id='line_1_104' title="bbox 475 5311 2123 5385; baseline 0 -16"><span class='ocrx_word' id='word_1_731' title='bbox 475 5312 591 5369; x_wconf 88' lang='lat' dir='ltr'><strong>eim</strong></span> <span class='ocrx_word' id='word_1_732' title='bbox 620 5311 1023 5383; x_wconf 88' lang='lat' dir='ltr'><strong>inveniuntur,</strong></span> <span class='ocrx_word' id='word_1_733' title='bbox 1057 5314 1273 5370; x_wconf 67' lang='lat' dir='ltr'><strong>adacta)</strong></span> <span class='ocrx_word' id='word_1_734' title='bbox 1304 5313 1650 5370; x_wconf 86' lang='lat' dir='ltr'><strong>necessitate</strong></span> <span class='ocrx_word' id='word_1_735' title='bbox 1678 5313 1895 5384; x_wconf 82' lang='lat' dir='ltr'><strong>verius,</strong></span> <span class='ocrx_word' id='word_1_736' title='bbox 1945 5330 2123 5385; x_wconf 88' lang='lat' dir='ltr'><strong>quam</strong></span> 
     </span>
    </p>
   </div>
   <div class='ocr_carea' id='block_1_105' title="bbox 474 5400 2126 5461">
    <p class='ocr_par' dir='ltr' id='par_1_105' title="bbox 474 5400 2126 5461">
     <span class='ocr_line' id='line_1_105' title="bbox 474 5400 2126 5461; baseline 0.002 -4"><span class='ocrx_word' id='word_1_737' title='bbox 474 5400 744 5459; x_wconf 86' lang='lat' dir='ltr'><strong>ultronea</strong></span> <span class='ocrx_word' id='word_1_738' title='bbox 770 5402 952 5459; x_wconf 88' lang='lat' dir='ltr'><strong>animi</strong></span> <span class='ocrx_word' id='word_1_739' title='bbox 983 5402 1309 5459; x_wconf 88' lang='lat' dir='ltr'><strong>devotione.</strong></span> <span class='ocrx_word' id='word_1_740' title='bbox 1340 5406 1488 5460; x_wconf 86' lang='lat' dir='ltr'><strong>Nam</strong></span> <span class='ocrx_word' id='word_1_741' title='bbox 1521 5402 1855 5460; x_wconf 89' lang='lat' dir='ltr'><strong>admirabili</strong></span> <span class='ocrx_word' id='word_1_742' title='bbox 1897 5401 2019 5459; x_wconf 82' lang='lat' dir='ltr'><strong>zelo</strong></span> <span class='ocrx_word' id='word_1_743' title='bbox 2059 5417 2126 5461; x_wconf 88' lang='lat' dir='ltr'><strong>ac</strong></span> 
     </span>
    </p>
   </div>
   <div class='ocr_carea' id='block_1_106' title="bbox 476 5492 2125 5567">
    <p class='ocr_par' dir='ltr' id='par_1_106' title="bbox 476 5492 2125 5567">
     <span class='ocr_line' id='line_1_106' title="bbox 476 5492 2125 5567; baseline 0.001 -19"><span class='ocrx_word' id='word_1_744' title='bbox 476 5492 771 5549; x_wconf 82' lang='lat' dir='ltr'><strong>desiderio</strong></span> <span class='ocrx_word' id='word_1_745' title='bbox 834 5493 1223 5565; x_wconf 72' lang='lat' dir='ltr'><strong>percipienda:</strong></span> <span class='ocrx_word' id='word_1_746' title='bbox 1293 5494 1594 5567; x_wconf 65' lang='lat' dir='ltr'><strong>sapientia</strong></span> <span class='ocrx_word' id='word_1_747' title='bbox 1662 5493 2125 5567; x_wconf 68' lang='lat' dir='ltr'><strong>praegestientes,</strong></span> 
     </span>
    </p>
   </div>
   <div class='ocr_carea' id='block_1_107' title="bbox 477 5582 2126 5655">
    <p class='ocr_par' dir='ltr' id='par_1_107' title="bbox 477 5582 2126 5655">
     <span class='ocr_line' id='line_1_107' title="bbox 477 5582 2126 5655; baseline 0 -17"><span class='ocrx_word' id='word_1_748' title='bbox 477 5598 656 5653; x_wconf 85' lang='lat' dir='ltr'><strong>quam</strong></span> <span class='ocrx_word' id='word_1_749' title='bbox 687 5585 752 5637; x_wconf 91' lang='lat' dir='ltr'><strong>ut</strong></span> <span class='ocrx_word' id='word_1_750' title='bbox 782 5582 925 5639; x_wconf 87' lang='lat' dir='ltr'><strong>viris</strong></span> <span class='ocrx_word' id='word_1_751' title='bbox 953 5586 1344 5652; x_wconf 84' lang='lat' dir='ltr'><strong>conviverent,</strong></span> <span class='ocrx_word' id='word_1_752' title='bbox 1379 5582 1599 5640; x_wconf 87' lang='lat' dir='ltr'><strong>nullam</strong></span> <span class='ocrx_word' id='word_1_753' title='bbox 1654 5600 1895 5655; x_wconf 87' lang='lat' dir='ltr'><strong>prorsus</strong></span> <span class='ocrx_word' id='word_1_754' title='bbox 1944 5583 2126 5639; x_wconf 90' lang='lat' dir='ltr'><strong>iniere</strong></span> 
     </span>
    </p>
   </div>
   <div class='ocr_carea' id='block_1_108' title="bbox 478 5669 2126 5745">
    <p class='ocr_par' dir='ltr' id='par_1_108' title="bbox 478 5669 2126 5745">
     <span class='ocr_line' id='line_1_108' title="bbox 478 5669 2126 5745; baseline 0.002 -18"><span class='ocrx_word' id='word_1_755' title='bbox 478 5669 764 5727; x_wconf 86' lang='lat' dir='ltr'><strong>rationem</strong></span> <span class='ocrx_word' id='word_1_756' title='bbox 799 5687 1088 5744; x_wconf 69' lang='lat' dir='ltr'><strong>corporea:</strong></span> <span class='ocrx_word' id='word_1_757' title='bbox 1118 5672 1468 5745; x_wconf 86' lang='lat' dir='ltr'><strong>voluptatis;</strong></span> <span class='ocrx_word' id='word_1_758' title='bbox 1507 5678 1570 5728; x_wconf 91' lang='lat' dir='ltr'><strong>ut</strong></span> <span class='ocrx_word' id='word_1_759' title='bbox 1599 5688 1728 5744; x_wconf 67' lang='lat' dir='ltr'><strong>quae</strong></span> <span class='ocrx_word' id='word_1_760' title='bbox 1759 5672 1989 5731; x_wconf 85' lang='lat' dir='ltr'><strong>avidius</strong></span> <span class='ocrx_word' id='word_1_761' title='bbox 2036 5688 2126 5730; x_wconf 79' lang='lat' dir='ltr'><strong>ex-</strong></span> 
     </span>
    </p>
   </div>
   <div class='ocr_carea' id='block_1_109' title="bbox 480 5759 2124 5833">
    <p class='ocr_par' dir='ltr' id='par_1_109' title="bbox 480 5759 2124 5833">
     <span class='ocr_line' id='line_1_109' title="bbox 480 5759 2124 5833; baseline 0.002 -17"><span class='ocrx_word' id='word_1_762' title='bbox 480 5759 794 5831; x_wconf 83' lang='lat' dir='ltr'><strong>petiverint</strong></span> <span class='ocrx_word' id='word_1_763' title='bbox 823 5762 1225 5833; x_wconf 85' lang='lat' dir='ltr'><strong>posteritatem</strong></span> <span class='ocrx_word' id='word_1_764' title='bbox 1261 5762 1374 5818; x_wconf 92' lang='lat' dir='ltr'><strong>sibi</strong></span> <span class='ocrx_word' id='word_1_765' title='bbox 1426 5760 1676 5833; x_wconf 86' lang='lat' dir='ltr'><strong>relinqui</strong></span> <span class='ocrx_word' id='word_1_766' title='bbox 1726 5779 1840 5820; x_wconf 89' lang='lat' dir='ltr'><strong>non</strong></span> <span class='ocrx_word' id='word_1_767' title='bbox 1886 5761 2124 5832; x_wconf 85' lang='lat' dir='ltr'><strong>quidem</strong></span> 
     </span>
    </p>
   </div>
   <div class='ocr_carea' id='block_1_110' title="bbox 2218 4769 3893 4850">
    <p class='ocr_par' dir='ltr' id='par_1_110' title="bbox 2218 4769 3893 4850">
     <span class='ocr_line' id='line_1_110' title="bbox 2218 4769 3893 4850; baseline 0.005 -27"><span class='ocrx_word' id='word_1_768' title='bbox 2218 4790 2390 4845; x_wconf 67' lang='lat' dir='ltr'><strong>,p&#39;qo&#39;tq</strong></span> <span class='ocrx_word' id='word_1_769' title='bbox 2451 4769 2727 4846; x_wconf 85' lang='grc' dir='ltr'>γνώσεως.</span> <span class='ocrx_word' id='word_1_770' title='bbox 2787 4772 2885 4831; x_wconf 84' lang='grc' dir='ltr'>Καὶ</span> <span class='ocrx_word' id='word_1_771' title='bbox 2944 4772 3056 4829; x_wconf 71' lang='grc' dir='ltr'>ἰπεὶ</span> <span class='ocrx_word' id='word_1_772' title='bbox 3116 4775 3153 4846; x_wconf 79' lang='grc' dir='ltr'><strong>ἡ</strong></span> <span class='ocrx_word' id='word_1_773' title='bbox 3206 4772 3440 4833; x_wconf 84' lang='grc' dir='ltr'>ἀπουσία</span> <span class='ocrx_word' id='word_1_774' title='bbox 3487 4775 3585 4844; x_wconf 81' lang='grc' dir='ltr'><strong>τῆς</strong></span> <span class='ocrx_word' id='word_1_775' title='bbox 3627 4775 3893 4850; x_wconf 85' lang='grc' dir='ltr'>γνώσεως</span> 
     </span>
    </p>
   </div>
   <div class='ocr_carea' id='block_1_111' title="bbox 2233 4858 3890 4937">
    <p class='ocr_par' dir='ltr' id='par_1_111' title="bbox 2233 4858 3890 4937">
     <span class='ocr_line' id='line_1_111' title="bbox 2233 4858 3890 4937; baseline 0.002 -23"><span class='ocrx_word' id='word_1_776' title='bbox 2233 4858 2649 4937; x_wconf 83' lang='grc' dir='ltr'>παρυφίσταται,</span> <span class='ocrx_word' id='word_1_777' title='bbox 2693 4862 2793 4931; x_wconf 77' lang='grc' dir='ltr'>τὴν</span> <span class='ocrx_word' id='word_1_778' title='bbox 2853 4861 3117 4937; x_wconf 82' lang='grc' dir='ltr'>ἀγνωσίαν</span> <span class='ocrx_word' id='word_1_779' title='bbox 3161 4868 3345 4934; x_wconf 85' lang='grc' dir='ltr'>ποιεῖ,</span> <span class='ocrx_word' id='word_1_780' title='bbox 3396 4864 3471 4928; x_wconf 80' lang='grc' dir='ltr'>ὡς</span> <span class='ocrx_word' id='word_1_781' title='bbox 3511 4861 3574 4919; x_wconf 77' lang='grc' dir='ltr'>τὰ</span> <span class='ocrx_word' id='word_1_782' title='bbox 3619 4862 3817 4925; x_wconf 87' lang='grc' dir='ltr'>σκότος</span> <span class='ocrx_word' id='word_1_783' title='bbox 3852 4866 3890 4932; x_wconf 77' lang='grc' dir='ltr'><strong>ἡ</strong></span> 
     </span>
    </p>
   </div>
   <div class='ocr_carea' id='block_1_112' title="bbox 2230 4958 3893 5037">
    <p class='ocr_par' dir='ltr' id='par_1_112' title="bbox 2230 4958 3893 5037">
     <span class='ocr_line' id='line_1_112' title="bbox 2230 4958 3893 5037; baseline 0.002 -23"><span class='ocrx_word' id='word_1_784' title='bbox 2230 4961 2327 5014; x_wconf 88' lang='grc' dir='ltr'><strong>τοῦ</strong></span> <span class='ocrx_word' id='word_1_785' title='bbox 2357 4959 2535 5033; x_wconf 84' lang='grc' dir='ltr'>φωτὸς</span> <span class='ocrx_word' id='word_1_786' title='bbox 2581 4960 2958 5037; x_wconf 73' lang='grc' dir='ltr'>ὑποχώρησιςο</span> <span class='ocrx_word' id='word_1_787' title='bbox 2998 4958 3210 5025; x_wconf 81' lang='grc' dir='ltr'>πάντως</span> <span class='ocrx_word' id='word_1_788' title='bbox 3257 4959 3349 5017; x_wconf 86' lang='grc' dir='ltr'><strong>καὶ</strong></span> <span class='ocrx_word' id='word_1_789' title='bbox 3396 4962 3433 5031; x_wconf 76' lang='grc' dir='ltr'><strong>ἡ</strong></span> <span class='ocrx_word' id='word_1_790' title='bbox 3485 4960 3757 5037; x_wconf 80' lang='grc' dir='ltr'>παρουσία</span> <span class='ocrx_word' id='word_1_791' title='bbox 3781 4967 3893 5031; x_wconf 83' lang='grc' dir='ltr'>τῆς</span> 
     </span>
    </p>
   </div>
   <div class='ocr_carea' id='block_1_113' title="bbox 2231 5045 3889 5126">
    <p class='ocr_par' dir='ltr' id='par_1_113' title="bbox 2231 5045 3889 5126">
     <span class='ocr_line' id='line_1_113' title="bbox 2231 5045 3889 5126; baseline 0.002 -25"><span class='ocrx_word' id='word_1_792' title='bbox 2231 5047 2481 5123; x_wconf 87' lang='grc' dir='ltr'>γνώσεως</span> <span class='ocrx_word' id='word_1_793' title='bbox 2539 5045 2749 5105; x_wconf 83' lang='grc' dir='ltr'>διαλύει</span> <span class='ocrx_word' id='word_1_794' title='bbox 2821 5049 2920 5117; x_wconf 80' lang='grc' dir='ltr'>τὴν</span> <span class='ocrx_word' id='word_1_795' title='bbox 2978 5048 3238 5126; x_wconf 81' lang='grc' dir='ltr'>ἀγνωσίαν</span> <span class='ocrx_word' id='word_1_796' title='bbox 3273 5067 3289 5085; x_wconf 78' lang='grc' dir='ltr'><strong><em>ο</em></strong></span> <span class='ocrx_word' id='word_1_797' title='bbox 3346 5047 3436 5107; x_wconf 83' lang='grc' dir='ltr'><strong>καὶ</strong></span> <span class='ocrx_word' id='word_1_798' title='bbox 3493 5048 3608 5121; x_wconf 73' lang='grc' dir='ltr'><strong>ὅσῳ</strong></span> <span class='ocrx_word' id='word_1_799' title='bbox 3662 5046 3889 5123; x_wconf 78' lang='grc' dir='ltr'>μᾶλλον</span> 
     </span>
    </p>
   </div>
   <div class='ocr_carea' id='block_1_114' title="bbox 2232 5135 3887 5218">
    <p class='ocr_par' dir='ltr' id='par_1_114' title="bbox 2232 5135 3887 5218">
     <span class='ocr_line' id='line_1_114' title="bbox 2232 5135 3887 5218; baseline 0 -26"><span class='ocrx_word' id='word_1_800' title='bbox 2232 5136 2399 5192; x_wconf 81' lang='grc' dir='ltr'>πλέον</span> <span class='ocrx_word' id='word_1_801' title='bbox 2448 5138 2512 5193; x_wconf 88' lang='grc' dir='ltr'>τὸ</span> <span class='ocrx_word' id='word_1_802' title='bbox 2556 5141 2689 5216; x_wconf 77' lang='grc' dir='ltr'>φῶς,</span> <span class='ocrx_word' id='word_1_803' title='bbox 2739 5135 2986 5211; x_wconf 83' lang='grc' dir='ltr'>τοσούτῳ</span> <span class='ocrx_word' id='word_1_804' title='bbox 3030 5139 3094 5194; x_wconf 89' lang='grc' dir='ltr'>τὸ</span> <span class='ocrx_word' id='word_1_805' title='bbox 3146 5137 3338 5202; x_wconf 87' lang='grc' dir='ltr'>σκότος</span> <span class='ocrx_word' id='word_1_806' title='bbox 3392 5138 3731 5218; x_wconf 81' lang='grc' dir='ltr'>ἀφανίζεται·</span> <span class='ocrx_word' id='word_1_807' title='bbox 3790 5140 3887 5194; x_wconf 84' lang='grc' dir='ltr'><strong>καὶ</strong></span> 
     </span>
    </p>
   </div>
   <div class='ocr_carea' id='block_1_115' title="bbox 2235 5224 3893 5304">
    <p class='ocr_par' dir='ltr' id='par_1_115' title="bbox 2235 5224 3893 5304">
     <span class='ocr_line' id='line_1_115' title="bbox 2235 5224 3893 5304; baseline 0.001 -23"><span class='ocrx_word' id='word_1_808' title='bbox 2235 5226 2359 5282; x_wconf 76' lang='grc' dir='ltr'>ὅσον</span> <span class='ocrx_word' id='word_1_809' title='bbox 2411 5224 2635 5290; x_wconf 86' lang='grc' dir='ltr'>πλείους</span> <span class='ocrx_word' id='word_1_810' title='bbox 2664 5227 2719 5283; x_wconf 77' lang='grc' dir='ltr'>αἱ</span> <span class='ocrx_word' id='word_1_811' title='bbox 2764 5228 3014 5301; x_wconf 85' lang='grc' dir='ltr'>γνώσεις,</span> <span class='ocrx_word' id='word_1_812' title='bbox 3043 5230 3299 5286; x_wconf 78' lang='grc' dir='ltr'>τοσοῦτον</span> <span class='ocrx_word' id='word_1_813' title='bbox 3346 5230 3381 5298; x_wconf 80' lang='grc' dir='ltr'><strong>ἡ</strong></span> <span class='ocrx_word' id='word_1_814' title='bbox 3412 5226 3654 5303; x_wconf 83' lang='grc' dir='ltr'>ἀγνωσία</span> <span class='ocrx_word' id='word_1_815' title='bbox 3692 5228 3893 5304; x_wconf 81' lang='grc' dir='ltr'>ἀφανί-</span> 
     </span>
    </p>
   </div>
   <div class='ocr_carea' id='block_1_116' title="bbox 2236 5312 3896 5390">
    <p class='ocr_par' dir='ltr' id='par_1_116' title="bbox 2236 5312 3896 5390">
     <span class='ocr_line' id='line_1_116' title="bbox 2236 5312 3896 5390; baseline 0 -21"><span class='ocrx_word' id='word_1_816' title='bbox 2236 5318 2400 5383; x_wconf 84' lang='grc' dir='ltr'>ζεται.</span> <span class='ocrx_word' id='word_1_817' title='bbox 2434 5313 2533 5369; x_wconf 75' lang='grc' dir='ltr'>Καὶ</span> <span class='ocrx_word' id='word_1_818' title='bbox 2566 5315 2685 5389; x_wconf 79' lang='grc' dir='ltr'>ὅρα,</span> <span class='ocrx_word' id='word_1_819' title='bbox 2718 5313 2807 5370; x_wconf 79' lang='grc' dir='ltr'><strong>ὅοι</strong></span> <span class='ocrx_word' id='word_1_820' title='bbox 2853 5312 3042 5371; x_wconf 84' lang='grc' dir='ltr'>πολλά</span> <span class='ocrx_word' id='word_1_821' title='bbox 3086 5318 3243 5390; x_wconf 75' lang='grc' dir='ltr'>φῶτα</span> <span class='ocrx_word' id='word_1_822' title='bbox 3291 5313 3390 5371; x_wconf 78' lang='grc' dir='ltr'>οὐκ</span> <span class='ocrx_word' id='word_1_823' title='bbox 3435 5316 3576 5384; x_wconf 75' lang='grc' dir='ltr'>εἷπε,</span> <span class='ocrx_word' id='word_1_824' title='bbox 3624 5312 3774 5372; x_wconf 77' lang='grc' dir='ltr'>πολὺ</span> <span class='ocrx_word' id='word_1_825' title='bbox 3832 5312 3896 5371; x_wconf 76' lang='grc' dir='ltr'>δὶ</span> 
     </span>
    </p>
   </div>
   <div class='ocr_carea' id='block_1_117' title="bbox 2234 5401 3898 5480">
    <p class='ocr_par' dir='ltr' id='par_1_117' title="bbox 2234 5401 3898 5480">
     <span class='ocr_line' id='line_1_117' title="bbox 2234 5401 3898 5480; baseline 0 -23"><span class='ocrx_word' id='word_1_826' title='bbox 2234 5406 2370 5479; x_wconf 79' lang='grc' dir='ltr'>φῶς·</span> <span class='ocrx_word' id='word_1_827' title='bbox 2400 5401 2456 5456; x_wconf 84' lang='grc' dir='ltr'><strong>’ἐν</strong></span> <span class='ocrx_word' id='word_1_828' title='bbox 2502 5404 2605 5477; x_wconf 81' lang='grc' dir='ltr'><strong>γὰρ</strong></span> <span class='ocrx_word' id='word_1_829' title='bbox 2646 5403 2707 5459; x_wconf 83' lang='grc' dir='ltr'>τὸ</span> <span class='ocrx_word' id='word_1_830' title='bbox 2758 5406 2899 5480; x_wconf 81' lang='grc' dir='ltr'>φῶς,</span> <span class='ocrx_word' id='word_1_831' title='bbox 2942 5401 3048 5461; x_wconf 76' lang='grc' dir='ltr'>εἴτε</span> <span class='ocrx_word' id='word_1_832' title='bbox 3097 5402 3379 5478; x_wconf 72' lang='grc' dir='ltr'>ἀνιέμενον</span> <span class='ocrx_word' id='word_1_833' title='bbox 3425 5401 3533 5460; x_wconf 74' lang='grc' dir='ltr'>εἴτε</span> <span class='ocrx_word' id='word_1_834' title='bbox 3581 5402 3898 5477; x_wconf 67' lang='grc' dir='ltr'>ἐκτεινόμε-</span> 
     </span>
    </p>
   </div>
   <div class='ocr_carea' id='block_1_118' title="bbox 2233 5489 3896 5567">
    <p class='ocr_par' dir='ltr' id='par_1_118' title="bbox 2233 5489 3896 5567">
     <span class='ocr_line' id='line_1_118' title="bbox 2233 5489 3896 5567; baseline -0.001 -21"><span class='ocrx_word' id='word_1_835' title='bbox 2233 5511 2345 5548; x_wconf 90' lang='grc' dir='ltr'>νον.</span> <span class='ocrx_word' id='word_1_836' title='bbox 2376 5490 2473 5545; x_wconf 82' lang='grc' dir='ltr'>Καὶ</span> <span class='ocrx_word' id='word_1_837' title='bbox 2506 5489 2696 5559; x_wconf 85' lang='grc' dir='ltr'>πάλιν,</span> <span class='ocrx_word' id='word_1_838' title='bbox 2726 5490 2947 5561; x_wconf 81' lang='grc' dir='ltr'>πολλὴν</span> <span class='ocrx_word' id='word_1_839' title='bbox 3000 5491 3094 5565; x_wconf 73' lang='grc' dir='ltr'>μὶν</span> <span class='ocrx_word' id='word_1_840' title='bbox 3123 5497 3324 5567; x_wconf 77' lang='grc' dir='ltr'>γνῶσιν</span> <span class='ocrx_word' id='word_1_841' title='bbox 3370 5491 3469 5549; x_wconf 78' lang='grc' dir='ltr'>οὐκ</span> <span class='ocrx_word' id='word_1_842' title='bbox 3499 5493 3633 5563; x_wconf 74' lang='grc' dir='ltr'>εἶπε,</span> <span class='ocrx_word' id='word_1_843' title='bbox 3666 5489 3896 5554; x_wconf 77' lang='grc' dir='ltr'>πολλὰς</span> 
     </span>
    </p>
   </div>
   <div class='ocr_carea' id='block_1_119' title="bbox 2235 5577 3893 5657">
    <p class='ocr_par' dir='ltr' id='par_1_119' title="bbox 2235 5577 3893 5657">
     <span class='ocr_line' id='line_1_119' title="bbox 2235 5577 3893 5657; baseline 0.001 -23"><span class='ocrx_word' id='word_1_844' title='bbox 2235 5577 2292 5634; x_wconf 66' lang='grc' dir='ltr'>δὲ</span> <span class='ocrx_word' id='word_1_845' title='bbox 2347 5580 2573 5655; x_wconf 86' lang='grc' dir='ltr'>γνώσεις</span> <span class='ocrx_word' id='word_1_846' title='bbox 2632 5579 2817 5636; x_wconf 76' lang='grc' dir='ltr'>εἶπενο</span> <span class='ocrx_word' id='word_1_847' title='bbox 2877 5578 3064 5650; x_wconf 77' lang='grc' dir='ltr'>ἐπειδὴ</span> <span class='ocrx_word' id='word_1_848' title='bbox 3122 5582 3222 5657; x_wconf 71' lang='grc' dir='ltr'><strong>γὰρ</strong></span> <span class='ocrx_word' id='word_1_849' title='bbox 3278 5584 3314 5651; x_wconf 72' lang='grc' dir='ltr'><strong>ἡ</strong></span> <span class='ocrx_word' id='word_1_850' title='bbox 3368 5586 3568 5657; x_wconf 81' lang='grc' dir='ltr'>γνῶσις</span> <span class='ocrx_word' id='word_1_851' title='bbox 3620 5585 3893 5656; x_wconf 77' lang='grc' dir='ltr'>γνωστῶν</span> 
     </span>
    </p>
   </div>
   <div class='ocr_carea' id='block_1_120' title="bbox 2232 5666 3896 5746">
    <p class='ocr_par' dir='ltr' id='par_1_120' title="bbox 2232 5666 3896 5746">
     <span class='ocr_line' id='line_1_120' title="bbox 2232 5666 3896 5746; baseline 0.001 -24"><span class='ocrx_word' id='word_1_852' title='bbox 2232 5672 2453 5744; x_wconf 75' lang='grc' dir='ltr'>γνῶσις,</span> <span class='ocrx_word' id='word_1_853' title='bbox 2479 5670 2546 5725; x_wconf 74' lang='grc' dir='ltr'><strong>τὰ</strong></span> <span class='ocrx_word' id='word_1_854' title='bbox 2594 5666 2652 5725; x_wconf 66' lang='grc' dir='ltr'>δὲ</span> <span class='ocrx_word' id='word_1_855' title='bbox 2702 5672 2916 5745; x_wconf 85' lang='grc' dir='ltr'>γνωστά</span> <span class='ocrx_word' id='word_1_856' title='bbox 2960 5668 3148 5730; x_wconf 78' lang='grc' dir='ltr'>πολλὰ</span> <span class='ocrx_word' id='word_1_857' title='bbox 3190 5671 3282 5729; x_wconf 81' lang='grc' dir='ltr'><strong>καὶ</strong></span> <span class='ocrx_word' id='word_1_858' title='bbox 3312 5668 3529 5744; x_wconf 79' lang='grc' dir='ltr'>ἄπειρα,</span> <span class='ocrx_word' id='word_1_859' title='bbox 3559 5668 3662 5746; x_wconf 71' lang='grc' dir='ltr'>ἄρα</span> <span class='ocrx_word' id='word_1_860' title='bbox 3701 5670 3797 5725; x_wconf 80' lang='grc' dir='ltr'><strong>καὶ</strong></span> <span class='ocrx_word' id='word_1_861' title='bbox 3832 5672 3896 5726; x_wconf 78' lang='grc' dir='ltr'>αἱ</span> 
     </span>
    </p>
   </div>
   <div class='ocr_carea' id='block_1_121' title="bbox 2234 5756 3901 5837">
    <p class='ocr_par' dir='ltr' id='par_1_121' title="bbox 2234 5756 3901 5837">
     <span class='ocr_line' id='line_1_121' title="bbox 2234 5756 3901 5837; baseline 0.001 -24"><span class='ocrx_word' id='word_1_862' title='bbox 2234 5758 2463 5833; x_wconf 85' lang='grc' dir='ltr'>γνώσεις</span> <span class='ocrx_word' id='word_1_863' title='bbox 2510 5756 2714 5818; x_wconf 83' lang='grc' dir='ltr'>πολλαὶ</span> <span class='ocrx_word' id='word_1_864' title='bbox 2764 5760 2853 5817; x_wconf 83' lang='grc' dir='ltr'>καὶ</span> <span class='ocrx_word' id='word_1_865' title='bbox 2899 5756 3135 5837; x_wconf 73' lang='grc' dir='ltr'>ἄπειροι.</span> <span class='ocrx_word' id='word_1_866' title='bbox 3169 5757 3396 5830; x_wconf 74' lang='grc' dir='ltr'>Ιιολλήν</span> <span class='ocrx_word' id='word_1_867' title='bbox 3444 5756 3502 5816; x_wconf 63' lang='grc' dir='ltr'>δὲ</span> <span class='ocrx_word' id='word_1_868' title='bbox 3548 5763 3742 5834; x_wconf 81' lang='grc' dir='ltr'>γνῶσιν</span> <span class='ocrx_word' id='word_1_869' title='bbox 3780 5759 3901 5815; x_wconf 73' lang='grc' dir='ltr'>οὐκ</span> 
     </span>
    </p>
   </div>
  </div>
