4062 6366
247 426 348 482 437

1056 432 1517 489 ΡΑΟΗῪΜΕΒΛΕ
1556 435 2059 492 PARAPHRASIS
2096 437 2170 490 IN
2210 437 2369 490 EPP.
2410 438 2468 491 S.
2510 438 2843 495 DIONYSII.

3560 445 3665 500 438

252 552 411 621 εἶπεν,
467 547 662 636 ἐπειδὴ
728 548 962 625 μεσότης
1030 550 1172 607 ἑστὶν
1229 555 1264 624 ἡ
1322 558 1542 627 γνῶσις,
1598 555 1689 610 καὶ
1773 557 1895 630 παρ’

2014 557 2187 612 morti
2220 558 2555 629 obnoxiam,
2580 562 2682 615 sed
2717 561 3315 636 immortalem,quam
3350 566 3475 621 sola
3504 583 3571 623 ex
3603 586 3665 626 se

253 641 475 715 ἑκάτερα
529 635 647 717 ἔχει
709 643 782 703 ὼς
840 642 1033 706 κακίας
1087 643 1187 711 τήν
1244 642 1533 699 ἄνεσινκαὶ
1561 647 1659 714 τὴν
1723 644 1901 700 ἐπίτα-

256 751 333 786 σιν
354 732 430 804 (7)
460 752 473 766 ο
504 728 649 794 ἔνθεν
696 731 791 805 μὲν
832 732 932 800 τὴν
983 728 1226 806 ἄγνοιαν,
1259 732 1457 789 ἐκεῖθεν
1510 731 1567 789 δε
1604 735 1702 803 τήν
1746 733 1902 810 περί·-

254 840 426 893 νοιαν,
460 820 496 891 ἢ
531 817 600 891 δὴ
631 840 722 875 και
752 819 941 891 πολλή
973 826 1177 896 γνῶσις
1204 819 1403 898 λέγοιτ’
1428 821 1486 878 ἅν
1524 826 1619 897 (8).
1654 826 1741 887 Ὡς
1778 828 1905 898 γοῦν

256 911 308 966 αἱ
334 908 545 966 πολλαὶ
575 910 802 984 γνώσεις
835 909 909 973 ὡς
954 910 1249 983 μεσότητες
1297 914 1397 981 τὴν
1450 912 1710 990 φρόνησιν
1763 934 1903 968 συνιο

256 1004 475 1072 στῶσιν³
510 996 685 1063 οὕτως
714 1000 768 1053 αἱ
798 996 1006 1055 πολλαὶ
1036 994 1251 1074 ἄγνοιαι
1303 1002 1401 1069 τήν
1461 1001 1691 1078 μωρίαν,
1722 1002 1811 1057 καὶ
1850 1002 1902 1056 αἱ

254 1088 462 1146 πολλαὶ
493 1087 760 1163 περίνοιαι
802 1089 911 1157 τὴν
956 1089 1222 1165 πονηρίαν
1257 1092 1356 1162 (9).
1391 1092 1485 1161 Μὴ
1538 1095 1698 1147 τοῦτο
1746 1095 1900 1167 γοῦν,

254 1177 405 1257 φησὶ,
438 1178 575 1234 κατά
600 1176 695 1240 τὰς
746 1176 931 1240 κοινὰς
980 1177 1185 1241 ἐννοίας
1251 1176 1550 1255 ὑπολάϐῃς,
1584 1180 1688 1253 ὅτι,
1717 1180 1898 1257 ὥσπερ

252 1269 313 1323 τὸ
343 1268 538 1329 σκότος
570 1267 754 1324 λύεται
787 1268 949 1344 φωτὶ,
981 1269 1068 1323 καὶ
1106 1265 1346 1341 μάλιστα
1372 1268 1572 1343 πολλῷ
1604 1290 1615 1303 ·
1649 1272 1684 1339 ἢ
1719 1269 1898 1347 ὥσπερ

253 1359 287 1427 ἠ
348 1356 611 1432 ἀγνωσία,
660 1356 785 1426 ἥτις
841 1357 931 1411 καὶ
989 1356 1124 1426 αὐτὴ
1186 1358 1379 1422 σκότος
1458 1359 1591 1429 ἐστὶ,
1648 1359 1895 1433 παύεται,

251 1446 504 1520 γνώσεων
550 1445 639 1501 καὶ
692 1447 931 1518 μάλιστα
977 1444 1203 1501 πολλῶν
1259 1446 1693 1522 ἐπιγενομένων·
1751 1448 1896 1505 οὕτω

248 1535 335 1590 καὶ
392 1538 428 1604 ἡ
483 1536 620 1591 κατὰ
666 1536 795 1591 Θεὸν
872 1534 1109 1611 ἀγνωσία
1162 1530 1306 1592 ἔοικε
1351 1539 1421 1609 τῇ
1471 1539 1607 1593 κατά
1660 1537 1893 1610 ἀμαθίαν

247 1622 505 1700 ἀγνωσία,
554 1624 630 1689 ὡς
670 1620 899 1702 ἔφημεν.
931 1626 1092 1685 Ἀλλ’
1127 1626 1238 1701 ὅσῳ
1284 1627 1574 1705 φωτίζεταί
1621 1648 1704 1689 τις
1749 1628 1895 1700 παρά

247 1718 401 1785 Θεοῦ,
425 1712 516 1770 καὶ
548 1712 660 1787 ὅσῳ
687 1736 771 1780 τις
804 1716 1017 1794 συνάγει
1047 1722 1244 1793 γνῶσιν
1276 1722 1383 1772 τῶν
1418 1712 1610 1787 ὄντων,
1648 1716 1894 1772 τουτέστι

243 1804 343 1871 τήν
399 1805 523 1879 περὶ
580 1807 689 1859 τῶν
742 1799 910 1860 ὄντων
962 1804 1052 1862 καί
1102 1810 1329 1883 νοερῶν,
1371 1806 1617 1878 τοσούτῳ
1677 1804 1891 1879 μᾶλλον

247 1889 551 1949 ἀναϐαίνων
610 1894 735 1968 περὶ
789 1896 891 1965 τὴν
948 1900 1147 1972 γνῶσιν
1200 1897 1299 1964 τήν
1332 1897 1455 1970 περὶ
1506 1896 1652 1966 Θεὸν,
1686 1898 1891 1971 γνώσε-
1922 1934 1969 2000 Β

423 1983 439 2000 ε
539 1982 555 2000 ,
706 1981 726 2000 η
797 1984 845 2000 .,
976 1983 1001 2000 ,ι
1150 1987 1164 2000 .
1331 1985 1341 2000 .
1482 1986 1496 2000 .
1674 1986 1688 2000 ι
1746 1993 1771 2000 -
1814 1988 1828 2000 .

246 2001 332 2037 ται
378 1983 479 2052 τὴν
530 1981 935 2058 ἀκαταληψίαν,
966 1983 1091 2054 ἤτοι
1140 1985 1406 2061 ἀγνωσίαν
1438 1986 1536 2055 τήν
1568 1986 1690 2061 περὶ
1739 1988 1891 2059 Θεὸν,

250 2075 366 2148 φῶς
418 2072 550 2127 εἶναι
609 2073 697 2127 καὶ
753 2077 951 2148 γνῶσιν
1015 2075 1145 2148 ὑπὲρ
1204 2076 1375 2131 πάντα
1429 2074 1497 2130 τὰ
1541 2075 1844 2150 γνωσθέντα
1876 2095 1890 2113 ο

248 2160 337 2215 καὶ
372 2159 569 2216 λοιπὸν
615 2165 742 2236 σιγῇ
792 2168 928 2235 τιμᾷ
979 2164 1077 2232 τὴν
1117 2163 1240 2237 περὶ
1289 2164 1417 2219 Θεὸν
1474 2164 1718 2241 ἀφασίαν.
1751 2165 1893 2222 Οὐκ-

248 2247 343 2304 οῦν
378 2251 443 2305 οὐ
474 2250 611 2306 κατά
640 2250 889 2327 στέρησιν
922 2253 1176 2328 γνώσεως
1228 2252 1443 2328 λέγεται
1492 2255 1525 2322 ἡ
1575 2255 1698 2327 περὶ
1758 2258 1890 2310 Θεοῦ

244 2339 505 2415 ἀγνωσία,
558 2338 707 2396 ἀλλὰ
757 2342 873 2395 καθ’
937 2343 1221 2419 ὑπεροχήν
1273 2343 1451 2411 πάσης
1487 2343 1756 2418 γνώσεως,
1808 2344 1890 2399 ὅτι

241 2424 379 2503 ἔγνω
411 2448 497 2491 τις
527 2428 590 2484 τὸ
616 2433 747 2485 πᾶσι
779 2429 869 2485 καὶ
936 2431 1109 2503 ἑαυτῷ
1167 2431 1443 2505 ἄγνωστόν
1501 2452 1559 2485 τε
1612 2431 1701 2486 καὶ
1760 2433 1889 2487 ἀκα-

238 2516 545 2589 τάληπτον.
578 2520 761 2577 Ταῦτα
816 2519 906 2575 καὶ
962 2518 1014 2574 ἐν
1063 2524 1144 2593 τῷ
1198 2520 1432 2597 δευτέρῳ
1472 2520 1753 2598 κεφαλαίῳ
1794 2526 1890 2577 τοῦ

2012 647 2181 702 cdere
2212 647 2373 704 novit
2403 650 2755 721 anima,qua2
2788 667 2848 707 se
2880 653 3203 723 gratiosam
3238 656 3495 712 reddidit
3522 655 3660 724 Deo,

2012 740 2186 807 atque
2219 736 2555 793 amabilem.
2590 740 2748 795 Idem
2784 757 2991 796 rursus
3025 760 3037 796 :
3074 743 3319 800 Proinde
3358 746 3429 801 ab
3479 746 3552 803 iis
3600 747 3661 803 in

2011 842 2208 880 sacras
2239 826 2459 882 litteras
2492 829 3017 886 commentationes
3049 832 3308 888 eduntur
3336 835 3664 906 ﬁgurativis

2012 914 2307 986 allegoriis
2327 916 2926 987 adopertze.Universa
2947 919 3237 991 siquidem
3262 924 3485 980 sanetio
3514 925 3661 997 legis

2012 1021 2125 1060 non
2158 1004 2447 1061 absimilis
2478 1022 2606 1062 esse
2636 1007 2765 1063 istis
2799 1014 3073 1065 censetur
3102 1009 3361 1082 cuipiam
3394 1014 3658 1081 animali,

2010 1092 2164 1163 quod
2196 1092 2454 1164 corporis
2485 1092 2607 1148 vico
2640 1094 2849 1150 habeat
2880 1095 3215 1152 sanctiones
3248 1099 3448 1169 positae
3476 1100 3656 1172 legis;

2009 1182 2266 1237 animam
2298 1185 2491 1237 autem
2526 1183 2987 1255 interpretantur
3018 1185 3369 1242 invisibilem
3395 1205 3657 1259 sensum,

2008 1271 2118 1325 sub
2140 1270 2438 1325 involucro
2462 1271 2784 1329 dictionum
2809 1274 2930 1329 sive
2953 1274 3156 1331 litteras
3188 1276 3482 1334 introrsus
3515 1278 3659 1334 deli-

2004 1363 2538 1431 tescentem,quem
2574 1361 2674 1416 ubi
2707 1362 2962 1432 primum
2997 1365 3172 1436 coepit
3201 1382 3480 1438 generose
3510 1369 3657 1423 emi-

2006 1453 2326 1520 nenterque
2356 1450 2738 1522 contemplari
2770 1452 3046 1509 familiari
3078 1456 3335 1525 quadam
3360 1460 3415 1511 et
3435 1458 3545 1512 sibi
3569 1474 3658 1513 co-

2005 1542 2180 1611 gnata
2212 1539 2371 1606 luce;
2406 1540 2646 1609 perinde
2676 1543 2785 1605 est,
2820 1558 2885 1595 ac
2916 1542 2967 1596 si
3009 1543 3330 1614 perspiciat
3378 1546 3653 1602 eximiam

2002 1625 2193 1698 ipsam
2227 1628 2650 1683 sententiarum
2676 1628 3173 1700 pulchritudinem
3196 1649 3324 1689 sese
3348 1650 3450 1705 per
3470 1636 3658 1691 nomi-

2003 1732 2145 1772 num
2158 1716 2335 1772 veluti
2352 1717 2658 1788 speculum
2674 1724 3214 1790 repraesentantem.
3232 1725 3300 1777 Et
3314 1723 3399 1777 ha
3415 1724 3651 1795 quidem

2002 1820 2071 1861 ex
2098 1805 2362 1873 Philone,
2387 1823 2518 1878 qum
2546 1807 2616 1863 de
2649 1807 3010 1880 therapeutis
3039 1810 3258 1882 scripto
3292 1813 3567 1884 prodidit,
3591 1814 3651 1869 in

2001 1893 2218 1966 quibus
2249 1912 2406 1951 unus
2428 1895 2524 1952 hic
2546 1894 2721 1954 Caius
2752 1902 3096 1953 numeratur
3124 1900 3195 1955 ad
3229 1903 3652 1973 quemxepisto-

2002 1984 2117 2041 lam
2134 1988 2481 2055 praesentem
2495 1986 3118 2054 transmittitsanetus,
3138 1988 3340 2046 dicens
3368 2006 3381 2047 :
3406 1993 3649 2057 Quando

2004 2077 2326 2131 secundum
2357 2091 2484 2143 nos,
2510 2077 2761 2132 tenebrae
2795 2076 2933 2147 ipsas
2966 2076 3212 2149 privatio
3240 2081 3506 2150 quaedam
3538 2086 3646 2149 est;

2002 2168 2225 2231 contra,
2256 2163 2376 2231 lux,
2410 2164 2648 2220 habitus
2682 2182 2695 2221 :
2724 2182 3091 2238 consequens
3112 2173 3202 2223 est
3229 2168 3422 2225 lucem
3453 2169 3647 2240 ipsam

2001 2270 2120 2312 non
2138 2269 2481 2311 evanescere
2502 2254 2875 2310 tenebrarum
2903 2255 3179 2328 adventu,
3202 2256 3321 2313 imo
3353 2257 3649 2315 infusione

2000 2343 2149 2399 lucis
2179 2343 2318 2415 ipsa:
2346 2344 2647 2414 disparent
2675 2344 2925 2399 tenebrm
2976 2362 2988 2400 :
3041 2346 3336 2417 siquidem
3385 2348 3652 2403 absentia

1999 2432 2149 2488 lueis
2179 2448 2307 2488 sese
2338 2432 2824 2487 circumfundunt
2852 2434 3147 2504 tenebras;
3191 2452 3305 2490 non
3356 2436 3495 2491 item
3548 2454 3652 2507 per

2001 2520 2331 2577 absentiam
2366 2521 2744 2577 tenebrarum
2796 2522 3061 2577 succedit
3108 2521 3229 2579 lux.
3285 2523 3448 2579 Idem
3497 2524 3652 2580 244

238 2608 367 2682 Περί
400 2606 560 2662 θείων
592 2606 875 2681 ὀνομάτων
910 2605 1145 2684 εθίρηται.

2006 2626 2241 2683 prorsus
2272 2610 2376 2666 tibi
2408 2609 2856 2682 intelligendum
2882 2610 2953 2666 de
2978 2610 3311 2683 ignorantia
3332 2616 3389 2668 et
3411 2613 3657 2669 scientia

234 2697 322 2755 vel
352 2697 710 2769 cognitione.
743 2699 1010 2770 Cognitio
1039 2700 1196 2756 enim
1227 2700 1465 2756 habitus
1500 2704 1610 2767 est,
1642 2699 1889 2769 privatio
1920 2705 2117 2756 autem
2148 2698 2498 2771 cognitionis
2541 2698 2897 2769 ignorantia.
2927 2698 3056 2754 Jam
3106 2701 3343 2771 quando
3392 2702 3659 2757 absentia

233 2786 597 2860 cognitionis
645 2787 836 2859 ipsam
868 2790 1283 2861 quadantenus
1315 2790 1746 2862 ignorationem
1781 2792 2178 2862 repraesentat,
2210 2788 2362 2844 sicut
2394 2792 2451 2844 et
2477 2787 2618 2859 ipsa:
2648 2788 2907 2844 tenebrae
2937 2790 3190 2845 secessio
3222 2790 3374 2846 lueis
3405 2795 3526 2859 est;
3562 2808 3657 2847 se-

234 2878 449 2950 quitur
480 2877 723 2934 omnino
756 2879 1067 2950 prtesentia
1096 2880 1451 2952 cognitionis
1484 2880 1724 2936 dissolvi
1758 2878 2187 2951 ignorantiam;
2220 2882 2560 2949 quantoque
2591 2893 2652 2934 se
2701 2878 2975 2949 copiosus
3024 2878 3123 2934 lux
3170 2880 3437 2949 effundit,
3488 2884 3655 2937 tanto

231 2982 482 3038 pessum
534 2970 676 3023 eunt
724 2968 913 3041 magis
960 2969 1211 3025 tenebras
1260 2974 1318 3026 et
1366 2970 1804 3026 exinaniuntur.
1856 2969 2121 3026 Similem
2170 2968 2230 3023 in
2263 2969 2528 3038 modum,
2559 2984 2676 3038 quo
2709 2967 2946 3023 uberior
2976 2969 3143 3024 adest
3174 2984 3342 3041 seges
3374 2970 3659 3041 cognitio-

233 3071 402 3123 num,
439 3055 551 3112 hoc
584 3057 774 3130 magis
808 3058 1144 3115 exinanitur
1173 3059 1484 3131 ignoratio.
1514 3060 1645 3116 Jam
1679 3059 1824 3116 mihi
1862 3059 2013 3129 vide,
2065 3059 2204 3130 quia
2252 3075 2368 3114 non
2420 3056 2634 3112 multas
2680 3056 2827 3112 dixit
2876 3056 3059 3123 luces,
3109 3058 3211 3113 sed
3260 3057 3510 3116 multam
3560 3058 3659 3114 lu-

230 3162 400 3213 cem;
455 3162 577 3202 una
619 3147 913 3219 siquidem
949 3147 1070 3217 lux,
1104 3148 1227 3205 sive
1257 3167 1319 3206 se
1349 3149 1451 3205 illa
1482 3149 1796 3219 remiserit,
1830 3150 1951 3205 sive
1983 3165 2044 3205 se
2072 3148 2389 3204 intenderit
2419 3146 2630 3202 fusius.
2664 3146 2896 3215 Contra,
2930 3163 3044 3202 non
3076 3147 3328 3203 multam
3360 3147 3652 3220 cognitio-

232 3250 399 3307 nem,
430 3235 537 3291 sed
569 3234 789 3293 multas
818 3236 967 3292 dixit
996 3237 1381 3309 cognitiones.
1432 3239 1578 3295 Nam
1630 3239 1866 3311 quando
1920 3238 2175 3311 cognitio
2225 3240 2314 3292 est
2360 3253 2559 3291 eorum
2613 3252 2739 3307 quae
2791 3236 2842 3289 vi
2892 3236 3284 3307 cognoscitiva
3328 3236 3655 3309 apprehen-

229 3325 484 3396 duntur,
518 3326 830 3396 ﬁejusmodi
883 3332 1079 3383 autem
1126 3327 1209 3382 sic
1261 3328 1450 3383 multa
1482 3332 1639 3399 sunt,
1674 3333 1740 3383 ut
1764 3327 1924 3384 nullo
1956 3330 2175 3399 queant
2205 3324 2611 3382 circumscribi
2641 3326 2756 3380 ﬁne
2789 3340 2801 3381 :
2836 3341 3197 3395 consequens
3228 3326 3405 3381 fuerit
3436 3326 3657 3381 multas

232 3431 361 3471 esse
397 3414 787 3486 cognitiones,
823 3416 941 3472 imo
972 3416 1255 3472 infinitas.
1292 3419 1374 3473 Ad
1406 3418 1528 3473 haec
1568 3418 1914 3490 neutiquam
1966 3418 2110 3473 dixit
2156 3415 2403 3472 multam
2455 3414 2869 3486 cognitionem,
2922 3415 3075 3485 quod
3127 3415 3381 3487 cognitio
3430 3416 3655 3470 medio-

230 3506 417 3562 critas
467 3505 735 3575 quaedam
786 3505 886 3577 sit,
939 3510 1005 3562 ut
1053 3507 1350 3578 utrimque
1400 3507 1612 3563 habent
1657 3512 1940 3581 tanquam
1989 3507 2128 3563 vitia
2176 3505 2585 3561 remissionem
2616 3509 2673 3559 et
2701 3504 3115 3559 intensionem.
3147 3506 3215 3559 Et
3245 3504 3383 3559 hinc
3414 3504 3656 3575 quidem

229 3594 665 3668 ignorantiam,
699 3594 860 3651 illinc
890 3611 1025 3651 vero
1057 3596 1448 3667 dispeseimus
1487 3597 1886 3653 curiositatem
1932 3596 2177 3666 sciendi,
2228 3611 2352 3665 qua
2406 3593 2594 3649 multa
2643 3592 2846 3664 utique
2896 3593 3152 3665 cognitio
3200 3593 3316 3650 dici
3348 3593 3555 3664 possit.
3584 3592 3659 3647 Ut

230 3686 421 3757 igitur
452 3684 658 3740 multae
686 3684 1049 3755 cognitiones
1082 3686 1250 3758 quasi
1280 3686 1717 3742 mediocritates
1749 3703 1927 3742 unam
1961 3685 2327 3741 constituunt
2357 3683 2751 3756 prudentiam,
2794 3683 2879 3738 sic
2926 3682 3260 3753 complures
3306 3682 3657 3754 ignorantia:

233 3773 560 3831 stultitiam
591 3774 829 3846 pariunt
861 3790 1064 3844 unam,
1097 3782 1151 3831 et
1183 3775 1383 3831 multae
1415 3776 1786 3831 curiositates
1814 3775 2136 3831 vafrieiem.
2170 3774 2331 3837 Quod
2363 3774 2542 3844 igitur
2569 3773 2835 3844 praesenti
2865 3771 2990 3827 loco
3018 3772 3247 3827 inducit
3277 3775 3466 3838 Pater,
3517 3787 3655 3843 pro-

228 3864 482 3929 vide,ne
507 3863 678 3933 juxta
708 3878 1082 3919 communem
1114 3864 1567 3936 intelligentiam
1601 3866 1891 3937 acceperis
1923 3863 2679 3929 dictum.Quemadmodnm
2710 3862 2866 3917 enim
2898 3863 3148 3917 tenebrae
3181 3861 3476 3917 infusione
3508 3860 3660 3916 lueis

232 3952 670 4021 dissolvuntur,
704 3952 881 4024 idque
912 3953 1191 4021 maxime,
1216 3953 1266 4008 si
1297 3953 1792 4025 quamplurimem
1824 3952 1972 4008 lueis
2002 3952 2305 4008 emicuerit
2337 3968 2348 4006 :
2385 3952 2673 4021 aut,sicut
2702 3950 3036 4021 ignorantia
3067 3952 3219 4022 (quas
3248 3954 3305 4006 et
3335 3950 3466 4020 ipsa
3497 3954 3657 4004 tene-

232 4041 358 4096 bris
391 4040 682 4096 assimilis
713 4041 824 4113 est)
855 4041 1070 4097 desinit
1099 4057 1228 4097 esse
1254 4042 1506 4097 adventu
1540 4041 1961 4113 cognitionum,
1990 4041 2309 4112 praesertim
2343 4041 2391 4095 si
2423 4039 2722 4096 cumulate
2752 4039 3079 4107 inaruerint
3101 4055 3115 4092 ι
3141 4039 3211 4092 ad
3244 4054 3379 4093 eum
3413 4038 3655 4092 modum

236 4146 367 4202 quae
401 4129 733 4186 secundum
765 4130 951 4185 Deum
983 4134 1074 4186 est
1102 4130 1413 4203 ignoratio,
1442 4132 1493 4186 ei
1526 4133 1755 4187 videtur
1782 4148 1898 4187 non
1932 4130 2261 4197 dissimilis,
2297 4137 2355 4185 ut
2380 4131 2505 4200 jam
2540 4128 2760 4183 dictum
2794 4127 2964 4182 nobis
2995 4131 3106 4193 est,
3138 4142 3263 4196 quze
3295 4143 3398 4197 per
3426 4126 3660 4197 imperi-

231 4221 376 4275 tiam
413 4224 589 4289 atque
620 4219 937 4274 ruditatem
972 4219 1086 4275 dici
1117 4219 1266 4276 solet
1297 4221 1649 4292 ignorantia.
1683 4221 1968 4276 Caeterum
2001 4224 2216 4291 quanto
2249 4219 2378 4288 quis
2400 4236 2430 4272 a
2455 4220 2564 4273 Deo
2588 4216 2923 4270 illustratur
2944 4214 3262 4286 cepiosius,
3296 4215 3660 4270 uberiorem-

235 4328 352 4385 que
385 4309 502 4366 sibi
536 4307 807 4365 conciliat
832 4323 1034 4364 eorum
1068 4324 1194 4380 quae
1226 4314 1365 4365 sunt
1391 4310 1783 4381 cognitionem
1818 4327 1830 4365 :
1868 4311 1937 4364 de
1970 4310 2061 4364 his
2094 4309 2374 4363 nimirum
2407 4323 2539 4378 quae
2568 4305 2927 4371 subststunt,
2960 4319 3155 4373 quaeve
3185 4302 3493 4358 intellectu
3528 4319 3653 4373 per-

228 4401 542 4473 cipiuntur
574 4414 588 4452 :
626 4398 677 4453 is
705 4414 821 4469 quo
851 4396 1171 4455 sublimius
1201 4400 1271 4453 ad
1306 4400 1610 4455 scientiam
1644 4400 1908 4455 ascendit
1936 4414 2139 4454 eorum
2172 4412 2296 4469 quas
2330 4398 2402 4451 ad
2441 4395 2541 4450 Dei
2589 4393 2984 4466 cognitionem
3036 4390 3361 4464 provehunt
3411 4406 3425 4446 :
3476 4394 3638 4445 tanto

228 4486 638 4563 perspicaeius
666 4485 955 4559 intelliget
983 4489 1355 4558 majestatem
1387 4488 1488 4545 Dei
1519 4488 1663 4544 nulli
1694 4487 2281 4559 eomprehensibilem
2312 4501 2440 4541 esse
2470 4491 2773 4540 creaturis.
2805 4484 2962 4539 Idem
2994 4497 3205 4537 rursus
3236 4496 3365 4536 eam
3417 4479 3659 4551 ignora-

230 4579 487 4647 tionem,
516 4592 647 4647 quaa
678 4577 747 4631 ad
783 4577 1172 4648 perfectiones
1205 4578 1276 4633 de
1304 4584 1420 4634 Deo
1451 4577 1636 4634 dictas
1685 4580 1953 4647 refertur,
2004 4576 2307 4633 verissime
2357 4591 2485 4631 esse
2534 4574 2733 4629 lumen
2783 4572 3081 4643 percipiet,
3132 4569 3653 4643 cognitionemque

232 4672 450 4723 cetera
480 4664 900 4736 cognoscibilia
929 4667 1457 4723 transcendentem.
1496 4667 1758 4739 Denique
1790 4668 1941 4723 hanc
1972 4682 2141 4721 suam
2171 4667 2241 4721 de
2281 4665 2381 4720 Dei
2426 4662 2884 4736 perfectionibus
2931 4659 3395 4731 ineloquentiam
3442 4673 3647 4714 secum

233 4754 461 4813 tacitus
509 4753 729 4810 honore
778 4754 1070 4827 preeipuo
1119 4755 1357 4827 dignam
1410 4756 1589 4811 ducit.
1633 4756 1981 4812 Nullatenus
2009 4755 2189 4826 igitur
2215 4753 2507 4825 ejusmodi
2538 4754 2607 4808 de
2638 4753 2754 4808 Deo
2784 4752 3121 4823 ignorantia
3153 4748 3535 4821 intelligenda
3562 4751 3655 4802 est

233 4849 334 4904 hic
367 4845 510 4916 dici,
535 4847 691 4918 quod
722 4845 1040 4918 privatoria
1071 4847 1150 4902 sit
1178 4845 1530 4919 cognitionis
1552 4864 1565 4917 ;
1591 4848 1779 4920 magis
1801 4864 1934 4903 vero
1966 4852 2204 4919 prepter
2233 4846 2504 4902 eximiam
2529 4849 2705 4915 atque
2733 4846 3179 4915 exsuperantem
3214 4836 3656 4912 praerogativam

234 4936 429 4992 totius
461 4933 738 5007 scientiae,
773 4950 890 5006 qua
919 4935 1049 5007 quis
1083 4952 1256 4992 nosse
1284 4938 1610 5007 promeruit
1641 4935 1719 5005 id,
1753 4937 1907 5008 quod
1942 4936 2215 4991 omnibus
2247 4933 2478 5005 sibique
2509 4932 2871 5005 incognitum
2908 4934 3103 4986 manet
3124 4933 3182 4985 et
3206 4924 3659 4997 incomprehen-

236 5024 438 5082 sibile.
472 5027 547 5079 Et
580 5023 700 5079 haec
732 5024 973 5095 quidem
1007 5025 1194 5096 capite
1225 5028 1479 5082 secundo
1510 5026 1834 5081 Divinarum
1862 5028 2149 5082 nominum
2180 5024 2465 5096 explicata
2495 5026 2654 5079 sunt.

313 5151 502 5208 Ταῦτα
548 5146 752 5222 τοίνυν,
783 5148 844 5203 τὸ
900 5151 1091 5212 σκότος
1144 5150 1287 5229 φημὶ
1331 5151 1419 5205 καὶ
1463 5152 1560 5220 τὴν
1602 5150 1894 5227 ἀγνωσίαν,

2079 5150 2229 5208 245
2263 5154 2393 5206 Haec
2423 5150 2626 5223 igitur,
2656 5147 2928 5204 tenebras
2962 5143 3089 5199 dico
3121 5146 3177 5198 et
3225 5137 3654 5229 ignorationem

239 5238 619 5313 ὑπεροχικῶς,
651 5234 797 5292 ἀλλὰ
859 5239 934 5311 μή
1000 5239 1137 5311 μετά
1196 5236 1445 5314 στέρησιν
1507 5234 1895 5309 ἐκλαϐὼν,δτε

240 5327 367 5401 περὶ
418 5330 552 5380 Θεοῦ
613 5320 977 5398 ἐκλαμϐάνεις
1032 5330 1219 5398 ταῦτα,
1279 5326 1561 5403 ἀπόφησον
1620 5329 1896 5403 ὕπεραλη-

244 5418 371 5485 θῶς,
415 5412 675 5485 δηλονότι
723 5413 842 5469 sine
889 5419 1113 5491 τρανῶς.
1177 5413 1397 5486 Ἐπειδὴ
1441 5416 1543 5492 γὰρ
1599 5421 1765 5472 ταῦτα
1806 5418 1895 5471 καὶ

251 5506 381 5579 ὑπὲρ
415 5505 443 5559 ὃ
476 5502 696 5558 ἐνταῦθά
727 5505 853 5576 εἶσι,
884 5509 1138 5561 νοοῦνται
1171 5505 1343 5560 ἐκεῖσε
1375 5529 1387 5541 ·
1416 5504 1505 5561 καὶ
1538 5507 1564 5561 ὁ
1597 5507 1718 5583 περῖ
1770 5506 1897 5562 τού-

253 5614 358 5647 των
396 5592 561 5669 λόγος
588 5593 695 5667 οὐχ
726 5591 912 5655 ἁπλῶς
935 5592 1197 5665 ἀληθινὸς
1230 5593 1391 5671 λόγος
1435 5591 1599 5663 ἔσται,
1634 5594 1778 5652 ἀλλά
1808 5597 1895 5651 καὶ

262 5683 391 5757 ὑπὲρ
422 5686 584 5736 τοῦτο
614 5683 675 5737 τὸ
707 5681 965 5753 ἀληθιτὸν
994 5684 1340 5757 μιμουμένου
1370 5690 1466 5739 τοῦ
1500 5681 1669 5760 λόγου
1698 5688 1758 5740 τὸ
1788 5690 1893 5740 τῶν

256 5773 591 5848 πραγμάτων
654 5773 985 5847 ὑπεροχικόν
1022 5793 1034 5807 ο
1078 5777 1237 5828 τοῦτο
1288 5775 1390 5849 γάρ
1434 5774 1543 5828 ἐστι
1581 5776 1643 5829 τὸ
1695 5776 1899 5851 ὑπερα-

2005 5241 2437 5312 superimenter
2492 5256 2624 5293 cum
2687 5233 3064 5299 intellexeris,
3117 5248 3230 5286 non
3281 5230 3421 5284 item
3468 5226 3659 5299 priva-

2009 5328 2157 5386 torie
2204 5330 2271 5383 de
2322 5328 2437 5384 Deo
2488 5326 2599 5381 dici
2652 5342 2664 5381 :
2722 5323 3005 5398 ἀπόρρησον
3057 5314 3418 5391 ὑπεραληθῶς
3466 5316 3523 5372 id
3574 5320 3664 5371 est

2011 5416 2255 5474 cnuntia
2311 5416 2637 5485 verissime,
2687 5412 2778 5467 die
2836 5410 3061 5466 scilicet
3116 5408 3347 5484 τρανῶς,
3406 5405 3517 5461 hoc
3577 5410 3664 5459 est

2012 5509 2288 5574 dilucide,
2310 5506 2632 5579 perspicue.
2658 5504 2799 5558 Nam
2826 5499 3060 5571 quando
3082 5499 3224 5561 haec,
3250 5512 3431 5568 supra
3452 5494 3665 5549 etiam-

2014 5615 2153 5654 num
2179 5613 2355 5668 quam
2380 5595 2473 5649 hic
2498 5596 2659 5659 sunt,
2695 5590 3106 5662 intelliguntur
3127 5605 3188 5643 se
3213 5585 3330 5641 illic
3360 5582 3665 5639 verissime

2016 5689 2263 5753 habere;
2300 5685 2514 5757 quique
2548 5684 2617 5738 de
2650 5682 2743 5737 his
2791 5696 2984 5736 sermo
3037 5682 3145 5744 est,
3200 5693 3313 5731 non
3363 5676 3663 5740 utcunque

2016 5794 2188 5832 verus
2220 5775 2297 5832 sit
2328 5791 2538 5842 sermo;
2574 5771 2713 5843 quin
2748 5775 2951 5842 praeter
2980 5768 3108 5836 hoc,
3142 5766 3437 5820 verit-atem
3472 5775 3658 5830 quan-
