4062 6366
386 428 490 484 439

387 568 748 632 tamcunque
774 562 952 615 nostri
977 559 1257 614 imitatitii
1292 559 1581 614 sermonis
1606 559 1733 630 ipsa
1766 554 2040 627 praecellit

2168 554 2336 621 Κηοῶς
2386 552 2567 630 ἀπόφη
2578 573 2665 606 σον
2703 571 2716 583 ·

390 668 584 705 rerum
621 649 983 719 magnitudo.
1020 652 1135 703 Hoc
1170 648 1383 702 ctenim
1439 646 1711 701 insinuat
1759 639 2037 718 ἀπόφησον

392 736 773 812 summes);
809 738 1035 800 Quanto
1085 737 1241 791 enim
1294 736 1428 807 quis
1479 735 1725 791 sortitus
1775 738 1864 788 est
1913 748 2041 786 am-

394 830 639 900 pliorem
665 844 858 881 rerum
892 826 1185 895 notitiam,
1222 825 1528 896 lucemque
1564 824 1893 879 effusiorem
1918 820 2042 892 (ait)

395 916 845 986 intelligentiam
869 914 1137 969 videlicet
1164 915 1446 982 veritatis,
1481 914 1529 968 is
1551 916 1714 967 tanto
1748 910 2042 982 perspica-

400 1005 524 1059 cius
546 1004 832 1076 intelliget
859 1004 1149 1074 ignotiora
1170 1018 1318 1069 esse,
1346 1019 1470 1073 quae
1496 1001 1566 1055 de
1598 1006 1709 1055 Deo
1743 1000 2041 1055 dicuntur.

398 1094 525 1149 Non
557 1092 711 1148 enim
744 1092 831 1147 vel
864 1091 1087 1146 lumine
1118 1091 1416 1163 quopiam,
1468 1090 1556 1144 vel
1608 1088 1935 1159 cognitione
1978 1103 2047 1142 ea

399 1182 907 1253 elucescunt,qnin
936 1195 1135 1235 eorum
1154 1179 1348 1250 potius
1373 1179 1605 1251 fugiunt
1628 1178 2043 1250 cognitionem,

400 1270 501 1340 qui
534 1269 742 1324 talium
778 1269 1249 1339 qualemcunque
1290 1267 1557 1322 notitiam
1609 1266 1831 1337 indepti
1884 1269 2044 1320 sunt.

398 1359 530 1429 Ipsa
560 1374 793 1428 quoque
827 1356 1188 1428 quantalibet
1222 1356 1507 1427 promotio
1531 1360 1588 1410 et
1618 1355 2046 1409 incrementum

396 1447 455 1500 in
490 1444 835 1511 his,lumine
868 1445 996 1499 dico
1021 1449 1077 1499 et
1097 1445 1452 1516 cognitione,
1484 1444 1739 1498 divinam
1775 1442 2049 1512 majesta-

400 1539 519 1589 tem
554 1535 861 1605 perspicue
892 1532 1189 1587 declarant
1220 1532 1577 1587 invisibilem
1613 1547 1762 1596 esse,
1796 1535 1854 1585 et
1904 1529 2051 1584 nulli

398 1627 675 1677 creaturae
721 1636 1145 1692 usquequaque
1206 1620 1595 1691 cognobilem.
1646 1621 1844 1691 Neque
1893 1619 2051 1673 enim

400 1711 816 1767 exinaniuntur
848 1710 1140 1781 ejusmodi
1175 1711 1432 1765 tenebrae
1458 1710 1515 1764 in
1549 1714 1666 1763 tam
1700 1709 1888 1764 multa
1923 1708 2054 1763 luce

401 1800 573 1855 istius
601 1803 751 1871 (quae
774 1800 929 1855 circa
950 1816 1166 1855 numen
1201 1800 1311 1868 est)
1345 1798 1836 1865 veritatis,verum
1870 1798 2053 1851 unde-

1206 429 1570 481 APPENDIX
1610 429 1706 482 AD
1744 425 1983 482 OPERA
2019 427 2078 477 S.
2118 423 2436 478 DIONYBII
2473 423 2970 478 AREOPAGITE.

3693 426 3795 479 440

2775 550 2961 621 ἐπειδὴ
3013 551 3135 606 ὅσον
3180 574 3262 614 τις
3312 549 3448 628 ἔχει,
3499 555 3657 633 φησὶ,
3688 560 3793 610 τῶν

2150 640 2317 695 ὄντων
2366 643 2463 709 τὴν
2516 646 2741 716 γνῶσιν,
2784 641 2874 695 καὶ
2924 642 2987 696 τὸ
3048 638 3105 694 ὃν
3166 646 3299 717 φῶς,
3343 643 3491 697 τοῦτ’
3539 639 3653 697 ἔστι
3700 650 3797 712 τῆς

2150 728 2407 798 ἀληθείας
2437 731 2535 798 τὴν
2569 726 3053 800 νὸησιν,τοσο’ὗτον
3083 728 3150 784 τὰ
3180 731 3300 803 περὶ
3332 735 3433 784 106
3455 734 3590 785 Θεοῦ
3615 728 3799 804 ὄψεται

2151 818 2397 891 ἄγνωστα
2429 838 2441 851 ·
2478 819 2539 873 ού
2568 819 2667 893 γὰρ
2702 823 2779 890 τῷ
2826 817 2967 893 φωτὶ
2998 820 3033 887 ἢ
3065 821 3132 892 τῇ
3167 818 3359 893 γνώσει
3417 825 3791 894 φανεροῦνται,

2152 905 2297 961 ἀλλά
2348 906 2560 979 μᾶλλον
2598 907 2724 968 τοὺς
2771 910 2940 961 ταῦτα
2964 903 3191 983 ἔχοντας
3221 906 3498 976 λανθάνει,
3525 908 3616 964 καὶ
3663 911 3697 979 ἡ
3746 908 3795 963 ἐν

2150 994 2364 1057 τούτοις
2424 993 2663 1057 ἐπίδοσίς
2718 1016 2777 1049 τε
2843 994 2933 1050 καὶ
2975 993 3214 1066 αὔξησις,
3245 1001 3323 1068 τῷ
3353 997 3493 1071 φωτί
3524 1018 3669 1073 φημι
3710 998 3796 1051 καὶ

2157 1088 2221 1157 τῇ
2277 1084 2492 1157 γνώσει,
2524 1084 2586 1138 τὸ
2641 1088 2786 1147 θεῖον
2841 1081 3070 1138 δεικνύει
3126 1082 3343 1139 ἁθὲατόν
3391 1106 3449 1140 τε
3492 1086 3581 1140 καὶ
3630 1084 3800 1162 ἄγνω-

2156 1193 2299 1228 στον.
2334 1170 2473 1229 Οὐδὲ
2502 1192 2606 1247 γπςρ
2639 1172 2834 1249 ἀφανὲς
2886 1173 3085 1248 γίνεται
3115 1174 3175 1228 τὸ
3214 1177 3463 1229 τοιυῦτον
3509 1176 3702 1237 σκότος
3751 1174 3801 1229 ἐν

2156 1266 2236 1332 τῷ
2266 1258 2465 1333 πολλῷ
2496 1261 2633 1337 φωνὶ
2663 1267 2763 1329 τῆς
2782 1262 2906 1334 περὶ
2936 1266 3098 1316 τοῦτο
3129 1261 3393 1333 ἀληθείας
3426 1284 3438 1298 ⁸
3471 1261 3619 1318 ἀλλά
3648 1284 3804 1338 περι-

2158 1348 2512 1416 καλύπτεται,
2544 1349 2632 1403 καὶ
2670 1348 2881 1421 μᾶλλον
2931 1350 3278 1423 γινώσκεται,
3313 1350 3395 1405 ὅτι
3457 1351 3668 1423 σκότος,
3717 1353 3808 1405 καὶ

2159 1437 2558 1512 ἀποκρύπτεται
2608 1443 2779 1492 πᾶσαν
2829 1443 3028 1513 γνῶσιν
3062 1458 3074 1472 ·
3108 1437 3265 1510 ὥστε,
3299 1440 3422 1495 ὅταν
3482 1439 3806 1495 συνέλθωσιν

2158 1526 2214 1579 αἱ
2269 1524 2393 1600 περὶ
2462 1529 2570 1579 τῶν
2630 1527 2830 1598 νοερῶν
2887 1524 3139 1599 γνώσεις,
3189 1524 3287 1579 οὐκ
3340 1523 3725 1600 ἀποδιδράσκει
3772 1529 3808 1595 ἡ

2160 1617 2423 1690 ἀγνωσία,
2457 1612 2602 1670 ἀλλὰ
2637 1614 2785 1688 μένει
2833 1614 3285 1690 ἀποκρυπτομένη
3326 1616 3418 1671 καὶ
3449 1613 3812 1695 διαφεύγουσα

2160 1711 2330 1760 πᾶσαν
2380 1709 2579 1780 γνῶσιν
2612 1722 2625 1737 ⁸
2665 1704 2773 1780 οὐχ
2808 1706 3199 1779 ὑποχωροῦσα,
3233 1704 3356 1760 ἀλλ’
3390 1704 3521 1760 οὖσα
3568 1706 3659 1760 καὶ
3713 1704 3810 1778 μὲ-

2161 1788 2346 1863 νουσα,
2376 1793 2467 1848 καὶ
2522 1798 2721 1848 νικῶσα
2775 1795 2872 1855 τάς
2932 1795 3184 1868 γνώσεις,
3244 1792 3396 1849 οὐδὲν
3451 1792 3592 1850 ἄλλο
3640 1814 3811 1849 κατα-

404 1904 636 1959 cunque
670 1889 796 1943 luce
844 1887 973 1958 ipsa
1022 1886 1404 1957 operiuntur;
1456 1891 1629 1957 atque
1682 1886 1819 1940 hinc
1873 1885 2056 1939 scitur

2168 1879 2545 1956 λαμϐανούσας
2577 1902 2591 1914 ⁸
2643 1882 2678 1951 ἢ
2731 1884 2813 1937 ὅτι
2867 1883 3210 1957 ὑπεροχικῶς
3258 1881 3532 1958 ἄγνωστόν
3582 1881 3694 1937 ἐστι
3749 1883 3813 1936 τὸ

405 1977 622 2047 verius,
658 1977 799 2047 quia
835 1976 1086 2031 tenebrae
1119 1979 1277 2041 sunt,
1314 1976 1549 2046 quando
1573 1990 1809 2031 omnem
1842 1975 1912 2028 de
1944 1978 2056 2028 Deo

408 2066 803 2137 cognitionem
836 2065 1212 2119 obumbrant.
1245 2064 1353 2119 Ubi
1386 2064 1566 2135 igitur
1610 2063 1869 2135 primum
1920 2079 2057 2118 con-

405 2154 699 2210 eurrerint
731 2170 830 2219 eis,
862 2169 989 2224 quae
1023 2154 1092 2209 de
1119 2152 1527 2225 intelligentiis
1559 2153 1872 2219 habentur,
1905 2150 2056 2207 noti-

407 2244 522 2312 tiae,
547 2259 662 2298 non
687 2243 961 2297 continuo
984 2243 1213 2314 aufugit
1237 2242 1585 2315 ignorantia,
1622 2242 1721 2297 sed
1756 2244 2061 2313 permanet

408 2349 619 2387 arcana
644 2349 909 2402 prorsus,
945 2348 1301 2403 omnemque
1332 2332 1619 2403 effugiens
1641 2331 2059 2402 cognitionem,

407 2436 702 2490 nusquam
736 2421 1038 2487 secedens,
1075 2421 1177 2475 sed
1210 2420 1511 2487 restitans,
1542 2437 1608 2475 ac
1634 2419 1903 2475 evincens
1934 2435 2063 2474 om-

406 2512 569 2566 nium
596 2508 1181 2578 cognitionem,aliud
1205 2509 1445 2564 omnino
1469 2508 1613 2564 nihil
1639 2525 1740 2578 pro
1766 2510 2063 2579 comperto

408 2601 932 2669 habentem,quam
950 2599 1102 2669 quod
1119 2598 1615 2670 supereminenter
1629 2598 1684 2652 id
1702 2597 2067 2652 manetineo-

412 2689 828 2760 gnitum,quod
861 2687 1183 2759 inquiritur
1215 2687 1726 2742 maxime.Idcirco
1759 2686 1857 2757 qui
1880 2685 2065 2740 Deum

413 2777 720 2845 vidisse,et
749 2778 905 2848 quod
938 2777 1112 2842 videt,
1147 2775 1496 2831 intellixisse
1527 2775 1896 2847 praedicatur,
1948 2790 2065 2829 non

417 2867 620 2937 utique
642 2865 838 2937 ipsum
863 2866 957 2920 hic
988 2865 1133 2919 vidit
1157 2866 1333 2920 Deum
1358 2866 1562 2934 (Deum
1584 2866 1733 2920 enim
1752 2880 1911 2919 nemo
1932 2864 2071 2919 vidit

419 2972 667 3027 unquam
692 2959 789 3025 11³),
823 2956 923 3009 sed
950 2971 1150 3009 eorum
1174 2953 1501 3024 quidpiam,
1534 2970 1657 3021 quae
1690 2952 1841 3008 circa
1873 2952 2067 3024 ipsum

425 3048 586 3113 sunt,
606 3048 811 3114 aptave
841 3043 1199 3114 apprehendi
1234 3042 1408 3096 ductu
1444 3045 1701 3110 naturae;
1735 3042 1965 3112 quando
1996 3042 2069 3098 iis

425 3140 554 3190 tum
587 3134 824 3188 demum
857 3132 1275 3203 contingit,qui
1305 3149 1408 3203 per
1438 3148 1499 3186 se
1531 3131 1818 3187 sinceram
1854 3131 2070 3186 mentis

425 3220 909 3293 expurgationem
934 3220 1332 3291 praestiterunt
1353 3220 1719 3292 dignos.Ipse
1740 3236 1872 3276 vero
1893 3237 2072 3292 supra

2167 1972 2522 2044 ζητούμενον.
2584 1971 2684 2025 Διὰ
2736 1975 2897 2026 τοῦτο
2943 1970 3033 2025 καὶ
3093 1973 3120 2025 6
3171 1972 3296 2026 Θεὸν
3338 1972 3692 2045 θεασάμενος,
3722 1972 3815 2026 καὶ

2164 2064 2361 2131 νοήσας
2414 2061 2443 2115 '6
2496 2058 2649 2128 εἶδεν,
2705 2059 2863 2115 αὐτὸν
2921 2062 3014 2135 μὶν
3078 2062 3189 2136 οὐχ
3238 2062 3444 2136 ἑώρακε
3499 2062 3650 2135 (Θεὸν
3707 2061 3816 2136 γὰρ

2167 2147 2343 2212 οὐδεὶς
2404 2150 2608 2225 ἑώρακε
2654 2148 2896 2222 πώποτε)
2932 2168 2944 2181 ·
3006 2149 3153 2205 ἀλλά
3207 2171 3259 2204 τι
3312 2155 3418 2204 τῶν
3470 2151 3597 2224 περὶ
3654 2148 3819 2203 αὐτὸν

2168 2236 2336 2295 ὄντων
2391 2238 2480 2293 καὶ
2538 2237 2858 2316 πεφυκότων
2933 2233 3472 2312 καταλαμϐάνεσθαι,
3520 2238 3611 2293 καὶ
3693 2233 3825 2293 τότε

2166 2334 2281 2390 τοῖς
2312 2328 2479 2400 ἀξίοις
2514 2325 2602 2381 διὰ
2630 2329 2941 2402 καθάρσεως
2990 2327 3319 2402 γινομένοις.
3352 2328 3529 2390 Αὐτὸς
3578 2324 3637 2382 δὲ
3688 2326 3825 2401 ὑπὲρ

2169 2416 2341 2471 πάντα
2396 2421 2545 2487 νοῦν,
2602 2416 2690 2470 καὶ
2751 2421 2925 2470 πᾶσαν
3005 2414 3187 2470 οὐσίαν
3252 2413 3706 2490 ὑπεριδρυμένος.
3773 2413 3827 2469 ἐν

2170 2506 2315 2577 αὐτῷ
2367 2507 2461 2579 μὲν
2510 2508 2590 2576 τῷ
2642 2505 2718 2576 μὴ
2786 2503 3024 2559 καθόλου
3082 2505 3465 2580 γινώσκεσθαι,
3519 2504 3653 2578 ὑπὲρ
3703 2507 3832 2557 νοῦν

2170 2599 2512 2671 γινώσκεται,
2573 2593 2653 2649 ὅτι
2715 2594 2847 2670 ὑπὲρ
2904 2594 3076 2649 πάντα
3143 2592 3329 2649 ἐστίν·
3392 2593 3444 2649 ἐν
3495 2590 3553 2647 δὲ
3606 2597 3688 2665 τῷ
3748 2593 3828 2665 μὴ

2174 2685 2304 2740 εἶναι
2354 2682 2592 2748 καθόλου
2641 2682 2808 2739 πάλιν
2844 2700 2857 2714 °
2891 2684 2953 2737 16
3005 2682 3106 2759 γὰρ
3139 2682 3273 2738 εἶναι
3303 2686 3409 2737 τῶν
3442 2685 3678 2738 κτιστῶν
3712 2681 3826 2736 ἐστι

2172 2775 2393 2829 καὶτῶν
2429 2771 2699 2836 ἐλθόντων
2745 2771 2820 2835 εἷς
2853 2770 3100 2847 ὕπαρξιν.
3135 2773 3194 2829 Ὁ
3242 2770 3300 2827 δε
3354 2772 3484 2834 Θεὸς
3534 2770 3626 2826 καὶ
3688 2770 3828 2844 ὑπὲρ

2173 2864 2235 2918 τὸ
2281 2861 2415 2917 εἶναι
2451 2881 2465 2894 ·
2500 2859 2588 2916 δια
2634 2865 2816 2933 τοῦτο,
2848 2856 2961 2915 ἔστι
3014 2861 3131 2935 μὲν,
3181 2859 3307 2916 ἀλλ’
3342 2856 3702 2935 ὑπερουσίως,
3735 2858 3829 2913 καὶ

2176 2955 2210 3021 ἡ
2262 2951 2397 3007 κατὰ
2450 2952 2512 3005 τὸ
2568 2954 2810 3026 κρεῖττον
2866 2948 3141 3019 παντελὴς
3199 2949 3456 3025 ἀγνωσία.
3506 2951 3662 3021 ’Ὀσῳ
3720 2947 3830 3023 γὰρ

2179 3040 2424 3116 ἀνάγεταί
2498 3061 2604 3108 τις,
2685 3039 2758 3101 εἷς
2842 3038 3109 3113 ἀγνωσίαν
3183 3039 3463 3112 κρείττονα
3536 3042 3828 3108 καταντᾷ·

2178 3129 2310 3199 αὕτη
2365 3133 2494 3203 γοῦν
2540 3130 2574 3197 ἡ
2623 3126 2863 3202 ἀγνωσία
2920 3128 2986 3182 οὐ
3045 3128 3293 3204 στέρησίς
3375 3126 3484 3181 ἐστι
3543 3126 3833 3201 γνώσεως.

2179 3218 2325 3274 ἀλλά
2377 3221 2576 3294 γνῶσις
2635 3216 2976 3291 ὑπερέχουσα
3041 3218 3130 3271 καὶ
3199 3210 3696 3288 καταλαμϐάνουσα
3756 3216 3835 3276 ὡς

424 3328 659 3367 omnem
692 3316 969 3378 mentem,
1002 3325 1354 3381 omnemque
1384 3310 1776 3365 substantiam
1808 3310 2058 3365 eminen-

2182 3306 2396 3385 ἐφικτὸν
2444 3307 2535 3360 τὸν
2587 3306 2735 3373 Θεὸν,
2779 3306 2862 3359 δτι
2919 3306 3050 3377 ὑπὲρ
3110 3304 3282 3359 πάντα
3343 3303 3453 3359 ἐστὶ
3520 3303 3589 3358 τά
3656 3324 3836 3378 γινω-

416 3400 647 3456 tissime
679 3398 963 3469 residens,
999 3416 1065 3454 eo
1098 3398 1335 3469 quidem
1370 3399 1660 3454 astruitur
1690 3398 1852 3453 nullo
1902 3403 2069 3469 pacto
2181 3395 2436 3469 σκόμενα.

412 3487 549 3544 sciri
582 3503 772 3557 posse,
807 3488 963 3558 quod
997 3491 1255 3541 mentem
1288 3491 1543 3543 creatam
1574 3487 1990 3542 transcendere
2021 3485 2405 3557 intelligatur.
2434 3484 2662 3539 Rursus
2714 3500 2831 3555 qua
2884 3480 3173 3538 universis
3224 3499 3351 3555 quae
3400 3485 3561 3552 sunt,
3613 3497 3838 3552 super-

407 3576 649 3643 eminet,
681 3574 817 3631 hinc
848 3591 976 3631 esse
1007 3575 1247 3631 omnino
1305 3579 1571 3646 negatur.
1621 3576 1945 3631 Commune
1994 3573 2287 3646 siquidem
2336 3573 2511 3629 rebus
2558 3572 2770 3629 creatis
2819 3574 2928 3643 est,
2961 3574 3019 3627 et
3060 3570 3132 3627 iis
3181 3587 3307 3643 qua
3356 3570 3429 3627 ad
3475 3570 3834 3627 substantiae

406 3664 786 3737 participium
817 3667 1125 3733 venerunt,
1157 3668 1224 3719 ut
1253 3664 1403 3731 sint;
1440 3664 1590 3719 Deus
1619 3667 1813 3719 autem
1846 3678 2081 3719 omnem
2112 3660 2407 3719 conditam
2442 3660 2759 3718 essentiam
2790 3658 3189 3728 transcendit;
3222 3663 3535 3732 propterea
3563 3662 3657 3715 est
3687 3659 3827 3731 qui-

410 3753 545 3808 dem
578 3752 755 3818 Deus,
787 3751 888 3806 sed
921 3750 1391 3807 eminentissimo
1424 3766 1635 3822 genere
1666 3750 1955 3807 essentiae.
1987 3751 2115 3807 Haec
2153 3766 2292 3807 sane
2341 3748 2625 3821 ignoratio
2667 3749 2840 3820 juxta
2887 3746 3352 3820 prastantiorem
3400 3744 3834 3819 acceptionem,

410 3840 564 3896 246
595 3839 755 3895 omni
785 3855 853 3893 ex
880 3844 1043 3910 parte
1075 3838 1346 3895 absoluta
1374 3844 1431 3896 et
1462 3839 1718 3910 perfecta
1766 3839 2001 3896 dicitur.
2057 3842 2282 3903 Quanto
2333 3838 2490 3894 enim
2543 3837 2879 3894 sustollitur
2926 3836 3060 3909 quis
3108 3837 3180 3892 ad
3230 3835 3331 3892 Dei
3379 3835 3836 3908 contemplatio-

410 3944 568 3995 nem,
596 3931 761 3984 tanto
794 3926 1033 3999 propius
1065 3927 1116 3983 is
1146 3928 1404 3983 occurrit
1435 3927 1531 3983 isti
1573 3927 2073 3999 praestantissimae
2123 3925 2500 3999 ignorationi.
2556 3925 2614 3982 Si
2662 3926 2903 3997 quidem
2951 3924 3086 3980 talis
3133 3923 3421 3997 ignoratio
3473 3922 3830 3994 neutiquam

414 4017 663 4089 privatio
713 4016 1069 4088 cognitionis
1113 4021 1222 4084 est,
1277 4015 1461 4087 magis
1511 4031 1647 4072 vero
1699 4015 1954 4088 cognitio
2001 4020 2090 4071 est
2133 4014 2517 4089 praecellentis
2569 4015 2880 4086 cujusdam
2929 4012 3344 4086 prmrogativm,
3392 4011 3587 4084 ipsum
3639 4011 3834 4067 Deum

414 4109 728 4177 (quatenus
760 4105 968 4177 attingi
1001 4106 1214 4177 potest)
1251 4103 1724 4177 apprehendens,
1757 4120 1873 4176 qua
1903 4102 2180 4176 intelligit
2204 4104 2398 4178 ipsum
2432 4103 2661 4159 cunctis
2692 4103 2969 4173 eminere,
3002 4119 3127 4174 qua:
3171 4102 3232 4157 in
3282 4100 3681 4173 cognitionem
3738 4116 3836 4157 ca-

411 4197 579 4251 dunt

905 4283 976 4338 IN
1016 4284 1425 4340 EPISTOLAM
1466 4284 1537 4340 II.

476 4376 545 4430 Et
590 4374 712 4430 haec
744 4373 947 4429 multis
978 4374 1123 4428 adeo
1154 4372 1318 4441 locis,
1352 4371 1700 4426 excellenter
1729 4369 1967 4441 quidem
1998 4369 2058 4425 in

404 4480 578 4534 opere
608 4463 952 4518 Divinorum
989 4462 1299 4516 nominum
1333 4464 1644 4516 exsecutus
1675 4458 2059 4526 est,omnium

404 4551 657 4607 maxime
685 4551 818 4622 ipsa
868 4551 990 4605 haec
1041 4550 1459 4620 interpretatus
1509 4548 1700 4620 capite
1751 4549 2059 4604 undecimo

2567 4285 2681 4333 ΕΙΣ
2723 4285 2865 4336 ΤΗΝ
2904 4283 3299 4333 ΕΠΙΣΤΟΛΗΝ
3340 4278 3416 4334 Β’.

2241 4372 2423 4426 Ταῦτα
2453 4365 2724 4429 πολλάκις
2782 4368 2877 4440 μὲν
2910 4366 2960 4421 ἐν
2993 4372 3071 4439 τῷ
3129 4367 3258 4439 Περὶ
3320 4365 3479 4419 θείων
3540 4365 3838 4436 ὀνομάτων

2172 4456 2325 4532 λόγῳ
2357 4456 2631 4535 διαφόρως
2663 4458 2827 4525 εἶπεν,
2863 4454 3146 4532 ἐξαιρέτως
3193 4453 3250 4509 δὲ
3298 4453 3434 4509 αὐτὰ
3479 4454 3834 4525 ἡρμήνευσεν

2171 4546 2221 4601 ἐν
2271 4552 2349 4616 τῷ
2402 4546 2668 4617 ἑνδεκάτῳ
2711 4544 2990 4622 κεφαλαίῳ
3041 4547 3152 4618 (10)
3206 4545 3331 4619 περὶ
3398 4544 3461 4598 τὸ
3524 4542 3689 4606 τέλος
3740 4542 3838 4599 λέ-

406 4642 516 4696 sub
548 4640 725 4694 finem
760 4639 962 4694 dicens
998 4657 1010 4693 :
1043 4642 1307 4702 Quonam
1343 4638 1639 4710 paeto,qui
1674 4637 1939 4693 omnium
1973 4642 2058 4693 est

2174 4658 2285 4710 γων
2318 4638 2428 4708 (11)
2462 4658 2474 4670 ·
2511 4640 2634 4698 Πῶς
2689 4637 2716 4688 ὁ
2769 4636 2985 4689 πάντων
3049 4633 3220 4696 α’ίτιος
3266 4632 3355 4688 καὶ
3406 4632 3680 4707 ἀγαθότης
3742 4633 3834 4686 καὶ

407 4737 630 4796 auctor,
662 4728 779 4783 imo
812 4728 942 4799 ipsa
974 4727 1226 4797 bonitas,
1280 4728 1409 4798 ipsa
1460 4727 1673 4795 deitas,
1727 4726 1879 4781 idem
1934 4742 2063 4781 esse

406 4818 595 4892 possit
636 4817 968 4873 subsistens
1016 4833 1193 4871 causa
1244 4816 1525 4870 bonitatis
1576 4820 1753 4886 atque
1802 4814 2063 4884 deitatis,

405 4926 540 4964 cum
572 4907 665 4963 his
697 4908 872 4963 etiam
924 4905 1348 4977 praeminenti’
1398 4902 1653 4958 Proinde
1707 4903 1957 4958 arbitror
2005 4902 2063 4956 in

403 4999 560 5053 hunc
616 4997 855 5051 modum
910 4994 1020 5065 legi
1069 4994 1279 5049 debere
1332 5007 1345 5046 :
1404 4993 1681 5063 Rogasne
1737 4992 1837 5063 qui
1888 4992 1953 5046 fit
2002 4996 2068 5047 ut

404 5091 553 5143 Deus
576 5104 756 5158 supra
778 5084 1133 5157 principium
1162 5082 1420 5137 emineat
1444 5085 1503 5136 et
1536 5081 1777 5136 dcitatis
1810 5085 1867 5135 et
1901 5080 2064 5136 boni-

405 5177 590 5232 tatis?
620 5177 746 5231 Mox
781 5173 1107 5231 sciscitanti
1143 5171 1458 5243 respondet
1492 5188 1503 5225 :
1541 5170 1847 5241 Siquidem
1892 5168 2067 5223 intel—

409 5269 555 5340 liges
586 5268 864 5321 deitatem
899 5264 1192 5336 ejusmodi
1224 5263 1445 5317 donum
1482 5278 1632 5325 esse,
1666 5262 1821 5331 quod
1868 5277 1899 5313 a
1950 5260 2067 5315 Deo

412 5359 471 5413 in
498 5374 604 5412 nos
626 5355 1064 5425 derivatur,quo
1088 5352 1298 5407 divinae
1331 5353 1746 5423 quadanlenus
1778 5348 2069 5403 efﬁcimur

411 5449 715 5502 consortes
750 5448 1008 5507 naturae;
1046 5458 1152 5496 nec
1198 5446 1391 5495 tamen
1438 5440 1493 5493 id
1545 5439 1698 5510 quod
1748 5439 1873 5507 ipse
1919 5438 2069 5491 Deus

416 5544 526 5607 est,
561 5534 955 5605 assequimur.
992 5536 1121 5585 Haec
1153 5531 1199 5585 si
1251 5529 1593 5602 cxpendcris
1645 5533 1860 5596 tecum,
1914 5543 2069 5598 quas-

495 5737 861 5806 Joan.1,18.

2176 4724 2394 4793 θεότης,
2446 4723 2747 4792 ὑποστάτης
2802 4721 2910 4777 ἐστὶ
2962 4723 3050 4777 καὶ
3101 4721 3437 4796 ἀγαθότητος
3496 4720 3586 4775 καὶ
3637 4720 3835 4790 θεότηο

2172 4834 2265 4875 τος
2323 4815 2458 4885 (42),
2501 4813 2589 4866 καὶ
2645 4813 2776 4886 ὑπὲρ
2827 4813 2993 4867 ταῦτά
3035 4809 3217 4880 ἐστιν;
3252 4810 3412 4867 Οὕτω
3472 4808 3529 4864 δὲ
3578 4810 3837 4884 ἀναγνω-

2178 4900 2349 4957 στέον.
2411 4903 2673 4974 Ἐρωτᾷς,
2727 4906 2844 4963 πῶς
2894 4901 2920 4954 6
2970 4900 3099 4962 Θεὸς
3158 4900 3290 4974 ὑπὲρ
3332 4900 3589 4969 θεότητος
3650 4899 3837 4973 ἀρχὴν

2174 4990 2261 5045 καὶ
2307 4990 2437 5065 ὑπὲρ
2469 4990 2810 5065 ἀγαθὸτηοος
2849 4989 3027 5065 ἂρ’χήν
3086 4989 3224 5044 ἐστιν
3254 5009 3266 5058 ;
3297 4988 3427 5044 Εἶτα
3482 4987 3844 5062 ἀποκρίνεται

2176 5080 2265 5134 καί
2323 5101 2484 5157 φησιν
2522 5098 2533 5110 ·
2569 5080 2636 5135 Ei’
2689 5081 2903 5148 νοήσεις
2961 5077 3042 5132 ὅτι
3096 5081 3131 5145 ἡ
3166 5077 3358 5145 θεότης
3392 5076 3523 5131 αὐτὸ
3583 5075 3643 5129 ἐκ
3704 5080 3845 5129 Θεοῦ

2179 5166 2351 5241 δῶρόν
2388 5167 2497 5222 ἐστι
2552 5168 2685 5231 καθὸ
2733 5168 3018 5239 θεοόμεθα,
3053 5166 3113 5221 οὐ
3149 5168 3257 5239 μὴν
3290 5164 3450 5227 αὐτὸς
3480 5166 3506 5218 ὁ
3535 5165 3670 5225 Θεὸς
3702 5167 3844 5237 (13),

2174 5255 2307 5329 ἕξεις
2368 5258 2429 5311 τὸ
2493 5256 2954 5328 ζητούμενον,οὐ
3001 5256 3100 5329 γὰρ
3153 5255 3323 5324 αὐτήν
3379 5274 3509 5331 φησι
3559 5253 3662 5320 τ’ἦν
3721 5255 3845 5307 κατ’

2179 5346 2363 5402 οὐσίαν
2420 5346 2649 5416 θεότητα
2695 5345 2783 5399 καὶ
2835 5344 3161 5421 ἀγαθότητα,
3214 5345 3242 5397 ὅ
3297 5343 3347 5397 τί
3401 5342 3533 5397 ποτὲ
3577 5341 3714 5409 ἐστι,
3748 5340 3843 5395 λέ-

2176 5458 2255 5509 γω
2312 5439 2444 5509 (14),
2478 5433 2621 5490 ἀλλά
2671 5435 2768 5502 τήν
2830 5434 3155 5509 ἀγαθοποιὸν
3198 5432 3286 5487 καὶ
3320 5431 3569 5495 θεοποιὸν
3626 5428 3841 5504 δωρεὰν

2177 5529 2278 5578 τοῦ
2311 5530 2441 5579 Θεοῦ
2472 5529 2567 5579 106
2600 5520 2767 5584 ὄντως
2816 5522 2903 5576 καὶ
2957 5521 3160 5597 ἁγαοοῦ
3212 5525 3373 5575 τοῦτο
3447 5520 3551 5595 γὰρ
3600 5521 3635 5587 ἧ
3684 5518 3837 5593 ἀρχῆ
