4062 6366
178 411 274 468 Mi
993 408 1457 465 PACHYMEBE
1495 404 2003 461 PABAPHRASIS
2041 406 2110 457 IN
2148 404 2302 456 EPP.
2343 404 2402 457 S.
2443 403 2775 456 DIONYSII.

3474 405 3578 459 442

174 537 259 592 καὶ
300 534 445 589 αἶτία
501 539 598 588 τοῦ
655 535 923 605 θεοῦσθαι,
970 531 1062 588 καί
1107 530 1461 607 ἀγαθύνεσθαι
1498 548 1511 563 ’
1545 529 1635 584 καὶ
1685 526 1822 582 κατὰ

1942 528 2146 584 stionis
2175 528 2281 583 abs
2311 530 2367 583 te
2396 526 2707 599 propositae
2740 526 3029 583 obtinebis
3062 527 3437 585 solutionem.
3459 532 3573 589 Ne-

172 630 361 680 τοῦτον
388 624 482 678 τὸν
514 622 717 698 τρόπον
752 622 884 700 φησὶ
942 620 1188 697 λέγεσθαι
1252 620 1382 695 ὑπὲρ
1435 618 1689 694 θεαρχίαν
1739 617 1829 671 καὶ

178 714 303 789 ὑπὲρ
354 712 843 786 ἀγαθαρχίαν,τὴν
890 709 1032 765 οὕτω
1089 706 1303 779 δηλαδή
1364 708 1663 781 νοουμένην
1696 706 1828 779 (15).

176 803 237 860 Εἴ
265 805 398 875 γοῦν
426 802 490 855 τὸ
525 800 584 855 ἐκ
614 797 745 855 Θεοῦ
777 797 952 875 δῶρον
982 799 1128 873 ἀρχὴ
1169 796 1370 874 γίνεται
1427 800 1524 851 τοῦ
1582 794 1829 859 θεοῦσθαι

175 894 320 962 ἡμᾶς
374 887 662 959 δηλονότι,
687 889 866 959 πάσης
898 887 1077 962 ἀρχῆς
1111 884 1283 949 αἷίειος
1326 885 1412 940 καὶ
1445 884 1591 957 ἀρχὴ
1618 884 1646 936 6
1676 881 1827 942 Θεός⁶

178 977 313 1034 οὕτω
347 976 409 1032 δὲ
453 976 675 1045 καὶτῆς
706 975 1008 1053 λεγομένης
1065 975 1320 1044 θεότητος
1371 971 1612 1027 ἐπέκεινά
1668 968 1828 1026 ἐστιν.

175 1070 229 1125 Ὀ
277 1066 374 1139 μὲν
431 1067 536 1141 γὰρ
582 1066 711 1127 Θεὸς
774 1065 835 1120 οὔ
882 1065 1016 1120 κατὰ
1066 1064 1274 1139 σχέσιν,
1308 1062 1383 1126 ὡς
1427 1063 1614 1134 ἡμεῖς,
1642 1062 1830 1114 κτᾶται

173 1157 227 1211 τὸ
259 1156 486 1231 ἀγαθὸν,
520 1154 650 1210 ἀλλ’
679 1154 933 1230 ἀσχέτως
966 1150 1082 1228 ἔχει
1115 1154 1247 1225 (16)’
1278 1152 1368 1205 καὶ
1393 1149 1453 1204 οὗ
1502 1149 1637 1204 κατὰ
1668 1167 1830 1220 μετο-

175 1248 276 1319 χήν
310 1265 323 1277 ·
364 1246 536 1316 ἡμεῖς
570 1241 627 1297 δὲ
659 1246 929 1317 σχετικῶς
961 1261 974 1275 ”
1002 1244 1168 1314 ἡμεῖς
1202 1241 1300 1316 γὰρ
1349 1238 1595 1313 τρεπτοὶ,
1626 1236 1828 1298 ἐκεῖνος

178 1332 230 1388 δὲ
288 1330 585 1406 ἄτρεπτος.
623 1332 928 1405 Ἀμίμητον
989 1328 1047 1385 δὲ
1096 1328 1323 1403 μίμημά
1359 1349 1489 1406 φησι
1544 1330 1641 1382 τοῦ
1698 1329 1830 1381 Θεοῦ

174 1424 270 1491 τὴν
336 1424 507 1494 ἡμῶν
560 1421 635 1482 ὡς
685 1421 899 1496 ἐφικτὸν
946 1419 1158 1483 θέωσιν.
1193 1417 1343 1472 Ἐπεὶ
1380 1416 1480 1492 γὰρ
1530 1414 1592 1470 οὐ
1647 1412 1831 1475 καλῶς

178 1510 474 1583 θεοόμεθα,
510 1508 558 1563 εἴ
593 1510 667 1582 μὴ
698 1507 750 1563 ἐν
780 1513 861 1581 τῷ
894 1512 1175 1582 μιμεῖσθαι
1218 1506 1281 1561 τὸ
1325 1511 1502 1575 Θεῖον,
1537 1502 1626 1560 διὰ
1669 1508 1830 1558 τοῦτο

182 1598 415 1672 μίμημα
446 1597 660 1673 λέγεται
694 1600 806 1671 (17)
843 1615 856 1628 ·
890 1597 1001 1651 ἐπεὶ
1048 1594 1105 1651 δὲ
1140 1594 1238 1649 οὐκ
1285 1593 1647 1669 έφικνούμεθα
1698 1592 1833 1668 πρὸς

172 1689 232 1743 τὸ
263 1688 608 1762 ἀρχέτυπον,
644 1683 759 1741 οὐδ’
785 1687 1055 1757 ὁπωσοῦν,
1098 1684 1374 1758 ἀμίμητον
1422 1683 1634 1759 λέγεται
1668 1701 1682 1714 ⁸
1724 1680 1834 1736 τοί-

174 1799 261 1831 νυν
296 1778 391 1831 καὶ
434 1776 665 1850 μίμησις
719 1776 813 1849 μὲν
857 1775 949 1831 καὶ
999 1772 1184 1850 σχέσις
1215 1774 1377 1845 ἐστὶν,
1407 1774 1543 1829 αὐτὰ
1597 1772 1664 1827 τὰ
1691 1772 1832 1846 πρά-

178 1886 385 1940 γματα,
428 1867 462 1935 ἡ
522 1866 713 1935 θεότης
756 1863 847 1919 καὶ
896 1867 932 1934 ἡ
978 1864 1250 1939 ἀγαθότης
1299 1866 1409 1934 (18)
1444 1881 1458 1896 ⁸
1511 1860 1831 1937 μετέχοντες

172 1952 223 2008 δὲ
266 1955 363 2008 καὶ
401 1952 737 2026 μιμούμενοι
770 1954 823 2008 οἱ
852 1954 1099 2029 ἄγγελοι,
1133 1952 1355 2007 καὶτῶν
1384 1951 1683 2025 ἀνθρώπων
1718 1950 1829 2022 (19)

168 2043 281 2117 περὶ
326 2040 424 2105 οὓς
475 2046 641 2096 ταῦτα
692 2042 943 2116 ὁρῶνται.
974 2039 1151 2095 Τὸνδὶ
1200 2045 1351 2095 Θεῖον
1382 2042 1495 2113 (20)
1542 2037 1821 2112 ἀμίμητόν

170 2132 271 2186 ἐστι
336 2130 432 2185 καὶ
487 2128 717 2186 ἄσχετον
751 2132 863 2203 (21)
897 2147 911 2160 '
959 2128 1040 2185 ὅτι
1096 2129 1205 2203 ὅσῳ
1262 2150 1344 2191 τις
1400 2130 1537 2203 πρὸς
1588 2129 1821 2201 μίμησιν

170 2222 254 2276 καὶ
307 2220 498 2295 σχέσιν
552 2224 684 2275 Θεοῦ
729 2218 1029 2294 προκόπτει
1088 2222 1222 2292 (22),
1252 2218 1497 2291 τοσούτῳ
1544 2215 1828 2291 καταλαμ-

174 2305 393 2363 ϐάνεται
426 2309 489 2364 τὸ
516 2307 796 2385 ἀνέφικτον
828 2314 929 2377 τῆς
972 2308 1259 2382 μιμήσεως
1304 2307 1394 2362 καὶ
1444 2310 1541 2373 τῆς
1568 2305 1826 2383 σχέσεως.

171 2396 469 2473 Ὑπερέχον
540 2401 830 2472 τοιγαροῦν
901 2397 965 2452 τὸ
1038 2402 1188 2451 Θεῖον
1240 2401 1346 2450 τῶν
1404 2397 1687 2470 μιμήσεων
1736 2396 1828 2450 καὶ

175 2492 279 2542 τῶν
338 2488 605 2561 σχέσεων,
652 2484 908 2556 δηλονότι
966 2491 1064 2555 τῆς
1106 2484 1362 2555 θεότητος
1412 2485 1502 2539 καὶ
1550 2490 1649 2553 τῆς
1707 2485 1832 2557 ἀγα-

174 2576 411 2646 θότητος
444 2594 457 2607 ·
490 2573 636 2630 ἀλλά
682 2574 773 2629 καὶ
831 2573 1006 2629 αὐτῶν
1036 2578 1142 2630 τῶν
1180 2572 1534 2647 μιμουμένων
1560 2573 1649 2627 καὶ
1683 2592 1833 2645 μετε-

177 2664 421 2740 χόντων,
450 2664 697 2720 τουτέστι
751 2667 858 2717 τῶν
914 2664 1050 2718 κατᾶ
1099 2663 1259 2738 χάριν
1293 2666 1425 2726 θεῶν
1458 2682 1515 2715 τε
1561 2659 1650 2715 καὶ
1697 2659 1833 2736 ἀγα-

173 2758 308 2821 θῶν,
344 2753 567 2816 εἰκότως
600 2754 712 2827 (23)
745 2751 876 2828 ὑπὲρ
906 2752 1005 2821 τήν
1040 2750 1297 2828 θεαρχίαν
1330 2749 1419 2806 καὶ
1449 2752 1549 2821 τήν
1598 2750 1831 2826 ἀγαοαρ-

168 2843 299 2919 χίαν
335 2842 505 2899 ἐστίν.

1862 1903 1909 1968 Β

1940 630 2051 686 que
2077 615 2234 670 enim
2263 614 2456 686 ipsam
2489 615 2763 670 deitatem
2796 621 2970 686 atque
3000 616 3328 674 bonitatem
3363 619 3457 674 hic
3490 620 3579 675 in-

1943 703 2124 775 telligi
2150 704 2359 759 debere
2385 702 2675 775 signiﬁcat
2723 705 3047 759 secundum
3097 707 3332 763 deitatis
3381 725 3581 764 essen-

1936 793 2104 857 tiam,
2134 791 2364 851 etiamsi
2394 791 2608 846 alicubi
2640 792 2801 847 visus
2831 791 2905 847 sit
2934 792 2991 847 id
3050 793 3300 851 voluisse
3350 797 3541 853 dicere
3568 824 3581 867 ;

1940 882 2039 937 sed
2071 881 2411 935 muniﬁcam
2442 880 2690 952 gratiam
2721 881 2985 937 insinuat
3014 899 3121 938 nos
3151 884 3357 955 utique
3400 887 3579 942 bonos

1939 968 2118 1026 simul
2138 973 2195 1025 et
2218 970 2357 1025 deos
2380 969 2860 1039 constituentem,
2883 971 3033 1041 ejus,
3058 971 3578 1044 inquam,gratiam

1940 1059 2040 1131 qui
2061 1075 2190 1115 vere
2212 1058 2368 1113 Deus
2388 1074 2638 1129 vereque
2660 1063 2751 1114 est
2772 1059 2983 1115 bonus.
3026 1060 3143 1115 Hoc
3169 1060 3326 1116 enim
3360 1063 3576 1119 donum

1938 1152 1997 1204 et
2019 1146 2179 1219 origo
2201 1151 2291 1202 est
2310 1150 2368 1202 et
2390 1162 2588 1216 causa,
2606 1147 2820 1217 quibus
2848 1148 2928 1201 dii
2951 1148 3239 1203 efﬁcimur
3274 1150 3494 1220 pariter
3522 1156 3580 1207 et

1939 1237 2099 1306 boni,
2131 1240 2188 1291 et
2208 1236 2381 1305 juxta
2410 1235 2561 1291 hanc
2590 1235 2874 1291 rationem
2915 1236 2998 1291 ait
3026 1236 3140 1291 dici
3189 1254 3370 1308 supra
3417 1239 3579 1310 prin-

1938 1326 2159 1399 cipium
2191 1324 2537 1392 divinitatis,
2572 1327 2628 1379 et
2658 1341 2838 1396 supra
2868 1325 3227 1397 principium
3279 1327 3583 1395 bonitatis,

1938 1416 2055 1471 ista
2084 1414 2306 1470 scilicet
2336 1414 2559 1469 ratione
2591 1418 2903 1485 conceptae.
2935 1414 2992 1468 Si
3041 1414 3221 1485 igitur
3267 1414 3377 1471 hoc
3406 1432 3440 1471 a
3465 1415 3579 1471 Deo

1938 1520 2297 1579 promanans
2326 1503 2543 1558 donum
2578 1502 2933 1574 principium
2965 1506 3054 1559 est
3100 1506 3311 1559 nostris
3351 1504 3581 1560 deiﬁca-

1936 1594 2141 1661 tionis,
2174 1592 2456 1648 nimirum
2487 1596 2688 1647 auctor
2711 1591 2867 1646 idem
2908 1597 2998 1648 est
3047 1592 3231 1648 totius
3279 1592 3579 1665 principii,

1939 1684 2058 1739 imo
2089 1681 2443 1755 principium
2473 1680 2597 1753 ipse
2630 1685 2779 1736 Deus
2804 1700 2817 1750 ;
2842 1685 3013 1752 atque
3065 1681 3147 1736 ita
3185 1682 3312 1750 jam
3361 1682 3578 1738 dictam

1940 1772 2218 1829 deitatem
2252 1769 2539 1826 asseritur
2558 1770 2991 1825 transcendere.
3014 1769 3214 1841 Neque
3243 1769 3400 1825 enim
3423 1770 3580 1825 Deus

1940 1861 2068 1934 ipse
2088 1858 2361 1917 eximiam
2384 1856 2547 1914 illam
2570 1857 2912 1928 bonitatem,
2935 1858 3431 1928 quemadmodum
3451 1874 3580 1928 nos,

1938 1948 2263 2006 secundum
2294 1945 2701 2002 habitudinem
2734 1946 2847 2001 sibi
2875 1945 3154 2015 vindicat,
3187 1947 3287 2001 sed
3319 1947 3448 2001 sine
3468 1947 3581 2002 ha-

1935 2037 2203 2096 bitudine
2233 2052 2336 2093 seu
2370 2035 2656 2107 qualitate
2686 2035 2881 2102 habet,
2935 2050 3042 2090 nec
3064 2034 3200 2105 jure
3244 2034 3533 2106 participii
3560 2054 3574 2104 ;

1934 2146 2042 2185 nos
2071 2131 2292 2197 contra,
2315 2128 2487 2198 juxta
2515 2126 2946 2195 habitudinem,
2973 2125 3267 2197 siquidem
3283 2124 3579 2181 vertibiles

1935 2235 2167 2288 sumus,
2198 2217 2297 2272 ille
2327 2216 2472 2272 nulli
2503 2216 2789 2272 obnoxius
2816 2215 3043 2271 vicariae
3075 2214 3406 2272 mutationi.
3458 2214 3577 2270 Ini-

1937 2307 2259 2364 mitabilem
2286 2306 2550 2361 insinuat
2579 2305 2678 2360 Dei
2708 2304 3119 2371 imitationem,
3142 2304 3580 2376 nostramipso-

1937 2413 2067 2453 rum
2101 2411 2230 2451 esse
2259 2394 2712 2463 deiﬁcationem,
2744 2397 3039 2465 quatenus
3069 2410 3197 2449 eam
3228 2394 3465 2465 assequi
3488 2395 3578 2450 da-

1939 2489 2056 2554 tur,
2086 2484 2556 2556 quandoquidem
2590 2483 2747 2539 enim
2774 2499 2891 2538 non
2922 2484 3069 2538 bene
3100 2483 3183 2537 dii
3229 2482 3577 2552 efficiamur,

1939 2574 2055 2632 nisi
2086 2590 2303 2629 numen
2335 2571 2600 2628 divinum
2630 2572 2939 2638 imitando,
2969 2572 3098 2628 ideo
3131 2573 3283 2629 246
3328 2572 3579 2629 imitatio

1942 2663 2176 2719 dicitur.
2208 2662 2351 2718 Cum
2384 2664 2579 2717 autem
2610 2661 2678 2717 ad
2712 2660 3061 2732 primarium
3091 2660 3238 2716 illud
3257 2660 3579 2717 divinitatis

1941 2750 2238 2823 exemplar
2258 2765 2328 2806 ne
2350 2748 2471 2805 ulla
2491 2749 2729 2821 quidem
2751 2766 2820 2804 ex
2840 2753 3001 2820 parte
3017 2749 3427 2822 pertingimus,
3445 2750 3581 2820 jure

1945 2840 2113 2897 nobis
2141 2839 2514 2896 inimitabilia
2548 2838 2851 2895 astruitur.
2894 2842 3038 2910 Ipsae
3068 2838 3246 2910 igitur
3267 2856 3360 2896 res
3394 2839 3582 2895 deitas

168 2939 221 2988 et
244 2932 488 2989 bonitas
519 2933 774 3003 (nostris)
805 2936 945 2988 sunt
975 2930 1239 2987 imitatio
1272 2934 1329 2987 et
1361 2929 1600 2986 habitus
1647 2946 1751 2986 seu
1800 2930 2010 3002 gratia,
2056 2930 2209 2985 circa
2256 2944 2404 3001 quos
2453 2927 2593 2982 talia
2634 2926 3114 2999 conspiciuntur;
3163 2928 3582 2999 participantes

166 3038 303 3079 vero
329 3024 385 3077 et
415 3020 718 3076 imitantes
748 3019 961 3092 angeli,
995 3025 1052 3075 et
1085 3019 1130 3074 ii
1173 3018 1481 3075 hominum
1511 3019 1664 3074 circa
1684 3034 1834 3090 quos
1863 3018 2009 3074 talia
2038 3017 2486 3090 conspiciuntur
2512 3034 2527 3083 ;
2560 3016 2757 3071 divina
2784 3032 2917 3071 vero
2942 3021 3154 3071 natura
3179 3020 3270 3071 est
3316 3016 3585 3074 inimita-

163 3112 305 3167 bilis
333 3115 390 3167 et
408 3110 713 3166 habitibus
744 3126 969 3165 carens.
1000 3108 1085 3164 Na
1108 3125 1165 3164 m
1200 3112 1422 3181 quanto
1455 3108 1587 3181 quis
1621 3108 1752 3179 quis
1781 3108 1852 3162 ad
1887 3106 2359 3179 qualemcunque
2390 3105 2801 3175 imitationem,
2833 3108 3008 3176 atque
3039 3106 3109 3160 ad
3144 3106 3419 3175 (efﬁctam
3466 3107 3585 3179 Dei)

166 3200 514 3272 qualitatem
549 3199 937 3269 promoverit:
972 3200 1143 3252 tanto
1177 3196 1465 3268 intelliget
1494 3197 1544 3251 is
1575 3195 1769 3251 verius
1806 3195 1968 3251 nulla
1997 3198 2085 3249 vel
2114 3194 2439 3250 imitatione
2469 3193 2554 3248 vel
2585 3193 2950 3260 habitudine,
2992 3194 3255 3249 numinis
3306 3194 3584 3265 majesta-

165 3292 282 3345 tem
314 3287 525 3360 attingi
555 3304 748 3360 posse.
781 3287 946 3342 Unde
976 3285 1060 3352 ﬁt,
1099 3290 1163 3340 ut
1194 3285 1599 3341 omnimodam
1631 3284 2021 3340 imitationem
2053 3289 2222 3354 atque
2252 3282 2777 3354 apprehensionem
2803 3281 3188 3337 numenillud
3210 3282 3380 3353 longe
3410 3299 3584 3339 exsu-

166 3381 352 3450 peret,
385 3393 496 3433 sua
526 3376 806 3431 nimirum
838 3374 1060 3431 deitate
1092 3372 1274 3430 simul
1306 3380 1362 3428 et
1391 3373 1689 3428 bonitate:
1725 3374 1842 3428 imo
1872 3389 2077 3428 omnes
2108 3372 2372 3428 omnium
2399 3370 2760 3426 imitantium
2801 3370 3400 3442 participantiumque
3428 3372 3581 3427 vires

167 3467 225 3521 in
258 3467 619 3521 immensum
651 3464 1060 3533 transcendit;
1095 3478 1296 3519 eorum
1327 3460 1616 3533 videlicet,
1650 3462 1752 3533 qui
1782 3462 2037 3535 gratuito
2068 3460 2171 3516 Dei
2194 3476 2434 3515 munere
2464 3458 2567 3526 dii,
2601 3457 2857 3529 bonique
2887 3457 3275 3529 appellantur.
3307 3458 3449 3515 Jure
3470 3459 3581 3530 igi-

171 3557 274 3610 tur
302 3570 483 3626 supra
515 3553 751 3609 deitatis
784 3556 842 3608 et
870 3551 1150 3607 bonitatis
1179 3548 1536 3623 principium
1568 3554 1676 3607 est.

571 3680 686 3732 ΕΙΣ
724 3680 857 3730 ΤΗΝ
895 3679 1299 3732 ΕΠΙΣΤΟΛΗΝ
1336 3675 1408 3732 Γ’.

2439 3672 2509 3728 ΙΝ
2550 3670 2956 3727 EPISTOLAM
2987 3670 3081 3726 ΙΙΙ.

247 3782 361 3850 Τὴν
418 3784 521 3836 τοῦ
591 3782 880 3858 προφήτου
948 3778 1245 3855 Μαλαχίου
1305 3778 1459 3855 ῥῆσιν
1515 3777 1567 3834 ἓν
1615 3777 1832 3842 τούτοις

2013 3778 2197 3835 Diclio
2229 3785 2468 3850 repente,
2509 3778 2650 3848 quid
2709 3776 2767 3831 in
2817 3776 2910 3832 his
2950 3776 3245 3833 Malachiae
3288 3777 3581 3850 prophetas

178 3868 431 3945 βοόλεται
485 3865 718 3939 διδάξαι,
754 3866 1061 3943 λέγοντος⁶
1092 3868 1379 3944 Ἐξαίφνης
1434 3867 1550 3938 ἥξει
1610 3867 1685 3929 εἷς
1739 3867 1832 3922 τὸν

1942 3867 2134 3922 verbis
2163 3866 2476 3938 signiﬁcet,
2509 3867 2716 3922 docere
2744 3866 2869 3921 vult
2898 3865 3067 3921 Pater
3091 3882 3104 3921 :
3138 3870 3374 3936 Repente
3400 3868 3581 3923 veniet

174 3960 359 4033 καιρὸν
443 3958 608 4014 αὐτοῦ
688 3958 919 4033 Κύριος,
976 3959 1036 4014 ὃν
1115 3960 1270 4032 ὑμεῖς
1350 3963 1605 4029 ζητεῖτε·
1666 3960 1755 4014 καὶ
1806 3959 1832 4012 6

1942 3956 2014 4011 ad
2040 3956 2305 4027 templum
2343 3971 2505 4010 suum
2538 3954 2820 4021 Dominus,
2872 3972 3033 4026 quem
3077 3970 3168 4010 vos
3213 3954 3499 4025 quaeritis:
3531 3960 3585 4009 et

181 4048 411 4123 ἄγγελος
501 4053 604 4117 τῆς
693 4045 961 4118 διαθήκης
995 4091 1009 4117 ,
1091 4048 1149 4102 ’ὸν
1260 4048 1417 4119 ὑμεῖς
1503 4046 1832 4111 ἐπιποθεῖτε.

1942 4046 2172 4116 angelus
2200 4042 2531 4110 testamenti,
2551 4060 2709 4114 quem
2728 4059 2818 4097 vos
2834 4042 3155 4098 desideratis
3172 4044 3273 4114 (n.)
3296 4042 3579 4115 Equidem

184 4139 348 4209 Οἶμαι
400 4134 462 4191 δὲ
522 4136 583 4192 τὸ
642 4135 807 4212 ῥητὸν
867 4140 1028 4191 τοῦτο
1078 4137 1224 4212 παρὰ
1252 4135 1395 4207 Γαίῳ
1424 4134 1741 4209 ἰρωτᾶσθαι,
1773 4137 1836 4191 τὸ

184 4227 310 4301 γοῦν
342 4227 474 4300 παρ’
506 4223 724 4293 ἐλπίδα,
754 4225 843 4280 καὶ
874 4229 970 4280 τοῦ
1019 4226 1154 4287 τέως
1203 4225 1434 4300 ἀφανοῦς
1486 4225 1560 4287 εἷς
1611 4226 1676 4281 τὸ
1733 4225 1835 4299 έμ-

187 4315 339 4389 φανές
398 4312 741 4389 ἐξαγόμενον,
802 4311 1052 4389 ἐξαίφνης
1110 4312 1271 4384 ἐστὶν,
1316 4314 1389 4375 ὡς
1433 4315 1519 4382 τὸ,
1551 4312 1838 4390 Ἐξαίφνης

184 4405 392 4478 γέγονεν
427 4406 464 4473 ἠ
500 4404 771 4479 ἀστραπή.
804 4404 1013 4458 Λοιπὸν
1048 4402 1139 4457 καὶ
1191 4402 1278 4456 ἐπὶ
1334 4410 1434 4472 τῆς
1483 4403 1836 4477 ἐνανθρωπή-

187 4514 313 4554 σεως
345 4497 449 4548 τοῦ
477 4496 611 4547 Θεοῦ
643 4492 845 4566 Λόγου,
875 4493 936 4560 ἢν
967 4489 1033 4560 δὴ
1067 4491 1157 4546 καὶ
1188 4493 1599 4569 φιλανθρωπίαν
1659 4492 1837 4564 καλεῖ,

183 4589 336 4639 τοῦτο
369 4581 542 4654 δηλοῖ
581 4582 643 4636 τὸ
676 4580 949 4656 ἐξαίφνης.
984 4581 1053 4638 Τί
1103 4582 1203 4656 γάρ
1254 4580 1606 4659 ἀφανέστερον
1664 4585 1837 4650 Θεοῦ;

185 4674 239 4727 τὸ
292 4676 423 4748 γοῦν
484 4670 545 4725 ἐκ
600 4667 696 4724 τοῦ
745 4670 976 4745 κρυφίου
1029 4662 1130 4738 τῆς
1165 4670 1423 4739 Θεότητος
1456 4688 1469 4701 ·
1501 4669 1560 4723 τὸ
1608 4668 1837 4743 κρύφιος

185 4761 279 4837 γὰρ
338 4758 619 4821 πολλάκις
677 4759 793 4813 ἀντὶ
850 4758 946 4813 τοῦ
1010 4758 1138 4819 Θεὸς
1199 4757 1397 4832 εἴληφε
1432 4776 1445 4790 ’
1478 4757 1836 4834 κρυφιὸτητα,

186 4852 276 4919 τήν
332 4848 570 4920 θεότητα
602 4870 615 4883 σ
678 4848 907 4926 κρύφιος
974 4852 1102 4922 γοῦν
1154 4847 1243 4902 καὶ
1294 4846 1518 4902 ἐνταῦθα
1575 4846 1691 4901 ἀντὶ
1741 4846 1837 4900 τοῦ

187 4940 328 5009 Θεὸς,
376 4940 453 4999 ὡς
512 4938 763 5013 ἀόρατος,
826 4934 1035 5012 εἷ’ρηται
1086 4938 1219 5010 (24).
1278 4936 1355 4991 Τὸ
1412 4940 1546 5010 γοῦν
1600 4934 1687 4989 ἐπὶ
1740 4939 1836 4989 τοῦ

1944 4133 2196 4190 arbitror
2225 4132 2576 4188 sententiam
2608 4131 2759 4185 hanc
2790 4130 2860 4186 ab
2891 4130 3018 4198 ipso
3060 4129 3190 4185 Caio
3223 4130 3281 4184 in
3312 4130 3587 4200 quastio-

1943 4238 2077 4279 nem
2112 4222 2366 4294 primum
2398 4219 2673 4292 positam.
2708 4217 2993 4293 Ἐξαίφνης
3015 4217 3194 4288 igitur
3222 4235 3344 4274 rem
3368 4218 3591 4273 indicat

1944 4310 2241 4382 insperato
2290 4309 2663 4375 emicantem,
2696 4312 2752 4361 et
2782 4309 2952 4378 quasi
2995 4323 3025 4361 e
3063 4306 3305 4362 latebris
3330 4307 3390 4361 in
3418 4324 3585 4378 aper-

1944 4404 2066 4455 tam
2125 4400 2316 4454 lucem
2355 4414 2482 4454 sese
2512 4397 2748 4468 inopine
2780 4401 3131 4468 repenteque
3160 4396 3545 4467 proferentem
3573 4412 3586 4450 :

1946 4493 2012 4543 ut
2040 4488 2185 4543 illud
2217 4493 2323 4556 cst,
2354 4484 2597 4560 ἐξαίφνης
2625 4482 2837 4559 γέγονεν
2870 4486 2903 4553 ἡ
2937 4483 3203 4557 ἀστραπή,
3234 4484 3288 4538 id
3339 4488 3448 4552 est,
3494 4500 3587 4539 rc-

1947 4581 2119 4650 pente
2158 4578 2310 4631 facta
2356 4581 2445 4631 est
2494 4575 2844 4629 coruscatio.
2899 4576 3155 4646 Denique
3207 4575 3278 4629 de
3326 4574 3589 4628 humana

1948 4683 2121 4722 carne
2152 4683 2185 4721 a
2213 4667 2327 4721 Deo
2366 4664 2554 4720 Verbo
2606 4668 2937 4736 assumpta,
2980 4680 3151 4735 quam
3202 4668 3371 4719 vocat
3421 4664 3590 4718 Pater

1948 4752 2377 4833 φιλανθρωπίαν,
2414 4755 2520 4809 hoc
2549 4752 2871 4809 etiamnum
2906 4753 3129 4808 dictum
3156 4769 3285 4808 esse
3333 4752 3592 4807 declarat

1950 4844 2147 4910 dictio,
2208 4840 2477 4915 ἐξαίφνης.
2524 4842 2669 4896 Nam
2722 4841 2884 4913 quid,
2938 4858 3155 4911 quaeso,
3208 4856 3452 4911 usquam
3502 4845 3591 4895 est

1953 4936 2064 4990 Dco
2096 4932 2385 4988 occultius
2411 4931 2439 4984 ‘?
2484 4930 2633 4985 lllud
2689 4929 2869 5002 igitur
2901 4928 2958 4982 ἐκ
2986 4933 3083 4983 τοῦ
3127 4928 3378 5004 κρυφίου,
3412 4928 3469 4982 id
3502 4934 3593 4984 est

186 5028 415 5107 κρυφίου
454 5034 556 5096 τῆς
606 5027 864 5096 θεότητος
918 5025 1010 5080 τὸν
1069 5025 1388 5099 ὑπεροόσιον
1456 5024 1532 5087 εἰς
1596 5025 1657 5079 τὸ
1718 5024 1832 5087 καθ’

1942 5040 2009 5079 ex
2049 5021 2299 5088 occulto,
2351 5020 2673 5076 divinitatis
2722 5019 2941 5074 indicat
2986 5035 3285 5073 arcanum.
3347 5014 3588 5090 Κρύφιος

187 5119 327 5189 ἡμᾶς
388 5114 723 5179 οὖσιωθέντα
753 5120 1029 5191 φανῆναι·
1060 5113 1221 5168 τοῦτό
1280 5111 1391 5168 ἐστι
1441 5114 1503 5167 τὸ
1562 5112 1835 5189 ἐξαίφνης.

190 5203 487 5260 Τίδ“δ“
611 5208 638 5238 τ’
785 5200 857 5221 "‘
990 5201 1203 5221 "'
1353 5199 1413 5223 ἠ
1539 5201 1553 5217 ‘
1692 5200 1822 5238 ν.

324 5228 369 5277 ε,
444 5226 499 5259 ια
544 5225 728 5273 τουτο,
782 5221 867 5257 οιο
916 5224 1007 5258 και
1056 5203 1298 5279 εξεφανη,
1342 5216 1451 5271 ηοη
1499 5223 1562 5255 το
1609 5222 1835 5278 κρυφιοδ

191 5290 532 5361 ἁπεϐἀλετο;
567 5290 821 5365 οὐδαμῶς
854 5310 866 5322 ·
902 5289 1047 5345 ἀλλᾶ
1093 5291 1183 5345 καὶ
1236 5291 1369 5363 μετᾶ
1414 5291 1513 5358 τήν
1574 5290 1840 5364 σάργωσιν

186 5383 412 5461 κρύφιός
460 5381 603 5437 ἐστιν
637 5400 649 5413 ·
688 5382 715 5435 ὁ
744 5381 844 5457 γὰρ
878 5383 1089 5449 Ἰησοῦς
1142 5380 1377 5454 Χριστὸς
1420 5378 1547 5440 Θεὸς
1604 5378 1836 5449 τέλειος,

188 5473 271 5526 καὶ
304 5472 594 5545 ἄνθρωπος
643 5467 874 5530 τέλειος.
909 5469 1012 5525 Καὶ
1077 5470 1179 5540 ὅρα
1222 5469 1359 5522 κατά
1415 5472 1785 5542 Νεστοριανῶν
1824 5487 1836 5500 ο

195 5559 408 5633 μᾶλλον
443 5557 524 5632 δὶ,
550 5557 643 5613 ’ἱνα
670 5559 733 5613 τὸ
764 5557 1033 5633 θειότερον
1067 5555 1203 5611 εἷ’πω
1237 5576 1249 5587 ·
1282 5561 1447 5612 τοῦτο
1494 5556 1594 5633 γάρ
1637 5556 1745 5612 ἐστι
1778 5557 1838 5611 τὸ

259 5716 397 5775 Mal.
432 5732 517 5772 ιιι.

1947 5112 2125 5181 enim,
2147 5109 2758 5182 occultus,plerumque
2780 5108 3036 5163 sumitur
3059 5107 3211 5161 Patri
3232 5124 3333 5177 pro
3353 5106 3589 5161 nomine

1952 5198 2100 5268 Θεός,
2134 5200 2190 5254 id
2224 5205 2311 5255 est
2336 5201 2497 5266 Deus,
2530 5202 2586 5253 et
2615 5215 2716 5270 per
2744 5194 3079 5272 κρυφιότητα
3108 5195 3471 5250 divinitatem
3503 5195 3589 5267 ip-

1950 5307 2075 5346 sam
2110 5290 2257 5344 solet
2299 5288 2637 5360 exprimere.
2695 5288 2895 5357 Itaque
2940 5283 3165 5361 κρύφιος
3202 5302 3304 5357 pro
3336 5285 3451 5340 Deo
3496 5285 3593 5340 hic

1950 5379 2223 5451 ponitur:
2260 5377 2751 5448 quemadmodum
2772 5373 3025 5447 ἀόρατος,
3050 5373 3382 5445 invisibilis,
3403 5375 3596 5429 dictus

1949 5473 2057 5525 est.
2087 5468 2197 5523 Sed
2256 5472 2312 5522 et
2357 5466 2524 5535 illud,
2576 5482 2643 5519 ex
2691 5464 2919 5519 occulto
2970 5463 3191 5519 scilicet
3245 5463 3590 5530 divinitatis,

1950 5558 2105 5629 quod
2140 5553 2729 5629 supersubstantialis
2761 5553 2859 5609 ille
2893 5558 3043 5609 Deus
3098 5554 3484 5625 conspicuum
3530 5568 3592 5606 se
