4062 6366
421 315 525 369 443
1241 311 1606 366 APPENDIX
1641 313 1738 367 AD
1774 311 2015 367 OPERA
2052 310 2113 364 Β.
2152 307 2468 365 DIONYSII
2506 308 3003 366 AREOPAGITB.
3722 312 3825 368 444

422 438 753 495 exhibuerit
772 437 970 493 trabea
992 439 1204 491 nostra:
1231 434 1423 490 carnis
1437 435 1722 491 amictus:
1741 435 1849 489 hoc
1869 433 2065 504 ipsum
2097 456 2112 498 λ

2223 432 2645 507 αομασιώτερον,
2704 433 2786 487 ὅτι
2837 432 2887 487 ἐν
2947 432 3082 506 αὑτῇ
3152 436 3219 506 τῇ
3296 431 3566 508 έκφὰνσει,
3625 435 3717 489 καὶ
3772 436 3824 490 έν

422 528 645 584 indicat
668 525 941 604 ἐξαίφνης,
973 525 1031 580 id
1084 528 1172 580 est
1203 525 1443 597 inoptne,
1470 524 1786 597 improvise,
1818 527 2062 594 repente.

2223 519 2319 593 5τῷ
2366 526 2444 593 τῷ
2476 521 2773 593 φαίνεσθαι,
2806 521 2868 577 τὸ
2915 521 3142 597 κρύφιον
3192 519 3349 596 ἔχει’
3399 525 3426 577 6
3474 522 3575 599 γὰρ
3624 530 3827 599 Κυριος

426 618 574 684 Quid
598 617 833 673 tandem
856 615 883 670 ?
916 615 1106 671 Hacne
1138 613 1326 686 gratia
1356 618 1458 669 aut
1488 614 1616 669 ideo
1640 613 2065 685 augustissima

2223 614 2339 684 μῶν
2390 613 2603 682 Ἰησοῦς
2654 611 2893 686 Χριστὸς
2945 611 3033 666 καὶ
3084 611 3134 666 ἐν
3190 610 3325 685 αὐτῇ
3372 616 3441 686 τῇ
3502 614 3623 669 καθ’
3680 616 3825 685 ἡμᾶς

424 708 519 762 Dei
554 706 835 777 majestas
892 703 1055 776 prius
1086 703 1148 758 in
1194 703 1591 758 secretissimo
1637 719 1871 759 secessu
1924 700 2069 757 deli-

2223 703 2427 779 ιφάνσει
2458 702 2730 775 ἄγνωστον
2776 696 2893 776 ἔχει
2924 702 2986 755 τὸ
3014 706 3113 770 τῆς
3138 700 3453 774 οἶκονομίας
3504 705 3824 779 μυστήριονο

419 799 674 865 tescens,
707 797 944 866 repente
970 791 1248 848 inclaruit
1276 792 1428 863 orbi,
1460 808 1640 864 seque
1671 790 1759 847 vel
1790 791 1961 864 vulgo
1982 791 2069 848 vi-

2223 791 2259 856 ἴς
2297 791 2397 866 γὰρ
2460 789 2650 861 ἐνόησε
2705 795 2823 853 πῶς
2882 788 3010 853 Θεὸς
3043 792 3406 866 συνανεκράθη
3440 792 3634 868 σαρκί;
3668 792 3825 849 ’Ὀθεν

421 885 664 943 sendam
693 880 946 955 dejecit?
975 880 1146 938 Nullo
1178 882 1370 937 modo.
1407 881 1555 945 Quin
1582 885 1716 953 post
1744 880 2070 953 susceptio-

2223 881 2270 936 zl
2322 878 2615 957 λεγόμενον
2676 876 2910 957 ἅρῥητον
2958 877 3124 954 μένει,
3156 879 3246 934 καὶ
3302 880 3597 954 νοούμενον
3654 883 3829 956 ἄγνω-

419 990 554 1031 nem
587 974 778 1029 carnis
809 975 1141 1044 perseverat
1170 972 1496 1027 etiamnum
1544 969 1831 1028 occultus.
1880 970 2070 1040 Siqui-
2181 992 2324 1029 στον.

424 1066 556 1121 dem
599 1064 772 1120 Jesus
803 1062 1069 1118 Christus
1101 1061 1392 1133 perfectus
1423 1060 1600 1128 Deus,
1642 1063 1933 1133 perfectus
1962 1067 2119 1123 idem
2149 1065 2300 1123 248
2332 1066 2388 1120 et
2417 1062 2591 1118 homo
2638 1064 2746 1118 est.
2780 1060 2923 1117 Mihi
2980 1061 3130 1129 vide,
3182 1066 3247 1117 ut
3289 1063 3572 1119 adversus
3621 1062 3832 1119 Nesto-

425 1155 620 1209 rianos
647 1153 771 1224 jam
812 1156 939 1206 tum
983 1150 1487 1220 congrediebatur.
1545 1149 1731 1222 Magis
1780 1167 1937 1224 vero,
1983 1160 2051 1212 ut
2102 1156 2386 1228 quiddam
2436 1150 2693 1208 divinius
2737 1149 3154 1222 pronuntiem;
3202 1151 3311 1207 hoc
3360 1152 3517 1208 enim
3570 1150 3835 1206 admira-

425 1243 605 1298 bilius
635 1246 743 1313 est,
779 1242 935 1314 quod
968 1240 1028 1296 in
1062 1240 1171 1297 hac
1203 1258 1313 1296 sua
1354 1256 1634 1313 perquam
1693 1242 1911 1300 illustri
1966 1244 2460 1311 manifestatione,
2493 1242 2555 1298 in
2585 1258 2652 1298 eo
2682 1241 2807 1313 ipso
2856 1241 3013 1312 quod
3056 1242 3351 1313 apparuit,
3401 1258 3687 1298 arcanum
3739 1258 3831 1297 re-

422 1334 588 1389 tinet.
623 1330 904 1387 Dominus
937 1330 1093 1386 enim
1127 1334 1324 1386 noster
1369 1331 1544 1387 Jesus
1586 1331 1860 1389 Christus
1918 1334 1977 1391 in
2024 1337 2152 1407 ipsa
2197 1335 2508 1402 assumpta:
2554 1330 2746 1387 carnis
2790 1334 3001 1386 nostrae
3041 1330 3415 1400 revelatione,
3467 1331 3835 1403 incognitum

425 1426 617 1478 servat
647 1424 1085 1477 sacramentum
1119 1420 1568 1493 dispensatoris;
1598 1420 1773 1479 istius
1802 1423 2251 1483 incarnationis.
2280 1423 2421 1490 Quis
2478 1421 2636 1478 enim
2687 1420 2974 1477 intellexit
3018 1421 3308 1492 omnium,
3360 1436 3476 1492 quo
3509 1421 3679 1492 pacto
3713 1434 3839 1475 sese

427 1511 582 1567 Deus
611 1510 1020 1583 attemperarit
1049 1508 1268 1566 carni?
1309 1510 1461 1565 unde
1492 1509 1559 1565 ﬁt
1590 1514 1655 1566 ut
1683 1509 1795 1568 hoc
1849 1514 1985 1570 dum
2035 1514 2273 1583 dicitur,
2320 1510 2656 1569 ineffabile:
2704 1510 2847 1567 dum
2894 1509 3272 1582 intelligitur,
3325 1512 3525 1566 manet
3570 1508 3841 1581 incogni-

428 1603 576 1659 tum.

930 1708 1005 1763 IN
1048 1707 1449 1762 EPISTOLAM
1489 1709 1582 1766 IV.

2584 1710 2698 1764 ΕΙΣ
2739 1710 2881 1766 ΤΗΝ
2918 1707 3336 1765 ΕΠΙΣΤΟΛΗΝ
3376 1707 3446 1765 Δ’.

501 1815 646 1873 Aliis
669 1814 894 1888 aliquot
918 1813 1063 1871 locis
1086 1813 1398 1871 antevertit
1420 1817 1662 1872 sanctus
1679 1816 1746 1873 de
1760 1816 1856 1874 his
1869 1817 2080 1876 dicere.

2265 1820 2529 1894 ’Έφθασεν
2587 1815 2754 1870 εἰπεῖν
2805 1816 2833 1869 6
2880 1816 3030 1892 ἅγιος
3076 1814 3166 1870 καὶ
3220 1813 3272 1869 έν
3322 1813 3516 1875 ἄλλοις
3550 1831 3564 1846 ⁸
3596 1812 3733 1875 τέως
3786 1810 3842 1868 δὲ

435 1906 581 1962 Nam
606 1904 781 1978 paulo
813 1906 946 1960 ante
971 1904 1030 1958 in
1057 1919 1229 1975 opere
1263 1905 1597 1962 Divinarum
1617 1906 1906 1964 nominum
1940 1909 2088 1966 dixit

2223 1902 2532 1980 πλατύτερον
2566 1901 2617 1959 ἐν
2642 1908 2722 1977 τῷ
2779 1903 2911 1979 Περί
2956 1903 3111 1959 θείων
3173 1901 3476 1979 ὀνομάτων,
3512 1902 3595 1956 ὅτι
3641 1899 3732 1956 καὶ
3784 1900 3843 1955 ἐκ

432 1994 648 2063 fusius,
681 1994 836 2066 quod
870 1993 940 2048 ab
965 1993 1123 2049 omni
1157 2009 1217 2049 re
1248 1994 1403 2049 Deus
1436 1995 1937 2055 nomenclaturam
1964 2014 2087 2055 sor-

2223 1996 2408 2050 εάντων
2588 1995 2615 2048 6
2667 1994 2795 2057 Θεὸς
2844 1992 3186 2068 ὀνομᾶζεται,
3235 1995 3324 2050 καὶ
3379 1996 3508 2048 πᾶσι
3568 1991 3793 2067 πάρεστι
3827 2008 3840 2023 ·

433 2085 635 2151 tiatur,
660 2083 1058 2154 omnibusque
1081 2082 1409 2139 adsit.Illud
1427 2085 1869 2159 quidem,quasi
1887 2094 2093 2145 auctor

2223 2082 2261 2138 :6
2317 2085 2437 2157 μὲν,
2469 2085 2543 2145 ὡς
2602 2083 2774 2147 αἴτιος
2830 2083 2888 2138 ἐκ
2933 2088 3041 2138 τῶν
3072 2083 3327 2139 αἰτιατῶν
3361 2102 3373 2115 ’
3406 2082 3467 2137 τὸ
3498 2078 3575 2151 δὲ,
3608 2083 3678 2155 τῇ
3710 2101 3848 2156 προ-

442 2189 475 2229 a
504 2172 681 2228 rebus
713 2172 1006 2241 causatis;
1041 2172 1150 2229 hoc
1182 2176 1376 2229 autem
1411 2190 1515 2246 per
1568 2174 1759 2248 ipsius
1809 2179 2097 2250 contingit

2223 2170 2344 2243 ιοίᾳ,
2400 2171 2473 2233 ὡς
2528 2174 2840 2248 προνοητής
2895 2174 3130 2229 πάντων.
3188 2176 3315 2234 Τοῖς
3396 2169 3669 2231 τοιούτοις
3726 2173 3853 2245 γοῦν

445 2262 897 2334 providentiam,
952 2265 1015 2317 ut
1060 2262 1159 2333 qui
1213 2262 1489 2320 omnibus
1532 2266 1854 2336 provideat.
1925 2267 2097 2323 Caius

2223 2263 2474 2334 ιοήμασιν
2508 2263 2535 2316 6
2586 2262 2744 2324 Γάϊος
2800 2259 3240 2329 κατακολουθῶν,
3274 2259 3389 2315 ἐπεὶ
3438 2260 3493 2315 ’ἐν
3551 2258 3854 2335 εὑρίσκεται

442 2353 628 2425 igitur
650 2352 710 2408 in
743 2352 1033 2423 ejusmodi
1066 2355 1391 2409 sententias
1440 2356 1804 2413 succedanea
1851 2356 2100 2414 lectione

452 2442 790 2509 devolutus,
815 2442 913 2497 ubi
947 2441 1169 2498 nomini
1208 2440 1296 2497 illi
1330 2442 1683 2513 thearchico,
1731 2447 1903 2517 Jesus,
1952 2446 2101 2502 alte-

453 2548 588 2586 rum
647 2531 991 2601 adjunctum
1050 2530 1291 2601 invenit,
1360 2539 1501 2604 puta
1550 2527 1856 2607 ἅνθρωπος,
1905 2535 1964 2590 id
2014 2539 2102 2591 est

455 2626 634 2687 homo,
656 2624 723 2675 ut
743 2624 850 2689 est,
881 2620 1063 2675 Filius
1086 2619 1363 2676 hominis.
1391 2621 1539 2676 Illud
1562 2622 1703 2678 item
1727 2624 2061 2696 expressius
2087 2642 2101 2680 :

452 2710 601 2775 Quid
624 2726 719 2767 me
736 2710 999 2781 quaeritis
1022 2709 1664 2767 interﬁcerehominem
1684 2713 1783 2784 qui
1800 2713 2103 2768 veritatem

454 2798 571 2855 dixi
614 2798 827 2855 vobis?
874 2798 969 2853 Ait
1016 2813 1152 2869 ergo
1197 2802 1402 2854 sancto
1467 2800 1617 2871 patri
1665 2802 1838 2856 Caius
1887 2802 1943 2872 (a
1972 2801 2103 2857 Caio

456 2888 612 2942 enim
651 2891 809 2942 mota
840 2886 1084 2957 quaestio
1129 2889 1287 2955 est):
1340 2888 1488 2952 Quid
1540 2890 1742 2961 utique
1790 2888 2103 2945 dicendum

457 2974 629 3029 nobis
651 2974 721 3028 de
740 2974 867 3045 ipso
886 2973 1048 3039 Jesu,
1069 2971 1170 3045 qui
1193 2974 1351 3029 omni
1375 2981 1644 3033 creatura
1685 2978 1951 3049 superior
1976 2982 2101 3047 est;

459 3062 560 3134 qui
592 3079 724 3118 cum
757 3063 1085 3118 secundum
1116 3068 1481 3136 assumptam
1517 3067 1910 3124 substantiam
1940 3068 2102 3124 visus
2133 3088 2176 3156 ρ

460 3153 659 3220 homo,
687 3151 745 3206 in
778 3150 1040 3207 ordinem
1075 3151 1319 3209 allectus
1348 3161 1435 3210 est
1466 3156 1709 3224 caeteris,
1737 3158 2102 3213 communio-

457 3257 529 3297 ne
558 3240 902 3297 substantiae
934 3258 946 3297 :
980 3241 1136 3297 idem
1170 3242 1456 3299 astruitur
1486 3243 1682 3313 homo,
1716 3249 1774 3301 et
1806 3247 1861 3301 in
1921 3246 2107 3302 homi-

457 3347 601 3387 num
635 3332 783 3386 serie
818 3334 1163 3387 numeratur
1188 3337 1251 3387 ut
1277 3348 1411 3388 vere
1434 3333 1650 3390 homo?
1671 3335 1824 3390 Num
1849 3334 1943 3392 hic
1965 3352 2107 3407 quo-

458 3434 569 3491 que
592 3419 937 3488 dixerimus,
963 3420 1104 3491 quia
1124 3417 1298 3476 homo
1330 3422 1568 3487 dicitur,
1593 3428 1881 3493 quatenus
1906 3428 2109 3480 auctor

457 3516 547 3567 est
566 3511 867 3567 hominum
895 3513 1708 3586 ;quemadmodum,exempli
1732 3516 2106 3586 gratia,idem

463 3604 705 3655 vocatur
733 3606 789 3655 et
820 3600 905 3655 sol
932 3604 990 3655 et
1022 3600 1141 3667 lux,
1178 3601 1332 3671 quod
1365 3602 1541 3657 solem
1569 3603 1764 3674 ipsum
1800 3605 2110 3676 lucemque

466 3688 839 3745 condiderit?
872 3692 940 3743 Et
975 3704 1180 3743 rursus
1212 3691 1480 3760 nunquid
1511 3691 1581 3746 de
1609 3691 1720 3748 hoc
1747 3694 1933 3765 (Jesu)
1955 3693 2108 3749 dice-

467 3794 601 3832 mus
633 3777 788 3847 quod
823 3777 1028 3832 adesse
1055 3776 1396 3833 hominibus
1424 3780 1675 3850 dicatur,
1707 3785 1988 3851 tanquam
2012 3781 2111 3838 ho-

467 3882 599 3922 rum
628 3865 912 3938 provisor,
938 3864 1091 3921 sicut
1111 3870 1168 3921 et
1190 3865 1322 3921 aliis
1340 3868 1611 3923 omnibus
1633 3870 1834 3925 adesse
1851 3870 2068 3925 dicitur
2084 3870 2111 3925 Ἰ

465 3956 568 4012 Hic
599 3954 754 4011 enim
784 3954 1056 4009 videlicet
1080 3955 1139 4010 in
1172 3955 1610 4027 dispensatione
1639 3959 1832 4015 carnis
1863 3976 1897 4014 a
1924 3959 2112 4016 Verbo

470 4048 772 4117 susceptae,
806 4045 1092 4102 rationem
1115 4045 1375 4117 aliquam
1400 4047 1754 4119 peculiarem
1783 4064 2115 4120 quaeramus

472 4138 701 4205 oportet
724 4154 738 4205 ;
760 4152 891 4190 cum
912 4136 1633 4208 praeterdispensationem
1654 4153 1887 4209 quoque
1902 4139 2112 4210 ipsam,

470 4224 663 4280 vocari
695 4225 882 4296 possit
911 4224 1109 4295 homo,
1143 4226 1317 4297 quasi
1348 4230 1550 4281 auctor
1579 4225 1884 4281 hominum
1917 4231 1975 4281 et
1997 4228 2117 4297 opi-

470 4314 588 4371 fex.
629 4314 943 4370 Conﬁrmat
972 4314 1083 4369 hoc
1112 4314 1171 4369 in
1203 4314 1700 4386 Chronographiis
1730 4331 1832 4370 seu
1858 4316 1916 4371 in
1948 4315 2116 4371 libris

469 4404 543 4458 De
600 4411 903 4475 temporum
960 4404 1102 4458 serie
1160 4403 1491 4474 Africanus,
1538 4405 2034 4475 quemadmodum
2085 4423 2119 4461 a

469 4492 792 4562 majoribus
846 4492 1066 4547 nostris
1110 4492 1407 4563 proditum
1456 4497 1546 4548 est
1595 4494 1910 4549 memoriae.
1960 4495 2114 4550 Deus

470 4580 628 4636 enim
650 4582 854 4635 eodem
888 4580 1124 4636 nomine
1148 4597 1263 4652 quo
1286 4598 1377 4637 res
1401 4583 1472 4636 ab
1498 4582 1624 4654 ipso
1647 4584 2115 4655 conditae,appel—

469 4668 657 4725 latur:
690 4669 1163 4739 quandoquidem
1205 4670 1263 4725 in
1297 4670 1549 4742 singulis
1589 4671 1873 4742 exsistat;
1905 4672 1964 4726 in
1995 4672 2117 4729 dis-

471 4760 814 4832 pensatione
847 4762 1047 4814 autem
1074 4760 1369 4831 assumpti
1402 4760 1662 4816 hominis
1695 4778 1810 4816 non
1835 4764 2119 4832 tanquam

471 4853 677 4905 auctor
704 4848 1035 4918 hominum,
1062 4865 1264 4903 verum
1284 4853 1564 4920 tanquam
1589 4853 1913 4905 secundum
1938 4854 2119 4905 totam

469 4938 863 4995 substantiam
888 4938 1037 4994 249
1058 4939 1315 4993 humana
1337 4938 1739 4995 circumdatus
1754 4955 1927 4994 carne
1946 4939 2120 4996 homo

466 5030 836 5100 przedicatur.
894 5029 971 5084 Ad
1029 5028 1150 5083 haec
1199 5028 1381 5101 igitur
1427 5030 1598 5085 Pater
1648 5031 2033 5101 respondens,
2066 5034 2123 5087 et

465 5135 600 5174 cum
631 5123 831 5190 posset
863 5119 1160 5191 propriam
1196 5118 1289 5173 hic
1325 5119 1615 5174 rationem
1664 5118 1905 5187 dixisse,
1963 5119 2120 5190 quod

467 5212 751 5278 tanquam
772 5225 905 5265 vere
927 5210 1188 5265 humana
1211 5224 1387 5265 carne
1408 5208 1656 5265 vestitus
1676 5207 1850 5264 homo
1868 5209 2121 5273 dicatur,

471 5314 662 5369 neque
683 5299 984 5355 veritatem
1005 5299 1337 5371 corrupisse
1359 5298 1470 5370 (sic
1490 5297 2121 5370 respondendo).Priue

472 5404 605 5443 vero
637 5389 837 5444 volens
867 5389 1042 5444 etiam
1075 5390 1185 5445 hoc
1232 5390 1489 5459 (nomen)
1516 5389 1687 5459 juxta
1718 5387 2120 5443 definitionem

476 5477 724 5533 aliorum
778 5477 1011 5547 (Christi
1055 5478 1337 5533 nimirum
1390 5478 1716 5533 secundum
1772 5493 2011 5531 causam
2068 5480 2125 5531 et

478 5566 787 5639 principia)
820 5591 832 5635 ;
867 5568 971 5622 hoc
1004 5569 1159 5623 enim
1191 5567 1302 5623 sibi
1325 5567 1615 5639 proponit,
1643 5567 1759 5621 ait:
1789 5565 1906 5621 Nos
1929 5569 2123 5621 autem

473 5659 675 5714 Jesum
709 5656 1053 5728 neutiquam
1088 5656 1349 5713 humana
1378 5656 1639 5713 ﬁnitione
1698 5654 2125 5712 circumscribi-

2146 4461 2193 4525 D
2226 4489 2313 4545 καὶ
2352 4461 2426 4562 μη
2461 4461 2976 4568 λυμήνασθαιτὴνφ
3010 4461 3426 4565 (Ξιλισςθειανβε)ι
3448 4510 3462 4524 .

2209 2351 2298 2407 ἐπὶ
2326 2355 2423 2405 τοῦ
2453 2353 2767 2428 θεαρχικοῢ,
2801 2353 3012 2422 Ἰησοῦς
3060 2346 3236 2424 ὄνομα
3282 2351 3372 2406 καὶ
3425 2350 3487 2405 τὸ
3548 2346 3860 2425 ἅνθρωπος,

2211 2442 2285 2503 ὡς
2312 2442 2396 2509 τὸ,
2424 2442 2451 2495 6
2482 2440 2605 2504 Υἱὸς
2650 2444 2750 2495 τοῦ
2798 2440 3109 2517 ἀνθρώπου,
3139 2439 3229 2495 καὶ
3277 2438 3353 2495 ἔτι
3389 2439 3711 2518 σαφέστερον
3750 2456 3764 2471 ο
3796 2437 3863 2495 Τί

2216 2529 2425 2599 ζητεῖτέ
2470 2551 2534 2602 με
2568 2530 2899 2602 ἀποκτεῖναι,
2934 2528 3238 2603 ἄνθρωπον,
3270 2529 3329 2591 ’ὀς
3374 2530 3519 2584 εἶπον
3579 2528 3707 2601 ὑμῖν
3766 2526 3863 2596 τήν

2214 2616 2507 2690 ἀλήθειαν;
2546 2619 2678 2698 φησὶ
2721 2619 2902 2675 τοίνυν
2955 2620 2981 2673 6
3023 2620 3185 2683 Γάϊος
3215 2620 3350 2691 πρὸς
3407 2618 3497 2673 τὸν
3568 2619 3723 2693 ἅγιον
3756 2617 3866 2686 (ἀπ’

2216 2705 2422 2761 ἐκείνου
2472 2708 2575 2782 γὰρ
2635 2710 2669 2777 ἡ
2724 2704 3033 2782 έρώτησις)·
3068 2706 3135 2765 Τί
3157 2705 3381 2782 λέξομεν
3414 2706 3657 2781 περὶτοῦ
3688 2707 3868 2776 Ἰησοῦ

2212 2800 2309 2850 τοῦ
2360 2794 2575 2851 πάντων
2633 2796 2877 2852 ἐπέκεινα
2913 2815 2925 2830 '
2987 2794 3074 2851 ὅτε
3120 2800 3240 2852 κατ’
3287 2795 3469 2851 οὐσίαν
3526 2793 3867 2870 βλεπόμενος

2216 2882 2501 2961 ἅνθρωπος
2558 2887 2899 2941 συντέτακται
2951 2890 3109 2942 πᾶσιν
3166 2883 3463 2955 ούσιωδῶς,
3508 2885 3598 2940 καὶ
3652 2881 3869 2958 ἄνθρω-

2214 2993 2315 3035 πος
2374 2970 2610 3049 λέγεται,
2657 2972 2747 3028 καὶ
2804 2973 2854 3028 ἒν
2900 2979 3017 3037 τοῖς
3076 2974 3381 3050 ἀνθρώποις
3437 2973 3546 3029 ἐστὶ
3605 2972 3867 3043 πάντωςς

2215 3063 2294 3119 Οὐ
2358 3084 2431 3136 μη
2485 3065 2727 3141 φήσομεν
2786 3064 2874 3118 καὶ
2907 3061 3151 3133 ἐνταῦθα,
3185 3060 3581 3140 ὅτιὸίνθρωπος
3631 3061 3868 3136 λέγεται,

2215 3153 2289 3214 ὡς
2320 3150 2491 3214 α’ίτιος
2523 3154 2820 3229 ἀνθρώπων
2856 3172 2870 3186 ’
2905 3151 3084 3228 ὥσπερ
3144 3149 3361 3224 δηλαδὴ
3413 3153 3503 3207 καὶ
3560 3148 3748 3223 ἥλιος,
3780 3152 3867 3206 καὶ

2216 3243 2349 3318 φῶς,
2418 3241 2493 3305 ὡς
2549 3240 2718 3304 α’ίτιος
2770 3244 2936 3311 ἠΛίου
2992 3242 3082 3296 καὶ
3140 3242 3356 3321 φωτός;
3425 3240 3525 3296 Καὶ
3564 3238 3763 3296 πάλιν·
3796 3239 3873 3298 Οὐ

2220 3332 2296 3404 μή
2357 3331 2601 3408 φήσομεν
2656 3330 2743 3387 ἐπὶ
2785 3329 2985 3386 τούτου
3039 3334 3173 3405 (26),
3215 3332 3297 3387 δτι
3357 3334 3592 3386 συνεῖναι
3651 3328 3871 3405 λέγεται

2215 3425 2333 3483 τοῖς
2363 3419 2694 3495 ἀνθρώποις,
2729 3421 2801 3481 ὡς
2823 3421 3137 3495 προνοητὴς
3168 3420 3398 3492 τούτων,
3426 3420 3604 3483 καθὼς
3633 3420 3725 3474 καὶ
3758 3424 3871 3481 τοῖς

2219 3507 2417 3571 ἂἿιλοις
2446 3509 2608 3563 ἅπασι
2643 3515 2876 3564 συνεῖναι
2900 3508 3114 3585 λέγεται
3147 3513 3256 3584 (27)
3283 3529 3296 3579 ;
3322 3505 3541 3566 Ἐνθάδε
3569 3508 3872 3583 γὰρ,ἦγουν

2219 3598 2272 3654 ἐν
2304 3601 2372 3672 τῇ
2406 3597 2709 3672 οἰκονομίᾳ,
2743 3597 2909 3675 λόγον
2937 3598 3060 3654 τινὰ
3082 3596 3227 3655 ’ίδιον
3263 3600 3594 3673 ζητήσομεν,
3628 3597 3746 3653 ἐπεὶ
3788 3600 3874 3652 καὶ

2221 3686 2355 3762 δίχα
2382 3688 2605 3758 ταύτης,
2634 3688 2722 3743 καὶ
2782 3688 2858 3750 ὡς
2914 3686 3089 3751 ατίτιος
3148 3688 3447 3764 ἀνθρώπων
3490 3688 3580 3742 καὶ
3610 3689 3875 3757 ποιητὴς,

2220 3776 2486 3848 κληθείην
2518 3774 2576 3831 ἂν
2626 3775 2925 3851 ἅνθρωπος.
2955 3778 3123 3832 Τοῦτό
3169 3798 3329 3855 φησιν
3384 3776 3435 3832 ὲν
3489 3782 3610 3839 ταῖς
3659 3781 3875 3853 Χρονο-

2220 3865 2473 3943 γραφίαις
2509 3867 2614 3937 (28)
2659 3866 2748 3920 καὶ
2799 3868 3149 3942 Ἀφρικανὸς,
3198 3867 3274 3929 ὡς
3332 3864 3560 3922 παλαιοὶ
3608 3868 3828 3942 Λέγουσι
3861 3884 3874 3900 ’

2224 3957 2440 4032 λέγεται
2471 3955 2571 4032 γὰρ
2605 3955 2917 4030 ὁμωνύμως
2947 3959 2975 4013 6
2999 3960 3131 4021 Θεὸς
3161 3962 3291 4013 πᾶσι
3313 3964 3429 4019 τοῖς
3463 3957 3515 4027 ἐξ
3546 3958 3711 4012 αὐτοῦ
3743 3958 3877 4029 (29),

2226 4044 2414 4113 ἰπειδὴ
2466 4045 2516 4099 ἐν
2551 4045 2709 4100 πᾶσίν
2745 4045 2882 4101 ἐστιν
2915 4049 3027 4119 (30)
3052 4066 3065 4079 ⁸
3102 4045 3154 4101 ἐν
3206 4044 3263 4101 δὲ
3308 4047 3379 4118 τῇ
3407 4046 3697 4119 οἰκονομίᾳ
3733 4043 3883 4101 δοκεῖ

2228 4135 2335 4209 οὐχ
2364 4135 2439 4195 ὡς
2472 4132 2643 4196 α’ίτιος
2666 4136 2988 4211 ἀνθρώπων,
3022 4137 3095 4198 ὡς
3145 4136 3283 4191 κατᾶ
3342 4136 3441 4205 τὴν
3502 4134 3686 4191 οὐσίαν
3750 4133 3883 4205 ὅλην

2228 4224 2535 4290 οὐσιωθεὶς,
2567 4224 2853 4298 ἄνθρωπος
2885 4226 3102 4300 Λέγεται
3133 4226 3271 4298 (31).
3304 4226 3452 4300 Πρὸς
3497 4229 3668 4279 ταῦτα
3695 4228 3825 4300 γοῦν
3859 4224 3883 4277 ὁ

2227 4312 2411 4386 Πατὴρ
2445 4308 3185 4388 ἁπολογούμενος,καὶέχων
3224 4315 3318 4387 μὶν
3353 4312 3524 4369 εἷπεῖν
3550 4310 3696 4368 ’ίδιον
3723 4311 3883 4388 λόγον

2229 4400 2473 4470 ἐνταῦθα,
2507 4401 2589 4454 ὅτι
2624 4401 2696 4461 ὡς
2728 4400 2953 4472 ἀληθῶς
2984 4401 3284 4477 σαρκωθεὶς
3316 4400 3601 4477 ἄνθρωπος
3646 4400 3883 4476 λέγεται,

3504 4492 3643 4552 τέως
3700 4488 3759 4545 δὲ
3800 4491 3882 4544 καὶ

2223 4584 2384 4635 τοῦτο
2415 4577 2585 4633 θέλων
2616 4580 2752 4634 κατᾶ
2798 4581 2889 4635 τὸν
2943 4579 3115 4655 λόγον
3181 4582 3289 4635 τῶν
3350 4579 3546 4654 ἑτέρων
3606 4578 3883 4653 ὀνομάτων

2230 4667 2614 4742 ἐξηγήσασθαι,
2649 4665 2907 4738 δηλονότι
2940 4670 3076 4724 κατὰ
3131 4669 3195 4725 τὸ
3246 4667 3419 4724 α’ίτιον
3477 4671 3659 4741 (τοῦτο
3709 4669 3811 4744 γὰρ
3860 4668 3885 4720 6

2231 4755 2477 4827 σκοπὸς),
2505 4756 2667 4834 φησίν
2703 4774 2715 4787 ⁸
2759 4758 2950 4830 Ἡμεῖς
2982 4760 3093 4831 (33)
3154 4755 3213 4811 δὲ
3261 4759 3354 4813 τὸν
3384 4759 3595 4826 Ἰησοῦν
3653 4756 3754 4811 οὐκ
3801 4758 3885 4810 ἁν-

2232 4849 2525 4920 θρωπικῶς
2558 4845 2911 4922 ἀφορίζομεν,
2942 4846 3088 4901 τοῦτ’
3118 4844 3259 4900 ἔστιν
3295 4847 3359 4900 οὐ
3404 4847 3570 4918 μόνον
3601 4844 3883 4919 ἄνθρωπον

2233 4935 2492 5008 λέγομεν.
2544 4938 2668 4995 Πῶς
2727 4936 2829 5009 γὰρ
2909 4933 3186 5010 λέγοιμεν,
3242 4933 3563 5009 ὑπερούσιος
3620 4937 3883 5004 Ἰησοῦςς

2232 5022 2399 5099 Ε’ίπερ
2430 5024 2496 5092 ἦν
2530 5024 2691 5096 μόνον
2743 5020 3050 5097 ἄνθρωπος,
3082 5027 3202 5085 πῶς
3254 5021 3468 5097 ἐλέγετο
3520 5022 3843 5098 ὑπερούσιος
3874 5040 3884 5088 ;

2234 5110 2409 5169 Ἀλλὰ
2437 5110 2720 5188 ἄνθρωπος
2772 5114 2866 5186 μὲν
2897 5110 3123 5183 ἀληθῶς
3191 5114 3219 5167 6
3280 5111 3402 5167 λίαν
3456 5110 3882 5191 φιλάνθρωπος·

2231 5206 2392 5257 τοῦτο
2449 5202 2552 5277 γᾶρ
2612 5199 2721 5257 ἐστι
2752 5201 2816 5257 τὸ
2849 5201 3238 5277 διαφερόντως,
3273 5199 3534 5271 δηλονότι
3590 5202 3618 5255 6
3677 5200 3883 5256 πάντων

2234 5289 2501 5368 διαφέρων
2529 5291 2665 5346 κατὰ
2708 5292 2770 5346 τὸ
2815 5288 3206 5367 φιλάνθρωπον
3240 5293 3372 5364 (34).
3408 5291 3731 5365 Ἀνθρωπος
3776 5287 3882 5344 τοί-

2231 5402 2318 5435 νυν
2382 5379 2601 5447 ἆληθῶς
2662 5381 2689 5434 6
2750 5377 3462 5456 ὑπερούσιος,ούσιωμένος
3494 5378 3582 5434 ἐπὶ
3628 5382 3739 5433 τῶν
3798 5379 3881 5431 ἂν·

2233 5471 2468 5543 θρώπων
2550 5469 2758 5540 οὐσίας,
2816 5471 2903 5524 καὶ
2980 5471 3097 5525 κατ’
3175 5469 3515 5543 ἀνθρώπους,
3573 5466 3665 5521 καὶ
3754 5467 3876 5540 ὑπὲρ

2235 5561 2553 5635 ἀνθρώπους
2588 5581 2599 5594 ·
2659 5560 2775 5613 κατ’
2829 5559 3144 5635 ἀνθρώπους
3198 5560 3316 5631 μὲν,
3371 5554 3461 5612 διὲι
3532 5555 3595 5611 τὸ
3673 5556 3724 5610 ἐν
3775 5556 3874 5629 μή·

2232 5670 2334 5725 τρᾳ
2391 5648 2852 5723 χωρηθῆναι,καῖ
2914 5648 2973 5704 ἐκ
3024 5654 3130 5705 τῶν
3189 5651 3522 5724 παρθενικῶν
3566 5645 3655 5700 καὶ
3713 5643 3869 5719 ἁγίων
