4062 6366
202 424 303 485 445

1015 416 1479 476 PACHYMEBE
1516 410 2023 469 ΡΔΒΔΡΗΒΑΒῙΒ
2058 410 2133 465 IN
2170 409 2327 463 EPP.
2370 409 2430 462 S.
2470 406 2801 462 DIONYSII.

3508 410 3613 466 446

206 545 453 622 αἱμάτων
486 550 748 615 συστῆναι
780 545 870 599 καὶ
902 536 1102 617 χρόνον
1135 539 1462 612 ἐννεάμηνον
1494 534 1545 591 ἐν
1576 537 1646 622 τῇ
1667 531 1857 622 κοιλίᾳ

1983 548 2104 588 mus
2139 548 2154 589 :
2188 531 2295 588 hoc
2327 534 2437 598 est,
2469 547 2585 587 non
2613 530 2915 587 hominem
2962 530 3153 587 solum
3200 532 3611 603 praedicamus.

206 616 281 701 (δέ
312 635 478 714 ἄρτος
512 633 741 709 πλήρης
786 630 1035 707 οὐράνιος
1088 630 1139 685 ἐν
1184 627 1310 704 ἁγίᾳ
1346 616 1864 714 τραπέζῃδι-αϐιϐα-

206 747 315 794 σαι,
348 708 452 783 ’καὶ
505 722 596 780 διὰ
637 708 706 779 τὰ
745 719 892 778 ἄλλὰ
939 717 1073 794 ἅπερ
1118 715 1443 789 ᾠκονόμησε
1483 713 1601 769 κατ’
1652 708 1866 787 ἀνθρώ-

202 836 339 880 πους
371 833 383 846 ·
446 813 584 888 ὐπὶρ
636 809 954 887 ἀνθρώπους
1004 805 1060 865 δὲ
1109 803 1199 861 διὰ
1247 804 1311 860 τὸ
1358 801 1610 875 ἀσπόρως
1660 797 1867 888 συλλη-

215 910 443 980 ῳθῆναι,
488 885 582 958 καὶ
634 900 695 957 ἐκ
737 885 1011 974 ῄπαρθίνου
1060 895 1404 972 γεννηθῆναι,
1454 890 1560 980 καὶ.
1591 885 1867 950 ἀνωδίνως

209 978 614 1069 ἆποτεχθῆναι.
646 992 972 1064 ’Ἀνθρωπος
1019 987 1311 1060 τοιγαροῦν
1357 982 1385 1039 ὁ
1434 978 1815 1069 φιλάνθρωπος
1847 994 1862 1010 ⁸

203 1082 335 1139 ἀλλ’
388 1067 549 1141 οὐδὲν
601 1081 764 1153 ἦττον
816 1077 906 1132 καὶ
968 1071 1328 1151 ὑπερπλήρης
1388 1067 1865 1145 ὁπερουσιότητος,

204 1178 469 1252 δηλονότι
502 1177 787 1249 θεότητος,
816 1172 955 1232 κατὰ
982 1173 1047 1228 τὸ
1070 1169 1358 1246 εἰρημένον
1381 1186 1394 1203 ο
1430 1169 1518 1223 Ἐν
1549 1167 1595 1240 ᾧ
1622 1168 1866 1221 κατοικεῖ

201 1274 307 1329 πᾶν
362 1270 429 1327 τὸ
488 1267 774 1343 πλήρωμα
819 1270 922 1333 τῆς
973 1260 1230 1332 θεότητος
1280 1260 1632 1331 σωματικῶς.
1691 1255 1867 1313 Τοῦτο

203 1359 263 1417 δὲ
292 1362 417 1417 εἷπε
448 1356 540 1417 διὰ
568 1356 631 1414 τὸ
662 1349 1010 1429 ὑπερϐάλλον
1041 1358 1142 1422 τῆς
1172 1348 1357 1412 οὐσίας
1390 1347 1480 1404 καὶ
1512 1343 1757 1419 ἐξουσίας
1777 1345 1865 1399 καὶ

203 1448 516 1521 δυνάμεως,
550 1443 744 1519 ἀμὶλει
775 1441 828 1499 ἂν
863 1444 932 1515 τῇ
981 1447 1085 1510 τῆς
1133 1438 1383 1505 θεότητος
1424 1432 1729 1513 περιουσίᾳ,
1776 1433 1867 1521 καὶ

205 1520 438 1608 ἀληθῶς
466 1533 757 1612 γενόμενος
813 1530 1100 1606 ἄνθρωπος
1146 1530 1282 1603 (35),
1315 1525 1557 1596 οὖσιώθη
1596 1524 1713 1597 μὶν,
1742 1520 1868 1612 ἀλλ’

214 1626 349 1702 ὗπὶρ
382 1610 571 1681 οὐσίαν
605 1642 619 1661 ο
655 1621 705 1678 εἴ
732 1622 837 1696 γὰρ
867 1619 958 1679 καὶ
1003 1619 1063 1677 ἐκ
1091 1617 1366 1694 γυναικὸς,
1394 1614 1521 1672 ἀλλ’
1552 1612 1639 1670 ὶπὶ
1668 1610 1887 1702 παρθὲΤ

212 1700 469 1775 νουνοκαὶ
519 1712 653 1787 ὑπὲρ
704 1709 995 1785 ἄνθρωπον
1044 1707 1260 1784 ἰνήργει
1304 1706 1371 1761 τὰ
1418 1704 1725 1779 ἀνθρώπου.
1770 1700 1870 1756 Καὶ

214 1803 413 1875 δῆλον,
463 1802 517 1874 ὗε
574 1802 649 1858 ὧν
697 1799 786 1855 ἰπὶ
838 1797 1055 1871 ὕδατος,
1105 1797 1180 1861 ὠς
1237 1794 1326 1851 ἐπί
1380 1814 1528 1856 τινος
1586 1794 1867 1866 στεγανοῦ,

215 1892 511 1967 inpedita
544 1909 560 1925 ·
590 1887 644 1949 τί
672 1889 733 1947 ἄν
762 1885 1018 1985 τιςλὲγῃ
1068 1884 1134 1945 τὰ
1159 1884 1350 1985 ’λοιπὰ
1376 1880 1690 1985 πάμπολλα
1718 1875 1868 1985 ὄνταἔ
1900 1906 1948 1973 Β

207 1982 279 2041 δι’
311 1982 389 2039 ὧν
413 1982 444 2039 6
476 1980 794 2054 θεοπρεπῶς
845 1975 1103 2047 ἆξετάζων
1154 1974 1286 2048 ὑπὶρ
1330 1976 1456 2031 νοῦν
1487 1971 1747 2046 γνώσεται
1777 1971 1869 2025 καὶ

201 2071 272 2131 τὰ
314 2069 411 2131 ἰπὶ
453 2072 525 2144 τῇ
578 2065 872 2140 οῗκονομίᾳ
923 2068 1020 2123 τοῦ
1077 2069 1338 2137 Σωτῆρος
1393 2058 1867 2139 καταφασκόμενα,

205 2168 442 2243 δύναμιν
489 2161 692 2242 ἔχοντα
730 2164 1072 2239 ὗπεροχικῆς
1121 2161 1493 2236 ἀποφάσεωςς
1540 2157 1602 2213 Τί
1651 2154 1709 2212 δὶ
1754 2154 1867 2212 ἔστι

205 2257 536 2335 κατάφασις,
565 2254 658 2311 καὶ
681 2252 737 2310 τί
784 2252 1074 2331 ἄπόφασις,
1122 2248 1349 2323 εἴπομεν
1392 2246 1505 2303 ἅνω
1548 2246 1711 2335 ὲντῷ
1741 2243 1869 2319 περὶ

210 2332 487 2422 μυστικῆς
526 2342 812 2420 θεολογίας
860 2341 1032 2419 τρίτῳ
1079 2338 1385 2415 κεφαλαίῳ.
1427 2338 1553 2400 Πῶς
1597 2332 1654 2391 δὲ
1684 2335 1740 2389 αἱ
1768 2352 1868 2391 κα-

202 2439 472 2517 ταφάσεις
525 2432 751 2497 ἐνταῦθα
799 2429 1031 2505 δύναμιν
1073 2426 1293 2506 ἔχουσιν
1344 2426 1687 2517 θπεροχικῇς
1726 2423 1865 2479 ἀπο-ι

208 2512 428 2603 φάσεως
462 2544 477 2595 ;
511 2521 686 2587 οὕτως
720 2539 736 2557 ·
769 2518 838 2578 Et
879 2521 986 2596 γὰρ
1032 2517 1125 2574 καὶ
1162 2514 1576 2595 καταφάσκομεν
1610 2512 1863 2588 λεγοντες

210 2621 501 2701 ἄνθρωπον
534 2621 690 2691 εἶναι,
734 2618 825 2675 καὶ
875 2618 935 2674 ἐκ
975 2615 1246 2692 παρθὲνου
1293 2615 1502 2690 μητρὸς
1529 2613 1645 2668 κατ’
1676 2610 1865 2667 οὐσίαν

209 2717 398 2788 ἡμῶν,
430 2711 581 2769 ἀλλὰ
606 2710 989 2787 κεκρυμμένην
1030 2706 1148 2782 ἔχει
1190 2702 1281 2761 καῖ
1318 2703 1450 2779 ϐπὶρ
1480 2706 1608 2758 νοῦν
1636 2702 1734 2788 τὴν
1764 2706 1869 2770 τῆς

212 2787 547 2881 ἀποφάσεως
578 2798 806 2874 δύναμιν
831 2817 844 2835 ο
875 2798 986 2875 ἐρεῖ
1026 2796 1129 2872 γὰρ
1169 2796 1197 2850 6
1229 2792 1444 2850 ἀκούων
1467 2810 1481 2824 ·
1515 2790 1629 2881 Οῦκ
1657 2787 1869 2866 ἄνθρω-

208 2913 318 2957 πος
338 2878 564 2963 Ἵὰπλῶς,
594 2885 785 2957 ἐπειδὴ
816 2888 876 2943 ἐκ
917 2886 1205 2963 παρθένου,
1236 2880 1363 2939 ἀλλ’
1394 2881 1527 2955 ὓπερ
1558 2878 1865 2952 ἄνθρωπον,

210 2982 256 3037 εἰ
278 2981 370 3037 καὶ
395 2979 465 3036 τὰ
486 2977 632 3035 ἄλλα
649 2976 947 3057 ἅνθρωπος.
969 2979 1331 3049 Ὑπεροχικῆς
1350 2969 1408 3026 δὶ
1428 2970 1541 3026 εἶπε
1560 2970 1698 3045 πρὸς
1720 2969 1871 3024 ἀντι-

217 3077 520 3149 διαστολὴν
548 3079 656 3133 τῶν
708 3073 845 3131 κατᾶ
894 3074 1142 3150 στερησιν
1194 3065 1627 3147 λαμϐανομένων
1663 3065 1871 3145 ἀποφά-

212 3190 349 3225 σεων
384 3186 401 3202 ο
433 3165 673 3241 καὶγὰρ,
698 3162 792 3219 (ίνα
813 3160 1127 3223 συνελὸντες
1143 3156 1406 3235 εἴπωμεν,
1428 3154 1570 3215 Οὐδέ
1591 3153 1872 3229 ἅνθρωπος

213 3259 302 3327 ἦν,
338 3253 499 3336 φησί,
528 3255 825 3329 Συντόμως
856 3249 913 3307 δὶ
928 3249 1115 3307 ιαυτὸν
1138 3248 1447 3327 σαφηνίζων
1470 3248 1498 3302 6
1519 3246 1727 3336 Πατὴρ,
1747 3242 1871 3336 im-

216 3334 391 3426 φερει·
412 3344 540 3420 Οὐχ
559 3343 635 3406 ὡς
660 3343 735 3417 μὴ
760 3343 1068 3418 ἄνθρωπος,
1092 3336 1218 3394 ὀλλ⁹
1246 3336 1321 3426 ὡς
1347 3336 1650 3411 ἀνθρώπων
1668 3334 1872 3426 ἐπέκει-

217 3422 305 3492 να,
355 3432 450 3490 καὶ
504 3432 637 3507 ὑπὶρ
688 3428 971 3507 ἄνθρωπον
1021 3426 1244 3497 ἀληθῶς
1283 3422 1568 3500 ἅνθρωπος
1614 3422 1873 3499 γεγονώς.

224 3540 305 3603 Σή
318 3531 552 3605 μείωσαι
571 3527 629 3584 δὲ
658 3532 833 3584 πᾶσαν
854 3527 952 3595 τὴν
976 3525 1227 3603 ὀπεριρυῆ
1242 3522 1331 3578 καὶ
1358 3524 1627 3601 ἄφραστον
1649 3525 1745 3576 τοῦ
1766 3523 1875 3577 Κυ-

226 3624 355 3699 ρίου
382 3619 605 3688 ἕνωσιν,
651 3619 734 3673 δτι
781 3618 843 3672 o6
886 3614 1025 3670 κατᾶ
1066 3613 1195 3668 Θεὸν
1247 3613 1315 3667 τὰ
1355 3612 1471 3666 θεῖα
1517 3608 1733 3699 ἔδρασεν
1757 3629 1780 3699 Ῠ·
1810 3609 1876 3677 ἦν

222 3698 324 3789 γὰρ
380 3708 673 3783 ἅνθρωπος
703 3724 718 3743 ο
771 3701 897 3761 οῦτε
942 3703 1060 3759 κατ’
1129 3701 1418 3777 ἄνθρωπον
1475 3698 1543 3753 τὰ
1596 3698 1877 3771 ἀνθρώπι-

217 3785 476 3875 «(say
507 3797 577 3867 ἦν
618 3795 721 3870 γὰρ
770 3795 921 3855 Θεός.
956 3793 1116 3850 Ὅθεν
1174 3791 1499 3862 θαυμαστῶς
1548 3788 1577 3843 6
1619 3785 1877 3875 θεολόγος

223 3873 539 3965 Γρηγόριός
595 3905 729 3964 φησι
761 3902 775 3920 ο
842 3880 1185 3957 Κιρναμὲνων
1246 3876 1428 3954 ὥσπερ
1484 3880 1595 3932 τῶν
1644 3873 1876 3953 φύσεων,

222 3985 368 4043 οὕτω
419 3981 489 4052 δὴ
533 3981 626 4038 καὶ
681 3983 793 4035 τῶν
852 3976 1101 4048 κλήσεων
1162 3973 1253 4030 καὶ
1310 3976 1741 4050 περιχωρουσῶν
1800 3969 1879 4033 εἶς

222 4076 483 4147 ἀλλήλας
510 4077 593 4146 τῷ
651 4070 803 4147 λόγῳ
849 4075 951 4139 τῆς
1001 4065 1277 4143 συμφυΐας
1526 4067 1650 4125 Πῶς
1701 4060 1759 4118 δὲ
1786 4060 1875 4119 καὶ

220 4165 360 4222 κατὰ
420 4163 551 4219 Θεὸν
608 4159 675 4215 τὰ
726 4162 862 4215 Θεοῦ
931 4155 1065 4233 ἔργα
1121 4153 1421 4225 ἐποίησενς
1485 4151 1736 4223 ἐννόησον
1792 4151 1877 4206 δτι

223 4255 566 4329 σωματικοῖς
618 4247 779 4305 ποσὶν
830 4246 918 4303 ἐπὶ
968 4243 1243 4315 θαλάττης
1295 4238 1547 4329 ἂϐάδισεο
1598 4243 1733 4295 Θεοῦ
1784 4240 1879 4312 μὶν

222 4345 328 4419 γὰρ
358 4342 423 4397 τὸ
474 4336 820 4413 ωμπιλῆσαι
876 4332 1025 4410 ὕδωρ
1059 4351 1075 4369 ο
1124 4331 1289 4419 πᾶλιν
1341 4328 1419 4400 δὲ,
1450 4330 1578 4419 σὰρξ
1606 4330 1694 4384 καὶ
1726 4330 1875 4401 ὀστᾶ,

218 4418 311 4488 καί
342 4426 512 4492 πόδες
535 4427 598 4486 οὐ
629 4426 909 4496 θεότητος.
951 4426 1085 4479 Θεοῦ
1126 4418 1320 4491 πάλιν,
1350 4418 1614 4495 παρθένον
1646 4425 1876 4487 ποιῆσαι

220 4530 375 4585 κύειν
406 4547 421 4563 ·
466 4528 532 4582 τὸ
577 4524 636 4581 δὶ
675 4522 1165 4600 διαμεμορφῶσθαι
1217 4516 1337 4593 ὄψει
1383 4519 1474 4572 καὶ
1516 4520 1635 4578 τοῖς
1656 4517 1879 4575 λοιποῖς

228 4626 453 4702 μέλεσιν
494 4626 560 4680 οὐ
612 4623 893 4693 θεότητος.
953 4617 1111 4677 Οὕτω
1167 4616 1256 4671 καὶ
1305 4614 1366 4672 ἐκ
1407 4612 1508 4670 τοῦ
1541 4613 1782 4670 ἐναντίου
1812 4612 1878 4666 τὰ

225 4716 409 4773 αὐτὰ·
473 4712 535 4769 οὗ
591 4713 696 4789 γὰρ
756 4710 872 4766 κατ’
952 4704 1237 4783 ἄνθρωπον
1292 4706 1406 4779 (38)
1461 4706 1529 4759 τὰ
1579 4702 1879 4777 ἀνθρώπων

230 4804 487 4874 ἐποίησεν
525 4820 539 4835 ·
573 4799 854 4874 ἅνθρωπος
914 4797 1010 4871 μὶν
1066 4798 1166 4872 γὰρ
1215 4796 1281 4864 ἦν
1336 4793 1394 4849 ἐκ
1438 4799 1539 4863 τῆς
1567 4793 1835 4865 παρθένου
1863 4810 1876 4824 ο

230 4900 360 4958 ἀλλ’
390 4900 453 4956 οὐ
506 4900 624 4955 κατ’
671 4896 955 4973 ἄνθρωπον
1000 4899 1161 4950 τοῦτο
1194 4913 1208 4928 ⁸
1261 4897 1422 4953 ποῖος
1464 4893 1565 4969 γὰρ
1598 4891 1881 4965 ἅνθρωπος

230 4992 292 5046 ἑκ
350 4988 664 5065 παρθὲνους
716 4985 913 5059 Πάλιν,
963 4984 1024 5040 τὸ
1080 4984 1209 5040 ποσὶ
1263 4978 1498 5057 βαδίζειν
1550 4980 1837 5055 ἆιθρώπου
1868 4996 1883 5010 ο

235 5088 322 5145 ἐπὶ
355 5086 413 5144 δὲ
443 5084 638 5149 ὕδατος
686 5084 787 5141 οὐκ
833 5081 1162 5156 ἀνθρώπου’
1216 5084 1378 5142 ποῖος
1422 5076 1526 5153 γὰρ
1580 5078 1887 5151 ἅνθρωπος,

235 5176 367 5232 καθὸ
426 5177 735 5251 ἅνθρωπος,
783 5174 873 5229 καὶ
927 5170 973 5225 εὶ
1026 5169 1104 5245 μὴ
1160 5168 1267 5224 τινὶ
1318 5167 1437 5237 θείᾳ
1494 5162 1741 5239 δυνάμει,
1801 5162 1887 5218 ἐπὶ

242 5263 451 5321 ὑδάτων
505 5259 757 5332 ἔϐἀδισες
806 5264 916 5317 Τοῦ
976 5262 1111 5314 Θεοῦ
1161 5257 1263 5334 γὰρ
1321 5256 1838 5330 ἐνανθρωπήσαντος
1874 5272 1886 5285 ·

244 5364 419 5437 (τοῦτο
474 5360 578 5438 γάρ
639 5359 751 5417 ἔστι
828 5358 892 5415 τὸ
959 5354 1388 5433 ἂνδρωθὲντος·)
1447 5353 1584 5429 ἀνὴρ
1643 5353 1746 5427 γὰρ
1803 5352 1894 5407 καὶ

246 5449 524 5529 ἄνθρωπος
556 5446 712 5512 ῗδίως
742 5446 961 5523 λέγεται
994 5465 1006 5479 ⁸
1053 5447 1081 5501 6
1114 5443 1173 5500 ἐκ
1201 5448 1309 5499 τῶν
1342 5440 1438 5499 δύο
1473 5440 1680 5519 φύσεων
1712 5439 1894 5520 φανεὶς

248 5527 456 5611 Ἰησοῦς
499 5539 566 5595 τὰ
618 5545 721 5609 τῆς
781 5534 1103 5612 θεανδρικῆς
1162 5531 1429 5611 ἐνεργείας
1488 5534 1623 5606 ἡμῖν
1690 5527 1899 5587 ἐπεδεία

321 5755 393 5827 (ο)
425 5754 643 5812 Coloss.
676 5771 738 5823 II,
769 5756 821 5809 9.

1972 620 2205 693 Alioqui
2235 637 2354 692 qua
2385 620 2621 677 subnixi
2653 620 2878 677 ratione
2908 619 3446 692 pronuntiaremus,
3481 621 3617 694 quia

1975 707 2570 783 supersubstantialis
2601 714 2692 766 est
2716 709 3067 766 Jesus?Nam
3096 710 3147 766 si
3179 709 3354 767 homo
3390 714 3616 768 tantum

1976 802 2119 867 erat,
2152 799 2253 873 qui
2283 798 2399 855 dici
2430 802 2658 872 poterat
2689 816 2869 871 supra
2898 799 3293 856 substantiam
3323 800 3621 857 eminere?

1974 889 2049 945 At
2078 887 2335 961 profecto
2374 904 2507 945 vere
2555 888 2730 946 homo
2781 894 2906 945 erat
2952 887 3051 944 ille
3096 889 3263 944 valde
3310 889 3617 946 hominum

1978 993 2185 1034 amans
2221 995 2234 1036 :
2268 977 2377 1035 hoc
2406 977 2563 1034 enim
2589 977 2919 1036 excellenter
2949 980 3059 1047 est,
3092 993 3302 1049 nempe
3345 977 3622 1034 omnibus

1978 1066 2264 1124 creaturis
2331 1065 2622 1124 excellens
2678 1066 3083 1125 benevolentia
3138 1082 3278 1138 erga
3332 1066 3623 1123 homines.

1978 1155 2162 1213 Homo
2193 1155 2374 1228 igitur
2404 1170 2537 1213 vere
2565 1155 2841 1229 idemque
2871 1153 3463 1229 supersubstantialis
3513 1154 3626 1210 hu-

1977 1262 2154 1303 mana
2192 1244 2675 1301 circumamictus
2716 1246 3049 1302 substantia
3068 1248 3159 1301 est
3175 1245 3505 1300 secundum
3526 1244 3626 1300 ho-

1979 1335 2192 1400 mines,
2224 1335 2325 1391 sed
2358 1342 2412 1390 et
2444 1350 2624 1405 supra
2654 1334 2944 1391 homines.
2976 1334 3312 1391 Secundum
3358 1333 3628 1390 homines

1980 1424 2241 1498 quidem,
2271 1425 2427 1496 quod
2450 1423 2742 1497 angustiis
2768 1424 3018 1480 materni
3040 1424 3189 1481 uteri
3222 1427 3497 1495 exceptus
3529 1423 3626 1492 sit,

1979 1514 2131 1587 quod
2164 1512 2534 1572 concretione
2562 1513 2810 1585 virginei
2842 1529 2909 1569 ac
2956 1512 3264 1586 purissimi
3317 1512 3628 1585 sanguinis

1978 1602 2169 1677 ipsius
2201 1619 2416 1677 corpus
2446 1602 2765 1660 conﬂatum
2797 1602 3304 1673 constitutumque
3336 1602 3433 1670 sit,
3466 1605 3524 1657 et
3569 1602 3630 1657 in

1980 1690 2108 1751 alvo
2139 1692 2382 1764 perinde
2412 1708 2479 1747 ac
2509 1691 2680 1763 panis
2707 1692 2934 1762 integer
2964 1694 3022 1747 et
3050 1690 3301 1748 caelestis
3356 1691 3415 1747 in
3465 1706 3634 1747 sacra

1980 1797 2185 1839 mensa
2205 1781 2736 1854 repositus,novem
2759 1780 3053 1838 mensium
3083 1785 3320 1853 tempus
3350 1780 3627 1851 exegerit.

1979 1874 2224 1943 Propter
2253 1871 2579 1928 etiamnum
2631 1869 2908 1943 pleraque
2958 1869 3093 1939 alia,
3147 1886 3274 1941 quae
3318 1868 3627 1925 hominum

1979 1977 2143 2021 more
2172 1959 2506 2017 admirabili
2536 1957 2973 2031 dispensatione
3004 1957 3204 2031 gessit.
3238 1959 3415 2014 Porro
3454 1974 3630 2029 supra

1976 2049 2251 2109 homines
2300 2049 2466 2117 dixit,
2516 2049 2672 2121 quod
2724 2048 2853 2105 sine
2905 2046 3130 2105 semine
3179 2046 3402 2119 copulae
3445 2047 3630 2104 virilis

1978 2144 2294 2211 conceptus
2325 2142 2768 2211 prognatusque
2797 2137 2874 2194 sit
2903 2153 2973 2194 ex
3002 2136 3245 2208 virgine,
3278 2136 3435 2207 quod
3484 2137 3631 2194 citra

1977 2227 2158 2287 ullius
2189 2227 2405 2286 doloris
2437 2243 2679 2284 sensum
2716 2226 2794 2282 sit
2822 2226 3037 2283 editus.
3069 2229 3255 2281 Homo
3300 2223 3480 2296 igitur
3527 2224 3626 2279 be-

1976 2318 2195 2390 nignus
2226 2318 2321 2375 hic
2352 2320 2580 2376 amator
2608 2315 2942 2382 hominum,
2964 2318 3021 2370 et
3049 2330 3180 2370 vere
3214 2313 3409 2373 homo.
3430 2311 3624 2369 Nihilo

1974 2411 2171 2464 tamen
2196 2405 2394 2465 minus
2416 2401 2977 2478 supersubstantiali
2999 2419 3108 2459 sua
3129 2402 3458 2472 majestate,
3472 2400 3625 2457 divi-

1974 2496 2160 2554 nitate
2186 2494 2455 2552 videlicet
2484 2510 2767 2566 perquam
2802 2492 3235 2564 plenus,manet
3258 2491 3424 2561 juxta
3453 2489 3620 2548 Pauli

1975 2590 2200 2648 dictum
2236 2602 2251 2643 ε
2285 2587 2343 2642 In
2374 2599 2479 2656 quo
2508 2583 2717 2639 habitat
2765 2582 2941 2640 omnis
2981 2579 3267 2653 plenitudo
3308 2578 3619 2637 divinitati:

1974 2676 2333 2750 corporaliter
2355 2674 2451 2747 (ο).
2477 2674 2591 2729 Hoc
2613 2688 2755 2729 sane
2784 2670 2933 2727 dixit
2962 2673 3198 2743 propter
3226 2668 3622 2725 eminentissi-

1977 2784 2137 2826 mam
2166 2764 2281 2824 vim
2315 2761 2682 2828 substantiae,
2701 2758 3382 2833 potestatis,virtutisque
3405 2756 3620 2829 ipsius,

1975 2856 2247 2915 videlicet
2293 2854 2351 2909 in
2403 2850 2727 2909 divinitatis
2777 2848 3098 2921 opulentia,
3148 2851 3206 2904 et
3248 2863 3382 2904 vere
3428 2846 3622 2903 factus

1976 2948 2176 3014 homo,
2223 2946 2486 3001 nostram
2536 2939 2774 3011 quidem
2826 2953 3063 2994 carnem
3111 2934 3467 3008 assumpsit;
3519 2934 3621 2992 sed

1980 3052 2160 3107 supra
2192 3034 2465 3090 humanae
2497 3028 2839 3087 substantiae
2887 3026 3217 3084 modulum.
3262 3023 3508 3081 Etiamsi
3555 3040 3625 3079 ex

1980 3123 2369 3191 muliere,non
2401 3124 2601 3177 tamen
2632 3134 2700 3175 ea
2729 3115 3254 3189 qualicunque,sed
3283 3114 3510 3185 virgine
3533 3130 3547 3168 :
3570 3116 3629 3169 et

1985 3230 2112 3286 qua
2134 3210 2395 3268 hominis
2418 3212 2589 3267 erant
2616 3207 3062 3279 propria,supra
3088 3204 3406 3261 humanam
3437 3202 3627 3259 imbe-

1902 3288 1948 3359 C
1984 3299 2289 3358 cillitatem
2319 3297 2520 3368 gessit.
2555 3295 2763 3365 Liquet
2792 3309 2862 3349 ex
2890 3309 2979 3363 eo,
3010 3292 3168 3364 quod
3206 3306 3384 3362 super
3412 3306 3626 3362 aquam

1984 3391 2289 3461 ingressus
2318 3385 2414 3454 sit,
2444 3383 2613 3457 quasi
2645 3382 2795 3439 alius
2826 3380 3057 3453 quidvis
3088 3379 3341 3436 solidum
3395 3378 3629 3449 suppri-

1986 3481 2171 3537 meret
2200 3480 2257 3533 et
2286 3470 2754 3545 impenetrabile.
2787 3470 2935 3535 Quid
2958 3470 3086 3540 jam
3116 3484 3355 3525 necesse
3402 3467 3631 3539 reliqua

1985 3573 2052 3624 ut
2082 3579 2483 3640 percenseam,
2515 3566 2636 3619 tam
2673 3559 2861 3619 multa
2891 3574 3026 3615 cum
3057 3555 3220 3614 sint?
3250 3556 3359 3612 Per
3386 3572 3535 3626 quea,
3578 3554 3629 3611 si

1986 3658 2118 3730 quis
2146 3656 2385 3711 tandem
2435 3668 2504 3708 ea
2550 3651 2877 3709 etiamnum
2926 3648 3199 3705 decenter
3246 3661 3311 3699 ac
3358 3643 3630 3715 religiose

1986 3743 2346 3819 expenderit,
2378 3757 2505 3815 quae
2538 3740 2609 3795 de
2635 3738 3076 3809 dispensatione
3105 3733 3426 3790 Servatoris
3472 3733 3630 3788 altir-

1987 3835 2201 3893 mative
2232 3829 2694 3905 pronuntiantur
2724 3826 3005 3900 percipiet
3028 3825 3146 3880 vim
3176 3823 3236 3878 in
3270 3839 3331 3879 se
3381 3822 3631 3877 retinere

1986 3923 2211 3985 eximiae
2243 3918 2572 3995 negationis
2602 3913 3175 3973 efﬁcacem.Proinde
3204 3911 3345 3985 quid
3376 3912 3454 3969 sit
3483 3910 3637 3965 afﬁr-

1986 4012 2189 4079 matio,
2222 4014 2427 4067 contra
2453 4006 2592 4079 quid
2626 4004 2880 4076 negatio,
2913 4002 3186 4075 superius
3226 3999 3397 4057 nobis
3444 3997 3630 4071 expli-

1987 4106 2179 4160 catum
2212 4103 2319 4169 est,
2370 4096 2558 4169 capite
2605 4093 2776 4150 tertio
2822 4092 3069 4162 Mysticae
3116 4090 3269 4146 250
3318 4088 3626 4161 theoloyire.

1987 4192 2098 4249 Sed
2127 4207 2241 4263 quo
2274 4189 2512 4244 demum
2544 4186 2713 4256 pacto
2746 4178 3159 4251 intelliguntur
3205 4178 3628 4233 afﬁrmationes

1986 4278 2260 4357 praesenti
2293 4276 2417 4332 loco
2448 4274 2563 4330 vim
2595 4271 2655 4326 in
2686 4285 2748 4325 se
2779 4267 3041 4324 obtinere
3072 4266 3400 4340 praestantis
3431 4266 3630 4335 cujus-

1986 4354 2144 4445 piam
2176 4361 2543 4439 negationis?
2566 4361 2683 4416 Hoc
2714 4375 2854 4416 sane
2886 4356 3058 4413 modo
3094 4372 3107 4411 :
3138 4354 3397 4410 Tametsi
3425 4354 3629 4409 Jesum

1987 4443 2332 4533 proﬁtemur
2363 4451 2654 4510 hominem
2687 4462 2835 4518 esse,
2868 4446 3045 4520 idque
3077 4461 3145 4501 ex
3172 4443 3395 4514 virgine
3442 4446 3631 4498 matre

1988 4553 2045 4606 et
2068 4549 2278 4604 nostrae
2302 4540 2648 4599 substantia.-
2671 4536 3036 4613 participem;
3062 4534 3161 4589 sed
3198 4537 3255 4588 et
3287 4533 3631 4604 adopertam

1910 4661 1956 4726 D
1990 4638 2048 4693 in
2065 4652 2125 4692 se
2138 4631 2429 4706 ejusmodi
2445 4621 3409 4695 alﬁrmationis,arcanamquevim
3422 4622 3636 4679 retinet

1991 4722 2343 4798 negationis,
2376 4736 2498 4789 quae
2531 4721 2744 4774 nostrae
2777 4714 2953 4772 etiam
3004 4711 3219 4768 mentis
3273 4710 3637 4769 transcendit

1993 4814 2197 4870 aciem.
2231 4808 2505 4879 Quisquis
2536 4805 2692 4863 enim
2724 4802 2887 4859 audit
2918 4802 3044 4870 hoc,
3074 4817 3209 4856 mox
3259 4799 3572 4872 respondet
3621 4814 3634 4851 :

1990 4907 2119 4959 Non
2153 4898 2502 4973 simpliciter
2531 4895 2726 4963 homo,
2767 4890 3244 4965 quandoquidem
3296 4904 3364 4943 ex
3408 4886 3636 4959 virgine

1995 4994 2320 5066 prognatus
2353 4990 2462 5057 est,
2514 4985 2615 5042 sed
2668 4998 2849 5057 supra
2894 4980 3163 5036 humana:
3215 4983 3459 5066 naturae
3495 4990 3638 5029 con-

1999 5060 2305 5143 ditionem,
2336 5072 2567 5132 etiamsi
2600 5074 2805 5128 caetera
2844 5070 2921 5125 sit
2968 5067 3161 5124 homo.
3214 5065 3388 5120 Porro
3440 5060 3637 5133 ὑπερο-

2000 5173 2167 5245 χικῆς
2199 5163 2432 5239 adjecit,
2462 5163 2522 5220 id
2551 5165 2638 5220 est
2663 5158 3046 5233 praecellentis,
3080 5154 3151 5211 ad
3200 5150 3640 5245 distinctionem

2003 5239 2227 5324 earum,
2248 5271 2375 5329 quae
2407 5248 2718 5326 privatorie
2750 5249 3088 5316 sumuntur,
3107 5239 3643 5313 negationum.Ete-

2004 5348 2154 5415 nim,
2185 5349 2251 5401 ut
2281 5345 2491 5400 cuncta
2538 5338 2914 5397 absolvemus
2964 5332 3226 5390 breviore
3272 5328 3641 5403 compendio.

2005 5438 2205 5509 Neque
2236 5434 2410 5491 homo
2444 5434 2590 5495 erat,
2618 5426 2830 5499 inquit.
2883 5424 3110 5480 Rursus
3161 5419 3440 5479 concisim
3488 5417 3648 5476 velut

2010 5507 2270 5599 seipsum
2305 5520 2600 5595 explicans
2627 5518 2813 5584 Pater,
2849 5516 2972 5590 jam
3023 5512 3194 5569 dictis
3241 5509 3403 5566 addit
3454 5525 3466 5563 :
3519 5507 3644 5562 Non
