4062 6366
414 366 517 422 447

1217 368 1581 421 APPENDIX
1618 370 1716 421 AD
1754 367 1994 421 OPERA
2035 368 2095 420 Β.
2136 365 2454 423 DIONYBII
2494 368 2995 425 AREOPAGITzE.

3710 363 3833 419 448

406 493 577 566 quasi
609 509 722 548 non
756 492 952 559 homo,
984 492 1179 548 verius
1209 493 1379 564 quasi
1436 509 1810 548 communem
1865 491 2052 547 homi-

2170 490 2315 561 ξατο.
2352 491 2668 566 Σημείωσαι
2718 491 2775 548 δὲ
2825 492 2907 548 ὅτι
2956 498 3050 547 νῦν
3101 493 3195 567 μὲν
3232 494 3259 548 6
3305 490 3456 567 ἅγιος
3482 492 3582 559 τήν
3614 490 3829 563 μικτὴν

406 599 549 639 num
598 585 869 637 naturam
919 582 1362 649 transcendens,
1413 588 1472 637 et
1521 598 1702 653 supra
1751 580 2054 636 hominem

399 688 528 727 vere
554 670 747 726 editus
769 670 964 726 homo.
989 671 1188 725 Obiter
1212 670 1386 725 velim
1422 674 1587 726 notes
1621 670 1871 726 solidam
1906 669 2057 724 hanc

399 759 710 832 epistolam
754 760 979 815 intendi
1026 760 1308 815 adversus
1361 758 1765 816 Nestorianos.
1815 757 2057 813 Notabis

399 849 647 920 insuper
675 848 1136 905 inenarrabilem
1178 848 1440 919 nullique
1490 847 1893 920 explicandam
1946 850 2054 902 Do-

399 939 547 993 mini
579 942 718 994 Jesu
748 938 1049 1007 unionem,
1085 938 1224 1010 quia
1256 955 1368 994 non
1402 943 1468 994 ut
1499 938 1653 994 Deus
1682 940 1918 993 tantum
1969 935 2054 991 di-

397 1029 534 1082 vina
584 1027 825 1099 perfecit
857 1044 871 1083 :
905 1031 1029 1083 erat
1059 1027 1215 1084 enim
1265 1027 1461 1083 homo.
1515 1027 1771 1082 Rursum
1824 1041 1939 1081 non
1990 1027 2056 1079 ut

398 1115 573 1171 homo
596 1120 827 1172 tantum
851 1116 1112 1172 humana
1134 1116 1337 1188 gessit;
1361 1120 1482 1172 erat
1507 1116 1664 1172 enim
1689 1115 1864 1171 Deus.
1891 1114 2053 1170 Unde

399 1209 456 1261 et
486 1205 803 1277 Gregorius
835 1205 1142 1276 theologus
1170 1205 1594 1260 admirabiliter
1623 1204 1785 1269 dicit,
1827 1203 2052 1259 naturis

398 1293 575 1349 veluti
609 1310 736 1349 com
752 1294 1057 1365 mistis,sic
1090 1294 1373 1349 nimirum
1407 1291 1900 1366 appellationibus
1932 1307 2057 1346 mu-

396 1385 495 1436 tuo
548 1398 785 1454 quoque
835 1381 1277 1438 recurrentibus
1336 1381 1562 1438 ratione
1619 1379 2054 1451 conjunctionis

400 1472 767 1526 naturarum.
802 1470 1085 1525 Caeterum
1110 1471 1404 1541 quomodo
1427 1474 1491 1525 ut
1512 1470 1664 1526 Deus
1686 1469 1888 1542 gessit,
1920 1485 2052 1541 qua:

2173 579 2441 655 ἐνεργειαν
2497 581 2814 656 Θεανδρικὴν
2866 580 3111 637 ἐκάλεσεν
3163 582 3319 655 (39)·
3380 581 3652 656 ἐνήργησε
3708 580 3822 653 γὰρ

2164 668 2254 723 καὶ
2325 670 2398 730 ὡς
2459 670 2589 733 Θεὸς
2642 671 2829 743 μόνον,
2918 668 3007 725 ὅτε
3083 671 3235 727 ἀπὼν
3293 671 3382 723 τὸν
3441 673 3537 724 τοῦ
3594 668 3823 723 ἐκατον-

2162 758 2377 833 τάρχου
2434 756 2603 813 παῖδα
2653 759 2838 814 ἰάσατο
2890 762 3003 832 (40)
3039 777 3051 790 ⁸
3106 759 3195 814 καὶ
3256 759 3330 820 ὡς
3374 758 3655 833 ἄνθρωπος
3717 756 3824 829 μό-

2162 867 2276 916 νον,
2311 847 2474 901 εἶκαὶ
2512 848 2640 909 Θεὸς
2672 848 2761 917 ᾖν,
2813 846 2864 901 ἐν
2912 869 2991 920 τῳ
3038 846 3225 902 ἐσθίειν
3278 848 3364 901 καὶ
3400 845 3708 909 λυπεῖσθαι.
3750 844 3825 899 Ὀ

2164 931 2222 989 δὲ
2266 937 2438 1009 ἅγιος,
2469 938 2568 1005 τὴν
2625 937 2923 1011 θεαρχικήν
2986 935 3151 991 εἰπὼν
3211 934 3503 1011 ἐνέργειαν,
3554 932 3824 1005 δηλονότι

2161 1024 2280 1087 καθ’
2329 1021 2395 1092 ἤν
2445 1024 2660 1099 ἐνήργει
2715 1025 2783 1078 τὰ
2830 1024 3080 1098 θαύματα
3124 1026 3258 1098 (lii),
3317 1023 3405 1078 καὶ
3448 1022 3659 1097 τυφλοῦ
3717 1021 3819 1093 μὶν
3902 1070 3907 1071 ,

2163 1110 2481 1188 ὀφθαλμοὺς
2539 1110 2627 1167 διὰ
2696 1112 2931 1189 χρίσεως
2992 1110 3363 1187 ἐδημιούργει,
3415 1112 3525 1189 ἀφή
3576 1108 3633 1165 δὲ
3680 1129 3822 1185 κρα-

2164 1199 2361 1257 σπέδου
2389 1203 2489 1270 τὴν
2536 1201 2937 1278 αἱμορῥοοῦσαν
2983 1203 3127 1270 tam,
3175 1201 3270 1263 τὰς
3319 1200 3406 1255 ἐπὶ
3440 1204 3679 1273 Χριστοῦ
3715 1196 3818 1253 δύο

2162 1290 2431 1367 ἐνεργείας
2482 1287 2750 1360 ἐδήλωσε.
2801 1291 3099 1365 Συνάγεται
3150 1288 3251 1365 ἄρα
3302 1289 3361 1344 ἐκ
3403 1287 3609 1343 τούτων
3642 1288 3817 1341 ἁπάν-

2160 1398 2291 1447 των,
2325 1376 2410 1432 ὅτι
2439 1380 2527 1432 καί
2551 1378 2834 1452 ἄνθρωπος
2864 1376 3012 1453 εἷίπερ
3045 1376 3265 1453 λέγοιτο
3297 1378 3372 1441 ὡς
3400 1374 3572 1438 αἴτιος
3600 1375 3693 1430 καὶ
3725 1376 3820 1429 ἆν-

2164 1467 2395 1539 θρώπων
2429 1463 2790 1542 δημιουργὸς,
2813 1468 2989 1529 καθὼς
3015 1465 3275 1541 ἐλέγομεν
3306 1466 3398 1520 καὶ
3429 1463 3517 1520 ἐπὶ
3547 1469 3663 1526 τοῖς
3706 1462 3820 1519 ἐτέ-

2163 1575 2276 1630 ροις
2309 1554 2593 1629 ὀνόμασιν,
2628 1553 2744 1609 ἐπεὶ
2779 1556 2908 1629 ὑπὶρ
2951 1552 3236 1630 ἄνθρωπον
3268 1553 3335 1608 τὰ
3368 1557 3477 1608 τῶν
3510 1552 3820 1628 ἀνθρώπων

2162 1643 2398 1719 ἐνήργει,
2431 1643 2529 1699 οὐκ
2560 1644 2618 1697 ἂν
2652 1640 3046 1716 διαλυμανθείη
3071 1642 3307 1698 καθόλου
3338 1644 3371 1713 ἠ
3405 1640 3637 1711 ἀλήθεια
3670 1642 3816 1714 (42).

402 1557 600 1614 divina
630 1562 795 1615 erant
826 1560 1060 1632 prepris
1080 1558 1107 1614 ‘I
1139 1558 1340 1615 Recole
1368 1561 1521 1631 quod
1556 1559 1803 1632 pedibus
1850 1575 2053 1629 corpo-

400 1647 517 1703 reis
547 1664 723 1719 super
752 1664 913 1704 mare
944 1649 1251 1720 ingressus
1292 1647 1387 1703 sit.
1422 1648 1636 1702 Divinas
1669 1651 1865 1703 autem
1913 1663 2048 1718 ope-

401 1736 648 1793 rationis
706 1737 937 1809 insigne
993 1741 1083 1793 est
1141 1737 1466 1808 astringere
1523 1736 1771 1791 ﬂuidum
1833 1752 1997 1807 aquas
2055 1734 2446 1802 elementum;
2495 1738 2722 1801 contra,
2772 1750 2928 1799 caro,
2975 1750 3107 1789 ossa
3150 1737 3209 1789 et
3257 1734 3457 1805 pedes,
3505 1748 3621 1788 non
3669 1730 3817 1785 huic

398 1824 610 1881 divinae
639 1825 951 1882 tribuenda
983 1829 1224 1881 naturae.
1258 1825 1484 1880 Rursus
1511 1825 1666 1896 quod
1709 1824 1872 1895 virgo
1921 1822 2083 1879 salva
2148 1822 2485 1894 integritate
2532 1821 2847 1895 concipiat,
2895 1822 3029 1893 quis
3084 1821 3193 1877 hoc
3236 1821 3467 1876 dubitet
3510 1818 3815 1875 ascribere

396 1914 605 1971 divinae
635 1913 999 1986 operationi?
1031 1930 1061 1969 e
1091 1915 1341 1983 diverso,
1375 1915 1530 1985 quod
1563 1913 1707 1969 facie
1737 1912 2080 1985 reliquaque
2111 1911 2509 1968 membrorum
2540 1912 2850 1968 harmonia
2878 1912 3219 1968 etformatus
3245 1909 3815 1981 sit,haudquaquam

395 2003 687 2060 divinitati
718 2003 976 2059 noscitur
1006 2007 1354 2075 competere.
1387 2003 1472 2058 Ad
1504 2003 1771 2059 eumdem
1822 2004 2087 2070 modum,
2139 2001 2341 2058 eadem
2393 2017 2591 2073 opera,
2641 2018 2675 2057 a
2721 2000 3049 2069 contrario;
3099 2017 3215 2058 non
3266 1999 3423 2056 enim
3471 1998 3812 2055 secundum

394 2092 667 2147 humanae
698 2099 916 2147 naturae
946 2091 1097 2147 vires
1127 2093 1310 2164 gessit
1339 2108 1468 2164 quae
1497 2091 1755 2147 humana
1784 2095 1957 2160 sunt;
2006 2091 2181 2147 homo
2229 2089 2465 2161 quidem
2513 2095 2657 2158 erat,
2711 2090 2890 2161 idque
2938 2106 3010 2146 ex
3054 2088 3302 2162 virgine,
3334 2089 3456 2159 {sed
3506 2091 3565 2144 et
3611 2086 3812 2143 neuti-

394 2196 574 2253 quam
605 2179 874 2237 humanaa
906 2181 1298 2249 conditionis;
1336 2197 1471 2236 nam
1503 2197 1678 2252 quem
1711 2180 1855 2236 mihi
1887 2180 2118 2236 dederis
2144 2179 2243 2250 qui
2270 2195 2340 2234 ex
2368 2178 2590 2249 virgine
2620 2182 2943 2251 prognatus
2974 2179 3051 2234 sit
3078 2177 3298 2234 homo?
3335 2177 3586 2243 Rursus,
3618 2174 3812 2248 [pedi-

393 2270 508 2325 bus
539 2268 821 2337 incidere,
878 2269 985 2325 hoc
1036 2269 1294 2325 hominis
1343 2285 1471 2326 esse
1520 2268 1707 2340 liquet
1758 2286 1770 2324 :
1822 2284 2001 2341 super
2044 2283 2259 2339 aquam
2317 2267 2565 2339 ingredi,
2615 2283 2731 2323 non
2784 2269 2911 2338 jam
2968 2268 3230 2324 hominis
3285 2270 3397 2323 est.
3448 2266 3592 2333 Quis
3643 2263 3813 2322 enim

395 2353 710 2427 aliquando
761 2355 1069 2411 hominum
1115 2360 1407 2428 quatenus
1458 2356 1654 2424 homo,
1704 2355 1818 2410 nisi
1862 2355 2020 2410 idem
2074 2353 2272 2410 divina
2320 2354 2596 2426 quapiam
2644 2355 2858 2410 virtute
2907 2354 3219 2423 subnixus,
3269 2369 3448 2425 super
3493 2368 3681 2425 aquas
3723 2350 3818 2406 in-

398 2444 561 2516 gredi
594 2444 831 2515 potuit?
858 2445 957 2499 Dei
990 2444 1148 2500 enim
1188 2444 1444 2516 operatio
1489 2442 1651 2512 talis,
1702 2444 1803 2499 sed
1854 2443 1955 2516 qui
2003 2442 2115 2498 sibi
2164 2442 2487 2499 humanam
2536 2443 2797 2500 induerit
2842 2447 3137 2500 naturam.
3193 2444 3312 2499 Hoc
3360 2441 3531 2515 plane
3582 2441 3819 2497 indicat

397 2532 574 2589 dictio
605 2528 991 2607 ἀνδρωθέντος,
1022 2534 1108 2589 vir
1138 2534 1294 2590 enim
1327 2533 1505 2590 simul
1535 2536 1592 2589 et
1622 2533 1798 2589 homo
1829 2532 2056 2603 signate
2087 2531 2337 2599 dicitur;
2383 2536 2449 2588 ut
2494 2532 2595 2604 qui
2642 2549 2711 2588 ex
2759 2533 2990 2589 duabus
3037 2533 3183 2591 251
3239 2532 3470 2589 naturis
3518 2529 3819 2588 conﬂatus

397 2638 804 2694 apparensque
853 2623 1139 2678 Dominus
1186 2627 1378 2691 Jesus,
1430 2638 1656 2689 eorum,
1706 2638 1832 2692 quae
1879 2621 2257 2690 theandricaa,
2312 2620 2423 2676 hoc
2468 2625 2557 2677 est
2606 2621 2709 2677 Dei
2753 2621 2940 2677 virilis
2989 2630 3156 2677 erant
3184 2620 3569 2694 operationis,
3600 2618 3811 2675 multi-

391 2710 527 2784 plex
574 2710 867 2783 specimen
916 2711 1086 2767 nobis
1136 2711 1402 2767 ediderit.
1451 2711 1599 2767 Nota
1645 2710 1907 2782 insuper,
1959 2709 2237 2781 quoniam
2286 2713 2527 2765 sanctus
2575 2710 2728 2766 hanc
2776 2710 2993 2767 Christi
3041 2711 3483 2767 miscellaneam
3514 2708 3814 2781 operatio:-

395 2817 529 2856 nem
557 2802 883 2856 vocandam
935 2800 1165 2856 censuit
1213 2795 1551 2869 θεανδρικήν,
1604 2799 1715 2855 hoc
1761 2803 1851 2854 est
1902 2797 2000 2852 Dei
2051 2797 2300 2855 virilem.
2346 2798 2633 2870 Operatus
2680 2799 2838 2855 enim
2889 2804 2999 2869 est,
3048 2802 3106 2855 et
3148 2799 3316 2871 quasi
3371 2799 3527 2855 Deus
3588 2796 3815 2865 solum,

398 2891 634 2961 quando
666 2890 880 2945 absens
913 2889 1098 2944 ﬁlium
1149 2888 1509 2944 centurionis
1557 2888 1803 2943 sanavit.
1855 2886 2089 2952 Contra,
2141 2889 2207 2941 ut
2253 2885 2429 2942 homo
2480 2888 2691 2955 solum,
2744 2888 2898 2945 Deus
2946 2887 3162 2959 alioqui
3221 2888 3375 2943 idem
3428 2903 3563 2942 cum
3614 2890 3811 2954 esset,

399 2978 638 3047 quando
671 2981 952 3043 {comesse
998 2974 1205 3042 voluit,
1253 2979 1311 3030 et
1358 2975 1513 3030 afﬁci
1560 2991 1824 3031 maerore.
1879 2975 2056 3030 Porro
2106 2978 2347 3030 sanctus
2394 2974 2490 3030 hic
2545 2976 2840 3049 θεαρχικήν
2892 2992 3027 3031 cum
3059 2975 3224 3047 dixit,
3254 2975 3355 3031 Dei
3386 2974 3614 3030 virilem
3647 2974 3815 3029 vide-

401 3065 541 3120 licet
570 3063 732 3120 illam
766 3064 863 3121 Dei
894 3065 1311 3136 operationem,
1343 3080 1443 3134 per
1474 3081 1651 3137 quam
1685 3063 2061 3136 suspicienda
2106 3064 2276 3135 signa
2323 3065 2533 3120 edebat
2583 3081 2596 3121 :
2650 3068 2812 3137 puta,
2864 3081 2982 3136 qua
3030 3065 3167 3120 caeci
3215 3063 3416 3120 oculos
3464 3063 3591 3120 sola
3633 3064 3816 3118 inun-

402 3153 595 3209 ctione
644 3153 895 3221 reﬁnxit,
946 3153 1068 3209 solo
1115 3153 1257 3208 item
1307 3157 1526 3208 attactu
1578 3153 1820 3208 ﬁmbriae
1870 3153 2093 3208 curavit
2134 3152 2661 3222 haemorrhousam,
2694 3154 2845 3211 duas
2874 3154 2934 3209 in
2965 3153 3194 3210 Christo
3226 3154 3409 3209 fuisse
3440 3152 3817 3225 operationes

400 3241 511 3297 hoc
564 3244 804 3297 nomine
848 3242 1175 3297 luculenter
1220 3243 1524 3313 expressit.
1575 3242 1656 3297 Ex
1705 3242 1795 3298 his
1847 3258 1989 3297 sane
2029 3241 2305 3297 omnibus
2352 3243 2699 3314 compendio
2744 3242 3062 3314 colligitur,
3116 3242 3255 3313 quia
3305 3242 3576 3298 Christus
3626 3239 3821 3297 asseri

399 3331 575 3386 etiam
622 3334 849 3402 poterat
900 3331 1071 3386 homo
1117 3334 1408 3402 quatenus
1457 3334 1655 3387 auctor
1702 3335 1760 3386 et
1807 3331 2116 3386 hominum
2146 3335 2374 3388 creator
2402 3336 2556 3401 erat;
2591 3332 3093 3405 quemadmodum
3123 3332 3185 3386 in
3218 3330 3471 3387 aliorum
3503 3330 3820 3386 nominum

401 3417 786 3489 explicatione
814 3419 1047 3475 abunde
1078 3418 1248 3474 nobis
1280 3418 1502 3474 dictum
1533 3422 1644 3475 est.
1675 3419 1874 3489 Neque
1905 3417 2025 3474 ullo
2057 3418 2231 3475 modo
2263 3422 2540 3491 corrupta
2568 3419 2779 3476 fuisset
2824 3419 3040 3475 veritas
3090 3436 3104 3475 :
3158 3419 3394 3490 quando
3444 3433 3574 3491 qua:
3621 3417 3822 3473 homi-

402 3523 544 3563 num
579 3511 764 3576 erant,
796 3507 1011 3563 virtute
1042 3507 1305 3563 humana
1335 3507 1659 3580 superiore,
1693 3507 1954 3580 perfecit.

915 3630 988 3685 IN
1030 3630 1424 3686 EPISTOLAM
1461 3630 1533 3685 V.

475 3722 552 3773 De
582 3717 778 3772 divina
818 3716 1066 3788 caligine
1114 3716 1279 3789 prius
1324 3718 1559 3788 quidem
1612 3718 1781 3773 Pater
1828 3718 2052 3775 edisse-

402 3806 539 3873 ruit,
606 3804 795 3876 capite
862 3803 1144 3860 nimirum
1204 3804 1440 3875 Mysn'cae
1501 3807 1779 3876 theologia:
1839 3807 2049 3878 primo.

402 3895 503 3951 Est
550 3897 745 3949 autem
796 3892 972 3948 dictio
1021 3892 1142 3947 haec
1193 3908 1258 3948 ex
1310 3892 1411 3948 illo
1462 3893 1795 3949 admirabili
1842 3894 2057 3949 Davide

404 3984 738 4054 desumpta.
772 3981 1075 4054 Siquidem
1108 3981 1159 4038 is
1210 3982 1313 4051 ait,
1371 3979 1469 4037 Καὶ
1519 3981 1721 4055 γνόφος
1781 3982 1884 4035 ὑπὸ
1930 3981 2057 4043 τοὺς

402 4066 571 4130 πόδας
615 4070 801 4141 αὐτοῦ,
848 4071 905 4125 id
940 4074 1029 4127 est
1064 4087 1075 4123 :
1110 4072 1175 4126 Et
1203 4071 1381 4142 caligo
1412 4071 1511 4126 sub
1538 4071 1776 4142 pedibus
1806 4073 1924 4140 eius
1955 4072 2053 4142 (p).

404 4159 488 4215 Ob
520 4159 578 4213 id
611 4159 768 4215 enim
800 4159 963 4215 addit
1009 4160 1178 4215 Pater
1213 4177 1225 4215 :
1260 4161 1321 4215 In
1375 4176 1492 4231 qua
1539 4159 1870 4215 inhabitare
1918 4158 2057 4214 dici-

407 4251 507 4304 tur
534 4248 710 4304 Deus.
754 4253 898 4304 Nam
949 4248 997 4304 si
1048 4248 1159 4303 sub
1206 4249 1333 4318 ejus
1384 4248 1634 4320 pedibus
1682 4247 1889 4319 caligo,
1940 4264 2055 4303 non

408 4337 722 4393 obscurum
754 4342 843 4393 est
871 4341 993 4392 tota
1021 4354 1089 4392 ea
1118 4336 1370 4409 caligine
1402 4336 2056 4409 incomprehensibilem

410 4426 631 4498 alioqui
691 4431 748 4481 et
802 4425 1157 4480 invisibilem
1218 4424 1680 4497 circumquaque
1741 4424 2054 4496 adoperiri.

413 4514 669 4569 Rursum
730 4514 909 4569 Isaias
955 4513 1238 4586 propheta
1286 4529 1300 4567 :
1349 4517 1422 4569 Et
1472 4515 1699 4584 impleta
1742 4522 1819 4568 est
1864 4513 2059 4569 domus

403 4605 556 4675 fumo
585 4602 681 4672 (q).
715 4602 1006 4657 Dorotheo
1038 4602 1216 4673 igitur
1248 4599 1549 4676 λειτουργῷ
1579 4603 1824 4658 diacono
1853 4603 2057 4658 videli-

406 4696 495 4746 cet
526 4690 632 4763 (sic
662 4690 817 4745 enim
854 4691 1052 4745 docuit
1082 4691 1195 4745 dici
1230 4690 1541 4746 diaconum
1577 4692 1633 4746 in
1681 4693 2059 4748 Ecclesiastica

406 4779 748 4850 hierarchia)
781 4779 1130 4849 sciscitanti,
1164 4797 1430 4851 quaenam
1472 4780 1593 4836 haec
1642 4786 1799 4836 esset
1846 4782 2056 4853 caligo,

409 4870 726 4943 respondet
759 4886 771 4924 :
808 4867 1007 4939 Caligo
1039 4884 1180 4923 sane
1219 4873 1327 4936 est,
1380 4886 1555 4940 quam
1607 4870 1882 4927 tenebras
1930 4885 2060 4927 esse

410 4960 642 5014 credere
683 4957 817 5029 quis
867 4957 1074 5029 possit,
1127 4958 1225 5012 lux
1274 4957 1489 5029 alioqui
1538 4958 1868 5027 inaccessa;
1920 4976 2057 5015 nam

408 5047 641 5103 etiamsi
673 5046 773 5103 lux
820 5048 916 5115 sit,
978 5046 1279 5101 inaccessa
1327 5050 1524 5102 tamen
1577 5052 1793 5118 manet,
1844 5047 2062 5103 nullive

409 5138 606 5209 pervia
636 5143 914 5192 creaturas
949 5153 965 5203 ;
998 5140 1054 5191 et
1085 5134 1192 5190 hac
1224 5135 1415 5206 gratia
1444 5153 1653 5191 nomen
1688 5138 1911 5207 accepit
1958 5140 2056 5189 τοῦ

404 5223 631 5299 γνόφου,
668 5226 723 5279 id
759 5229 848 5280 est
876 5224 1159 5295 caliginis,
1194 5225 1346 5294 quod
1382 5224 1533 5279 visui
1566 5226 1905 5297 neutiquam
1956 5244 2059 5299 pa-

401 5318 545 5370 teat.
578 5312 897 5369 Invisibilis
929 5330 1070 5369 sane
1098 5330 1212 5369 non
1238 5314 1411 5383 juxta
1436 5313 1493 5367 id
1527 5314 1996 5386 signiﬁcati,quo
2027 5333 2061 5371 a

400 5403 683 5478 primaria
728 5403 819 5458 sui
853 5402 1187 5458 conditione
1220 5406 1375 5457 terra
1406 5402 1559 5457 dicta
1598 5408 1687 5458 est
1718 5403 1796 5457 ibi
1837 5421 1849 5459 :
1882 5405 2060 5461 Terra

407 5497 602 5550 autem
636 5499 760 5547 erat
792 5490 1105 5547 invisibilis
1137 5495 1194 5547 et
1242 5490 1542 5547 incondita
1574 5509 1586 5546 :
1624 5493 1812 5565 magis
1861 5499 2054 5550 autem

478 5674 552 5746 (ρ)
586 5672 736 5731 Psal.
767 5690 902 5745 xvu,
933 5676 1021 5732 10.
1098 5677 1175 5750 (q)
1208 5680 1314 5734 133,
1346 5694 1424 5749 νι,
1458 5679 1511 5732 1,,

2079 3633 2127 3698 Β

2566 3631 2681 3686 ΕΙΣ
2712 3631 2848 3687 ΤΗΝ
2880 3629 3283 3687 ΕΠΙΣΤΟΛΗΝ
3314 3630 3393 3686 Ε’.

2235 3718 2365 3795 Περὶ
2411 3721 2507 3772 τοῦ
2565 3719 2713 3773 θείου
2768 3717 2972 3795 γνόφου
3028 3719 3119 3773 καὶ
3171 3718 3438 3793 πρότερον
3486 3714 3702 3792 εἴρηκεν
3761 3715 3819 3771 ἐν

2163 3811 2244 3878 τῷ
2303 3808 2507 3881 πρώτῳ
2556 3802 2759 3882 βιϐλίῳ
2790 3810 2904 3881 (43)
2960 3812 3058 3863 τοῦ
3114 3809 3245 3883 Περὶ
3307 3812 3573 3879 μυστικῆς
3619 3803 3818 3861 θεολο-

2161 3894 2304 3970 γίας.
2338 3902 2488 3951 ’Ἐστι
2524 3894 2581 3951 δὲ
2638 3898 2673 3966 ἡ
2738 3896 2892 3973 ῥῆσις
2952 3897 3011 3951 ἐκ
3072 3901 3170 3951 τοῦ
3216 3895 3500 3960 θεσπεσίου
3531 3892 3696 3950 Δαυὶδ
3724 3894 3819 3950 λέ-

2165 4005 2361 4059 γοντος
2391 4004 2403 4017 ⁸
2437 3984 2535 4039 Καὶ
2566 3984 2767 4063 γνόφος
2800 3986 2901 4040 ὑπὸ
2929 3983 3059 4047 τοὺς
3105 3981 3277 4047 πόδας
3306 3984 3492 4041 αὐτοῦ.
3526 3985 3625 4038 Διὰ
3653 3988 3817 4039 τοῦτο

2166 4075 2269 4147 γὰρ
2296 4074 2476 4141 τίθησι
2507 4074 2596 4129 καὶ
2625 4074 2687 4129 τό
2720 4093 2733 4106 ·
2792 4077 2880 4131 Ἐν
2938 4074 2983 4145 ᾧ
3042 4080 3313 4129 κατοικεῖν
3360 4071 3570 4150 λέγεται
3602 4074 3631 4127 ὁ
3662 4074 3819 4135 Θεός.

2169 4162 2230 4218 Ei
2262 4163 2364 4236 γὰρ
2398 4163 2499 4217 ὑπὸ
2524 4163 2651 4224 τοὺς
2701 4160 2874 4225 πόδας
2932 4160 3073 4216 ἐστὶν
3124 4163 3152 4216 6
3210 4164 3433 4240 γνόφος,
3468 4158 3706 4231 εὔδηλον
3736 4162 3821 4225 ὅτι

2168 4251 2220 4306 ἐν
2270 4250 2454 4323 ἐκείνῳ
2512 4252 2667 4306 παντὶ
2725 4251 3182 4327 περικαλύπτεται
3237 4252 3265 4306 6
3324 4251 3703 4327 ἀπερίληπτος
3732 4251 3823 4304 καὶ

2168 4340 2412 4402 ἀθέατος.
2452 4341 2557 4395 Καὶ
2588 4339 2753 4396 πάλιν
2801 4341 2829 4395 6
2882 4342 3102 4403 Ἡσαῒας
3134 4360 3146 4374 ’
3182 4341 3288 4396 Καὶ
3319 4338 3566 4411 ἐπλήσθη
3596 4344 3821 4412 ξκαπνοῦ

2168 4429 2196 4483 6
2236 4430 2406 4489 οἶκος.
2454 4429 2762 4503 Ἐρωτῶντι
2819 4429 3001 4483 τοίνυν
3054 4433 3136 4501 τῷ
3194 4427 3523 4503 λειτουργῷ,
3556 4426 3819 4499 δηλονότι

2169 4514 2425 4590 διακόνῳ,
2479 4517 2648 4591 (οὕτω
2700 4520 2804 4593 γὰρ
2866 4516 3050 4593 ἔλεγεν
3122 4517 3174 4572 ἐν
3229 4521 3298 4592 τῇ
3354 4516 3819 4592 Ἐκκλησιαστικῇ

2166 4608 2443 4682 ἱεραρχίᾳ)
2494 4609 2782 4681 Δωροθέῳ,
2852 4607 2934 4670 τίς
3009 4607 3149 4662 ἐστιν
3219 4608 3247 4662 6
3299 4610 3549 4669 τοιοῦτος
3598 4607 3819 4685 γνόφος,

2169 4695 2329 4774 φησίν
2367 4715 2379 4729 ·
2441 4694 2612 4759 Οὗτός
2690 4697 2829 4751 ἐστιν
2918 4697 2976 4750 ὃν
3044 4695 3235 4757 σκότος
3291 4694 3538 4766 οἷ’ήσαιτό
3593 4717 3704 4767 τις,
3760 4696 3819 4751 τὸ

2170 4783 2459 4858 ἀπρόσιτον
2511 4788 2626 4861 φῶς
2661 4803 2673 4816 ’
2724 4785 2768 4839 εἱ
2825 4784 2929 4860 γὰρ
2987 4784 3077 4839 καὶ
3136 4788 3249 4861 φῶς
3315 4783 3453 4839 ἐστιν
3490 4786 3626 4857 (44),
3679 4783 3821 4839 ἆλλά

2170 4873 2257 4927 καὶ
2286 4872 2578 4947 ἀπρόσιτον
2614 4892 2626 4905 ·
2662 4874 2749 4927 καὶ
2806 4871 2891 4927 δια
2940 4877 3102 4927 τοῦτο
3160 4873 3222 4927 τὸ
3280 4877 3378 4927 τοῦ
3408 4893 3616 4951 γνοφου
3650 4870 3823 4946 ὄνομα

2173 4960 2384 5038 εἴληφε,
2420 4959 2508 5015 διὰ
2535 4962 2597 5016 τὸ
2628 4962 2857 5035 ἀόρατον
2908 4959 3149 5033 δηλαδή.
3212 4961 3474 5035 ’Δόρατον
3505 4959 3563 5016 δὲ
3594 4962 3661 5017 οὗ
3691 4962 3825 5016 κατὰ

2168 5053 2229 5105 τὸ
2275 5051 2400 5127 περὶ
2458 5058 2557 5120 τῆς
2620 5052 2859 5127 ἀρχῆθεν
2909 5058 3011 5124 γῆς
3070 5049 3476 5123 σημαινόμενον
3513 5069 3526 5082 ⁸
3577 5053 3613 5120 ἡ
3656 5048 3717 5106 δὲ
3758 5057 3822 5126 γῆ

2168 5141 2234 5207 ἦν
2263 5140 2492 5215 ἀόρατος
2523 5140 2612 5195 καὶ
2664 5140 3129 5201 ἀκατασκεύαστος
3166 5161 3178 5173 ·
3214 5137 3363 5194 ἀλλὰ
3400 5136 3489 5193 διὰ
3522 5141 3621 5207 τὴν
3658 5140 3826 5215 ὑπερ-

2170 5229 2398 5303 έχουσαν
2434 5228 2730 5306 φανότητα,
2764 5230 2838 5290 ὡς
2888 5228 3115 5302 ἀόρατον
3174 5225 3406 5303 λέγομεν
3450 5230 3542 5283 τὸν
3576 5226 3743 5296 ἥλιον
3779 5228 3824 5282 ἐν

2174 5312 2511 5393 μεσημϐρίᾳ,
2544 5316 2939 5373 ἀποπάλλοντα
2988 5319 3086 5380 τὰς
3130 5317 3348 5377 ἀκτῖνας
3386 5319 3781 5393 καθαρωτάτας
3811 5337 3822 5350 ·

2170 5404 2301 5481 ὅπερ
2346 5405 2444 5479 γὰρ
2500 5410 2649 5460 ποιεῖ
2702 5406 2879 5483 φωτὸς
2928 5403 3182 5476 ἀπουσία,
3233 5404 3609 5481 ἀνενεργησίαν
3653 5403 3821 5475 δηλον

2170 5493 2251 5549 ότι
2301 5497 2408 5548 τῶν
2470 5494 2705 5549 ὀπτικῶν
2769 5492 3045 5569 δυνάμεων
3097 5493 3456 5569 ἐργαζομένη,
3511 5499 3675 5550 τοῦτο
3732 5494 3815 5549 καὶ
