4062 6366
170 397 264 453 449

964 393 1427 448 PACHYMERE
1467 391 1972 447 PARAPHRASIS
2007 393 2082 447 IN
2118 394 2275 447 EPP.
2316 394 2375 447 Β.
2415 393 2756 448 DIONYSII.

3458 392 3563 448 450

166 518 355 592 ἡπρὸς
402 513 570 585 ἥλιον
629 513 681 569 ἐν
747 509 1062 589 μεσημϐρίᾳ
1090 512 1281 581 ἀτενὴς
1308 506 1612 584 ἀπόϐλεψις
1662 511 1801 565 ἀπο-

1923 518 2156 587 propter
2193 514 2608 570 exuberantem
2658 513 2886 585 copiam
2931 512 3080 570 lucis
3128 530 3141 569 :
3177 514 3559 585 quemadmo-

164 606 438 663 τελεῖ.Ἐν
489 602 667 675 τούτῳ
720 601 927 677 γίνεται
966 606 1071 665 πᾶς
1122 602 1149 656 6
1195 600 1330 655 κατὰ
1382 602 1620 670 Μωῦσῆν
1679 600 1806 654 Θεὸν

166 699 356 771 γνῶναι
385 692 477 746 καὶ
514 690 647 746 ῗδεῖν
695 688 1033 764 ἀξιούμενος.
1089 690 1155 745 Τί
1218 687 1275 743 δέ
1332 687 1471 743 ἐστιν
1611 692 1808 765 γνῶσις

167 784 248 839 καὶ
296 784 332 852 ἡ
381 781 475 845 οὲα
530 779 617 835 ἐπὶ
675 783 847 849 Θεοῦ;
910 777 1039 833 αὐτὸ
1094 778 1157 832 τὸ
1213 777 1452 853 γίνεσθαί
1506 798 1628 832 τινα
1677 777 1807 852 ὑπὲρ

168 873 344 947 ὅρασιν
377 871 464 926 καὶ
501 873 725 945 γνῶσιν,
778 867 867 922 καὶ
930 869 1068 940 μήτε
1125 867 1252 941 ὁρᾷν
1307 868 1445 939 μήτε
1500 856 1806 942 γινώσκειν·

165 966 316 1016 τοῦτο
376 957 435 1013 δὲ
495 958 662 1031 μόνον
713 958 1018 1031 γινώσκειν,
1076 956 1160 1010 δτι
1221 954 1355 1028 μετᾶ
1404 956 1573 1009 πάντα
1605 958 1715 1028 (45)
1746 954 1812 1009 τὰ

166 1050 387 1118 αἴσθητὰ
444 1048 537 1103 καὶ
587 1047 654 1101 τὰ
718 1046 890 1117 νοητὰ
948 1046 975 1099 6
1028 1044 1155 1107 Θεός
1209 1043 1321 1099 ἐστι
1355 1086 1369 1101 .
1428 1045 1502 1101 Τὸ
1561 1042 1618 1098 δὲ
1676 1045 1809 1118 ὑπὲρ

163 1137 348 1207 πάντα,
413 1137 548 1211 μετᾶ
603 1134 778 1191 πάντα
836 1137 973 1205 εἷπε,
1030 1131 1215 1203 δηλῶν
1247 1134 1345 1202 τὴν
1378 1137 1485 1187 τῶν
1536 1132 1807 1203 αἰσθητῶν

162 1228 268 1301 ἃμα
317 1225 407 1282 καὶ
457 1230 670 1296 νοητῶν
721 1223 974 1279 ἁπάντων
1021 1217 1284 1293 διάϐασιν,
1325 1222 1458 1297 πρὸς
1514 1223 1614 1290 τήν
1671 1224 1810 1294 ἡμε-

158 1319 310 1392 τέραν
366 1320 567 1391 γνῶσιν
636 1313 894 1389 ῥηθέντος
951 1316 1047 1366 τοῦ
1109 1309 1277 1385 λόγου
1334 1313 1467 1385 (46).
1501 1309 1660 1367 Οὕτω
1707 1310 1807 1387 γὰρ

155 1408 235 1461 καὶ
288 1409 325 1475 ἡ
356 1408 557 1480 γνῶσις
612 1403 741 1476 μεθὸ
790 1399 999 1465 διέλθοι
1032 1400 1227 1473 πάντα,
1258 1400 1393 1476 πρὸς
1437 1400 1564 1454 Θεὸν
1616 1399 1808 1474 ἀναγε-

153 1516 231 1549 ται
263 1496 403 1567 (41),
434 1493 524 1547 καὶ
582 1496 735 1561 ζητεῖ
761 1491 830 1544 τὰ
864 1490 996 1565 ὑπὲρ
1030 1490 1220 1544 πάντα·
1282 1485 1369 1544 ὅτε
1428 1494 1557 1564 γοῦν
1612 1488 1809 1544 τούτου

153 1605 229 1646 τις
260 1579 519 1652 ἀξιωθείη
579 1580 713 1654 (48),
780 1579 915 1652 μετά
971 1582 1069 1633 τοῦ
1106 1579 1396 1653 Προφῆτου
1454 1576 1583 1653 ἒρεῖ·
1618 1580 1809 1635 Ἐθαυ-

160 1671 417 1744 μαπώοη
479 1670 514 1737 ἢ
572 1667 775 1744 γνῶσίς
827 1688 922 1721 σου
972 1666 1022 1737 ἐξ
1084 1665 1257 1739 ἐμοῦ·
1318 1666 1679 1742 ἐκραταιώθη,
1749 1666 1810 1721 οὐ

161 1761 229 1831 μὴ
294 1755 543 1830 δύνωμαι
603 1756 740 1830 πρὸς
793 1754 983 1826 αὐτήν.
1019 1760 1198 1830 Ἔγνω
1247 1754 1336 1809 καὶ
1370 1756 1397 1809 6
1430 1756 1572 1816 θεῖος
1594 1753 1809 1817 Παῦλος

156 1849 239 1902 τὸν
275 1848 432 1916 Θεὸν,
491 1841 816 1915 ὅτιδηλαδή
874 1843 1019 1899 ἐστιν
1078 1844 1210 1920 ὑπὲρ
1269 1849 1439 1899 πᾶσαν
1486 1848 1687 1919 γνῶσιν
1717 1844 1806 1899 καὶ

155 1938 340 2007 νόησιν
377 1977 393 2005 ,
453 1933 536 1990 ὅτι
598 1932 1045 2008 ἀνεξιχνίαστος,
1104 1932 1186 1988 ὅτι
1234 1933 1301 1989 τὰ
1352 1932 1589 2008 κρίματα
1647 1934 1813 1988 αὐτοῦ

155 2026 540 2101 ἀνεξερεύνητα
575 2066 590 2092 ,
643 2024 727 2078 δτι
786 2023 839 2077 αἱ
896 2020 1095 2098 δωρεαὶ
1155 2018 1586 2096 ἀνεκδιήγητοι,
1646 2020 1728 2077 ὅτι
1776 2025 1810 2091 ἡ

154 2116 343 2190 sig-15w;
408 2113 577 2169 αὐτοῦ
611 2111 864 2187 ὑπερέχει
894 2112 1069 2167 πάντα
1115 2115 1262 2166 νοῦν·
1316 2115 1478 2167 τοῦτο
1525 2110 1623 2188 γάρ
1668 2109 1809 2165 ἐστιν

153 2204 280 2280 ὅπερ
328 2204 463 2278 ῦπὶρ
517 2201 702 2273 νόησιν
758 2195 1015 2276 ἔγνωκεν,
1072 2199 1161 2255 ὅτι
1222 2200 1435 2255 πάντων
1494 2198 1636 2255 ἐστὶν
1685 2198 1812 2255 ἐπέ-

153 2315 325 2362 κεινα,
379 2292 456 2357 ὦς
512 2290 686 2353 αἶ’τιος
742 2291 957 2345 πάντων
1021 2288 1116 2346 ὥν.
1177 2290 1271 2358 Μὴ
1322 2293 1450 2365 γοῦν
1511 2287 1654 2344 εἷ’ποι
1703 2310 1809 2360 τις,

151 2388 260 2445 πῶς
302 2383 433 2457 ὑπὲρ
493 2380 679 2450 νόησεν
712 2379 822 2435 ἐστι
882 2378 951 2432 τὰ
1009 2375 1205 2433 εῗδέναι
1231 2378 1371 2450 τινὰ,
1407 2376 1490 2433 ὅτι
1522 2379 1549 2433 6
1576 2379 1706 2442 Θεὸς
1736 2379 1812 2441 ὡς

154 2471 402 2528 ἒπέκεινα
457 2472 672 2525 πάντων
709 2468 849 2524 ἐστὶν
902 2466 1310 2543 ἆνεξερεύνητος
1360 2473 1551 2537 κοινῆς
1581 2466 1809 2535 ἐννοίας,

155 2561 352 2616 ὡσανεὶ
380 2559 587 2629 ταύτης
634 2556 799 2628 οῦσης
847 2557 938 2611 καὶ
984 2557 1196 2611 πάντων
1247 2553 1469 2611 εἰδότων
1525 2553 1812 2611 ἀναποδεί-

153 2670 321 2721 κτως,
376 2650 460 2703 δτι
521 2648 548 2702 6
598 2647 724 2708 Θεὸς
782 2643 1190 2714 ἀκατάληπτος⁶
1252 2642 1378 2698 ἀλλ’
1432 2641 1620 2699 ιῖδέτω
1677 2645 1810 2717 (49),

155 2740 220 2794 ὡς
285 2737 370 2793 ὅτι
436 2738 531 2810 μὲν
589 2738 616 2791 6
674 2735 802 2797 Θεὸς
861 2730 1266 2803 ἀκατάληπτος,
1323 2730 1414 2786 καὶ
1446 2732 1576 2806 ὑπὲρ
1610 2736 1810 2807 γνῶσιν

150 2832 253 2883 τῶν
320 2824 553 2882 πολλῶν
611 2823 751 2879 ἔστιν
807 2820 1026 2878 εἷδὲναιο
1090 2818 1229 2876 διότι
1288 2818 1345 2875 δὲ
1398 2824 1671 2892 τοιοῦτος,
1720 2820 1811 2875 καὶ

150 2921 295 2988 πῶς,
351 2914 575 2970 ἐκείνων
635 2912 747 2968 ἐστὶ
817 2910 997 2984 μόνων
1059 2907 1254 2965 εἰδέναι
1305 2914 1412 2964 τῶν
1470 2909 1808 2981 ἆξιωθόντων

150 3007 410 3080 γνώσεως
465 3002 610 3068 θείας
662 3004 778 3075 (50)
836 3001 923 3056 καὶ
984 3000 1116 3072 ὑπὲρ
1171 2999 1617 3075 ἄνθρωποψοῖος
1669 3002 1734 3067 ἦν
1781 2999 1809 3054 6

149 3092 337 3161 Δαυῖδ,
400 3095 516 3155 οἷος
567 3092 594 3145 6
637 3089 875 3151 Παῦλος.
911 3086 1014 3145 Καὶ
1044 3086 1107 3142 τὸ
1140 3084 1407 3141 ἐκλείπειν
1427 3087 1525 3141 τὸν
1551 3086 1738 3156 ἥλιον,
1773 3088 1808 3157 ἢ

149 3186 241 3253 τὴν
304 3180 568 3253 σελήνην,
623 3180 658 3249 ἢ
703 3174 845 3234 ἄλλο
877 3198 932 3231 τι
959 3180 1067 3231 τῶν
1115 3176 1250 3253 κμτὰ
1294 3174 1500 3249 κόσμον
1542 3176 1805 3249 γίνεσθαι,

1918 603 2060 658 dum
2089 602 2273 660 solem
2300 603 2493 675 ipsum
2527 602 2721 658 radios
2752 603 2923 675 longe
2942 602 3294 675 purissimos
3316 603 3561 659 meridie

1917 691 2303 763 ejaculantem
2318 710 2433 749 non
2448 692 2788 749 dubitamus
2811 692 3167 748 invisibilem
3190 692 3558 750 dicere.Nam

1920 781 2073 853 quod
2110 781 2258 838 lucis
2306 782 2573 838 absentia
2624 780 2827 846 efﬁcit,
2859 781 2999 835 dum
3045 781 3268 836 scilicet
3314 781 3559 836 visivam

1919 871 2238 942 potentiam
2288 888 2399 926 sua
2445 871 2633 943 privat
2678 869 3061 941 operatione:
3110 868 3266 925 idem
3318 886 3561 941 prorsus

1918 959 2143 1030 perﬁcit
2172 960 2471 1015 contuitus
2501 960 2560 1015 in
2593 958 2776 1015 solem
2800 958 3186 1014 meridianum
3208 957 3382 1013 fixius
3406 960 3559 1016 252

1918 1048 2300 1120 pressiusque
2357 1047 2698 1104 collineans.
2749 1048 3000 1103 Proinde
3048 1046 3107 1102 in
3157 1046 3265 1102 hac
3315 1046 3563 1120 caligine

1917 1141 2202 1206 versatur,
2234 1137 2528 1209 quisquis,
2564 1141 2628 1193 ut
2658 1137 3188 1208 Moyses,censetur
3218 1137 3434 1208 dignus
3465 1154 3560 1193 co-

1919 1225 2182 1297 gnitione
2214 1225 2313 1281 Dei
2360 1230 2535 1298 atque
2582 1225 2825 1294 visione,
2857 1225 2969 1281 Sed
3014 1228 3071 1281 et
3115 1225 3250 1280 talis
3300 1225 3559 1298 cognitio

1920 1315 2018 1370 Dei
2050 1315 2269 1387 pariter
2314 1320 2373 1372 et
2418 1315 2589 1383 visio,
2623 1315 2763 1388 quid
2812 1315 3051 1371 tandem
3102 1314 3240 1371 est?
3269 1315 3560 1372 Nimirum

1920 1403 2178 1475 aliquem
2211 1420 2341 1460 esse
2370 1421 2550 1476 supra
2595 1404 2905 1472 visionem,
2955 1408 3013 1459 et
3061 1402 3478 1476 cognitionem,
3510 1408 3567 1460 et

1920 1509 2109 1565 neque
2137 1494 2350 1564 videre,
2386 1511 2574 1566 neque
2604 1508 2956 1565 cognoscere
2988 1494 3145 1563 quod
3177 1497 3311 1564 post
3341 1493 3562 1564 omnia,

1920 1598 2047 1652 quas
2078 1598 2254 1638 sensu
2286 1581 2791 1655 intelligentiaque
2818 1580 3243 1652 percipiuntur,
3281 1582 3432 1637 Deus
3453 1586 3563 1638 est.

1922 1669 2071 1726 Illud
2122 1675 2316 1727 autem
2367 1670 2496 1744 ὑπὲρ
2541 1670 2738 1738 πάντα,
2786 1686 2956 1735 supra
3003 1669 3212 1741 omnia,
3265 1669 3412 1724 dixit
3461 1686 3565 1741 pro

1923 1757 2057 1831 μετᾶ
2085 1758 2278 1829 πάντα,
2308 1768 2433 1831 post
2463 1760 2673 1830 omnia,
2706 1758 3013 1815 declarans
3044 1758 3353 1815 sensilium
3384 1757 3567 1816 simul

1920 1850 1978 1903 et
2005 1846 2434 1903 intellectilium
2483 1847 2750 1903 omnium
2795 1846 3303 1902 transcensionem
3341 1862 3568 1903 sermo-

1924 1950 2018 2006 ne,
2046 1935 2120 1990 ad
2152 1939 2363 1991 nostra;
2403 1934 2756 2007 cognitionis
2807 1941 3047 2007 captum
3102 1936 3567 2007 accommodato,

1923 2023 2171 2097 prolato.
2230 2024 2325 2081 Sic
2383 2025 2539 2080 enim
2594 2023 2852 2096 cognitio
2917 2027 3137 2090 nostra,
3209 2024 3571 2095 simulatque

1924 2112 2198 2170 universa
2240 2112 2623 2182 transcendit,
2666 2114 2739 2168 ad
2811 2112 2996 2169 Deum
3066 2112 3400 2169 sustollitur
3446 2113 3570 2185 pri-

1924 2218 2088 2257 mum
2119 2221 2140 2257 .°
2170 2206 2225 2259 et
2255 2219 2322 2259 ea
2352 2207 2492 2258 tunc
2519 2203 2689 2259 unice
2719 2203 2947 2274 querit,
2981 2218 3109 2273 quae
3169 2207 3383 2258 cuncta
3406 2206 3571 2259 tran-

1922 2292 2234 2347 scendunt.
2269 2292 2411 2347 Cum
2443 2291 2624 2362 igitur
2652 2290 2782 2361 quis
2814 2290 3030 2361 dignus
3062 2290 3160 2345 illo
3186 2290 3427 2346 habitus
3452 2293 3573 2346 iue-

1922 2380 2017 2447 rit,
2051 2380 2101 2435 is
2126 2396 2261 2435 cum
2295 2379 2587 2452 Pr0pheta
2628 2379 3062 2451 promerebitur
3110 2379 3302 2434 dicere
3338 2397 3352 2434 :
3386 2379 3568 2436 Mira-

1924 2468 2057 2524 bilis
2081 2470 2231 2542 facta
2278 2478 2357 2524 est
2402 2469 2636 2525 scientia
2681 2477 2777 2524 tua
2828 2484 2897 2523 ex
2950 2485 3086 2524 me:
3117 2468 3438 2540 con/artata
3467 2473 3566 2537 est,

1920 2574 2031 2614 non
2054 2566 2242 2630 potero
2269 2558 2342 2614 ad
2368 2574 2488 2614 eam
2517 2559 2613 2629 (ν).
2644 2558 2890 2613 Noverat
2922 2556 3094 2628 plane
3125 2557 3305 2613 Deum
3340 2562 3397 2613 et
3418 2557 3569 2613 divi-

1924 2664 2036 2705 nus
2066 2647 2281 2703 Paulus
2311 2647 2472 2703 omni
2511 2646 2792 2702 nimirum
2833 2650 2889 2701 et
2937 2646 3192 2702 scientiae
3242 2650 3299 2701 et
3346 2646 3569 2703 intelli-

1922 2735 2129 2808 gentiae
2196 2736 2755 2809 supereminentem,
2834 2736 2987 2807 quod
3052 2734 3565 2807 ininvestigabilis,

1920 2826 2196 2897 quodque
2227 2824 2636 2881 inscrutabilia
2666 2824 2855 2895 ipsius
2877 2823 3106 2895 judicia
3135 2828 3416 2891 essent,et
3443 2824 3563 2881 ine-

1922 2913 2241 2970 narrabilia
2271 2914 2423 2969 dona
2451 2913 2516 2985 (ε)
2552 2931 2564 2969 :
2598 2913 2853 2984 denique
2876 2912 3013 2983 quia
3042 2930 3155 2984 pax
3185 2913 3256 2968 ab
3289 2912 3416 2985 ipso
3438 2930 3571 2985 pro-

1920 3005 2129 3073 ﬂuens,
2161 3019 2393 3059 omnem
2427 3005 2803 3074 exsuperaret
2835 3018 3075 3057 sensum
3106 3002 3188 3073 (ι).
3237 3002 3356 3057 Hoc
3409 3002 3564 3058 enim

1922 3096 2032 3160 est,
2068 3092 2224 3164 quod
2257 3108 2437 3163 supra
2465 3107 2700 3146 omnem
2731 3106 2975 3147 sensum
3019 3106 3149 3147 esse-
3181 3094 3389 3159 norat;
3425 3090 3567 3161 quia

1922 3180 2192 3236 videlicet
2223 3181 2450 3235 cunctis
2483 3180 2749 3251 superior
2767 3183 2948 3247 est,ut
2979 3178 3076 3251 qui
3102 3182 3305 3234 auctor
3332 3178 3413 3234 sit
3438 3194 3566 3233 om-

267 3235 368 3344 μεν
406 3235 613 3325 οἴδασιν
648 3235 718 3322 ὀἱ
775 3263 1003 3337 πολλοὶ,
1059 3235 1236 3328 οὐδέἶς
1266 3235 1626 3338 ἀμφιϐάλλει·
1678 3235 1812 3333 αῦτη

1929 3269 2115 3324 nium.
2150 3269 2232 3324 Ne
2263 3268 2397 3341 quis
2446 3268 2629 3340 igitur
2675 3268 2954 3338 objecerit
2985 3284 2998 3323 :
3034 3268 3163 3336 Qui,
3214 3283 3431 3339 quaeso,
3468 3284 3570 3323 su-

152 3363 248 3437 γὰρ
292 3363 326 3429 ἡ
390 3357 641 3428 αἴσθησις
664 3353 904 3410 διδάσκει
963 3357 1145 3409 τοῦτο’
1186 3351 1255 3407 δι’
1314 3353 1342 3407 ’ὁ
1402 3349 1458 3406 δὲ
1513 3356 1678 3407 ταῦτα
1734 3353 1817 3427 γί-

156 3436 368 3519 νονται,
430 3445 529 3501 οὐκ
589 3441 794 3499 οἴδασιν
854 3441 1040 3512 ἄλλοι,
1076 3442 1112 3511 ἢ
1146 3442 1197 3495 οἱ
1228 3441 1349 3514 περὶ
1379 3444 1545 3495 ταῦτα
1576 3436 1821 3516 ἀκριϐεῖς

159 3537 356 3606 ima-115
369 3555 528 3608 μονες
546 3576 557 3591 .

1928 3374 2034 3428 pra
2082 3356 2539 3429 intelligentiam
2591 3360 2681 3411 est
2728 3356 2857 3420 hoc,
2907 3355 3165 3426 aliquem
3219 3355 3388 3423 scire,
3434 3355 3575 3425 quia

1931 3447 2083 3501 Deus
2113 3449 2403 3516 quatenus
2436 3445 2711 3501 universa
2728 3442 3577 3510 transcendit,manetinscru-

1933 3532 2134 3589 tabilis
2183 3532 2486 3588 communi
2516 3531 3271 3603 intelligentiae;tanquam
3323 3531 3431 3587 hac
3478 3546 3575 3586 co-

160 3628 433 3700 gnitione
488 3623 790 3681 communi
843 3621 1181 3690 exsistente,
1231 3625 1287 3677 et
1334 3620 1612 3677 omnibus
1658 3620 1822 3676 nulla
1869 3622 2082 3693 praevia
2136 3622 2631 3677 demonstratione
2692 3620 3018 3677 scientibus
3076 3620 3232 3691 quod
3282 3619 3435 3675 Deus
3484 3622 3579 3674 est

158 3711 826 3788 incomprehensibilis;
858 3728 1060 3768 verum
1093 3710 1242 3767 sciat
1290 3710 1447 3783 quod
1485 3714 1670 3765 Deum
1717 3709 1954 3781 quidem
2003 3709 2657 3784 incomprehensibilem
2706 3726 2855 3778 esse,
2905 3713 3286 3779 nostramque
3332 3723 3576 3779 exsupe-

162 3820 299 3862 rare
330 3801 752 3874 cognitionem,
783 3802 1003 3856 norunt
1032 3798 1297 3870 plerique
1325 3813 1552 3854 omnes.
1586 3797 1810 3862 Quibus
1863 3804 2059 3856 autem
2105 3800 2175 3855 de
2208 3800 2402 3856 causis
2433 3798 2567 3855 talis
2617 3799 2715 3868 sit,
2764 3804 2822 3853 et
2865 3798 3180 3869 quomodo,
3220 3796 3458 3851 illorum
3490 3798 3582 3851 est

162 3896 456 3950 duntaxat
487 3905 685 3956 nosse,
734 3888 835 3960 qui
867 3887 1064 3944 divina
1091 3887 1221 3957 hac,
1272 3891 1331 3943 et
1377 3903 1557 3959 supra
1594 3886 1898 3944 hominum
1941 3894 2237 3957 naturam,
2269 3890 2604 3961 cognitione
2650 3886 2808 3959 digni
2851 3886 3035 3941 habiti
3084 3886 3354 3941 fuerunt:
3389 3884 3582 3955 qualis

163 3987 295 4039 erat
324 3979 582 4037 eximius
616 3977 816 4044 David,
848 3976 1043 4048 qualis
1072 3976 1199 4047 ipse
1230 3974 1464 4044 Paulus,
1499 3974 1705 4047 quales
1735 3976 1990 4049 denique
2022 3978 2122 4050 qui
2153 3978 2478 4034 secundum
2504 3976 2611 4032 hos
2641 3975 2819 4031 vitam
2853 3990 3021 4029 suam
3055 3972 3586 4034 instiluere.Quan-

162 4070 491 4143 doquidem
524 4067 610 4124 sol
644 4067 774 4131 iste,
810 4065 954 4123 luna
982 4066 1133 4138 ipsa,
1165 4069 1266 4122 aut
1295 4064 1456 4121 aliud
1488 4063 1717 4136 quidvis
1746 4081 1948 4122 eorum
1981 4083 2110 4139 quae
2156 4068 2378 4123 mundo
2427 4066 2564 4121 huic
2604 4064 3005 4127 subserviunt,
3051 4062 3205 4134 quod
3256 4061 3577 4132 deliquium

164 4159 404 4217 interim
436 4158 758 4229 patiantur,
790 4154 1124 4226 complures
1154 4154 1299 4210 adeo
1326 4169 1501 4210 nosse
1529 4170 1700 4210 nemo
1728 4154 1830 4226 qui
1861 4155 2186 4212 addubitet.
2218 4156 2395 4212 Docet
2423 4155 2579 4212 enim
2603 4153 2713 4209 hoc
2743 4151 2930 4207 solere
2960 4149 3297 4219 contingere
3326 4149 3413 4205 vel
3448 4149 3576 4220 ipse

166 4254 394 4307 natura;
425 4261 664 4303 sensus.
698 4243 923 4309 Quibus
946 4247 1142 4299 autem
1172 4243 1243 4299 de
1274 4241 1470 4299 causis
1501 4242 1643 4301 talia
1671 4243 1975 4317 contingat
2003 4244 2150 4314 ﬁeri,
2183 4262 2298 4301 non
2329 4244 2645 4300 admodum
2679 4238 2849 4295 multi
2895 4240 3152 4305 norunt;
3184 4240 3576 4308 praeterquam

166 4338 205 4395 ii
232 4337 337 4410 qui
372 4336 533 4392 circa
563 4332 856 4405 ejusmodi
888 4348 1085 4389 rerum
1108 4332 1502 4389 eruditionem
1534 4335 1867 4390 accuratam
1896 4348 2132 4404 operam
2167 4336 2475 4387 navarunt.

581 4461 693 4517 ΕΙΣ
734 4460 880 4516 THN
919 4440 1320 4515 ΕΙΙΙΣΤΟΛΗΝ
1363 4457 1424 4525 ζ’.

2323 4458 2476 4515 253
2508 4456 2578 4511 IN
2617 4452 3028 4511 EPISTOLAM
3069 4451 3168 4510 VI.

233 4568 404 4643 Ἰερὲα
464 4565 611 4641 λέγει
667 4565 757 4621 τὸν
812 4559 1215 4640 πρεσϐύτερον,
1271 4562 1451 4624 καθὼς
1508 4562 1596 4616 καὶ
1649 4560 1700 4615 ἐν
1748 4564 1812 4635 τῇ

1998 4565 2368 4621 Sacerdotem
2400 4581 2534 4622 eum
2566 4564 2729 4632 dicit,
2761 4563 2858 4635 qui
2890 4567 2949 4620 et
2978 4564 3282 4637 presbyter
3314 4581 3327 4620 :
3361 4578 3568 4635 quem-

161 4656 631 4728 Ἐκκλησιοιστικῇ
718 4653 975 4729 ἱεραρχίᾳ
1058 4650 1211 4724 φησὶ,
1278 4650 1367 4705 καὶ
1444 4651 1479 4720 ἠ
1566 4651 1812 4720 συνήθεια

1928 4654 2248 4709 admodum
2276 4654 2434 4710 idem
2466 4655 2665 4710 docuit
2694 4653 2754 4707 in
2786 4653 3173 4709 Ecclesiastica
3202 4652 3526 4709 hierarchia
3556 4669 3575 4707 :

163 4742 557 4819 ἐπεκράτησεν.
610 4743 789 4804 Οὗτος
849 4740 877 4795 6
935 4742 1232 4815 Σώπατρος
1289 4739 1363 4801 ὡς
1423 4736 1590 4811 δοκεῖ,
1616 4735 1672 4793 ’ἐν
1706 4738 1812 4813 εἶχε

1927 4741 2220 4814 istiusque
2249 4743 2575 4799 etiamnum
2623 4741 2793 4797 hodie
2824 4741 3077 4797 invaluit
3122 4741 3579 4800 nomenclaturm

166 4831 517 4906 σποῦδασμα,
548 4832 611 4887 τὸ
640 4833 706 4886 τὰ
733 4835 840 4886 τῶν
875 4826 1200 4905 ἑτεροδόξων
1233 4824 1499 4904 διασύρειν
1548 4826 1639 4882 καὶ
1685 4828 1821 4882 καο-

167 4916 409 4997 υόρίζειν
448 4940 462 4954 ·
529 4921 808 4975 κάντεῦθεν
878 4915 1153 4979 πολλάκις
1199 4915 1341 4978 εἰκὸς
1396 4917 1462 4985 ἦν
1522 4914 1824 4992 θαρροῦντα

164 5012 356 5065 τοῦτον
403 5012 475 5083 τῇ
521 5007 745 5081 τοιαύτῃ
798 5007 1050 5083 προθέσει
1109 5004 1199 5060 καὶ
1241 5009 1320 5077 τῷ
1373 5004 1607 5077 τοιούτῳ
1656 5024 1822 5060 σπου-

168 5093 429 5171 δάσματι,
483 5095 558 5160 ὡς
611 5094 714 5151 ὑπὸ
766 5096 898 5150 Θεοῦ
944 5090 1238 5171 γινομένῳ,
1297 5090 1519 5165 ἀμελεῖν
1580 5091 1669 5148 καὶ
1724 5112 1821 5147 και

160 5187 537 5265 ταρῥᾳθυμεῖν
587 5193 689 5257 τῆς
744 5185 951 5247 οἷ’κείας
1005 5184 1170 5240 αὐτοῦ
1225 5189 1514 5258 προκοπῆς
1548 5226 1564 5257 ,
1635 5182 1818 5237 ἱκανὸν

163 5280 329 5331 τοῦτο
388 5276 465 5337 εἰς
523 5274 793 5351 σωτηρίαν
843 5272 1169 5349 ἡγούμενον.
1219 5270 1565 5346 Βουλόμενος
1610 5275 1737 5346 γοῦν
1794 5272 1822 5325 6

166 5364 322 5439 ἅγιος
353 5364 580 5438 ὶκκόψαι
608 5363 769 5418 τοῦτο
800 5362 907 5417 ἀπὸ
954 5364 1050 5416 τοῦ
1100 5361 1425 5437 Σωπάτρου,
1474 5362 1549 5424 ὡς
1607 5358 1820 5434 μᾶλλον

166 5452 405 5523 οἰήσεως
437 5454 565 5508 εἶναι
599 5449 791 5507 δοκοῦν
824 5450 860 5521 ἢ
910 5449 1105 5524 ζήλου,
1154 5449 1244 5505 καὶ
1290 5448 1505 5521 πλάνην
1557 5448 1821 5523 ἐμποιοῦν

165 5546 252 5622 τῷ
304 5540 453 5621 ρρθῷ
502 5539 777 5615 λογισμῷ,
828 5536 1015 5601 ἄλλως
1074 5558 1131 5593 τε
1182 5537 1272 5592 καὶ
1328 5536 1457 5601 τοὺς
1513 5536 1710 5614 λόγους
1769 5538 1820 5595 ἰν

1930 4833 2309 4887 consuetudo.
2361 4832 2461 4886 llic
2512 4830 2694 4904 igitur
2742 4831 3007 4902 Sopater,
3068 4835 3130 4886 ut
3192 4847 3260 4887 ex
3306 4829 3575 4902 Epistolas

1930 4924 2203 4976 contextu
2234 4924 2497 4993 apparet,
2525 4919 2722 4976 studio
2758 4919 2859 4973 uni
2894 4918 3279 4975 incumbebat
3307 4922 3487 4987 totus,
3513 4921 3580 4974 ut

1932 5025 2059 5081 quas
2109 5008 2350 5066 alterius
2417 5008 2737 5081 cujuslibet
2783 5007 2869 5064 vel
2922 5006 3216 5079 opinionis
3265 5006 3356 5061 vel
3408 5010 3576 5061 sectae

1931 5100 2097 5153 erant
2144 5096 2398 5169 propria,
2449 5096 2799 5154 convelleret
2846 5094 3274 5152 amarulentius
3323 5098 3381 5150 et
3412 5094 3580 5149 inde-

1931 5184 2081 5242 coris
2131 5191 2467 5258 aspergeret
2513 5184 2907 5242 contumeliis.
2964 5186 3031 5240 Et
3080 5183 3216 5239 hinc
3266 5186 3577 5239 consenta-

1932 5290 2110 5331 neum
2159 5278 2251 5330 est
2288 5274 2603 5347 Sopatrum
2643 5273 2943 5346 proposito
2991 5272 3095 5329 tali
3159 5276 3335 5344 atque
3384 5272 3578 5328 studio

1933 5366 2017 5420 sic
2043 5364 2285 5420 affixum
2318 5364 2511 5437 (quasi
2543 5363 2644 5436 qui
2676 5364 2785 5418 hac
2816 5379 2934 5418 una
2964 5378 3024 5418 re
3055 5361 3169 5417 Deo
3201 5361 3578 5417 obsecunda-

1932 5454 2043 5525 ret)
2073 5452 2293 5526 proprii
2324 5452 2561 5509 interim
2604 5450 2902 5524 profectus
2949 5450 3134 5507 fuisse
3164 5449 3577 5523 negligentem,

1935 5542 2090 5613 quod
2125 5541 2283 5597 hunc
2309 5541 2778 5613 qualemcunque
2797 5539 2986 5597 zelum
3008 5540 3080 5596 ad
3112 5537 3366 5597 salutem
3387 5536 3581 5595 existi-

244 5671 888 5772 (r)Psal.cxxxv1tl,6.
966 5694 1112 5777 (3)11
1145 5692 1273 5751 Cor.
1308 5694 1495 5763 1x,15.
1572 5693 1643 5768 (ι)
1675 5693 1887 5769 Philip.
1916 5712 1994 5764 ιν,
2024 5697 2080 5752 7.
