4062 6366
492 429 591 486 451

1303 422 1664 477 APPENDIX
1700 422 1798 475 AD
1836 419 2078 475 OPERA
2116 417 2176 470 Β.
2215 414 2531 473 DIONYSII
2570 416 3073 475 AREOPAGITE.

3786 420 3891 478 452

492 555 679 609 maret
709 549 995 606 sufﬁcere.
1029 545 1282 618 Cupiens
1313 543 1492 617 igitur
1522 548 1761 599 sanctus
1816 540 1927 597 hoc
1958 557 1991 596 a
2019 540 2125 595 So-

2239 533 2408 611 κρίσει
2439 536 2784 613 ποιούμενος,
2833 539 2923 595 καὶ
2954 536 3113 603 εἰδὼς
3164 542 3301 615 (51),
3334 538 3407 603 ὠς
3432 541 3493 596 τὸ
3537 546 3759 597 τοιοῦτο
3796 545 3890 617 μὲν

493 640 647 714 patri
686 639 881 696 animo
926 634 1259 709 praecidere,
1304 632 1538 706 quando
1587 649 1656 689 ex
1701 628 2008 705 impotenti
2039 644 2129 683 ar-

494 730 759 805 rogantia
807 727 1099 803 proficisci
1140 725 1198 782 id
1248 725 1556 781 videbatur
1602 722 1787 795 magis
1836 737 2012 794 quam
2062 735 2132 775 ex

491 821 726 894 pietatis
762 818 906 889 zelo,
955 834 1021 873 ac
1068 832 1323 873 errorem
1374 815 1572 870 indere
1610 818 1776 869 recta
1828 808 2132 867 ratiocina-

489 911 658 983 tioni,
710 909 941 980 aliaque
992 906 1213 962 ratione
1261 921 1560 961 sermones
1605 919 1737 957 cum
1781 899 2005 973 judicio
2036 898 2129 953 in-

487 1000 743 1057 stituens
791 1001 848 1053 et
889 996 1102 1064 sciens,
1150 992 1424 1067 quoniam
1472 990 1763 1064 ejusmodi
1812 987 2131 1046 acrimonia

484 1089 802 1146 verborum
835 1085 991 1158 apud
1023 1102 1121 1141 eos
1172 1082 1485 1139 conciliare
1535 1080 1721 1137 soleat
1767 1076 2128 1148 inimicitias,

487 1188 770 1244 adversus
802 1200 950 1257 quos
992 1180 1337 1250 intenditur,
1383 1179 1533 1235 lucri
1565 1183 1760 1235 autem
1808 1193 1879 1234 ne
1930 1174 2129 1232 tantil-

488 1276 613 1331 lum
646 1274 883 1347 quidem
918 1288 932 1328 :
966 1288 1098 1327 cum
1131 1274 1351 1335 contra,
1384 1269 1517 1341 pius
1547 1284 1686 1340 erga
1714 1266 1858 1322 tales
1889 1264 2131 1322 benevo-

486 1364 680 1421 lentia
712 1363 971 1429 ati'ectus,
1006 1359 1666 1431 dilectio,prasentanea
1695 1354 1974 1413 exhibitio
1997 1352 2125 1409 offi-

489 1453 563 1509 cii
592 1453 652 1509 in
689 1452 977 1508 maximos
1007 1450 1143 1505 licet
1173 1465 1398 1505 errores
1447 1445 1747 1504 devolutos
1784 1444 2129 1518 plerumque

488 1544 561 1599 ad
592 1540 959 1599 rectitudinis
992 1539 1207 1596 lineam
1230 1540 1898 1607 revocet,convertatque
1916 1549 2129 1589 unum-

488 1631 812 1705 quemlibet
842 1634 1173 1697 errantem;
1205 1632 1269 1684 ut
1299 1627 1399 1698 qui
1438 1627 1549 1683 sibi
1583 1627 1709 1699 ipse
1748 1622 2129 1697 persuaserit,

487 1730 627 1803 quia
655 1744 954 1787 sermones
998 1728 1096 1783 isti
1128 1744 1244 1783 non
1275 1744 1309 1782 a
1341 1724 1707 1798 malignitate
1755 1721 2131 1796 proﬁciscan-

487 1824 606 1891 tur,
630 1817 823 1890 potius
854 1834 887 1873 a
918 1816 1228 1873 dilectione
1253 1819 1311 1870 et
1340 1814 1583 1886 provida
1623 1828 1761 1885 erga
1789 1827 1851 1868 se
1879 1827 2019 1867 cura
2046 1808 2131 1865 lo-

489 1909 748 1981 quentis.
780 1906 864 1962 Ob
911 1906 1064 1961 hanc
1113 1919 1379 1973 causam,
1428 1905 1774 1974 praesentem
1824 1896 2131 1971 epistolam

490 1996 717 2063 scribit,
768 2012 884 2067 qua
948 1992 1258 2051 exterritus
1326 1995 1568 2064 Sopater
1632 1990 1977 2061 provideret,
2027 2001 2126 2041 ne-

488 2085 726 2158 quando
771 2082 1136 2155 impudentis
1183 2082 1358 2138 istius
1400 2081 1748 2153 arrogantia
1798 2097 1831 2135 a
1876 2083 1989 2135 Deo
2033 2092 2129 2133 co-

484 2177 845 2243 argueretur,
910 2184 966 2227 et
1028 2172 1183 2243 quod
1246 2171 1306 2227 in
1370 2170 1501 2227 aliis
1568 2168 1959 2240 reprehendit,
2005 2166 2132 2238 ipse

485 2271 767 2338 crederet,
813 2269 872 2325 in
921 2286 989 2325 ea
1020 2285 1272 2342 quorum
1325 2268 1460 2325 illos
1510 2269 1704 2340 arguit
1744 2266 2043 2339 delapsus,
2077 2267 2134 2320 et

488 2359 641 2415 male
688 2360 759 2415 de
807 2363 921 2415 Deo
964 2359 1247 2415 sentiens.
1298 2358 1449 2413 Dicit
1498 2356 1680 2430 igitur
1727 2360 1969 2413 sanctus
2014 2370 2132 2409 non

489 2453 753 2521 oportere
784 2448 1040 2505 alienam
1074 2448 1378 2504 traducere
1432 2445 1792 2519 Opinionem,
1826 2460 1996 2500 suam
2026 2460 2133 2499 au-

487 2542 609 2594 tem
640 2536 1009 2595 communire
1058 2536 1387 2593 rationibus
1431 2535 1758 2608 permittit;
1795 2534 1899 2589 sed
1943 2548 2135 2604 neque

491 2628 804 2683 adversum
836 2625 1018 2682 ullius
1035 2625 1369 2697 opinionem
1393 2628 1495 2681 aut
1526 2622 1870 2696 religionem
1898 2620 2137 2678 distrin-

490 2716 720 2789 gendus
749 2719 842 2773 est
869 2716 1155 2781 calamus,
1188 2714 1422 2770 etiamsi
1472 2713 1813 2784 neutiquam
1846 2711 2001 2767 bona
2033 2727 2133 2782 ap-

490 2809 725 2877 pareat;
761 2806 862 2861 sed
896 2822 999 2877 pro
1029 2804 1274 2861 veritate
1304 2802 1517 2859 solum.
1571 2806 1645 2856 At
1688 2818 1828 2873 quo,
1878 2799 2135 2871 inquies,

492 2897 663 2964 pacto
693 2893 752 2948 id
785 2894 931 2948 fiet?
960 2892 1230 2948 Proxima
1258 2890 1522 2964 epistola
1554 2907 1691 2962 pars
1720 2888 1995 2946 declarat.
2034 2892 2135 2944 Po-

492 2983 609 3037 test
638 2997 796 3037 unus
824 2980 1121 3052 quispiam
1171 2980 1279 3051 (ait
1336 2980 1523 3051 Pater)
1578 2979 1733 3034 inter
1776 2982 1894 3034 tam
1927 2978 2134 3046 multa,

493 3068 873 3140 splendidum
897 3068 1135 3140 aliquod
1160 3068 1529 3125 mendacium
1555 3070 1695 3124 dum
1720 3067 2139 3140 coarguit,ipse

497 3174 727 3230 quoque
757 3158 1025 3214 aberrare
1057 3176 1091 3213 a
1134 3173 1268 3214 vero
1302 3175 1315 3213 :
1349 3158 1503 3228 quod
1558 3156 1776 3229 alioqui
1809 3173 1996 3213 unum
2025 3161 2136 3225 est,

491 3257 593 3311 sed
622 3254 941 3312 occultum.
972 3255 1099 3312 Una
1125 3255 1279 3311 enim
1327 3259 1417 3312 est
1462 3256 1677 3312 veritas
1710 3270 1724 3312 :
1758 3256 1888 3328 ipsa
1936 3260 2135 3312 tamen

492 3345 634 3417 quid
661 3350 1208 3417 areanum,propter
1240 3345 1554 3417 mysticam
1587 3346 1929 3417 dogmatum
1962 3343 2136 3400 intel-

489 3433 818 3505 ligentiam,
865 3450 1099 3506 quoque
1139 3451 1287 3506 opus
1341 3434 1552 3491 habeat
1594 3434 1784 3491 multa
1832 3434 2132 3507 indagine,

486 3523 839 3595 pralucente
875 3524 1263 3580 nihilominus
1311 3524 1414 3579 Dei
1462 3524 1670 3596 gratia.
1720 3524 1997 3597 Exemplo
2044 3526 2134 3579 est

484 3611 811 3681 Nestorius,
844 3613 987 3668 dum
1017 3613 1138 3668 Arii
1164 3612 1628 3685 Apollinariique
1658 3613 1877 3685 placita
1906 3612 2134 3670 convel-

485 3700 573 3754 lit.
628 3700 919 3772 Eutychos
984 3705 1043 3756 et
1102 3702 1440 3770 Dioscorus,
1505 3719 1634 3774 qua
1685 3704 1922 3776 propria
1989 3706 2132 3759 sunt

484 3787 761 3858 Nestorii,
794 3788 950 3845 254
980 3790 1100 3845 sive
1139 3790 1237 3844 alii
1267 3790 1370 3846 isti
1406 3790 1655 3859 similes,
1704 3793 1846 3847 dum
1880 3792 2130 3848 aliorum

486 3872 792 3945 opiniones
822 3877 1138 3948 exagitant,
1188 3878 1248 3933 in
1281 3878 1426 3934 alias
1457 3879 1569 3951 ipsi
1619 3896 1888 3951 peraque
1931 3881 2132 3936 confu-

486 3978 697 4019 saneas
736 3964 986 4021 haereses
1030 3965 1292 4037 prolapsi
1341 3972 1499 4024 sunt.
1552 3968 1732 4025 Nemo
1782 3973 1980 4025 autem
2029 3985 2133 4040 per

485 4052 607 4107 hac
652 4052 981 4109 abducetur
1029 4054 1089 4109 in
1152 4072 1431 4127 errorem,
1481 4060 1547 4111 ut
1593 4058 1810 4125 credat,
1856 4062 2127 4114 sanctum

484 4165 723 4206 monere
754 4152 1152 4223 repudiandos
1182 4169 1309 4210 esse
1339 4154 1569 4210 labores
1617 4172 1649 4210 a
1687 4155 1962 4211 Patribus
1991 4171 2127 4228 ope-

480 4238 785 4296 rosissime
816 4248 1120 4314 susceptos
1150 4244 1433 4301 adversus
1463 4244 1774 4317 opiniones
1795 4262 1828 4300 a
1856 4245 1971 4301 ﬁde
1992 4243 2130 4301 alie-

483 4345 611 4384 nas.
645 4328 769 4385 Non
802 4329 912 4385 hoc
941 4331 1189 4387 eximius
1220 4333 1497 4388 admonet
1542 4336 1729 4402 Pater,
1776 4337 1841 4388 ut
1871 4348 1944 4389 ne
1973 4334 2129 4389 vide-

482 4416 618 4472 licet
650 4434 1075 4489 coarguas,neu
1107 4420 1444 4477 demoliaris
1464 4421 1897 4478 commentitias
1916 4439 2125 4494 propo-

481 4505 729 4561 sitiones
759 4506 1099 4578 impiorum.
1131 4508 1365 4581 Alioqui
1397 4526 1533 4582 qua,
1576 4527 1798 4582 quaso,
1848 4512 2037 4567 fronte
2065 4511 2125 4567 in

482 4609 655 4664 opere
693 4593 1022 4652 Divinarum
1052 4599 1346 4654 nominum
1388 4599 1663 4672 dogmata
1713 4600 1925 4672 Etyma
1970 4600 2125 4672 magi

2236 624 2525 702 ἀπέχθειαν
2573 628 2975 704 κατεργάζεται,
3022 630 3143 693 καθ’
3173 630 3246 683 ὧν
3300 630 3353 684 οἱ
3404 628 3559 707 Λόγοι
3612 629 3885 707 λέγονται,

2237 713 2425 790 κέρδος
2456 714 2513 771 δὲ
2572 716 2633 772 οὗ
2689 718 2751 773 τὸ
2804 720 2974 794 τυχὸν
3034 717 3299 795 προξενεῖ·
3358 718 3420 773 τὸ
3454 714 3511 773 δὲ
3539 717 3890 794 ἀγαθοθελῶς

2239 801 2533 869 διακεῖσθαι
2570 803 2780 879 μᾶλλον
2832 808 2971 883 πρὸς
3025 805 3153 869 τοὺς
3206 807 3487 870 τοιούτους
3545 808 3635 863 καὶ
3682 809 3886 885 ἀγαπᾷν

2237 892 2326 947 καὶ
2379 894 2716 967 προσίεσθαι,
2767 901 3030 974 κατορθοῖ
3072 895 3346 960 πολλάκις
3390 895 3458 951 τὰ
3500 894 3754 973 μὲγιστα,
3802 897 3888 954 καὶ

2236 981 2329 1036 τὸν
2375 979 2732 1058 πλανώμενον
2778 983 3108 1065 ἐπιστρέφει,
3158 986 3474 1054 πεισθέντα,
3527 984 3609 1041 ὅτι
3685 985 3747 1041 οὐ
3797 984 3885 1042 διὰ

2237 1069 2446 1141 κακίαν,
2497 1070 2642 1128 ἀλλά
2690 1071 2756 1129 δι’
2803 1074 3015 1151 ἀγάπην
3070 1073 3279 1149 μᾶλλον
3314 1076 3403 1130 καὶ
3449 1072 3780 1148 κηδεμονίαν
3838 1078 3889 1132 οἱ

2240 1158 2400 1236 λόγοι
2458 1160 2697 1237 γίνονται
2734 1206 2747 1219 .

2826 1164 2922 1218 Διά
2984 1168 3145 1219 τοῦτο
3202 1165 3384 1235 τίθησι
3437 1166 3537 1234 τὴν
3594 1162 3888 1235 ἐπιπολήν

2237 1256 2439 1329 ταύτην
2487 1254 2732 1337 ἐκφοϐῶν
2788 1259 2997 1335 αὐτὸν,
3060 1263 3259 1335 μήπως
3319 1262 3425 1317 ἀπὸ
3471 1267 3572 1332 τῆς
3628 1263 3887 1333 τοιαύτης

2239 1346 2471 1418 οἷήσεως
2519 1345 2965 1425 ἰγκαταλειφθείη
2993 1350 3139 1427 παρᾶ
3193 1352 3350 1424 Θεοῦ,
3395 1351 3485 1405 καὶ
3544 1350 3677 1428 ὅπερ
3731 1350 3889 1428 ἐγκα-

2239 1433 2329 1490 λεῖ
2378 1437 2513 1510 πρὸς
2573 1435 2831 1512 ἰκείνους,
2902 1439 3063 1500 αὐτὸς
3138 1438 3379 1495 πείσεται
3445 1442 3609 1513 (52),
3695 1438 3748 1511 ἐξ
3818 1440 3889 1494 ὧν

2238 1522 2454 1601 ἐλέγχει
2534 1524 2771 1589 ἐκείνους
2854 1526 3011 1591 αὐτὸς
3082 1528 3426 1603 περιπίπτων
3480 1527 3571 1583 καὶ
3634 1527 3889 1607 βλασφη-

2242 1617 2357 1686 μῶν
2393 1617 2524 1686 (53).
2584 1614 2741 1692 Αέγει
2783 1615 2985 1687 τοίνυν,
3046 1615 3130 1673 ὅτι
3184 1615 3246 1671 οὗ
3297 1614 3380 1671 δεῖ
3441 1616 3536 1679 τὰς
3568 1615 3765 1693 ἕτερων
3800 1615 3889 1672 δό-

2240 1702 2328 1773 ξας
2391 1698 2748 1777 διαϐάλλειν,
2808 1703 2954 1761 ἀλλὰ
3008 1707 3106 1775 τήν
3170 1703 3307 1761 ίδίαν
3362 1705 3683 1783 κρατύνειν·
3743 1702 3888 1761 ἀλλά

2239 1788 2364 1847 οὐδὲ
2415 1792 2550 1849 κατὰ
2598 1790 2759 1864 δόξης
2804 1796 2839 1865 ἢ
2891 1792 3177 1871 θρησκείας
3229 1794 3330 1850 οὐκ
3375 1794 3578 1871 ἀγαθῆς
3628 1795 3886 1875 φαινομέ-

2236 1902 2337 1952 νης
2379 1881 2601 1961 γράφειν
2638 1924 2652 1951 ,
2706 1880 2833 1938 ἀλλ’
2894 1882 3027 1960 ὑπὲρ
3090 1882 3369 1956 ἀληθείας.
3432 1887 3555 1946 Πῶς
3615 1881 3673 1939 δὶ
3728 1888 3885 1941 τοῦτο

2240 1969 2443 2047 φησὶν,
2503 1972 2537 2041 ἠ
2610 1969 2731 2044 ἑξῆς
2792 1970 3057 2041 ἐπιστολή
3126 1972 3434 2049 σαφηνίζει.
3492 1969 3723 2028 Δύναται
3782 1973 3884 2051 γάρ

2236 2078 2342 2130 τις,
2372 2057 2527 2133 φησὶ,
2580 2060 2642 2113 τὸ
2701 2059 2751 2113 ἐν
2802 2058 3039 2123 πολλοῖς
3098 2061 3363 2138 προφανὶς
3390 2058 3588 2136 ψεῦδος
3617 2059 3884 2139 ἐλέγχων,

2239 2155 2396 2218 αὐτὸς
2444 2154 2823 2234 διαμαρτάνειν
2878 2163 2974 2215 τοῦ
3023 2158 3287 2233 ἀληθοῦς,
3335 2157 3466 2236 ὅπερ
3513 2156 3566 2215 ἓν
3630 2159 3739 2215 ἐστι
3797 2161 3887 2216 καὶ

2239 2245 2485 2324 κρύφιον.
2546 2247 2656 2303 Μία
2709 2249 2812 2322 γάρ
2871 2246 3010 2304 ἐστιν
3062 2247 3310 2321 ἀλήθεια·
3372 2247 3600 2327 κρύφιον
3663 2245 3741 2318 δὲ,
3802 2246 3894 2305 διὰ

2238 2333 2302 2389 τὸ
2377 2337 2635 2405 μυστικὸν
2698 2341 2805 2392 τῶν
2866 2334 3191 2412 δογμάτων,
3250 2336 3341 2393 καὶ
3398 2334 3618 2408 πολλῆς
3664 2336 3889 2415 ἰρεύνης

2246 2424 2379 2497 μετᾶ
2422 2432 2523 2495 τῆς
2563 2424 2705 2491 θείας
2748 2423 2999 2500 δεόμενον
3044 2428 3297 2503 χάριτος,
3339 2428 3453 2482 οἷον
3502 2425 3794 2502 Νεπόριος
3831 2428 3899 2483 τὰ

2243 2513 2458 2587 Ἀρείου
2514 2514 2603 2569 καὶ
2655 2511 3080 2591 ’Λπολλιναρίου
3132 2511 3383 2571 διασείων
3419 2560 3434 2587 ,
3487 2516 3579 2570 καὶ
3637 2514 3892 2592 Εὖτυχής

2242 2603 2331 2657 καὶ
2389 2604 2683 2681 Διόσκορος
2739 2603 2806 2660 τὰ
2860 2608 2957 2661 τοῦ
2989 2603 3304 2680 Νεστορίου·
3338 2605 3375 2676 ἢ
3422 2600 3596 2681 ἕτεροι
3650 2609 3895 2661 τοιοῦτοι

2244 2699 2451 2776 ὁμοίων
2514 2701 2708 2778 ἒτὲρων
2772 2702 2850 2766 είς
2903 2704 3085 2778 ἑτέρας
3142 2703 3383 2767 ἀτόπους
3430 2702 3665 2776 αἱρέσεις
3715 2703 3898 2777 ἰξὲπε-

2245 2814 2358 2849 σον.
2410 2789 2621 2863 Μηδεὶς
2666 2790 2725 2848 δὶ
2763 2790 2824 2849 ἐκ
2868 2793 3075 2849 τούτων
3128 2795 3588 2869 παρακρουὲσθω,
3640 2789 3896 2851 ἀποϐάλ-

2246 2881 2432 2946 λεσθαι
2510 2883 2579 2938 τὰ
2649 2883 2786 2938 κατᾶ
2824 2886 2931 2939 τῶν
3007 2881 3334 2957 ἑτεροδόξων
3419 2886 3711 2957 πονήματα
3786 2890 3898 2940 τῶν

2244 2970 2495 3048 Πατίρων
2553 2970 2644 3026 τὸν
2705 2972 2883 3047 ἅγιον·
2918 2972 2979 3027 ού
3026 2974 3130 3049 γὰρ
3178 2972 3338 3028 τοῦτό
3398 2994 3559 3051 φησιν
3595 2974 3625 3028 ὁ
3684 2975 3897 3048 Πατὴρ,

2243 3060 2306 3116 τὸ
2365 3061 2444 3133 μὴ
2502 3059 2750 3136 ἐλέγχειν
2816 3063 2908 3117 καὶ
2977 3061 3294 3139 ἀνατρέπειν
3370 3062 3468 3125 τὰς
3524 3067 3633 3118 τῶν
3691 3058 3902 3119 ἀσεϐῶν

2248 3146 2403 3220 δόξας
2436 3165 2449 3180 ⁶
2521 3148 2643 3205 ἐπεὶ
2715 3153 2837 3214 πῶς
2908 3148 3069 3226 αὐτὸς
3122 3150 3173 3206 ἂν
3224 3155 3304 3224 τῷ
3361 3150 3494 3226 Ηερὶ
3552 3150 3710 3207 θείων
3769 3152 3898 3207 ὀνο.

2252 3239 2434 3313 μάτων
2498 3233 2701 3314 βιϐλίῳ
2755 3241 2823 3295 τὰ
2866 3225 2968 3295 τῦῦ
3018 3239 3235 3313 Ἐλύμα
3308 3225 3692 3312 διασαλεύων;
3770 3240 3901 3296 ἀλλ’

2249 3327 2331 3381 δτι
2390 3325 2451 3381 οὗ
2522 3328 2636 3402 χρὴ
2686 3327 2821 3383 κατὰ
2889 3328 3305 3404 προηγούμενον
3381 3328 3551 3405 λόγον
3607 3329 3683 3393 εἰς
3738 3334 3903 3387 τοῦτο

2241 3414 2696 3491 ἐνασχολεῖσθαι,
2752 3417 2816 3472 τὸ
2870 3419 2989 3482 καθ’
3048 3418 3241 3494 ἑτέρων
3305 3416 3519 3495 λέγειν’
3581 3416 3731 3477 ἀλλά
3774 3419 3904 3477 τότε

2243 3504 2443 3580 λέγειν,
2504 3504 2593 3560 ὅτε
2647 3505 2815 3582 τυχὸν
2877 3507 3036 3583 χρεία
3090 3513 3209 3571 τοῖς
3257 3504 3454 3572 ἄλλοις
3488 3505 3777 3587 ὠφελείας,
3810 3507 3902 3565 ὅτε

2239 3605 2521 3680 κατισχύει
2549 3605 2612 3659 τὸ
2642 3602 2863 3678 ψεῦδος,
2897 3603 2987 3662 ὅτε
3036 3604 3357 3663 σαλεύονται
3388 3608 3441 3663 οἱ
3487 3606 3694 3665 πιστοί.
3754 3606 3899 3664 Τότε

2238 3697 2368 3768 γοῦν
2400 3692 2831 3769 προηγουμένως
2864 3695 2958 3769 μὶν
3002 3695 3094 3751 τὸν
3139 3702 3241 3765 τῆς
3290 3694 3549 3765 ἀληθείας
3594 3693 3900 3761 ἂκτίθεσθαι

2239 3784 2351 3859 χρὴ
2399 3783 2562 3860 λόγον
2606 3783 2696 3838 καὶ
2740 3779 3160 3860 ἡκριϐωμὲνως
3221 3787 3510 3857 μετέπειτα
3566 3781 3625 3840 δὶ
3676 3786 3771 3841 καὶ
3826 3789 3898 3859 τῇ

2235 3871 2547 3948 απιρῥήσει
2618 3873 2755 3928 κατὰ
2836 3879 2935 3935 τ’ῗις
3010 3878 3117 3929 τῶν
3193 3868 3402 3929 ἀσεϐῶν
3479 3873 3895 3937 ἰπαναστάσεως

2237 3964 2477 4037 χρῆσθαι
2535 3963 2671 4035 (54),
2738 3962 2813 4035 μὴ
2876 3960 3036 4033 νίκην
3087 3966 3401 4033 ζητοῦντας,
3455 3961 3582 4019 ἀλλ’
3640 3960 3897 4040 ἀδελφῶν

2238 4048 2546 4126 διόρθωσιν.
2591 4049 2768 4108 T0616
2826 4072 2956 4129 φησι
3012 4050 3102 4107 καὶ
3151 4053 3181 4106 ὁ
3240 4046 3505 4127 θεολόγος
3550 4053 3715 4128 μάτας
3748 4058 3897 4129 Γρη-

2236 4153 2445 4227 γόριος,
2497 4154 2590 4222 Μὴ
2625 4151 2801 4208 πάντα
2826 4157 3001 4224 νικᾷν,
3049 4150 3176 4209 ἀλλ’
3214 4147 3357 4207 ἔστιν
3402 4153 3467 4207 οῦ
3511 4152 3604 4208 καὶ
3631 4154 3901 4223 ἡττᾶσθαι

2234 4238 2561 4317 ἀνάσχεσθε.
2631 4240 2787 4296 Θὲλει
2856 4246 2987 4315 γοῦν
3041 4240 3456 4317 ἀναλογίζεσθαι
3508 4242 3539 4296 ό
3594 4241 3736 4297 κατὰ
3786 4246 3899 4297 τῶν

2233 4334 2419 4392 ποσῶς
2489 4327 2743 4385 ὖναντίων
2790 4326 2994 4405 λιγων,
3039 4331 3134 4403 ὡς,
3185 4330 3276 4386 ὅτε
3322 4327 3393 4399 δὴ
3441 4328 3533 4386 καὶ
3576 4334 3700 4401 νικᾷ
3756 4331 3901 4403 (66),

2236 4419 2338 4474 οὐκ
2392 4418 2480 4496 ἀφ’
2538 4419 2730 4474 ἑαυτοῦ
2787 4418 2997 4491 ἐστινὴ
3060 4420 3210 4491 νίκη,
3270 4417 3418 4475 ἀλλὰ
3474 4419 3580 4474 ἀπὸ
3636 4422 3735 4473 τοῦ
3790 4426 3900 4489 τῆς

2235 4505 2492 4578 ἀληθείας
2548 4508 2769 4585 κόρους,
2847 4511 2907 4578 ἢν
2984 4503 3141 4571 οῦτος
3217 4508 3476 4584 κατέχει.
3549 4507 3709 4581 Ὑπὶρ
3788 4507 3901 4582 γὰρ

2236 4607 2407 4662 πάντα
2462 4611 2605 4681 νικᾷ,
2668 4604 2857 4683 φησὶν,
2906 4608 2943 4677 ἠ
3004 4604 3255 4677 ἀλήθεια.
3312 4605 3410 4660 Καὶ
3472 4602 3644 4667 οὕτως
3698 4602 3761 4659 οὗ
3821 4605 3901 4678 μὴ

481 4689 565 4745 sic
595 4691 956 4763 exagitaret?
987 4696 1133 4763 Imo,
1161 4698 1329 4769 juxta
1365 4668 1650 4755 rationem
1702 4668 2127 4772 prainductam

2239 4696 2475 4752 πεσεῖταί
2520 4668 2653 4751 ποτε
2679 4668 2777 4751 ἐίς
2822 4668 3045 4770 ἔπαρσιν
3066 4714 3080 4728 ⁸
3099 4668 3231 4750 ,οὐδ’
3264 4693 3326 4750 οὐ
3359 4695 3436 4768 μὴ
3462 4668 3903 4769 ἐγκαταλειφθείν

480 4778 660 4847 Patri,
711 4781 990 4839 docemur
1038 4802 1154 4841 non
1200 4791 1467 4859 oportere
1517 4787 1574 4843 in
1629 4787 1737 4844 hoc
1785 4789 2129 4846 incumbere

2239 4785 2344 4840 ἀπὸ
2430 4788 2565 4839 Θεοῦ
2636 4784 2711 4847 είς
2787 4786 2873 4859 τὸ,
2939 4784 2995 4840 δν
3052 4776 3164 4857 ὅσῳ
3235 4782 3451 4861 ἱεὲρους
3504 4780 3748 4859 ἐλέγχει,
3798 4803 3897 4837 κα-

480 4869 876 4942 ambitiosius,
909 4875 973 4928 ut
1000 4874 1281 4931 adversus
1309 4875 1453 4932 alios
1484 4875 1705 4933 dixisse
1735 4877 2002 4948 videare;
2027 4877 2129 4935 sed

2239 4873 2519 4931 ταπίπτειν
2624 4872 2784 4940 αὐτὸς
2886 4872 2961 4937 εἰς
3059 4869 3240 4949 Ἕτερον
3346 4868 3701 4947 βλασφημίας
3781 4866 3903 4927 ὄλι-

482 4961 623 5014 tunc
654 4958 761 5015 tibi
793 4960 1111 5018 dicendum
1146 4963 1197 5019 si
1219 4981 1336 5038 qua
1376 4965 1523 5021 forte
1555 4966 1843 5039 ingruerit
1872 4966 2131 5024 necessi-
2241 4966 2385 5021 σθον.

482 5061 576 5115 tas
606 5075 674 5115 ea
702 5059 958 5133 dicendi,
993 5078 1122 5135 qua
1147 5063 1280 5120 aliis
1311 5065 1619 5137 profutura
1646 5071 1972 5137 sperentur.
2004 5062 2145 5123 Nam
2179 5067 2417 5138 quando
2458 5064 2767 5122 invalescit
2795 5062 3045 5135 falsitas,
3094 5078 3231 5121 cum
3273 5059 3489 5119 misere
3535 5059 3902 5119 colliduntur

484 5155 976 5230 exagitanturque
1024 5160 1264 5229 ﬁdeles;
1312 5164 1456 5217 tunc
1507 5178 1649 5218 sane
1688 5162 1778 5219 vel
1827 5163 1887 5219 in
1934 5163 2143 5236 primis
2208 5162 2474 5221 veritatis
2527 5164 2676 5219 ratio
2724 5160 3123 5235 expromenda
3167 5159 3329 5218 omni
3369 5174 3501 5215 cum
3566 5157 3900 5231 diligentia,

479 5257 684 5322 postea
711 5270 844 5313 vero
892 5274 998 5315 seu
1040 5260 1411 5331 secundario,
1466 5260 1816 5319 refutatione
1858 5263 2039 5320 etiam
2087 5264 2371 5321 adversus
2420 5262 2739 5334 impiorum
2788 5260 3291 5334 oppugnationem
3340 5258 3650 5329 utendum,
3692 5258 3784 5314 sic
3811 5262 3901 5315 ta-

485 5364 643 5421 men,
694 5357 760 5408 ut
801 5354 1050 5412 fratrum
1100 5359 1547 5427 correctionem,
1591 5375 1709 5417 non
1768 5361 1908 5417 item
1970 5360 2345 5419 ambitiosam
2402 5359 2710 5417 victoriam
2739 5359 3043 5433 quaaiisss
3102 5358 3429 5417 videamur.
3480 5359 3604 5413 Hoc
3666 5355 3895 5429 quippe

481 5452 589 5517 est,
622 5450 777 5519 quod
807 5453 889 5507 ait
917 5454 1228 5527 theologus
1259 5456 1356 5513 ille
1400 5457 1769 5515 admirabilis
1821 5460 2134 5531 Gregorius
2171 5475 2183 5514 :
2215 5460 2343 5516 Non
2393 5456 2785 5531 undecunque
2832 5457 3149 5530 quamde
3189 5461 3280 5514 est
3320 5455 3428 5513 tibi
3472 5454 3669 5528 palma
3718 5454 3892 5511 victo-

480 5543 601 5601 ria.
635 5546 733 5604 Est
756 5549 939 5618 enim,
971 5553 1070 5607 ubi
1102 5556 1157 5610 te
1186 5555 1339 5611 vinci
1370 5555 1663 5613 sustinere
1694 5557 1928 5615 debeas.
1962 5557 2142 5614 Debet
2171 5558 2371 5629 itaque
2402 5556 2503 5628 qui
2535 5559 2737 5614 contra
2767 5557 3178 5630 quadantenus
3208 5553 3575 5612 adversarios
3604 5553 3890 5625 disputat,

481 5647 756 5720 cogitare,
792 5652 972 5721 quod,
1006 5655 1240 5724 quando
1269 5656 1512 5713 victoris
1544 5658 1851 5731 contingit,
1894 5675 2010 5714 non
2038 5675 2148 5715 sua
2174 5657 2389 5713 virtute
2436 5657 2669 5727 vincat;
2701 5657 2804 5715 sed
2845 5659 3132 5732 potestate
3185 5654 3469 5727 veritatis,
3521 5670 3704 5727 quam
3752 5650 3889 5709 talis

478 5744 717 5804 detinet.
751 5751 937 5822 Super
966 5754 1166 5811 omnia
1213 5755 1367 5811 enim
1417 5755 1521 5826 (ait
1572 5757 1895 5829 Scriptura)
1941 5756 2154 5814 veritas
2200 5754 2398 5813 vincit.
2449 5757 2534 5812 Ita
2581 5756 2819 5814 demum
2864 5757 2986 5828 ﬂet,
3036 5757 3103 5813 ut
3147 5755 3209 5812 in
3258 5753 3482 5811 nullam
3527 5752 3748 5810 incidat
3776 5746 3891 5807 ali-
