4062 6366
156 418 245 473 453

939 412 1402 465 PACHYMERE
1440 407 1939 463 PARAPHRASIS
1974 410 2049 463 IN
2087 411 2243 463 EPP.
2283 413 2341 465 S.
2383 413 2725 468 DIONYSII.

3429 420 3535 473 454

154 540 367 615 quando
396 536 611 593 mentis
643 533 953 591 elationem
980 552 993 603 ;
1027 535 1128 591 sed
1161 552 1269 591 nec
1299 551 1406 607 ope
1437 532 1633 589 divina
1664 531 2017 587 destituetur
2053 537 2315 607 eatenus,
2352 539 2437 606 ut,
2468 537 2608 593 dum
2640 537 2787 595 alios
2817 540 3213 614 reprehendit,
3249 546 3381 600 ruat
3410 543 3539 616 ipse

151 648 237 704 per
265 642 516 702 praeceps
546 624 606 680 in
641 624 883 681 alteram
907 623 1234 695 quamlibet
1265 624 1436 697 lapsu
1470 621 1781 696 proclivem
1814 619 2267 695 blasphemiam.

542 745 655 797 ΕΙΣ
694 745 826 794 ΤΗΝ
866 740 1264 796 ΕΠΙΣΤΟΛΗΝ
1303 739 1374 795 Ζ’.
1817 738 1871 803 Α

215 842 269 899 Ὀ
325 839 486 914 ἅγιος
550 837 707 898 οὗτος
764 831 1127 911 Πολύκαρπος
1203 834 1461 909 Σμύρνης
1511 832 1563 887 ἂν
1633 829 1786 901 Ἀσίᾳ

157 926 345 1008 γέγονεν
401 926 721 995 ἐπίσκοπος,
781 925 1056 1000 ἀκροατήρ
1114 924 1406 999 γενόμενος
1462 926 1558 978 τοῦ
1633 919 1785 995 ἁγίου

162 1016 453 1072 ἀποστόλου
511 1014 599 1069 καὶ
674 1013 1057 1089 εὐαγγελιστοῦ
1114 1013 1363 1072 Ἰωάννου
1425 1015 1523 1067 τοῦ
1593 1008 1788 1074 θεολό-

159 1128 265 1183 γου,
322 1106 505 1169 καθὼς
566 1104 653 1158 καὶ
736 1103 1029 1176 Εἰρηναῖος
1088 1102 1138 1157 ἐν
1196 1108 1275 1175 τῷ
1350 1101 1518 1177 τρίτῳ
1590 1094 1789 1176 βιϐλίῳ

155 1202 247 1253 τῶν
322 1194 477 1250 Κατά
559 1199 659 1262 τῆς
746 1190 1103 1266 ψευδωνόμου
1179 1193 1434 1267 γνώσεως
1520 1192 1656 1263 (56),
1716 1187 1791 1250 ὡς

159 1287 202 1341 οἱ
252 1282 483 1339 παὶαιοὶ
541 1281 791 1357 λέγουσι,
848 1282 1003 1356 φησὶ,
1062 1283 1149 1337 καὶ
1227 1279 1505 1356 μαρτυρίῳ
1569 1282 1649 1351 τῷ
1704 1275 1793 1331 διὰ

160 1374 313 1449 πυρὸς
344 1371 667 1441 ἐτελειώθη.
700 1371 856 1446 Ἔχει
908 1368 965 1425 δὶ
1018 1370 1314 1438 ίπιστολὴν
1360 1371 1388 1425 ὁ
1440 1369 1601 1429 αὐτὸς
1650 1368 1792 1426 θεῖος

158 1461 510 1537 Πολύκαρπος
561 1460 697 1534 πρὸς
758 1457 1191 1532 Φιλιππησίους.
1231 1456 1605 1515 Ἐπιστὲλλων
1663 1458 1791 1529 γοῦν

160 1552 278 1627 πρὸς
327 1554 524 1606 τοῦτον
581 1550 608 1602 ὁ
657 1552 798 1611 θεῖος
856 1550 1135 1611 Διονύσιος
1192 1548 1258 1603 τὰ
1305 1547 1428 1620 περὶ
1458 1551 1555 1603 τοῦ
1587 1541 1798 1601 Ἀπολ-

162 1638 423 1718 λοφάνους
505 1634 773 1710 διέξεισιν,
832 1638 889 1700 ὃς
968 1636 1180 1708 Ἕλλην
1261 1633 1356 1708 ὣν,
1408 1637 1497 1691 καὶ
1555 1633 1801 1695 Ἀσιανὸς

164 1728 481 1808 φιλόσοφος,
513 1727 702 1784 πολλά
754 1733 852 1784 τοῦ
912 1729 1071 1803 ἁγίου
1102 1729 1397 1803 κατηγόρει
1449 1732 1529 1798 τῷ
1585 1728 1801 1801 Χριστῷ

160 1818 562 1897 προσελθόντος
598 1837 610 1852 ·
672 1817 849 1873 καίτοι
907 1839 970 1893 γε
1023 1818 1136 1891 ἅμα
1206 1817 1385 1889 τούτῳ
1453 1813 1806 1891 συνεωρακὼς

160 1910 217 1964 τὰ
266 1906 464 1964 πολλά
522 1906 699 1963 ἐκεῖνα
744 1908 833 1963 καὶ
894 1906 1265 1981 θαυμαστάτά
1294 1905 1382 1960 ἐπὶ
1423 1909 1492 1979 τῇ
1534 1904 1670 1960 κατὰ
1712 1904 1805 1959 τὸν

166 1998 388 2072 σταυρὸν
451 1994 661 2071 ἡλιακῇ
711 1996 947 2071 ἐκλείψει
979 1999 1113 2071 (57).
1142 1997 1297 2071 Λέγει
1348 1999 1476 2071 γοῦν
1527 1994 1664 2067 πρὸς
1716 1995 1808 2049 τὸν

2369 742 2441 798 ΙΝ
2480 743 2882 802 EPISTOLAM
2936 748 3056 803 VII.

1965 837 2321 911 Polycarpus
2352 840 2465 910 hic,
2497 842 2586 897 vir
2614 844 2839 899 eximiae
2870 846 3228 918 sanctitatis,
3275 848 3534 922 Smyrnae

1894 926 2159 984 Asiaticae
2212 929 2322 984 fuit
2369 930 2701 1004 episcopus,
2750 934 2984 991 auditor
3031 937 3288 1008 primum
3349 940 3541 996 sancti

1897 1017 2142 1087 apostoli
2173 1023 2229 1074 et
2259 1021 2628 1094 evangelistze
2658 1023 2923 1094 Joannis,
2967 1033 3352 1099 cognomento
3374 1029 3537 1086 theo-

1896 1106 2052 1179 logi;
2086 1110 2583 1179 quemadmodum
2609 1114 2861 1170 Irenaeus
2889 1116 2947 1170 in
2971 1117 3141 1172 tertio
3165 1134 3365 1174 eorum
3390 1136 3539 1191 quos

1900 1196 2181 1252 adversus
2212 1198 2341 1253 falsi
2374 1200 2628 1256 nominis
2680 1202 2989 1261 scientiam
3023 1206 3275 1278 scripsit,
3307 1208 3538 1280 asserit,

1904 1290 1969 1340 ut
1998 1286 2250 1355 majores
2283 1303 2516 1360 quoque
2556 1291 2739 1346 nostri
2788 1291 2999 1349 litteris
3049 1296 3455 1367 prodiderunt.
3490 1298 3545 1353 Is

1902 1373 2037 1445 igne
2066 1375 2439 1449 absumptus,
2474 1380 2733 1452 martyrii
2759 1380 3005 1453 gloriam
3038 1385 3285 1458 adeptus
3316 1388 3546 1443 est.Ex-

1906 1466 2024 1519 stat
2036 1468 2231 1520 autem
2248 1465 2356 1520 viri
2384 1466 2563 1538 hujus
2587 1469 2950 1527 admirabilis
2972 1472 3275 1547 Polycarpi
3299 1475 3550 1547 epistola

1908 1550 1977 1605 ad
2022 1551 2448 1624 Pbilippenses.
2496 1556 2695 1612 Adhuc
2737 1557 2921 1630 igitur
2970 1560 3172 1617 beatus
3212 1562 3548 1636 Dionysius,

1911 1638 2095 1695 missa
2124 1640 2371 1712 epistola
2400 1643 2471 1698 de
2502 1645 3077 1718 Apollophane,talia
3106 1650 3380 1708 edisserit
3404 1671 3415 1708 :
3450 1653 3552 1724 qui

1913 1727 2150 1797 gentilis
2180 1744 2313 1784 cum
2354 1737 2528 1801 esset,
2561 1734 2954 1806 pbi1050phus
3005 1738 3249 1811 insuper
3276 1740 3553 1810 Asianus,

1916 1816 2236 1874 identidem
2267 1821 2632 1877 obtrectabat
2679 1828 2904 1893 sancto,
2956 1826 3159 1885 dolens
3208 1829 3363 1902 quod
3393 1830 3558 1886 Chri-

1918 1905 2123 1961 stianae
2150 1908 2283 1964 ﬁdei
2332 1910 2700 1981 accessisset,
2751 1913 2985 1971 etiamsi
3028 1932 3161 1972 cum
3209 1919 3379 1974 beato
3426 1919 3562 1975 Dio-

1922 1996 2088 2067 nysio
2118 2012 2234 2052 non
2265 2014 2453 2069 pauca
2484 1999 2586 2056 illa
2633 2005 2691 2056 et
2737 2018 2871 2058 cum
2928 2003 3136 2076 primis
3184 2006 3363 2080 digna
3408 2008 3558 2065 255

171 2092 306 2144 θεῖον
340 2084 732 2161 Πολύκαρπον,
766 2084 848 2140 ὅτι
880 2087 1023 2161 Ἐγὼ
1076 2086 1169 2159 μὶν
1199 2084 1297 2141 οὐκ
1327 2084 1448 2140 οἶδα
1477 2083 1611 2161 πρός
1665 2103 1815 2146 τινας

1942 2084 2314 2142 tdmiratione
2372 2102 2488 2143 una
2539 2091 2951 2162 perspexisset,
3006 2109 3135 2165 quae
3198 2094 3445 2152 Domino
3504 2096 3566 2153 in

170 2176 511 2253 ἒτεροδόξους
563 2173 749 2246 εἰπὼν,
793 2174 883 2231 καὶ
938 2172 1193 2251 διασύρας
1248 2177 1347 2245 τὴν
1404 2173 1623 2229 ἐκείνων
1681 2185 1814 2249 θρη-

170 2268 369 2339 σκείαν,
404 2266 585 2341 ἀρκεῖν
616 2264 871 2338 οἰόμενος
900 2263 979 2336 τῷ
1009 2265 1196 2338 ἀγαθῷ
1245 2265 1538 2339 ἀνθρώπῳ,
1571 2262 1658 2319 ἐὰν
1719 2259 1815 2316 δυ-

165 2356 355 2428 νηθείη
414 2355 545 2411 αὐτὸ
591 2356 709 2411 καθ’
753 2356 885 2411 αὐτὸ
934 2355 996 2409 τὸ
1045 2353 1264 2425 ἀληθὲς,
1308 2356 1485 2416 καθὼς
1535 2348 1673 2429 ἔχει,
1724 2352 1815 2407 καὶ

164 2452 364 2520 γνῶναι
398 2446 490 2500 καὶ
525 2443 718 2501 εἷπεῖν.
750 2446 952 2518 ’Ὠσπερ
996 2442 1097 2518 γὰρ
1144 2442 1243 2500 οὐκ
1288 2437 1406 2519 ἔχει
1453 2443 1619 2517 λόγον
1672 2442 1814 2496 συνί-

166 2536 385 2590 στασθαι
415 2533 479 2588 τὸ
508 2532 731 2603 ἀληθὲς,
765 2531 826 2587 ἐκ
853 2536 949 2588 τοῦ
978 2533 1039 2587 τὸ
1067 2529 1264 2607 ψεῦδος
1296 2530 1614 2606 ἐλέγχεσθαι
1646 2550 1658 2564 ’
1694 2528 1817 2585 ἀλλ’

166 2624 300 2681 αὐτὸ
352 2624 473 2688 καθ’
504 2624 636 2679 αὐτὸ
686 2621 945 2700 αὔταρκές
991 2622 1132 2678 ἐστιν
1186 2622 1260 2685 εἷς
1304 2625 1364 2678 τὸ
1388 2628 1549 2678 πᾶσιν
1596 2620 1817 2698 ἀναφαί-

162 2735 260 2770 νειν
306 2714 408 2781 τὴν
470 2712 663 2767 ὶαυτοῦ
716 2711 1103 2789 λαμπρότητα,
1136 2709 1233 2768 κᾶν
1283 2711 1630 2787 συγκρίνηται
1682 2711 1817 2785 πρὸς

165 2803 223 2857 τὸ
251 2805 486 2875 ψεῦθος,
516 2801 612 2856 κᾶν
647 2800 707 2856 οὐ
741 2800 1086 2878 συγκρίνηται
1121 2821 1134 2835 ·
1179 2801 1394 2875 μᾶλλον
1446 2803 1539 2876 μὶν
1592 2802 1681 2856 οὖν
1730 2799 1821 2856 καὶ

164 2899 256 2961 τῆς
299 2889 504 2954 οἴκείας
534 2887 815 2963 δυνάμεως
848 2893 965 2946 οἷον
988 2891 1156 2946 εἰπεῖν
1174 2886 1504 2946 κινδυνεύσει
1525 2888 1586 2945 ού
1616 2889 1677 2945 τὸ
1704 2886 1823 2944 ἑλά-

166 3000 362 3055 χιστον
388 2974 858 3054 προσαποϐαλεῖν,
879 2976 1129 3050 δόξαντός
1155 3000 1297 3035 τισιν
1328 2979 1391 3035 οὐ
1420 2980 1537 3035 καθ’
1568 2979 1697 3034 αὐτὸ
1722 2978 1822 3047 τὴν

167 3069 334 3146 ἰσχὺν
367 3063 516 3144 ἔχειν
553 3086 566 3099 ⁸
604 3066 749 3123 ἀλλὰ
778 3073 877 3125 τοῦ
909 3068 1082 3140 πάντη
1126 3069 1378 3134 ἀσθενοῦς
1433 3068 1824 3146 ἐλεγχομένου,

172 3155 437 3229 δηλονότι
467 3161 566 3214 τοῦ
588 3156 839 3232 ψεύδους,
866 3158 1110 3228 αὖτὸ,ὡς
1145 3160 1220 3231 μὴ
1251 3162 1498 3215 τοιοῦτον
1528 3156 1827 3230 τελέως,τὸ

168 3251 378 3323 κράτος
429 3246 768 3323 κληροῦσθαι
804 3266 816 3280 ⁸
853 3247 1027 3311 οὕτως
1082 3244 1193 3303 οὐδ’
1224 3247 1453 3323 ἀγαθοὺς
1510 3247 1831 3321 ἀνθρώπους

173 3339 388 3409 πρὲπον
422 3335 535 3391 εστὶ
569 3335 911 3392 συνίστασθαι
939 3338 1075 3392 κατὰ
1101 3338 1163 3392 τὸ
1195 3337 1391 3392 οἰκεῖον
1426 3331 1607 3407 σέϐας,
1630 3335 1706 3398 ὡς
1735 3356 1831 3391 κα-

173 3424 295 3489 λῶς
328 3424 695 3495 πιστεύουσιν,
728 3425 834 3481 ἀπὸ
858 3430 955 3481 τοῦ
985 3420 1396 3501 καθυϐρίζεσθαι
1440 3424 1570 3488 τοὺς
1617 3424 1835 3501 ἑτέρους

174 3518 206 3585 ἦ
269 3513 654 3591 ἰξελίγχεσθαι
685 3532 697 3546 °
747 3512 893 3570 ἀλλὰ
969 3516 1088 3578 καθ’
1146 3513 1341 3579 αὐτοὺς
1400 3514 1732 3585 ἐξετάζεσθαι
1786 3512 1836 3569 εἴ

178 3605 283 3680 ἄρα.
345 3600 485 3673 ἄξιοί
547 3602 647 3658 εἶσι
709 3604 1036 3677 θαυμασμοῦ
1091 3611 1191 3674 τῆς
1229 3604 1397 3679 ὀρθῆς
1449 3604 1676 3679 κρίσεως
1721 3600 1839 3659 ἓνε-

178 3714 245 3748 κα
316 3694 450 3765 (58)·
482 3696 580 3748 τοῦ
634 3691 734 3768 γὰρ
791 3690 1058 3763 ἀληθοῦς,
1090 3693 1119 3747 ’ὁ
1148 3691 1200 3748 τί
1237 3694 1373 3749 ποτε
1422 3692 1586 3765 ἐστιν,
1620 3689 1842 3748 ἀποδει-

182 3782 455 3856 κνυμένου
511 3782 627 3836 κατ’
660 3780 819 3837 αὐτὸν
868 3783 958 3837 τὸν
1017 3789 1117 3852 τῆς
1167 3781 1423 3853 ἀληθείας
1452 3782 1619 3855 νόμον
1654 3780 1842 3855 (νόμος

186 3870 243 3927 δὲ
302 3870 563 3942 ἀληθείας
617 3871 680 3925 τὸ
738 3873 850 3927 καθ’
879 3871 1044 3941 αὐτὴν
1101 3870 1475 3942 ἐξετάζεσθαι),
1535 3871 1626 3927 καὶ
1682 3872 1846 3926 καθαρι-

188 3967 308 4037 ρῶς
339 3959 655 4032 ἑστηκότος,
686 3965 788 4015 πᾶν
818 3961 880 4015 τὸ
911 3958 1098 4024 ἄλλως
1133 3959 1259 4035 ἔχον
1291 3960 1382 4015 καὶ
1417 3955 1842 4037 ὑποκρινόμενον

188 4053 295 4120 τὴν
325 4048 585 4120 ἀλήθειαν
617 4046 1011 4125 ἐλεγχθήσεται
1056 4046 1238 4125 ἓτερον
1288 4049 1424 4105 κατὰ
1456 4049 1715 4124 ἀνόμοιον
1747 4054 1845 4106 τοῦ

192 4136 365 4201 ὄντως
400 4134 579 4210 ὄντος,
603 4134 772 4213 ἤγουν
804 4143 901 4194 τοῦ
930 4136 1194 4207 ἀληθοῦςο
1227 4142 1317 4194 καὶ
1352 4137 1545 4195 δοκοῦν
1578 4138 1849 4215 ἐλεγχθήο

194 4250 344 4285 σεται
379 4226 598 4301 μᾶλλον
629 4227 665 4297 ἢ
699 4224 779 4285 ὅν.
807 4228 1067 4305 Περιττὸν
1110 4227 1291 4283 τοίνυν
1343 4228 1434 4283 τὸν
1484 4228 1573 4283 ἐπὶ
1632 4228 1847 4285 πάντων

196 4318 435 4394 λέγοντα
484 4318 575 4373 καὶ
622 4321 953 4393 φανεροῦντα
1011 4317 1109 4385 τὴν
1142 4316 1426 4387 ἀλήθειαν,
1458 4320 1594 4393 πρὸς
1621 4318 1850 4381 τούτους

195 4405 232 4476 ἢ
266 4405 510 4471 ἐκείνους
558 4404 948 4481 διαμάχεσθαι.
978 4407 1241 4468 Ἕκαστος
1291 4408 1417 4482 γὰρ,
1465 4406 1851 4481 πλανώμενος,

199 4495 372 4553 οἴεται
404 4498 505 4565 τήν
538 4495 797 4568 ἀλήθειαν
829 4498 1102 4573 κατέχειν,
1136 4495 1317 4573 ὥσπερ
1351 4518 1405 4553 τι
1457 4497 1738 4573 βασιλικὸν
1765 4499 1854 4554 νό-

204 4609 387 4662 μισμα
419 4606 432 4619 ’
465 4586 556 4641 καὶ
589 4584 719 4648 ἴσως
751 4588 969 4662 κατέχει
1012 4585 1209 4663 μορίου
1253 4588 1397 4649 τινὸς
1443 4589 1539 4656 τῆς
1572 4586 1855 4660 ἀληθείας,

202 4677 269 4732 οὐ
332 4677 445 4750 μήν
504 4698 563 4752 γε
619 4677 797 4746 πάσης
854 4682 953 4745 τῆς
1012 4675 1272 4747 ἀληθείας
1341 4676 1624 4747 ἀπατηλὸν
1694 4675 1858 4732 εἷ’δω-

202 4763 301 4820 λον
339 4767 475 4841 (59).
510 4766 816 4838 Θαυμάσιον
871 4762 929 4819 δὲ
951 4766 1043 4820 καὶ
1070 4766 1133 4820 τὸ
1165 4762 1394 4821 εἴδωλον
1426 4768 1561 4840 (60),
1596 4767 1730 4821 καθὸ
1767 4765 1858 4821 καὶ

209 4852 616 4925 εἰδωλολάτραι
648 4851 966 4923 καλοῦνται,
994 4855 1069 4917 ὡς
1101 4852 1355 4917 εἰδώλοις
1400 4854 1706 4925 ἀπατηλοῖς
1760 4876 1860 4929 μο-

209 4945 330 5018 ρίου
357 4942 620 5016 ἀληθείας
652 4942 1024 5018 λατρεύοντες,
1058 4942 1348 5022 φάσκοντες
1398 4943 1525 5006 τοὺς
1586 4945 1647 4998 ού
1708 4943 1864 5008 θεοὺς

207 5034 385 5103 θεοὺς,
431 5033 523 5088 καὶ
582 5033 644 5087 τὸ
702 5031 1060 5110 ἀφειλόμενον
1109 5037 1190 5105 τῷ
1224 5036 1343 5105 Θεῷ
1392 5028 1550 5096 σέϐας
1608 5031 1685 5094 είς
1739 5031 1867 5095 τοὺς

210 5120 607 5195 ψευδωνύμου(
662 5119 817 5184 θεοὺς
867 5120 1250 5196 ἀπονέμοντες.
1311 5116 1456 5176 Λάϐε
1529 5120 1707 5193 τοίνυν
1773 5122 1866 5177 τὸν

217 5214 307 5284 μὶν
342 5213 422 5286 μὴ
456 5208 716 5281 ἀλήθειαν
751 5208 951 5286 ἔχοντα
980 5211 1057 5275 ὡς
1111 5211 1202 5265 τὸν
1262 5210 1325 5266 τὸ
1380 5208 1664 5286 βασιλικὸν
1709 5209 1869 5266 κατά-

214 5320 390 5375 χοντα
442 5298 713 5375 νόμισμα.
761 5298 826 5358 Εἰ
875 5302 1007 5375 γοῦν
1062 5301 1221 5363 οὗτος
1284 5297 1587 5375 ἰξελίγχειν
1668 5301 1873 5375 πειρώ-

224 5411 383 5462 μενος
413 5390 543 5453 τοὺς
572 5392 649 5464 μὴ
681 5392 1013 5466 κατέχοντας
1047 5390 1138 5447 καὶ
1193 5382 1502 5464 οἰομένους,
1532 5387 1629 5445 κᾶν
1681 5393 1871 5445 τοῦτον

224 5479 498 5557 ἔξελέγξῃ,
552 5479 736 5554 ἕτερος
813 5478 1185 5558 φιλονεικήσει
1224 5498 1236 5511 ·
1296 5474 1393 5535 κᾶν
1454 5478 1637 5551 αὐτὸν,
1692 5476 1875 5555 ἓτερος

228 5569 393 5625 πάλιν
428 5589 441 5603 ο
476 5566 574 5624 κᾶν
630 5568 778 5632 αὖθις
832 5572 1051 5644 τοῦτον,
1107 5562 1290 5646 ’ἕτερος
1351 5569 1729 5640 ἀναστήσεται.
1762 5572 1876 5627 Τοῦ

232 5660 358 5731 γοῦν
387 5657 629 5730 ἀληθοῦς
658 5654 1038 5734 ἀνεξελὲγκτου
1076 5661 1361 5734 μένοντος,
1391 5663 1495 5715 πᾶν
1541 5660 1604 5715 τὸ
1656 5660 1734 5732 μὴ
1783 5655 1877 5712 0'3-

234 5765 340 5810 τως
396 5744 555 5822 ἕχον,
594 5746 724 5802 αὐτὸ
782 5748 868 5824 ὑφ’
917 5746 1109 5805 εαυτοῦ
1164 5743 1660 5819 καταϐληθήσεται,
1705 5767 1873 5822 προσ-

1924 2189 2096 2229 cruce
2127 2176 2417 2246 pendente
2447 2178 2821 2250 contigerunt
2868 2197 2970 2252 per
3014 2183 3203 2239 solare
3250 2183 3395 2240 illud
3430 2184 3569 2249 deli-

1926 2262 2152 2334 quium.
2186 2264 2339 2319 Dicit
2379 2266 2562 2337 igitur
2608 2272 2810 2323 sancto
2850 2269 3167 2343 Polycarpo
3221 2289 3233 2328 :
3283 2272 3568 2344 Equidem

1927 2351 2072 2406 mihi
2102 2354 2373 2409 conscius
2398 2370 2515 2409 non
2546 2371 2677 2411 sum
2704 2357 2921 2413 dixisse
2951 2358 3267 2430 aliquando
3290 2362 3573 2418 adversus

1925 2439 2167 2496 alterius
2190 2449 2360 2498 sectis
2382 2445 2762 2515 professores,
2782 2454 2883 2502 aut
2905 2448 3141 2504 illorum
3161 2451 3570 2506 caeremoniam

1927 2529 2273 2600 cultumque
2294 2548 2555 2604 unquam
2579 2533 2730 2605 stylo
2748 2536 3458 2606 perstrinxisse,sufﬁcere
3482 2557 3572 2595 ar-

1927 2618 2181 2675 bitratus
2211 2619 2287 2687 ei,
2318 2621 2418 2692 qui
2450 2622 2637 2679 bonus
2661 2639 2788 2680 esse
2812 2626 3077 2697 pergit,si
3100 2629 3339 2699 id,quod
3370 2646 3575 2686 verum

1929 2711 2038 2776 est,
2053 2708 2246 2780 ipsum
2264 2711 2587 2767 secundum
2621 2727 2683 2768 se
2713 2712 2890 2769 sicuti
2907 2730 2970 2770 se
2990 2714 3369 2787 habet,nosse
3391 2716 3579 2790 possit

1930 2796 2109 2853 simul
2152 2802 2209 2853 et
2277 2814 2632 2871 expromam.
2688 2802 3194 2866 Quemadmodum
3243 2806 3400 2862 enim
3452 2806 3577 2861 ulla

1932 2888 2191 2959 suppetit
2220 2888 2368 2944 ratio
2397 2890 2820 2946 constituendae
2852 2895 3403 2950 commendandeve
3425 2894 3581 2951 veri-

1930 2976 2069 3031 tatis
2098 2993 2167 3032 ex
2196 2992 2283 3043 eo,
2316 2978 2469 3050 quod
2508 2980 2880 3037 mendacium
2905 2982 3583 3056 deprehenditur,quan-

1937 3065 2008 3121 do
2038 3066 2168 3137 ipsa
2198 3068 2523 3123 secundum
2556 3083 2615 3124 se
2646 3070 2877 3125 abunde
2909 3087 2975 3127 se
3004 3072 3223 3128 sufﬁcit
3243 3072 3301 3127 in
3327 3088 3592 3129 commu-

1938 3170 2010 3211 ne
2039 3155 2314 3211 omnibus
2337 3157 2529 3228 palam
2546 3174 2809 3215 exserere
2831 3160 3094 3216 nativum
3121 3177 3294 3217 suum
3319 3162 3592 3234 splendo-

1939 3260 2083 3312 rem,
2112 3244 2232 3300 sive
2259 3260 2328 3301 ea
2356 3262 2489 3302 cum
2522 3249 2826 3305 mendacio
2858 3254 3262 3321 componatur,
3296 3252 3415 3307 sive
3447 3269 3587 3307 non.

1942 3333 2091 3400 Quin
2122 3334 2317 3405 potius
2349 3335 2777 3406 periclitabitur
2805 3338 2880 3408 (si
2901 3339 3093 3394 dicere
3114 3339 3203 3394 fas
3229 3339 3324 3411 sit)
3347 3356 3465 3397 non
3480 3340 3591 3394 mi-

1943 3423 2167 3479 nimam
2198 3416 2523 3495 portionem
2547 3425 2864 3497 deperdere
2905 3427 3157 3499 propriae
3182 3427 3418 3483 virtutis
3453 3427 3593 3483 :ubi

1948 3512 2305 3585 quibusdam
2334 3513 2461 3569 visa
2484 3514 2658 3569 fuerit
2687 3530 3057 3588 nequaquam
3088 3516 3207 3572 vim
3238 3516 3399 3572 illam
3423 3532 3593 3573 suam

1949 3602 2213 3658 obtinere
2244 3607 2450 3675 suapte
2480 3606 2823 3673 natura,sed
2840 3606 3091 3677 pendere
3112 3622 3181 3663 ex
3199 3607 3329 3677 ejus
3351 3607 3596 3663 demon-

1950 3691 2253 3759 stratione,
2287 3694 2442 3764 quod
2475 3695 2635 3749 omni
2664 3709 2734 3750 ex
2764 3700 2927 3766 parte
2957 3696 3267 3752 inﬁrmum
3299 3696 3592 3765 est,nimi-

1952 3797 2084 3837 rum
2110 3797 2179 3837 ex
2206 3781 2516 3838 collatione
2547 3783 2861 3851 mendacii,
2893 3784 3063 3856 quasi
3093 3802 3227 3841 vero
3260 3785 3458 3842 minus
3488 3801 3597 3858 per

1952 3886 2016 3927 se
2047 3871 2378 3927 absolutam
2409 3876 2467 3927 et
2493 3872 2791 3929 efﬁcacem
2837 3874 3162 3945 potentiam
3201 3875 3408 3931 sortito
3453 3874 3603 3930 obti-

1954 3962 2197 4017 neat.Ad
2230 3963 2503 4017 eumdem
2534 3963 2773 4018 modum
2807 3964 3153 4035 neutiquam
3188 3965 3430 4021 addecet
3450 3963 3605 4020 viros

1956 4052 2019 4106 ut
2048 4050 2235 4106 bonos
2263 4050 2577 4122 praedicam
2606 4051 2850 4123 proprias
2879 4052 3179 4124 religionis
3221 4053 3530 4111 commend
3542 4069 3602 4108 a-

1955 4138 2134 4207 tione,
2167 4139 2339 4210 quasi
2368 4139 2479 4195 hoc
2510 4139 2747 4195 nomine
2777 4142 2944 4194 recte:
2973 4139 3094 4194 sint
3122 4140 3444 4211 ﬂdei,qu0d
3468 4140 3608 4197 alio-

1958 4243 2089 4284 rum
2121 4232 2313 4285 seetas
2344 4228 2543 4284 norint
2560 4227 2787 4283 fortiter
2811 4227 3041 4298 probris
3062 4243 3370 4300 aspergere
3395 4232 3498 4284 aut
3517 4245 3606 4284 re-

1960 4320 2339 4391 prehendere;
2355 4319 2545 4391 magis
2560 4334 2695 4375 vero
2713 4320 3040 4375 secundum
3056 4336 3118 4376 se
3134 4321 3499 4392 expendendi
3513 4335 3608 4376 ve-

1961 4408 2133 4463 niunt
2162 4411 2220 4463 et
2247 4407 2639 4476 examinandi,
2669 4407 2720 4463 si
2749 4406 2965 4463 mirum
3007 4408 3171 4481 digni
3202 4409 3322 4465 sint
3353 4409 3609 4465 admira-

1962 4497 2120 4554 tione
2174 4501 2411 4569 propter
2448 4500 2673 4553 rectum
2719 4497 3042 4567 judicium.
3101 4499 3216 4554 Hoc
3266 4500 3423 4555 enim
3473 4516 3609 4556 vero

1963 4587 2379 4659 (quodcunque
2398 4587 2637 4642 tandem
2665 4586 2813 4642 illud
2835 4586 2948 4657 est)
2967 4587 3611 4657 demonstrato,secun-

1966 4677 2106 4731 dum
2134 4675 2325 4747 ipsam
2353 4675 2542 4747 legem
2572 4675 2855 4745 veritatis,
2887 4676 2981 4732 lex
3004 4682 3197 4733 autem
3228 4676 3490 4733 veritatis
3522 4680 3613 4733 est

1965 4765 2080 4823 tale
2108 4763 2331 4836 aliquid
2362 4765 2686 4821 secundum
2717 4765 2909 4837 ipsam
2928 4765 3236 4821 veritatem
3266 4765 3615 4837 expendere)

1890 4876 1937 4941 D
1968 4859 2026 4912 et
2056 4855 2357 4911 sinceriter
2388 4858 2711 4922 constante,
2745 4854 3030 4925 quidquid
3062 4855 3334 4925 est,quod
3354 4853 3524 4909 aliter
3555 4868 3619 4909 se

1972 4944 2151 5001 habet
2171 4944 2571 5016 mentiturque
2590 4944 3304 5011 veritatem,convincetur
3318 4941 3621 5008 falsitatis;

1975 5032 2381 5104 dissimileque
2409 5036 2467 5089 et
2495 5031 2650 5089 aliud
2685 5047 2863 5103 quam
2895 5047 2956 5088 re
2986 5031 3115 5103 ipsa
3145 5029 3510 5101 sit,alienum
3532 5029 3622 5085 vi-

1977 5121 2185 5177 delicet
2204 5138 2238 5177 a
2256 5122 2499 5178 veritate
2524 5121 2772 5192 (etiamsi
2797 5135 2930 5177 esse
2944 5120 3211 5176 videatur
3231 5118 3423 5191 magis
3444 5134 3623 5190 quam

1979 5210 2078 5282 sit)
2105 5214 2455 5282 coarguatur
2480 5212 2741 5267 tandem.

2048 5300 2555 5371 Supervacaneum
2574 5316 2708 5356 vero
2728 5299 2807 5355 sit
2833 5297 3102 5369 eum,qui
3130 5297 3203 5353 de
3220 5296 3498 5353 omnibus
3520 5314 3623 5369 pa-

1981 5393 2073 5447 rat
2104 5389 2501 5460 dicere,simul
2522 5394 2580 5446 et
2597 5389 2937 5445 varietatem
2958 5387 3213 5444 assumit
3230 5388 3621 5444 manifestan-

1982 5479 2495 5545 dam,velitaribus
2519 5479 2712 5534 verbis
2742 5479 3081 5550 depugnare
3102 5478 3383 5533 adversus
3394 5477 3503 5533 hos
3525 5480 3627 5532 aut

1982 5568 2473 5625 illos.Arbitratur
2502 5567 2659 5622 enim
2682 5565 3266 5638 quivit,quantolibet
3285 5567 3337 5622 is
3362 5568 3631 5622 teneatur

1985 5658 2305 5715 obstrictus
2335 5672 2550 5723 errore,
2582 5672 2759 5729 penes
2779 5671 2843 5712 se
2870 5672 3004 5712 esse
3030 5656 3354 5723 veritatem,
3386 5655 3631 5726 perinde

1988 5751 2158 5819 atque
2185 5747 2410 5819 regium
2444 5746 2741 5818 quoddam
2772 5747 3091 5803 numisma.
3123 5745 3194 5801 Et
3232 5745 3484 5801 fortasse
3514 5741 3629 5799 ali-
