4062 6366
458 387 567 441 455

1270 379 1637 435 APPENDIX
1676 380 1774 431 AD
1812 377 2054 431 OPERA
2089 378 2148 429 S.
2189 375 2502 432 DIONYSII
2541 377 3041 438 AREOPAGITE.

3759 386 3882 440 456

452 512 621 582 cujus
635 508 931 582 particulae
946 505 1205 562 veritatis
1223 517 1623 576 (nequaquam
1648 518 1779 558 vero
1806 501 2091 556 universae

2207 503 2434 573 κροῦσαν
2486 501 2578 573 μὶν
2619 507 2699 574 τῷ
2729 501 2927 574 ἀληθεῖ
2952 508 3085 578 (Gl),
3120 506 3248 561 αὐτὸ
3276 504 3332 561 δὲ
3363 508 3521 562 πεσὸν
3554 511 3624 581 τῇ
3653 508 3878 578 ἀηττή-

455 597 1069 669 veritatis)imaginem
1085 593 1395 651 subdolam
1416 588 1957 648 tenet.Admirabile
1973 604 2101 643 vero

459 690 634 745 etiam
670 684 843 740 εωλον
877 702 977 741 seu
1008 684 1226 755 imago,
1261 680 1558 755 particulae
1574 678 2105 749 veritatis,propter

459 778 614 848 quod
644 774 964 832 idololatrae
985 776 1368 839 vocantur,ut
1398 771 1501 841 qui
1531 769 1758 825 cultum
1787 767 2102 823 exhibeant

457 866 911 936 idolis,fucatam
945 868 1002 919 et
1023 862 1287 918 fallacem
1312 858 1659 932 particulam
1680 855 1945 912 veritatis
1986 872 2101 926 pres

456 972 519 1011 se
542 953 1148 1022 ferentibuszdeosque
1164 946 1717 1019 asserant,quinihil
1741 944 1941 1000 minus
1963 948 2104 999 sunt

454 1060 632 1116 quam
665 1043 743 1098 dii
770 1062 785 1113 ;
815 1041 1216 1098 venerabilem
1248 1038 1400 1095 256
1424 1037 1665 1107 insuper
1693 1032 2100 1090 caeremoniam

455 1139 569 1189 Deo
600 1132 709 1188 soli
741 1131 999 1187 debitam
1050 1130 1109 1184 in
1143 1128 1290 1184 tales
1342 1127 1645 1182 conferant
1692 1128 1750 1181 et
1797 1123 2106 1195 patiantur

454 1224 730 1281 ementito
762 1222 997 1277 nomine
1026 1221 1180 1275 deos.
1234 1220 1381 1274 Eum
1424 1217 1624 1289 igitur,
1667 1215 1766 1287 qui
1799 1214 2101 1270 veritatem

455 1330 631 1386 penes
663 1329 725 1369 se
756 1312 952 1377 habet,
980 1308 1241 1379 intellige
1270 1308 1365 1362 hic
1394 1305 1719 1376 dici,quasi
1753 1303 1853 1375 qui
1875 1304 2103 1375 regium

452 1402 751 1458 numisma
780 1400 1098 1471 possideat.
1125 1398 1286 1461 Quod
1322 1396 1371 1451 si
1401 1394 1494 1450 hic
1526 1398 1771 1450 conetur
1801 1409 1900 1448 eos
1931 1408 2102 1462 argu-

452 1491 667 1548 mentis
698 1489 983 1555 evincere,
1016 1486 1115 1558 qui
1157 1484 1462 1542 veritatem
1495 1484 1734 1555 quidem
1772 1482 1962 1554 ipsam
1985 1498 2103 1537 non

448 1581 811 1650 assequuntu
823 1580 1153 1647 r,putautes
1177 1574 1396 1647 alioqui
1420 1591 1483 1630 se
1499 1589 1628 1631 eam
1652 1570 2102 1641 assecutos,sive

449 1669 604 1724 hunc
635 1667 732 1723 ille
763 1669 1065 1738 coarguat,
1095 1664 1243 1721 alter
1291 1664 1654 1722 contentiose
1712 1661 1825 1718 sibi
1876 1663 2103 1717 astruet

445 1758 792 1823 victoriam;
835 1754 957 1811 sive
1006 1754 1188 1811 istum
1240 1753 1651 1826 reprehendat,
1698 1767 1907 1807 rursus
1955 1748 2102 1806 alter

452 1846 919 1911 conflictabitur;
953 1843 1136 1899 alium
1178 1842 1432 1913 denique
1477 1840 1525 1895 si
1574 1840 1889 1909 incuset,et
1913 1837 1964 1894 is
1995 1839 2098 1893 ad-

450 1953 655 1992 versus
687 1952 750 1990 se
779 1934 1148 1989 incusantem
1180 1930 1491 1987 restitabit.
1525 1929 1781 1985 Veritate
1805 1932 2000 1984 tamen
2024 1927 2098 1982 ir-

452 2022 900 2097 reprehensibili
931 2025 1331 2094 permanente,
1367 2019 1652 2091 quidquid
1701 2017 1849 2074 illud
1899 2017 2096 2086 fuerit,

451 2124 607 2194 quod
642 2139 755 2177 non
790 2122 870 2176 ita
890 2136 953 2176 se
973 2119 1405 2189 habeat,ipsum
1437 2134 1470 2171 a
1501 2116 1693 2187 seipso
1716 2114 2021 2186 dejicietur
2041 2117 2098 2171 et

451 2212 718 2268 concidet
743 2228 757 2279 ;
787 2209 887 2265 ubi
908 2208 1065 2264 enim
1089 2208 1277 2279 ipsam
1301 2207 1604 2262 veritatem
1627 2203 2098 2272 oﬂ‘endcrit,mox

450 2298 772 2356 invincihili
797 2296 1121 2354 constantia
1140 2295 1401 2351 veritatis
1425 2293 1698 2366 repulsus
1720 2297 1851 2348 ruet
1870 2293 1929 2348 in
1956 2308 2097 2364 prae-

450 2390 760 2461 ccps.Nam
794 2388 1027 2459 quando
1059 2387 1339 2441 adversus
1359 2384 1661 2441 veritatem
1693 2381 1840 2437 nihil
1866 2381 2095 2437 obtine-

452 2480 538 2534 bit
567 2478 792 2533 falsitas
825 2477 967 2547 (hazc
998 2476 1155 2532 enim
1189 2474 1275 2529 illi
1316 2490 1547 2545 semper
1576 2476 1643 2528 ut
1673 2472 1966 2529 contraria
1994 2470 2095 2524 ad-

449 2568 734 2631 versatur)
768 2582 1010 2637 prorsus
1055 2564 1184 2635 ipsa
1227 2562 1451 2618 falsitas
1494 2561 1802 2632 impinget,
1854 2559 2097 2631 ipsaque

450 2662 699 2713 corruet.
734 2657 868 2722 Quae
898 2654 1055 2709 enim
1107 2651 1231 2708 olla:
1278 2652 1348 2707 ad
1400 2651 1649 2707 lebetem
1699 2647 1930 2704 collatio
1961 2645 2096 2701 est?

450 2747 582 2818 Ipsa
605 2744 843 2817 quidem
866 2743 1154 2814 impinget
1182 2740 1358 2795 lebeti
1394 2755 1407 2796 :
1442 2744 1500 2795 at
1530 2739 1735 2795 eadem
1761 2735 2094 2806 confringe-

448 2837 562 2889 tur.
598 2833 714 2889 Hoc
743 2832 942 2903 igitur,
976 2830 1035 2885 ni
1072 2829 1259 2899 fallor,
1294 2828 1473 2900 probe
1503 2844 1637 2883 cum
1668 2830 1922 2890 teneam,
1946 2822 2095 2878 nihil

448 2921 511 2977 in
541 2922 692 2977 hanc
723 2923 947 2992 partem
972 2916 1305 2985 incubui,ut
1335 2916 1615 2971 adversus
1634 2927 1995 2985 quamquam
2011 2910 2094 2966 vi-

463 3011 637 3065 derer
664 3006 986 3064 conflictari
1018 3004 1291 3061 voluisse.
1320 3004 1474 3060 Satis
1504 3003 1651 3058 mihi
1679 3003 1893 3057 factum
1926 3004 2096 3072 puta-

454 3099 546 3165 bo,
574 3097 623 3153 si
657 3096 894 3168 quidem
927 3094 1159 3150 donarit
1192 3099 1340 3150 Deus
1373 3110 1386 3149 :
1422 3096 1486 3148 ut
1515 3110 1640 3164 quaa
1660 3091 1962 3148 veritatem
1993 3088 2097 3145 ad-

458 3188 684 3254 decent,
735 3184 992 3240 noverim
1045 3183 1301 3255 primum
1336 3199 1349 3250 ;
1404 3182 1631 3252 deinde,
1672 3184 1738 3236 ut
1767 3196 1896 3251 quae
1928 3179 1999 3233 de
2028 3193 2098 3233 ea

2129 1886 2178 1950 B

2210 608 2291 659 τῳ
2345 590 2521 643 στάσει
2565 593 2664 659 τῆς
2714 590 2972 661 ἀληθείας
3022 595 3389 671 ἀποκρουσθὲν
3422 616 3435 628 ·
3471 596 3585 651 ἐπεὶ
3637 598 3741 672 γάρ
3814 596 3882 651 οὗ

2211 677 2525 752 κατισχύσει
2558 681 2689 733 ποτὲ
2734 686 2833 749 τῆς
2881 679 3139 751 ἀληθείας
3190 684 3251 738 τὸ
3309 683 3527 758 ψεῦδος,
3558 685 3640 739 ἀεὶ
3689 682 3749 739 δὲ
3799 686 3882 747 ὡς

2214 761 2445 818 ἐναντίον
2498 765 2731 841 μάχεται
2785 773 2945 823 τοῦτο
2990 768 3193 846 ἐκείνῃ,
3236 774 3452 837 πάντως
3508 773 3636 827 αὐτὸ
3698 793 3884 848 προσ-

2211 852 2450 928 κρούσει,
2483 856 2572 909 καὶ
2629 856 2759 911 αὐτὸ
2814 863 3052 913 πεσεῖται
3112 862 3244 934 (62).
3298 860 3399 923 Τίς
3447 861 3547 937 γάρ
3607 861 3886 916 κοινωνία

2212 939 2419 1017 χύτρας
2464 944 2599 1018 πρὸς
2646 940 2893 1015 λέϐητα;
2949 947 3080 1002 αὐτὸ
3137 949 3523 1023 προσκρούσει,
3580 950 3673 1005 καὶ
3739 949 3887 1005 αὐτὸ

2212 1029 2691 1102 συνθλασθήσεται.
2736 1039 2903 1090 Τοῦτο
2963 1041 3117 1111 γοῦν,
3180 1038 3255 1099 ὡς
3315 1038 3493 1111 οἶμαι,
3548 1038 3736 1100 καλῶς
3803 1038 3883 1093 εἷ’-

2214 1116 2340 1192 δὼς,
2382 1119 2481 1175 οὐκ
2533 1119 2761 1177 ἔσπευσα
2817 1124 2953 1200 πρός
3008 1146 3159 1189 τινας
3218 1124 3654 1202 διαμαχὲσασθαι
3690 1148 3704 1159 ·
3742 1125 3885 1183 ἀλλ’

2213 1208 2395 1262 ἱκανόν
2429 1230 2520 1282 μοι
2554 1215 2715 1266 τοῦτο
2765 1209 2887 1283 δοίη
2939 1214 3092 1286 Θεὸς,
3124 1206 3344 1290 πρῶτον
3394 1218 3684 1291 γινώσκειν
3748 1216 3884 1290 περὶ

2208 1303 2308 1365 τῆς
2340 1296 2597 1369 ἀληθείας
2626 1301 2700 1363 ὡς
2744 1298 2824 1356 δεῖ
2856 1321 2869 1335 ⁸
2903 1304 3114 1358 κᾶπειτ’
3148 1301 3355 1374 εἰδότα,
3384 1304 3562 1381 λέγειν
3597 1307 3676 1368 ὡς
3734 1307 3887 1380 χρή.

2214 1384 2289 1438 Σὺ
2349 1382 2405 1439 δί
2463 1385 2661 1464 λέγεις,
2693 1389 2775 1444 ὅτι
2838 1389 3175 1468 λοιδορεῖταί
3224 1394 3379 1465 μοιὸ
3414 1392 3885 1472 Ἀπολλοφάνης,

2212 1483 2503 1540 ἀποκαλῶν
2559 1508 2626 1559 με
2682 1487 3043 1563 πατραλοίαν,
3076 1490 3158 1546 ὅτι
3220 1489 3379 1562 δῆθεν
3434 1499 3550 1556 τοῖς
3605 1493 3884 1567 πατρίοις

2212 1579 2353 1636 θεοῖς
2404 1574 2814 1649 ἐμνησικάκησα
2845 1582 2977 1653 (63),
3009 1580 3096 1634 καθ
3140 1582 3222 1636 δτι
3274 1588 3391 1646 τοῖς
3432 1587 3539 1637 τῶν
3570 1580 3883 1653 Ἑλλήνων

2208 1664 2343 1718 κατά
2386 1669 2490 1720 τῶν
2518 1666 2802 1737 Ἑλλήνων
2850 1669 3276 1745 ἀπεχρησάμην.
3311 1671 3497 1727 Καίτοι
3542 1693 3605 1747 γε
3665 1670 3887 1742 ἀληθέ-

2209 1752 2394 1827 στερόν
2424 1752 2563 1810 ἐστιν
2596 1756 2624 1810 ὃ
2653 1764 2943 1833 κατηγορεῖ
2976 1758 3133 1832 ἐμοῦ,
3167 1765 3328 1815 τοῦτο
3362 1759 3459 1833 ἐμὲ
3506 1762 3646 1835 πρὸς
3700 1762 3882 1816 αὐτὸν

2208 1841 2400 1913 εἷπεῖν,
2434 1844 2508 1908 ὡς
2537 1843 2809 1917 ’Έλληνες
2846 1846 3059 1920 μᾶλλον
3116 1852 3183 1922 τῇ
3218 1848 3336 1922 θείᾳ
3366 1850 3527 1928 σοφίᾳ
3554 1853 3746 1912 κακῶς
3786 1852 3881 1905 καὶ

2209 1929 2315 2007 οὐχ
2366 1932 2529 1995 ὁσίως
2588 1933 2940 2010 ἐχρήσαντο·
3004 1933 3263 2000 λαϐόντες
3325 1939 3419 2011 μὶν
3486 1938 3656 2008 αὐτὴν
3718 1939 3888 2014 παρά

2207 2025 2364 2092 Θεοῦ,
2391 2019 2483 2076 ’ίνα
2519 2024 2610 2078 τὸν
2660 2026 2789 2079 Θεὸν
2825 2030 3045 2100 γνῶσιν,
3080 2026 3555 2099 ἀποπλανηθέντες
3613 2026 3676 2083 δὲ
3727 2029 3885 2103 πρὸς

2209 2112 2283 2183 μὴ
2321 2107 2479 2175 ὄντας
2509 2112 2684 2176 θεούς.
2721 2114 2822 2171 Καὶ
2857 2114 2917 2170 οὐ
2957 2118 3055 2186 τήν
3085 2115 3317 2172 πολλῶν
3352 2140 3495 2196 φημι
3530 2115 3713 2190 δόξαν,
3765 2123 3885 2172 τῶν

2204 2199 2494 2275 προσῦλως
2565 2202 2653 2256 καὶ
2740 2203 2999 2276 ἐμπαθῶς
3081 2204 3519 2280 ἐναπομενόντων
3564 2213 3687 2269 τοῖς
3755 2212 3880 2261 τῶν

2203 2295 2448 2361 ποιητῶν
2479 2309 2492 2323 ⁶
2528 2291 2722 2346 ἐκεῖνοι
2754 2294 2879 2369 γὰρ,
2915 2295 3291 2369 ἀγαπήσαντες
3322 2297 3422 2366 τήν
3475 2295 3611 2367 ὕλην
3644 2296 3745 2351 καὶ
3816 2297 3889 2351 τὰ

2203 2378 2374 2450 πάθη,
2404 2380 2694 2455 ἠγάπησαν
2723 2382 2811 2437 καὶ
2841 2385 2907 2438 τά
2948 2389 3055 2439 τῶν
3114 2391 3384 2456 ποιητῶν,
3417 2387 3503 2441 καὶ
3568 2384 3887 2459 ἐναπέμει-

2202 2489 2295 2521 ναν
2325 2474 2441 2529 τοῖς
2472 2468 2687 2525 ἐκείνων
2717 2473 3150 2547 συγγράμμασιν,
3182 2473 3419 2546 ἐμπαθὲς
3448 2475 3509 2529 τὸ
3570 2480 3719 2539 θεῖον
3781 2473 3883 2530 λε-

2203 2558 2411 2631 γόντων
2448 2575 2460 2589 ·
2496 2558 2557 2612 οῦ
2588 2560 2711 2635 περὶ
2759 2559 2965 2615 τούτων
3004 2560 3131 2635 γοῦν
3184 2560 3349 2638 λέγω,
3377 2569 3484 2618 τῶν
3531 2564 3630 2632 τὴν
3682 2565 3885 2618 γτίσιν

2203 2647 2347 2722 παρά
2398 2648 2490 2703 τὸν
2546 2649 2801 2704 κτίσαντα
2874 2648 3245 2724 λατρευόντων
3280 2672 3292 2683 ·
3347 2650 3493 2707 ἀλλά
3546 2653 3637 2707 καὶ
3697 2654 3888 2715 αὐτὸς

2205 2733 2632 2814 Ἀπολλοφάνης
2666 2737 2726 2792 οὗ
2758 2736 2940 2801 καλῶς
2985 2745 3101 2803 τοῖς
3153 2740 3337 2809 θείοις,
3372 2741 3514 2816 λέγω
3544 2746 3663 2804 τοῖς
3696 2741 3885 2815 ἐμφι-

2205 2827 2465 2903 λοσόφοις
2498 2824 2681 2900 λόγοις
2728 2834 2973 2903 χρᾶται·
3008 2826 3114 2885 ἔδει
3164 2831 3264 2905 γὰρ
3315 2828 3601 2905 ἀνάγεσθαι
3674 2830 3885 2903 αὐτὸν,

2206 2923 2353 2997 εἶ’περ
2385 2923 2450 2992 ἧν
2484 2922 2699 2995 ἀληθὴς
2728 2924 3048 3005 φιλόσοφος,
3080 2927 3169 2981 καὶ
3217 2929 3253 2997 ἡ
3313 2925 3609 3005 φιλοσοφία
3658 2934 3889 3002 γνῶσις

2202 3016 2309 3067 τῶν
2345 3008 2512 3067 ὄντων
2541 3012 2680 3069 ἐστὶν
2779 3010 2906 3070 ὄντα
2937 3017 3074 3089 (64),
3106 3016 3242 3090 πρὸς
3274 3017 3364 3070 τὸν
3396 3020 3503 3071 τῶν
3556 3011 3743 3071 ὅντων
3796 3017 3890 3072 αἶ’-

2203 3121 2318 3155 τιον
2373 3102 2502 3157 Θεὸν
2554 3102 2837 3177 χρώμενον
2883 3107 2950 3169 τῆ
2991 3108 3097 3160 τῶν
3132 3100 3299 3159 ὅντων
3331 3105 3639 3180 γνώσει,ἦν
3698 3105 3890 3169 αὐτὸς

2210 3190 2303 3262 μὲν
2334 3187 2659 3268 φιλοσοφίαν
2691 3191 2867 3259 καλεῖ,
2902 3193 2929 3247 6
2980 3190 3038 3247 δὲ
3069 3197 3211 3256 θεῖος
3251 3191 3468 3257 Παῦλος
3497 3196 3630 3249 Θεοῦ
3665 3194 3886 3272 σοφίαν

458 3278 757 3346 comperta
776 3272 1217 3344 habuerim,pro
1239 3272 1445 3327 decore
1462 3250 1723 3326 veritatis
1746 3250 2091 3325 edisseram.

2207 3276 2475 3349 ἐκάλεσεν,
2508 3278 2559 3332 ἐν
2590 3283 2658 3353 τῇ
2689 3280 2824 3354 πρὸς
2858 3280 3174 3357 Κορινθίους
3220 3283 3410 3356 πρώτη
3449 3281 3675 3359 γράφων
3703 3250 3887 3339 Ἰτὲπιο

456 3375 585 3441 Ipse
612 3372 851 3443 insuper
879 3368 1337 3442 Ap0110phanem
1369 3368 1537 3424 illum
1569 3366 1785 3424 asseris
1814 3382 1879 3422 eo
1910 3364 2093 3421 male-

455 3459 717 3515 dicentia
747 3459 807 3513 in
841 3473 933 3513 me
965 3460 1397 3529 provectum,ut
1428 3471 1521 3511 me
1541 3456 1865 3512 etiamnum
1887 3468 2093 3509 vocare

454 3569 569 3607 non
592 3550 824 3605 dubitet
846 3547 1198 3619 parricidam
1224 3565 1239 3617 ;
1271 3546 1411 3617 quia
1430 3545 1698 3601 videlicet
1719 3560 1855 3617 erga
1871 3542 2093 3616 patrios

452 3642 594 3696 deos
619 3640 691 3695 ob
719 3638 1027 3708 antiquam
1055 3636 1333 3706 iniuriam
1384 3634 1665 3691 malevolo
1714 3633 1826 3689 sim
1875 3632 2088 3688 animo.

454 3726 708 3799 Sugillat
748 3741 955 3780 rursus
1004 3723 1171 3791 illud,
1219 3724 1377 3794 quod
1426 3724 1755 3778 Graecorum
1800 3719 2092 3793 dogmatis

453 3818 733 3872 adversus
764 3815 991 3870 Graecos
1015 3813 1125 3868 sim
1144 3812 1567 3883 abusus.Atqui
1587 3829 1704 3883 quo
1727 3827 1820 3865 me
1850 3810 2089 3865 nomine

452 3905 513 3961 in
537 3904 638 3973 jus
670 3906 854 3970 vocat,
878 3902 985 3957 hoc
1034 3900 1163 3971 ipso
1215 3900 1596 3955 conveniebat
1632 3900 1877 3970 justius,
1910 3896 1995 3952 illi
2028 3901 2093 3951 ut

452 3995 834 4052 inscriberem
866 3992 1080 4049 dicam.
1113 3991 1291 4047 Graeci
1320 3992 1533 4047 etenim
1564 3990 1837 4060 maxime,
1869 4004 2090 4060 praepo-

450 4089 622 4155 stere,
674 4084 792 4139 imo
842 4083 1102 4155 profane,
1143 4080 1342 4136 divina
1392 4078 1681 4152 sapientia
1729 4076 1898 4133 abusi
1927 4079 2087 4133 sunt.

448 4184 593 4239 Nam
626 4182 861 4253 quando
893 4178 1201 4236 scientiam
1233 4178 1304 4233 ab
1336 4178 1464 4250 ipso
1496 4178 1613 4233 Deo
1642 4178 1991 4246 acceperunt
2025 4178 2091 4229 ut

449 4278 633 4329 Deum
665 4270 1078 4342 glorificarent,
1111 4267 1254 4323 adeo
1282 4283 1396 4322 non
1424 4266 2007 4337 gloriﬁcaverunt,ut,
2028 4262 2088 4317 in

448 4361 637 4418 varios
671 4359 930 4433 prolapsi
962 4357 1290 4424 errores,ad
1313 4371 1514 4411 eorum
1538 4353 1879 4409 deﬂexerint
1909 4354 2093 4407 cultu-

451 4466 599 4518 ram,
633 4449 733 4520 qui
764 4448 843 4504 dii
875 4464 990 4501 non
1022 4449 1179 4500 sunt.
1216 4443 1455 4499 Interim
1488 4442 1694 4497 omitto
1726 4440 2087 4496 numerosis-

451 4539 613 4593 simae
648 4534 1052 4592 multitudinis
1084 4532 1422 4605 opinionem
1457 4546 1657 4586 eorum
1680 4530 2090 4601 qui,concretaa

2204 3364 2375 3440 στολῇ
2410 3386 2422 3399 ο
2458 3364 2643 3436 ἐπειδὴ
2670 3370 2769 3442 γάρ
2807 3368 2857 3421 ἐν
2889 3372 2957 3443 τῇ
2992 3368 3153 3444 σοφίᾳ
3181 3374 3277 3424 τοῦ
3309 3374 3443 3426 Θεοῦ
3492 3370 3589 3425 οὐκ
3640 3368 3801 3445 ἔγνω
3857 3374 3888 3427 ὁ

2199 3454 2405 3528 κόσμος
2437 3452 2525 3509 διὰ
2554 3462 2653 3525 τῆς
2686 3458 2875 3534 σοφίας
2902 3458 2993 3513 τὸν
3027 3458 3180 3529 Θεὸν,
3211 3459 3453 3514 τουτέστι
3498 3465 3597 3527 τῆς
3657 3458 3885 3536 ἐμφαι-

2197 3544 2434 3616 νομένης
2488 3548 2566 3616 τῷ
2641 3543 2949 3619 ἐναρμονίῳ
3019 3548 3108 3601 καὶ
3176 3546 3483 3623 τεταγμένῳ
3556 3554 3662 3617 τῆς
3746 3550 3883 3604 κτί-

2202 3652 2333 3693 σεως
2537 3633 2633 3686 Καὶ
2687 3632 2775 3687 τίνα
2830 3636 2906 3706 μή
2965 3634 3191 3697 τούτους
3238 3634 3531 3712 ἐλὲγχοιμι
3583 3637 3750 3712 παρᾶ
3812 3639 3883 3694 τὸ

2200 3716 2353 3789 δόξαν
2384 3718 2507 3793 ἐμοὶ
2539 3723 2801 3796 ἀρχῆθεν,
2834 3725 2921 3778 καὶ
2976 3724 3066 3778 τὸν
3119 3725 3318 3779 σκοπὸν
3371 3723 3441 3779 δι’
3471 3725 3528 3779 ’ὸν
3558 3721 3689 3780 οὔτε
3724 3727 3883 3781 κατά

2197 3809 2501 3880 Ἑλλήνιον,
2536 3808 2657 3865 οὔτε
2695 3814 2814 3875 καθ’
2842 3811 3036 3888 ἑτέρων
3099 3815 3422 3889 συνέγραψα,
3457 3810 3563 3868 ἔδει
3614 3813 3885 3871 συνιδεῖν

2197 3907 2359 3983 σοφὸν
2392 3907 2483 3962 τὸν
2504 3905 2892 3987 Ἀπολλοφάνη
2927 3906 3074 3981 ὅντα,
3101 3912 3177 3982 μή
3216 3910 3274 3965 ἂν
3306 3908 3492 3972 ἄλλως
3524 3908 3771 3967 δυνατὸν
3798 3936 3891 3989 γε·

2197 3997 2373 4059 νὲσθαι
2406 3999 2822 4071 παρατραπῆναί
2853 4020 2903 4053 τι
2933 4006 3034 4068 τῆς
3068 3996 3207 4063 ἰδίας
3252 3999 3473 4069 τάξεως,
3508 3998 3556 4053 εἷ
3610 4001 3696 4071 μὴ
3762 4002 3886 4057 ἐκί-

2196 4106 2355 4153 νησεν
2391 4085 2465 4147 είς
2494 4090 2656 4141 τοῦτο
2687 4086 2714 4140 ὁ
2747 4084 2921 4149 αἰετιος
2954 4088 3043 4142 καὶ
3093 4087 3358 4163 συνοχεῦς
3410 4089 3600 4158 αὑτοῦ,
3640 4089 3726 4151 ὡς
3791 4090 3889 4145 ἐπὶ

2198 4174 2379 4243 Ἰησοῦ
2408 4179 2505 4229 τοῦ
2556 4174 2845 4244 Ναυῆ,καῖ
2893 4180 2991 4231 τοῦ
3050 4176 3305 4251 Ἑζεχίου
3361 4175 3573 4251 ἐγένετο
3638 4176 3724 4240 εἷς
3782 4180 3886 4234 τὸν

2197 4260 2357 4330 ἥλιον
2418 4262 2507 4317 καὶ
2567 4263 2641 4326 είς
2669 4265 2767 4333 τὴν
2804 4263 3058 4335 σελήνήν.
3096 4266 3248 4327 Τέως
3282 4263 3339 4320 δὲ
3370 4264 3564 4336 ἰστέον,
3599 4266 3694 4321 ὅτι
3765 4268 3888 4323 ἀπὸ

2194 4355 2301 4407 τῶν
2360 4353 2486 4423 παρ’
2515 4351 2788 4423 Ἕλλησιν
2820 4352 3284 4429 ὁμολογουμένων
3311 4355 3408 4423 τὴν
3454 4352 3703 4425 διάταξιν
3776 4358 3885 4412 τοῦ

2197 4440 2411 4496 πάντων
2435 4440 2614 4496 αἶ’τίου
2637 4442 2985 4519 παρατίθεται
3020 4462 3033 4475 ·
3077 4445 3251 4522 φήσας
3303 4445 3432 4519 γὰρ,
3464 4443 3545 4498 ὅτι
3597 4442 3765 4516 ἄξιον
3821 4445 3891 4502 ἐκ

2196 4529 2394 4584 τούτου
2443 4529 2737 4605 ἐπιγνῶναι
2786 4532 2879 4586 τὸν
2940 4532 3202 4607 ὁροθὲτην
3257 4536 3353 4586 τοῦ
3382 4533 3579 4593 παντὸς
3612 4534 3759 4588 Θεὸν
3821 4533 3891 4589 ἐκ

451 4625 725 4695 materiae,
756 4624 915 4681 carni
947 4622 1234 4689 videlicet,
1262 4620 1746 4688 adhaerescentes,
1782 4619 2086 4675 affectibus

2207 4623 2290 4674 τοῦ
2318 4619 2409 4673 τὸν
2442 4617 2603 4687 ἥλιον
2636 4620 2723 4674 καὶ
2766 4621 2866 4689 τήν
2928 4617 3164 4691 σελήνην
3216 4620 3343 4683 τοῦς
3398 4618 3887 4695 διατεταγμένους

453 4732 685 4790 quoque
715 4715 920 4787 perciti
951 4714 1316 4770 continenter
1360 4710 1594 4767 lectioni
1626 4715 1927 4782 poetarum
1977 4710 2086 4765 im-

454 4808 778 4863 morantur.
811 4802 901 4859 Illi
935 4801 1229 4873 siquidem
1264 4817 1399 4857 cum
1450 4800 1664 4856 molem
1712 4800 1863 4855 hanc
1898 4798 2091 4855 carnis

453 4896 762 4967 diligerent
809 4890 982 4948 simul
1034 4898 1090 4946 et
1157 4890 1461 4961 passiones
1511 4888 1674 4945 carni
1731 4887 2089 4959 congenitas,

453 4980 887 5039 commentitias
935 4978 1166 5035 fabulas
1223 4982 1527 5050 poetarum
1572 4977 1754 5033 nimio
1805 4975 2092 5048 complexi

453 5088 668 5137 amore,
697 5070 936 5126 illorum
965 5067 1202 5124 lectioni
1231 5066 1406 5121 fixius
1436 5065 2089 5134 inhaeserunt,asseren-

452 5160 597 5215 tium
628 5174 846 5214 numen
873 5155 1019 5211 illud
1050 5154 1228 5210 etiam
1260 5153 1421 5223 tangi
1454 5152 1863 5209 aﬂ'ectibus.De
1886 5152 1980 5207 his
2001 5151 2089 5206 ni-

448 5246 527 5301 hil
563 5247 657 5301 hic
684 5247 991 5317 attingam,
1025 5242 1126 5314 qui
1157 5246 1456 5308 creaturae,
1496 5242 1758 5313 neglecto
1806 5246 2085 5309 creatore,

446 5344 837 5400 venerabilem
868 5342 1103 5399 latriam
1135 5340 1411 5396 exhibent
1435 5339 1622 5411 impii.
1657 5344 1731 5394 At
1760 5344 1915 5396 certe
1963 5340 2089 5412 ipse

448 5434 775 5489 etiamnum
807 5433 956 5488 257
990 5429 1425 5502 Apollophanes
1454 5429 1691 5497 divinis,
1720 5429 2085 5500 iis,inquam,

450 5538 577 5593 qua
609 5520 895 5577 naturalis
928 5518 1309 5591 philosophia
1341 5518 1663 5575 rationibus
1694 5518 2087 5588 nituntur,se—

448 5628 551 5667 cus
582 5610 769 5667 utitur
796 5612 970 5681 atque
1001 5608 1185 5664 decet.
1228 5608 1543 5681 Oportebat
1584 5623 1726 5665 sane
1756 5608 1970 5680 surrigi
1998 5608 2087 5681 ip-

447 5717 579 5760 sum
609 5699 903 5774 siquidem
927 5714 1102 5755 verus
1133 5696 1211 5754 sit
1230 5696 1703 5771 philosophus,et
1718 5696 2087 5771 philosophia

2200 4715 2299 4777 τῆς
2334 4708 2542 4782 ἡμέρας
2566 4706 2779 4783 τρέχειν
2826 4707 3009 4785 ὅρους,
3054 4708 3145 4763 καὶ
3193 4715 3273 4782 τῷ
3323 4709 3482 4765 παντί
3533 4713 3632 4764 τοῦ
3688 4711 3886 4787 οὖρα-

2200 4800 2296 4851 νοῦ
2325 4793 2516 4869 κύκλῳ
2547 4797 2946 4871 συμπεριθέειν,
2972 4796 3191 4874 ἐλέγχει
3220 4803 3410 4854 τοῦτον
3442 4801 3555 4873 (66)
3590 4800 3675 4871 μὴ
3706 4802 3888 4875 γνὸν·

2200 4906 2263 4939 τα
2312 4884 2371 4939 ἐκ
2415 4883 2622 4939 τούτων
2680 4883 2820 4959 μηδὲ
2866 4882 3157 4960 σεϐόμενον
3208 4889 3297 4942 τὸν
3328 4885 3696 4963 δημιουργόν.
3738 4896 3888 4953 Πῶς

2201 4983 2291 5051 οῦν
2326 4983 2427 5037 οὐκ
2457 4980 2682 5058 ἅγασται
2713 4982 2803 5038 καὶ
2853 4982 3025 5059 λέγων
3076 4984 3166 5038 καὶ
3216 4985 3375 5047 οὗτος
3430 4986 3521 5040 τὸν
3568 4984 3705 5040 Θεὸν
3764 4995 3885 5058 τῆς

2198 5070 2485 5126 παναιτίου
2560 5072 2648 5126 καὶ
2732 5071 2972 5148 ἀρῥήτου
3042 5069 3358 5146 δυνάμεως;
3420 5077 3885 5147 Ἀναμιμνήσκει

2198 5166 2327 5236 γοῦν
2382 5161 2472 5215 τὸν
2530 5161 2679 5236 ἅγιον
2741 5158 3103 5237 Πολύκαρπον
3159 5169 3260 5230 τῆς
3315 5163 3451 5217 κατὰ
3483 5165 3700 5232 Ἰησοῦν
3767 5170 3884 5221 τοῦ

2199 5256 2347 5320 Ναυῆ
2406 5247 2789 5321 ἱστορίας,⁹ίνα
2835 5250 3036 5320 ταύτην
3087 5251 3328 5324 ἂντιτιθῇ
3386 5256 3464 5322 τῷ
3499 5250 3883 5331 Ἀπολλοφά-

2197 5360 2297 5395 νει.
2330 5339 2504 5409 Φησὶν
2562 5338 2652 5392 οὗν
2686 5355 2700 5371 ⁸
2736 5338 2870 5396 Είπὶ
2917 5340 3067 5411 αὐτῷ
3103 5358 3115 5372 ·
3157 5342 3309 5396 Μάθε
3354 5344 3468 5401 πῶς
3498 5340 3526 5393 6
3567 5341 3699 5402 Θεὸς
3770 5344 3879 5397 τὸν

2196 5426 2357 5496 ἥλιον
2390 5427 2479 5482 καὶ
2508 5428 2606 5497 τήν
2641 5428 2877 5499 σελήνην
2908 5427 3043 5483 κατὰ
3074 5426 3362 5505 διάμετρον
3396 5424 3555 5491 ὄντας
3585 5429 3710 5483 τότε
3774 5428 3883 5486 ἄν-

2192 5537 2380 5592 τικρυς
2412 5513 2707 5586 ἀλλήλων,
2730 5514 2996 5591 δυομένου
3028 5515 3138 5589 ἤδη
3170 5522 3266 5573 τοῦ
3296 5517 3488 5589 ἡλίου,
3514 5512 3741 5588 ἔστησεν
3773 5518 3881 5574 ἐπὶ

2192 5610 2289 5661 τοῦ
2316 5604 2490 5662 τόπου
2517 5603 2644 5667 τοὺς
2677 5612 2991 5683 φωστῆρας,
3024 5608 3208 5662 στάσιν
3258 5607 3379 5661 τινὰ
3427 5605 3563 5660 κατὰ
3614 5602 3880 5679 δύναμιν

2195 5696 2394 5775 ἄφατον
2424 5698 2522 5751 τοῦ
2554 5693 2730 5750 αἰτίου
2762 5694 2938 5751 αὐτῶν
2971 5700 3106 5753 Θεοῦ
3138 5714 3153 5729 ο
3186 5695 3274 5751 καὶ
3302 5693 3430 5762 ἔστη
3462 5695 3526 5751 τὸ
3568 5700 3672 5751 πᾶν
3726 5695 3885 5751 ἀχί-
