  <div class='ocr_page' id='page_1' title='image "/cluster/home/n/w/nwhite01/storage/ocr_20150623/4/mdp.39015078384529/238.png"; bbox 0 0 4062 6366; ppageno 0'>
   <div class='ocr_carea' id='block_1_1' title="bbox 183 436 2745 496">
    <p class='ocr_par' dir='ltr' id='par_1_1' title="bbox 183 436 2745 496">
     <span class='ocr_line' id='line_1_1' title="bbox 183 436 2745 496; baseline -0.002 -1"><span class='ocrx_word' id='word_1_1' title='bbox 183 442 266 496; x_wconf 75' lang='grc'>457</span> <span class='ocrx_word' id='word_1_2' title='bbox 953 437 1413 493; x_wconf 69' lang='lat' dir='ltr'>PACHYMERE</span> <span class='ocrx_word' id='word_1_3' title='bbox 1452 436 1961 489; x_wconf 75' lang='lat' dir='ltr'>PARAPHRASIS</span> <span class='ocrx_word' id='word_1_4' title='bbox 1998 437 2072 491; x_wconf 89' lang='lat' dir='ltr'>IN</span> <span class='ocrx_word' id='word_1_5' title='bbox 2110 436 2266 490; x_wconf 87' lang='lat' dir='ltr'>EPP.</span> <span class='ocrx_word' id='word_1_6' title='bbox 2308 437 2367 491; x_wconf 88' lang='lat' dir='ltr'>S.</span> <span class='ocrx_word' id='word_1_7' title='bbox 2409 436 2745 491; x_wconf 83' lang='lat' dir='ltr'>DIONYSlI.</span> 
     </span>
    </p>
   </div>
   <div class='ocr_carea' id='block_1_2' title="bbox 3449 435 3561 488">
    <p class='ocr_par' dir='ltr' id='par_1_2' title="bbox 3449 435 3561 488">
     <span class='ocr_line' id='line_1_2' title="bbox 3449 435 3561 488; baseline 0 0"><span class='ocrx_word' id='word_1_8' title='bbox 3449 435 3561 488; x_wconf 81' lang='grc'>458</span> 
     </span>
    </p>
   </div>
   <div class='ocr_carea' id='block_1_3' title="bbox 184 554 1802 635">
    <p class='ocr_par' dir='ltr' id='par_1_3' title="bbox 184 554 1800 635">
     <span class='ocr_line' id='line_1_3' title="bbox 184 554 1800 635; baseline -0.005 -18"><span class='ocrx_word' id='word_1_9' title='bbox 184 581 320 632; x_wconf 78' lang='grc' dir='ltr'>νητον</span> <span class='ocrx_word' id='word_1_10' title='bbox 353 556 481 632; x_wconf 75' lang='grc' dir='ltr'>μετὰ</span> <span class='ocrx_word' id='word_1_11' title='bbox 507 561 616 615; x_wconf 76' lang='grc' dir='ltr'>τῶν</span> <span class='ocrx_word' id='word_1_12' title='bbox 652 554 745 612; x_wconf 77' lang='grc' dir='ltr'>δύο</span> <span class='ocrx_word' id='word_1_13' title='bbox 807 558 1109 635; x_wconf 74' lang='grc' dir='ltr'>φωστήρων</span> <span class='ocrx_word' id='word_1_14' title='bbox 1137 577 1148 591; x_wconf 99' lang='grc'>⁸</span> <span class='ocrx_word' id='word_1_15' title='bbox 1179 555 1301 613; x_wconf 70' lang='grc' dir='ltr'>οὕτε</span> <span class='ocrx_word' id='word_1_16' title='bbox 1357 558 1457 633; x_wconf 84' lang='grc' dir='ltr'>γὰρ</span> <span class='ocrx_word' id='word_1_17' title='bbox 1494 556 1520 610; x_wconf 83' lang='lat'>6</span> <span class='ocrx_word' id='word_1_18' title='bbox 1552 554 1800 630; x_wconf 83' lang='grc' dir='ltr'>οὐρανὸς,</span> 
     </span>
    </p>
   </div>
   <div class='ocr_carea' id='block_1_4' title="bbox 1914 554 3561 635">
    <p class='ocr_par' dir='ltr' id='par_1_4' title="bbox 1914 558 3561 632">
     <span class='ocr_line' id='line_1_4' title="bbox 1914 558 3561 632; baseline 0.001 -20"><span class='ocrx_word' id='word_1_19' title='bbox 1914 558 1991 613; x_wconf 90' lang='lat' dir='ltr'>sit</span> <span class='ocrx_word' id='word_1_20' title='bbox 2018 574 2212 615; x_wconf 83' lang='lat' dir='ltr'>rerum</span> <span class='ocrx_word' id='word_1_21' title='bbox 2245 560 2610 617; x_wconf 87' lang='lat' dir='ltr'>conditarum</span> <span class='ocrx_word' id='word_1_22' title='bbox 2666 559 2941 632; x_wconf 87' lang='lat' dir='ltr'>cognitio,</span> <span class='ocrx_word' id='word_1_23' title='bbox 2974 564 3260 631; x_wconf 83' lang='lat' dir='ltr'>quatenus</span> <span class='ocrx_word' id='word_1_24' title='bbox 3293 563 3453 625; x_wconf 90' lang='lat' dir='ltr'>sunt,</span> <span class='ocrx_word' id='word_1_25' title='bbox 3488 560 3561 615; x_wconf 92' lang='lat' dir='ltr'>ad</span> 
     </span>
    </p>
   </div>
   <div class='ocr_carea' id='block_1_5' title="bbox 186 644 1801 722">
    <p class='ocr_par' dir='ltr' id='par_1_5' title="bbox 186 644 1801 722">
     <span class='ocr_line' id='line_1_5' title="bbox 186 644 1801 722; baseline -0.005 -16"><span class='ocrx_word' id='word_1_26' title='bbox 186 649 285 707; x_wconf 74' lang='grc' dir='ltr'>οὕτε</span> <span class='ocrx_word' id='word_1_27' title='bbox 320 650 369 704; x_wconf 75' lang='grc' dir='ltr'>οἱ</span> <span class='ocrx_word' id='word_1_28' title='bbox 412 646 599 702; x_wconf 80' lang='grc' dir='ltr'>λοιποὶ</span> <span class='ocrx_word' id='word_1_29' title='bbox 650 648 865 722; x_wconf 78' lang='grc' dir='ltr'>ἀστέρες</span> <span class='ocrx_word' id='word_1_30' title='bbox 912 647 1295 722; x_wconf 85' lang='grc' dir='ltr'>περιεπόλουν,</span> <span class='ocrx_word' id='word_1_31' title='bbox 1331 644 1477 701; x_wconf 75' lang='grc' dir='ltr'>ἀλλὰ</span> <span class='ocrx_word' id='word_1_32' title='bbox 1524 647 1801 715; x_wconf 77' lang='grc' dir='ltr'>συνειστή-</span> 
     </span>
    </p>
   </div>
   <div class='ocr_carea' id='block_1_6' title="bbox 183 734 1803 815">
    <p class='ocr_par' dir='ltr' id='par_1_6' title="bbox 183 734 1803 815">
     <span class='ocr_line' id='line_1_6' title="bbox 183 734 1803 815; baseline -0.003 -21"><span class='ocrx_word' id='word_1_33' title='bbox 183 759 334 796; x_wconf 82' lang='grc' dir='ltr'>κεισαν</span> <span class='ocrx_word' id='word_1_34' title='bbox 387 742 501 800; x_wconf 81' lang='grc' dir='ltr'>τοῖς</span> <span class='ocrx_word' id='word_1_35' title='bbox 562 734 683 791; x_wconf 81' lang='grc' dir='ltr'>δυσὶ</span> <span class='ocrx_word' id='word_1_36' title='bbox 743 743 1024 815; x_wconf 73' lang='grc' dir='ltr'>φωστῆρσι</span> <span class='ocrx_word' id='word_1_37' title='bbox 1058 755 1071 769; x_wconf 93' lang='grc'>⁸</span> <span class='ocrx_word' id='word_1_38' title='bbox 1108 740 1269 791; x_wconf 77' lang='grc' dir='ltr'>τοῦτο</span> <span class='ocrx_word' id='word_1_39' title='bbox 1301 737 1400 813; x_wconf 82' lang='grc' dir='ltr'>γάρ</span> <span class='ocrx_word' id='word_1_40' title='bbox 1434 734 1573 789; x_wconf 83' lang='grc' dir='ltr'>ἐστιν</span> <span class='ocrx_word' id='word_1_41' title='bbox 1608 754 1619 766; x_wconf 96' lang='grc'>⁸</span> <span class='ocrx_word' id='word_1_42' title='bbox 1653 737 1803 807; x_wconf 81' lang='grc' dir='ltr'>’Ἅμα</span> 
     </span>
    </p>
   </div>
   <div class='ocr_carea' id='block_1_7' title="bbox 152 822 1803 901">
    <p class='ocr_par' dir='ltr' id='par_1_7' title="bbox 152 822 1803 901">
     <span class='ocr_line' id='line_1_7' title="bbox 152 822 1803 901; baseline -0.005 -17"><span class='ocrx_word' id='word_1_43' title='bbox 152 835 244 885; x_wconf 84' lang='grc' dir='ltr'>’τῶ</span> <span class='ocrx_word' id='word_1_44' title='bbox 294 828 443 881; x_wconf 86' lang='grc' dir='ltr'>παντὶ</span> <span class='ocrx_word' id='word_1_45' title='bbox 502 826 639 901; x_wconf 83' lang='grc' dir='ltr'>πρὸς</span> <span class='ocrx_word' id='word_1_46' title='bbox 692 826 752 879; x_wconf 87' lang='grc' dir='ltr'>τὸ</span> <span class='ocrx_word' id='word_1_47' title='bbox 809 822 984 894; x_wconf 71' lang='grc' dir='ltr'>πάντη</span> <span class='ocrx_word' id='word_1_48' title='bbox 1046 826 1296 895; x_wconf 86' lang='grc' dir='ltr'>ἀκίνητον</span> <span class='ocrx_word' id='word_1_49' title='bbox 1358 826 1667 898; x_wconf 84' lang='grc' dir='ltr'>ὁρίζωνται,</span> <span class='ocrx_word' id='word_1_50' title='bbox 1730 825 1803 886; x_wconf 86' lang='grc' dir='ltr'>ὡς</span> 
     </span>
    </p>
   </div>
   <div class='ocr_carea' id='block_1_8' title="bbox 186 910 1798 993">
    <p class='ocr_par' dir='ltr' id='par_1_8' title="bbox 186 910 1798 993">
     <span class='ocr_line' id='line_1_8' title="bbox 186 910 1798 993; baseline -0.002 -23"><span class='ocrx_word' id='word_1_51' title='bbox 186 919 447 993; x_wconf 70' lang='grc' dir='ltr'>γενηθῆναι</span> <span class='ocrx_word' id='word_1_52' title='bbox 486 914 681 988; x_wconf 86' lang='grc' dir='ltr'>μέτρον</span> <span class='ocrx_word' id='word_1_53' title='bbox 711 914 920 988; x_wconf 78' lang='grc' dir='ltr'>ἡμέρας</span> <span class='ocrx_word' id='word_1_54' title='bbox 955 912 1115 985; x_wconf 80' lang='grc' dir='ltr'>ὅλης,</span> <span class='ocrx_word' id='word_1_55' title='bbox 1149 912 1404 984; x_wconf 82' lang='grc' dir='ltr'>δηλονότι</span> <span class='ocrx_word' id='word_1_56' title='bbox 1448 910 1798 985; x_wconf 80' lang='grc' dir='ltr'>δωδεκάωρον</span> 
     </span>
    </p>
   </div>
   <div class='ocr_carea' id='block_1_9' title="bbox 188 1001 1799 1077">
    <p class='ocr_par' dir='ltr' id='par_1_9' title="bbox 188 1001 1799 1077">
     <span class='ocr_line' id='line_1_9' title="bbox 188 1001 1799 1077; baseline -0.004 -17"><span class='ocrx_word' id='word_1_57' title='bbox 188 1006 451 1077; x_wconf 78' lang='grc' dir='ltr'>διάστημα,</span> <span class='ocrx_word' id='word_1_58' title='bbox 485 1003 535 1058; x_wconf 82' lang='grc' dir='ltr'>έν</span> <span class='ocrx_word' id='word_1_59' title='bbox 570 1006 681 1075; x_wconf 84' lang='grc' dir='ltr'>δσῳ</span> <span class='ocrx_word' id='word_1_60' title='bbox 706 1002 925 1057; x_wconf 76' lang='grc' dir='ltr'>⁹ίσταντο</span> <span class='ocrx_word' id='word_1_61' title='bbox 960 1003 1046 1057; x_wconf 76' lang='grc' dir='ltr'>ἐπὶ</span> <span class='ocrx_word' id='word_1_62' title='bbox 1078 1007 1185 1057; x_wconf 80' lang='grc' dir='ltr'>τῶν</span> <span class='ocrx_word' id='word_1_63' title='bbox 1217 1002 1390 1057; x_wconf 79' lang='grc' dir='ltr'>αὐτῶν</span> <span class='ocrx_word' id='word_1_64' title='bbox 1421 1001 1661 1074; x_wconf 91' lang='grc' dir='ltr'>σημείων</span> <span class='ocrx_word' id='word_1_65' title='bbox 1713 1001 1799 1055; x_wconf 82' lang='grc' dir='ltr'>καὶ</span> 
     </span>
    </p>
   </div>
   <div class='ocr_carea' id='block_1_10' title="bbox 189 1089 1805 1170">
    <p class='ocr_par' dir='ltr' id='par_1_10' title="bbox 189 1089 1805 1170">
     <span class='ocr_line' id='line_1_10' title="bbox 189 1089 1805 1170; baseline -0.003 -21"><span class='ocrx_word' id='word_1_66' title='bbox 189 1098 227 1150; x_wconf 68' lang='lat' dir='ltr'>0i.</span> <span class='ocrx_word' id='word_1_67' title='bbox 255 1096 522 1170; x_wconf 77' lang='grc' dir='ltr'>φωστῆρες</span> <span class='ocrx_word' id='word_1_68' title='bbox 556 1092 646 1146; x_wconf 76' lang='grc' dir='ltr'>καὶ</span> <span class='ocrx_word' id='word_1_69' title='bbox 675 1093 737 1146; x_wconf 87' lang='grc' dir='ltr'>τὸ</span> <span class='ocrx_word' id='word_1_70' title='bbox 769 1098 890 1147; x_wconf 81' lang='grc' dir='ltr'>πᾶν.</span> <span class='ocrx_word' id='word_1_71' title='bbox 924 1094 1046 1149; x_wconf 73' lang='grc' dir='ltr'>’Ὁτι</span> <span class='ocrx_word' id='word_1_72' title='bbox 1101 1089 1157 1146; x_wconf 67' lang='grc' dir='ltr'>δὶ</span> <span class='ocrx_word' id='word_1_73' title='bbox 1197 1089 1586 1160; x_wconf 79' lang='grc' dir='ltr'>έδιπλασιοὶσοη</span> <span class='ocrx_word' id='word_1_74' title='bbox 1615 1093 1649 1159; x_wconf 86' lang='grc' dir='ltr'>ἡ</span> <span class='ocrx_word' id='word_1_75' title='bbox 1683 1090 1805 1144; x_wconf 86' lang='grc' dir='ltr'>τότε</span> 
     </span>
    </p>
   </div>
   <div class='ocr_carea' id='block_1_11' title="bbox 187 1178 1802 1259">
    <p class='ocr_par' dir='ltr' id='par_1_11' title="bbox 187 1178 1802 1259">
     <span class='ocr_line' id='line_1_11' title="bbox 187 1178 1802 1259; baseline -0.003 -22"><span class='ocrx_word' id='word_1_76' title='bbox 187 1184 357 1259; x_wconf 81' lang='grc' dir='ltr'>ἡμέρα,</span> <span class='ocrx_word' id='word_1_77' title='bbox 413 1186 596 1259; x_wconf 76' lang='grc' dir='ltr'>σαιρῶς</span> <span class='ocrx_word' id='word_1_78' title='bbox 659 1203 822 1255; x_wconf 81' lang='grc' dir='ltr'>φησιν</span> <span class='ocrx_word' id='word_1_79' title='bbox 878 1183 1091 1249; x_wconf 74' lang='grc' dir='ltr'>Ἰησοῦς</span> <span class='ocrx_word' id='word_1_80' title='bbox 1143 1181 1170 1234; x_wconf 86' lang='lat'>6</span> <span class='ocrx_word' id='word_1_81' title='bbox 1227 1184 1323 1235; x_wconf 88' lang='lat'>:06</span> <span class='ocrx_word' id='word_1_82' title='bbox 1385 1181 1564 1254; x_wconf 81' lang='grc' dir='ltr'>Σιρὰχ</span> <span class='ocrx_word' id='word_1_83' title='bbox 1619 1178 1669 1233; x_wconf 82' lang='grc' dir='ltr'>ἐν</span> <span class='ocrx_word' id='word_1_84' title='bbox 1722 1184 1802 1251; x_wconf 82' lang='grc' dir='ltr'>τῷ</span> 
     </span>
    </p>
   </div>
   <div class='ocr_carea' id='block_1_12' title="bbox 188 1269 1797 1347">
    <p class='ocr_par' dir='ltr' id='par_1_12' title="bbox 188 1269 1797 1347">
     <span class='ocr_line' id='line_1_12' title="bbox 188 1269 1797 1347; baseline -0.002 -20"><span class='ocrx_word' id='word_1_85' title='bbox 188 1276 315 1347; x_wconf 83' lang='grc' dir='ltr'>ὕμνῳ</span> <span class='ocrx_word' id='word_1_86' title='bbox 341 1277 443 1327; x_wconf 80' lang='grc' dir='ltr'>τῶν</span> <span class='ocrx_word' id='word_1_87' title='bbox 472 1273 719 1347; x_wconf 76' lang='grc' dir='ltr'>πατέρων</span> <span class='ocrx_word' id='word_1_88' title='bbox 759 1292 770 1304; x_wconf 98' lang='grc'>⁸</span> <span class='ocrx_word' id='word_1_89' title='bbox 806 1270 1249 1346; x_wconf 67' lang='grc' dir='ltr'>εἶκοσιτεσσάρων</span> <span class='ocrx_word' id='word_1_90' title='bbox 1282 1272 1381 1347; x_wconf 76' lang='grc' dir='ltr'>γὰρ</span> <span class='ocrx_word' id='word_1_91' title='bbox 1426 1270 1581 1344; x_wconf 78' lang='grc' dir='ltr'>ὡρῶν</span> <span class='ocrx_word' id='word_1_92' title='bbox 1627 1273 1662 1340; x_wconf 87' lang='grc' dir='ltr'>ἡ</span> <span class='ocrx_word' id='word_1_93' title='bbox 1713 1269 1797 1324; x_wconf 75' lang='grc' dir='ltr'>ἐπὶ</span> 
     </span>
    </p>
   </div>
   <div class='ocr_carea' id='block_1_13' title="bbox 185 1358 1799 1435">
    <p class='ocr_par' dir='ltr' id='par_1_13' title="bbox 185 1358 1799 1435">
     <span class='ocr_line' id='line_1_13' title="bbox 185 1358 1799 1435; baseline -0.003 -17"><span class='ocrx_word' id='word_1_94' title='bbox 185 1368 262 1418; x_wconf 86' lang='lat'>:06</span> <span class='ocrx_word' id='word_1_95' title='bbox 290 1364 461 1432; x_wconf 84' lang='grc' dir='ltr'>Ἰησοῦ</span> <span class='ocrx_word' id='word_1_96' title='bbox 520 1362 642 1416; x_wconf 71' lang='grc' dir='ltr'>υἱοῦ</span> <span class='ocrx_word' id='word_1_97' title='bbox 703 1362 851 1430; x_wconf 75' lang='grc' dir='ltr'>Ναυῆ</span> <span class='ocrx_word' id='word_1_98' title='bbox 902 1360 1084 1435; x_wconf 76' lang='grc' dir='ltr'>ἡμέρα</span> <span class='ocrx_word' id='word_1_99' title='bbox 1134 1359 1308 1430; x_wconf 83' lang='grc' dir='ltr'>ἐκείνη</span> <span class='ocrx_word' id='word_1_100' title='bbox 1360 1358 1590 1433; x_wconf 82' lang='grc' dir='ltr'>ἐγένετο,</span> <span class='ocrx_word' id='word_1_101' title='bbox 1620 1360 1799 1422; x_wconf 85' lang='grc' dir='ltr'>καθὼς</span> 
     </span>
    </p>
   </div>
   <div class='ocr_carea' id='block_1_14' title="bbox 186 1446 1797 1525">
    <p class='ocr_par' dir='ltr' id='par_1_14' title="bbox 186 1446 1797 1525">
     <span class='ocr_line' id='line_1_14' title="bbox 186 1446 1797 1525; baseline -0.003 -19"><span class='ocrx_word' id='word_1_102' title='bbox 186 1452 319 1512; x_wconf 75' lang='grc' dir='ltr'>αὐτὸς</span> <span class='ocrx_word' id='word_1_103' title='bbox 351 1448 645 1519; x_wconf 69' lang='grc' dir='ltr'>ἐδήλωσεν.</span> <span class='ocrx_word' id='word_1_104' title='bbox 671 1448 735 1503; x_wconf 73' lang='lat' dir='ltr'>Ei</span> <span class='ocrx_word' id='word_1_105' title='bbox 770 1447 827 1503; x_wconf 72' lang='grc' dir='ltr'>δὲ</span> <span class='ocrx_word' id='word_1_106' title='bbox 884 1448 1025 1503; x_wconf 78' lang='grc' dir='ltr'>εἶ’ποι</span> <span class='ocrx_word' id='word_1_107' title='bbox 1059 1448 1507 1525; x_wconf 67' lang='grc' dir='ltr'>Ἀπολλοφάνης,</span> <span class='ocrx_word' id='word_1_108' title='bbox 1540 1446 1797 1503; x_wconf 85' lang='grc' dir='ltr'>ἀδύνατον</span> 
     </span>
    </p>
   </div>
   <div class='ocr_carea' id='block_1_15' title="bbox 186 1536 1797 1614">
    <p class='ocr_par' dir='ltr' id='par_1_15' title="bbox 186 1536 1797 1614">
     <span class='ocr_line' id='line_1_15' title="bbox 186 1536 1797 1614; baseline -0.002 -21"><span class='ocrx_word' id='word_1_109' title='bbox 186 1539 351 1608; x_wconf 84' lang='grc' dir='ltr'>στῆναί</span> <span class='ocrx_word' id='word_1_110' title='bbox 406 1559 536 1593; x_wconf 83' lang='grc' dir='ltr'>ποτε</span> <span class='ocrx_word' id='word_1_111' title='bbox 591 1539 682 1593; x_wconf 80' lang='grc' dir='ltr'>τὸν</span> <span class='ocrx_word' id='word_1_112' title='bbox 745 1537 1017 1614; x_wconf 81' lang='grc' dir='ltr'>οὐρανὸν),</span> <span class='ocrx_word' id='word_1_113' title='bbox 1051 1536 1357 1607; x_wconf 79' lang='grc' dir='ltr'>ἀεικίνητος</span> <span class='ocrx_word' id='word_1_114' title='bbox 1385 1538 1535 1611; x_wconf 82' lang='grc' dir='ltr'>γάρ.)</span> <span class='ocrx_word' id='word_1_115' title='bbox 1562 1536 1797 1611; x_wconf 85' lang='grc' dir='ltr'>ἀπόκρι-</span> 
     </span>
    </p>
   </div>
   <div class='ocr_carea' id='block_1_16' title="bbox 182 1624 1797 1698">
    <p class='ocr_par' dir='ltr' id='par_1_16' title="bbox 182 1624 1797 1698">
     <span class='ocr_line' id='line_1_16' title="bbox 182 1624 1797 1698; baseline -0.002 -16"><span class='ocrx_word' id='word_1_116' title='bbox 182 1651 250 1683; x_wconf 84' lang='grc' dir='ltr'>ναι</span> <span class='ocrx_word' id='word_1_117' title='bbox 278 1627 430 1698; x_wconf 69' lang='grc' dir='ltr'>αὐτῷ,</span> <span class='ocrx_word' id='word_1_118' title='bbox 465 1625 547 1681; x_wconf 78' lang='grc' dir='ltr'>ὅτι</span> <span class='ocrx_word' id='word_1_119' title='bbox 578 1631 739 1681; x_wconf 78' lang='grc' dir='ltr'>τοῦτο</span> <span class='ocrx_word' id='word_1_120' title='bbox 774 1624 989 1698; x_wconf 76' lang='grc' dir='ltr'>μᾶλλον</span> <span class='ocrx_word' id='word_1_121' title='bbox 1038 1627 1498 1698; x_wconf 88' lang='grc' dir='ltr'>θαυμασιώτερον,</span> <span class='ocrx_word' id='word_1_122' title='bbox 1530 1626 1621 1679; x_wconf 85' lang='grc' dir='ltr'>καὶ</span> <span class='ocrx_word' id='word_1_123' title='bbox 1668 1630 1797 1680; x_wconf 87' lang='lat'>:06-</span> 
     </span>
    </p>
   </div>
   <div class='ocr_carea' id='block_1_17' title="bbox 179 1714 1794 1791">
    <p class='ocr_par' dir='ltr' id='par_1_17' title="bbox 179 1714 1794 1791">
     <span class='ocr_line' id='line_1_17' title="bbox 179 1714 1794 1791; baseline -0.001 -21"><span class='ocrx_word' id='word_1_124' title='bbox 179 1739 228 1771; x_wconf 90' lang='lat'>:0</span> <span class='ocrx_word' id='word_1_125' title='bbox 256 1714 349 1770; x_wconf 76' lang='grc' dir='ltr'>ἕόει</span> <span class='ocrx_word' id='word_1_126' title='bbox 381 1737 436 1770; x_wconf 88' lang='grc' dir='ltr'>σε</span> <span class='ocrx_word' id='word_1_127' title='bbox 466 1715 785 1791; x_wconf 80' lang='grc' dir='ltr'>έπιστρέψαι</span> <span class='ocrx_word' id='word_1_128' title='bbox 830 1717 965 1788; x_wconf 83' lang='grc' dir='ltr'>πρὸς</span> <span class='ocrx_word' id='word_1_129' title='bbox 995 1716 1086 1769; x_wconf 85' lang='grc' dir='ltr'>τὸν</span> <span class='ocrx_word' id='word_1_130' title='bbox 1147 1714 1327 1785; x_wconf 79' lang='grc' dir='ltr'>ἀληθῆ</span> <span class='ocrx_word' id='word_1_131' title='bbox 1379 1715 1532 1786; x_wconf 83' lang='grc' dir='ltr'>Θεὸν,</span> <span class='ocrx_word' id='word_1_132' title='bbox 1563 1715 1650 1769; x_wconf 87' lang='grc' dir='ltr'>καὶ</span> <span class='ocrx_word' id='word_1_133' title='bbox 1697 1716 1794 1782; x_wconf 75' lang='grc' dir='ltr'>τήν</span> 
     </span>
    </p>
   </div>
   <div class='ocr_carea' id='block_1_18' title="bbox 180 1803 1796 1878">
    <p class='ocr_par' dir='ltr' id='par_1_18' title="bbox 180 1803 1796 1878">
     <span class='ocr_line' id='line_1_18' title="bbox 180 1803 1796 1878; baseline -0.001 -19"><span class='ocrx_word' id='word_1_134' title='bbox 180 1805 285 1877; x_wconf 77' lang='grc' dir='ltr'>περὶ</span> <span class='ocrx_word' id='word_1_135' title='bbox 334 1803 493 1859; x_wconf 74' lang='grc' dir='ltr'>αὐτοῦ</span> <span class='ocrx_word' id='word_1_136' title='bbox 535 1809 733 1878; x_wconf 77' lang='grc' dir='ltr'>γνῶσιν</span> <span class='ocrx_word' id='word_1_137' title='bbox 763 1824 775 1836; x_wconf 88' lang='grc'>⁸</span> <span class='ocrx_word' id='word_1_138' title='bbox 813 1804 960 1877; x_wconf 80' lang='grc' dir='ltr'>εἷ’περ</span> <span class='ocrx_word' id='word_1_139' title='bbox 995 1806 1022 1859; x_wconf 87' lang='lat'>6</span> <span class='ocrx_word' id='word_1_140' title='bbox 1057 1804 1152 1871; x_wconf 73' lang='grc' dir='ltr'>μὶν</span> <span class='ocrx_word' id='word_1_141' title='bbox 1200 1803 1371 1864; x_wconf 84' lang='grc' dir='ltr'>πόλος</span> <span class='ocrx_word' id='word_1_142' title='bbox 1426 1806 1720 1876; x_wconf 77' lang='grc' dir='ltr'>περιήγετο</span> <span class='ocrx_word' id='word_1_143' title='bbox 1769 1806 1796 1858; x_wconf 97' lang='lat'>6</span> 
     </span>
    </p>
   </div>
   <div class='ocr_carea' id='block_1_19' title="bbox 1912 650 3559 721">
    <p class='ocr_par' dir='ltr' id='par_1_19' title="bbox 1912 650 3559 721">
     <span class='ocr_line' id='line_1_19' title="bbox 1912 650 3559 721; baseline 0.001 -20"><span class='ocrx_word' id='word_1_144' title='bbox 1912 664 2106 703; x_wconf 89' lang='lat' dir='ltr'>rerum</span> <span class='ocrx_word' id='word_1_145' title='bbox 2142 654 2438 704; x_wconf 81' lang='lat' dir='ltr'>auctorem</span> <span class='ocrx_word' id='word_1_146' title='bbox 2472 654 2654 703; x_wconf 91' lang='lat' dir='ltr'>Deum</span> <span class='ocrx_word' id='word_1_147' title='bbox 2684 665 2879 703; x_wconf 82' lang='lat' dir='ltr'>rerum</span> <span class='ocrx_word' id='word_1_148' title='bbox 2902 650 3232 721; x_wconf 91' lang='lat' dir='ltr'>cognitione</span> <span class='ocrx_word' id='word_1_149' title='bbox 3261 653 3559 717; x_wconf 84' lang='lat' dir='ltr'>utentem;</span> 
     </span>
    </p>
   </div>
   <div class='ocr_carea' id='block_1_20' title="bbox 1910 736 3559 809">
    <p class='ocr_par' dir='ltr' id='par_1_20' title="bbox 1910 736 3559 809">
     <span class='ocr_line' id='line_1_20' title="bbox 1910 736 3559 809; baseline 0.002 -19"><span class='ocrx_word' id='word_1_150' title='bbox 1910 753 2087 807; x_wconf 89' lang='lat' dir='ltr'>quam</span> <span class='ocrx_word' id='word_1_151' title='bbox 2122 738 2244 809; x_wconf 89' lang='lat' dir='ltr'>ipse</span> <span class='ocrx_word' id='word_1_152' title='bbox 2271 739 2507 809; x_wconf 87' lang='lat' dir='ltr'>quidem</span> <span class='ocrx_word' id='word_1_153' title='bbox 2546 744 2704 793; x_wconf 86' lang='lat' dir='ltr'>vocat</span> <span class='ocrx_word' id='word_1_154' title='bbox 2740 736 3169 809; x_wconf 86' lang='lat' dir='ltr'>philosophiam</span> <span class='ocrx_word' id='word_1_155' title='bbox 3211 754 3222 791; x_wconf 90' lang='lat'>:</span> <span class='ocrx_word' id='word_1_156' title='bbox 3256 743 3315 793; x_wconf 87' lang='lat' dir='ltr'>at</span> <span class='ocrx_word' id='word_1_157' title='bbox 3345 736 3559 793; x_wconf 89' lang='lat' dir='ltr'>Paulus</span> 
     </span>
    </p>
   </div>
   <div class='ocr_carea' id='block_1_21' title="bbox 1909 825 3557 898">
    <p class='ocr_par' dir='ltr' id='par_1_21' title="bbox 1909 825 3557 898">
     <span class='ocr_line' id='line_1_21' title="bbox 1909 825 3557 898; baseline 0.002 -20"><span class='ocrx_word' id='word_1_158' title='bbox 1909 825 2006 880; x_wconf 91' lang='lat' dir='ltr'>ille</span> <span class='ocrx_word' id='word_1_159' title='bbox 2037 827 2400 881; x_wconf 79' lang='lat' dir='ltr'>admirabilis</span> <span class='ocrx_word' id='word_1_160' title='bbox 2432 827 2888 898; x_wconf 83' lang='lat' dir='ltr'>nuncupandam</span> <span class='ocrx_word' id='word_1_161' title='bbox 2932 827 3160 881; x_wconf 85' lang='lat' dir='ltr'>censuit</span> <span class='ocrx_word' id='word_1_162' title='bbox 3192 828 3286 881; x_wconf 88' lang='lat' dir='ltr'>Dei</span> <span class='ocrx_word' id='word_1_163' title='bbox 3321 827 3557 897; x_wconf 84' lang='lat' dir='ltr'>sapien-</span> 
     </span>
    </p>
   </div>
   <div class='ocr_carea' id='block_1_22' title="bbox 1911 916 3559 988">
    <p class='ocr_par' dir='ltr' id='par_1_22' title="bbox 1911 916 3559 988">
     <span class='ocr_line' id='line_1_22' title="bbox 1911 916 3559 988; baseline 0.001 -18"><span class='ocrx_word' id='word_1_164' title='bbox 1911 917 2052 970; x_wconf 85' lang='lat' dir='ltr'>tiam</span> <span class='ocrx_word' id='word_1_165' title='bbox 2088 916 2143 969; x_wconf 92' lang='lat' dir='ltr'>in</span> <span class='ocrx_word' id='word_1_166' title='bbox 2170 918 2361 988; x_wconf 83' lang='lat' dir='ltr'>priore</span> <span class='ocrx_word' id='word_1_167' title='bbox 2386 917 2649 972; x_wconf 88' lang='lat' dir='ltr'>scribens</span> <span class='ocrx_word' id='word_1_168' title='bbox 2678 916 2992 971; x_wconf 86' lang='lat' dir='ltr'>Corinthiis</span> <span class='ocrx_word' id='word_1_169' title='bbox 3011 916 3255 987; x_wconf 85' lang='lat' dir='ltr'>cpistola</span> <span class='ocrx_word' id='word_1_170' title='bbox 3278 916 3359 987; x_wconf 74' lang='grc' dir='ltr'>(ιι)</span> <span class='ocrx_word' id='word_1_171' title='bbox 3385 933 3397 971; x_wconf 91' lang='lat'>:</span> <span class='ocrx_word' id='word_1_172' title='bbox 3420 918 3559 971; x_wconf 82' lang='lat' dir='ltr'>Nam</span> 
     </span>
    </p>
   </div>
   <div class='ocr_carea' id='block_1_23' title="bbox 1911 1004 3556 1077">
    <p class='ocr_par' dir='ltr' id='par_1_23' title="bbox 1911 1004 3556 1077">
     <span class='ocr_line' id='line_1_23' title="bbox 1911 1004 3556 1077; baseline 0.001 -19"><span class='ocrx_word' id='word_1_173' title='bbox 1911 1004 2043 1075; x_wconf 71' lang='lat' dir='ltr'>quia</span> <span class='ocrx_word' id='word_1_174' title='bbox 2062 1004 2121 1059; x_wconf 81' lang='lat' dir='ltr'>in</span> <span class='ocrx_word' id='word_1_175' title='bbox 2136 1008 2344 1075; x_wconf 80' lang='lat' dir='ltr'>sapient</span> <span class='ocrx_word' id='word_1_176' title='bbox 2354 1009 2407 1060; x_wconf 70' lang='lat' dir='ltr'>ia.</span> <span class='ocrx_word' id='word_1_177' title='bbox 2433 1006 2531 1060; x_wconf 83' lang='lat' dir='ltr'>Dei</span> <span class='ocrx_word' id='word_1_178' title='bbox 2550 1022 2658 1061; x_wconf 85' lang='lat' dir='ltr'>non</span> <span class='ocrx_word' id='word_1_179' title='bbox 2682 1008 2927 1076; x_wconf 81' lang='lat' dir='ltr'>cognovit</span> <span class='ocrx_word' id='word_1_180' title='bbox 2952 1005 3190 1059; x_wconf 80' lang='lat' dir='ltr'>mundus</span> <span class='ocrx_word' id='word_1_181' title='bbox 3211 1022 3310 1076; x_wconf 85' lang='lat' dir='ltr'>per</span> <span class='ocrx_word' id='word_1_182' title='bbox 3332 1005 3521 1077; x_wconf 77' lang='lat' dir='ltr'>sapien</span> <span class='ocrx_word' id='word_1_183' title='bbox 3535 1034 3556 1046; x_wconf 92' lang='lat'><strong>-</strong></span> 
     </span>
    </p>
   </div>
   <div class='ocr_carea' id='block_1_24' title="bbox 1907 1094 3561 1165">
    <p class='ocr_par' dir='ltr' id='par_1_24' title="bbox 1907 1094 3561 1165">
     <span class='ocr_line' id='line_1_24' title="bbox 1907 1094 3561 1165; baseline 0.001 -19"><span class='ocrx_word' id='word_1_184' title='bbox 1907 1095 2042 1147; x_wconf 79' lang='lat' dir='ltr'>tiam</span> <span class='ocrx_word' id='word_1_185' title='bbox 2067 1095 2274 1154; x_wconf 82' lang='lat' dir='ltr'>Deum;</span> <span class='ocrx_word' id='word_1_186' title='bbox 2308 1094 2415 1149; x_wconf 87' lang='lat' dir='ltr'>hoc</span> <span class='ocrx_word' id='word_1_187' title='bbox 2446 1100 2535 1148; x_wconf 89' lang='lat' dir='ltr'>est</span> <span class='ocrx_word' id='word_1_188' title='bbox 2567 1111 2668 1165; x_wconf 90' lang='lat' dir='ltr'>per</span> <span class='ocrx_word' id='word_1_189' title='bbox 2698 1094 3050 1165; x_wconf 88' lang='lat' dir='ltr'>sapientiam</span> <span class='ocrx_word' id='word_1_190' title='bbox 3076 1094 3363 1148; x_wconf 85' lang='lat' dir='ltr'>concinna</span> <span class='ocrx_word' id='word_1_191' title='bbox 3382 1097 3561 1164; x_wconf 88' lang='lat' dir='ltr'>atque</span> 
     </span>
    </p>
   </div>
   <div class='ocr_carea' id='block_1_25' title="bbox 1911 1182 3559 1254">
    <p class='ocr_par' dir='ltr' id='par_1_25' title="bbox 1911 1182 3559 1254">
     <span class='ocr_line' id='line_1_25' title="bbox 1911 1182 3559 1254; baseline 0.001 -19"><span class='ocrx_word' id='word_1_192' title='bbox 1911 1182 2135 1236; x_wconf 89' lang='lat' dir='ltr'>decenti</span> <span class='ocrx_word' id='word_1_193' title='bbox 2169 1188 2445 1238; x_wconf 68' lang='lat' dir='ltr'>creatura:</span> <span class='ocrx_word' id='word_1_194' title='bbox 2468 1183 2892 1254; x_wconf 87' lang='lat' dir='ltr'>compositione</span> <span class='ocrx_word' id='word_1_195' title='bbox 2916 1182 3095 1237; x_wconf 88' lang='lat' dir='ltr'>simul</span> <span class='ocrx_word' id='word_1_196' title='bbox 3127 1187 3182 1237; x_wconf 86' lang='lat' dir='ltr'>et</span> <span class='ocrx_word' id='word_1_197' title='bbox 3212 1183 3415 1237; x_wconf 88' lang='lat' dir='ltr'>ordine</span> <span class='ocrx_word' id='word_1_198' title='bbox 3442 1198 3559 1237; x_wconf 83' lang='lat' dir='ltr'>ma-</span> 
     </span>
    </p>
   </div>
   <div class='ocr_carea' id='block_1_26' title="bbox 1910 1271 3553 1343">
    <p class='ocr_par' dir='ltr' id='par_1_26' title="bbox 1910 1271 3553 1343">
     <span class='ocr_line' id='line_1_26' title="bbox 1910 1271 3553 1343; baseline 0.001 -19"><span class='ocrx_word' id='word_1_199' title='bbox 1910 1271 2118 1327; x_wconf 82' lang='lat' dir='ltr'>nifeste</span> <span class='ocrx_word' id='word_1_200' title='bbox 2149 1277 2547 1343; x_wconf 86' lang='lat' dir='ltr'>apparentem.</span> <span class='ocrx_word' id='word_1_201' title='bbox 2572 1272 2745 1343; x_wconf 89' lang='lat' dir='ltr'>Atqui</span> <span class='ocrx_word' id='word_1_202' title='bbox 2772 1289 2843 1327; x_wconf 90' lang='lat' dir='ltr'>ne</span> <span class='ocrx_word' id='word_1_203' title='bbox 2877 1272 3075 1327; x_wconf 87' lang='lat' dir='ltr'>videar</span> <span class='ocrx_word' id='word_1_204' title='bbox 3106 1272 3252 1326; x_wconf 88' lang='lat' dir='ltr'>istos</span> <span class='ocrx_word' id='word_1_205' title='bbox 3284 1286 3553 1341; x_wconf 87' lang='lat' dir='ltr'>coargue-</span> 
     </span>
    </p>
   </div>
   <div class='ocr_carea' id='block_1_27' title="bbox 1910 1362 3559 1433">
    <p class='ocr_par' dir='ltr' id='par_1_27' title="bbox 1910 1362 3559 1433">
     <span class='ocr_line' id='line_1_27' title="bbox 1910 1362 3559 1433; baseline 0.001 -19"><span class='ocrx_word' id='word_1_206' title='bbox 1910 1377 1991 1430; x_wconf 88' lang='lat' dir='ltr'>re,</span> <span class='ocrx_word' id='word_1_207' title='bbox 2028 1367 2235 1432; x_wconf 63' lang='lat' dir='ltr'>prmter</span> <span class='ocrx_word' id='word_1_208' title='bbox 2264 1379 2439 1433; x_wconf 87' lang='lat' dir='ltr'>quam</span> <span class='ocrx_word' id='word_1_209' title='bbox 2474 1362 2616 1416; x_wconf 88' lang='lat' dir='ltr'>mihi</span> <span class='ocrx_word' id='word_1_210' title='bbox 2642 1362 2808 1416; x_wconf 89' lang='lat' dir='ltr'>initio</span> <span class='ocrx_word' id='word_1_211' title='bbox 2831 1362 3122 1416; x_wconf 89' lang='lat' dir='ltr'>decretum</span> <span class='ocrx_word' id='word_1_212' title='bbox 3150 1365 3256 1425; x_wconf 89' lang='lat' dir='ltr'>est,</span> <span class='ocrx_word' id='word_1_213' title='bbox 3284 1366 3559 1431; x_wconf 54' lang='lat' dir='ltr'>praetorve</span> 
     </span>
    </p>
   </div>
   <div class='ocr_carea' id='block_1_28' title="bbox 1910 1449 3558 1521">
    <p class='ocr_par' dir='ltr' id='par_1_28' title="bbox 1910 1449 3558 1521">
     <span class='ocr_line' id='line_1_28' title="bbox 1910 1449 3558 1521; baseline 0.001 -18"><span class='ocrx_word' id='word_1_214' title='bbox 1910 1450 2090 1504; x_wconf 90' lang='lat' dir='ltr'>animi</span> <span class='ocrx_word' id='word_1_215' title='bbox 2124 1451 2234 1505; x_wconf 90' lang='lat' dir='ltr'>mei</span> <span class='ocrx_word' id='word_1_216' title='bbox 2284 1467 2547 1521; x_wconf 87' lang='lat' dir='ltr'>scopum,</span> <span class='ocrx_word' id='word_1_217' title='bbox 2600 1451 2752 1521; x_wconf 91' lang='lat' dir='ltr'>quod</span> <span class='ocrx_word' id='word_1_218' title='bbox 2807 1452 3025 1505; x_wconf 84' lang='lat' dir='ltr'>factum</span> <span class='ocrx_word' id='word_1_219' title='bbox 3060 1454 3123 1505; x_wconf 90' lang='lat' dir='ltr'>ut</span> <span class='ocrx_word' id='word_1_220' title='bbox 3171 1450 3314 1504; x_wconf 89' lang='lat' dir='ltr'>mihi</span> <span class='ocrx_word' id='word_1_221' title='bbox 3366 1449 3558 1505; x_wconf 90' lang='lat' dir='ltr'>modis</span> 
     </span>
    </p>
   </div>
   <div class='ocr_carea' id='block_1_29' title="bbox 1908 1538 3555 1610">
    <p class='ocr_par' dir='ltr' id='par_1_29' title="bbox 1908 1538 3555 1610">
     <span class='ocr_line' id='line_1_29' title="bbox 1908 1538 3555 1610; baseline 0.001 -19"><span class='ocrx_word' id='word_1_222' title='bbox 1908 1540 2181 1594; x_wconf 91' lang='lat' dir='ltr'>omnibus</span> <span class='ocrx_word' id='word_1_223' title='bbox 2210 1540 2585 1609; x_wconf 88' lang='lat' dir='ltr'>temperarim</span> <span class='ocrx_word' id='word_1_224' title='bbox 2610 1540 2680 1594; x_wconf 90' lang='lat' dir='ltr'>ab</span> <span class='ocrx_word' id='word_1_225' title='bbox 2713 1540 2872 1594; x_wconf 89' lang='lat' dir='ltr'>omni</span> <span class='ocrx_word' id='word_1_226' title='bbox 2897 1538 3323 1610; x_wconf 85' lang='lat' dir='ltr'>conscriptione</span> <span class='ocrx_word' id='word_1_227' title='bbox 3353 1540 3555 1594; x_wconf 83' lang='lat' dir='ltr'>adver-</span> 
     </span>
    </p>
   </div>
   <div class='ocr_carea' id='block_1_30' title="bbox 1909 1627 3558 1697">
    <p class='ocr_par' dir='ltr' id='par_1_30' title="bbox 1909 1627 3558 1697">
     <span class='ocr_line' id='line_1_30' title="bbox 1909 1627 3558 1697; baseline 0.001 -15"><span class='ocrx_word' id='word_1_228' title='bbox 1909 1645 2011 1683; x_wconf 89' lang='lat' dir='ltr'>sus</span> <span class='ocrx_word' id='word_1_229' title='bbox 2058 1632 2180 1682; x_wconf 85' lang='lat' dir='ltr'>tum</span> <span class='ocrx_word' id='word_1_230' title='bbox 2237 1628 2486 1695; x_wconf 68' lang='lat' dir='ltr'>Graecos,</span> <span class='ocrx_word' id='word_1_231' title='bbox 2521 1633 2647 1683; x_wconf 88' lang='lat' dir='ltr'>tum</span> <span class='ocrx_word' id='word_1_232' title='bbox 2698 1628 2845 1684; x_wconf 91' lang='lat' dir='ltr'>alios</span> <span class='ocrx_word' id='word_1_233' title='bbox 2877 1627 3131 1697; x_wconf 87' lang='lat' dir='ltr'>quosvis,</span> <span class='ocrx_word' id='word_1_234' title='bbox 3179 1629 3558 1683; x_wconf 87' lang='lat' dir='ltr'>conveniebat</span> 
     </span>
    </p>
   </div>
   <div class='ocr_carea' id='block_1_31' title="bbox 1906 1715 3554 1788">
    <p class='ocr_par' dir='ltr' id='par_1_31' title="bbox 1906 1715 3554 1788">
     <span class='ocr_line' id='line_1_31' title="bbox 1906 1715 3554 1788; baseline 0.001 -18"><span class='ocrx_word' id='word_1_235' title='bbox 1906 1715 2390 1787; x_wconf 88' lang='lat' dir='ltr'>Apollophanem,</span> <span class='ocrx_word' id='word_1_236' title='bbox 2407 1717 2640 1788; x_wconf 84' lang='lat' dir='ltr'>sapiens</span> <span class='ocrx_word' id='word_1_237' title='bbox 2660 1734 2792 1771; x_wconf 92' lang='lat' dir='ltr'>cum</span> <span class='ocrx_word' id='word_1_238' title='bbox 2812 1717 2908 1783; x_wconf 87' lang='lat' dir='ltr'>sit,</span> <span class='ocrx_word' id='word_1_239' title='bbox 2934 1734 3035 1787; x_wconf 86' lang='lat' dir='ltr'>pro</span> <span class='ocrx_word' id='word_1_240' title='bbox 3061 1721 3355 1787; x_wconf 90' lang='lat' dir='ltr'>comperto</span> <span class='ocrx_word' id='word_1_241' title='bbox 3379 1716 3554 1772; x_wconf 87' lang='lat' dir='ltr'>habe-</span> 
     </span>
    </p>
   </div>
   <div class='ocr_carea' id='block_1_32' title="bbox 1908 1805 3555 1876">
    <p class='ocr_par' dir='ltr' id='par_1_32' title="bbox 1908 1805 3555 1876">
     <span class='ocr_line' id='line_1_32' title="bbox 1908 1805 3555 1876; baseline 0.001 -18"><span class='ocrx_word' id='word_1_242' title='bbox 1908 1821 1989 1873; x_wconf 90' lang='lat' dir='ltr'>re,</span> <span class='ocrx_word' id='word_1_243' title='bbox 2022 1805 2176 1860; x_wconf 88' lang='lat' dir='ltr'>haud</span> <span class='ocrx_word' id='word_1_244' title='bbox 2209 1822 2379 1861; x_wconf 91' lang='lat' dir='ltr'>secus</span> <span class='ocrx_word' id='word_1_245' title='bbox 2406 1806 2528 1861; x_wconf 84' lang='lat' dir='ltr'>ﬁeri</span> <span class='ocrx_word' id='word_1_246' title='bbox 2552 1806 2831 1876; x_wconf 83' lang='lat' dir='ltr'>potuisse,</span> <span class='ocrx_word' id='word_1_247' title='bbox 2853 1810 2916 1860; x_wconf 90' lang='lat' dir='ltr'>ut</span> <span class='ocrx_word' id='word_1_248' title='bbox 2941 1805 3260 1876; x_wconf 88' lang='lat' dir='ltr'>quidquam</span> <span class='ocrx_word' id='word_1_249' title='bbox 3294 1805 3448 1859; x_wconf 91' lang='lat' dir='ltr'>vices</span> <span class='ocrx_word' id='word_1_250' title='bbox 3473 1807 3555 1861; x_wconf 91' lang='lat' dir='ltr'>in-</span> 
     </span>
    </p>
   </div>
   <div class='ocr_carea' id='block_1_33' title="bbox 182 1889 1802 1992">
    <p class='ocr_par' dir='ltr' id='par_1_33' title="bbox 182 1889 1795 1968">
     <span class='ocr_line' id='line_1_33' title="bbox 182 1889 1795 1968; baseline -0.001 -22"><span class='ocrx_word' id='word_1_251' title='bbox 182 1893 424 1968; x_wconf 82' lang='grc' dir='ltr'>περιέχων</span> <span class='ocrx_word' id='word_1_252' title='bbox 452 1891 579 1954; x_wconf 78' lang='grc' dir='ltr'>τοὺς</span> <span class='ocrx_word' id='word_1_253' title='bbox 606 1899 900 1966; x_wconf 79' lang='grc' dir='ltr'>φωστῆρας</span> <span class='ocrx_word' id='word_1_254' title='bbox 934 1911 945 1923; x_wconf 95' lang='grc'>⁸</span> <span class='ocrx_word' id='word_1_255' title='bbox 978 1896 1139 1946; x_wconf 79' lang='grc' dir='ltr'>τοῦτο</span> <span class='ocrx_word' id='word_1_256' title='bbox 1169 1893 1272 1967; x_wconf 73' lang='grc' dir='ltr'>γὰρ</span> <span class='ocrx_word' id='word_1_257' title='bbox 1299 1889 1573 1961; x_wconf 76' lang='grc' dir='ltr'>ἐδήλωσεν</span> <span class='ocrx_word' id='word_1_258' title='bbox 1607 1890 1795 1962; x_wconf 80' lang='grc' dir='ltr'>εἰπὼν,</span> 
     </span>
    </p>
   </div>
   <div class='ocr_carea' id='block_1_34' title="bbox 1914 1889 3552 1992">
    <p class='ocr_par' dir='ltr' id='par_1_34' title="bbox 1914 1894 3552 1966">
     <span class='ocr_line' id='line_1_34' title="bbox 1914 1894 3552 1966; baseline 0.001 -18"><span class='ocrx_word' id='word_1_259' title='bbox 1914 1899 2149 1950; x_wconf 79' lang='lat' dir='ltr'>verteret</span> <span class='ocrx_word' id='word_1_260' title='bbox 2179 1895 2398 1950; x_wconf 89' lang='lat' dir='ltr'>ordinis</span> <span class='ocrx_word' id='word_1_261' title='bbox 2422 1895 2533 1949; x_wconf 91' lang='lat' dir='ltr'>sibi</span> <span class='ocrx_word' id='word_1_262' title='bbox 2560 1895 2892 1966; x_wconf 70' lang='lat' dir='ltr'>praestituti,</span> <span class='ocrx_word' id='word_1_263' title='bbox 2917 1895 2965 1948; x_wconf 90' lang='lat' dir='ltr'>si</span> <span class='ocrx_word' id='word_1_264' title='bbox 2999 1910 3112 1947; x_wconf 91' lang='lat' dir='ltr'>non</span> <span class='ocrx_word' id='word_1_265' title='bbox 3146 1894 3308 1964; x_wconf 89' lang='lat' dir='ltr'>prius</span> <span class='ocrx_word' id='word_1_266' title='bbox 3331 1910 3395 1948; x_wconf 92' lang='lat' dir='ltr'>eo</span> <span class='ocrx_word' id='word_1_267' title='bbox 3421 1911 3552 1965; x_wconf 87' lang='lat' dir='ltr'>pro-</span> 
     </span>
    </p>
   </div>
   <div class='ocr_carea' id='block_1_35' title="bbox 180 1980 1795 2055">
    <p class='ocr_par' dir='ltr' id='par_1_35' title="bbox 180 1980 1795 2055">
     <span class='ocr_line' id='line_1_35' title="bbox 180 1980 1795 2055; baseline -0.001 -17"><span class='ocrx_word' id='word_1_268' title='bbox 180 1984 283 2038; x_wconf 86' lang='grc' dir='ltr'>Τῶν</span> <span class='ocrx_word' id='word_1_269' title='bbox 340 1982 480 2036; x_wconf 80' lang='grc' dir='ltr'>ὅλων</span> <span class='ocrx_word' id='word_1_270' title='bbox 536 1981 764 2036; x_wconf 79' lang='grc' dir='ltr'>καὶτῶν</span> <span class='ocrx_word' id='word_1_271' title='bbox 824 1980 1145 2055; x_wconf 80' lang='grc' dir='ltr'>κρειττόνων</span> <span class='ocrx_word' id='word_1_272' title='bbox 1196 1980 1285 2036; x_wconf 83' lang='grc' dir='ltr'>καὶ</span> <span class='ocrx_word' id='word_1_273' title='bbox 1325 1980 1691 2055; x_wconf 84' lang='grc' dir='ltr'>περιεχόντων</span> <span class='ocrx_word' id='word_1_274' title='bbox 1719 1999 1731 2013; x_wconf 94' lang='grc'>⁸</span> <span class='ocrx_word' id='word_1_275' title='bbox 1768 1982 1795 2036; x_wconf 89' lang='grc' dir='ltr'>ὁ</span> 
     </span>
    </p>
   </div>
   <div class='ocr_carea' id='block_1_36' title="bbox 181 2068 1796 2145">
    <p class='ocr_par' dir='ltr' id='par_1_36' title="bbox 181 2068 1796 2145">
     <span class='ocr_line' id='line_1_36' title="bbox 181 2068 1796 2145; baseline -0.001 -21"><span class='ocrx_word' id='word_1_276' title='bbox 181 2068 225 2124; x_wconf 82' lang='grc' dir='ltr'>δὶ</span> <span class='ocrx_word' id='word_1_277' title='bbox 276 2069 428 2139; x_wconf 73' lang='grc' dir='ltr'>ἥλιος</span> <span class='ocrx_word' id='word_1_278' title='bbox 496 2070 587 2124; x_wconf 85' lang='grc' dir='ltr'>καὶ</span> <span class='ocrx_word' id='word_1_279' title='bbox 644 2072 678 2138; x_wconf 89' lang='grc' dir='ltr'>ἡ</span> <span class='ocrx_word' id='word_1_280' title='bbox 739 2069 940 2140; x_wconf 66' lang='grc' dir='ltr'>σελήνη</span> <span class='ocrx_word' id='word_1_281' title='bbox 1003 2071 1053 2123; x_wconf 75' lang='grc' dir='ltr'>οἱ</span> <span class='ocrx_word' id='word_1_282' title='bbox 1109 2070 1494 2145; x_wconf 74' lang='grc' dir='ltr'>περιεχόμενοι</span> <span class='ocrx_word' id='word_1_283' title='bbox 1552 2068 1796 2139; x_wconf 83' lang='grc' dir='ltr'>ἀκίνητοι</span> 
     </span>
    </p>
   </div>
   <div class='ocr_carea' id='block_1_37' title="bbox 176 2158 1798 2236">
    <p class='ocr_par' dir='ltr' id='par_1_37' title="bbox 176 2158 1798 2236">
     <span class='ocr_line' id='line_1_37' title="bbox 176 2158 1798 2236; baseline 0 -24"><span class='ocrx_word' id='word_1_284' title='bbox 176 2158 505 2230; x_wconf 72' lang='grc' dir='ltr'>ἵσταντο,καί</span> <span class='ocrx_word' id='word_1_285' title='bbox 567 2158 628 2213; x_wconf 81' lang='lat' dir='ltr'>o6</span> <span class='ocrx_word' id='word_1_286' title='bbox 684 2160 783 2227; x_wconf 76' lang='grc' dir='ltr'>τὴν</span> <span class='ocrx_word' id='word_1_287' title='bbox 846 2160 1011 2226; x_wconf 72' lang='grc' dir='ltr'>αὐτὴν</span> <span class='ocrx_word' id='word_1_288' title='bbox 1071 2159 1238 2236; x_wconf 70' lang='grc' dir='ltr'>φορὰν</span> <span class='ocrx_word' id='word_1_289' title='bbox 1292 2162 1668 2212; x_wconf 71' lang='grc' dir='ltr'>συνεκινοῦντο</span> <span class='ocrx_word' id='word_1_290' title='bbox 1719 2162 1798 2229; x_wconf 79' lang='grc' dir='ltr'>τῷ</span> 
     </span>
    </p>
   </div>
   <div class='ocr_carea' id='block_1_38' title="bbox 177 2244 1797 2322">
    <p class='ocr_par' dir='ltr' id='par_1_38' title="bbox 177 2244 1797 2322">
     <span class='ocr_line' id='line_1_38' title="bbox 177 2244 1797 2322; baseline -0.001 -21"><span class='ocrx_word' id='word_1_291' title='bbox 177 2248 333 2313; x_wconf 77' lang='grc' dir='ltr'>παντὶ,</span> <span class='ocrx_word' id='word_1_292' title='bbox 379 2249 491 2320; x_wconf 83' lang='grc' dir='ltr'>μεθ’</span> <span class='ocrx_word' id='word_1_293' title='bbox 553 2247 613 2300; x_wconf 80' lang='grc' dir='ltr'>οὗ</span> <span class='ocrx_word' id='word_1_294' title='bbox 672 2249 749 2301; x_wconf 84' lang='grc' dir='ltr'>ἀεὶ</span> <span class='ocrx_word' id='word_1_295' title='bbox 811 2249 1273 2322; x_wconf 74' lang='grc' dir='ltr'>συμπεριήγοντο.</span> <span class='ocrx_word' id='word_1_296' title='bbox 1330 2244 1501 2299; x_wconf 76' lang='grc' dir='ltr'>Πάλιν</span> <span class='ocrx_word' id='word_1_297' title='bbox 1556 2245 1643 2300; x_wconf 80' lang='grc' dir='ltr'>ἐπὶ</span> <span class='ocrx_word' id='word_1_298' title='bbox 1700 2250 1797 2300; x_wconf 88' lang='lat'>:06</span> 
     </span>
    </p>
   </div>
   <div class='ocr_carea' id='block_1_39' title="bbox 177 2334 1799 2410">
    <p class='ocr_par' dir='ltr' id='par_1_39' title="bbox 177 2334 1799 2410">
     <span class='ocr_line' id='line_1_39' title="bbox 177 2334 1799 2410; baseline 0.001 -22"><span class='ocrx_word' id='word_1_299' title='bbox 177 2335 415 2405; x_wconf 80' lang='grc' dir='ltr'>Ἐζεκίου,</span> <span class='ocrx_word' id='word_1_300' title='bbox 450 2336 575 2389; x_wconf 78' lang='grc' dir='ltr'>ὅταν</span> <span class='ocrx_word' id='word_1_301' title='bbox 618 2334 763 2405; x_wconf 70' lang='grc' dir='ltr'>ἄλλη</span> <span class='ocrx_word' id='word_1_302' title='bbox 794 2357 877 2398; x_wconf 89' lang='grc' dir='ltr'>τις</span> <span class='ocrx_word' id='word_1_303' title='bbox 916 2336 1096 2410; x_wconf 81' lang='grc' dir='ltr'>ἡμέρα</span> <span class='ocrx_word' id='word_1_304' title='bbox 1138 2336 1273 2389; x_wconf 86' lang='grc' dir='ltr'>κατά</span> <span class='ocrx_word' id='word_1_305' title='bbox 1331 2335 1607 2409; x_wconf 85' lang='grc' dir='ltr'>συνέχειαν</span> <span class='ocrx_word' id='word_1_306' title='bbox 1664 2354 1799 2409; x_wconf 75' lang='grc' dir='ltr'>σχε-</span> 
     </span>
    </p>
   </div>
   <div class='ocr_carea' id='block_1_40' title="bbox 180 2420 1795 2499">
    <p class='ocr_par' dir='ltr' id='par_1_40' title="bbox 180 2420 1795 2499">
     <span class='ocr_line' id='line_1_40' title="bbox 180 2420 1795 2499; baseline -0.001 -21"><span class='ocrx_word' id='word_1_307' title='bbox 180 2422 252 2479; x_wconf 78' lang='grc' dir='ltr'>δὸν</span> <span class='ocrx_word' id='word_1_308' title='bbox 308 2422 781 2498; x_wconf 82' lang='grc' dir='ltr'>τριπλασιάζηται,</span> <span class='ocrx_word' id='word_1_309' title='bbox 840 2424 903 2477; x_wconf 86' lang='grc' dir='ltr'>τὸ</span> <span class='ocrx_word' id='word_1_310' title='bbox 956 2420 1149 2497; x_wconf 81' lang='grc' dir='ltr'>σχεδὸν</span> <span class='ocrx_word' id='word_1_311' title='bbox 1229 2426 1553 2499; x_wconf 72' lang='grc' dir='ltr'>προσετέθη,</span> <span class='ocrx_word' id='word_1_312' title='bbox 1610 2421 1795 2492; x_wconf 71' lang='grc' dir='ltr'>ἐπειδὴ</span> 
     </span>
    </p>
   </div>
   <div class='ocr_carea' id='block_1_41' title="bbox 178 2511 1795 2588">
    <p class='ocr_par' dir='ltr' id='par_1_41' title="bbox 178 2511 1795 2588">
     <span class='ocr_line' id='line_1_41' title="bbox 178 2511 1795 2588; baseline -0.002 -21"><span class='ocrx_word' id='word_1_313' title='bbox 178 2513 360 2588; x_wconf 83' lang='grc' dir='ltr'>τριπλῆ</span> <span class='ocrx_word' id='word_1_314' title='bbox 386 2513 519 2567; x_wconf 74' lang='grc' dir='ltr'>κατὰ</span> <span class='ocrx_word' id='word_1_315' title='bbox 559 2511 621 2566; x_wconf 80' lang='lat'>:6</span> <span class='ocrx_word' id='word_1_316' title='bbox 653 2512 861 2586; x_wconf 83' lang='grc' dir='ltr'>πλῆρες</span> <span class='ocrx_word' id='word_1_317' title='bbox 890 2511 987 2567; x_wconf 80' lang='grc' dir='ltr'>οὐκ</span> <span class='ocrx_word' id='word_1_318' title='bbox 1017 2512 1230 2588; x_wconf 84' lang='grc' dir='ltr'>ἐγένετο</span> <span class='ocrx_word' id='word_1_319' title='bbox 1262 2514 1296 2581; x_wconf 87' lang='grc' dir='ltr'>ἡ</span> <span class='ocrx_word' id='word_1_320' title='bbox 1343 2511 1524 2587; x_wconf 84' lang='grc' dir='ltr'>ἡμέρα</span> <span class='ocrx_word' id='word_1_321' title='bbox 1568 2511 1743 2581; x_wconf 80' lang='grc' dir='ltr'>ἐκείνη</span> <span class='ocrx_word' id='word_1_322' title='bbox 1784 2531 1795 2543; x_wconf 90' lang='grc'>⁸</span> 
     </span>
    </p>
   </div>
   <div class='ocr_carea' id='block_1_42' title="bbox 175 2599 1801 2677">
    <p class='ocr_par' dir='ltr' id='par_1_42' title="bbox 175 2599 1801 2677">
     <span class='ocr_line' id='line_1_42' title="bbox 175 2599 1801 2677; baseline -0.001 -22"><span class='ocrx_word' id='word_1_323' title='bbox 175 2608 441 2677; x_wconf 76' lang='grc' dir='ltr'>τριάκοντα</span> <span class='ocrx_word' id='word_1_324' title='bbox 472 2599 568 2655; x_wconf 80' lang='grc' dir='ltr'>δύο</span> <span class='ocrx_word' id='word_1_325' title='bbox 598 2603 697 2677; x_wconf 80' lang='grc' dir='ltr'>γὰρ</span> <span class='ocrx_word' id='word_1_326' title='bbox 732 2602 887 2675; x_wconf 79' lang='grc' dir='ltr'>ὡρῶν</span> <span class='ocrx_word' id='word_1_327' title='bbox 945 2603 1152 2677; x_wconf 88' lang='grc' dir='ltr'>γέγονε,</span> <span class='ocrx_word' id='word_1_328' title='bbox 1188 2599 1314 2656; x_wconf 86' lang='grc' dir='ltr'>δέκα</span> <span class='ocrx_word' id='word_1_329' title='bbox 1370 2601 1475 2655; x_wconf 86' lang='grc' dir='ltr'>ἀπὸ</span> <span class='ocrx_word' id='word_1_330' title='bbox 1533 2600 1801 2668; x_wconf 75' lang='grc' dir='ltr'>ἀνατολῆς</span> 
     </span>
    </p>
   </div>
   <div class='ocr_carea' id='block_1_43' title="bbox 177 2688 1799 2766">
    <p class='ocr_par' dir='ltr' id='par_1_43' title="bbox 177 2688 1799 2766">
     <span class='ocr_line' id='line_1_43' title="bbox 177 2688 1799 2766; baseline -0.002 -21"><span class='ocrx_word' id='word_1_331' title='bbox 177 2694 323 2766; x_wconf 78' lang='grc' dir='ltr'>μέχρι</span> <span class='ocrx_word' id='word_1_332' title='bbox 354 2692 460 2763; x_wconf 83' lang='grc'>(68)</span> <span class='ocrx_word' id='word_1_333' title='bbox 482 2695 579 2744; x_wconf 80' lang='grc' dir='ltr'>τοῦ</span> <span class='ocrx_word' id='word_1_334' title='bbox 609 2691 780 2744; x_wconf 88' lang='grc' dir='ltr'>τόπου</span> <span class='ocrx_word' id='word_1_335' title='bbox 815 2689 865 2744; x_wconf 83' lang='grc' dir='ltr'>έν</span> <span class='ocrx_word' id='word_1_336' title='bbox 898 2691 942 2761; x_wconf 82' lang='grc' dir='ltr'>ᾧ</span> <span class='ocrx_word' id='word_1_337' title='bbox 972 2691 1161 2765; x_wconf 81' lang='grc' dir='ltr'>εὑρέθη</span> <span class='ocrx_word' id='word_1_338' title='bbox 1196 2691 1223 2744; x_wconf 91' lang='lat'>6</span> <span class='ocrx_word' id='word_1_339' title='bbox 1254 2688 1433 2757; x_wconf 77' lang='grc' dir='ltr'>ἥλιος·</span> <span class='ocrx_word' id='word_1_340' title='bbox 1458 2690 1582 2743; x_wconf 87' lang='grc' dir='ltr'>τότε</span> <span class='ocrx_word' id='word_1_341' title='bbox 1608 2689 1670 2743; x_wconf 83' lang='grc' dir='ltr'>τὸ</span> <span class='ocrx_word' id='word_1_342' title='bbox 1703 2710 1799 2756; x_wconf 85' lang='grc' dir='ltr'>ση-</span> 
     </span>
    </p>
   </div>
   <div class='ocr_carea' id='block_1_44' title="bbox 178 2776 1800 2850">
    <p class='ocr_par' dir='ltr' id='par_1_44' title="bbox 178 2776 1800 2850">
     <span class='ocr_line' id='line_1_44' title="bbox 178 2776 1800 2850; baseline -0.002 -17"><span class='ocrx_word' id='word_1_343' title='bbox 178 2786 314 2850; x_wconf 79' lang='grc' dir='ltr'>μεῖον</span> <span class='ocrx_word' id='word_1_344' title='bbox 341 2777 491 2847; x_wconf 81' lang='grc' dir='ltr'>ἐδόθη</span> <span class='ocrx_word' id='word_1_345' title='bbox 530 2798 542 2810; x_wconf 93' lang='grc'>⁸</span> <span class='ocrx_word' id='word_1_346' title='bbox 578 2777 667 2832; x_wconf 85' lang='grc' dir='ltr'>καὶ</span> <span class='ocrx_word' id='word_1_347' title='bbox 701 2776 827 2832; x_wconf 72' lang='grc' dir='ltr'>δέκα</span> <span class='ocrx_word' id='word_1_348' title='bbox 887 2779 1084 2833; x_wconf 70' lang='grc' dir='ltr'>ἐκεῖθεν</span> <span class='ocrx_word' id='word_1_349' title='bbox 1143 2776 1305 2833; x_wconf 78' lang='grc' dir='ltr'>πάλιν</span> <span class='ocrx_word' id='word_1_350' title='bbox 1368 2777 1453 2832; x_wconf 69' lang='grc' dir='ltr'>ἰπὶ</span> <span class='ocrx_word' id='word_1_351' title='bbox 1506 2777 1800 2846; x_wconf 71' lang='grc' dir='ltr'>ἀνατολήν,</span> 
     </span>
    </p>
   </div>
   <div class='ocr_carea' id='block_1_45' title="bbox 173 2863 1802 2942">
    <p class='ocr_par' dir='ltr' id='par_1_45' title="bbox 173 2863 1802 2942">
     <span class='ocr_line' id='line_1_45' title="bbox 173 2863 1802 2942; baseline -0.001 -22"><span class='ocrx_word' id='word_1_352' title='bbox 173 2867 395 2930; x_wconf 78' lang='grc' dir='ltr'>κάκεῖθεν</span> <span class='ocrx_word' id='word_1_353' title='bbox 424 2865 587 2922; x_wconf 78' lang='grc' dir='ltr'>πάλιν</span> <span class='ocrx_word' id='word_1_354' title='bbox 623 2863 833 2920; x_wconf 83' lang='grc' dir='ltr'>δώδεκα</span> <span class='ocrx_word' id='word_1_355' title='bbox 869 2868 1034 2942; x_wconf 87' lang='grc' dir='ltr'>μέχρι</span> <span class='ocrx_word' id='word_1_356' title='bbox 1060 2874 1161 2935; x_wconf 86' lang='grc' dir='ltr'>τῆς</span> <span class='ocrx_word' id='word_1_357' title='bbox 1199 2866 1410 2928; x_wconf 78' lang='grc' dir='ltr'>τελείας</span> <span class='ocrx_word' id='word_1_358' title='bbox 1460 2864 1681 2928; x_wconf 72' lang='grc' dir='ltr'>δύσεως.</span> <span class='ocrx_word' id='word_1_359' title='bbox 1714 2870 1802 2937; x_wconf 76' lang='grc' dir='ltr'>Τῷ</span> 
     </span>
    </p>
   </div>
   <div class='ocr_carea' id='block_1_46' title="bbox 176 2954 1799 3029">
    <p class='ocr_par' dir='ltr' id='par_1_46' title="bbox 176 2954 1799 3029">
     <span class='ocr_line' id='line_1_46' title="bbox 176 2954 1799 3029; baseline -0.001 -20"><span class='ocrx_word' id='word_1_360' title='bbox 176 2956 309 3027; x_wconf 70' lang='grc' dir='ltr'>αὐτῷ</span> <span class='ocrx_word' id='word_1_361' title='bbox 339 2954 393 3010; x_wconf 74' lang='grc' dir='ltr'>δὲ</span> <span class='ocrx_word' id='word_1_362' title='bbox 423 2958 670 3029; x_wconf 69' lang='grc' dir='ltr'>σχήματι</span> <span class='ocrx_word' id='word_1_363' title='bbox 718 2959 814 3009; x_wconf 87' lang='lat'>:06</span> <span class='ocrx_word' id='word_1_364' title='bbox 863 2954 1033 3028; x_wconf 81' lang='grc' dir='ltr'>λόγου</span> <span class='ocrx_word' id='word_1_365' title='bbox 1074 2956 1159 3009; x_wconf 78' lang='grc' dir='ltr'>καὶ</span> <span class='ocrx_word' id='word_1_366' title='bbox 1222 2956 1446 3009; x_wconf 71' lang='grc' dir='ltr'>ἐνταῦθα</span> <span class='ocrx_word' id='word_1_367' title='bbox 1502 2954 1799 3029; x_wconf 77' lang='grc' dir='ltr'>ἐχρήσατο,</span> 
     </span>
    </p>
   </div>
   <div class='ocr_carea' id='block_1_47' title="bbox 174 3042 1798 3117">
    <p class='ocr_par' dir='ltr' id='par_1_47' title="bbox 174 3042 1798 3117">
     <span class='ocr_line' id='line_1_47' title="bbox 174 3042 1798 3117; baseline -0.001 -20"><span class='ocrx_word' id='word_1_368' title='bbox 174 3046 240 3098; x_wconf 70' lang='grc' dir='ltr'>ὅτι</span> <span class='ocrx_word' id='word_1_369' title='bbox 261 3047 290 3098; x_wconf 86' lang='grc' dir='ltr'>ὁ</span> <span class='ocrx_word' id='word_1_370' title='bbox 313 3044 477 3106; x_wconf 83' lang='grc' dir='ltr'>πόλος</span> <span class='ocrx_word' id='word_1_371' title='bbox 509 3044 669 3105; x_wconf 77' lang='grc' dir='ltr'>αὐτὸς</span> <span class='ocrx_word' id='word_1_372' title='bbox 699 3044 790 3097; x_wconf 78' lang='grc' dir='ltr'>σὺν</span> <span class='ocrx_word' id='word_1_373' title='bbox 822 3048 899 3115; x_wconf 78' lang='grc' dir='ltr'>τῷ</span> <span class='ocrx_word' id='word_1_374' title='bbox 930 3042 1077 3115; x_wconf 88' lang='grc' dir='ltr'>ἡλίῳ</span> <span class='ocrx_word' id='word_1_375' title='bbox 1109 3044 1159 3098; x_wconf 85' lang='grc' dir='ltr'>έν</span> <span class='ocrx_word' id='word_1_376' title='bbox 1192 3048 1270 3115; x_wconf 77' lang='grc' dir='ltr'>τῷ</span> <span class='ocrx_word' id='word_1_377' title='bbox 1302 3048 1407 3099; x_wconf 79' lang='grc' dir='ltr'>τῶν</span> <span class='ocrx_word' id='word_1_378' title='bbox 1442 3043 1609 3098; x_wconf 71' lang='grc' dir='ltr'>ε’ίκοσι</span> <span class='ocrx_word' id='word_1_379' title='bbox 1643 3044 1798 3117; x_wconf 80' lang='grc' dir='ltr'>ὡρῶν</span> 
     </span>
    </p>
   </div>
   <div class='ocr_carea' id='block_1_48' title="bbox 175 3129 1803 3207">
    <p class='ocr_par' dir='ltr' id='par_1_48' title="bbox 175 3129 1803 3207">
     <span class='ocr_line' id='line_1_48' title="bbox 175 3129 1803 3207; baseline -0.001 -22"><span class='ocrx_word' id='word_1_380' title='bbox 175 3129 481 3205; x_wconf 70' lang='grc' dir='ltr'>διαστήματι</span> <span class='ocrx_word' id='word_1_381' title='bbox 503 3134 603 3201; x_wconf 81' lang='grc' dir='ltr'>τήν</span> <span class='ocrx_word' id='word_1_382' title='bbox 627 3134 861 3207; x_wconf 81' lang='grc' dir='ltr'>ὑπερσυῆ</span> <span class='ocrx_word' id='word_1_383' title='bbox 888 3132 1093 3201; x_wconf 73' lang='grc' dir='ltr'>ἐκείνην</span> <span class='ocrx_word' id='word_1_384' title='bbox 1129 3133 1592 3207; x_wconf 75' lang='grc' dir='ltr'>ἀντιπεριαγωγὴν</span> <span class='ocrx_word' id='word_1_385' title='bbox 1618 3131 1803 3200; x_wconf 71' lang='grc' dir='ltr'>ἐποιή-</span> 
     </span>
    </p>
   </div>
   <div class='ocr_carea' id='block_1_49' title="bbox 174 3219 1799 3296">
    <p class='ocr_par' dir='ltr' id='par_1_49' title="bbox 174 3219 1799 3296">
     <span class='ocr_line' id='line_1_49' title="bbox 174 3219 1799 3296; baseline 0.002 -23"><span class='ocrx_word' id='word_1_386' title='bbox 174 3241 299 3289; x_wconf 82' lang='grc' dir='ltr'>σατο,</span> <span class='ocrx_word' id='word_1_387' title='bbox 334 3224 369 3292; x_wconf 73' lang='grc' dir='ltr'><strong>ἢ</strong></span> <span class='ocrx_word' id='word_1_388' title='bbox 406 3221 569 3294; x_wconf 82' lang='grc' dir='ltr'>μόνος</span> <span class='ocrx_word' id='word_1_389' title='bbox 604 3223 630 3275; x_wconf 93' lang='lat'>6</span> <span class='ocrx_word' id='word_1_390' title='bbox 670 3220 852 3289; x_wconf 76' lang='grc' dir='ltr'>ἥλιος.</span> <span class='ocrx_word' id='word_1_391' title='bbox 887 3224 1061 3278; x_wconf 81' lang='grc' dir='ltr'>Τοῦτο</span> <span class='ocrx_word' id='word_1_392' title='bbox 1107 3222 1208 3295; x_wconf 87' lang='grc' dir='ltr'>γάρ</span> <span class='ocrx_word' id='word_1_393' title='bbox 1257 3219 1397 3275; x_wconf 81' lang='grc' dir='ltr'>ἐστιν</span> <span class='ocrx_word' id='word_1_394' title='bbox 1458 3221 1485 3273; x_wconf 79' lang='grc' dir='ltr'>ὃ</span> <span class='ocrx_word' id='word_1_395' title='bbox 1536 3220 1699 3296; x_wconf 85' lang='grc' dir='ltr'>λέγει·</span> <span class='ocrx_word' id='word_1_396' title='bbox 1734 3221 1799 3276; x_wconf 79' lang='grc' dir='ltr'><strong><em>Ἠ</em></strong></span> 
     </span>
    </p>
   </div>
   <div class='ocr_carea' id='block_1_50' title="bbox 1908 1982 3554 2055">
    <p class='ocr_par' dir='ltr' id='par_1_50' title="bbox 1908 1982 3554 2055">
     <span class='ocr_line' id='line_1_50' title="bbox 1908 1982 3554 2055; baseline 0.002 -20"><span class='ocrx_word' id='word_1_397' title='bbox 1908 1984 2188 2038; x_wconf 88' lang='lat' dir='ltr'>movisset</span> <span class='ocrx_word' id='word_1_398' title='bbox 2218 1988 2567 2051; x_wconf 86' lang='lat' dir='ltr'>creaturam,</span> <span class='ocrx_word' id='word_1_399' title='bbox 2605 1983 2703 2054; x_wconf 89' lang='lat' dir='ltr'>qui</span> <span class='ocrx_word' id='word_1_400' title='bbox 2735 1982 2924 2055; x_wconf 86' lang='lat' dir='ltr'>ipsius</span> <span class='ocrx_word' id='word_1_401' title='bbox 2964 1986 3166 2037; x_wconf 88' lang='lat' dir='ltr'>auctor</span> <span class='ocrx_word' id='word_1_402' title='bbox 3195 1987 3303 2048; x_wconf 89' lang='lat' dir='ltr'>est,</span> <span class='ocrx_word' id='word_1_403' title='bbox 3336 1983 3554 2054; x_wconf 88' lang='lat' dir='ltr'>quique</span> 
     </span>
    </p>
   </div>
   <div class='ocr_carea' id='block_1_51' title="bbox 1907 2071 3554 2143">
    <p class='ocr_par' dir='ltr' id='par_1_51' title="bbox 1907 2071 3554 2143">
     <span class='ocr_line' id='line_1_51' title="bbox 1907 2071 3554 2143; baseline -0.001 -17"><span class='ocrx_word' id='word_1_404' title='bbox 1907 2088 2032 2126; x_wconf 84' lang='lat' dir='ltr'>eam</span> <span class='ocrx_word' id='word_1_405' title='bbox 2067 2073 2254 2127; x_wconf 89' lang='lat' dir='ltr'>ambit</span> <span class='ocrx_word' id='word_1_406' title='bbox 2284 2078 2336 2127; x_wconf 90' lang='lat' dir='ltr'>et</span> <span class='ocrx_word' id='word_1_407' title='bbox 2355 2071 2765 2143; x_wconf 89' lang='lat' dir='ltr'>complectitur</span> <span class='ocrx_word' id='word_1_408' title='bbox 2782 2089 2889 2126; x_wconf 89' lang='lat' dir='ltr'>sua</span> <span class='ocrx_word' id='word_1_409' title='bbox 2909 2072 3212 2141; x_wconf 84' lang='lat' dir='ltr'>majestate</span> <span class='ocrx_word' id='word_1_410' title='bbox 3239 2088 3250 2125; x_wconf 94' lang='lat'>:</span> <span class='ocrx_word' id='word_1_411' title='bbox 3274 2072 3554 2141; x_wconf 89' lang='lat' dir='ltr'>quemad-</span> 
     </span>
    </p>
   </div>
   <div class='ocr_carea' id='block_1_52' title="bbox 1908 2159 3549 2232">
    <p class='ocr_par' dir='ltr' id='par_1_52' title="bbox 1908 2159 3549 2232">
     <span class='ocr_line' id='line_1_52' title="bbox 1908 2159 3549 2232; baseline 0 -18"><span class='ocrx_word' id='word_1_412' title='bbox 1908 2161 2149 2215; x_wconf 89' lang='lat' dir='ltr'>modum</span> <span class='ocrx_word' id='word_1_413' title='bbox 2181 2161 2430 2231; x_wconf 75' lang='lat' dir='ltr'>legimus</span> <span class='ocrx_word' id='word_1_414' title='bbox 2483 2161 2798 2232; x_wconf 86' lang='lat' dir='ltr'>contigisse</span> <span class='ocrx_word' id='word_1_415' title='bbox 2847 2160 2996 2217; x_wconf 84' lang='lat' dir='ltr'>circa</span> <span class='ocrx_word' id='word_1_416' title='bbox 3045 2160 3223 2215; x_wconf 92' lang='lat' dir='ltr'>solem</span> <span class='ocrx_word' id='word_1_417' title='bbox 3261 2164 3319 2215; x_wconf 92' lang='lat' dir='ltr'>et</span> <span class='ocrx_word' id='word_1_418' title='bbox 3350 2159 3549 2214; x_wconf 88' lang='lat' dir='ltr'>lunam</span> 
     </span>
    </p>
   </div>
   <div class='ocr_carea' id='block_1_53' title="bbox 1908 2248 3553 2321">
    <p class='ocr_par' dir='ltr' id='par_1_53' title="bbox 1908 2248 3553 2321">
     <span class='ocr_line' id='line_1_53' title="bbox 1908 2248 3553 2321; baseline -0.001 -17"><span class='ocrx_word' id='word_1_419' title='bbox 1908 2253 2017 2304; x_wconf 88' lang='lat' dir='ltr'>sub</span> <span class='ocrx_word' id='word_1_420' title='bbox 2048 2252 2185 2305; x_wconf 86' lang='lat' dir='ltr'>Jesu</span> <span class='ocrx_word' id='word_1_421' title='bbox 2220 2251 2371 2306; x_wconf 90' lang='lat' dir='ltr'>Nave</span> <span class='ocrx_word' id='word_1_422' title='bbox 2406 2251 2523 2305; x_wconf 82' lang='lat' dir='ltr'>tilio</span> <span class='ocrx_word' id='word_1_423' title='bbox 2554 2254 2610 2305; x_wconf 85' lang='lat' dir='ltr'>et</span> <span class='ocrx_word' id='word_1_424' title='bbox 2638 2250 2882 2305; x_wconf 89' lang='lat' dir='ltr'>Ezechia</span> <span class='ocrx_word' id='word_1_425' title='bbox 2913 2252 3043 2321; x_wconf 89' lang='lat'>(67).</span> <span class='ocrx_word' id='word_1_426' title='bbox 3079 2249 3339 2319; x_wconf 90' lang='lat' dir='ltr'>Denique</span> <span class='ocrx_word' id='word_1_427' title='bbox 3371 2248 3553 2304; x_wconf 89' lang='lat' dir='ltr'>scien-</span> 
     </span>
    </p>
   </div>
   <div class='ocr_carea' id='block_1_54' title="bbox 1908 2337 3555 2410">
    <p class='ocr_par' dir='ltr' id='par_1_54' title="bbox 1908 2337 3555 2410">
     <span class='ocr_line' id='line_1_54' title="bbox 1908 2337 3555 2410; baseline 0 -18"><span class='ocrx_word' id='word_1_428' title='bbox 1908 2339 2072 2409; x_wconf 89' lang='lat' dir='ltr'>dum,</span> <span class='ocrx_word' id='word_1_429' title='bbox 2100 2340 2252 2409; x_wconf 92' lang='lat' dir='ltr'>quod</span> <span class='ocrx_word' id='word_1_430' title='bbox 2286 2340 2437 2394; x_wconf 93' lang='lat' dir='ltr'>inter</span> <span class='ocrx_word' id='word_1_431' title='bbox 2457 2356 2523 2394; x_wconf 91' lang='lat' dir='ltr'>ea</span> <span class='ocrx_word' id='word_1_432' title='bbox 2548 2356 2675 2410; x_wconf 72' lang='lat' dir='ltr'>quae</span> <span class='ocrx_word' id='word_1_433' title='bbox 2707 2339 2861 2409; x_wconf 91' lang='lat' dir='ltr'>apud</span> <span class='ocrx_word' id='word_1_434' title='bbox 2886 2338 3114 2393; x_wconf 72' lang='lat' dir='ltr'>Graecos</span> <span class='ocrx_word' id='word_1_435' title='bbox 3148 2355 3248 2409; x_wconf 89' lang='lat' dir='ltr'>pro</span> <span class='ocrx_word' id='word_1_436' title='bbox 3271 2337 3555 2393; x_wconf 84' lang='lat' dir='ltr'>confessis</span> 
     </span>
    </p>
   </div>
   <div class='ocr_carea' id='block_1_55' title="bbox 1908 2426 3559 2498">
    <p class='ocr_par' dir='ltr' id='par_1_55' title="bbox 1908 2426 3559 2498">
     <span class='ocr_line' id='line_1_55' title="bbox 1908 2426 3559 2498; baseline -0.001 -18"><span class='ocrx_word' id='word_1_437' title='bbox 1908 2427 1966 2481; x_wconf 94' lang='lat' dir='ltr'>in</span> <span class='ocrx_word' id='word_1_438' title='bbox 2001 2428 2179 2482; x_wconf 89' lang='lat' dir='ltr'>dubia</span> <span class='ocrx_word' id='word_1_439' title='bbox 2204 2428 2313 2481; x_wconf 82' lang='lat' dir='ltr'>{ide</span> <span class='ocrx_word' id='word_1_440' title='bbox 2335 2432 2628 2496; x_wconf 87' lang='lat' dir='ltr'>tenentur,</span> <span class='ocrx_word' id='word_1_441' title='bbox 2652 2426 2794 2481; x_wconf 89' lang='lat' dir='ltr'>illud</span> <span class='ocrx_word' id='word_1_442' title='bbox 2823 2443 3057 2498; x_wconf 90' lang='lat' dir='ltr'>quoque</span> <span class='ocrx_word' id='word_1_443' title='bbox 3090 2426 3440 2481; x_wconf 86' lang='lat' dir='ltr'>adducitur:</span> <span class='ocrx_word' id='word_1_444' title='bbox 3466 2443 3559 2480; x_wconf 92' lang='lat' dir='ltr'>or-</span> 
     </span>
    </p>
   </div>
   <div class='ocr_carea' id='block_1_56' title="bbox 1910 2514 3562 2585">
    <p class='ocr_par' dir='ltr' id='par_1_56' title="bbox 1910 2514 3562 2585">
     <span class='ocr_line' id='line_1_56' title="bbox 1910 2514 3562 2585; baseline -0.001 -16"><span class='ocrx_word' id='word_1_445' title='bbox 1910 2514 2107 2569; x_wconf 88' lang='lat' dir='ltr'>dinem</span> <span class='ocrx_word' id='word_1_446' title='bbox 2140 2521 2307 2583; x_wconf 85' lang='lat' dir='ltr'>atque</span> <span class='ocrx_word' id='word_1_447' title='bbox 2330 2516 2764 2570; x_wconf 89' lang='lat' dir='ltr'>distinctionem</span> <span class='ocrx_word' id='word_1_448' title='bbox 2787 2533 2978 2569; x_wconf 92' lang='lat' dir='ltr'>rerum</span> <span class='ocrx_word' id='word_1_449' title='bbox 3003 2516 3129 2585; x_wconf 86' lang='lat' dir='ltr'>ejus</span> <span class='ocrx_word' id='word_1_450' title='bbox 3163 2531 3311 2581; x_wconf 92' lang='lat' dir='ltr'>esse,</span> <span class='ocrx_word' id='word_1_451' title='bbox 3337 2514 3437 2585; x_wconf 92' lang='lat' dir='ltr'>qui</span> <span class='ocrx_word' id='word_1_452' title='bbox 3462 2531 3562 2570; x_wconf 88' lang='lat' dir='ltr'>ea-</span> 
     </span>
    </p>
   </div>
   <div class='ocr_carea' id='block_1_57' title="bbox 1912 2604 3564 2675">
    <p class='ocr_par' dir='ltr' id='par_1_57' title="bbox 1912 2604 3564 2675">
     <span class='ocr_line' id='line_1_57' title="bbox 1912 2604 3564 2675; baseline -0.001 -17"><span class='ocrx_word' id='word_1_453' title='bbox 1912 2621 2041 2658; x_wconf 89' lang='lat' dir='ltr'>rum</span> <span class='ocrx_word' id='word_1_454' title='bbox 2073 2609 2275 2659; x_wconf 81' lang='lat' dir='ltr'>auctor</span> <span class='ocrx_word' id='word_1_455' title='bbox 2305 2609 2412 2659; x_wconf 87' lang='lat' dir='ltr'>est.</span> <span class='ocrx_word' id='word_1_456' title='bbox 2462 2605 2672 2659; x_wconf 89' lang='lat' dir='ltr'>Dicens</span> <span class='ocrx_word' id='word_1_457' title='bbox 2705 2604 2860 2659; x_wconf 91' lang='lat' dir='ltr'>enim</span> <span class='ocrx_word' id='word_1_458' title='bbox 2912 2620 3146 2675; x_wconf 70' lang='lat' dir='ltr'>aequum</span> <span class='ocrx_word' id='word_1_459' title='bbox 3196 2620 3324 2659; x_wconf 89' lang='lat' dir='ltr'>esse</span> <span class='ocrx_word' id='word_1_460' title='bbox 3356 2620 3425 2658; x_wconf 83' lang='lat' dir='ltr'>ex</span> <span class='ocrx_word' id='word_1_461' title='bbox 3457 2604 3564 2659; x_wconf 91' lang='lat' dir='ltr'>hoc</span> 
     </span>
    </p>
   </div>
   <div class='ocr_carea' id='block_1_58' title="bbox 1911 2692 3564 2764">
    <p class='ocr_par' dir='ltr' id='par_1_58' title="bbox 1911 2692 3564 2764">
     <span class='ocr_line' id='line_1_58' title="bbox 1911 2692 3564 2764; baseline -0.001 -17"><span class='ocrx_word' id='word_1_462' title='bbox 1911 2694 2248 2764; x_wconf 84' lang='lat' dir='ltr'>cognovisse</span> <span class='ocrx_word' id='word_1_463' title='bbox 2270 2694 2451 2748; x_wconf 86' lang='lat' dir='ltr'>Deum</span> <span class='ocrx_word' id='word_1_464' title='bbox 2482 2693 2747 2748; x_wconf 90' lang='lat' dir='ltr'>universo</span> <span class='ocrx_word' id='word_1_465' title='bbox 2780 2692 2935 2763; x_wconf 86' lang='lat' dir='ltr'>leges</span> <span class='ocrx_word' id='word_1_466' title='bbox 2968 2708 3203 2763; x_wconf 88' lang='lat' dir='ltr'>ponere,</span> <span class='ocrx_word' id='word_1_467' title='bbox 3227 2693 3365 2763; x_wconf 91' lang='lat' dir='ltr'>quia</span> <span class='ocrx_word' id='word_1_468' title='bbox 3388 2692 3475 2748; x_wconf 89' lang='lat' dir='ltr'>sol</span> <span class='ocrx_word' id='word_1_469' title='bbox 3507 2696 3564 2748; x_wconf 87' lang='lat' dir='ltr'>et</span> 
     </span>
    </p>
   </div>
   <div class='ocr_carea' id='block_1_59' title="bbox 1909 2781 3560 2849">
    <p class='ocr_par' dir='ltr' id='par_1_59' title="bbox 1909 2781 3560 2849">
     <span class='ocr_line' id='line_1_59' title="bbox 1909 2781 3560 2849; baseline -0.002 -12"><span class='ocrx_word' id='word_1_470' title='bbox 1909 2781 2051 2837; x_wconf 91' lang='lat' dir='ltr'>luna</span> <span class='ocrx_word' id='word_1_471' title='bbox 2080 2782 2344 2837; x_wconf 89' lang='lat' dir='ltr'>terminis</span> <span class='ocrx_word' id='word_1_472' title='bbox 2376 2782 2487 2836; x_wconf 91' lang='lat' dir='ltr'>diei</span> <span class='ocrx_word' id='word_1_473' title='bbox 2523 2781 2810 2836; x_wconf 86' lang='lat' dir='ltr'>naturalis</span> <span class='ocrx_word' id='word_1_474' title='bbox 2841 2782 3181 2836; x_wconf 81' lang='lat' dir='ltr'>constitutis</span> <span class='ocrx_word' id='word_1_475' title='bbox 3210 2785 3473 2849; x_wconf 87' lang='lat' dir='ltr'>currunt,</span> <span class='ocrx_word' id='word_1_476' title='bbox 3504 2784 3560 2836; x_wconf 87' lang='lat' dir='ltr'>et</span> 
     </span>
    </p>
   </div>
   <div class='ocr_carea' id='block_1_60' title="bbox 1912 2869 3558 2925">
    <p class='ocr_par' dir='ltr' id='par_1_60' title="bbox 1912 2869 3558 2925">
     <span class='ocr_line' id='line_1_60' title="bbox 1912 2869 3558 2925; baseline -0.001 0"><span class='ocrx_word' id='word_1_477' title='bbox 1912 2870 2088 2925; x_wconf 78' lang='lat' dir='ltr'>simul</span> <span class='ocrx_word' id='word_1_478' title='bbox 2122 2888 2256 2924; x_wconf 91' lang='lat' dir='ltr'>cum</span> <span class='ocrx_word' id='word_1_479' title='bbox 2291 2871 2559 2925; x_wconf 89' lang='lat' dir='ltr'>universo</span> <span class='ocrx_word' id='word_1_480' title='bbox 2592 2869 2866 2925; x_wconf 77' lang='lat' dir='ltr'>cmlorum</span> <span class='ocrx_word' id='word_1_481' title='bbox 2920 2870 3057 2924; x_wconf 90' lang='lat' dir='ltr'>orbe</span> <span class='ocrx_word' id='word_1_482' title='bbox 3088 2870 3558 2924; x_wconf 65' lang='lat' dir='ltr'>circumvolvunu</span> 
     </span>
    </p>
   </div>
   <div class='ocr_carea' id='block_1_61' title="bbox 1910 2956 3560 3029">
    <p class='ocr_par' dir='ltr' id='par_1_61' title="bbox 1910 2956 3560 3029">
     <span class='ocr_line' id='line_1_61' title="bbox 1910 2956 3560 3029; baseline -0.001 -16"><span class='ocrx_word' id='word_1_483' title='bbox 1910 2964 2025 3026; x_wconf 92' lang='lat' dir='ltr'>tur,</span> <span class='ocrx_word' id='word_1_484' title='bbox 2059 2958 2251 3029; x_wconf 89' lang='lat' dir='ltr'>arguit</span> <span class='ocrx_word' id='word_1_485' title='bbox 2275 2958 2430 3012; x_wconf 89' lang='lat' dir='ltr'>hunc</span> <span class='ocrx_word' id='word_1_486' title='bbox 2464 2962 2527 3012; x_wconf 93' lang='lat' dir='ltr'>ut</span> <span class='ocrx_word' id='word_1_487' title='bbox 2557 2957 2656 3028; x_wconf 92' lang='lat' dir='ltr'>qui</span> <span class='ocrx_word' id='word_1_488' title='bbox 2689 2956 2895 3011; x_wconf 86' lang='lat' dir='ltr'>talium</span> <span class='ocrx_word' id='word_1_489' title='bbox 2928 2956 3420 3027; x_wconf 87' lang='lat' dir='ltr'>contemplatione</span> <span class='ocrx_word' id='word_1_490' title='bbox 3446 2974 3560 3011; x_wconf 89' lang='lat' dir='ltr'>non</span> 
     </span>
    </p>
   </div>
   <div class='ocr_carea' id='block_1_62' title="bbox 1912 3046 3557 3119">
    <p class='ocr_par' dir='ltr' id='par_1_62' title="bbox 1912 3046 3557 3119">
     <span class='ocr_line' id='line_1_62' title="bbox 1912 3046 3557 3119; baseline -0.001 -16"><span class='ocrx_word' id='word_1_491' title='bbox 1912 3052 2209 3119; x_wconf 87' lang='lat' dir='ltr'>agnoscat,</span> <span class='ocrx_word' id='word_1_492' title='bbox 2246 3064 2349 3102; x_wconf 87' lang='lat' dir='ltr'>nec</span> <span class='ocrx_word' id='word_1_493' title='bbox 2399 3047 2595 3102; x_wconf 85' lang='lat' dir='ltr'>adoret</span> <span class='ocrx_word' id='word_1_494' title='bbox 2650 3049 2977 3101; x_wconf 86' lang='lat' dir='ltr'>reverenter</span> <span class='ocrx_word' id='word_1_495' title='bbox 3023 3062 3221 3101; x_wconf 91' lang='lat' dir='ltr'>eorum</span> <span class='ocrx_word' id='word_1_496' title='bbox 3265 3046 3557 3117; x_wconf 85' lang='lat' dir='ltr'>opiﬁcem.</span> 
     </span>
    </p>
   </div>
   <div class='ocr_carea' id='block_1_63' title="bbox 1912 3133 3560 3207">
    <p class='ocr_par' dir='ltr' id='par_1_63' title="bbox 1912 3133 3560 3207">
     <span class='ocr_line' id='line_1_63' title="bbox 1912 3133 3560 3207; baseline 0 -18"><span class='ocrx_word' id='word_1_497' title='bbox 1912 3135 2122 3201; x_wconf 88' lang='lat' dir='ltr'>Quidni</span> <span class='ocrx_word' id='word_1_498' title='bbox 2155 3135 2335 3207; x_wconf 89' lang='lat' dir='ltr'>igitur</span> <span class='ocrx_word' id='word_1_499' title='bbox 2356 3136 2534 3191; x_wconf 91' lang='lat' dir='ltr'>Deum</span> <span class='ocrx_word' id='word_1_500' title='bbox 2562 3134 2652 3188; x_wconf 90' lang='lat' dir='ltr'>hic</span> <span class='ocrx_word' id='word_1_501' title='bbox 2673 3133 3078 3188; x_wconf 86' lang='lat' dir='ltr'>admirabilem</span> <span class='ocrx_word' id='word_1_502' title='bbox 3105 3134 3401 3204; x_wconf 70' lang='lat' dir='ltr'>praedicat,</span> <span class='ocrx_word' id='word_1_503' title='bbox 3426 3151 3560 3205; x_wconf 88' lang='lat' dir='ltr'>pro-</span> 
     </span>
    </p>
   </div>
   <div class='ocr_carea' id='block_1_64' title="bbox 1912 3222 3559 3293">
    <p class='ocr_par' dir='ltr' id='par_1_64' title="bbox 1912 3222 3559 3293">
     <span class='ocr_line' id='line_1_64' title="bbox 1912 3222 3559 3293; baseline -0.002 -15"><span class='ocrx_word' id='word_1_504' title='bbox 1912 3226 2102 3278; x_wconf 86' lang='lat' dir='ltr'>fessus</span> <span class='ocrx_word' id='word_1_505' title='bbox 2133 3223 2399 3293; x_wconf 57' lang='lat' dir='ltr'>potentia</span> <span class='ocrx_word' id='word_1_506' title='bbox 2420 3241 2547 3279; x_wconf 89' lang='lat' dir='ltr'>esse</span> <span class='ocrx_word' id='word_1_507' title='bbox 2571 3240 2764 3279; x_wconf 88' lang='lat' dir='ltr'>rerum</span> <span class='ocrx_word' id='word_1_508' title='bbox 2794 3222 3057 3277; x_wconf 91' lang='lat' dir='ltr'>omnium</span> <span class='ocrx_word' id='word_1_509' title='bbox 3078 3222 3404 3289; x_wconf 67' lang='lat' dir='ltr'>effectricis,</span> <span class='ocrx_word' id='word_1_510' title='bbox 3430 3222 3559 3276; x_wconf 93' lang='lat' dir='ltr'>nul-</span> 
     </span>
    </p>
   </div>
   <div class='ocr_carea' id='block_1_65' title="bbox 174 3290 1802 3385">
    <p class='ocr_par' dir='ltr' id='par_1_65' title="bbox 174 3307 1795 3385">
     <span class='ocr_line' id='line_1_65' title="bbox 174 3307 1795 3385; baseline 0 -24"><span class='ocrx_word' id='word_1_511' title='bbox 174 3310 221 3361; x_wconf 77' lang='grc' dir='ltr'>τὸ</span> <span class='ocrx_word' id='word_1_512' title='bbox 268 3317 366 3365; x_wconf 78' lang='grc' dir='ltr'>πᾶν</span> <span class='ocrx_word' id='word_1_513' title='bbox 419 3310 683 3365; x_wconf 70' lang='grc' dir='ltr'>τοσούτου</span> <span class='ocrx_word' id='word_1_514' title='bbox 742 3310 969 3385; x_wconf 83' lang='grc' dir='ltr'>χρόνου,</span> <span class='ocrx_word' id='word_1_515' title='bbox 1029 3307 1290 3380; x_wconf 83' lang='grc' dir='ltr'>δηλονότι</span> <span class='ocrx_word' id='word_1_516' title='bbox 1346 3307 1543 3364; x_wconf 78' lang='grc' dir='ltr'>εἷ’κοσιν</span> <span class='ocrx_word' id='word_1_517' title='bbox 1616 3310 1795 3381; x_wconf 80' lang='grc' dir='ltr'>ὡρῶν,</span> 
     </span>
    </p>
   </div>
   <div class='ocr_carea' id='block_1_66' title="bbox 1914 3290 3559 3385">
    <p class='ocr_par' dir='ltr' id='par_1_66' title="bbox 1914 3310 3559 3384">
     <span class='ocr_line' id='line_1_66' title="bbox 1914 3310 3559 3384; baseline -0.001 -17"><span class='ocrx_word' id='word_1_518' title='bbox 1914 3314 2101 3383; x_wconf 91' lang='lat' dir='ltr'>lisque</span> <span class='ocrx_word' id='word_1_519' title='bbox 2132 3314 2272 3367; x_wconf 88' lang='lat' dir='ltr'>satis</span> <span class='ocrx_word' id='word_1_520' title='bbox 2303 3313 2655 3384; x_wconf 68' lang='lat' dir='ltr'>explicandae</span> <span class='ocrx_word' id='word_1_521' title='bbox 2680 3311 2701 3365; x_wconf 70' lang='grc' dir='ltr'><em>Ρ</em></span> <span class='ocrx_word' id='word_1_522' title='bbox 2731 3312 2878 3375; x_wconf 89' lang='lat' dir='ltr'>Quin</span> <span class='ocrx_word' id='word_1_523' title='bbox 2914 3317 2971 3366; x_wconf 88' lang='lat' dir='ltr'>et</span> <span class='ocrx_word' id='word_1_524' title='bbox 3012 3310 3354 3365; x_wconf 90' lang='lat' dir='ltr'>memoriam</span> <span class='ocrx_word' id='word_1_525' title='bbox 3390 3328 3559 3366; x_wconf 91' lang='lat' dir='ltr'>reno-</span> 
     </span>
    </p>
   </div>
   <div class='ocr_carea' id='block_1_67' title="bbox 177 3393 1800 3471">
    <p class='ocr_par' dir='ltr' id='par_1_67' title="bbox 177 3393 1800 3471">
     <span class='ocr_line' id='line_1_67' title="bbox 177 3393 1800 3471; baseline 0 -22"><span class='ocrx_word' id='word_1_526' title='bbox 177 3398 322 3471; x_wconf 66' lang='grc' dir='ltr'>’ρορᾶς</span> <span class='ocrx_word' id='word_1_527' title='bbox 395 3396 632 3457; x_wconf 76' lang='grc' dir='ltr'>ἐναντίας</span> <span class='ocrx_word' id='word_1_528' title='bbox 688 3393 1031 3464; x_wconf 74' lang='grc' dir='ltr'>ἁναποδίζει⁸</span> <span class='ocrx_word' id='word_1_529' title='bbox 1092 3395 1126 3464; x_wconf 76' lang='grc' dir='ltr'>ἢ</span> <span class='ocrx_word' id='word_1_530' title='bbox 1187 3397 1214 3449; x_wconf 92' lang='lat'>6</span> <span class='ocrx_word' id='word_1_531' title='bbox 1266 3394 1428 3464; x_wconf 74' lang='grc' dir='ltr'>ἥλιος</span> <span class='ocrx_word' id='word_1_532' title='bbox 1492 3393 1614 3468; x_wconf 83' lang='grc' dir='ltr'>ἰδίῳ</span> <span class='ocrx_word' id='word_1_533' title='bbox 1684 3394 1800 3471; x_wconf 82' lang='grc' dir='ltr'>δρό-</span> 
     </span>
    </p>
   </div>
   <div class='ocr_carea' id='block_1_68' title="bbox 176 3484 1800 3559">
    <p class='ocr_par' dir='ltr' id='par_1_68' title="bbox 176 3484 1800 3559">
     <span class='ocr_line' id='line_1_68' title="bbox 176 3484 1800 3559; baseline -0.001 -20"><span class='ocrx_word' id='word_1_534' title='bbox 176 3505 246 3556; x_wconf 82' lang='grc' dir='ltr'>μῳ</span> <span class='ocrx_word' id='word_1_535' title='bbox 272 3486 365 3554; x_wconf 76' lang='grc' dir='ltr'>τῆν</span> <span class='ocrx_word' id='word_1_536' title='bbox 419 3485 679 3555; x_wconf 79' lang='grc' dir='ltr'>τοιαύτην</span> <span class='ocrx_word' id='word_1_537' title='bbox 736 3485 948 3555; x_wconf 82' lang='grc' dir='ltr'>κίνησιν</span> <span class='ocrx_word' id='word_1_538' title='bbox 1004 3485 1319 3555; x_wconf 79' lang='grc' dir='ltr'>ἐποιήσατο.</span> <span class='ocrx_word' id='word_1_539' title='bbox 1378 3485 1452 3541; x_wconf 85' lang='grc' dir='ltr'>Τὸ</span> <span class='ocrx_word' id='word_1_540' title='bbox 1508 3484 1800 3559; x_wconf 84' lang='grc' dir='ltr'>πεντάτρο-</span> 
     </span>
    </p>
   </div>
   <div class='ocr_carea' id='block_1_69' title="bbox 176 3572 1802 3643">
    <p class='ocr_par' dir='ltr' id='par_1_69' title="bbox 176 3572 1802 3643">
     <span class='ocr_line' id='line_1_69' title="bbox 176 3572 1802 3643; baseline 0 -18"><span class='ocrx_word' id='word_1_541' title='bbox 176 3593 257 3625; x_wconf 84' lang='grc' dir='ltr'>πον</span> <span class='ocrx_word' id='word_1_542' title='bbox 284 3572 339 3629; x_wconf 74' lang='grc' dir='ltr'>δὲ</span> <span class='ocrx_word' id='word_1_543' title='bbox 386 3582 485 3642; x_wconf 87' lang='grc' dir='ltr'>τῆς</span> <span class='ocrx_word' id='word_1_544' title='bbox 534 3579 632 3627; x_wconf 89' lang='lat'>:06</span> <span class='ocrx_word' id='word_1_545' title='bbox 680 3572 844 3643; x_wconf 85' lang='grc' dir='ltr'>ἡλίου</span> <span class='ocrx_word' id='word_1_546' title='bbox 887 3576 1153 3643; x_wconf 85' lang='grc' dir='ltr'>κινήσεως</span> <span class='ocrx_word' id='word_1_547' title='bbox 1186 3572 1325 3628; x_wconf 72' lang='grc' dir='ltr'>οὕτω</span> <span class='ocrx_word' id='word_1_548' title='bbox 1364 3573 1581 3642; x_wconf 88' lang='grc' dir='ltr'>νόησον·</span> <span class='ocrx_word' id='word_1_549' title='bbox 1615 3575 1674 3629; x_wconf 86' lang='grc' dir='ltr'>Ἣ</span> <span class='ocrx_word' id='word_1_550' title='bbox 1708 3578 1802 3627; x_wconf 86' lang='lat'>:06</span> 
     </span>
    </p>
   </div>
   <div class='ocr_carea' id='block_1_70' title="bbox 175 3660 1799 3732">
    <p class='ocr_par' dir='ltr' id='par_1_70' title="bbox 175 3660 1799 3732">
     <span class='ocr_line' id='line_1_70' title="bbox 175 3660 1799 3732; baseline -0.001 -17"><span class='ocrx_word' id='word_1_551' title='bbox 175 3660 316 3728; x_wconf 73' lang='grc' dir='ltr'>ἡλίου</span> <span class='ocrx_word' id='word_1_552' title='bbox 366 3661 635 3725; x_wconf 64' lang='grc' dir='ltr'>ἔνια-ὅσιος</span> <span class='ocrx_word' id='word_1_553' title='bbox 685 3661 899 3732; x_wconf 87' lang='grc' dir='ltr'>κίνησις</span> <span class='ocrx_word' id='word_1_554' title='bbox 931 3661 1088 3717; x_wconf 88' lang='grc' dir='ltr'>πέντε</span> <span class='ocrx_word' id='word_1_555' title='bbox 1134 3667 1369 3716; x_wconf 85' lang='grc' dir='ltr'>ποιεῖται</span> <span class='ocrx_word' id='word_1_556' title='bbox 1416 3661 1641 3732; x_wconf 75' lang='grc' dir='ltr'>τροπὰς,</span> <span class='ocrx_word' id='word_1_557' title='bbox 1675 3660 1799 3715; x_wconf 85' lang='grc' dir='ltr'>ἀνά-</span> 
     </span>
    </p>
   </div>
   <div class='ocr_carea' id='block_1_71' title="bbox 176 3744 1801 3826">
    <p class='ocr_par' dir='ltr' id='par_1_71' title="bbox 176 3744 1801 3826">
     <span class='ocr_line' id='line_1_71' title="bbox 176 3744 1801 3826; baseline 0.001 -24"><span class='ocrx_word' id='word_1_558' title='bbox 176 3744 306 3803; x_wconf 73' lang='grc' dir='ltr'>ϐασιν</span> <span class='ocrx_word' id='word_1_559' title='bbox 363 3752 603 3826; x_wconf 86' lang='grc' dir='ltr'>βορείαν,</span> <span class='ocrx_word' id='word_1_560' title='bbox 635 3752 908 3806; x_wconf 87' lang='grc' dir='ltr'>τουτέστιν</span> <span class='ocrx_word' id='word_1_561' title='bbox 961 3752 1065 3805; x_wconf 84' lang='grc' dir='ltr'>ἀπὸ</span> <span class='ocrx_word' id='word_1_562' title='bbox 1115 3749 1331 3824; x_wconf 80' lang='grc' dir='ltr'>ἐαρινῆς</span> <span class='ocrx_word' id='word_1_563' title='bbox 1383 3749 1669 3823; x_wconf 77' lang='grc' dir='ltr'>ἰσημερίας</span> <span class='ocrx_word' id='word_1_564' title='bbox 1726 3748 1801 3811; x_wconf 77' lang='grc' dir='ltr'>εἷς</span> 
     </span>
    </p>
   </div>
   <div class='ocr_carea' id='block_1_72' title="bbox 172 3834 1802 3915">
    <p class='ocr_par' dir='ltr' id='par_1_72' title="bbox 172 3834 1802 3915">
     <span class='ocr_line' id='line_1_72' title="bbox 172 3834 1802 3915; baseline 0.002 -24"><span class='ocrx_word' id='word_1_565' title='bbox 172 3838 247 3891; x_wconf 71' lang='grc' dir='ltr'>τὸν</span> <span class='ocrx_word' id='word_1_566' title='bbox 302 3842 506 3912; x_wconf 84' lang='grc' dir='ltr'>θερινὸν</span> <span class='ocrx_word' id='word_1_567' title='bbox 568 3840 828 3915; x_wconf 85' lang='grc' dir='ltr'>τροπικόν</span> <span class='ocrx_word' id='word_1_568' title='bbox 865 3859 877 3871; x_wconf 92' lang='grc'>⁸</span> <span class='ocrx_word' id='word_1_569' title='bbox 937 3834 1227 3894; x_wconf 78' lang='grc' dir='ltr'>κατάϐασιν</span> <span class='ocrx_word' id='word_1_570' title='bbox 1279 3838 1516 3914; x_wconf 85' lang='grc' dir='ltr'>βορείαν,</span> <span class='ocrx_word' id='word_1_571' title='bbox 1569 3840 1659 3892; x_wconf 69' lang='grc' dir='ltr'>ἀπ’</span> <span class='ocrx_word' id='word_1_572' title='bbox 1710 3838 1802 3895; x_wconf 82' lang='grc' dir='ltr'>αὐ-</span> 
     </span>
    </p>
   </div>
   <div class='ocr_carea' id='block_1_73' title="bbox 172 3926 1802 4003">
    <p class='ocr_par' dir='ltr' id='par_1_73' title="bbox 172 3926 1802 4003">
     <span class='ocr_line' id='line_1_73' title="bbox 172 3926 1802 4003; baseline 0 -24"><span class='ocrx_word' id='word_1_573' title='bbox 172 3931 253 3979; x_wconf 79' lang='lat'>:06</span> <span class='ocrx_word' id='word_1_574' title='bbox 332 3926 593 3994; x_wconf 82' lang='grc' dir='ltr'>δηλονότι</span> <span class='ocrx_word' id='word_1_575' title='bbox 681 3927 769 3982; x_wconf 75' lang='grc' dir='ltr'>ἐπὶ</span> <span class='ocrx_word' id='word_1_576' title='bbox 850 3928 940 3982; x_wconf 86' lang='grc' dir='ltr'>τὸν</span> <span class='ocrx_word' id='word_1_577' title='bbox 1004 3927 1374 4003; x_wconf 82' lang='grc' dir='ltr'>μετοπωρινὸν</span> <span class='ocrx_word' id='word_1_578' title='bbox 1437 3926 1751 3998; x_wconf 76' lang='grc' dir='ltr'>ἰσημερινόν</span> <span class='ocrx_word' id='word_1_579' title='bbox 1789 3942 1802 3954; x_wconf 88' lang='grc'>⁸</span> 
     </span>
    </p>
   </div>
   <div class='ocr_carea' id='block_1_74' title="bbox 174 4013 1805 4089">
    <p class='ocr_par' dir='ltr' id='par_1_74' title="bbox 174 4013 1805 4089">
     <span class='ocr_line' id='line_1_74' title="bbox 174 4013 1805 4089; baseline 0 -21"><span class='ocrx_word' id='word_1_580' title='bbox 174 4013 443 4071; x_wconf 76' lang='grc' dir='ltr'>κατάϐασιν</span> <span class='ocrx_word' id='word_1_581' title='bbox 501 4016 688 4071; x_wconf 85' lang='grc' dir='ltr'>νοτίαν</span> <span class='ocrx_word' id='word_1_582' title='bbox 745 4016 849 4071; x_wconf 80' lang='grc' dir='ltr'>ἀπὸ</span> <span class='ocrx_word' id='word_1_583' title='bbox 900 4020 997 4070; x_wconf 90' lang='lat'>:06</span> <span class='ocrx_word' id='word_1_584' title='bbox 1034 4017 1287 4071; x_wconf 73' lang='grc' dir='ltr'>τοιούτου</span> <span class='ocrx_word' id='word_1_585' title='bbox 1338 4013 1662 4089; x_wconf 78' lang='grc' dir='ltr'>ἰσημερινοῦ</span> <span class='ocrx_word' id='word_1_586' title='bbox 1719 4015 1805 4068; x_wconf 81' lang='grc' dir='ltr'>ἐπὶ</span> 
     </span>
    </p>
   </div>
   <div class='ocr_carea' id='block_1_75' title="bbox 173 4099 1806 4180">
    <p class='ocr_par' dir='ltr' id='par_1_75' title="bbox 173 4099 1806 4180">
     <span class='ocr_line' id='line_1_75' title="bbox 173 4099 1806 4180; baseline 0.001 -25"><span class='ocrx_word' id='word_1_587' title='bbox 173 4104 250 4156; x_wconf 80' lang='grc' dir='ltr'>τὸν</span> <span class='ocrx_word' id='word_1_588' title='bbox 279 4106 593 4180; x_wconf 73' lang='grc' dir='ltr'>χειμερινὸν</span> <span class='ocrx_word' id='word_1_589' title='bbox 634 4100 896 4180; x_wconf 79' lang='grc' dir='ltr'>τροπικόν</span> <span class='ocrx_word' id='word_1_590' title='bbox 930 4124 941 4135; x_wconf 85' lang='grc'>⁸</span> <span class='ocrx_word' id='word_1_591' title='bbox 993 4105 1081 4158; x_wconf 82' lang='grc' dir='ltr'>καὶ</span> <span class='ocrx_word' id='word_1_592' title='bbox 1130 4099 1383 4158; x_wconf 75' lang='grc' dir='ltr'>ἀνάϐασιν</span> <span class='ocrx_word' id='word_1_593' title='bbox 1444 4106 1650 4173; x_wconf 83' lang='grc' dir='ltr'>νοτίαν,</span> <span class='ocrx_word' id='word_1_594' title='bbox 1701 4104 1806 4158; x_wconf 80' lang='grc' dir='ltr'>ἀπὸ</span> 
     </span>
    </p>
   </div>
   <div class='ocr_carea' id='block_1_76' title="bbox 177 4193 1808 4269">
    <p class='ocr_par' dir='ltr' id='par_1_76' title="bbox 177 4193 1808 4269">
     <span class='ocr_line' id='line_1_76' title="bbox 177 4193 1808 4269; baseline 0.001 -24"><span class='ocrx_word' id='word_1_595' title='bbox 177 4197 257 4246; x_wconf 85' lang='lat'>:06</span> <span class='ocrx_word' id='word_1_596' title='bbox 309 4198 631 4269; x_wconf 78' lang='grc' dir='ltr'>χειμερινοῦ</span> <span class='ocrx_word' id='word_1_597' title='bbox 677 4197 942 4265; x_wconf 79' lang='grc' dir='ltr'>τροπικοῦ</span> <span class='ocrx_word' id='word_1_598' title='bbox 1018 4193 1104 4247; x_wconf 87' lang='grc' dir='ltr'>έπὶ</span> <span class='ocrx_word' id='word_1_599' title='bbox 1154 4194 1244 4247; x_wconf 88' lang='grc' dir='ltr'>τὸν</span> <span class='ocrx_word' id='word_1_600' title='bbox 1307 4193 1514 4267; x_wconf 86' lang='grc' dir='ltr'>έαρινὸν</span> <span class='ocrx_word' id='word_1_601' title='bbox 1556 4194 1808 4269; x_wconf 80' lang='grc' dir='ltr'>ἰσημερι-</span> 
     </span>
    </p>
   </div>
   <div class='ocr_carea' id='block_1_77' title="bbox 177 4279 1808 4355">
    <p class='ocr_par' dir='ltr' id='par_1_77' title="bbox 177 4279 1808 4355">
     <span class='ocr_line' id='line_1_77' title="bbox 177 4279 1808 4355; baseline -0.001 -21"><span class='ocrx_word' id='word_1_602' title='bbox 177 4280 251 4334; x_wconf 78' lang='grc' dir='ltr'>νόν</span> <span class='ocrx_word' id='word_1_603' title='bbox 298 4285 408 4355; x_wconf 86' lang='grc'>(69)</span> <span class='ocrx_word' id='word_1_604' title='bbox 441 4302 453 4314; x_wconf 88' lang='grc'>⁸</span> <span class='ocrx_word' id='word_1_605' title='bbox 489 4282 580 4336; x_wconf 86' lang='grc' dir='ltr'>καὶ</span> <span class='ocrx_word' id='word_1_606' title='bbox 626 4282 880 4353; x_wconf 87' lang='grc' dir='ltr'>πέμπτην</span> <span class='ocrx_word' id='word_1_607' title='bbox 932 4282 1029 4348; x_wconf 78' lang='grc' dir='ltr'>τὴν</span> <span class='ocrx_word' id='word_1_608' title='bbox 1081 4279 1319 4333; x_wconf 80' lang='grc' dir='ltr'>ἐναντίαν</span> <span class='ocrx_word' id='word_1_609' title='bbox 1362 4285 1440 4351; x_wconf 73' lang='grc' dir='ltr'>τῷ</span> <span class='ocrx_word' id='word_1_610' title='bbox 1495 4282 1676 4336; x_wconf 84' lang='grc' dir='ltr'>παντί.</span> <span class='ocrx_word' id='word_1_611' title='bbox 1710 4280 1808 4334; x_wconf 84' lang='grc' dir='ltr'>Εἷ-</span> 
     </span>
    </p>
   </div>
   <div class='ocr_carea' id='block_1_78' title="bbox 177 4366 1810 4444">
    <p class='ocr_par' dir='ltr' id='par_1_78' title="bbox 177 4366 1810 4444">
     <span class='ocr_line' id='line_1_78' title="bbox 177 4366 1810 4444; baseline 0.001 -23"><span class='ocrx_word' id='word_1_612' title='bbox 177 4370 275 4422; x_wconf 85' lang='grc' dir='ltr'>πὼν</span> <span class='ocrx_word' id='word_1_613' title='bbox 352 4369 442 4425; x_wconf 78' lang='grc' dir='ltr'>οὗν</span> <span class='ocrx_word' id='word_1_614' title='bbox 521 4372 624 4439; x_wconf 71' lang='grc' dir='ltr'>τὴν</span> <span class='ocrx_word' id='word_1_615' title='bbox 700 4368 1069 4444; x_wconf 85' lang='grc' dir='ltr'>πεντάτροπον</span> <span class='ocrx_word' id='word_1_616' title='bbox 1147 4368 1310 4422; x_wconf 76' lang='grc' dir='ltr'>αὐτοῦ</span> <span class='ocrx_word' id='word_1_617' title='bbox 1395 4368 1606 4439; x_wconf 86' lang='grc' dir='ltr'>κίνησιν</span> <span class='ocrx_word' id='word_1_618' title='bbox 1645 4413 1658 4437; x_wconf 87' lang='grc'>,</span> <span class='ocrx_word' id='word_1_619' title='bbox 1721 4366 1810 4422; x_wconf 72' lang='grc' dir='ltr'>διὰ</span> 
     </span>
    </p>
   </div>
   <div class='ocr_carea' id='block_1_79' title="bbox 176 4456 1808 4532">
    <p class='ocr_par' dir='ltr' id='par_1_79' title="bbox 176 4456 1808 4532">
     <span class='ocr_line' id='line_1_79' title="bbox 176 4456 1808 4532; baseline 0.001 -23"><span class='ocrx_word' id='word_1_620' title='bbox 176 4461 259 4521; x_wconf 80' lang='grc' dir='ltr'>τῆς</span> <span class='ocrx_word' id='word_1_621' title='bbox 302 4462 621 4529; x_wconf 82' lang='grc' dir='ltr'>προσθήκης</span> <span class='ocrx_word' id='word_1_622' title='bbox 676 4462 772 4512; x_wconf 85' lang='lat'>:06</span> <span class='ocrx_word' id='word_1_623' title='bbox 830 4456 1031 4531; x_wconf 75' lang='grc' dir='ltr'>ἄρθρου</span> <span class='ocrx_word' id='word_1_624' title='bbox 1064 4460 1175 4529; x_wconf 88' lang='grc'>(70)</span> <span class='ocrx_word' id='word_1_625' title='bbox 1230 4458 1328 4524; x_wconf 74' lang='grc' dir='ltr'>τὴν</span> <span class='ocrx_word' id='word_1_626' title='bbox 1385 4459 1660 4532; x_wconf 85' lang='grc' dir='ltr'>γνώριμον</span> <span class='ocrx_word' id='word_1_627' title='bbox 1719 4458 1808 4511; x_wconf 82' lang='grc' dir='ltr'>καὶ</span> 
     </span>
    </p>
   </div>
   <div class='ocr_carea' id='block_1_80' title="bbox 177 4543 1808 4625">
    <p class='ocr_par' dir='ltr' id='par_1_80' title="bbox 177 4543 1808 4625">
     <span class='ocr_line' id='line_1_80' title="bbox 177 4543 1808 4625; baseline 0.001 -28"><span class='ocrx_word' id='word_1_628' title='bbox 177 4550 362 4616; x_wconf 71' lang='grc' dir='ltr'>συνήθη</span> <span class='ocrx_word' id='word_1_629' title='bbox 423 4547 680 4625; x_wconf 75' lang='grc' dir='ltr'>ὑπέφηνε.</span> <span class='ocrx_word' id='word_1_630' title='bbox 730 4546 804 4601; x_wconf 89' lang='grc' dir='ltr'>Τὸ</span> <span class='ocrx_word' id='word_1_631' title='bbox 863 4543 919 4599; x_wconf 77' lang='grc' dir='ltr'>δὲ</span> <span class='ocrx_word' id='word_1_632' title='bbox 968 4544 1018 4599; x_wconf 83' lang='grc' dir='ltr'>ἐν</span> <span class='ocrx_word' id='word_1_633' title='bbox 1078 4545 1292 4609; x_wconf 62' lang='grc' dir='ltr'>τούτοις</span> <span class='ocrx_word' id='word_1_634' title='bbox 1350 4544 1644 4619; x_wconf 78' lang='grc' dir='ltr'>λεγόμενον</span> <span class='ocrx_word' id='word_1_635' title='bbox 1708 4547 1808 4600; x_wconf 81' lang='grc' dir='ltr'>ὑπὸ</span> 
     </span>
    </p>
   </div>
   <div class='ocr_carea' id='block_1_81' title="bbox 1911 3398 3561 3473">
    <p class='ocr_par' dir='ltr' id='par_1_81' title="bbox 1911 3398 3561 3473">
     <span class='ocr_line' id='line_1_81' title="bbox 1911 3398 3561 3473; baseline 0 -19"><span class='ocrx_word' id='word_1_636' title='bbox 1911 3407 2006 3456; x_wconf 85' lang='lat' dir='ltr'>vat</span> <span class='ocrx_word' id='word_1_637' title='bbox 2030 3404 2195 3456; x_wconf 86' lang='lat' dir='ltr'>Pater</span> <span class='ocrx_word' id='word_1_638' title='bbox 2215 3406 2417 3455; x_wconf 90' lang='lat' dir='ltr'>sancto</span> <span class='ocrx_word' id='word_1_639' title='bbox 2440 3401 2757 3473; x_wconf 80' lang='lat' dir='ltr'>Polycarpo</span> <span class='ocrx_word' id='word_1_640' title='bbox 2791 3400 2919 3469; x_wconf 88' lang='lat' dir='ltr'>ejus</span> <span class='ocrx_word' id='word_1_641' title='bbox 2951 3398 3236 3465; x_wconf 74' lang='lat' dir='ltr'>historiae,</span> <span class='ocrx_word' id='word_1_642' title='bbox 3259 3416 3389 3469; x_wconf 77' lang='lat' dir='ltr'>quae</span> <span class='ocrx_word' id='word_1_643' title='bbox 3420 3416 3561 3454; x_wconf 90' lang='lat' dir='ltr'>con-</span> 
     </span>
    </p>
   </div>
   <div class='ocr_carea' id='block_1_82' title="bbox 1911 3486 3565 3559">
    <p class='ocr_par' dir='ltr' id='par_1_82' title="bbox 1911 3486 3565 3559">
     <span class='ocr_line' id='line_1_82' title="bbox 1911 3486 3565 3559; baseline -0.001 -17"><span class='ocrx_word' id='word_1_644' title='bbox 1911 3489 2044 3559; x_wconf 86' lang='lat' dir='ltr'>tigit</span> <span class='ocrx_word' id='word_1_645' title='bbox 2075 3490 2183 3543; x_wconf 88' lang='lat' dir='ltr'>sub</span> <span class='ocrx_word' id='word_1_646' title='bbox 2215 3488 2341 3558; x_wconf 91' lang='lat' dir='ltr'>ipso</span> <span class='ocrx_word' id='word_1_647' title='bbox 2372 3489 2512 3543; x_wconf 86' lang='lat' dir='ltr'>Jesu</span> <span class='ocrx_word' id='word_1_648' title='bbox 2543 3488 2717 3554; x_wconf 90' lang='lat' dir='ltr'>Nave,</span> <span class='ocrx_word' id='word_1_649' title='bbox 2743 3492 2803 3541; x_wconf 89' lang='lat' dir='ltr'>ut</span> <span class='ocrx_word' id='word_1_650' title='bbox 2826 3504 2953 3541; x_wconf 92' lang='lat' dir='ltr'>eam</span> <span class='ocrx_word' id='word_1_651' title='bbox 2978 3486 3366 3558; x_wconf 87' lang='lat' dir='ltr'>Apollophani</span> <span class='ocrx_word' id='word_1_652' title='bbox 3389 3505 3565 3559; x_wconf 90' lang='lat' dir='ltr'>oppo-</span> 
     </span>
    </p>
   </div>
   <div class='ocr_carea' id='block_1_83' title="bbox 1914 3576 3565 3646">
    <p class='ocr_par' dir='ltr' id='par_1_83' title="bbox 1914 3576 3565 3646">
     <span class='ocr_line' id='line_1_83' title="bbox 1914 3576 3565 3646; baseline -0.001 -15"><span class='ocrx_word' id='word_1_653' title='bbox 1914 3583 2033 3632; x_wconf 86' lang='lat' dir='ltr'>nat.</span> <span class='ocrx_word' id='word_1_654' title='bbox 2068 3578 2160 3631; x_wconf 88' lang='lat' dir='ltr'>Ait</span> <span class='ocrx_word' id='word_1_655' title='bbox 2191 3576 2472 3646; x_wconf 80' lang='lat' dir='ltr'>ergozDic</span> <span class='ocrx_word' id='word_1_656' title='bbox 2503 3580 2562 3630; x_wconf 87' lang='lat' dir='ltr'>tu</span> <span class='ocrx_word' id='word_1_657' title='bbox 2596 3576 2676 3629; x_wconf 89' lang='lat' dir='ltr'>illi</span> <span class='ocrx_word' id='word_1_658' title='bbox 2700 3592 2713 3630; x_wconf 89' lang='lat'>:</span> <span class='ocrx_word' id='word_1_659' title='bbox 2736 3576 2836 3630; x_wconf 88' lang='lat' dir='ltr'>Vel</span> <span class='ocrx_word' id='word_1_660' title='bbox 2861 3576 2986 3646; x_wconf 89' lang='lat' dir='ltr'>jam</span> <span class='ocrx_word' id='word_1_661' title='bbox 3007 3576 3221 3646; x_wconf 89' lang='lat' dir='ltr'>accipe,</span> <span class='ocrx_word' id='word_1_662' title='bbox 3247 3592 3363 3646; x_wconf 89' lang='lat' dir='ltr'>qua</span> <span class='ocrx_word' id='word_1_663' title='bbox 3386 3576 3565 3630; x_wconf 77' lang='lat' dir='ltr'>ratio-</span> 
     </span>
    </p>
   </div>
   <div class='ocr_carea' id='block_1_84' title="bbox 1915 3665 3561 3721">
    <p class='ocr_par' dir='ltr' id='par_1_84' title="bbox 1915 3665 3561 3721">
     <span class='ocr_line' id='line_1_84' title="bbox 1915 3665 3561 3721; baseline -0.001 0"><span class='ocrx_word' id='word_1_664' title='bbox 1915 3683 1985 3721; x_wconf 91' lang='lat' dir='ltr'>ne</span> <span class='ocrx_word' id='word_1_665' title='bbox 2020 3666 2171 3721; x_wconf 89' lang='lat' dir='ltr'>Deus</span> <span class='ocrx_word' id='word_1_666' title='bbox 2204 3666 2385 3720; x_wconf 91' lang='lat' dir='ltr'>solem</span> <span class='ocrx_word' id='word_1_667' title='bbox 2418 3669 2476 3720; x_wconf 88' lang='lat' dir='ltr'>et</span> <span class='ocrx_word' id='word_1_668' title='bbox 2506 3666 2705 3720; x_wconf 90' lang='lat' dir='ltr'>lunam</span> <span class='ocrx_word' id='word_1_669' title='bbox 2742 3669 2881 3719; x_wconf 89' lang='lat' dir='ltr'>tunc</span> <span class='ocrx_word' id='word_1_670' title='bbox 2912 3681 3044 3719; x_wconf 87' lang='lat' dir='ltr'>cum</span> <span class='ocrx_word' id='word_1_671' title='bbox 3077 3665 3404 3719; x_wconf 90' lang='lat' dir='ltr'>secundum</span> <span class='ocrx_word' id='word_1_672' title='bbox 3437 3665 3561 3719; x_wconf 87' lang='lat' dir='ltr'>dia-</span> 
     </span>
    </p>
   </div>
   <div class='ocr_carea' id='block_1_85' title="bbox 1917 3753 3568 3825">
    <p class='ocr_par' dir='ltr' id='par_1_85' title="bbox 1917 3753 3568 3825">
     <span class='ocr_line' id='line_1_85' title="bbox 1917 3753 3568 3825; baseline 0 -17"><span class='ocrx_word' id='word_1_673' title='bbox 1917 3754 2219 3809; x_wconf 84' lang='lat' dir='ltr'>metralem</span> <span class='ocrx_word' id='word_1_674' title='bbox 2251 3754 2467 3809; x_wconf 90' lang='lat' dir='ltr'>lineam</span> <span class='ocrx_word' id='word_1_675' title='bbox 2501 3770 2529 3809; x_wconf 92' lang='lat' dir='ltr'>e</span> <span class='ocrx_word' id='word_1_676' title='bbox 2561 3754 2795 3824; x_wconf 90' lang='lat' dir='ltr'>regione</span> <span class='ocrx_word' id='word_1_677' title='bbox 2826 3769 2954 3808; x_wconf 90' lang='lat' dir='ltr'>sese</span> <span class='ocrx_word' id='word_1_678' title='bbox 2993 3758 3410 3825; x_wconf 86' lang='lat' dir='ltr'>respectarent,</span> <span class='ocrx_word' id='word_1_679' title='bbox 3447 3753 3568 3809; x_wconf 85' lang='lat' dir='ltr'>sole</span> 
     </span>
    </p>
   </div>
   <div class='ocr_carea' id='block_1_86' title="bbox 1916 3842 3563 3914">
    <p class='ocr_par' dir='ltr' id='par_1_86' title="bbox 1916 3842 3563 3914">
     <span class='ocr_line' id='line_1_86' title="bbox 1916 3842 3563 3914; baseline 0 -18"><span class='ocrx_word' id='word_1_680' title='bbox 1916 3844 2150 3913; x_wconf 87' lang='lat' dir='ltr'>quidem</span> <span class='ocrx_word' id='word_1_681' title='bbox 2174 3843 2301 3914; x_wconf 89' lang='lat' dir='ltr'>jam</span> <span class='ocrx_word' id='word_1_682' title='bbox 2334 3843 2678 3913; x_wconf 84' lang='lat' dir='ltr'>devergente</span> <span class='ocrx_word' id='word_1_683' title='bbox 2710 3843 2767 3896; x_wconf 92' lang='lat' dir='ltr'>in</span> <span class='ocrx_word' id='word_1_684' title='bbox 2801 3858 3096 3912; x_wconf 90' lang='lat' dir='ltr'>occasum,</span> <span class='ocrx_word' id='word_1_685' title='bbox 3122 3847 3442 3910; x_wconf 89' lang='lat' dir='ltr'>utrumque</span> <span class='ocrx_word' id='word_1_686' title='bbox 3469 3842 3563 3896; x_wconf 89' lang='lat' dir='ltr'>lu-</span> 
     </span>
    </p>
   </div>
   <div class='ocr_carea' id='block_1_87' title="bbox 1917 3930 3563 4002">
    <p class='ocr_par' dir='ltr' id='par_1_87' title="bbox 1917 3930 3563 4002">
     <span class='ocr_line' id='line_1_87' title="bbox 1917 3930 3563 4002; baseline -0.001 -16"><span class='ocrx_word' id='word_1_687' title='bbox 1917 3932 2141 3986; x_wconf 89' lang='lat' dir='ltr'>minare</span> <span class='ocrx_word' id='word_1_688' title='bbox 2172 3931 2705 4001; x_wconf 85' lang='lat' dir='ltr'>subsisterejussit</span> <span class='ocrx_word' id='word_1_689' title='bbox 2739 3933 2793 3985; x_wconf 93' lang='lat' dir='ltr'>in</span> <span class='ocrx_word' id='word_1_690' title='bbox 2826 3931 3075 3986; x_wconf 89' lang='lat' dir='ltr'>statione</span> <span class='ocrx_word' id='word_1_691' title='bbox 3107 3948 3244 3997; x_wconf 81' lang='lat' dir='ltr'>sua;</span> <span class='ocrx_word' id='word_1_692' title='bbox 3271 3930 3445 4002; x_wconf 91' lang='lat' dir='ltr'>idque</span> <span class='ocrx_word' id='word_1_693' title='bbox 3480 3931 3563 3985; x_wconf 73' lang='lat' dir='ltr'>fa-</span> 
     </span>
    </p>
   </div>
   <div class='ocr_carea' id='block_1_88' title="bbox 1916 4018 3563 4091">
    <p class='ocr_par' dir='ltr' id='par_1_88' title="bbox 1916 4018 3563 4091">
     <span class='ocr_line' id='line_1_88' title="bbox 1916 4018 3563 4091; baseline -0.001 -18"><span class='ocrx_word' id='word_1_694' title='bbox 1916 4024 2075 4074; x_wconf 92' lang='lat' dir='ltr'>ctum</span> <span class='ocrx_word' id='word_1_695' title='bbox 2108 4037 2236 4075; x_wconf 91' lang='lat' dir='ltr'>esse</span> <span class='ocrx_word' id='word_1_696' title='bbox 2268 4020 2465 4091; x_wconf 87' lang='lat' dir='ltr'>negari</span> <span class='ocrx_word' id='word_1_697' title='bbox 2500 4036 2612 4073; x_wconf 94' lang='lat' dir='ltr'>non</span> <span class='ocrx_word' id='word_1_698' title='bbox 2646 4023 2839 4089; x_wconf 89' lang='lat' dir='ltr'>potest</span> <span class='ocrx_word' id='word_1_699' title='bbox 2868 4018 3147 4073; x_wconf 73' lang='lat' dir='ltr'>ineffabili</span> <span class='ocrx_word' id='word_1_700' title='bbox 3173 4019 3273 4074; x_wconf 90' lang='lat' dir='ltr'>Dei</span> <span class='ocrx_word' id='word_1_701' title='bbox 3300 4019 3563 4090; x_wconf 90' lang='lat' dir='ltr'>ipsorum</span> 
     </span>
    </p>
   </div>
   <div class='ocr_carea' id='block_1_89' title="bbox 1917 4106 3569 4179">
    <p class='ocr_par' dir='ltr' id='par_1_89' title="bbox 1917 4106 3569 4179">
     <span class='ocr_line' id='line_1_89' title="bbox 1917 4106 3569 4179; baseline -0.002 -16"><span class='ocrx_word' id='word_1_702' title='bbox 1917 4108 2139 4178; x_wconf 82' lang='lat' dir='ltr'>opiﬁcis</span> <span class='ocrx_word' id='word_1_703' title='bbox 2171 4108 2457 4179; x_wconf 89' lang='lat' dir='ltr'>potentia:</span> <span class='ocrx_word' id='word_1_704' title='bbox 2482 4112 2669 4162; x_wconf 91' lang='lat' dir='ltr'>totum</span> <span class='ocrx_word' id='word_1_705' title='bbox 2704 4107 3263 4177; x_wconf 89' lang='lat' dir='ltr'>insuperimmobile</span> <span class='ocrx_word' id='word_1_706' title='bbox 3294 4106 3569 4162; x_wconf 87' lang='lat' dir='ltr'>subsistit</span> 
     </span>
    </p>
   </div>
   <div class='ocr_carea' id='block_1_90' title="bbox 1918 4193 3563 4265">
    <p class='ocr_par' dir='ltr' id='par_1_90' title="bbox 1918 4193 3563 4265">
     <span class='ocr_line' id='line_1_90' title="bbox 1918 4193 3563 4265; baseline -0.002 -15"><span class='ocrx_word' id='word_1_707' title='bbox 1918 4213 2035 4250; x_wconf 89' lang='lat' dir='ltr'>una</span> <span class='ocrx_word' id='word_1_708' title='bbox 2066 4213 2198 4250; x_wconf 91' lang='lat' dir='ltr'>cum</span> <span class='ocrx_word' id='word_1_709' title='bbox 2235 4201 2482 4265; x_wconf 89' lang='lat' dir='ltr'>utroque</span> <span class='ocrx_word' id='word_1_710' title='bbox 2514 4194 2812 4249; x_wconf 91' lang='lat' dir='ltr'>luminari.</span> <span class='ocrx_word' id='word_1_711' title='bbox 2841 4193 3067 4248; x_wconf 90' lang='lat' dir='ltr'>Etenim</span> <span class='ocrx_word' id='word_1_712' title='bbox 3094 4211 3208 4248; x_wconf 93' lang='lat' dir='ltr'>non</span> <span class='ocrx_word' id='word_1_713' title='bbox 3233 4193 3443 4248; x_wconf 78' lang='lat' dir='ltr'>coelum</span> <span class='ocrx_word' id='word_1_714' title='bbox 3476 4194 3563 4265; x_wconf 89' lang='lat' dir='ltr'>ip-</span> 
     </span>
    </p>
   </div>
   <div class='ocr_carea' id='block_1_91' title="bbox 1919 4282 3567 4355">
    <p class='ocr_par' dir='ltr' id='par_1_91' title="bbox 1919 4282 3567 4355">
     <span class='ocr_line' id='line_1_91' title="bbox 1919 4282 3567 4355; baseline -0.002 -16"><span class='ocrx_word' id='word_1_715' title='bbox 1919 4301 2202 4349; x_wconf 90' lang='lat' dir='ltr'>sum,non</span> <span class='ocrx_word' id='word_1_716' title='bbox 2228 4285 2489 4355; x_wconf 88' lang='lat' dir='ltr'>reliquus</span> <span class='ocrx_word' id='word_1_717' title='bbox 2508 4283 2808 4337; x_wconf 88' lang='lat' dir='ltr'>stellarum</span> <span class='ocrx_word' id='word_1_718' title='bbox 2835 4282 3049 4336; x_wconf 89' lang='lat' dir='ltr'>chorus</span> <span class='ocrx_word' id='word_1_719' title='bbox 3071 4286 3190 4336; x_wconf 87' lang='lat' dir='ltr'>toto</span> <span class='ocrx_word' id='word_1_720' title='bbox 3214 4283 3567 4337; x_wconf 80' lang='lat' dir='ltr'>oberrabant</span> 
     </span>
    </p>
   </div>
   <div class='ocr_carea' id='block_1_92' title="bbox 1921 4370 3568 4444">
    <p class='ocr_par' dir='ltr' id='par_1_92' title="bbox 1921 4370 3568 4444">
     <span class='ocr_line' id='line_1_92' title="bbox 1921 4370 3568 4444; baseline -0.001 -18"><span class='ocrx_word' id='word_1_721' title='bbox 1921 4374 2077 4444; x_wconf 89' lang='lat' dir='ltr'>polo;</span> <span class='ocrx_word' id='word_1_722' title='bbox 2097 4374 2193 4427; x_wconf 91' lang='lat' dir='ltr'>sed</span> <span class='ocrx_word' id='word_1_723' title='bbox 2212 4390 2341 4427; x_wconf 83' lang='lat' dir='ltr'>eum</span> <span class='ocrx_word' id='word_1_724' title='bbox 2364 4374 2592 4427; x_wconf 90' lang='lat' dir='ltr'>duobus</span> <span class='ocrx_word' id='word_1_725' title='bbox 2610 4372 2726 4426; x_wconf 90' lang='lat' dir='ltr'>illis</span> <span class='ocrx_word' id='word_1_726' title='bbox 2748 4371 3163 4438; x_wconf 90' lang='lat' dir='ltr'>luminaribus,</span> <span class='ocrx_word' id='word_1_727' title='bbox 3180 4370 3303 4425; x_wconf 91' lang='lat' dir='ltr'>suis</span> <span class='ocrx_word' id='word_1_728' title='bbox 3323 4386 3568 4440; x_wconf 73' lang='lat' dir='ltr'>quaeque</span> 
     </span>
    </p>
   </div>
   <div class='ocr_carea' id='block_1_93' title="bbox 1919 4459 3567 4529">
    <p class='ocr_par' dir='ltr' id='par_1_93' title="bbox 1919 4459 3567 4529">
     <span class='ocr_line' id='line_1_93' title="bbox 1919 4459 3567 4529; baseline -0.004 -13"><span class='ocrx_word' id='word_1_729' title='bbox 1919 4462 2155 4516; x_wconf 89' lang='lat' dir='ltr'>sedibus</span> <span class='ocrx_word' id='word_1_730' title='bbox 2188 4462 2600 4515; x_wconf 90' lang='lat' dir='ltr'>substiterunt.</span> <span class='ocrx_word' id='word_1_731' title='bbox 2627 4461 2740 4514; x_wconf 90' lang='lat' dir='ltr'>Hoc</span> <span class='ocrx_word' id='word_1_732' title='bbox 2770 4460 2927 4514; x_wconf 90' lang='lat' dir='ltr'>enim</span> <span class='ocrx_word' id='word_1_733' title='bbox 2951 4460 3170 4514; x_wconf 87' lang='lat' dir='ltr'>indicat</span> <span class='ocrx_word' id='word_1_734' title='bbox 3196 4476 3207 4513; x_wconf 95' lang='lat'>:</span> <span class='ocrx_word' id='word_1_735' title='bbox 3235 4460 3386 4515; x_wconf 74' lang='lat'><strong>258</strong></span> <span class='ocrx_word' id='word_1_736' title='bbox 3417 4459 3567 4529; x_wconf 81' lang='grc' dir='ltr'>Ἅμα</span> 
     </span>
    </p>
   </div>
   <div class='ocr_carea' id='block_1_94' title="bbox 1917 4547 3571 4623">
    <p class='ocr_par' dir='ltr' id='par_1_94' title="bbox 1917 4547 3571 4623">
     <span class='ocr_line' id='line_1_94' title="bbox 1917 4547 3571 4623; baseline 0.001 -22"><span class='ocrx_word' id='word_1_737' title='bbox 1917 4552 1996 4620; x_wconf 75' lang='grc' dir='ltr'>τῷ</span> <span class='ocrx_word' id='word_1_738' title='bbox 2022 4549 2179 4602; x_wconf 75' lang='grc' dir='ltr'>παντὶ</span> <span class='ocrx_word' id='word_1_739' title='bbox 2211 4548 2348 4623; x_wconf 85' lang='grc' dir='ltr'>πρὸς</span> <span class='ocrx_word' id='word_1_740' title='bbox 2393 4547 2453 4601; x_wconf 85' lang='grc' dir='ltr'>τὸ</span> <span class='ocrx_word' id='word_1_741' title='bbox 2485 4547 2658 4618; x_wconf 76' lang='grc' dir='ltr'>πάντη</span> <span class='ocrx_word' id='word_1_742' title='bbox 2692 4547 2947 4617; x_wconf 86' lang='grc' dir='ltr'>ἀκίνητον</span> <span class='ocrx_word' id='word_1_743' title='bbox 2982 4548 3293 4621; x_wconf 81' lang='grc' dir='ltr'>ὁρίζωνται,</span> <span class='ocrx_word' id='word_1_744' title='bbox 3329 4548 3571 4619; x_wconf 79' lang='lat' dir='ltr'>perinde</span> 
     </span>
    </p>
   </div>
   <div class='ocr_carea' id='block_1_95' title="bbox 176 4633 1802 4719">
    <p class='ocr_par' dir='ltr' id='par_1_95' title="bbox 176 4633 1802 4710">
     <span class='ocr_line' id='line_1_95' title="bbox 176 4633 1802 4710; baseline -0.001 -23"><span class='ocrx_word' id='word_1_745' title='bbox 176 4640 259 4688; x_wconf 83' lang='lat'>:06</span> <span class='ocrx_word' id='word_1_746' title='bbox 304 4658 528 4710; x_wconf 80' lang='grc' dir='ltr'>πατρος,</span> <span class='ocrx_word' id='word_1_747' title='bbox 561 4638 847 4707; x_wconf 70' lang='grc' dir='ltr'>νοήσωμεν</span> <span class='ocrx_word' id='word_1_748' title='bbox 891 4634 1084 4695; x_wconf 77' lang='grc' dir='ltr'>οὕτως.</span> <span class='ocrx_word' id='word_1_749' title='bbox 1117 4635 1471 4706; x_wconf 80' lang='grc' dir='ltr'>Ὑποθώμεθα</span> <span class='ocrx_word' id='word_1_750' title='bbox 1515 4635 1606 4688; x_wconf 85' lang='grc' dir='ltr'>τὸν</span> <span class='ocrx_word' id='word_1_751' title='bbox 1647 4633 1802 4702; x_wconf 83' lang='grc' dir='ltr'>ἥλιον</span> 
     </span>
    </p>
   </div>
   <div class='ocr_carea' id='block_1_96' title="bbox 1914 4633 3572 4719">
    <p class='ocr_par' dir='ltr' id='par_1_96' title="bbox 1919 4637 3572 4709">
     <span class='ocr_line' id='line_1_96' title="bbox 1919 4637 3572 4709; baseline -0.001 -17"><span class='ocrx_word' id='word_1_752' title='bbox 1919 4642 2093 4708; x_wconf 88' lang='lat' dir='ltr'>atque</span> <span class='ocrx_word' id='word_1_753' title='bbox 2124 4640 2252 4709; x_wconf 91' lang='lat' dir='ltr'>ejus</span> <span class='ocrx_word' id='word_1_754' title='bbox 2299 4639 2485 4693; x_wconf 90' lang='lat' dir='ltr'>totius</span> <span class='ocrx_word' id='word_1_755' title='bbox 2516 4639 2630 4693; x_wconf 89' lang='lat' dir='ltr'>diei</span> <span class='ocrx_word' id='word_1_756' title='bbox 2682 4637 2971 4692; x_wconf 88' lang='lat' dir='ltr'>dimensio</span> <span class='ocrx_word' id='word_1_757' title='bbox 3020 4637 3335 4692; x_wconf 81' lang='lat' dir='ltr'>excreverit</span> <span class='ocrx_word' id='word_1_758' title='bbox 3380 4637 3572 4708; x_wconf 85' lang='lat' dir='ltr'>spatio</span> 
     </span>
    </p>
   </div>
   <div class='ocr_carea' id='block_1_97' title="bbox 181 4721 1811 4799">
    <p class='ocr_par' dir='ltr' id='par_1_97' title="bbox 181 4721 1811 4799">
     <span class='ocr_line' id='line_1_97' title="bbox 181 4721 1811 4799; baseline 0 -24"><span class='ocrx_word' id='word_1_759' title='bbox 181 4725 298 4778; x_wconf 76' lang='grc' dir='ltr'>εἶναι</span> <span class='ocrx_word' id='word_1_760' title='bbox 329 4726 464 4779; x_wconf 80' lang='grc' dir='ltr'>κατὰ</span> <span class='ocrx_word' id='word_1_761' title='bbox 491 4726 591 4792; x_wconf 76' lang='grc' dir='ltr'>τὴν</span> <span class='ocrx_word' id='word_1_762' title='bbox 626 4721 835 4799; x_wconf 81' lang='grc' dir='ltr'>ἡμέραν</span> <span class='ocrx_word' id='word_1_763' title='bbox 867 4722 1073 4790; x_wconf 75' lang='grc' dir='ltr'>ἐκείνην</span> <span class='ocrx_word' id='word_1_764' title='bbox 1106 4726 1174 4795; x_wconf 80' lang='grc' dir='ltr'>τῇ</span> <span class='ocrx_word' id='word_1_765' title='bbox 1220 4721 1335 4792; x_wconf 79' lang='grc' dir='ltr'>ὥρᾳ</span> <span class='ocrx_word' id='word_1_766' title='bbox 1385 4729 1486 4790; x_wconf 86' lang='grc' dir='ltr'>τῆς</span> <span class='ocrx_word' id='word_1_767' title='bbox 1540 4721 1811 4791; x_wconf 82' lang='grc' dir='ltr'>ἀνατολῆς</span> 
     </span>
    </p>
   </div>
   <div class='ocr_carea' id='block_1_98' title="bbox 180 4809 1809 4887">
    <p class='ocr_par' dir='ltr' id='par_1_98' title="bbox 180 4809 1809 4887">
     <span class='ocr_line' id='line_1_98' title="bbox 180 4809 1809 4887; baseline -0.003 -19"><span class='ocrx_word' id='word_1_768' title='bbox 180 4809 223 4864; x_wconf 69' lang='grc' dir='ltr'>ἓν</span> <span class='ocrx_word' id='word_1_769' title='bbox 382 4815 578 4887; x_wconf 81' lang='grc' dir='ltr'>πρώτῃ</span> <span class='ocrx_word' id='word_1_770' title='bbox 638 4811 803 4886; x_wconf 83' lang='grc' dir='ltr'>μοίρᾳ</span> <span class='ocrx_word' id='word_1_771' title='bbox 849 4815 945 4865; x_wconf 89' lang='lat'>:06</span> <span class='ocrx_word' id='word_1_772' title='bbox 987 4815 1173 4884; x_wconf 80' lang='grc' dir='ltr'>Κριοῦ.</span> <span class='ocrx_word' id='word_1_773' title='bbox 1217 4809 1309 4872; x_wconf 81' lang='grc' dir='ltr'>Εἷς</span> <span class='ocrx_word' id='word_1_774' title='bbox 1352 4812 1451 4877; x_wconf 80' lang='grc' dir='ltr'>τήν</span> <span class='ocrx_word' id='word_1_775' title='bbox 1502 4810 1666 4878; x_wconf 72' lang='grc' dir='ltr'>αὐτὴν</span> <span class='ocrx_word' id='word_1_776' title='bbox 1718 4810 1809 4865; x_wconf 70' lang='grc' dir='ltr'>οὖν</span> 
     </span>
    </p>
   </div>
   <div class='ocr_carea' id='block_1_99' title="bbox 188 4896 1811 4975">
    <p class='ocr_par' dir='ltr' id='par_1_99' title="bbox 188 4896 1811 4975">
     <span class='ocr_line' id='line_1_99' title="bbox 188 4896 1811 4975; baseline -0.001 -22"><span class='ocrx_word' id='word_1_777' title='bbox 188 4907 365 4975; x_wconf 82' lang='grc' dir='ltr'>μοῖραν</span> <span class='ocrx_word' id='word_1_778' title='bbox 399 4899 715 4963; x_wconf 81' lang='grc' dir='ltr'>ἐπανελθεῖν</span> <span class='ocrx_word' id='word_1_779' title='bbox 751 4898 907 4953; x_wconf 77' lang='grc' dir='ltr'>αὐτὸν</span> <span class='ocrx_word' id='word_1_780' title='bbox 942 4897 1039 4953; x_wconf 79' lang='grc' dir='ltr'>οὐκ</span> <span class='ocrx_word' id='word_1_781' title='bbox 1066 4900 1133 4967; x_wconf 82' lang='grc' dir='ltr'>ἦν</span> <span class='ocrx_word' id='word_1_782' title='bbox 1168 4896 1411 4966; x_wconf 85' lang='grc' dir='ltr'>δυνατὸν,</span> <span class='ocrx_word' id='word_1_783' title='bbox 1441 4900 1485 4952; x_wconf 82' lang='grc' dir='ltr'>εὶ</span> <span class='ocrx_word' id='word_1_784' title='bbox 1538 4901 1613 4971; x_wconf 79' lang='grc' dir='ltr'>μὴ</span> <span class='ocrx_word' id='word_1_785' title='bbox 1646 4902 1811 4968; x_wconf 73' lang='grc' dir='ltr'>ποιη-</span> 
     </span>
    </p>
   </div>
   <div class='ocr_carea' id='block_1_100' title="bbox 181 4985 1815 5065">
    <p class='ocr_par' dir='ltr' id='par_1_100' title="bbox 181 4985 1815 5065">
     <span class='ocr_line' id='line_1_100' title="bbox 181 4985 1815 5065; baseline 0.001 -24"><span class='ocrx_word' id='word_1_786' title='bbox 181 5009 308 5043; x_wconf 83' lang='grc' dir='ltr'>σεται</span> <span class='ocrx_word' id='word_1_787' title='bbox 339 4993 436 5059; x_wconf 79' lang='grc' dir='ltr'>τῆν</span> <span class='ocrx_word' id='word_1_788' title='bbox 465 4994 828 5065; x_wconf 85' lang='grc' dir='ltr'>προταγεῖσαν</span> <span class='ocrx_word' id='word_1_789' title='bbox 861 4988 1228 5061; x_wconf 83' lang='grc' dir='ltr'>πεντάτροπον</span> <span class='ocrx_word' id='word_1_790' title='bbox 1274 4986 1509 5057; x_wconf 88' lang='grc' dir='ltr'>κίνησιν,</span> <span class='ocrx_word' id='word_1_791' title='bbox 1541 4985 1709 5061; x_wconf 74' lang='grc' dir='ltr'>ἤγουν</span> <span class='ocrx_word' id='word_1_792' title='bbox 1746 4987 1815 5042; x_wconf 88' lang='grc' dir='ltr'>δι’</span> 
     </span>
    </p>
   </div>
   <div class='ocr_carea' id='block_1_101' title="bbox 180 5074 1811 5152">
    <p class='ocr_par' dir='ltr' id='par_1_101' title="bbox 180 5074 1811 5152">
     <span class='ocr_line' id='line_1_101' title="bbox 180 5074 1811 5152; baseline -0.001 -21"><span class='ocrx_word' id='word_1_793' title='bbox 180 5080 386 5152; x_wconf 79' lang='grc' dir='ltr'>ἡμερῶν</span> <span class='ocrx_word' id='word_1_794' title='bbox 438 5081 539 5151; x_wconf 59' lang='grc' dir='ltr'>τξί</span> <span class='ocrx_word' id='word_1_795' title='bbox 585 5080 721 5149; x_wconf 70' lang='grc'>(74),</span> <span class='ocrx_word' id='word_1_796' title='bbox 764 5077 852 5130; x_wconf 78' lang='grc' dir='ltr'>καὶ</span> <span class='ocrx_word' id='word_1_797' title='bbox 908 5074 1362 5151; x_wconf 81' lang='grc' dir='ltr'>τεταρτημόριον.</span> <span class='ocrx_word' id='word_1_798' title='bbox 1400 5077 1486 5129; x_wconf 84' lang='grc' dir='ltr'>Ἐν</span> <span class='ocrx_word' id='word_1_799' title='bbox 1546 5076 1634 5128; x_wconf 74' lang='grc' dir='ltr'>οὖν</span> <span class='ocrx_word' id='word_1_800' title='bbox 1694 5082 1811 5138; x_wconf 81' lang='grc' dir='ltr'>ταῖς</span> 
     </span>
    </p>
   </div>
   <div class='ocr_carea' id='block_1_102' title="bbox 179 5162 1816 5242">
    <p class='ocr_par' dir='ltr' id='par_1_102' title="bbox 179 5162 1816 5242">
     <span class='ocr_line' id='line_1_102' title="bbox 179 5162 1816 5242; baseline 0.002 -25"><span class='ocrx_word' id='word_1_801' title='bbox 179 5162 291 5220; x_wconf 66' lang='grc' dir='ltr'>δέκα</span> <span class='ocrx_word' id='word_1_802' title='bbox 322 5167 505 5242; x_wconf 80' lang='grc' dir='ltr'>ὥραις,</span> <span class='ocrx_word' id='word_1_803' title='bbox 538 5172 660 5227; x_wconf 83' lang='grc' dir='ltr'>ταῖς</span> <span class='ocrx_word' id='word_1_804' title='bbox 692 5165 796 5219; x_wconf 86' lang='grc' dir='ltr'>ἀπὸ</span> <span class='ocrx_word' id='word_1_805' title='bbox 826 5169 923 5219; x_wconf 81' lang='lat'>:06</span> <span class='ocrx_word' id='word_1_806' title='bbox 954 5164 1123 5218; x_wconf 85' lang='grc' dir='ltr'>τόπου</span> <span class='ocrx_word' id='word_1_807' title='bbox 1157 5164 1207 5217; x_wconf 79' lang='grc' dir='ltr'>ἐν</span> <span class='ocrx_word' id='word_1_808' title='bbox 1260 5165 1304 5235; x_wconf 82' lang='grc' dir='ltr'>ᾧ</span> <span class='ocrx_word' id='word_1_809' title='bbox 1361 5167 1550 5238; x_wconf 83' lang='grc' dir='ltr'>γέγονε</span> <span class='ocrx_word' id='word_1_810' title='bbox 1602 5166 1664 5218; x_wconf 88' lang='lat'>:6</span> <span class='ocrx_word' id='word_1_811' title='bbox 1723 5187 1816 5234; x_wconf 90' lang='grc' dir='ltr'>ση-</span> 
     </span>
    </p>
   </div>
   <div class='ocr_carea' id='block_1_103' title="bbox 186 5250 1815 5326">
    <p class='ocr_par' dir='ltr' id='par_1_103' title="bbox 186 5250 1815 5326">
     <span class='ocr_line' id='line_1_103' title="bbox 186 5250 1815 5326; baseline 0.001 -21"><span class='ocrx_word' id='word_1_812' title='bbox 186 5260 346 5323; x_wconf 82' lang='grc' dir='ltr'>μεῖον,</span> <span class='ocrx_word' id='word_1_813' title='bbox 380 5254 477 5317; x_wconf 72' lang='grc' dir='ltr'>ἕως</span> <span class='ocrx_word' id='word_1_814' title='bbox 536 5254 702 5309; x_wconf 84' lang='grc' dir='ltr'>πάλιν</span> <span class='ocrx_word' id='word_1_815' title='bbox 760 5260 860 5322; x_wconf 80' lang='grc' dir='ltr'>τῆς</span> <span class='ocrx_word' id='word_1_816' title='bbox 895 5252 945 5307; x_wconf 77' lang='grc' dir='ltr'>ἰν</span> <span class='ocrx_word' id='word_1_817' title='bbox 996 5255 1066 5321; x_wconf 80' lang='grc' dir='ltr'>τῇ</span> <span class='ocrx_word' id='word_1_818' title='bbox 1116 5250 1353 5324; x_wconf 81' lang='grc' dir='ltr'>ἀνατολῇ</span> <span class='ocrx_word' id='word_1_819' title='bbox 1412 5255 1635 5326; x_wconf 83' lang='grc' dir='ltr'>πρώτης</span> <span class='ocrx_word' id='word_1_820' title='bbox 1690 5253 1815 5325; x_wconf 87' lang='grc' dir='ltr'>μοί-</span> 
     </span>
    </p>
   </div>
   <div class='ocr_carea' id='block_1_104' title="bbox 186 5340 1815 5417">
    <p class='ocr_par' dir='ltr' id='par_1_104' title="bbox 186 5340 1815 5417">
     <span class='ocr_line' id='line_1_104' title="bbox 186 5340 1815 5417; baseline -0.001 -22"><span class='ocrx_word' id='word_1_821' title='bbox 186 5361 268 5414; x_wconf 82' lang='grc' dir='ltr'>ρας</span> <span class='ocrx_word' id='word_1_822' title='bbox 322 5349 416 5398; x_wconf 87' lang='lat'>:06</span> <span class='ocrx_word' id='word_1_823' title='bbox 473 5348 661 5417; x_wconf 75' lang='grc' dir='ltr'>Κριοῦ,</span> <span class='ocrx_word' id='word_1_824' title='bbox 714 5343 812 5409; x_wconf 77' lang='grc' dir='ltr'>τήν</span> <span class='ocrx_word' id='word_1_825' title='bbox 870 5341 1080 5396; x_wconf 75' lang='grc' dir='ltr'>τελείαν</span> <span class='ocrx_word' id='word_1_826' title='bbox 1136 5340 1567 5395; x_wconf 82' lang='grc' dir='ltr'>ἀποκατάστασιν</span> <span class='ocrx_word' id='word_1_827' title='bbox 1625 5341 1815 5410; x_wconf 79' lang='grc' dir='ltr'>ἐποιή-</span> 
     </span>
    </p>
   </div>
   <div class='ocr_carea' id='block_1_105' title="bbox 185 5426 1814 5502">
    <p class='ocr_par' dir='ltr' id='par_1_105' title="bbox 185 5426 1814 5502">
     <span class='ocr_line' id='line_1_105' title="bbox 185 5426 1814 5502; baseline 0.002 -21"><span class='ocrx_word' id='word_1_828' title='bbox 185 5449 321 5488; x_wconf 89' lang='grc' dir='ltr'>σατο.</span> <span class='ocrx_word' id='word_1_829' title='bbox 358 5433 452 5486; x_wconf 78' lang='grc' dir='ltr'>Καὶ</span> <span class='ocrx_word' id='word_1_830' title='bbox 505 5432 640 5486; x_wconf 78' lang='grc' dir='ltr'>κατὰ</span> <span class='ocrx_word' id='word_1_831' title='bbox 680 5435 866 5495; x_wconf 74' lang='grc' dir='ltr'>τοῦτο,</span> <span class='ocrx_word' id='word_1_832' title='bbox 925 5430 1039 5484; x_wconf 73' lang='grc' dir='ltr'>ἐπεὶ</span> <span class='ocrx_word' id='word_1_833' title='bbox 1094 5426 1281 5491; x_wconf 78' lang='grc' dir='ltr'>ἄλλως</span> <span class='ocrx_word' id='word_1_834' title='bbox 1342 5429 1439 5483; x_wconf 76' lang='grc' dir='ltr'>οὐκ</span> <span class='ocrx_word' id='word_1_835' title='bbox 1484 5431 1548 5497; x_wconf 77' lang='grc' dir='ltr'>ἦν</span> <span class='ocrx_word' id='word_1_836' title='bbox 1583 5428 1814 5502; x_wconf 78' lang='grc' dir='ltr'>ἅψασθαι</span> 
     </span>
    </p>
   </div>
   <div class='ocr_carea' id='block_1_106' title="bbox 182 5518 1811 5594">
    <p class='ocr_par' dir='ltr' id='par_1_106' title="bbox 182 5518 1811 5594">
     <span class='ocr_line' id='line_1_106' title="bbox 182 5518 1811 5594; baseline 0.002 -24"><span class='ocrx_word' id='word_1_837' title='bbox 182 5523 269 5572; x_wconf 84' lang='lat'>:06</span> <span class='ocrx_word' id='word_1_838' title='bbox 320 5527 418 5589; x_wconf 85' lang='grc' dir='ltr'>τῆς</span> <span class='ocrx_word' id='word_1_839' title='bbox 468 5520 692 5594; x_wconf 83' lang='grc' dir='ltr'>πρώτης</span> <span class='ocrx_word' id='word_1_840' title='bbox 755 5518 947 5594; x_wconf 87' lang='grc' dir='ltr'>μοίρας</span> <span class='ocrx_word' id='word_1_841' title='bbox 1010 5520 1243 5589; x_wconf 86' lang='grc' dir='ltr'>σημείου</span> <span class='ocrx_word' id='word_1_842' title='bbox 1313 5522 1409 5573; x_wconf 89' lang='lat'>:06</span> <span class='ocrx_word' id='word_1_843' title='bbox 1481 5521 1652 5592; x_wconf 87' lang='grc' dir='ltr'>Κριοῦ</span> <span class='ocrx_word' id='word_1_844' title='bbox 1722 5520 1811 5573; x_wconf 87' lang='grc' dir='ltr'>τὸν</span> 
     </span>
    </p>
   </div>
   <div class='ocr_carea' id='block_1_107' title="bbox 247 5706 1404 5784">
    <p class='ocr_par' dir='ltr' id='par_1_107' title="bbox 247 5706 1404 5784">
     <span class='ocr_line' id='line_1_107' title="bbox 247 5706 1404 5784; baseline -0.002 -19"><span class='ocrx_word' id='word_1_845' title='bbox 247 5709 327 5782; x_wconf 83' lang='lat' dir='ltr'>(u)</span> <span class='ocrx_word' id='word_1_846' title='bbox 355 5710 491 5784; x_wconf 78' lang='lat' dir='ltr'>Cap.</span> <span class='ocrx_word' id='word_1_847' title='bbox 523 5727 564 5783; x_wconf 82' lang='grc' dir='ltr'>ι,</span> <span class='ocrx_word' id='word_1_848' title='bbox 596 5725 649 5768; x_wconf 87' lang='lat' dir='ltr'>v.</span> <span class='ocrx_word' id='word_1_849' title='bbox 680 5708 772 5767; x_wconf 78' lang='grc'>24.</span> <span class='ocrx_word' id='word_1_850' title='bbox 852 5709 923 5781; x_wconf 86' lang='grc' dir='ltr'>(υ)</span> <span class='ocrx_word' id='word_1_851' title='bbox 955 5706 1129 5766; x_wconf 86' lang='lat' dir='ltr'>Eccli.</span> <span class='ocrx_word' id='word_1_852' title='bbox 1163 5723 1316 5778; x_wconf 74' lang='lat' dir='ltr'>XLVI,</span> <span class='ocrx_word' id='word_1_853' title='bbox 1348 5708 1404 5763; x_wconf 90' lang='lat'>5.</span> 
     </span>
    </p>
   </div>
   <div class='ocr_carea' id='block_1_108' title="bbox 493 5837 1069 5904">
    <p class='ocr_par' dir='ltr' id='par_1_108' title="bbox 493 5837 1069 5904">
     <span class='ocr_line' id='line_1_108' title="bbox 493 5837 1069 5904; baseline 0.002 -2"><span class='ocrx_word' id='word_1_854' title='bbox 493 5840 758 5904; x_wconf 69' lang='grc' dir='ltr'>Ρλποι..</span> <span class='ocrx_word' id='word_1_855' title='bbox 806 5838 918 5903; x_wconf 79' lang='lat' dir='ltr'>Gn.</span> <span class='ocrx_word' id='word_1_856' title='bbox 962 5837 1069 5903; x_wconf 82' lang='lat' dir='ltr'>IV.</span> 
     </span>
    </p>
   </div>
   <div class='ocr_carea' id='block_1_109' title="bbox 1922 4726 3575 4796">
    <p class='ocr_par' dir='ltr' id='par_1_109' title="bbox 1922 4726 3575 4796">
     <span class='ocr_line' id='line_1_109' title="bbox 1922 4726 3575 4796; baseline -0.001 -16"><span class='ocrx_word' id='word_1_857' title='bbox 1922 4726 2229 4782; x_wconf 89' lang='lat' dir='ltr'>duodecim</span> <span class='ocrx_word' id='word_1_858' title='bbox 2263 4726 2535 4781; x_wconf 90' lang='lat' dir='ltr'>horarum</span> <span class='ocrx_word' id='word_1_859' title='bbox 2564 4746 2576 4794; x_wconf 89' lang='lat'><strong>;</strong></span> <span class='ocrx_word' id='word_1_860' title='bbox 2612 4726 2834 4781; x_wconf 87' lang='lat' dir='ltr'>interea</span> <span class='ocrx_word' id='word_1_861' title='bbox 2866 4726 3145 4796; x_wconf 88' lang='lat' dir='ltr'>temporis</span> <span class='ocrx_word' id='word_1_862' title='bbox 3177 4727 3233 4780; x_wconf 90' lang='lat' dir='ltr'>in</span> <span class='ocrx_word' id='word_1_863' title='bbox 3269 4726 3395 4781; x_wconf 89' lang='lat' dir='ltr'>suis</span> <span class='ocrx_word' id='word_1_864' title='bbox 3422 4743 3575 4796; x_wconf 73' lang='lat' dir='ltr'>quaa-</span> 
     </span>
    </p>
   </div>
   <div class='ocr_carea' id='block_1_110' title="bbox 1923 4814 3571 4885">
    <p class='ocr_par' dir='ltr' id='par_1_110' title="bbox 1923 4814 3571 4885">
     <span class='ocr_line' id='line_1_110' title="bbox 1923 4814 3571 4885; baseline -0.001 -17"><span class='ocrx_word' id='word_1_865' title='bbox 1923 4832 2034 4885; x_wconf 92' lang='lat' dir='ltr'>que</span> <span class='ocrx_word' id='word_1_866' title='bbox 2066 4815 2250 4885; x_wconf 86' lang='lat' dir='ltr'>signis</span> <span class='ocrx_word' id='word_1_867' title='bbox 2284 4815 2621 4879; x_wconf 88' lang='lat' dir='ltr'>luminaria,</span> <span class='ocrx_word' id='word_1_868' title='bbox 2655 4814 2864 4869; x_wconf 82' lang='lat' dir='ltr'>ccelum</span> <span class='ocrx_word' id='word_1_869' title='bbox 2901 4831 3136 4885; x_wconf 88' lang='lat' dir='ltr'>quoque</span> <span class='ocrx_word' id='word_1_870' title='bbox 3175 4814 3367 4885; x_wconf 88' lang='lat' dir='ltr'>ipsum</span> <span class='ocrx_word' id='word_1_871' title='bbox 3400 4814 3571 4867; x_wconf 84' lang='lat' dir='ltr'>ﬁxius</span> 
     </span>
    </p>
   </div>
   <div class='ocr_carea' id='block_1_111' title="bbox 1923 4902 3571 4973">
    <p class='ocr_par' dir='ltr' id='par_1_111' title="bbox 1923 4902 3571 4973">
     <span class='ocr_line' id='line_1_111' title="bbox 1923 4902 3571 4973; baseline -0.002 -16"><span class='ocrx_word' id='word_1_872' title='bbox 1923 4903 2280 4959; x_wconf 88' lang='lat' dir='ltr'>restiterunt.</span> <span class='ocrx_word' id='word_1_873' title='bbox 2316 4905 2476 4969; x_wconf 86' lang='lat' dir='ltr'>Quod</span> <span class='ocrx_word' id='word_1_874' title='bbox 2511 4909 2705 4959; x_wconf 89' lang='lat' dir='ltr'>autem</span> <span class='ocrx_word' id='word_1_875' title='bbox 2738 4902 2919 4973; x_wconf 83' lang='lat' dir='ltr'>dupla</span> <span class='ocrx_word' id='word_1_876' title='bbox 2949 4904 3019 4957; x_wconf 86' lang='lat' dir='ltr'>ad</span> <span class='ocrx_word' id='word_1_877' title='bbox 3054 4906 3293 4958; x_wconf 68' lang='lat' dir='ltr'>caeteros</span> <span class='ocrx_word' id='word_1_878' title='bbox 3327 4917 3571 4973; x_wconf 90' lang='lat' dir='ltr'>propor-</span> 
     </span>
    </p>
   </div>
   <div class='ocr_carea' id='block_1_112' title="bbox 1927 4990 3572 5057">
    <p class='ocr_par' dir='ltr' id='par_1_112' title="bbox 1927 4990 3572 5057">
     <span class='ocr_line' id='line_1_112' title="bbox 1927 4990 3572 5057; baseline 0 -12"><span class='ocrx_word' id='word_1_879' title='bbox 1927 4991 2079 5046; x_wconf 91' lang='lat' dir='ltr'>tione</span> <span class='ocrx_word' id='word_1_880' title='bbox 2110 5009 2176 5046; x_wconf 90' lang='lat' dir='ltr'>ea</span> <span class='ocrx_word' id='word_1_881' title='bbox 2207 4993 2331 5047; x_wconf 89' lang='lat' dir='ltr'>dies</span> <span class='ocrx_word' id='word_1_882' title='bbox 2381 4992 2729 5057; x_wconf 89' lang='lat' dir='ltr'>accreverit;</span> <span class='ocrx_word' id='word_1_883' title='bbox 2775 4990 3103 5046; x_wconf 88' lang='lat' dir='ltr'>luculenter</span> <span class='ocrx_word' id='word_1_884' title='bbox 3152 4990 3372 5044; x_wconf 88' lang='lat' dir='ltr'>indicat</span> <span class='ocrx_word' id='word_1_885' title='bbox 3400 4991 3572 5045; x_wconf 86' lang='lat' dir='ltr'>Jesus</span> 
     </span>
    </p>
   </div>
   <div class='ocr_carea' id='block_1_113' title="bbox 1925 5078 3573 5152">
    <p class='ocr_par' dir='ltr' id='par_1_113' title="bbox 1925 5078 3573 5152">
     <span class='ocr_line' id='line_1_113' title="bbox 1925 5078 3573 5152; baseline 0.001 -19"><span class='ocrx_word' id='word_1_886' title='bbox 1925 5080 2081 5134; x_wconf 85' lang='lat' dir='ltr'>ﬁlius</span> <span class='ocrx_word' id='word_1_887' title='bbox 2112 5081 2311 5134; x_wconf 89' lang='lat' dir='ltr'>Sirach</span> <span class='ocrx_word' id='word_1_888' title='bbox 2345 5081 2402 5134; x_wconf 91' lang='lat' dir='ltr'>in</span> <span class='ocrx_word' id='word_1_889' title='bbox 2450 5081 2668 5152; x_wconf 78' lang='lat' dir='ltr'>hymno</span> <span class='ocrx_word' id='word_1_890' title='bbox 2699 5081 2937 5135; x_wconf 84' lang='lat' dir='ltr'>Patrum</span> <span class='ocrx_word' id='word_1_891' title='bbox 2970 5080 3064 5150; x_wconf 87' lang='grc' dir='ltr'>(υ).</span> <span class='ocrx_word' id='word_1_892' title='bbox 3117 5084 3263 5133; x_wconf 87' lang='lat' dir='ltr'>Nam</span> <span class='ocrx_word' id='word_1_893' title='bbox 3294 5079 3363 5132; x_wconf 91' lang='lat' dir='ltr'>ad</span> <span class='ocrx_word' id='word_1_894' title='bbox 3402 5078 3573 5134; x_wconf 88' lang='lat' dir='ltr'>horas</span> 
     </span>
    </p>
   </div>
   <div class='ocr_carea' id='block_1_114' title="bbox 1925 5166 3574 5239">
    <p class='ocr_par' dir='ltr' id='par_1_114' title="bbox 1925 5166 3574 5239">
     <span class='ocr_line' id='line_1_114' title="bbox 1925 5166 3574 5239; baseline 0.003 -22"><span class='ocrx_word' id='word_1_895' title='bbox 1925 5173 2175 5239; x_wconf 84' lang='lat' dir='ltr'>quatuor</span> <span class='ocrx_word' id='word_1_896' title='bbox 2206 5185 2385 5238; x_wconf 85' lang='lat' dir='ltr'>supra</span> <span class='ocrx_word' id='word_1_897' title='bbox 2416 5168 2625 5239; x_wconf 86' lang='lat' dir='ltr'>viginti</span> <span class='ocrx_word' id='word_1_898' title='bbox 2658 5168 2783 5222; x_wconf 90' lang='lat' dir='ltr'>dies</span> <span class='ocrx_word' id='word_1_899' title='bbox 2815 5167 2918 5222; x_wconf 90' lang='lat' dir='ltr'>illa</span> <span class='ocrx_word' id='word_1_900' title='bbox 2954 5168 3063 5222; x_wconf 92' lang='lat' dir='ltr'>sub</span> <span class='ocrx_word' id='word_1_901' title='bbox 3096 5166 3232 5221; x_wconf 86' lang='lat' dir='ltr'>Jesu</span> <span class='ocrx_word' id='word_1_902' title='bbox 3261 5167 3415 5222; x_wconf 89' lang='lat' dir='ltr'>Nave</span> <span class='ocrx_word' id='word_1_903' title='bbox 3442 5184 3574 5238; x_wconf 83' lang='lat' dir='ltr'>por-</span> 
     </span>
    </p>
   </div>
   <div class='ocr_carea' id='block_1_115' title="bbox 1924 5255 3578 5326">
    <p class='ocr_par' dir='ltr' id='par_1_115' title="bbox 1924 5255 3578 5326">
     <span class='ocr_line' id='line_1_115' title="bbox 1924 5255 3578 5326; baseline 0.001 -17"><span class='ocrx_word' id='word_1_904' title='bbox 1924 5261 2081 5310; x_wconf 87' lang='lat' dir='ltr'>recta</span> <span class='ocrx_word' id='word_1_905' title='bbox 2116 5262 2490 5319; x_wconf 77' lang='lat' dir='ltr'>memoratur,</span> <span class='ocrx_word' id='word_1_906' title='bbox 2525 5256 3025 5326; x_wconf 88' lang='lat' dir='ltr'>quemadmodum</span> <span class='ocrx_word' id='word_1_907' title='bbox 3079 5255 3129 5310; x_wconf 92' lang='lat' dir='ltr'>is</span> <span class='ocrx_word' id='word_1_908' title='bbox 3178 5257 3483 5325; x_wconf 86' lang='lat' dir='ltr'>expressit.</span> <span class='ocrx_word' id='word_1_909' title='bbox 3517 5256 3578 5311; x_wconf 90' lang='lat' dir='ltr'>Si</span> 
     </span>
    </p>
   </div>
   <div class='ocr_carea' id='block_1_116' title="bbox 1924 5344 3581 5415">
    <p class='ocr_par' dir='ltr' id='par_1_116' title="bbox 1924 5344 3581 5415">
     <span class='ocr_line' id='line_1_116' title="bbox 1924 5344 3581 5415; baseline 0.001 -17"><span class='ocrx_word' id='word_1_910' title='bbox 1924 5361 2055 5399; x_wconf 89' lang='lat' dir='ltr'>vero</span> <span class='ocrx_word' id='word_1_911' title='bbox 2088 5344 2363 5398; x_wconf 87' lang='lat' dir='ltr'>reclamet</span> <span class='ocrx_word' id='word_1_912' title='bbox 2393 5344 2842 5415; x_wconf 85' lang='lat' dir='ltr'>Apollophanes,</span> <span class='ocrx_word' id='word_1_913' title='bbox 2878 5345 3245 5415; x_wconf 89' lang='lat' dir='ltr'>impossibile</span> <span class='ocrx_word' id='word_1_914' title='bbox 3284 5346 3485 5399; x_wconf 90' lang='lat' dir='ltr'>dicens</span> <span class='ocrx_word' id='word_1_915' title='bbox 3518 5350 3581 5400; x_wconf 87' lang='lat' dir='ltr'>ut</span> 
     </span>
    </p>
   </div>
   <div class='ocr_carea' id='block_1_117' title="bbox 1924 5433 3580 5515">
    <p class='ocr_par' dir='ltr' id='par_1_117' title="bbox 1924 5433 3580 5515">
     <span class='ocr_line' id='line_1_117' title="bbox 1924 5433 3580 5515; baseline 0.001 -29"><span class='ocrx_word' id='word_1_916' title='bbox 1924 5433 2049 5486; x_wconf 76' lang='lat' dir='ltr'>cmli</span> <span class='ocrx_word' id='word_1_917' title='bbox 2083 5449 2292 5487; x_wconf 90' lang='lat' dir='ltr'>cursus</span> <span class='ocrx_word' id='word_1_918' title='bbox 2334 5434 2561 5486; x_wconf 87' lang='lat' dir='ltr'>restitet</span> <span class='ocrx_word' id='word_1_919' title='bbox 2608 5433 2912 5501; x_wconf 89' lang='lat' dir='ltr'>(perpetuo</span> <span class='ocrx_word' id='word_1_920' title='bbox 2962 5434 3118 5486; x_wconf 91' lang='lat' dir='ltr'>enim</span> <span class='ocrx_word' id='word_1_921' title='bbox 3152 5434 3346 5504; x_wconf 90' lang='lat' dir='ltr'>agitur</span> <span class='ocrx_word' id='word_1_922' title='bbox 3374 5438 3580 5515; x_wconf 57' lang='lat' dir='ltr'>motu),</span> 
     </span>
    </p>
   </div>
   <div class='ocr_carea' id='block_1_118' title="bbox 1922 5519 3583 5591">
    <p class='ocr_par' dir='ltr' id='par_1_118' title="bbox 1922 5519 3583 5591">
     <span class='ocr_line' id='line_1_118' title="bbox 1922 5519 3583 5591; baseline 0 -16"><span class='ocrx_word' id='word_1_923' title='bbox 1922 5521 2053 5576; x_wconf 90' lang='lat' dir='ltr'>vide</span> <span class='ocrx_word' id='word_1_924' title='bbox 2085 5521 2167 5576; x_wconf 91' lang='lat' dir='ltr'>illi</span> <span class='ocrx_word' id='word_1_925' title='bbox 2204 5524 2266 5575; x_wconf 89' lang='lat' dir='ltr'>ut</span> <span class='ocrx_word' id='word_1_926' title='bbox 2314 5520 2692 5591; x_wconf 85' lang='lat' dir='ltr'>respondeas,</span> <span class='ocrx_word' id='word_1_927' title='bbox 2738 5519 2877 5590; x_wconf 85' lang='lat' dir='ltr'>quia</span> <span class='ocrx_word' id='word_1_928' title='bbox 2924 5520 3011 5575; x_wconf 90' lang='lat' dir='ltr'>vel</span> <span class='ocrx_word' id='word_1_929' title='bbox 3042 5520 3153 5576; x_wconf 88' lang='lat' dir='ltr'>hoc</span> <span class='ocrx_word' id='word_1_930' title='bbox 3200 5522 3435 5577; x_wconf 90' lang='lat' dir='ltr'>nomine</span> <span class='ocrx_word' id='word_1_931' title='bbox 3470 5521 3583 5576; x_wconf 90' lang='lat' dir='ltr'>tale</span> 
     </span>
    </p>
   </div>
   <div class='ocr_carea' id='block_1_119' title="bbox 3178 5838 3256 5898">
    <p class='ocr_par' dir='ltr' id='par_1_119' title="bbox 3178 5838 3256 5898">
     <span class='ocr_line' id='line_1_119' title="bbox 3178 5838 3256 5898; baseline 0 0"><span class='ocrx_word' id='word_1_932' title='bbox 3178 5838 3256 5898; x_wconf 79' lang='grc'>15</span> 
     </span>
    </p>
   </div>
  </div>
