4062 6366
385 398 489 454 459
660 401 677 437 ⁸

1194 384 1561 440 APPENDIX
1597 382 1696 438 AD
1734 378 1976 434 OPERA
2015 377 2072 429 Β.
2115 373 2435 427 DlONYSll
2473 370 2977 425 AREOPAGITE.

3704 366 3828 421 460

388 521 720 594 prodigium
741 518 983 589 dignum
1001 510 1183 568 videri
1204 510 1374 565 debet
1404 504 1613 576 majori
1637 501 1821 558 multo
1850 498 2034 594 admi-

2167 492 2335 594 ᾗλιρζ
2351 491 2555 594 πάλιν’,
2587 490 2631 545 εἰ
2686 491 2760 594 μὴ
2824 490 2958 562 μετὰ
3003 486 3214 543 τελείου
3245 487 3453 563 χρόνου
3484 487 3821 564 περαίωσιν,

389 587 636 676 ratione,
662 587 825 680 quod
851 610 907 660 et
938 608 993 658 te
1017 601 1219 656 debuit
1250 600 1320 654 ad
1346 593 1796 668 amplexandam
1822 589 1938 643 veri
1961 587 2044 658 ip-

388 702 515 757 sius
551 698 643 752 Dei
679 679 851 750 {idem
886 700 1236 754 convertere,
1270 692 1326 743 et
1374 687 1445 741 ad
1497 700 1697 740 eorum
1731 679 2046 752 perducere

387 788 805 860 cognitionem,
838 800 967 854 quae
1000 783 1069 835 de
1120 781 1246 851 ipso
1299 776 1690 849 praedicantur
1722 786 1735 826 :
1771 768 1939 842 polus
1973 767 2047 822 si-

387 878 649 950 quidem,
680 874 782 946 qui
834 870 1153 926 luminaria
1208 868 1485 933 continet,
1517 859 2043 930 circumagebatur.

385 976 532 1031 Nam
567 979 623 1029 et
670 973 779 1027 hoc
834 968 1121 1039 expressit
1165 965 1363 1019 dicens
1397 981 1409 1017 :
1442 962 1561 1015 Τῶν
1612 957 1755 1011 ὅλων
1805 955 1895 1009 καὶ
1940 956 2048 1006 τῶν

386 1061 710 1138 κρειττόνων
772 1058 861 1111 καὶ
922 1052 1315 1128 περιεχόντων.
1370 1052 1603 1105 Contra.
1657 1046 1754 1102 Sol
1804 1050 1862 1100 et
1908 1044 2049 1098 luna

393 1133 613 1223 alioqui
666 1148 796 1221 polo
855 1148 983 1218 ipso
1042 1142 1320 1210 contenti,
1386 1136 1723 1195 immobiles
1782 1133 2050 1207 persiste-

392 1220 556 1309 bant‘,
604 1220 708 1293 nec
752 1238 876 1307 jam
929 1236 1101 1305 juxta
1150 1233 1490 1286 consuetam
1539 1227 1816 1281 lationem
1870 1220 2051 1277 simul

396 1346 531 1385 cum
566 1327 694 1398 polo
728 1326 1133 1386 movebantur,
1169 1336 1422 1391 quocum
1470 1332 1699 1387 semper
1730 1309 2051 1382 circumagi

397 1430 771 1484 consuerant.
808 1423 1036 1477 Rursus
1070 1417 1320 1473 Ezechize
1352 1420 1635 1485 tempore,
1662 1410 1897 1483 quando
1939 1406 2054 1461 alia

396 1516 667 1588 quaedam
699 1513 824 1567 dies
856 1508 1030 1579 tripla
1049 1504 1471 1579 propemodum
1492 1501 1864 1572 proportione
1895 1502 2054 1551 caete-

398 1606 477 1661 ris
510 1605 695 1674 major
722 1600 1088 1656 continenter
1105 1596 1234 1650 fuit.
1257 1593 1439 1647 Dictio
1476 1586 1670 1663 σχεδόν
1706 1604 1771 1643 eo
1794 1585 2051 1653 accessit,

400 1694 553 1766 quod
579 1673 681 1746 illa
708 1690 830 1744 dies
863 1704 978 1743 non
998 1699 1426 1757 usquequaque
1451 1681 1622 1752 plena
1647 1677 1819 1733 fuerit
1841 1673 2054 1744 triplici

402 1780 770 1838 dimensione
796 1795 808 1832 :
837 1778 1088 1831 duarum
1106 1773 1264 1828 enim
1284 1778 1341 1827 et
1358 1770 1594 1841 triginta
1627 1768 1733 1822 fuit
1754 1767 2052 1821 horarum.

401 1882 486 1937 Ab
519 1880 741 1935 oriente
771 1874 1067 1945 siquidem
1102 1871 1172 1926 ad
1207 1886 1339 1925 eum
1372 1883 1561 1939 usque
1592 1866 1809 1928 locum,
1842 1864 1901 1917 in
1935 1878 2049 1933 quo
2090 1869 2137 1933 Β

404 1969 489 2025 sol
528 1974 654 2022 tum
684 1966 960 2019 inventus
991 1966 1104 2025 est,
1138 1959 1370 2030 quando
1393 1957 1615 2012 editum
1648 1951 1741 2009 est
1766 1952 2053 2023 ejusmodi

404 2058 665 2127 signum,
697 2054 897 2107 decem
930 2048 1089 2103 illius
1138 2046 1251 2101 diei
1299 2046 1559 2101 exierant
1588 2043 1764 2097 horae.
1799 2042 2054 2095 Rursum

404 2144 599 2201 altera:
633 2143 856 2205 decem,
891 2155 1005 2210 quo
1039 2153 1285 2192 excursu
1318 2132 1602 2204 temporis
1636 2131 1796 2185 illinc
1827 2129 1937 2184 iter
1966 2144 2053 2183 re-

404 2233 562 2289 ﬂexit
591 2230 677 2285 sol
711 2231 781 2284 ad
815 2228 1119 2283 orientem.
1157 2225 1420 2294 Itemque
1452 2223 1613 2276 illinc
1637 2221 1708 2274 ab
1730 2219 1950 2274 oriente
1982 2218 2052 2271 ad

402 2321 711 2377 occiduum
744 2334 930 2387 usque
960 2315 1207 2370 limitem
1239 2313 1494 2383 perlatus
1525 2316 1615 2365 est
1644 2309 1804 2364 horis
1835 2308 2052 2362 duode-

402 2411 515 2467 cim
558 2410 626 2463 ⁴².
677 2412 793 2462 Hac
841 2421 976 2459 sane
1029 2403 1260 2458 dicendi
1306 2399 1559 2455 formula
1607 2414 1750 2452 usus
1798 2396 1893 2450 hic
1943 2401 2051 2461 est,

399 2509 553 2581 quod
584 2506 750 2578 polus
786 2505 911 2575 ipse
941 2519 1061 2557 una
1092 2518 1225 2556 cum
1258 2498 1535 2565 sole,toto
1563 2495 1662 2551 illo
1693 2493 2055 2549 interceden-

398 2604 455 2652 te
485 2597 672 2666 spatio
720 2594 1000 2648 horarum
1053 2589 1281 2660 viginti,
1316 2588 1619 2642 obversam
1671 2584 1831 2637 illam
1878 2588 2055 2652 atque

400 2684 743 2742 circularem
776 2682 1056 2736 lationem
1089 2676 1280 2749 supra
1312 2681 1533 2731 natura:
1565 2672 2053 2729 consuetudinem

399 2773 707 2847 peregerit,
757 2774 858 2825 aut
911 2768 1050 2838 quia
1098 2766 1180 2821 sol
1230 2766 1354 2834 ipse
1404 2779 1533 2817 eam
1583 2759 1825 2815 absolvit
1870 2758 2051 2813 solus.

399 2877 519 2926 Hoc
552 2871 723 2942 plane
756 2868 977 2921 indicat
1016 2866 1213 2919 dicens
1247 2880 1259 2918 :
1293 2863 1361 2914 "H
1408 2861 1469 2913 τὸ
1502 2865 1604 2913 πᾶν
1634 2857 1892 2911 τοσούτου
1924 2856 2057 2930 χρό-

401 2980 518 3029 νου,
581 2954 842 3025 δηλονότι
899 2950 1101 3007 εἷ’κοσιν
1163 2951 1345 3024 ὡρῶν,
1406 2947 1576 3024 φορὰς
1645 2944 1875 3005 ἐναντίας
1936 2945 2057 2997 ἀνα-

401 3044 637 3115 ποδίζει,
677 3043 711 3111 ἢ
745 3044 772 3097 ὁ
821 3043 978 3110 ἣλιος
1028 3037 1153 3111 ἰδίῳ
1202 3036 1393 3111 δρόμῳ
1422 3036 1522 3104 τὴν
1554 3033 1811 3105 τοιαύτην
1844 3033 2053 3102 κίνησιν

402 3136 718 3204 ἐποιήσατο.
772 3134 932 3198 Quod
985 3136 1177 3186 autem
1227 3130 1326 3198 ait,
1376 3126 1769 3200 πεντάτροπον,
1818 3124 1925 3178 hoc
1970 3129 2061 3179 est

2155 582 2205 637 ἐν
2233 583 2276 653 ᾦ
2309 579 2373 650 δὴ
2406 581 2592 655 χρόνῳ
2636 579 2727 633 καὶ
2779 581 2813 647 ἡ
2849 577 3222 652 πεντάτροπος
3283 576 3522 631 τελεῖται
3575 578 3828 650 κίνησις,

2156 670 2469 746 λογίζονται
2513 670 2566 722 αἱ
2626 665 2752 721 δέκα
2785 668 2946 741 ὧραι,
2980 666 3091 739 οὐχ
3114 666 3169 718 αἱ
3199 668 3411 739 πρῶται
3445 662 3689 735 δηλαδὴ,
3728 664 3829 719 α’ί-

2154 780 2297 820 τινες
2358 760 2515 826 ἦσαν,
2565 756 2880 826 κινηθέντος
2958 754 3064 808 ἀπὸ
3147 751 3418 819 ἀνατολῆς
3490 759 3586 808 τοῦ
3648 753 3834 824 ἡλίου
3903 818 3918 831 α

2161 847 2325 923 μέχρι
2386 851 2479 900 τοῦ
2525 846 2697 900 τόπου
2746 843 2796 898 έν
2848 846 2892 916 ᾧ
2940 844 3002 897 τὸ
3052 848 3277 912 σημεῖον
3331 842 3416 897 ἐπὶ
3468 848 3549 915 τῷ
3605 844 3837 914 Ἐζεκίᾳ

2160 938 2395 1012 ἐγένετο,
2452 935 2579 991 ἀλλ’
2639 936 2692 989 αἱ
2752 935 2856 989 ἀπὸ
2911 933 3108 988 τούτου
3161 937 3260 988 τοῦ
3309 933 3541 1006 σημείου
3584 934 3661 996 εἰς
3723 935 3838 1002 τὴν

2156 1024 2426 1093 ἀνατολὴν
2453 1022 3029 1098 όπισθοδρομτςσαντος
3046 1026 3143 1077 τοῦ
3166 1020 3331 1091 ἡλίου
3357 1018 3831 1079 διαϐιϐασθεῖσαι.

2157 1116 2323 1172 Αὗται
2385 1116 2474 1167 οὖν
2527 1115 2579 1167 αἱ
2621 1110 2748 1167 δέκα
2795 1110 2952 1188 ὧραι,
2988 1110 3103 1165 ἐπεὶ
3152 1111 3314 1165 πάλιν
3348 1110 3423 1173 εἷς
3453 1113 3552 1180 τὴν
3592 1111 3834 1166 ὑποκει-

2163 1206 2328 1277 μένην
2383 1203 2606 1277 πρώτην
2664 1206 2858 1275 μοῖραν
2909 1205 3004 1254 τοῦ
3061 1204 3224 1273 Κριοῦ
3258 1201 3284 1252 ὁ
3339 1199 3501 1268 ἥλιος
3555 1197 3836 1275 ἐγεγόνει,

2160 1291 2476 1367 λογίζονται
2509 1291 2581 1352 ὡς
2612 1290 2849 1351 ἐνιαυτὸς
2875 1287 3186 1362 ὁλόκληρος
3220 1307 3233 1320 ⁸
3282 1287 3494 1342 συνεῖλε
3535 1290 3638 1363 γὰρ
3703 1292 3838 1344 ἀνα-

2160 1378 2421 1443 λυτικῶς’
2462 1381 2669 1434 ἅπασαν
2725 1381 2824 1448 τὴν
2869 1383 2965 1431 τοῦ
2996 1377 3202 1453 χρόνου
3232 1375 3508 1452 περίοδον,
3540 1379 3837 1433 ἀποκατα-

2163 1471 2287 1531 στὰς
2366 1470 2418 1524 ἐν
2498 1474 2577 1541 τῷ
2660 1469 2776 1523 κατ’
2831 1467 3036 1537 ἐκείνην
3099 1468 3198 1535 τήν
3257 1465 3465 1540 ἡμέραν
3522 1467 3838 1525 ἀνέτειλεν.

2162 1565 2409 1627 Ἔπειτα,
2468 1558 2632 1613 πάλιν
2693 1559 3007 1627 κινηθέντος
3066 1557 3156 1609 ἀπ’
3213 1553 3504 1624 ἀνατολῆς,
3546 1555 3665 1611 ἐπεὶ
3726 1557 3843 1612 οὐκ

2161 1649 2227 1715 ἦν
2288 1647 2474 1711 ἄλλως
2523 1646 2834 1709 ἐπανελθεῖν
2888 1646 2964 1708 εἷς
3024 1645 3195 1699 έκεῖνο
3251 1645 3314 1698 τὸ
3374 1650 3630 1717 σημεῖον,
3676 1645 3734 1700 ἐν
3785 1648 3837 1718 ᾧ

2165 1734 2319 1799 ὄντος
2360 1736 2524 1789 αὐτοῦ
2578 1737 2639 1789 τὸ
2699 1734 2785 1788 ἐπὶ
2841 1738 2919 1804 τῷ
2951 1732 3163 1803 Ἐζεκίᾳ
3219 1738 3447 1805 σημεῖον
3508 1730 3753 1809 ἒγένετο,
3791 1735 3842 1789 εἶ

2170 1825 2246 1897 μὴ
2273 1825 2408 1878 κατὰ
2437 1823 2729 1899 περαίωσιν
2762 1820 3077 1896 ὁλοκλήρου
3121 1821 3326 1897 ’χρόνου
3385 1820 3475 1875 καί
3525 1823 3843 1899 πεντάτρο-

2165 1934 2267 1966 πον
2300 1913 2511 1982 κίνησιν
2544 1930 2555 1942 ⁸
2584 1910 2635 1964 έν
2682 1909 2808 1964 δέκα
2836 1908 2891 1964 δὲ
2916 1908 3080 1964 πάλιν
3126 1909 3293 1982 ὥραις
3350 1908 3521 1963 ἐκεῖσε
3570 1911 3843 1964 ἀποκατ-

2165 2001 2289 2071 έστη
2332 2020 2342 2032 ⁸
2380 1999 2467 2055 διὰ
2522 2004 2683 2055 τοῦτο
2732 1999 2826 2061 τὰς
2873 1996 3125 2060 τοιαύτας
3173 1995 3299 2053 δέκα
3343 1997 3505 2073 ὥρας,
3554 2001 3657 2064 τὰς
3720 2001 3844 2056 ἀπὸ

2166 2091 2432 2160 ἀνατολῆς
2490 2088 2594 2152 ἕως
2650 2094 2745 2144 τοῦ
2804 2089 3034 2161 σημείου
3096 2087 3319 2159 ἐκείνου,
3382 2088 3498 2142 ἀντὶ
3543 2087 3846 2145 ἐνιαυσίου

2163 2176 2438 2254 παρέλαϐε
2486 2179 2574 2233 καὶ
2632 2178 3004 2253 πεντατρόπου
3062 2179 3327 2247 κινήσεως
3364 2196 3377 2209 ·
3433 2178 3535 2231 οὐκ
3584 2179 3655 2245 ἧν
3723 2179 3841 2253 γὰρ

2162 2270 2252 2324 τὸν
2286 2268 2446 2337 ἥλιον
2510 2269 2643 2338 ἅπαξ
2705 2266 3010 2322 ἀποστάντα
3066 2271 3163 2321 τοῖ’)
3218 2267 3353 2321 κατὰ
3381 2268 3480 2334 τὴν
3544 2268 3847 2339 ἀνατολὴν

2164 2358 2421 2429 σημείου,
2455 2357 2764 2411 ἐπανελθεῖν
2822 2356 2896 2418 είς
2957 2355 3108 2424 αὐτὸ,
3142 2355 3185 2409 εἰ
3240 2357 3315 2427 μὴ
3365 2356 3500 2410 κατὰ
3556 2356 3856 2412 ἐνιαύσιον

2162 2444 2416 2522 περίοδον
2455 2466 2467 2479 ’
2500 2446 2589 2500 καὶ
2648 2445 2748 2499 οὐκ
2794 2446 2859 2513 ἦν
2908 2444 3117 2514 ἄλλως,
3151 2443 3286 2511 ἅπαξ
3347 2442 3661 2498 ἀποστάντα
3731 2446 3853 2499 ἀπὸ

2161 2539 2259 2589 τοῦ
2321 2533 2571 2606 σημείου,
2630 2533 2763 2595 καθὸ
2815 2533 2875 2586 τὸ
2918 2531 3005 2586 ἐπὶ
3074 2531 3288 2602 Ἐζεκίᾳ
3333 2536 3561 2604 σημεῖον
3605 2533 3853 2607 γέγονε,

2163 2622 2328 2678 πάλιν
2376 2621 2691 2685 ἐπανελθεῖν
2742 2621 2818 2682 εἷς
2870 2620 3022 2688 αὐτὸ,
3075 2620 3120 2673 εἶ
3174 2620 3249 2692 μὴ
3307 2640 3442 2673 κατα
3492 2620 3852 2675 ένιαυσιαίαν

2165 2713 2347 2787 ἑτέραν
2380 2711 2470 2766 κάὶ
2501 2710 2666 2765 πάλιν
2709 2707 2964 2784 πρόοδον.
3002 2707 3098 2763 Καὶ
3150 2706 3240 2762 διὰ
3284 2712 3446 2761 τοῦτο
3494 2707 3641 2782 λέγει
3678 2729 3692 2741 ·
3740 2712 3851 2766 Ἠν

2166 2801 2491 2857 ένιαυσιαίαν
2568 2798 2781 2868 κίνησιν
2872 2796 3114 2852 συνεῖλεν
3198 2794 3537 2858 ἂναλυτικῶς
3590 2797 3643 2851 ἐν
3706 2795 3855 2852 δέκα

2167 2892 2356 2965 ὥραις,
2412 2890 2517 2943 ἀπὸ
2561 2893 2658 2943 τοῦ
2711 2889 2881 2942 τόπου
2942 2887 2992 2941 ἐν
3050 2888 3095 2959 ᾧ
3148 2887 3208 2940 τὸ
3255 2886 3393 2940 κατὰ
3439 2886 3531 2940 τὸν
3579 2886 3854 2955 Ἐζεκίαν

2168 2985 2396 3053 σημεῖον
2456 2976 2613 3046 ἐδόθη
2676 2976 2762 3031 ἐπὶ
2827 2978 2926 3045 τήν
2986 2975 3257 3043 ἀνατολὴν
3317 2974 3667 3047 κινούμενος,
3736 2979 3851 3047 τήν

2166 3069 2333 3136 αὐτὴν
2387 3065 2522 3136 ὅλην
2600 3064 2925 3119 ἐνιαυσιαίαν
3007 3058 3194 3137 τρίϐον
3276 3061 3325 3117 ἐν
3401 3063 3608 3138 ἑτέραις
3704 3060 3856 3119 δέκα

2167 3157 2332 3230 ὥραις
2379 3156 2467 3208 ἀπ’
2502 3152 2771 3221 ἀνατολῆς
2828 3152 2992 3227 μέχρι
3040 3154 3137 3204 τοῦ
3193 3152 3364 3205 τόπου
3426 3149 3476 3205 ἐν
3518 3151 3563 3223 ᾧ
3616 3151 3684 3205 τὸ
3745 3174 3855 3222 ση-

404 3225 903 3298 quinquiformem
954 3220 1114 3274 illam
1166 3218 1307 3273 solis
1359 3216 1699 3281 motionem,
1734 3214 1817 3269 sic
1855 3214 2052 3283 accipe

2172 3250 2321 3319 μεῖον
2374 3244 2609 3319 γέγονεν,
2639 3241 2954 3309 ἐποιήσατο.
2991 3243 3168 3297 Τοῦτο
3224 3237 3279 3293 δὲ
3324 3240 3390 3306 ἦν
3445 3240 3533 3293 καὶ
3585 3240 3653 3293 τὸ
3706 3240 3859 3303 τοὺς

402 3315 628 3370 dictum
663 3328 675 3366 :
710 3308 1163 3366 Anniversarius
1187 3307 1320 3361 solis
1348 3308 1543 3360 motus
1573 3304 1829 3374 quinque
1860 3303 2052 3358 absol-

402 3403 560 3457 vitur
592 3397 1027 3455 mutationibus
1076 3395 1196 3450 sive
1245 3391 1745 3448 conversionibus.
1782 3389 2056 3456 Primam,

407 3514 584 3572 quam
620 3512 931 3552 ascensum
983 3491 1385 3562 aquilonarem
1438 3489 1710 3554 dicimus,
1763 3487 1997 3542 conficit
2028 3504 2062 3539 a

408 3605 584 3644 verno
630 3584 979 3657 tequinoctio
1037 3582 1107 3635 ad
1168 3580 1429 3634 aestivum
1481 3594 1670 3648 usque
1718 3576 2059 3645 solstitium,

408 3678 675 3740 alteram,
706 3689 883 3744 quam
919 3668 1212 3726 borealem
1260 3670 1471 3723 vocant
1523 3669 1894 3731 descensum,
1931 3682 2063 3737 per~

406 3766 591 3821 currit
623 3764 693 3817 ab
725 3764 833 3816 hoc
861 3760 1111 3815 solstitio
1144 3759 1215 3813 ad
1250 3756 1592 3812 autumnale
1615 3756 2065 3836 aequinoctium;

403 3864 662 3932 tertiam,
687 3878 811 3930 quae
837 3859 1143 3914 austrinus
1166 3857 1384 3911 dicitur
1402 3857 1524 3911 sive
1548 3856 1955 3911 meridionalis
1973 3857 2066 3909 de-

404 3969 674 4017 scensus,
711 3950 862 4005 259
913 3965 945 4002 a
991 3946 1254 4017 proximo
1303 3945 1656 4015 aequinoctio
1706 3944 1963 3998 extendit
1994 3945 2065 3999 ad

402 4043 721 4097 hibernum
746 4038 1098 4102 solstitium;
1125 4039 1555 4106 quartam,qu€e
1583 4032 1885 4087 austrinus
1903 4048 2067 4087 voca-

400 4144 502 4194 tur
532 4144 834 4194 ascensus,
869 4126 938 4180 ab
972 4125 1215 4178 hiberno
1247 4123 1470 4193 tropico
1503 4122 1568 4175 ad
1603 4135 1849 4174 vernum
1879 4120 2066 4173 dedu—

406 4219 491 4275 xit
547 4215 982 4288 aequinoctium.
1046 4213 1222 4267 Porro
1292 4210 1498 4282 quinta
1566 4207 1868 4263 conversio
1926 4207 2068 4262 solis

411 4331 656 4389 prorsus
715 4313 1009 4367 contraria
1066 4310 1177 4381 ipsi
1238 4308 1368 4379 polo
1423 4311 1530 4360 est.
1588 4305 1831 4366 Quando
1890 4304 2069 4373 igitur

405 4405 551 4460 dixit
577 4402 675 4470 τὴν
710 4398 1099 4473 πεντάτροπον,
1133 4397 1293 4451 illam
1327 4394 1826 4463 quinquiformem
1862 4393 2070 4447 motio-

404 4510 537 4549 nem
572 4492 734 4559 solis,
788 4489 1157 4561 oppositione
1210 4482 1442 4539 articuli
1489 4482 1612 4551 τήν,
1668 4482 2069 4537 subindicavit

404 4600 531 4638 eam
569 4580 710 4635 solis
744 4579 1063 4634 motionem
1098 4573 1246 4629 nulli
1299 4588 1413 4627 non
1447 4588 1575 4625 esse
1608 4571 1980 4641 perspicuam
2013 4581 2057 4631 et

2182 4586 2298 4638 σίου
2359 4579 2713 4653 σημαίνουσιν
2756 4578 2888 4649 (72).
2921 4574 3074 4632 Ἀλλ’
3123 4569 3259 4629 ἔστω
3312 4579 3471 4630 τοῦτο
3508 4594 3518 4607 ·

405 4695 508 4751 per
539 4676 1027 4732 consuetudinem
1078 4675 1299 4725 notam.
1351 4667 1599 4722 Proinde
1632 4667 1701 4720 ad
1750 4667 1908 4721 hunc
1945 4684 2068 4723 m0-

407 4769 546 4822 dum
580 4765 982 4836 expendamus
1035 4760 1176 4831 quid
1228 4756 1379 4812 Patri
1414 4772 1515 4826 per
1563 4755 1684 4810 haec
1729 4756 1903 4810 verba
1947 4756 2066 4836 die:

406 4862 536 4911 tum
598 4830 691 4910 sit.
750 4830 1169 4922 Supponamus
1222 4845 1405 4901 solem
1458 4843 1560 4898 illa
1609 4844 1725 4913 die,
1781 4844 1920 4899 hora
1975 4830 2067 4900 sui

407 4950 569 5000 ortus
601 4944 783 4997 fuisse
828 4940 886 4993 in
939 4939 1131 5010 prima
1182 4932 1625 5011 parteAArietis.
1678 4933 1880 5003 Itaque
1912 4935 2067 5004 quod

402 5034 487 5089 sol
522 5031 733 5104 ipsein
785 5030 933 5082 hanc
964 5026 1215 5097 primam
1272 5021 1477 5076 Arietis
1528 5025 1752 5092 partem
1804 5023 2068 5089 redierit,

404 5131 519 5185 nisi
551 5130 814 5183 confecta
861 5130 1059 5194 (quam
1092 5120 1588 5191 praeseripsimus)
1639 5119 2067 5191 quinquiformi

404 5217 682 5282 motione,
718 5230 889 5269 nemo
920 5209 1199 5283 possibile
1230 5209 1461 5275 dixerit,
1506 5224 1607 5279 per
1641 5208 1763 5263 dies
1796 5209 2071 5265 videlicet

404 5309 693 5376 trecentos
725 5301 1026 5372 sexaginta
1074 5298 1333 5367 quinque
1383 5306 1435 5351 et
1488 5302 1761 5367 quartam
1818 5304 2065 5369 partem.

406 5396 479 5449 At
518 5408 647 5445 vero
700 5391 757 5443 in
806 5389 961 5443 horis
1014 5388 1237 5455 decem,
1284 5404 1316 5441 a
1368 5385 1495 5442 loco
1542 5386 1601 5441 in
1653 5403 1769 5457 quo
1821 5387 2069 5457 contigit

2166 3329 2553 3393 Βαϐυλωνίους
2611 3330 2908 3400 ἐκπλῆξαν,
2965 3331 3057 3383 ἅτε
3109 3331 3195 3383 καὶ
3255 3327 3453 3392 αὐτοὺς
3498 3328 3856 3404 οὐρανοθεά-

2172 3443 2335 3496 μονοις
2404 3420 2494 3473 καὶ
2578 3416 2951 3492 ἀστρολέσχας
3036 3412 3224 3485 ὄντας,
3280 3416 3370 3469 καὶ
3456 3418 3861 3488 καθυποτσὶξαν

2174 3514 2360 3586 μάχης
2419 3508 2569 3570 ἐκτὸς
2626 3512 2706 3579 τῷ
2771 3513 2872 3575 τῆς
2921 3504 3287 3576 Ἰερουσαλήμ
3340 3503 3574 3580 βασιλεῖ,
3630 3504 3859 3561 ὡσανεὶ

2171 3600 2366 3672 ἷσοθέῳ
2412 3597 2518 3651 τινὶ
2569 3592 2705 3666 ὄντι,
2737 3595 2825 3649 καὶ
2861 3595 2993 3669 ὑπὲρ
3034 3592 3161 3655 τοὺς
3224 3592 3429 3654 ἄλλους
3477 3594 3858 3668 ἀνθρώπους.

2172 3690 2271 3744 Καὶ
2329 3687 2389 3742 οὗ
2430 3685 2576 3761 λέγω
2641 3684 2734 3747 τὰς
2800 3683 2849 3737 έν
2930 3681 3191 3757 Αῗ’γύπτῳ
3269 3682 3756 3756 θαυματουργίας,
3819 3684 3858 3751 ἢ

2174 3778 2348 3840 ἄλλας
2377 3776 2524 3837 τινας
2554 3772 2808 3848 ἀλλαχοῦ
2838 3772 3199 3847 γεγενημένας
3237 3792 3248 3803 ·
3287 3768 3409 3825 ἀλλ’
3441 3769 3624 3825 ἐκεῖνα
3658 3770 3860 3847 λέγω,

2176 3870 2310 3942 ἅπερ
2358 3867 2445 3920 καὶ
2508 3865 2558 3919 ἐν
2606 3868 2685 3935 τῷ
2744 3862 2957 3935 οὐρανῷ
3011 3859 3367 3936 ἐγεγόνεισαν,
3408 3860 3497 3913 καὶ
3551 3859 3700 3913 κατὰ
3756 3863 3859 3916 τὸν

2175 3958 2335 4027 ἥλιον
2390 3951 2701 4025 συνέϐησαν,
2734 3954 2823 4008 καὶ
2876 3950 2963 4005 διὰ
3007 3955 3166 4005 τοῦτο
3216 3957 3373 4005 πᾶσιν
3427 3947 3861 4025 ἰθριαμϐεύθη-

2177 4068 2268 4101 σαν
2315 4068 2326 4081 ·
2382 4044 2435 4100 εἷ’
2482 4066 2532 4099 τι
2588 4043 2689 4117 γὰρ
2748 4047 2828 4113 τῷ
2866 4040 3012 4112 ἡλίῳ
3042 4035 3304 4112 συμϐαίη,
3338 4037 3519 4103 οὐδείς
3558 4039 3679 4095 ἐστι
3740 4047 3861 4098 τῶν

2178 4137 2431 4209 ὁρώντων
2460 4133 2552 4186 τὸν
2586 4130 2772 4200 ἥλιον,
2806 4130 2864 4190 ὃς
2923 4128 3023 4182 οὐκ
3070 4126 3237 4182 ἐκεῖνο
3288 4127 3557 4191 θεάσαιτο.
3592 4127 3669 4184 Εἴ
3719 4133 3865 4202 μέν·

2174 4246 2259 4279 τοι
2320 4244 2381 4297 γε
2433 4220 2774 4289 διαπιστήσει
2834 4220 2861 4272 ὁ
2895 4214 3318 4293 Ἀπολλοφάνης
3370 4217 3504 4289 πρὸς
3547 4221 3759 4287 ταῦτα,
3808 4221 3865 4275 οἱ

2178 4315 2374 4387 Πέρσαι
2454 4310 2915 4384 μαρτυρήσουσιν,
2995 4306 3187 4366 οἰτινις
3275 4304 3476 4379 Μίθραν
3570 4306 3672 4377 μὶν
3758 4308 3863 4362 τὸν

2176 4404 2341 4473 ἥλιον
2403 4400 2667 4475 λέγουσι’
2714 4399 2775 4452 τὸ
2828 4396 3147 4472 παρέκταμα
3197 4393 3253 4450 δὲ
3292 4403 3391 4465 τῆς
3428 4394 3641 4469 ἡμέρας
3707 4396 3868 4454 ὲκεί-

2177 4518 2276 4565 νης
2334 4490 2422 4547 διὰ
2476 4497 2577 4558 τῆς
2632 4486 2857 4556 τελετῆς
2903 4491 3009 4540 τῶν
3050 4485 3416 4558 μνημοσύνων
3472 4488 3567 4538 τοῦ
3597 4485 3866 4560 τριπλα-

3563 4575 3618 4629 τί
3680 4580 3866 4654 φήσει

2180 4674 2302 4748 περὶ
2364 4674 2461 4739 τῆς
2508 4667 2644 4722 κατὰ
2690 4668 2781 4721 τὸν
2824 4667 3093 4738 σωτήριον
3128 4665 3353 4737 σταυρὸν
3383 4663 3710 4737 ἐκλείψεως,
3741 4669 3864 4740 ἀμ-

2182 4764 2401 4840 φότεροι
2442 4758 2544 4833 γὰρ
2576 4758 2759 4828 ἡμεῖς,
2794 4754 2898 4829 ἐγώ
2940 4774 2999 4807 τε
3046 4752 3134 4807 καὶ
3179 4752 3361 4825 αὐτὸς,
3393 4753 3530 4808 κατὰ
3575 4755 3679 4821 τὴν
3751 4763 3865 4824 τῆς

2179 4839 2457 4924 Αἰγύπτου
2488 4843 2847 4903 Ἡλιούπολιν
2907 4843 3191 4914 παρόντες,
3252 4839 3394 4915 (ἔθος
3451 4842 3553 4917 γὰρ
3613 4846 3682 4911 ἦν
3721 4846 3868 4900 τότε

2178 4945 2295 5001 τοῖς
2345 4933 2693 5005 ὁπουδήποτε
2721 4931 3018 5001 Ἕλλησιν,
3059 4928 3365 5003 ἀποδημεῖν
3429 4929 3505 4993 εἰς
3553 4930 3864 5007 Αἴγυπτον

2184 5030 2471 5103 μαθήσεως
2516 5022 2670 5077 ἕνεκα
2776 5024 3140 5094 καθεωρῶμεν
3188 5020 3286 5087 τὴν
3338 5018 3595 5088 τοιαύτην
3662 5018 3868 5077 ἐκλει-

2179 5116 2409 5192 ψιν,καὶ
2474 5114 2624 5173 ὅπως
2678 5111 2797 5180 ξένη
2857 5108 2946 5162 καὶ
3000 5110 3147 5183 παρά
3205 5106 3371 5183 λόγον
3421 5107 3657 5181 ἐγένετο,
3692 5109 3869 5174 ἐθαυ-

2184 5209 2421 5281 μάζομεν
2458 5221 2469 5233 ·
2522 5201 2658 5254 κατὰ
2715 5196 3005 5270 διάμετρον
3064 5196 3165 5270 γὰρ
3219 5198 3252 5265 ἡ
3288 5199 3864 5272 σελήνῃτεσσαρεσ-

2180 5290 2526 5351 καιδεκαταία
2592 5286 2741 5355 οὖσα,
2799 5290 2879 5357 τῷ
2949 5283 3097 5355 ἡλίῳ
3156 5285 3221 5352 ἦν
3262 5303 3274 5314 ·
3331 5285 3449 5337 καθ’
3526 5286 3583 5339 ’ὀν
3650 5290 3864 5361 καιρὸν

2181 5384 2442 5441 οὐδέποτε
2494 5372 2777 5451 συμϐαίνει
2834 5373 3001 5443 ἡλίου
3061 5370 3301 5447 ἔκλειψιν
3335 5372 3625 5447 γίνεσθαι.
3664 5375 3714 5429 εἰ
3775 5379 3865 5449 μὴ

1572 5554 1811 5611 VARUE
1844 5555 2229 5613 LECTIONES
2262 5554 2353 5609 ET
2386 5548 2619 5604 NOT/E.

480 5676 523 5708 ⁵³
557 5670 837 5727 Eruditam
866 5671 965 5724 hac
994 5669 1057 5726 de
1088 5686 1146 5725 re
1172 5671 1611 5742 disputatin
1640 5672 1703 5728 P.
1727 5670 1957 5728 Martini
1974 5670 2303 5730 Couvreurii
2330 5661 2609 5724 societatis
2624 5663 2753 5717 Iesu
2775 5659 3017 5731 theologi
3046 5659 3106 5716 in
3130 5659 3555 5717 Commentariis
3571 5655 3725 5712 vide.
3749 5672 3861 5713 ει).
