4062 6366
227 382 311 443 461
998 387 1459 443 PACHYMERE
1497 385 1831 439 PARAPHR

1944 384 2005 436 [S
2042 385 2119 436 IN
2156 385 2309 437 EPP.
2354 385 2414 437 Β.
2457 384 2798 442 DIONYSII.

3503 390 3610 446 462

218 516 301 590 γὰρ
329 507 653 585 παρεμπέσοι
685 511 720 580 ὴ
766 508 994 581 σελήνη,
1027 507 1117 563 καὶ
1175 506 1483 583 ὑποδράμοι
1513 508 1606 562 τὸν
1640 504 1831 575 ἥλιον,

1946 504 2070 560 ﬁeri
2106 506 2503 578 prodigiosum
2536 507 2682 562 illud
2717 508 2979 580 signum,
3013 510 3205 566 denuo
3237 514 3307 568 ad
3354 513 3605 586 primam

221 603 269 658 οὐ
299 601 368 674 μὴ
409 601 685 676 γενήσεται
728 602 763 669 ἡ
813 605 909 654 τοῦ
971 597 1139 666 ἡλίου
1189 592 1455 671 ἔκλειψις.
1516 594 1656 653 Τότε
1706 598 1833 669 γοῦν

222 692 303 747 οὐκ
344 693 404 759 ἦν
452 685 678 744 συνόδου
727 687 918 763 καιρός
950 708 962 719 ’
1018 687 1105 743 καὶ
1152 688 1214 741 τὸ
1264 688 1583 759 θαυμάσιον,
1619 686 1701 739 ὅτι
1747 682 1836 737 καὶ

220 779 433 853 ἔκλειψις
492 777 710 852 ἐγένετο
800 774 905 832 διπὸ
993 777 1136 852 ὥρας
1218 798 1248 840 ς
1330 773 1433 838 ἕως
1493 774 1635 849 ὥρας
1687 771 1836 828 ἑννοί-

218 886 342 940 της⁶
390 870 473 922 καὶ
534 868 627 922 ἀπ’
704 867 930 938 έννάτης
1016 865 1160 939 ὥρας
1232 862 1336 927 ἕως
1394 865 1619 938 ἑσπέρας
1669 861 1835 916 πάλιν

219 961 331 1015 κατὰ
373 956 656 1033 διάμετρον
718 961 800 1028 τῷ
850 955 999 1027 ἡλίῳ
1058 958 1092 1024 ἡ
1153 954 1355 1024 σελήνη
1408 951 1640 1028 ἐγένετο.
1674 952 1836 1007 Ἀνά-

221 1069 401 1121 μνησον
432 1045 487 1101 δὶ
507 1045 596 1101 καὶ
641 1042 823 1116 ἕτερον
866 1041 1028 1099 αὐτὸν
1076 1050 1195 1098 ταῖς
1244 1043 1669 1116 ἀστρονομικαῖς
1704 1038 1838 1093 ἀκό-

218 1136 386 1200 λουθον
417 1156 428 1170 ·
463 1136 521 1190 έκ
575 1136 674 1211 γὰρ
728 1139 796 1208 τῇ
846 1134 983 1188 κατὰ
1029 1133 1172 1204 τάξιν
1226 1131 1466 1206 ἐκλείψει
1518 1134 1613 1185 τοῦ
1644 1127 1834 1197 ἡλίου,

218 1225 263 1282 ἐκ
285 1224 372 1280 τοῦ
402 1224 561 1279 αὐτοῦ
596 1226 792 1298 μέρους
838 1223 933 1277 τοῦ
979 1221 1215 1292 ἡλιακοῦ
1266 1218 1449 1275 δίσκου
1502 1219 1709 1292 ἀνάγκη
1745 1217 1832 1272 καὶ

214 1316 294 1383 τήν
318 1307 611 1387 ἔμπτωσιν,
641 1311 901 1383 δηλονότι
952 1312 1050 1380 τὴν
1100 1311 1383 1383 σκότωσιν,
1415 1309 1501 1364 καὶ
1536 1306 1699 1361 πάλιν
1732 1309 1830 1375 τὴν

214 1405 565 1477 ἀνακάθαρσιν,
609 1401 871 1471 δηλονότι
901 1403 1001 1471 τὴν
1030 1405 1241 1479 φαῦσιν,
1275 1399 1515 1475 γίνεσθαι
1555 1418 1567 1430 '
1600 1401 1696 1450 τοῦ
1728 1398 1831 1470 γὰρ

217 1493 355 1561 ἡλίου
384 1490 491 1547 ἅνω
526 1490 891 1567 διερχομένου
939 1490 1076 1546 κατὰ
1124 1491 1214 1544 τὸν
1255 1489 1455 1544 οἰκεῖον
1484 1484 1708 1557 κύκλον,
1741 1483 1830 1539 καὶ

214 1585 293 1650 τῆς
344 1580 575 1652 σελήνης
632 1580 972 1651 ὖποθεοῦσης
1040 1578 1178 1634 κατᾶ
1244 1579 1335 1633 τὸν
1400 1576 1561 1648 ἴδιον,
1621 1573 1828 1649 ἀνάγκη

214 1666 597 1744 προλαμϐάνειν
642 1672 743 1740 τὴν
790 1669 1051 1740 σελήνην,
1102 1669 1178 1731 ὡς
1227 1667 1490 1723 ἐλάττονα
1520 1668 1655 1721 κατὰ
1686 1664 1829 1720 πολὺ

215 1757 549 1836 διερχομένην
601 1758 805 1815 κύκλον
841 1778 854 1790 ·
918 1758 1133 1828 λοιπὸν,
1194 1758 1239 1812 εἰ
1292 1756 1381 1812 καὶ
1425 1756 1725 1834 ἀμφότεροι
1778 1754 1829 1807 οἱ

211 1856 464 1927 φωστῆρες
518 1850 619 1918 τὴν
682 1847 919 1903 ἐναντίαν
973 1852 1053 1919 τῷ
1117 1846 1275 1901 παντὶ
1332 1847 1640 1921 τρέχουσιν,
1704 1842 1830 1898 ἀλλ’

212 1938 290 1993 οὖν
333 1940 531 2009 σελήνη
585 1940 951 2013 προλήψεται.
1012 1936 1171 2000 Εἰκὸς
1227 1940 1352 2011 γοῦν
1413 1930 1515 2001 ἔνι,
1574 1934 1603 1988 ’5'
1665 1931 1827 2009 μέρος

210 2028 481 2082 ἐπισκοτεῖν
573 2026 1006 2099 συμπίπτουσαν,
1088 2030 1249 2080 τοῦτο
1323 2023 1412 2078 καὶ
1488 2022 1829 2089 ἀπολείπειν,

210 2117 324 2171 ὥστε
350 2117 566 2171 κάκεῖνο
613 2116 963 2189 φωτίζεσθαι.
1015 2115 1100 2170 Ἐν
1152 2110 1208 2167 δὲ
1253 2112 1321 2187 τῇ
1372 2113 1553 2187 ἡμέρᾳ
1591 2115 1686 2166 τοῦ
1718 2131 1831 2164 σω-

206 2204 369 2281 τηρίου
411 2209 665 2277 σταυροῦ,
717 2203 831 2259 ἐπεὶ
883 2203 988 2258 ἀπὸ
1034 2203 1305 2272 ἀνατολῆς
1366 2199 1662 2276 ἀκαριαίως
1712 2221 1830 2254 συν-

206 2292 348 2362 ῆλθεν
379 2296 411 2363 ἡ
444 2293 651 2363 σελήνη
684 2298 761 2364 τῷ
790 2292 959 2364 ἡλίῳ,
992 2292 1080 2346 καὶ
1112 2292 1379 2361 πεποίηκε
1408 2291 1505 2359 τὴν
1542 2285 1784 2363 ἔκλειψιν
1811 2307 1824 2320 ⁸

206 2378 295 2437 ἔδει
325 2381 376 2437 δὲ
395 2380 558 2437 πάλιν
584 2384 895 2437 ὑπονοστεῖν
916 2381 992 2443 εἷς
1011 2380 1102 2436 τὸν
1129 2380 1332 2436 οἷκεῖον
1359 2380 1550 2447 τόπον,
1572 2376 1664 2432 ’ίνα
1685 2380 1718 2447 ἡ
1736 2377 1833 2431 τά·

207 2471 273 2541 ξις
302 2472 457 2541 αὐτῆς
492 2469 752 2549 φυλαχθῇ
788 2491 799 2502 ’
826 2470 916 2525 καὶ
946 2468 1035 2525 διὰ
1063 2474 1222 2525 τοῦτο
1255 2469 1605 2524 ἀπολιποῦσα
1632 2472 1827 2521 τοῦτον

205 2560 346 2615 πάλιν
380 2560 733 2630 ὑπενόστησε,
768 2554 961 2629 συνέϐη
1004 2563 1138 2633 (73).
1174 2560 1269 2614 Καὶ
1292 2562 1325 2628 ἡ
1360 2559 1452 2630 μὲν
1477 2554 1722 2628 ἔκλειψις
1747 2556 1831 2631 γέ-

205 2670 332 2722 γονε,
365 2649 729 2710 σκοτωθέντος
760 2645 1023 2722 πρότερον
1046 2649 1141 2701 τοῦ
1162 2644 1487 2700 ἀνατολικοῦ
1515 2643 1711 2717 μέρους
1734 2646 1830 2696 τοῦ

204 2738 415 2805 ἡλιακοῦ
434 2736 622 2791 δίσκου
647 2755 659 2769 ⁸
683 2735 990 2808 μετέπειτα,
1019 2734 1445 2807 ὑποδραμούσης
1466 2732 1668 2801 ταύτης
1696 2729 1830 2785 ὅλον

202 2827 279 2879 τὸν
308 2826 485 2896 ἥλιον,
515 2826 607 2880 καὶ
636 2822 744 2895 ἤδη
779 2825 1079 2900 ἀρξαμένης
1110 2824 1445 2892 ὑπονοστεῖν,
1480 2821 1623 2882 εἰκὸς
1656 2822 1742 2888 ἦν,
1769 2818 1829 2874 τὸ

204 2911 395 2969 δυτικὸν
431 2916 595 2990 μέρος
625 2918 724 2968 τοῦ
765 2911 952 2967 δίσκου
1001 2916 1216 2987 πρῶτον
1273 2909 1708 2979 ἀπολειπούσης,
1735 2906 1830 2962 ’ίνα

198 3004 250 3056 τὸ
275 3007 370 3067 τῆς
402 3001 678 3071 ἀνατολῆς
728 2995 1012 3071 καταλάϐη
1064 3002 1247 3076 μέρος,
1292 2998 1465 3054 ἐκεῖνο
1494 2997 1583 3052 καὶ
1617 3000 1831 3072 πρῶτον

200 3093 510 3167 φωτίζεσθαι
543 3094 679 3161 (74).
712 3093 953 3147 Τοιαῦτα
997 3090 1120 3143 τότε
1170 3086 1524 3158 έτελέσθησαν
1580 3090 1659 3157 τῷ
1702 3106 1832 3139 παν-

199 3180 340 3251 αιτίῳ
374 3180 524 3252 μόνῳ
556 3183 671 3250 Θεῷ
702 3176 1095 3250 διαταττόμινα
1121 3177 1210 3231 καὶ
1242 3172 1646 3251 κυϐερνώμενα.

1950 613 2135 665 usque
2168 601 2395 667 partem
2447 596 2659 652 Arietis
2712 598 2768 652 in
2822 598 3062 666 oriente,
3116 601 3365 669 pristino
3396 606 3606 677 gradui

1949 701 2011 740 se
2044 684 2129 740 sol
2161 686 2221 739 in
2273 685 2525 741 solidum
2582 687 2858 743 restituit.
2909 691 3241 745 Secundum
3291 693 3442 749 hanc
3472 712 3609 767 sup-

1950 775 2323 846 positionem,
2351 777 2586 847 quando
2608 778 2862 849 primam
2884 777 3046 831 illam
3071 780 3219 851 signi
3244 782 3449 838 Arietis
3473 801 3606 855 par-

1948 867 2063 917 tem
2099 863 2257 918 haud
2293 882 2462 919 secus
2496 871 2723 935 poterat
2771 867 2856 921 sol
2906 884 3114 923 rursus
3153 871 3459 943 attingere,
3493 874 3607 931 nisi

1949 952 2219 1007 absoluto
2244 954 2393 1022 justi
2428 954 2495 1007 ad
2532 954 2587 1008 id
2630 956 2912 1027 temporis
2962 956 3300 1025 interstitio,
3336 977 3451 1031 quo
3484 968 3604 1020 toto

1948 1046 2209 1112 tempore
2236 1042 2704 1113 quinqueformis
2722 1044 2817 1099 ille
2835 1044 3042 1100 solaris
3068 1050 3262 1101 motus
3287 1050 3603 1119 perﬁcitur,

1947 1130 2147 1183 decem
2195 1130 2427 1185 interim
2480 1136 2881 1201 supputantur
2928 1132 3104 1199 horae,
3157 1152 3272 1189 non
3314 1139 3439 1207 jam
3492 1140 3602 1195 illa3

1950 1217 2231 1272 nimirum
2268 1221 2488 1289 primae,
2537 1237 2661 1290 quae
2694 1221 2741 1274 ei
2790 1222 3040 1293 tempori
3096 1224 3390 1280 attributae
3441 1234 3602 1298 sunt,

1948 1324 2063 1378 quo
2092 1307 2177 1361 sol
2210 1308 2281 1362 ab
2333 1309 2555 1363 oriente
2606 1309 2831 1364 excitus
2879 1313 2948 1365 ad
3002 1329 3135 1366 eum
3192 1330 3378 1386 usque
3406 1315 3597 1371 locum

1944 1402 2254 1470 provectus
2303 1402 2410 1467 est,
2464 1398 2519 1451 id
2573 1415 2687 1470 quo
2734 1400 2842 1453 sub
2895 1400 3140 1456 Ezecbia
3185 1404 3430 1475 contigit
3482 1406 3603 1461 ﬁeri

1943 1488 2218 1559 signum;
2274 1487 2373 1540 sed
2407 1486 2531 1541 alias
2581 1487 2797 1557 quibus
2850 1488 2934 1544 sol
2989 1493 3327 1564 retrogrado
3360 1510 3537 1550 cursu
3569 1513 3603 1550 a

1941 1576 2065 1631 loco
2093 1577 2242 1647 signi
2275 1577 2545 1643 recurrit,
2581 1578 2920 1648 relatusque
2943 1583 3029 1631 est
3064 1580 3122 1633 in
3147 1580 3453 1636 orientem.
3475 1585 3601 1639 Istae

1940 1666 2124 1738 igitur
2157 1666 2310 1720 horae
2345 1666 2567 1731 decem,
2604 1664 2821 1735 quibus
2852 1666 2935 1721 sol
2971 1667 3173 1738 primae
3202 1671 3353 1740 parti
3385 1671 3598 1728 Arietis

1942 1755 2178 1825 propior
2209 1756 2396 1809 factus
2429 1758 2518 1809 est
2547 1772 2614 1809 ex
2655 1756 3057 1825 suppositione
3107 1762 3330 1824 nostra,
3360 1776 3597 1816 censen-

1940 1847 2038 1897 tur
2068 1842 2432 1914 impleutque
2465 1844 2648 1897 vicem
2682 1841 2855 1898 solidi
2887 1844 3062 1900 unius
3094 1847 3254 1900 anni.
3290 1847 3591 1920 Siquidem

1940 1933 1997 1987 in
2032 1933 2086 1985 id
2132 1931 2409 1986 horarum
2463 1930 2875 2002 compendium
2930 1950 3035 1987 suo
3086 1935 3275 1989 reditu
3307 1939 3595 1993 contraxit

1941 2021 2274 2077 universam
2308 2020 2470 2075 illam
2505 2022 2685 2075 annui
2736 2022 3020 2091 temporis
3070 2023 3396 2094 periodum,
3432 2026 3595 2083 resti-

1940 2115 2115 2165 tuens
2143 2127 2203 2165 se
2234 2110 2309 2180 ei,
2343 2111 2399 2165 in
2430 2109 2672 2176 oriente,
2717 2110 2931 2165 Arietis
2962 2110 3153 2181 signo,
3184 2129 3217 2167 a
3250 2129 3364 2182 quo
3397 2114 3596 2185 utique

1942 2200 2042 2254 illa
2069 2200 2270 2254 eadem
2306 2200 2399 2254 die
2432 2199 2684 2270 primum
2712 2206 2944 2254 exortus
2979 2200 3188 2255 fuerat.
3214 2201 3455 2271 Deinde,
3480 2204 3602 2258 sole

1943 2306 2151 2344 rursus
2182 2290 2252 2343 ab
2287 2289 2511 2343 oriente
2556 2293 2732 2353 moto,
2770 2290 3004 2359 quando
3058 2290 3226 2344 aliter
3256 2291 3603 2362 neutiquam

1943 2394 2201 2432 remeare
2226 2378 2479 2448 potuerit
2498 2378 2569 2431 ad
2594 2376 2739 2431 illud
2768 2377 3029 2446 signum,
3048 2378 3105 2432 in
3128 2384 3386 2449 quotum
3417 2381 3606 2435 fuerat

1944 2467 2177 2536 quando
2220 2467 2289 2520 ad
2323 2465 2575 2520 Ezechiae
2621 2482 2821 2529 preces
2853 2466 3086 2538 insigne
3120 2468 3451 2539 prodigium
3488 2470 3607 2524 edi-

1943 2560 2065 2608 tum
2093 2558 2198 2613 est.
2227 2554 2339 2608 nisi
2369 2572 2467 2623 per
2489 2555 2669 2609 totius
2695 2556 2872 2608 annui
2897 2557 3180 2627 temporis
3201 2558 3604 2626 trajectionem

1943 2642 2121 2696 simul
2147 2646 2203 2696 et
2224 2643 2540 2697 motionem
2564 2642 2723 2697 illam
2750 2644 3276 2715 quinquiformem,
3303 2645 3360 2700 in
3401 2647 3603 2702 decem

1943 2731 2155 2785 iterum
2186 2731 2345 2785 horis
2378 2730 2476 2785 illo
2510 2748 2571 2785 se
2604 2732 2853 2802 recepit;
2889 2750 3069 2803 quare
3101 2733 3247 2789 alias
3281 2736 3479 2789 decem
3513 2753 3605 2790 ae-

1944 2820 2098 2892 cepit
2129 2820 2303 2874 horas
2335 2817 2437 2894 pro
2470 2836 2577 2875 suo
2610 2819 2708 2874 illo
2730 2837 2966 2875 recursu
2988 2822 3057 2875 ab
3090 2822 3312 2877 oriente
3334 2824 3601 2894 adusque

1944 2910 2097 2979 signi
2132 2907 2322 2963 locum
2354 2926 2455 2980 pro
2488 2909 2888 2964 anniversaria
2921 2915 2977 2964 et
3028 2910 3447 2981 quinquiformi
3484 2930 3603 2967 mo-

1944 2997 2121 3053 tione.
2143 2998 2341 3068 Neque
2360 2998 2514 3050 enim
2537 2996 2717 3051 semel
2744 3014 3017 3068 egressus
3040 2999 3278 3071 signum
3308 3000 3521 3056 Arietis
3540 3001 3600 3057 in

1945 3087 2186 3152 oriente,
2221 3089 2479 3156 repetere
2529 3084 2674 3139 illud
2728 3090 2976 3156 poterat,
3016 3087 3127 3141 nisi
3160 3088 3407 3143 decursa
3440 3090 3603 3160 prius

1945 3174 2346 3230 anniversaria
2375 3174 2650 3245 periodo;
2685 3177 2784 3229 sed
2820 3192 3009 3245 neque
3041 3175 3211 3231 aliter
3232 3178 3603 3249 poteratﬁeri

198 3285 251 3333 ut
278 3282 371 3351 qui
403 3279 585 3336 semel
617 3279 964 3336 descivisset
994 3279 1067 3332 ab
1101 3294 1166 3333 eo
1199 3278 1389 3347 signo,
1431 3294 1548 3347 quo
1600 3280 1724 3330 tum
1776 3275 1930 3330 260
1979 3279 2121 3340 erat,
2158 3276 2393 3344 quando
2425 3275 2536 3328 sub
2590 3274 2833 3329 Ezechia
2878 3275 3121 3347 contigit
3150 3276 3413 3348 signum,
3443 3279 3602 3333 velut

197 3369 553 3438 postlimonio
586 3385 649 3423 se
678 3370 735 3424 in
767 3368 918 3423 idem
949 3368 1390 3437 redintegraret,
1425 3365 1537 3420 nisi
1570 3365 1893 3419 intercessu
1926 3363 2173 3417 alterius
2195 3362 2610 3417 anniversarias
2644 3364 3092 3433 progressionis.
3128 3364 3439 3435 Propterea
3469 3368 3549 3421 ait
3584 3382 3597 3421 :

198 3472 365 3535 Quam
397 3468 864 3525 anniversarium
899 3466 1218 3521 motionem
1252 3465 1406 3519 intra
1437 3464 1611 3518 horas
1643 3464 1842 3519 decem
1876 3481 1982 3519 suo
2017 3464 2203 3517 reditu
2240 3464 2526 3517 contraxit
2559 3480 2591 3517 a
2626 3462 2748 3515 loco
2784 3462 2841 3514 in
2876 3479 2990 3532 quo
3024 3463 3317 3519 indultum
3343 3470 3432 3520 est
3456 3467 3600 3520 Eze-

197 3558 325 3613 chiae
353 3559 609 3629 signum,
644 3561 875 3613 emotus
924 3555 1010 3609 sol
1058 3556 1117 3609 in
1167 3554 1473 3619 orientem,
1505 3555 1771 3608 eamdem
1826 3570 2064 3623 prorsus
2114 3553 2250 3607 anni
2300 3552 2507 3623 integri
2542 3551 2695 3606 viam
2748 3549 2835 3605 sol
2876 3552 2948 3604 ab
2979 3557 3110 3607 ortu
3157 3554 3226 3607 ad
3263 3553 3456 3609 locum
3494 3573 3599 3610 us-

196 3661 301 3715 que
328 3645 379 3698 in
414 3662 530 3717 quo
562 3644 887 3700 exhibitum
921 3647 1010 3696 est
1041 3642 1301 3713 signum,
1334 3641 1532 3694 decem
1568 3640 1701 3695 aliis
1736 3640 1976 3711 perfecit
2007 3640 2193 3695 horis.
2256 3639 2321 3693 Et
2352 3655 2491 3693 sane
2526 3639 2631 3693 hoc
2662 3642 2808 3705 erat,
2844 3638 2996 3708 quod
3044 3640 3433 3696 admiratione
3466 3648 3595 3697 stu-

190 3749 425 3805 poreque
480 3733 744 3805 implevit
790 3737 931 3786 tunc
983 3730 1351 3802 Babylonios.
1390 3744 1599 3799 nempe
1653 3729 1754 3782 uni
1804 3729 2065 3783 addictos
2120 3727 2438 3783 cmlestium
2496 3728 2800 3798 signorum
2854 3729 3359 3798 contemplationi,
3407 3732 3596 3801 deque

188 3821 345 3876 astris
375 3820 563 3877 multa
593 3819 980 3875 commentari
1030 3818 1252 3873 solitos.
1304 3816 1421 3870 Hoc
1474 3816 1803 3887 prodigium
1834 3816 1995 3871 nullo
2048 3833 2254 3888 pugnae
2308 3816 2519 3887 praevio
2553 3833 2869 3887 congressu
2905 3818 3139 3873 eosdem
3188 3820 3422 3892 subegit
3452 3821 3594 3877 Eze-

185 3908 311 3963 chia
342 3909 460 3981 regi
496 3908 861 3964 Hierusalem
898 3925 909 3961 :
944 3906 1113 3977 quasi
1164 3904 1265 3975 qui
1315 3910 1427 3959 Deo
1476 3904 1733 3974 cuipiam
1786 3922 1889 3975 par
1920 3912 2095 3973 esset,
2130 3922 2195 3960 ac
2243 3906 2293 3959 vi
2342 3906 2599 3976 quadam
2632 3906 2973 3976 augustiore
3020 3908 3319 3978 praeditus,
3353 3914 3593 3965 caeteros

187 3997 412 4053 anteiret
443 3998 741 4054 mortales.
775 3996 888 4050 Nec
911 3996 1037 4066 jam
1070 3995 1236 4061 signa
1269 3993 1367 4047 illa
1396 3994 1641 4063 profero,
1679 3993 1866 4047 multa
1894 3993 2027 4048 licet
2059 3994 2228 4065 plera
2278 3994 2705 4059 admirationis,
2740 3994 2897 4048 edita
2928 3995 2985 4048 in
3020 3996 3262 4068 {Egypto
3296 3997 3457 4063 olim,
3494 3996 3596 4052 aut

188 4086 289 4140 alia
316 4088 531 4158 quaevis
561 4086 693 4141 aliis
718 4086 776 4139 in
800 4084 940 4139 locis
964 4084 1227 4139 exhibita
1260 4099 1272 4135 :
1308 4099 1508 4136 verum
1538 4098 1605 4135 ea
1637 4098 2055 4147 commemoro,
2091 4100 2217 4153 quae
2267 4083 2536 4138 auditum
2569 4088 2658 4139 est
2690 4084 2746 4136 in
2781 4083 2924 4137 coelo
2975 4084 3087 4137 isto
3120 4086 3392 4141 omnibus
3425 4104 3596 4142 cons-

186 4175 337 4242 picuo
366 4176 707 4247 contigisse,
759 4174 937 4244 idque
984 4172 1311 4244 praesertim
1365 4188 1464 4242 per
1508 4170 1713 4225 solem.
1766 4171 1820 4224 Si
1850 4172 1990 4241 quid
2041 4172 2199 4225 enim
2235 4189 2391 4226 novae
2448 4173 2526 4225 rei
2561 4172 2668 4226 soli
2703 4171 3022 4237 obvenerit,
3071 4190 3242 4228 nemo
3275 4181 3364 4229 est
3393 4177 3594 4246 (modo

184 4262 227 4320 is
254 4266 428 4321 solem
465 4266 662 4337 ipsum
698 4263 1153 4334 contempletur)
1185 4262 1285 4333 qui
1318 4279 1431 4315 non
1473 4262 1616 4315 illud
1669 4261 1926 4317 dilucide
1974 4267 2272 4332 agnoscat.
2324 4265 2484 4328 Quod
2523 4263 2570 4317 si
2604 4279 2674 4317 ne
2707 4261 2798 4316 bis
2831 4262 3069 4333 quidem
3120 4264 3295 4319 ﬁdem
3331 4282 3593 4320 commo-

187 4354 330 4409 dabit
386 4354 845 4426 Apollophanes,
904 4351 993 4405 vel
1050 4355 1237 4405 Persae
1290 4350 1399 4421 ipsi
1454 4350 1790 4405 testimonio
1843 4366 1971 4404 esse
2017 4355 2312 4419 poterunt,
2361 4352 2460 4422 qui
2515 4352 2789 4406 Mithram
2848 4350 3085 4420 quidem
3147 4352 3330 4407 solem
3391 4353 3591 4425 ipsum

181 4448 406 4513 vocant;
448 4444 561 4499 diei
594 4448 791 4497 autem
828 4441 987 4495 illius
1021 4438 1350 4493 mirabilem
1379 4456 1621 4509 prorsus
1652 4439 2072 4505 extensionem,
2108 4456 2206 4509 per
2254 4440 2403 4495 ritus
2456 4457 2605 4511 quos
2653 4443 2891 4511 propter
2924 4441 3268 4496 memoriam
3304 4442 3591 4514 triplicati

185 4540 306 4595 solis
336 4542 667 4606 observant,
702 4538 1057 4611 signiﬁcant.
1095 4537 1203 4592 Sed
1237 4541 1294 4591 et
1323 4536 1432 4590 hoc
1464 4540 1530 4590 ut
1559 4535 1796 4592 interim
1841 4536 2051 4591 donem
2104 4537 2234 4605 ejus
2280 4536 2638 4605 inﬁdelitati,
2671 4541 2805 4608 quid
2838 4556 3040 4610 speras
3070 4539 3364 4594 dicturum
3395 4540 3466 4596 de
3497 4558 3596 4595 ce-

184 4626 307 4683 lebri
341 4630 438 4685 illo
468 4628 728 4701 deliquio
758 4627 923 4689 solis,
958 4626 1111 4698 quod
1147 4627 1362 4679 factum
1398 4625 1584 4679 scitur
1620 4624 1861 4679 Domino
1896 4641 1929 4678 a
1955 4625 2201 4679 salutari
2244 4642 2413 4681 cruce
2444 4628 2756 4696 pendente.
2792 4630 2980 4684 Ambo
3014 4646 3140 4695 nos,
3174 4646 3276 4699 ego
3310 4629 3591 4687 nimirum

185 4720 230 4770 et
255 4718 392 4789 ipse,
427 4719 583 4789 apud
615 4716 943 4788 Heliopolin
975 4714 1201 4786 Egypti
1236 4718 1552 4785 presentes
1604 4713 1761 4784 (nam
1814 4729 1879 4768 ea
1922 4712 2240 4767 inoleverat
2289 4716 2441 4785 apud
2495 4716 2724 4771 Graecos
2757 4718 3143 4785 consuetudo,
3178 4723 3244 4772 ut
3291 4719 3591 4773 undecun-

187 4820 281 4873 que
310 4807 841 4881 peregrinationem
870 4806 928 4859 in
961 4805 1271 4876 [Egyptum
1304 4806 1675 4872 capesserent
1707 4818 1886 4857 causa
1936 4803 2333 4873 perdiscendae
2378 4804 2755 4877 matheseos),
2790 4808 2961 4861 ambo
2993 4824 3133 4861 sane
3177 4824 3351 4879 quam
3386 4802 3595 4863 attenti

184 4896 409 4952 solarem
467 4898 617 4951 hanc
671 4894 917 4965 eclipsin
979 4891 1407 4964 perspeximus,
1459 4896 1515 4945 et
1569 4892 1724 4961 quod
1782 4893 2075 4961 stupenda
2126 4893 2379 4961 quadam
2439 4894 2695 4949 novitate
2746 4911 2811 4949 ac
2861 4900 3072 4966 praeter
3128 4896 3413 4951 rationem
3474 4914 3594 4953 ma-

183 4981 537 5041 thematicam
590 4985 973 5055 contingeret,
1009 4980 1307 5052 impendio
1359 4980 1743 5035 mirabamur.
1798 4982 1963 5035 Luna
2002 4982 2218 5052 quippe
2270 4986 2479 5053 quarta
2523 4987 2648 5037 erat
2693 4989 2749 5037 et
2795 4985 3017 5039 decima
3067 4986 3138 5038 ad
3187 4984 3369 5040 solem
3412 4986 3596 5041 relata

178 5072 324 5141 juxta
365 5074 639 5129 diametri
693 5073 1019 5137 rationem;
1073 5086 1188 5140 quo
1222 5069 1458 5140 quidem
1513 5074 1775 5139 tempore
1830 5086 2135 5140 nunquam
2187 5070 2332 5125 alias
2384 5072 2633 5144 contigit
2664 5072 2806 5128 solis
2839 5073 2963 5127 ﬁeri
3014 5073 3366 5145 deliquium.
3401 5080 3597 5147 Neque

184 5170 318 5227 enim
348 5173 583 5243 eclipsis
614 5171 821 5227 solaris
854 5169 1086 5238 accidit,
1120 5168 1231 5222 nisi
1267 5166 1376 5222 soli
1406 5166 1551 5221 luna
1582 5166 1874 5233 inciderit,
1909 5169 2138 5238 subque
2171 5169 2353 5224 solem
2390 5171 2757 5227 intercalaris
2787 5177 2946 5227 recta
2976 5188 3150 5227 suum
3188 5178 3428 5245 peragat
3460 5192 3595 5230 eur-

186 5272 320 5313 sum.
348 5262 495 5317 Tum
526 5277 662 5315 vero
696 5260 1033 5329 importuna
1060 5261 1181 5311 erat
1205 5261 1261 5311 et
1290 5254 1699 5326 intempestiva
1732 5255 1880 5310 ratio
1909 5256 2289 5312 interlunaris
2316 5260 2545 5330 synodi.
2580 5261 2689 5315 Sed
2725 5265 2781 5315 et
2809 5260 2916 5315 hoc
2950 5260 3342 5316 admiratione
3374 5264 3599 5335 dignis-

184 5344 398 5403 simum.
431 5349 516 5405 Ab
548 5348 694 5403 hora
724 5346 1016 5418 siquidem
1052 5349 1214 5400 sexta
1245 5344 1317 5398 ad
1356 5359 1569 5398 nonam
1609 5359 1794 5415 usque
1825 5359 1893 5398 ea
1923 5344 2169 5415 contigit
2215 5345 2472 5415 eclipsis,
2525 5352 2581 5401 et
2611 5365 2644 5401 a
2675 5365 2830 5403 nona
2860 5348 3128 5420 adusque
3161 5366 3463 5420 vesperam
3498 5369 3590 5407 se-

183 5437 417 5493 cundum
468 5438 822 5492 diametrum
871 5434 981 5489 soli
1024 5433 1167 5487 luna
1198 5435 1322 5486 erat
1351 5431 1642 5503 opposita.
1698 5430 1944 5487 Proinde
1989 5433 2334 5488 memoriam
2383 5434 2464 5487 illi
2501 5451 2711 5491 renova
2759 5435 3004 5493 alterius
3052 5438 3197 5492 26’!
3257 5440 3589 5510 cujuspiam

185 5525 320 5591 quod
365 5543 433 5582 ex
479 5523 897 5581 astronomicis
953 5521 1282 5578 eanonibus
1341 5520 1673 5576 necessario
1734 5521 2135 5591 consequitur.
2191 5523 2421 5577 Etenim
2456 5524 2513 5576 in
2565 5524 2707 5579 solis
2758 5525 2983 5597 eclipsi,
3039 5543 3163 5595 quae
3195 5544 3303 5583 suo
3353 5529 3589 5584 tandem

184 5613 365 5670 ordine
395 5614 704 5687 contingit,
737 5631 805 5670 ex
834 5614 965 5686 ipsa
995 5612 1200 5667 eadem
1224 5612 1388 5681 parte
1420 5608 1631 5666 solaris
1675 5609 1822 5665 disci
1872 5626 2110 5665 necesse
2161 5615 2250 5666 est
2294 5610 2418 5666 ﬁeri
2469 5611 2870 5682 incidentium,
2914 5615 3288 5672 tenebrarum
3321 5616 3595 5675 videlicet

187 5701 532 5773 effusionem,
564 5708 621 5762 et
648 5720 718 5761 ex
767 5702 1009 5775 obliquo
1058 5698 1557 5772 repurgationem,
1606 5700 1714 5757 hoc
1742 5703 1833 5757 est
1881 5697 2361 5758 illustrationem.
2393 5700 2522 5758 Sole
2556 5701 2708 5761 enim
2758 5720 2995 5762 sursum
3044 5705 3347 5778 proprium
3399 5706 3588 5764 circu-
