4062 6366
414 407 522 464 463
1247 403 1615 458 APPENDIX
1654 402 1751 457 AD
1789 401 2032 458 OPERA
2067 403 2128 456 Β.
2167 400 2484 457 DIONYSII
2521 402 3020 460 AREOPAGITE.
3740 401 3845 457 464

411 532 564 600 lum,
598 532 997 604 permanente,
1030 527 1174 582 luna
1203 526 1406 581 itidem
1456 542 1629 582 suum
1678 525 1854 580 etiam
1905 525 2376 581 subtercurrente
2423 523 2734 593 circulum,
2785 526 3119 582 necessario
3168 525 3312 580 luna
3354 525 3648 597 praevertit
3689 526 3832 582 solis

416 637 748 689 excursum,
797 623 860 672 ut
907 634 1035 688 qua:
1086 616 1374 670 minorem
1427 615 1613 670 multo
1662 615 1951 669 ambitum
2000 630 2107 669 suo
2137 617 2486 668 transcursu
2536 614 2825 669 conﬁciat.
2877 614 3138 685 Denique
3169 614 3346 670 etiam
3397 615 3445 670 si
3494 615 3670 670 ambo
3704 615 3826 670 haec

415 708 733 766 luminaria
757 707 912 761 viam
945 706 1354 777 ingrediantur
1386 704 1498 775 ipsi
1545 703 1676 774 polo
1708 703 2012 758 obversam
2046 720 2062 755 :
2095 707 2153 757 at
2181 707 2335 757 certe
2385 702 2522 756 luna
2567 719 2673 757 suo
2715 719 2960 758 excursu
2996 707 3322 757 antevertet
3368 703 3571 758 solem.
3606 705 3830 759 Conse-

421 816 608 872 quens
641 799 822 870 igitur
854 799 1026 851 t'uerit
1057 813 1123 850 ea
1156 801 1317 864 parte
1348 794 1548 848 lunam
1579 793 2079 858 obtenebreseere,
2115 808 2232 864 qua
2264 792 2469 846 incidit
2501 792 2608 847 soli
2646 810 2658 848 :
2691 797 2870 864 atque
2904 796 2967 846 ut
2997 792 3104 846 hac
3154 797 3317 863 parte
3358 792 3700 848 destituitur
3729 795 3844 847 t'ra-

419 893 585 944 terno
619 887 863 956 lumine,
899 885 979 939 ita
1009 889 1066 939 et
1113 884 1215 938 illa
1245 887 1408 954 parte
1458 881 1726 953 opposita
1773 899 1806 935 a
1853 881 1973 936 sole
2003 881 2129 951 ipso
2180 880 2534 936 illustratur.
2586 881 2688 936 Die
2719 885 2913 936 autem
2962 880 3236 935 salutaris
3269 881 3428 936 illius
3470 881 3665 936 crucis
3700 882 3851 936 alio-

422 977 522 1048 qui
554 976 625 1030 ab
657 975 874 1029 oriente
906 990 1082 1044 quam
1119 973 1433 1027 minimum
1467 971 1780 1041 conjuncta
1822 970 1951 1036 soli,
1986 969 2383 1041 prodigiosam
2430 975 2625 1024 tamen
2675 968 2834 1024 illam
2869 969 3047 1024 edidit
3077 970 3342 1041 eclipsin.
3389 969 3706 1040 Oportebat
3738 987 3846 1025 au-

425 1068 541 1119 tem
578 1063 738 1118 illam
792 1063 850 1118 in
908 1063 1208 1133 proprium
1259 1061 1453 1115 locum
1502 1059 1710 1114 reverti
1756 1064 1820 1113 ut
1852 1060 1992 1113 ordo
2039 1057 2123 1112 illi
2163 1057 2562 1113 connaturalis
2608 1064 3006 1113 asservaretur
3039 1074 3051 1112 :
3089 1057 3224 1113 hinc
3274 1058 3558 1126 contingit
3610 1063 3675 1113 ut
3727 1059 3848 1114 sole

421 1171 632 1210 rursus
664 1153 866 1208 relicto
896 1152 1135 1207 redierit
1182 1152 1276 1222 (ad
1309 1169 1483 1206 suum
1520 1151 1757 1222 locum).
1808 1151 1877 1204 Et
1909 1150 2030 1204 haec
2080 1149 2317 1220 quidem
2370 1149 2605 1216 eclipsis
2639 1149 2790 1203 facta
2834 1153 2942 1216 est,
2997 1149 3312 1204 obscurata
3356 1150 3520 1220 prius
3553 1154 3719 1221 parte
3752 1167 3850 1205 so-

421 1242 566 1306 laris
597 1242 743 1296 disci
776 1241 1126 1312 respiciente
1174 1240 1454 1295 orientem
1484 1257 1497 1306 ;
1543 1239 1753 1294 deinde
1785 1238 1928 1293 luna
1975 1242 2164 1292 totum
2213 1237 2692 1293 subtercurrente
2739 1237 2947 1303 solem,
2979 1254 3111 1292 cum
3137 1238 3260 1308 jam
3310 1238 3585 1310 cmpisset
3615 1238 3850 1304 reverti,

420 1330 825 1394 conveniebat,
861 1329 990 1400 ipsa
1018 1329 1321 1384 occiduam
1353 1332 1579 1400 partem
1609 1328 1752 1383 disci
1785 1327 1976 1399 primo
2007 1327 2312 1383 deserente
2349 1332 2407 1381 ut
2441 1325 2781 1381 orientalem
2816 1331 3039 1398 partem
3073 1331 3407 1398 occuparet,
3433 1327 3586 1397 quod
3623 1326 3726 1381 illa
3757 1344 3852 1382 oc-

428 1419 604 1474 cidua
637 1436 770 1491 pars
802 1417 975 1473 etiam
1011 1418 1200 1490 primo
1227 1417 1682 1472 illuminaretur.
1718 1417 1846 1471 Haec
1873 1420 2010 1471 sunt
2042 1433 2168 1487 qua!
2202 1432 2305 1487 per
2335 1415 2760 1487 providentiam
2808 1415 2911 1471 Dei
2943 1414 3127 1472 solius
3160 1431 3353 1471 rerum
3387 1415 3617 1488 opificis
3650 1417 3853 1472 omnia

424 1508 838 1578 disponentem
871 1507 1415 1577 moderantemque,
1450 1506 1507 1560 id
1541 1507 1820 1576 temporis
1854 1505 2109 1577 perfecta
2138 1509 2298 1559 sunt.

494 1614 657 1677 Quod
689 1613 738 1667 si
771 1612 971 1667 minus
1033 1629 1172 1667 vera
1223 1612 1494 1683 praedico,
1545 1629 1577 1667 o
1629 1611 2083 1683 Apollophanes,
2117 1612 2172 1677 Α

422 1702 532 1757 tibi
565 1718 666 1773 per
707 1717 795 1756 me
840 1700 1041 1756 licebit
1092 1700 1150 1754 in
1205 1705 1503 1772 posterum
1555 1717 1622 1755 ea
1667 1706 1731 1754 ut
1780 1717 2083 1771 coarguas.

425 1796 542 1863 Ego
575 1791 809 1846 interim
843 1792 1191 1844 memoriam
1217 1790 1322 1844 tibi
1356 1790 1638 1844 refricabo
1661 1791 1796 1845 facti
1822 1789 2084 1845 alterius.

426 1882 514 1936 ’I‘u
545 1881 703 1936 enim
737 1880 978 1950 perinde
997 1883 1174 1949 atque
1199 1878 1438 1933 numine
1466 1879 1744 1949 quopiam
1768 1883 1893 1933 tum
1918 1879 2080 1933 afﬂa-

425 1973 524 2026 tus
557 1969 695 2040 (quo
728 1971 923 2022 autem
953 1983 1070 2021 non
1103 1967 1250 2022 satis
1281 1966 1446 2037 scio),
1473 1967 1761 2037 primitias
1795 1968 2084 2038 quasdam

427 2056 806 2111 divinationis
841 2056 1250 2126 depromebas,
1273 2072 1403 2110 cum
1431 2057 1500 2110 ad
1535 2071 1627 2110 me
1660 2072 1975 2110 conversus
1997 2055 2084 2110 di-

426 2162 588 2202 ceres
625 2161 636 2198 :
674 2144 822 2211 Haec,
855 2161 886 2198 o
921 2145 1194 2216 praeclare
1222 2144 1475 2217 Dionysi,
1501 2145 1831 2199 divinarum
1857 2145 2084 2200 vicariae

425 2234 892 2306 permutationes
924 2251 1118 2288 rerum
1152 2239 1309 2288 sunt.
1365 2235 1560 2305 Ecqua
1591 2235 1830 2289 tandem
1864 2233 1964 2289 illa
1994 2239 2084 2290 est

427 2339 624 2378 rerum
657 2323 872 2377 vicaria
906 2322 1177 2389 mutatio,
1229 2339 1359 2393 quae
1411 2340 1514 2378 nos
1543 2324 1614 2378 ab
1660 2339 1853 2378 errore
1883 2324 2083 2378 tradu-

425 2410 508 2466 xit
536 2411 606 2465 ad
639 2410 964 2475 veritatem,
999 2412 1069 2465 ad
1105 2411 1292 2466 lucem
1334 2410 1724 2466 clarissimam
1762 2429 1796 2467 a
1826 2411 2083 2466 tenebris

426 2499 826 2570 transeripsit,
861 2516 894 2552 a
927 2503 1112 2553 morte
1144 2499 1358 2554 revexit
1388 2500 1460 2554 ad
1491 2500 1692 2565 vitam,
1726 2501 1978 2571 denique
2013 2501 2085 2554 ab

429 2586 853 2658 impurissimis
886 2587 1056 2641 idolis
1090 2588 1160 2641 ad
1195 2587 1294 2643 Dei
1327 2587 1557 2643 latriam
1578 2588 1801 2643 ascivit.
1827 2589 1958 2643 Hac
1979 2604 2084 2660 ego

433 2678 504 2732 ad
539 2676 734 2746 ipsum
767 2677 1092 2731 secundum
1123 2676 1383 2746 epistolae
1416 2677 1722 2742 rationem,
1755 2691 2085 2732 sermonem

2277 1607 2349 1662 Σὺ
2384 1605 2440 1662 δὲ
2479 1606 2697 1678 λοιπὸν,
2737 1605 3174 1683 Ἀπολλόφανες,
3221 1606 3369 1684 εἷ’περ
3430 1608 3528 1662 οὐκ
3559 1605 3852 1676 ἀληθεύω,

2201 1695 2458 1771 ἐξέλεγχε
2490 1715 2502 1728 ο
2551 1696 2660 1771 ἐγὼ
2703 1695 2758 1750 δὲ
2802 1694 2943 1751 ἄλλο
2998 1717 3056 1751 σε
3100 1698 3392 1768 ἀναμνήσω
3437 1716 3449 1729 ·
3500 1697 3581 1752 ὅτι
3633 1697 3698 1751 σὺ
3728 1697 3856 1751 τότε

2198 1784 2384 1849 ἐνθους
2444 1786 2611 1839 οἱονεὶ
2659 1786 2973 1860 γενόμενος,
3025 1785 3124 1840 οὐκ
3167 1786 3270 1840 οἶδ’
3318 1785 3532 1853 ὁπόθεν,
3587 1785 3853 1858 μαντείας

2193 1875 2474 1948 ἀπήρχου,
2506 1874 2593 1927 καὶ
2630 1868 2813 1948 ἔλεγες
2857 1874 2994 1950 πρὸς
3045 1875 3141 1947 ἐμέ
3183 1893 3195 1906 ·
3255 1877 3456 1932 Ταῦτα.
3488 1876 3533 1928 ὦ
3566 1872 3703 1929 καλὲ
3729 1883 3858 1928 Διο-

2191 1962 2353 2030 νύσιε,
2389 1963 2544 2017 θείων
2595 1964 2928 2038 πραγμάτων
2983 1959 3302 2037 μεταϐολαί.
3349 1963 3456 2019 Καὶ
3508 1962 3627 2018 ἰδοὺ
3752 1987 3852 2037 με·

2190 2045 2401 2119 ταϐολὴ
2438 2049 2614 2119 ἐκείνη
2670 2052 2958 2124 μετέθηκεν
3008 2054 3157 2124 ἡμᾶς
3213 2051 3319 2106 ἀπὸ
3362 2053 3461 2121 τῆς
3513 2050 3730 2122 πλάνης
3769 2054 3850 2116 εἷς

2190 2140 2289 2208 τὴν
2322 2137 2607 2210 ἀλήθειαν,
2641 2139 2746 2194 ἀπὸ
2791 2145 2886 2195 τοῦ
2936 2142 3160 2203 σκότους
3200 2140 3278 2203 εἷς
3319 2142 3381 2196 τὸ
3433 2144 3568 2218 φῶς,
3615 2142 3723 2197 ἅπὸ
3751 2142 3854 2198 τοῦ

2195 2228 2423 2284 θανάτου
2475 2228 2548 2291 εἷς
2605 2231 2702 2296 τὴν
2767 2233 2930 2302 ζωὴν,
2977 2231 3082 2284 ἀπὸ
3138 2234 3245 2284 τῶν
3306 2227 3553 2285 εἰδώλων
3615 2231 3694 2293 εἰς
3756 2234 3853 2287 τὸν

2194 2317 2364 2382 ὅντως
2396 2320 2547 2378 Θεόν.
2592 2322 2752 2375 Ταῦτ’
2802 2320 2910 2396 ἐγὼ
2954 2323 3069 2376 κατ’
3121 2320 3416 2390 ἐπιστολὴν
3473 2324 3546 2394 μή
3587 2322 3854 2395 μηκύνων

2191 2409 2282 2464 τόν
2317 2406 2479 2484 λόγον
2517 2411 2628 2481 (75)
2663 2428 2674 2441 ³
2711 2408 2771 2464 σὺ
2821 2407 2900 2478 δὲ,
2952 2411 2996 2464 ὧ
3043 2412 3148 2464 θεῖε
3183 2408 3526 2485 Πολύκαρπε.
3561 2411 3857 2485 προστίθει

2193 2497 2280 2551 καὶ
2339 2497 2406 2551 τα
2461 2495 2780 2570 λειπόμενα,
2851 2497 2942 2552 ’ίνα
3022 2500 3290 2574 προσάξης
3371 2504 3617 2554 τοιοῦτον
3683 2497 3861 2574 ἄνδρα

2195 2587 2357 2663 σοφὸν
2420 2585 2495 2648 εἷς
2545 2587 2642 2654 τὴν
2710 2586 3012 2665 ὑπέρσοφον
3068 2592 3165 2642 τοῦ
3215 2589 3645 2662 Χριστιανισμοῦ
3709 2587 3858 2660 ἀλή-

2199 2685 2367 2738 θειαν.

434 2764 678 2819 minime
713 2764 1062 2834 producens.
1097 2764 1152 2818 Si
1187 2781 1303 2834 qua
1349 2764 1862 2828 desiderabuntur,
1919 2769 2033 2818 tuae
2064 2768 2235 2818 erunt
2283 2768 2498 2832 partes,
2532 2782 2564 2820 o
2613 2765 2821 2820 eximie
2869 2765 3204 2838 Polycarpe,
3255 2766 3550 2838 supplere,
3585 2783 3712 2840 quae
3751 2769 3858 2824 de-

433 2857 594 2921 sunt,
627 2853 843 2924 quibus
873 2854 1062 2908 virum
1095 2853 1251 2908 hunc
1291 2869 1424 2908 cum
1456 2853 1665 2925 primis
1717 2853 2039 2924 sapientem
2089 2852 2401 2909 conciliare
2431 2854 2624 2925 possis
2673 2855 3123 2927 sapientissimae
3171 2856 3509 2912 christiana;
3541 2855 3859 2928 religionis

429 2940 683 2996 veritati.

800 3028 954 3084 262
995 3029 1067 3083 IN
1106 3028 1511 3084 EPISTOLAM
1552 3029 1705 3084 VIII.

496 3133 910 3205 Demophilum
945 3135 1100 3189 hunc
1131 3134 1314 3190 fuisse
1362 3135 1718 3191 monachum
1752 3137 1944 3209 arguit
1975 3153 2078 3192 vox

421 3220 527 3276 illa
565 3221 936 3293 therapeutae;
987 3223 1037 3277 is
1072 3222 1436 3294 tyrannicum
1490 3225 1772 3295 quiddam
1806 3226 2077 3297 designa-

414 3314 506 3365 rat
537 3310 820 3366 adversus
853 3313 1259 3384 presbyterum
1305 3329 1500 3367 suum.
1555 3314 1781 3368 Etenim
1812 3314 1870 3368 in
1903 3313 2068 3368 illum

407 3399 776 3455 consciverat
814 3401 1138 3470 graviorem
1189 3417 1356 3472 aequo
1407 3402 1879 3472 quaerimoniam,
1915 3403 2070 3474 quod

410 3503 599 3541 unum
635 3487 889 3558 aliquem
925 3505 954 3543 e
986 3489 1406 3560 paenitentibus
1457 3489 1774 3545 clementer
1819 3491 2075 3562 excepis-

410 3579 520 3631 set.
553 3576 734 3640 Quem
769 3577 924 3631 enim
973 3577 1289 3647 poenitebat
1321 3577 1798 3646 commissorum,
1833 3580 2074 3651 indigne

413 3663 716 3733 pulsatum
749 3664 1075 3718 eliminavit
1121 3666 1365 3736 templo,
1414 3667 1822 3739 presbyterum
1874 3674 2073 3722 autem

416 3750 630 3819 dejeeit
648 3752 828 3822 gradu
859 3777 873 3818 ;
904 3752 1028 3822 ipse
1059 3769 1193 3808 vero
1219 3754 1896 3826 functionisacrts,quod
1932 3773 2073 3811 neu-

417 3839 644 3911 tiquam
682 3840 788 3906 fas,
842 3857 1082 3895 manum
1123 3842 1443 3898 admolitus
1493 3849 1581 3898 est
1631 3844 1971 3915 impudens.
2006 3845 2075 3898 Et

419 3927 578 3982 hunc
610 3928 784 3982 talem
818 3933 985 3982 vocat
1035 3933 1196 3998 pater
1242 3933 1508 4002 γενναῖον,
1559 3932 1735 3985 tacita
1765 3931 1950 3986 ironia
1979 3949 2074 4002 op-

421 4017 710 4086 probrans
728 4015 809 4069 illi
826 4018 1005 4071 animi
1022 4019 1823 4089 magnitudinem:atinterim
1845 4020 2073 4075 nullum

419 4105 490 4159 de
514 4105 726 4175 pietate
742 4106 988 4161 reddens
1011 4109 1433 4162 testimonium.
1454 4107 1536 4163 Ob
1552 4107 1752 4162 oculos
1773 4107 1957 4179 igitur
1972 4108 2078 4163 im-

414 4191 624 4262 primis
658 4193 740 4248 illi
773 4195 1203 4265 exponitMosis
1234 4195 1508 4251 eximiam
1533 4196 2071 4267 mansuetudinem,

414 4282 586 4350 cujus
621 4282 794 4337 unius
825 4284 1015 4354 gratia
1046 4283 1266 4353 dignus
1319 4283 1395 4337 sit
1427 4284 1664 4338 habitus
1698 4283 1796 4338 Dei
1829 4285 2069 4339 visione.

410 4369 616 4441 Itaque
648 4388 827 4425 sacrae
864 4371 1106 4440 Litterae,
1142 4372 1377 4441 quando
1402 4371 1557 4425 hunc
1599 4371 1906 4426 insinuant
1936 4373 2072 4426 inci-

409 4458 569 4512 disse
611 4459 672 4512 in
717 4460 817 4514 Dei
864 4459 1352 4530 indignationem,
1403 4475 1590 4530 eoque
1635 4460 1854 4514 factum
1906 4465 1972 4514 ut
2011 4461 2069 4515 in

407 4545 709 4600 aversione
742 4548 918 4601 fuerit
964 4547 1147 4600 divini
1188 4547 1405 4614 vultus,
1440 4549 1654 4603 etedem
1695 4549 1800 4620 (ait
1830 4554 2068 4605 sanctus
2099 4572 2140 4637 ρ

408 4632 593 4700 Pater)
629 4635 966 4705 exprimunt
996 4636 1191 4705 ipsum
1227 4636 1389 4707 prius
1416 4653 1478 4692 se
1502 4637 1864 4693 abalienasse
1891 4656 1923 4692 a
1953 4639 2066 4692 vir-

407 4725 533 4776 tute
583 4723 1076 4792 mansuetudinis,
1131 4723 1334 4795 sicque
1366 4725 1604 4780 demum
1654 4727 1976 4797 contigisse
2009 4732 2074 4782 ut

408 4810 638 4866 alienus
670 4812 834 4866 fieret
867 4831 898 4866 a
931 4813 1028 4868 Dei
1082 4813 1370 4868 contuitu.
1423 4817 1564 4868 Cum
1615 4831 1747 4869 vero
1795 4816 2067 4870 eumdem

407 4901 990 4974 depraedicant,quod
1013 4902 1351 4973 praeminet
1369 4902 1765 4974 eximiumque
1786 4911 1874 4959 est
1891 4905 1950 4958 in
1973 4905 2066 4959 Dei

405 4989 1284 5061 imitatione,mansuetudinem
1311 4989 1637 5060 celebrant;
1663 4991 1840 5061 hujus
1862 4992 2064 5048 etiam-

410 5095 552 5133 num
603 5080 809 5135 merito
858 5080 969 5135 dici
1023 5079 1346 5152 promeruit
1395 5079 1492 5133 Dei
1545 5080 1823 5136 famulus.
1869 5082 1977 5137 Sed
2011 5091 2066 5137 et

410 5169 646 5237 quando
679 5169 957 5224 adversus
997 5169 1196 5240 ipsum
1228 5167 1465 5237 quidem
1498 5185 1600 5239 pro
1635 5169 1891 5239 primatu
1923 5187 2062 5241 gen-

400 5255 500 5324 tis,
535 5256 816 5311 adversus
851 5263 1046 5312 autem
1070 5259 1356 5310 Aaronem
1384 5273 1485 5326 pro
1521 5257 1862 5327 pontificatu
1888 5263 2064 5325 teme_

402 5343 539 5396 rarii
572 5344 812 5412 quidam
865 5346 1356 5414 vehementerque
1400 5345 1776 5416 impudentes
1829 5348 2062 5418 eonspi-

400 5435 650 5497 rassent,
684 5437 740 5486 et
763 5433 888 5502 jam
923 5433 1302 5501 coorirenlur,
1338 5432 1607 5489 libertate
1637 5434 1803 5490 valde
1835 5435 2061 5506 placide

401 5520 696 5584 utebatur,
731 5526 787 5574 et
837 5521 886 5574 ei
940 5520 1244 5576 ultroneus
1295 5524 1650 5578 concedebat
1700 5524 1902 5594 populi
1937 5541 2058 5580 ma-

400 5608 738 5680 gistratum,
772 5610 864 5665 cui
914 5611 1324 5667 decerneretur
1371 5612 1471 5668 Dei
1516 5615 1763 5683 judicio.
1797 5615 1880 5668 Ad
1915 5614 2056 5678 hac,

399 5698 802 5755 innocentiam
841 5716 1010 5756 suam
1046 5702 1497 5758 testatissimam
1531 5703 1784 5758 reddidit
1817 5718 1829 5757 :
1863 5707 2060 5760 eonte-

2583 3034 2696 3084 ΕΙΣ
2730 3030 2876 3086 ΤΗΝ
2908 3031 2968 3086 H'
2999 3032 3425 3088 ΕΠΙΣΤΟΛΙΙΝ.

2259 3135 2319 3191 Ὀ
2352 3133 2666 3209 Δημόφιλος
2700 3134 2856 3198 οὗτος
2911 3138 3153 3212 μοναχὸς
3194 3138 3284 3210 ἦν,
3332 3137 3406 3200 ὡς
3449 3134 3613 3207 δηλοῖ
3642 3137 3732 3208 τὸ,
3774 3139 3860 3192 θε-

2189 3227 2449 3300 ραπευτῇ.
2522 3227 2868 3299 Τυραννήσας
2953 3225 3010 3280 δὲ
3087 3225 3222 3280 κατὰ
3300 3230 3398 3280 τοῦ
3467 3221 3856 3302 πρεσϐυτέρου

2183 3313 2371 3381 αὑτοῦ,
2424 3311 2459 3381 ἤ
2516 3313 2606 3367 καὶ
2688 3313 3088 3386 ἀγανακτήσας,
3169 3314 3251 3368 ὅτι
3329 3312 3540 3384 ἐδέξατό
3611 3335 3740 3368 τινα
3803 3315 3856 3369 ἐν

2188 3401 2445 3472 μετανοίᾳ
2527 3396 2655 3454 ὄντα
2731 3402 3175 3477 ἁμαρτημάτων,
3257 3398 3477 3472 ἐξέϐαλε
3557 3406 3856 3473 τυπτήσεις

2181 3489 2273 3542 τὸν
2320 3494 2701 3561 μετανοοῦντα,
2756 3491 2848 3544 τὸν
2909 3487 2965 3544 δὲ
3007 3486 3368 3567 πρεσϐύτερον
3428 3491 3686 3561 έξώθησε,
3759 3493 3858 3546 καὶ

2183 3575 2346 3639 αὐτὸς
2394 3583 2508 3640 τοῖς
2555 3578 2744 3652 ἱεροῖς,
2796 3577 2856 3631 οὐ
2910 3579 3127 3650 θεμιτὸν
3181 3574 3262 3651 ὅν,
3314 3578 3635 3654 ἐπεχείρησε
3669 3599 3681 3610 ·
3717 3602 3856 3654 γεν-

2184 3670 2327 3718 ναῖον
2363 3662 2419 3719 δὲ
2459 3664 2604 3740 λέγει
2662 3671 2881 3734 τοῦτον,
2934 3666 3062 3741 ἰσχὺ
3112 3668 3186 3722 εἷς
3236 3667 3299 3722 τὸ
3343 3669 3502 3723 κακὸν
3558 3669 3855 3742 ὀνειδίζων

2185 3751 2350 3824 αὕτῷ,
2396 3752 2522 3810 ἀλλ’
2577 3754 2674 3809 οὐκ
2725 3750 3010 3810 εὐλάϐειαν
3061 3754 3478 3831 ἐπιμαρτυρῶν·
3539 3761 3854 3834 πρότίθησι

2183 3841 2360 3895 τοίνυν
2393 3843 2490 3910 τήν
2526 3844 2802 3907 Μωϋσέως
2849 3843 3152 3918 πραότητα,
3186 3843 3256 3899 δι’
3286 3843 3353 3914 ἤν
3382 3846 3471 3900 καὶ
3499 3851 3598 3912 τῆς
3633 3851 3850 3927 θεσφα-

2183 3931 2323 3992 νείας
2353 3931 2554 4001 ἠξίωτο
2589 3976 2601 3988 .
2638 3931 2793 3999 ὥστε,
2827 3934 2917 3986 καὶ
2966 3932 3092 3987 ὅταν
3145 3932 3376 4008 λέγωσιν
3410 3934 3566 3990 αὐτὸν
3601 3938 3657 3995 αἱ
3694 3945 3852 4014 Γρα-

2184 4020 2276 4093 (pati
2310 4019 2360 4073 ἐν
2394 4020 2754 4093 ἀγανακτήσει
2786 4025 2883 4074 τοῦ
2927 4025 3061 4075 Θεοῦ
3108 4025 3407 4096 γεγονέναι,
3448 4025 3534 4078 καὶ
3591 4023 3645 4079 ἐν
3699 4027 3856 4082 ἀπο-

2183 4110 2391 4183 στροφῇ
2441 4112 2535 4161 τοῦ
2575 4109 2870 4183 προσώπου
2929 4108 3115 4177 αὐτοῦ»
3166 4109 3453 4184 πρότερον,
3515 4113 3674 4186 φησὶ,
3731 4113 3853 4171 δει-

2182 4195 2433 4250 κνύουσιν
2465 4196 2620 4250 αὐτὸν
2655 4194 2755 4267 ἔξω
2798 4197 3076 4270 γεγονέναι
3121 4205 3219 4267 τῆς
3249 4199 3579 4273 πραότητος,
3617 4203 3714 4258 καὶ
3755 4207 3856 4260 εἶθ’

2183 4282 2326 4337 οὕτω
2357 4289 2543 4347 παθεῖν
2593 4285 2653 4337 τὸ
2705 4285 2796 4338 ἀπ’
2847 4281 3026 4359 ὄψεως
3073 4288 3320 4361 γενέσθαι
3373 4292 3469 4342 τοῦ
3513 4295 3670 4347 Θεοῦ.
3711 4296 3860 4351 ’Ότε

2183 4367 2239 4424 δὲ
2282 4371 2736 4447 ἀνακηρύττουσιν
2799 4373 2958 4427 αὐτὸν
3006 4374 3069 4428 τὸ
3118 4380 3368 4451 προῦχον
3426 4377 3516 4430 καὶ
3568 4378 3858 4455 ἐξαίρετον

2179 4465 2279 4528 τῆς
2310 4461 2696 4532 θεομιμησίας,
2748 4461 3180 4537 ἀνακηρύττουσι
3235 4466 3334 4533 τήν
3356 4465 3640 4541 πραότητα
3673 4473 3805 4546 (76)
3841 4492 3855 4505 ·

2181 4548 2267 4601 καὶ
2317 4549 2417 4623 γὰρ
2476 4548 2564 4602 καὶ
2625 4546 2712 4603 διὰ
2774 4551 2974 4621 ταύτην
3055 4549 3269 4626 λέγεται
3341 4553 3584 4626 θεράπων
3651 4563 3800 4614 Θεοῦ
3839 4577 3854 4593 ·

2181 4634 2326 4690 ἀλλά
2376 4637 2462 4690 καὶ
2529 4635 2638 4707 ὅτε,
2717 4638 2854 4713 πρὸς
2935 4639 3094 4693 αὐτὸν
3170 4641 3262 4713 μὲν
3326 4641 3457 4717 ὑπὲρ
3518 4641 3855 4722 ἰθναρχίας,

2179 4725 2313 4797 πρὸς
2391 4727 2599 4798 Ἀαρὼν
2688 4724 2744 4782 δὲ
2822 4729 2952 4802 ὑπὲρ
3035 4736 3132 4798 τῆς
3213 4729 3651 4805 ἀρχιερωσύνης,
3725 4737 3852 4793 ἰτα-

2184 4813 2276 4886 μοί
2332 4834 2474 4875 τινες
2533 4816 2622 4869 καὶ
2709 4816 3058 4891 ἀναίσχυντοι
3141 4817 3582 4891 ἐπισυνέστησαν,
3664 4823 3850 4902 έπαῤ-

2179 4898 2470 4974 ῥησιάζετο
2505 4898 2622 4956 λίαν
2675 4904 2890 4977 πραέως
2941 4906 3074 4974 (77),
3134 4903 3224 4958 καὶ
3276 4911 3358 4976 τῷ
3388 4906 3464 4967 εἱς
3497 4898 3849 4982 προστασίαν

2179 4989 2313 5044 λαοῦ
2344 4992 2721 5065 κριθησομένῳ
2751 4993 2897 5066 παρὰ
2923 4997 3055 5047 Θεοῦ
3097 4994 3410 5069 παρεχώρει
3461 5003 3558 5065 τῆς
3596 4997 3795 5074 ἀρχῆς
3835 5023 3850 5034 ·

2177 5078 2579 5157 ἐπεμαρτύρετο
2612 5081 2688 5155 δὲ,
2744 5084 2817 5146 ὡς
2871 5083 3109 5146 ἀναίτιὸς
3169 5083 3280 5138 ἐστι
3324 5091 3442 5149 τοῖς
3493 5087 3850 5163 ἀρχομένοις

2175 5169 2420 5224 ἁπάντων
2469 5176 2576 5225 τῶν
2624 5177 2824 5226 κακῶν.
2873 5173 3236 5246 Ἀρχομένοις
3285 5170 3342 5227 δὲ
3388 5176 3520 5251 φησί
3565 5183 3684 5239 τοῖς
3732 5182 3851 5238 ὑπὸ

2173 5257 2432 5344 έξουσίαν,
2464 5257 2676 5330 δηλαδή
2700 5266 2777 5332 τῷ
2826 5260 2969 5332 λαῷ.
3029 5261 3326 5317 Ἠπίστατο
3378 5263 3500 5339 γὰρ,
3529 5263 3611 5319 ὅτι
3647 5269 3674 5321 ὁ
3712 5271 3850 5344 ὁμι-

2175 5343 2284 5400 λῶν
2317 5353 2395 5419 τῷ
2427 5347 2607 5421 ἀγαθῷ
2639 5355 2775 5421 Θεῷ,
2826 5348 3038 5424 ὀφείλει
3093 5351 3499 5408 ἀποτυποῦσθαι
3551 5355 3690 5430 πρὸς
3731 5343 3843 5430 τήν

2172 5433 2376 5489 ἐκείνου
2409 5433 2736 5510 ἀγαθότητα.
2770 5439 2835 5493 Τί
2886 5436 2942 5492 δὲ
2992 5439 3083 5493 τὸν
3129 5439 3433 5514 θεοπάτορα
3459 5443 3623 5498 Δαυΐδ
3647 5445 3844 5504 ἐποίει

2171 5521 2328 5597 φίλον
2362 5529 2475 5595 Θεῷ
2513 5528 2586 5597 μὴ
2629 5528 2662 5594 ἡ
2715 5525 2958 5597 πραότης
2995 5545 3007 5595 ;
3058 5528 3374 5603 Θεοπάτορα
3427 5528 3483 5585 δὲ
3529 5532 3690 5587 καλεῖ
3741 5534 3846 5593 διὰ

2167 5613 2258 5666 τὸν
2292 5614 2521 5686 Χριστόν
2555 5632 2566 5644 ·
2611 5636 2739 5690 φησι
2772 5617 2872 5691 γὰρ
2925 5615 2952 5669 ὁ
2993 5621 3135 5679 θεῖος
3183 5615 3403 5682 ΙΙαῦλος
3431 5639 3444 5653 ο
3478 5620 3844 5698 ’Δφωρισμέ-

2167 5721 2257 5763 νος
2311 5701 2386 5764 εἷς
2473 5700 2830 5778 Εὐαγγέλιον,
2917 5705 2946 5759 ὃ
3032 5706 3506 5783 προεπηγγείλατο
3567 5709 3617 5767 ὒν
3673 5717 3837 5785 Γρα-
