4062 6366
286 367 387 420 465

1116 366 1581 420 PACHYMERE
1621 364 2130 419 PARAPHRASIS
2170 366 2245 417 IN
2282 366 2439 420 EPP.
2480 370 2537 423 8.
2581 369 2918 426 DIONYSII.

3614 376 3720 430 466

282 494 401 567 φαῖς
460 488 641 562 ἁγίαις
696 488 820 563 περὶ
895 491 990 541 τοῦ
1065 488 1193 541 Υἱοῦ
1264 488 1427 541 αὑτοῦ
1488 491 1583 541 τοῦ
1638 486 1918 561 γινομένοι

2051 491 2215 544 stans
2236 492 2390 560 quod
2416 498 2621 549 auctor
2638 495 2981 567 neutiquam
3009 496 3185 551 fuerit
3205 512 3403 552 eorum
3431 498 3719 570 omnium,

278 579 333 633 ἐκ
388 577 709 651 σπέρματος
772 575 934 631 Δαυὶδ
988 576 1124 630 κατὰ
1184 577 1376 651 σάρκα.
1438 576 1668 643 Λοιπὸν,
1731 573 1814 629 διὸ
1872 574 1936 642 ἦν

280 666 431 727 οὗτος
494 672 673 737 πρᾶος
734 668 870 739 πρὸς
934 670 1059 727 τοῦς
1114 664 1349 739 ἐχθροὺς
1408 686 1497 718 και
1557 665 1775 740 ἀγαθὸς,
1806 662 1942 717 κατὰ

274 759 371 823 τήν
402 753 633 831 καρδίαν
684 758 821 809 εἶναι
870 760 967 810 τοῦ
1029 759 1162 809 Θεοῦ
1226 759 1600 828 μαρτυρεῖται.
1655 754 1836 807 Καίτοι
1882 773 1941 827 γε

276 846 334 899 ού
366 846 516 915 ξένον
569 844 636 912 ἦν
695 846 755 899 τὸ
817 844 949 898 εἷναί
1011 865 1132 897 τινα
1191 844 1330 918 πρὸς
1389 843 1480 897 τὸν
1528 842 1723 918 ἐχθρὸν
1777 840 1940 896 αὐτοῦ

275 941 554 1009 προσηνῆ,
588 933 703 988 ἐπεὶ
735 933 823 987 καὶ
877 933 1066 1006 Νόμος
1116 930 1289 987 ἔκειτο
1352 933 1516 1005 ἱερὸς,
1568 932 1656 985 καὶ
1705 936 1811 985 τῶν
1844 934 1940 985 τοῦ

279 1023 481 1099 ἐχθροῦ
513 1023 820 1098 ὑποζυγίῶν
852 1029 1105 1099 προνοεῖν
1141 1043 1153 1055 °
1188 1023 1487 1097 γέγραπται
1521 1028 1621 1096 γᾶρ
1656 1021 1707 1075 ἐν
1734 1026 1813 1092 τῷ
1838 1021 1942 1076 Νό-

278 1136 385 1187 μῳ,
417 1107 556 1167 ὥστε
610 1113 701 1167 καὶ
748 1114 811 1167 τὸ
863 1117 959 1167 τοῦ
1010 1112 1213 1187 ἐχθροῦ
1276 1110 1573 1185 ὑποζύγιον
1605 1108 1939 1164 καταπίπτον

274 1201 591 1277 ἀνεγείρειν.
626 1196 821 1257 Ἰακὼό
873 1198 952 1271 δὲ,
1012 1200 1101 1254 καὶ
1163 1201 1387 1276 Ἰωσὴφ,
1437 1200 1523 1253 καὶ
1554 1193 1722 1255 ’Ἅϐελ
1755 1199 1805 1269 (ὁ
1841 1197 1934 1269 μὶν

276 1291 348 1351 ὡς
380 1288 662 1353 ἄπλαστος
693 1288 765 1343 ὥν
825 1288 917 1343 καὶ
962 1288 1157 1351 κακίας
1211 1287 1513 1363 ἐλεύθερος,
1563 1289 1590 1341 ὁ
1624 1284 1679 1341 δὲ
1710 1288 1781 1347 ὡς
1810 1285 1935 1346 τοὺς

275 1376 568 1455 ἀδελφοὺς,
621 1380 710 1433 ὅτε
765 1376 1118 1453 ὑποχειρίους
1180 1380 1328 1452 εἶχεν
1386 1375 1581 1439 αὐτοὺς
1638 1374 1931 1446 οἱκονόμος

278 1464 348 1520 ὢν
376 1468 591 1537 ἁπάσης
653 1467 956 1541 Αἰγύπτου,
1019 1466 1117 1520 οὐκ
1172 1465 1532 1538 ἀμυνόμενος,
1595 1464 1759 1518 εἰπὼν
1793 1464 1928 1537 πρὸς

278 1555 475 1617 αύτούς
513 1576 526 1590 ο
564 1557 652 1624 Mi}
688 1551 959 1630 φοϐεῖσθε·
1019 1559 1116 1608 τοῦ
1166 1555 1269 1629 γὰρ
1301 1558 1436 1607 Θεοῦ
1471 1552 1573 1626 ἐγώ
1609 1552 1720 1625 εἶμι
1755 1571 1767 1583 ·
1812 1552 1839 1605 ὁ
1873 1548 1930 1605 δὲ

270 1650 347 1715 τῷ
398 1643 624 1721 ἀδελφῷ
682 1648 810 1698 Κάϊν
870 1643 1192 1705 ἀνυπόπτως
1256 1641 1729 1716 συμπορευόμενος
1762 1644 1875 1714 (78)
1914 1660 1925 1672 '

272 1732 617 1808 ἀγαθοειδεῖς
657 1733 1139 1809 ἀνακηρύττονται.
1196 1732 1271 1789 Ού
1315 1734 1416 1806 γαρ
1457 1734 1568 1807 χρή
1601 1731 1690 1785 τὸν
1724 1730 1923 1805 ἀγαθὸν

2054 594 2182 648 ρυῖο
2221 580 2479 636 subditis
2529 583 2821 650 obvenire,
2872 584 3185 639 malorum.
3216 584 3579 659 Ἀρχομὲνοις
3614 587 3715 658 ait,

2052 682 2151 721 eos
2185 668 2497 725 insinuans
2530 690 2677 743 quos
2710 673 2819 727 sub
2856 679 3145 744 potestate
3180 674 3433 730 habebat
3463 676 3714 747 Moyses:

2052 756 2333 826 pupulum
2349 759 2845 832 videlicet.Neque
2867 763 3023 817 enim
3048 765 3282 819 nescius
3302 767 3711 835 eratquoniam

2052 845 2148 914 qui
2176 845 2290 900 Deo
2325 864 2609 918 perquam
2634 851 2785 905 bono
2811 852 3190 922 congreditur
3210 853 3705 919 familiariter,de-

2048 932 2144 986 bet
2200 935 2248 988 is
2300 952 2404 1006 pro
2432 936 2580 991 virili
2616 939 2931 1009 imaginem
2964 941 3288 1009 exprimere
3310 942 3516 996 divinae
3550 942 3709 997 illius

2047 1022 2349 1078 bonitatis.
2388 1026 2579 1092 Porro,
2616 1029 2755 1097 quid
2808 1028 2965 1083 aliud
3000 1028 3279 1083 eximium
3328 1028 3425 1083 Dei
3476 1035 3704 1101 patrem

2046 1109 2224 1164 David
2262 1111 2377 1183 ipsi
2409 1113 2522 1168 Deo
2554 1119 2671 1169 tam
2726 1117 3001 1171 reddebat
3055 1117 3370 1172 amabilem
3402 1124 3459 1173 et
3488 1120 3702 1189 gratio-

2046 1214 2199 1266 sum,
2226 1200 2273 1255 si
2319 1218 2434 1256 non
2472 1204 2661 1259 virtus
2692 1206 3206 1260 mansuetudinis?
3238 1206 3336 1261 Dei
3370 1212 3564 1262 autem
3600 1224 3701 1277 pa-

2043 1291 2189 1343 trem
2221 1295 2386 1344 vocat
2418 1296 2656 1362 propter
2676 1293 2997 1348 Christum.
3027 1295 3122 1349 Ait
3154 1312 3409 1366 namque
3440 1296 3700 1351 admira-

2044 1376 2177 1430 bilis
2234 1379 2491 1435 Paulus:
2527 1382 2850 1453 Segregatus
2880 1385 2936 1437 in
2970 1385 3328 1454 Evangelium
3379 1386 3518 1455 quod
3565 1402 3699 1456 pro-

2040 1469 2192 1521 misit
2226 1470 2283 1522 in
2331 1468 2636 1540 Srrz’plurz’s
2686 1474 2888 1526 sanctis
2936 1472 2999 1527 de
3047 1474 3189 1528 Filio
3235 1489 3355 1541 suo,
3382 1474 3479 1544 qui
3519 1480 3701 1544 [actus

2038 1560 2117 1610 est
2148 1574 2217 1611 ex
2262 1561 2469 1613 semine
2521 1561 2698 1614 David
2741 1562 3049 1615 secundum
3098 1579 3319 1617 carnem
3344 1563 3445 1632 (ξε).
3480 1563 3703 1617 Deinde

2040 1646 2193 1714 quod
2250 1645 2300 1700 is
2348 1653 2464 1702 tam
2500 1654 2654 1704 esset
2702 1666 2839 1721 erga
2894 1650 3086 1705 hostes
3138 1668 3274 1706 suos
3322 1651 3582 1707 clemens
3632 1668 3698 1707 ac

2036 1733 2350 1806 benignus,
2402 1737 2598 1791 divino
2647 1740 2984 1793 testimonio
3038 1740 3229 1793 dictus
3282 1745 3369 1794 est
3418 1755 3545 1795 esse
3595 1756 3691 1795 se-

272 1824 395 1877 οῧτε
428 1828 803 1898 προεπινοεῖν,
839 1820 962 1877 οὕτε
1006 1828 1323 1895 προσποιεῖν
1356 1821 1421 1875 τὰ
1450 1821 1587 1875 κακὰ
1620 1824 1750 1893 (79),
1785 1819 1918 1874 ἀλλά

360 1910 403 1923 κ.
644 1912 653 1923 .
865 1911 878 1923 .
1041 1916 1067 1923 -
1134 1912 1147 1923 .
1229 1912 1250 1923 ,ι
1292 1915 1318 1923 ..
1410 1909 1423 1923 ς
1599 1910 1608 1923 ,
1709 1907 1732 1923 ε.
1771 1908 1784 1923 ε
1869 1910 1881 1923 .

2036 1824 2297 1878 cundum
2358 1841 2456 1879 cor
2511 1826 2613 1880 Dei
2646 1827 2745 1898 (y).
2800 1830 3141 1899 Quanquam
3200 1845 3270 1883 ne
3327 1828 3384 1882 id
3447 1829 3687 1899 quidem

273 1910 415 1984 μηδέ
452 1912 810 1985 μεταπίπτειν
862 1911 920 1966 ἐκ
977 1916 1071 1965 τοῦ
1123 1912 1321 1984 ἀγαθοῦ
1382 1909 1456 1971 εὶς
1486 1910 1674 1964 κακίαν
1706 1907 1793 1963 διὰ
1822 1910 1921 1977 τήν

264 2007 373 2055 τῶν
401 2003 600 2077 ἑτέρων
633 2002 842 2069 κακίαν,
896 1999 1042 2055 ἀλλᾶ
1084 2000 1299 2071 μᾶλλον
1342 1998 1659 2067 πλεονάζειν
1686 1999 1774 2052 καὶ
1804 1998 1926 2053 τότε

263 2093 364 2159 την
402 2091 739 2166 ἀγαθότητα,
785 2091 859 2152 ὡς
918 2088 976 2143 ἂν
1027 2090 1305 2151 κάκείνους
1364 2087 1623 2158 έκκαλοίη
1668 2088 1804 2162 πρὸς
1836 2088 1925 2141 τὸν

264 2181 463 2251 ὅμοιον
503 2179 693 2249 ζῆλον.
740 2177 961 2247 Ἐπειδὴ
1011 2180 1135 2247 περὶ
1178 2176 1387 2253 ἀνδρῶν
1439 2177 1807 2250 ἐμνήσθημεν,
1842 2175 1925 2230 δεῖ

262 2266 319 2322 δέ
350 2270 444 2323 καὶ
476 2267 833 2343 ὑψηλοτέρων
892 2268 1145 2342 ἅψασθαι,
1190 2267 1562 2339 ἀνανεύσωμεν
1608 2265 1699 2320 καῖ
1749 2287 1918 2321 κατα-

257 2360 578 2430 νοήσωμεν,
611 2358 673 2412 οὗ
725 2356 873 2432 λέγω
926 2356 1172 2433 ἀγγέλων
1229 2356 1567 2432 ἀγαθότητας
1614 2354 1920 2433 φιλανθρώ-

258 2468 401 2517 πων,
436 2448 525 2501 xui
594 2448 725 2521 ὑπὲρ
778 2446 943 2501 ἐθνῶν
993 2444 1263 2519 δεομένων
1320 2450 1415 2500 τοῦ
1467 2449 1621 2516 Θεοῦ,
1670 2445 1758 2498 καὶ
1801 2443 1917 2498 ἐπι-

259 2536 555 2607 τιμώντων
618 2536 749 2605 ὑπὲρ
802 2536 1101 2609 ἀνθρώπων
1159 2539 1276 2595 ταῖς
1327 2535 1709 2594 ἀποστατικαῖς
1759 2529 1915 2586 δυνά-

267 2646 413 2696 μεσι,
474 2622 734 2693 δηλονότι
768 2630 885 2687 τοῖς
933 2621 1204 2696 δαίμοσιν,
1258 2620 1316 2685 ἃς
1367 2622 1453 2677 καὶ
1498 2621 1711 2691 πληθῦς
1746 2620 1914 2695 λέγει,

266 2713 327 2767 οὐ
363 2711 453 2767 διὰ
482 2714 544 2767 τὸ
574 2718 684 2767 τῶν
729 2713 972 2788 ἀριθμῶν
1020 2711 1251 2780 πλῆθος,
1306 2711 1429 2767 ἀλλ’
1475 2713 1557 2765 ὅτι
1585 2715 1686 2764 τοῦ
1714 2710 1915 2764 ἐκιαίου

267 2803 405 2856 Θεοῦ
444 2802 631 2878 πορρω
686 2802 993 2871 ἀπέστησαν
1027 2821 1039 2833 ’
1098 2802 1161 2855 τὸ
1216 2799 1272 2855 δὶ
1328 2800 1540 2869 πλῆθος
1596 2799 1785 2875 πόρρω
1815 2807 1913 2867 τῆς

263 2889 509 2963 μονάδος
542 2892 734 2966 ἀπέχει
770 2911 782 2924 ’
819 2891 884 2945 ού
937 2890 1085 2966 λέγω
1143 2896 1272 2965 γοῦν
1332 2890 1455 2965 περὶ
1501 2889 1709 2944 τούτων
1742 2908 1755 2920 ·
1790 2887 1915 2944 ἀλλ’

262 2978 468 3053 ἴδωμεν
527 2981 626 3048 τήν
688 2980 994 3056 ἀγαθότητα
1061 2984 1155 3034 τοῦ
1227 2980 1431 3055 Κυρίου
1516 2980 1677 3051 ἡμῶν
1733 2979 1913 3048 Ἰησοῦ

264 3072 503 3144 Χριστοῦ
534 3069 624 3123 καὶ
661 3069 919 3124 ἁλτθινοῦ
954 3073 1087 3123 Θεοῦ
1134 3070 1317 3141 ἡμῶν,
1349 3066 1788 3143 παραδεχόμενοι
1818 3067 1911 3128 τὰς

264 3165 364 3225 τῆς
394 3158 731 3232 ἀγαθότητος
765 3157 927 3212 αὐτοῦ
973 3160 1186 3219 ἀκτῖνας
1241 3157 1292 3212 ἐν
1334 3156 1562 3232 ἡσυχίᾳ.
1596 3157 1784 3229 Χαίρει
1810 3156 1909 3232 γὰρ

2036 1911 2239 1966 debuit
2280 1914 2460 1968 videri
2504 1915 2767 1969 mirabile
2818 1933 2999 1970 unum
3050 1916 3306 1988 aliquem
3340 1918 3493 1973 263
3526 1917 3691 1973 inve-

2035 2002 2168 2070 niri,
2203 2004 2301 2074 qui
2331 2021 2393 2059 se
2422 2005 2721 2061 exhiberet
2768 2022 2906 2077 erga
2952 2006 3259 2061 inimicum
3296 2024 3470 2061 suum
3504 2008 3680 2062 bene-

2032 2090 2227 2147 volum
2272 2110 2337 2148 ac
2381 2094 2585 2159 levem,
2620 2096 2856 2165 quando
2906 2102 3279 2150 sacrosancta
3331 2096 3443 2150 Lex
3489 2096 3683 2168 posita

2032 2187 2157 2236 erat
2183 2183 2253 2237 de
2284 2183 2544 2237 curando
2568 2184 2839 2253 jumento
2867 2183 3109 2239 inimici.
3137 2185 3430 2255 Scriptum
3468 2184 3685 2256 quippe

2030 2270 2091 2324 in
2128 2272 2274 2341 Lege
2308 2278 2396 2326 est
2422 2291 2433 2327 :
2460 2272 2531 2326 Ut
2552 2272 2636 2326 vel
2668 2273 2975 2343 subjugale
3004 2274 3252 2339 inimici,
3277 2274 3324 2327 si
3350 2275 3502 2345 quod
3539 2276 3686 2329 forte

2031 2360 2365 2425 decidisset,
2418 2360 2568 2415 alius
2616 2361 2807 2431 quivis
2874 2363 3059 2417 obiter
3106 2362 3382 2417 allevaret
3419 2363 3514 2433 (πρ).
3572 2362 3683 2417 Sed

2030 2453 2086 2504 et
2110 2450 2309 2517 Iacob,
2342 2449 2582 2519 Joseph,
2615 2449 2754 2503 Abel
2788 2467 3018 2520 quoque
3052 2450 3168 2513 (ille
3201 2451 3460 2520 quidem,
3486 2455 3550 2505 ut
3580 2450 3682 2521 qui

2028 2536 2273 2592 minime
2305 2543 2461 2592 esset
2493 2539 2742 2605 fucatus,
2778 2540 2876 2593 sed
2912 2544 2968 2593 et
2998 2539 3190 2593 omnis
3232 2538 3465 2594 malitiae
3498 2538 3680 2606 liber;

2017 2626 2143 2696 jam
2178 2626 2339 2695 alter,
2377 2627 2585 2681 fratres
2616 2644 2748 2682 cum
2782 2627 3023 2683 haberet
3048 2627 3206 2683 velut
3237 2628 3549 2699 mancipia,
3575 2644 3679 2683 seu

2024 2715 2231 2769 ditioni
2266 2716 2629 2781 subdititios,
2663 2716 2878 2788 quippe
2930 2718 3019 2771 cui
3071 2718 3405 2772 universam
3440 2718 3676 2789 dispen-

2024 2806 2193 2860 sabat
2250 2806 2784 2876 moderabaturque
2852 2807 3199 2876 Egyptum,
3262 2807 3404 2860 adeo
3462 2807 3532 2860 de
3591 2805 3676 2861 eis

2023 2893 2244 2948 nullam
2281 2894 2552 2964 expetivit
2586 2894 2890 2959 ultionem,
2922 2900 2987 2948 ut
3016 2894 3190 2948 etiam
3221 2894 3467 2950 dixerit:
3502 2896 3677 2951 Nolite

2024 2982 2249 3049 timere;
2303 2983 2406 3037 Dei
2463 2983 2614 3037 enim
2662 2999 2758 3051 ego
2805 2999 2926 3037 sum
2958 2982 3061 3051 (a);
3114 2983 3324 3038 tertius
3376 3000 3493 3038 una
3545 3000 3675 3038 cum

2023 3072 2199 3126 fratre
2249 3074 2388 3126 Cain
2442 3071 2588 3125 nihil
2648 3072 2959 3143 suspicans
3010 3070 3169 3141 mali,
3223 3072 3515 3143 profectus
3565 3075 3677 3142 est)

2024 3160 2257 3229 benigni
2311 3161 2725 3231 praedicantur.
2772 3164 2970 3230 Neque
3032 3160 3186 3215 enim
3241 3178 3373 3216 eum
3425 3161 3523 3231 qui
3578 3162 3679 3216 bo-

252 3247 319 3301 τᾶ
351 3228 468 3301 θεῖα
496 3250 568 3319 τῂ
598 3228 827 3321 ἡσυχίᾳ,
879 3242 1061 3322 ὥσπερ
1118 3251 1198 3318 τῷ
1252 3243 1410 3321 ὄχλῳ
1554 3228 1765 3300 ἐναντία
1798 3228 1908 3299 ’-ού

2029 3266 2139 3303 nus
2170 3228 2327 3303 esse_
2349 3250 2671 3315 contendit,
2701 3228 2929 3319 oportet
2960 3248 3115 3303 mala
3144 3248 3229 3303 vel
3282 3228 3679 3320 praecogitare,

253 3337 355 3410 γὰρ
390 3338 595 3414 άφατου
625 3331 961 3411 ἀγαθὸτητος
1019 3335 1082 3389 τὸ
1126 3336 1193 3390 τὰ
1248 3338 1322 3408 μὴ
1378 3332 1504 3389 ὄντα
1547 3340 1721 3389 ποιεῖν
1758 3336 1913 3401 εἶναι,

249 3428 495 3480 τουτέστι
545 3423 863 3499 διακρατεῖν
912 3426 1050 3501 πρὸς
1099 3422 1385 3498 διαμονήν,
1436 3424 1572 3479 ὣστε
1617 3425 1708 3478 τὸν
1753 3425 1915 3478 αὐτὸν

254 3516 385 3569 εἶναι
440 3515 530 3569 καὶ
580 3516 832 3584 ποιητὴν
887 3513 977 3569 καὶ
1036 3514 1269 3589 συνοχέα
1301 3516 1436 3585 (80),
1488 3513 1575 3567 καὶ
1624 3514 1685 3567 τὸ
1716 3513 1912 3584 πάντα,

254 3603 391 3657 κατᾶ
418 3606 524 3672 τήν
565 3604 796 3658 ἑκάστου
852 3600 1300 3673 ἐπιπηδειότητα,
1346 3601 1635 3677 βούλεσθαι
1669 3600 1913 3656 ἐκκαλεῖ-

260 3704 378 3756 σθαι
410 3694 546 3767 πρὸς
594 3695 693 3761 τὴν
747 3693 937 3746 ἐαυτοῦ
993 3693 1251 3764 μίμησιν,
1307 3691 1371 3747 Τί
1422 3689 1525 3760 δέ;
1573 3690 1653 3744 ὅτι
1686 3690 1772 3745 καὶ
1802 3695 1909 3745 τῶν

262 3782 685 3858 ἀποφοιτώντων
737 3782 851 3855 ἐρᾷ,
901 3780 989 3835 καὶ
1040 3781 1349 3854 παρακαλεῖ
1401 3782 1475 3851 μή
1531 3779 1769 3833 ἐκπεσεῖν
1814 3778 1911 3833 αύ-

258 3875 356 3925 τοῦ
389 3869 579 3925 τέλεον
617 3889 628 3901 ·
669 3867 757 3924 διὰ
785 3874 946 3924 τοῦτο
990 3871 1092 3943 γὰρ
1147 3869 1235 3923 xui
1286 3867 1645 3943 Παράκλητος
1678 3868 1861 3923 ἀκούει
1898 3884 1915 3904 ⁸

256 3958 565 4033 παρακαλεῖ
614 3958 714 4033 γὰρ
779 3960 853 4030 μὴ
915 3959 1284 4027 ἁπαξιωθῆναι
1346 3958 1471 4031 παρ’
1530 3956 1742 4011 ἐκείνων
1799 3962 1904 4011 τῶν

256 4048 644 4123 θρυπτομένων
697 4048 786 4100 καὶ
846 4043 1323 4119 ἀλαζονευομένων
1372 4048 1502 4117 (81).
1552 4048 1613 4101 Ἡ
1662 4044 1803 4117 λέξις
1853 4043 1909 4100 δὲ

255 4137 343 4191 ἐπὶ
386 4142 496 4191 τῶν
540 4136 848 4210 ἐρωμένων,
898 4135 949 4189 οἳ
999 4136 1097 4203 τὴν
1151 4135 1287 4210 πρὸς
1336 4134 1462 4197 τοὺς
1513 4136 1749 4209 ἐρῶντας
1782 4136 1907 4189 ἁνα-

257 4220 598 4297 6αλλόμενοι
632 4223 940 4299 συντυχίαν,
994 4224 1228 4296 τοιούτῳ
1272 4228 1349 4295 τῷ
1400 4229 1718 4297 σωματικῷ,
1749 4245 1907 4279 τουτ-

256 4314 362 4369 έστι
408 4314 788 4385 κεκλασμένῳ,
846 4311 967 4382 ἤθει
1016 4314 1315 4387 κέχρηνται
1344 4333 1357 4345 ⁸
1406 4313 1524 4367 ὅθεν
1574 4308 1906 4386 λαμϐάνεται

254 4404 343 4458 καὶ
378 4402 468 4459 ἐπὶ
499 4408 607 4457 τῶν
658 4401 844 4457 ἄλλων
896 4401 1285 4475 ὁμοιοτρόπων
1336 4404 1696 4477 πραγμάτων,
1731 4401 1909 4455 κάκεί-

257 4515 361 4546 νων
424 4492 543 4561 εἷκῆ
594 4492 683 4547 xui
734 4491 907 4564 μάτην
965 4488 1465 4564 κατεγκαλούντων,
1514 4492 1673 4553 αὑτὸς
1718 4492 1906 4565 πράως

2025 3338 2113 3393 vel
2146 3337 2425 3393 simulate
2448 3340 2688 3409 fingere,
2714 3339 2813 3392 sed
2840 3354 3027 3408 neque
3060 3355 3090 3393 a
3125 3338 3274 3393 bono
3303 3340 3681 3409 degenerare,

2028 3432 2130 3481 aut
2159 3426 2357 3481 diduci
2390 3428 2459 3481 ad
2497 3426 2717 3480 malum
2752 3444 2854 3497 per
2893 3426 3145 3481 alienam
3180 3426 3499 3494 malitiam;
3534 3427 3680 3497 quin

2028 3518 2222 3587 potius
2255 3516 2641 3570 adnitendum
2692 3514 2771 3569 illi
2805 3519 2912 3581 est,
2948 3520 3011 3569 ut
3041 3517 3317 3586 operibus
3349 3516 3681 3587 benignita-

2028 3605 2101 3658 tis
2134 3605 2394 3658 abundet
2427 3604 2617 3675 magis
2648 3610 2821 3674 atque
2855 3604 3066 3675 magis,
3095 3621 3206 3675 quo
3238 3604 3369 3659 illos
3400 3605 3472 3658 ud
3505 3621 3680 3659 samu-

2022 3693 2303 3748 lationem
2351 3692 2532 3747 studii
2588 3692 2917 3747 consimilis
2968 3693 3414 3764 provocot.Jam
3442 3694 3678 3765 quando

2020 3782 2275 3837 virorum
2314 3780 2537 3851 aliquot
2571 3781 2973 3847 meminimus,
2999 3798 3184 3852 operaa
3218 3782 3475 3853 pretium
3504 3782 3679 3836 fuerit

2022 3887 2089 3926 ea
2124 3871 2429 3942 attingere,
2456 3886 2581 3941 qum
2616 3887 2718 3941 per
2765 3888 2827 3925 se
2874 3870 3222 3926 sublimiora
3249 3876 3409 3927 sunt.
3444 3872 3520 3926 Ad
3556 3871 3678 3925 hazc

2021 3961 2203 4031 igitur
2252 3960 2559 4031 superiora
2608 3959 3015 4029 provehamur,
3067 3960 3672 4031 contemplemurque,

2022 4066 2134 4104 non
2164 4047 2505 4120 angelorum
2534 4047 2916 4103 multifariam
2936 4064 3073 4119 erga
3098 4066 3202 4104 nos
3226 4049 3675 4121 benignitatem,

2020 4138 2121 4208 qui
2164 4154 2265 4208 pro
2299 4136 2600 4191 communi
2633 4137 2899 4207 gentium
2948 4136 3138 4192 salute
3170 4138 3241 4191 ad
3276 4138 3459 4192 Deum
3493 4138 3678 4192 ctl'un-

2020 4229 2167 4281 dunt
2212 4243 2431 4296 preces,
2458 4224 2558 4296 qui
2609 4225 2955 4279 desertrices
2989 4231 3045 4279 et
3077 4227 3310 4297 refugas
3360 4231 3678 4297 potestates

2020 4315 2333 4369 hominum
2373 4330 2551 4367 causa
2583 4313 2789 4366 durius
2822 4313 3148 4384 increpant,
3175 4315 3469 4369 daemones
3503 4314 3680 4369 nimi-

2020 4420 2174 4469 rum,
2196 4419 2342 4473 quos
2365 4408 2530 4456 vocat
2554 4402 2993 4469 multitudines;
3030 4419 3143 4456 non
3171 4404 3325 4472 quod
3352 4420 3425 4456 nu
3440 4419 3675 4457 merosaz

2018 4494 2138 4547 sint
2172 4491 2595 4561 multitudinis,
2626 4508 2831 4545 verum
2887 4491 3023 4562 quia
3059 4492 3129 4545 ab
3162 4491 3339 4546 unius
3395 4492 3487 4546 Dei
3538 4492 3674 4545 obe-

255 4581 607 4655 ἀπολογεῖται
637 4581 726 4635 καὶ
760 4578 1108 4655 θεραπεύσειν
1168 4577 1558 4655 ἐπαγγέλλεται
1589 4581 1725 4652 (82).
1762 4574 1903 4633 Λάϐε

2029 4580 2239 4635 iientia
2303 4579 2537 4651 longius
2583 4580 2983 4645 desciverunt;
3031 4580 3349 4635 multitudo
3383 4580 3675 4649 siquidem

258 4692 349 4742 μοι
383 4668 440 4725 δὲ
472 4669 563 4724 καὶ
595 4674 689 4723 τοῦ
738 4670 947 4723 ἀσώτου
996 4664 1325 4741 παραϐολὴν
1377 4668 1463 4721 ἐπὶ
1494 4667 1729 4735 τούτοις,
1762 4672 1901 4739 πῶς,

254 4757 327 4813 ἐτι
363 4760 668 4835 ἀπέχοντος
695 4762 791 4813 τοῦ
831 4758 1065 4826 ἀσώτου,
1109 4756 1282 4830 ὅμως,
1316 4757 1430 4811 ἐπεὶ
1452 4757 1722 4832 πρόσεισι,
1745 4777 1910 4831 προσ-

252 4847 429 4924 τρέχει
486 4848 577 4902 καὶ
632 4847 860 4916 ὑπαντᾷ,
910 4846 1001 4899 καὶ
1056 4844 1413 4918 περιπλακεὶς
1470 4846 1787 4913 ἀσπάζεται,
1819 4843 1908 4897 καὶ

257 4939 576 5010 ἀμνημονεῖ
603 4940 709 4989 τῶν
761 4935 1063 5008 προτέρων,
1119 4933 1209 4987 καὶ
1253 4939 1368 4996 τοῖς
1419 4938 1683 5008 παροῦσιν
1736 4934 1910 5006 ἐνεορ-

249 5028 391 5095 τάζει
426 5027 641 5095 συνάμα
690 5029 807 5085 ταῖς
864 5022 1050 5100 φίλαις
1111 5020 1427 5094 δυνάμεσιν,
1478 5019 1565 5074 ’ίνα
1623 5020 1905 5094 ᾖπάντων

252 5114 689 5193 εὑφραινομένων
726 5113 759 5181 ἠ
811 5111 1059 5165 κατοικία
1094 5130 1105 5143 °
1155 5109 1247 5165 'ivu
1293 5109 1551 5180 δηλονότι
1585 5112 1699 5183 ἅμα
1732 5110 1817 5164 ἐπὶ
1848 5111 1908 5164 τὸ

247 5206 380 5260 αὑτὸ
416 5203 611 5264 πάντες
666 5200 1040 5277 εὑφραίνοιντο
1077 5219 1088 5231 ·
1147 5199 1289 5255 οὕτω
1339 5200 1438 5275 γὰρ
1494 5194 1823 5271 ἐκλαμϐάνει
1848 5201 1909 5253 τὸ

250 5295 415 5371 ῥητὸν
446 5293 585 5347 κατᾶ
612 5292 675 5346 τὸ
708 5294 876 5365 παρὸν
922 5292 949 5345 ὁ
997 5292 1171 5364 ἅγιος.
1205 5292 1283 5347 Τὸ
1310 5289 1365 5344 δὲ
1398 5290 1528 5351 ὅλος
1559 5288 1722 5351 ὅλους
1752 5310 1908 5363 περι-

248 5384 360 5445 θεὶς
388 5380 702 5455 θαυμασίως
734 5380 889 5457 φησὶ,
940 5380 1317 5455 καταισχύνων
1371 5379 1499 5441 τοὺς
1545 5377 1669 5433 τότε
1710 5380 1910 5453 αἱρετι-

248 5472 405 5543 κοὺς,
437 5470 633 5533 ο’ίτινες
660 5470 843 5545 ψυχὴν
880 5469 1047 5542 μόνην
1088 5468 1349 5538 σώζεσθαι
1387 5470 1489 5524 ὑπὸ
1521 5473 1674 5541 Θεοῦ,
1705 5468 1765 5523 οὐ
1802 5469 1907 5541 μην

2018 4687 2190 4742 porro
2225 4670 2389 4723 abest
2421 4669 2493 4722 ab
2524 4670 2768 4723 unitate.
2794 4668 2917 4722 Non
2953 4671 3146 4740 itaque
3180 4671 3248 4723 de
3274 4670 3361 4724 his
3393 4670 3537 4724 mihi
3563 4670 3677 4725 dis-

2021 4759 2336 4814 serendum
2374 4775 2551 4827 nunc,
2577 4756 2765 4827 magis
2790 4774 2926 4811 vero
2958 4758 3227 4812 eximiam
3250 4759 3675 4829 benignitatem

2022 4846 2451 4919 perspiciamus
2502 4846 2729 4901 Domini
2776 4847 2959 4901 nostri
2991 4847 3128 4901 Jesu
3161 4847 3374 4901 Christi
3407 4846 3583 4901 simul
3617 4852 3675 4903 et

2016 4935 2135 4990 veri
2169 4936 2267 4990 Dei
2303 4936 2508 5001 nostri,
2536 4934 2890 5005 excipientes
2936 4934 2993 4988 in
3030 4935 3265 4990 silentio
3296 4940 3470 4990 tanta;
3502 4935 3675 4991 istius

2020 5026 2305 5079 bonitatis
2340 5024 2780 5080 radios.’Divina
2804 5041 3055 5094 namque
3080 5023 3271 5077 silenti
3306 5025 3507 5095 requie
3532 5024 3678 5080 mire

2021 5113 2396 5168 oblectantur
2425 5131 2436 5167 :
2466 5118 2529 5168 ut
2560 5112 2901 5167 turbulento
2933 5118 3108 5184 atque
3141 5114 3456 5185 irrequieto
3489 5118 3678 5181 motu,

2022 5218 2153 5272 quzn
2178 5202 2485 5256 contrarian
2510 5207 2648 5255 sunt
2678 5206 3015 5272 potestates.
3037 5202 3238 5257 Nonne
3265 5203 3546 5258 ineffabili
3572 5204 3677 5259 bo-

2022 5290 2191 5345 nitati
2217 5291 2634 5345 ascribendum
2663 5295 2769 5359 est,
2796 5290 2972 5360 quod,
3001 5307 3127 5360 quae
3163 5292 3325 5362 prius
3351 5310 3461 5347 non
3488 5298 3676 5361 erant,

2023 5380 2158 5434 fecit
2190 5384 2254 5432 ut
2285 5378 2515 5433 essent?
2568 5378 2683 5432 Hoc
2732 5381 2821 5431 est
2869 5382 2934 5432 ut
2984 5380 3302 5449 perdurent
3348 5386 3675 5451 conservat,

2021 5469 2105 5525 sic
2136 5473 2201 5523 ut
2230 5468 2387 5523 idem
2419 5469 2498 5522 sit
2527 5472 2585 5521 et
2614 5466 2883 5521 conditor
2931 5471 2988 5522 et
3040 5476 3430 5539 conservator,
3454 5470 3674 5543 quique

328 5694 411 5767 (κ)
443 5694 611 5751 Rom.
644 5707 685 5763 1,
716 5648 772 5747 6.
849 5689 928 5762 (y)
954 5689 1079 5746 Act.
1117 5701 1244 5756 xm,
1276 5685 1365 5742 22.
1444 5686 1517 5759 (π)
1552 5686 1713 5742 Deut.
1747 5700 1890 5754 xxn,

2049 5682 2125 5755 (a)
2157 5682 2298 5738 Gen.
2330 5697 2459 5749 XLV,
2489 5680 2544 5735 5.
