4062 6366
428 405 533 459 467

1242 415 1608 469 APPENDIX
1653 417 1749 468 AD
1787 415 2027 470 OPERA
2063 419 2121 471 Β.
2162 395 2477 478 DIONYSII
2513 427 3015 485 AREOPAGITE.

3733 439 3837 493 468

428 530 629 584 omnia
660 531 821 602 cupit
850 530 1223 587 vehementer
1274 551 1377 605 pro
1420 536 1710 608 cujusque
1750 537 2073 608 aptitudine

2193 533 2249 632 δὲ
2270 534 2548 632 καὶσῶμα
2572 542 2779 622 ἔλεγον.
2825 547 2993 612 Ὂλος
3044 553 3158 619 οὖν,
3207 554 3393 628 φησὶν,
3439 557 3468 611 6
3509 558 3729 632 Κύριος,
3765 560 3842 621 ὡς

429 620 499 673 ad
536 619 624 674 sui
657 636 833 690 quam
867 620 1238 677 simillimam
1277 623 1667 679 imitationem
1701 627 1981 680 advocare
2011 641 2077 680 ac

425 708 762 779 provehere.
818 709 967 774 Quid
1024 715 1241 780 autem,
1268 714 1369 784 qui
1418 725 1471 768 et
1513 731 1545 768 a
1575 731 1636 770 se
1685 714 2079 770 desciscentes

425 796 680 863 deamat,
716 797 1065 853 adhortatur
1096 801 1423 856 etiamnum
1460 820 1532 858 ne
1563 803 1652 858 vel
1686 804 1919 859 tandem
1956 822 1988 857 a
2019 821 2081 858 se

426 885 735 942 excidant?
765 887 911 942 Nam
938 888 1044 943 hac
1067 890 1254 959 gratia
1279 888 1635 964 Παράκλητος
1658 897 1917 947 vocatur.
1945 893 2081 947 Hor-

425 977 588 1029 tatur
607 975 761 1030 enim
787 981 1048 1048 oratque,
1077 995 1146 1032 ne
1169 978 1252 1032 sic
1284 979 1524 1050 indigne
1547 981 1618 1034 ab
1640 981 1724 1035 eis
1750 982 2076 1048 deseratur,

429 1064 528 1135 qui
554 1064 834 1120 difﬂuunt
855 1065 1106 1131 deliciis,
1133 1072 1309 1138 atque
1331 1067 1574 1138 insuper
1606 1069 1966 1126 insolescunt
1988 1088 2081 1125 su-

429 1169 536 1224 pra
568 1155 830 1209 modum.
852 1154 1180 1226 Usurpatur
1203 1161 1398 1211 autem
1423 1157 1543 1212 haec
1577 1159 1752 1213 dictio
1780 1158 2082 1232 θρυπτομέ-

425 1260 558 1310 νων,
594 1245 664 1299 de
697 1244 768 1299 iis
801 1245 902 1316 qui
947 1246 1245 1316 impendio
1287 1252 1582 1317 amantur,
1608 1249 1708 1318 qui
1743 1247 2080 1305 fruitionem

433 1332 588 1387 264
630 1331 972 1388 deliciarum
1021 1350 1168 1404 quas
1200 1334 1272 1388 ab
1306 1335 1670 1391 amatoribus
1719 1342 1976 1408 sperant,
2011 1339 2082 1392 de

428 1420 521 1475 die
552 1421 611 1476 in
643 1422 798 1477 diem
831 1423 1195 1491 differentes,
1229 1422 1340 1477 isto
1375 1428 1624 1479 utuntur
1653 1442 1952 1498 corporeo,
1973 1425 2081 1481 hoc

429 1513 520 1564 est
551 1511 874 1581 praefracto,
900 1517 958 1566 et
990 1510 1148 1565 molli
1174 1517 1340 1582 gestu
1371 1514 1661 1584 corporis;
1695 1531 1876 1587 quare
1907 1514 2081 1569 dictio

429 1597 551 1653 haec
583 1599 651 1653 ad
683 1616 770 1654 res
802 1599 1108 1670 plerasque
1131 1599 1276 1654 alias
1301 1603 1726 1657 transsumitur
1756 1603 2081 1658 consimilis

429 1687 652 1743 formae.
685 1688 817 1743 Jam
851 1688 969 1743 illis
1001 1687 1330 1745 inconsulte
1361 1695 1416 1744 et
1449 1689 1663 1746 frustra
1693 1693 1832 1747 vitio
1862 1699 2083 1748 verten-

429 1775 592 1832 tibus
622 1781 847 1832 tantam
875 1777 1322 1848 benignitatem,
1342 1779 1660 1835 clementer
1681 1798 1782 1852 per
1811 1798 1869 1837 se
1894 1783 2084 1836 reddit

434 1881 673 1920 causam
706 1869 881 1921 tantae
913 1866 1087 1920 istius
1117 1865 1404 1934 lenitatis;
1439 1868 1580 1940 quin
1619 1870 1811 1940 potius
1845 1869 1926 1924 sic
1955 1870 2080 1924 vul-

435 1970 577 2009 nera
609 1953 817 2009 animae
868 1959 1209 2010 curaturum
1242 1972 1301 2010 se
1334 1956 1660 2027 pollicetur.
1694 1958 1836 2012 Mihi
1887 1959 2082 2030 accipe

429 2040 526 2096 his
557 2041 749 2097 verbis
783 2042 1071 2097 insinuari
1105 2043 1330 2114 prodigi
1363 2044 1522 2099 illius
1556 2045 1914 2116 parabolam,
1940 2063 2082 2117 quo-

430 2146 566 2185 nam
602 2131 771 2185 modo
802 2137 970 2202 pater
1018 2131 1143 2202 ipse
1198 2131 1430 2204 longius
1461 2135 1651 2189 adhuc
1683 2134 1888 2191 dissito
1921 2153 2077 2192 acce-

427 2219 585 2273 denti
621 2224 816 2274 tamen
853 2220 1011 2290 prior
1047 2220 1305 2276 occurrit
1353 2223 1658 2294 pergitque
1707 2225 1936 2290 obvius,
1969 2227 2080 2280 cir-

423 2307 771 2379 cumplexus
804 2308 990 2363 ﬁlium
1037 2309 1275 2364 amabili
1307 2310 1509 2366 osculo
1558 2312 1776 2382 pariter
1805 2319 1862 2368 et
1893 2313 2082 2368 salute

425 2396 727 2468 dignatur.
762 2413 961 2452 eorum
1018 2397 1350 2466 immemor,
1378 2417 1506 2470 quae
1538 2401 1587 2456 is
1619 2402 1888 2456 decoctor
1919 2403 2082 2473 prius

424 2485 779 2552 admiserat;
814 2488 1204 2557 praesentibus
1237 2504 1470 2559 quoque
1503 2489 1658 2544 diem
1691 2491 1898 2546 indicit
1930 2492 2081 2547 cele-

425 2573 611 2629 briter
641 2576 993 2647 exigendum
1029 2594 1145 2632 una
1173 2593 1306 2632 cum
1333 2577 1443 2632 sibi
1468 2578 1835 2636 charissimis
1859 2581 2082 2636 virtuti-

424 2662 558 2729 bus,
585 2668 649 2717 ut
694 2681 812 2718 una
859 2664 938 2718 sit
987 2665 1403 2720 collwtantium
1458 2667 1721 2721 omnium
1775 2668 2080 2736 habitatio,

427 2752 714 2808 nimirum
748 2759 812 2808 ut
840 2753 1084 2808 insimul
1117 2771 1323 2810 omnes
1353 2754 1783 2811 exhilarescant
1815 2761 1871 2811 et
1903 2758 2080 2812 colla:-

426 2845 647 2897 tentur.
671 2843 755 2896 Ad
780 2859 913 2898 eum
949 2844 1184 2898 modum
1214 2845 1484 2913 praesenti
1517 2845 1641 2900 loco
1665 2847 2082 2917 interpretatur

428 2936 602 2988 Pater
645 2934 771 3002 jam
804 2933 1018 2988 dictam
1075 2936 1449 2989 sententiam.
1484 2938 1646 3000 Quod
1688 2942 1883 2992 autem
1916 2938 2076 3006 dicit,

429 3017 601 3080 ’Ὀλος
636 3018 799 3081 ὅλους
827 3020 1087 3094 περιθείς,
1109 3021 1166 3076 id
1191 3029 1279 3078 est
1298 3032 1443 3078 totus
1473 3029 1609 3080 totos
1627 3024 2038 3092 circumplexus
2060 3046 2078 3081 :

428 3109 576 3164 mire
607 3109 845 3180 quidem
895 3111 1004 3165 hoc
1037 3111 1194 3179 facit,
1227 3129 1326 3166 eos
1375 3113 1774 3184 pudefaciens,
1808 3115 1902 3185 qui
1955 3123 2077 3170 tum

427 3203 615 3265 erant,
649 3200 990 3256 haereticos:
1027 3201 1126 3273 qui
1157 3202 1394 3273 quidem
1441 3204 1700 3259 animam
1733 3205 1946 3260 salvari
1978 3224 2080 3277 per

2187 629 2371 702 ψυχὴν
2399 631 2487 685 καὶ
2520 638 2676 707 σῶμα
2695 633 2903 706 λαϐῶν,
2932 639 3094 702 ὅλους
3117 644 3265 713 ἡμᾶς
3283 642 3410 706 τοὺς
3445 643 3504 699 ἐκ
3533 629 3722 721 ψυχῆς
3751 649 3841 702 καί

2189 718 2442 789 σώματος
2489 722 2738 780 σέσωκεν.
2792 729 2961 783 Ἦσαν
3024 725 3080 783 δὲ
3135 730 3258 785 τότε
3319 733 3370 785 οἱ
3423 733 3527 788 ἀπὸ
3562 735 3840 809 Σίμωνος,

2187 803 2274 858 καί
2303 803 2404 869 ἕως
2461 809 2621 865 αὐτοῦ
2681 815 2977 889 Κηρίνθου,
3030 818 3106 880 ὡς
3159 815 3422 889 δηλοῦσιν
3481 824 3536 876 οἱ
3585 823 3841 894 παλαιοὶ,

2190 896 2374 990 φησὶν,
2399 897 2693 973 Εἰρηναῖος
2743 905 2829 958 καὶ
2887 905 3216 970 Ἱππόλυτος
3261 912 3389 980 (83).
3427 913 3754 990 Δημόφιλος
3785 912 3842 969 δὲ

2188 983 2277 1037 καὶ
2309 982 2465 1047 εἶ’τις
2499 985 2668 1051 ἄλλος
2715 994 2832 1046 κατ’
2876 994 3056 1066 αὕτὸν,
3109 995 3445 1071 ἐπιτιμᾶται,
3505 1002 3660 1071 φησί,
3695 1006 3842 1078 παρὰ

2188 1077 2283 1126 τοῦ
2316 1080 2448 1129 Θεοῦ
2480 1076 2734 1148 δηλονότι
2767 1087 2860 1135 τοῦ
2903 1084 2992 1137 καὶ
3042 1084 3407 1160 ἁμαρτωλοὺς
3446 1087 3698 1154 θέλοντος
3729 1076 3841 1147 σω-

2192 1163 2371 1234 θῆναι,
2419 1165 2507 1219 καὶ
2566 1165 2934 1226 ἐκδιδάσκεται
2983 1177 3111 1248 παρ’
3159 1175 3344 1246 αὐτοῦ,
3410 1178 3509 1232 Καὶ
3563 1185 3682 1243 πῶς
3745 1181 3844 1236 οὐκ

2190 1247 2319 1319 ἔδει,
2372 1251 2648 1328 λὲγοντος,
2701 1257 2788 1313 ἐπὶ
2840 1263 3086 1338 σωτηρίᾳ
3136 1268 3204 1338 τῇ
3266 1263 3355 1320 διὰ
3405 1269 3694 1340 μετανοίας
3751 1272 3842 1326 εὐ-

2191 1340 2497 1416 φραίνεσθαι
2533 1365 2547 1415 ;
2582 1345 2751 1408 Αὐτὸς
2773 1350 2872 1425 γάρ
2907 1349 3020 1424 εἶμι
3046 1353 3073 1406 6
3105 1351 3187 1407 ἐπ’
3219 1340 3385 1427 ὤμων
3409 1353 3540 1430 ἄρας
3569 1359 3630 1413 τὸ
3658 1359 3841 1415 ἀπολ-

2191 1427 2360 1498 ωλὸς,
2419 1433 2446 1485 ὁ
2506 1436 2746 1507 χρηστὸς
2801 1435 2888 1492 ἐπὶ
2959 1439 3090 1502 τοὺς
3150 1427 3501 1519 ἀχαρίστου-ς.
3551 1449 3674 1503 Ἔτι
3734 1449 3840 1523 γὰρ

2191 1518 2539 1591 ἁμαρτωλῶν
2575 1518 2742 1579 ὅντων
2794 1527 2978 1600 ᾐμῶν,
3040 1518 3272 1605 Χριστὸς
3323 1533 3453 1610 ὑπὲρ
3513 1537 3673 1608 ἡμῶν
3707 1518 3842 1592 ἀπέ-

2193 1607 2336 1678 θανε,
2386 1610 2547 1686 φησὶν
2618 1611 2647 1666 ὅ
2697 1620 2838 1677 θεῖος
2889 1617 3251 1690 Ἀπόστολος,
3313 1623 3340 1676 6
3397 1607 3712 1680 ἆνατέλλων
3743 1626 3840 1681 τὸν

2189 1694 2352 1762 ἥλιον
2407 1697 2494 1752 ἐπὶ
2551 1703 2826 1777 πονηροὺς
2877 1706 2964 1759 καὶ
3021 1701 3275 1782 ἀγαθοὺς,
3329 1712 3362 1780 ἦ
3424 1713 3556 1789 φησί
3611 1715 3679 1768 τᾶ
3718 1716 3843 1786 ἱερᾶ

2192 1784 2493 1859 Εὐαγγὲλια
2509 1809 2520 1819 ·
2539 1791 2567 1843 6
2584 1791 2750 1853 τιθεὶς
2775 1795 2873 1862 τῆν
2895 1796 3078 1870 ψυχήν
3107 1797 3238 1872 ὑπὲρ
3260 1803 3368 1852 τῶν
3391 1784 3842 1878 ἀποφευγόντων.

2301 1871 2378 1946 δὲ,
2412 1874 2456 1928 ὦ
2479 1886 2551 1947 Δη
2565 1878 2782 1956 μόφιλε,
2804 1882 2877 1944 ὡς
2900 1883 2968 1937 τὰ
2985 1871 3281 1959 γράμματᾶ
3310 1910 3404 1943 σου
3438 1871 3624 1960 δηλοῖ,
3646 1893 3844 1965 (αὐτὸς

2190 1962 2290 2036 γὰρ
2335 1965 2727 2052 προαπέστειλε
2755 1976 2836 2042 τῷ
2883 1972 3037 2046 ἁγίῳ,
3075 1967 3512 2052 ’ἐναϐρυνόμενος
3573 1962 3689 2035 οἷο-ν
3750 1981 3844 2037 ἐπὶ

2189 2055 2268 2122 τῷ
2295 2051 2600 2143 ’τε-λεσθέντι
2706 2056 2888 2132 λέγεις
2934 2067 3084 2136 γοῦν,
3119 2063 3201 2118 ὅτι
3233 2066 3318 2120 καὶ
3352 2068 3731 2143 προσπεσόντα
3760 2075 3844 2142 τῷ

2190 2137 2541 2218 πρεσϐυτέρῳ
2586 2141 2751 2216 ἀσεϐῆ
2806 2149 2893 2204 καὶ
2955 2151 3308 2226 ἀμαρτωλόν,
3359 2157 3540 2230 (τοῦτο
3595 2155 3653 2213 δὲ
3701 2161 3845 2214 κατᾶ

2188 2230 2281 2283 τὸν
2313 2228 2517 2286 ἐκείνου
2551 2230 2693 2308 λέγει
2727 2234 2920 2311 λόγον,
2965 2239 3056 2294 καὶ
3111 2240 3172 2294 οὗ
3213 2228 3394 2306 καθὼς
3425 2247 3459 2314 ἡ
3488 2249 3641 2322 ψυχὴ
3673 2247 3846 2303 αὐτοῦ

2191 2311 2308 2392 ἔχει
2344 2338 2355 2350 ⁶
2393 2318 2516 2375 οὐδὲ
2545 2323 2644 2398 γὰρ
2672 2323 2843 2387 οὕτως
2865 2324 2980 2402 ἔχει
3006 2331 3119 2401 (84)
3140 2326 3304 2400 ἀσεϐῆ
3329 2332 3417 2387 τὸν
3452 2334 3555 2388 ἀπὸ
3574 2336 3850 2410 ἁμαρτίας

2197 2414 2588 2485 μετανοοῦντα)
2640 2415 2756 2468 κατ’
2828 2415 2992 2470 αὐτοῦ
3067 2418 3253 2494 παρών
3319 2419 3709 2487 ἀπελάκτισας.
3771 2428 3850 2484 Τὸ

2193 2493 2251 2550 δε
2280 2493 2450 2567 ἀσεϐῆ
2479 2500 2567 2553 καὶ
2610 2502 2934 2574 ἁμαρτωλὸν
2986 2506 3099 2561 ἀντὶ
3147 2516 3359 2582 γενικῆς
3410 2511 3642 2575 ἀττικῶς
3674 2512 3849 2585 εἴλη-

2193 2607 2306 2662 φεν.
2345 2589 2474 2644 Εἶτα
2507 2590 2534 2643 6
2570 2589 2662 2661 μὲν
2717 2589 2889 2648 ἐδεῖτο
2946 2600 3120 2664 ζητῶν
3179 2597 3460 2671 θεραπείαν
3497 2621 3510 2632 ⁸
3559 2600 3620 2656 σὺ
3654 2601 3710 2657 δὲ
3745 2606 3851 2660 οὐκ

2192 2670 2427 2748 ἔφριξας,
2461 2674 2606 2730 ἀλλὰ
2635 2679 2723 2731 καὶ
2767 2681 2859 2734 τὸν
2908 2681 3052 2755 ἱερέα
3099 2670 3439 2760 καθύϐριζες,
3473 2685 3846 2746 δικαιώσαντα

2189 2762 2278 2816 τὸν
2311 2765 2445 2818 κατᾶ
2476 2765 2532 2818 σε
2585 2761 2749 2835 ἀσεϐῆ
2784 2769 2858 2831 ὡς
2905 2769 3230 2843 ἁμαρτωλὸν
3289 2773 3483 2838 ἐλέους
3526 2777 3670 2848 ἄξιον
3705 2780 3847 2835 εἶναι

2194 2857 2554 2922 μετανοοῦντα
2587 2874 2600 2886 ·
2632 2855 2722 2910 καὶ
2763 2854 2945 2930 τέλος,
2987 2860 3182 2933 ”Εξιθι,
3234 2861 3389 2940 ἔφης,
3434 2867 3522 2918 καὶ
3555 2866 3717 2929 αὐτὸς
3758 2869 3839 2932 εἷς

2187 2941 2252 2993 τὰ
2309 2938 2476 2996 ἄδυτα
2554 2942 2940 3017 εἰσεπήδησας,
3019 2950 3109 3004 καὶ
3166 2952 3232 3006 τὰ
3274 2938 3540 3030 νᾶχραντα
3605 2953 3847 3030 συνῆξας

2193 3033 2485 3104 μυστήρια,
2541 3033 2711 3088 οἱονεὶ
2797 3033 3025 3111 ἐπῆρας,
3084 3039 3189 3094 ἀπὸ
3273 3047 3370 3096 τοῦ
3449 3044 3845 3120 θυσιαστηρίου

2194 3115 2460 3191 βαστὸἶσας
2492 3123 2602 3196 (85)
2637 3143 2648 3155 ·
2686 3123 2758 3186 ὡς
2811 3123 2955 3180 ἔοικε
3011 3129 3112 3204 γὰρ
3157 3124 3233 3183 ἔτι
3288 3115 3726 3210 λειτουργοῦντα
3762 3140 3845 3208 τῷ

2187 3207 2323 3280 ἱερεῖ
2369 3206 2562 3280 ἐπέστη
2621 3212 2648 3265 6
2707 3213 3049 3286 Δημόφιλος.
3106 3219 3283 3273 Τοῦτο
3342 3206 3488 3295 γοῦν
3528 3206 3847 3295 πεποίηκας

423 3288 528 3344 Dei
587 3289 863 3360 gratiam,
914 3307 1029 3344 non
1082 3292 1221 3346 item
1271 3309 1482 3362 corpus
1533 3294 1948 3364 praedicabant.
1983 3296 2073 3348 Ait

2191 3295 2416 3366 ἀναξίως
2450 3316 2462 3328 ·
2516 3295 2777 3354 διακόνων
2835 3303 2936 3377 γὰρ
2991 3303 3081 3358 καὶ
3131 3281 3507 3384 πρεσϐυτέρων
3556 3309 3616 3364 τὸ
3658 3281 3843 3367 ποιεῖν

426 3393 564 3449 ergo
597 3384 836 3433 sanctus
863 3395 876 3433 :
900 3380 1084 3434 Totus
1141 3379 1444 3446 Dominus,
1474 3386 1538 3436 ut
1571 3382 1670 3452 qui
1717 3386 1773 3437 et
1817 3385 2075 3438 animam

425 3471 482 3522 et
507 3484 719 3539 corpus
753 3469 1098 3540 assumpsit,
1128 3486 1233 3524 nos
1278 3473 1452 3536 totos,
1487 3471 1587 3541 qui
1633 3471 1830 3526 anima
1861 3477 1916 3527 et
1947 3489 2077 3528 cor-

423 3573 565 3628 pore
597 3556 1004 3624 subsistimus,
1026 3557 1220 3613 salvos
1243 3558 1393 3613 fecit.
1417 3561 1595 3614 Erant
1615 3559 1767 3615 enim
1793 3556 1936 3616 tunc
1969 3561 2078 3618 hoc

421 3662 618 3702 errore
650 3647 860 3702 imbuti
886 3647 957 3701 ab
979 3647 1106 3716 ipso
1131 3647 1368 3702 Simone
1399 3648 1469 3702 ad
1504 3647 1666 3703 illum
1694 3666 1879 3720 usque
1905 3652 2078 3722 pesti-

423 3733 644 3789 lentem
677 3734 1016 3789 Cerinthum
1048 3752 1060 3789 :
1099 3737 1600 3806 quemadmodum
1636 3737 1954 3807 declarant,
1978 3740 2075 3809 qui

423 3823 581 3878 inter
612 3823 836 3894 priscos
882 3828 1292 3883 numerantur.
1327 3827 1582 3882 Irenaeus
1620 3831 1677 3881 et
1707 3827 2072 3898 Hippolytus.

423 3915 702 3965 Caeterum
756 3911 1157 3982 Demophilus,
1199 3917 1256 3966 et
1306 3913 1354 3966 si
1406 3913 1539 3984 quis
1591 3913 1742 3968 alius
1794 3914 2074 3970 assimilis

422 3998 583 4066 huic,
610 4018 642 4055 a
665 4001 780 4056 Deo
805 4001 1213 4071 coarguendus
1244 4001 1420 4070 venit,
1445 4003 1516 4056 ab
1547 4019 1612 4057 eo
1646 4001 1951 4072 nimirum,
1973 4005 2071 4076 qui

418 4087 548 4142 vult
577 4092 910 4158 peccatores
940 4089 1010 4142 ad
1047 4091 1297 4144 salutem
1336 4091 1686 4161 pertingere,
1712 4095 1886 4160 atque
1914 4093 1984 4145 ab
2008 4109 2073 4147 eo

419 4177 833 4248 edocetur,qui
867 4178 946 4232 ait
977 4195 988 4231 :
1015 4177 1218 4233 Nonne
1249 4179 1556 4249 oportebat
1587 4184 1640 4232 te
1673 4178 1946 4233 collmtari
1980 4196 2072 4233 sa-

416 4264 560 4320 lutis
587 4283 690 4338 per
714 4267 1116 4338 paenitentiam
1140 4267 1436 4337 quaesitae?
1460 4267 1739 4337 Equidem
1766 4266 1892 4338 ipse
1915 4285 2071 4339 sum,

417 4355 517 4426 qui
546 4371 648 4426 per
678 4355 955 4411 humeros
1007 4356 1222 4411 sustuli
1271 4356 1429 4426 quod
1481 4355 1765 4426 perierat:
1799 4355 1944 4427 ipse,
1971 4358 2071 4429 qui

416 4457 557 4514 erga
587 4443 804 4514 alioqui
839 4443 1101 4515 ingratos
1148 4444 1472 4514 benignum
1519 4461 1611 4496 me
1643 4443 1904 4514 praestiti.
1939 4444 2068 4501 Cum

416 4532 571 4586 enim
623 4532 734 4601 ipsi
791 4538 1105 4602 peccatores
1151 4531 1331 4586 adhuc
1380 4548 1639 4600 essemus,
1673 4532 1920 4589 Christus
1965 4551 2068 4605 pro

2187 3388 2432 3455 τοιαῦτα,
2465 3391 2560 3441 τοῦ
2590 3387 2762 3461 νόμου
2813 3389 3094 3465 λεγοντος,
3147 3396 3246 3451 Καὶ
3296 3398 3347 3450 οἱ
3393 3399 3557 3474 ἱερεῖς
3584 3420 3846 3475 περιστε-

2189 3471 2346 3527 λοϋσι
2378 3474 2443 3529 τὰ
2494 3476 2636 3550 ἅγια,
2693 3479 2766 3540 ὡς
2812 3480 2900 3534 καὶ
2951 3479 3002 3566 ἐν
3044 3487 3160 3545 τοῖς
3210 3485 3331 3555 ἑξῆς
3374 3471 3528 3564 φησι.
3573 3471 3844 3565 Καῖγρά-

2188 3584 2328 3636 φεις,
2369 3563 2451 3617 ὅτι
2511 3565 2782 3637 μέλλοντα
2827 3563 3186 3647 διαφθαρῆναι
3239 3573 3305 3628 τὰ
3347 3563 3471 3650 ἅγια
3501 3563 3843 3650 ἀπέσωσας;

2185 3653 2296 3707 Νὖν
2329 3653 2419 3706 οὖν
2461 3650 2622 3709 ἄκουε
2651 3656 2741 3710 καὶ
2780 3662 2887 3712 τῶν
2946 3660 3249 3736 ἡμετέρων.
3301 3663 3377 3720 Οὐ
3439 3667 3660 3737 θεμιτὸν
3694 3688 3840 3743 πρε-

2185 3735 2462 3817 σϐύτερον,
2511 3740 2606 3798 κᾶν
2655 3744 2974 3822 ἁμαρτᾶνοι,
3033 3749 3136 3804 ὑπὸ
3188 3748 3440 3807 διακόνου
3485 3735 3840 3833 ὕψηλοτὲρου

2185 3827 2368 3900 σου,ἤ
2417 3830 2507 3885 καὶ
2569 3833 2916 3906 μονάζοντος,
2969 3835 3296 3898 εὐθύνεσθαι.
3349 3827 3650 3918 Τάξιςγγὰρ
3703 3827 3840 3900 συν-

2183 3915 2296 3992 έχει
2329 3918 2502 3973 πάντα
2533 3939 2545 3952 ·
2580 3922 2735 3994 πόσῳ
2765 3944 2825 3998 γε
2879 3921 3094 3997 μᾶλλον
3140 3925 3226 3981 ἐπὶ
3274 3934 3390 3991 τοῖς
3419 3915 3716 4004 ἡμετέροις
3756 3932 3843 3990 δεῖ

2178 4006 2277 4072 τήν
2309 4005 2452 4080 τάξιν
2504 4008 2862 4086 φυλάττεσθαι
2899 4033 2911 4083 ;
2961 4013 3005 4067 εἰ
3044 4014 3144 4090 γὰρ
3194 4015 3402 4088 ἀταξία,
3462 4018 3660 4076 λοιπὸν
3701 4021 3838 4096 ἐμε-

2182 4093 2335 4169 ρίσθη
2369 4094 2450 4174 ἐφ’
2482 4098 2666 4152 ἑαυτὸν
2693 4100 2719 4153 6
2769 4097 2898 4163 Θεός
2935 4090 2948 4134 έ
3001 4109 3146 4158 πᾶσα
3185 4101 3242 4159 δὲ
3276 4106 3546 4181 βασιλεία,
3575 4109 3701 4179 ἥτις
3735 4090 3836 4186 με·

2180 4186 2510 4257 ρισθήσεται,
2548 4186 2607 4241 οὐ
2666 4191 3007 4260 σταθήσεται.
3068 4193 3166 4249 Καὶ
3228 4194 3273 4249 εἰ
3321 4200 3417 4250 τοῦ
3452 4201 3584 4253 Θεοῦ
3615 4198 3765 4256 ἔστιν
3799 4205 3834 4272 ἡ

2176 4272 2372 4367 κρίσις,
2407 4271 2631 4367 ἄγγελοι
2688 4274 2759 4367 δὲΔ
2793 4283 2924 4333 Θεοῦ
2975 4279 3026 4334 οἱ
3077 4282 3242 4357 ἱερεῖς
3301 4285 3435 4356 μετᾶ
3479 4285 3609 4349 τοὺς
3642 4289 3836 4367 ἱεράρ-

2177 4381 2281 4436 χοις
2317 4361 2439 4418 εἶσί.
2475 4362 2549 4416 Σὺ
2583 4361 2640 4418 δὶ
2670 4362 2796 4419 οὒδὶ
2845 4372 2962 4430 τοῖς
3011 4367 3376 4446 λειτουργοῖς,
3415 4370 3674 4446 δηλονότι
3697 4361 3837 4441 τοῖς

2178 4448 2476 4520 διακόνοις,
2511 4455 2913 4528 συνιστάμενος,
2970 4453 3114 4513 ἀλλὰ
3149 4462 3263 4532 μετ’
3299 4461 3521 4535 αὐτοὺς,
3547 4461 3618 4519 δι’
3652 4467 3835 4523 αὐτῶν

2175 4537 2495 4594 ἐκδιδάσκου
2527 4543 2672 4618 παρὰ
2727 4547 2833 4598 τῶν
2893 4544 3081 4621 ἱερέιυν
3135 4549 3270 4622 (86),
3332 4547 3402 4604 δι’
3461 4553 3534 4606 ὧν
3579 4554 3831 4626 ἠξιώοης

415 4619 575 4675 nobis
616 4629 864 4675 mortuus
905 4623 1006 4688 est,
1041 4619 1246 4676 scribit
1292 4620 1659 4676 admirabilis
1691 4621 1788 4677 ille
1819 4628 2064 4694 Aposto-

2183 4629 2264 4682 καὶ
2295 4631 2356 4682 τὸ
2387 4631 2719 4704 θεραπευτής
2749 4632 2906 4703 εἶναι,
2956 4637 3094 4702 (καθ’
3143 4633 3440 4708 ὑπερϐατὸν
3472 4641 3570 4718 γὰρ
3621 4645 3657 4712 ἡ
3702 4645 3828 4698 σόν-

413 4709 511 4766 lus
528 4711 627 4783 (b).
646 4713 755 4779 Qui
778 4712 1106 4766 etiamnum
1127 4713 1266 4767 oriri
1284 4714 1427 4781 facit
1447 4714 1611 4766 solem
1631 4729 1796 4783 super
1814 4716 1986 4769 malos
2010 4723 2062 4770 et

414 4801 601 4870 bonos,
636 4801 1136 4872 quemadmodum
1171 4801 1343 4855 rel‘ert
1374 4802 1522 4855 sacri
1564 4803 1829 4857 doctrina
1873 4805 2057 4858 Evan-

411 4889 546 4962 gelii
573 4891 669 4962 (c);
706 4889 805 4962 qui
839 4889 1096 4944 animam
1123 4906 1354 4960 quoque
1384 4907 1549 4944 suam
1585 4892 1747 4960 ponit
1779 4910 1880 4962 pro
1912 4896 2062 4950 refu-

410 4981 521 5054 gis.
555 4983 642 5036 Tu
677 4985 894 5051 autem,
929 4997 960 5035 o
993 4979 1356 5052 DemOphile,
1381 4986 1445 5034 ut
1471 4985 1586 5035 tuae
1634 4983 1933 5038 declarant
1964 4984 2058 5040 lit-

405 5074 542 5126 tere
573 5071 762 5143 (prius
792 5069 946 5126 enim
983 5069 1052 5124 ad
1087 5074 1360 5124 sanctum
1408 5069 1631 5124 litteras
1666 5071 1790 5142 ipse
1821 5073 2061 5128 dederat

403 5159 790 5230 Demophilus
823 5159 1003 5230 hujus
1037 5157 1275 5213 nuntias
1309 5159 1441 5213 facti
1479 5176 1490 5214 :
1528 5160 1744 5229 quibus
1777 5178 1902 5216 sese
1933 5163 2056 5233 glo-

403 5249 621 5304 riosius
645 5249 941 5314 etl‘erebat,
971 5247 1140 5318 quasi
1178 5247 1408 5302 facinus
1440 5248 1758 5319 peregisset
1785 5266 1914 5305 cum
1939 5252 2055 5321 pri-

402 5337 517 5393 mis
549 5335 720 5392 laude
748 5337 1035 5406 dignum),
1055 5336 1203 5391 dicis
1228 5337 1425 5408 igitur,
1452 5338 1590 5410 quia
1617 5339 1897 5394 adversus
1919 5356 2052 5395 eum

402 5425 506 5497 qui
548 5424 883 5496 presbytero
930 5425 1280 5494 prociderat,
1313 5426 1565 5498 impium
1599 5431 1656 5482 et
1687 5433 2050 5498 peccatorem

400 5516 580 5571 tatem
614 5513 771 5568 hunc
798 5515 974 5569 refert
1006 5513 1171 5570 Pater
1209 5517 1382 5587 juxta
1429 5515 1755 5589 Demophili
1787 5519 2049 5586 verbum,

473 5732 552 5804 (b)
584 5730 749 5787 Rom.
782 5745 836 5801 ν,
866 5729 919 5784 9.
995 5731 1066 5803 (ε)
1097 5731 1296 5791 Matth.
1329 5749 1383 5805 ν,
1417 5734 1504 5792 45.

2172 4717 2322 4787 ταξις
2357 4725 2426 4786 ·)
2475 4719 2610 4793 πρὸς
2671 4719 2844 4775 αὐτῶν
2895 4720 3155 4793 δηλονότι
3205 4731 3312 4783 τῶν
3373 4717 3558 4806 ἱερέων
3613 4730 3828 4788 ἰκδιδά-

2170 4827 2300 4860 σκου
2334 4809 2466 4879 (87),
2499 4805 2568 4862 δι’
2608 4809 2682 4863 ὧν
2728 4811 2814 4864 καὶ
2871 4816 3172 4888 μοναχῖκόν
3219 4838 3302 4872 σοι
3357 4805 3550 4894 σχῆμα
3582 4819 3820 4880 δέδοται.

2170 4903 2241 4951 »Ή
2275 4896 2403 4972 οὐχὶ
2437 4904 2699 4973 μαρτυρεῖ
2740 4922 2845 4973 μου
2886 4906 2962 4956 τῶ
3023 4902 3172 4980 λόγῳ
3228 4907 3317 4960 καὶ
3349 4907 3484 4962 αὐτᾶ
3521 4911 3590 4965 τὰ
3617 4919 3717 4981 τῆς
3753 4913 3825 4967 ie-

2171 4991 2264 5061 ρᾶς
2295 4985 2496 5055 τάξεως
2553 4984 2852 5059 στεμϐολας
2901 4993 3170 5048 ’Ίστανται
3227 4997 3328 5070 γὰρ
3380 4995 3430 5050 ἓν
3488 5000 3580 5071 μὲν
3612 5005 3691 5072 τῷ
3724 5013 3826 5065 θυ-

2170 5096 2469 5149 σιαστηριῳ
2500 5079 2716 5149 πρῶτον
2769 5079 3067 5154 ἀρχιερεῖς,
3119 5081 3231 5137 εἶτα
3279 5084 3466 5157 ἱερεῖς,
3518 5090 3633 5142 εἶτα
3686 5092 3827 5165 πρὸς

2165 5169 2282 5224 ταῖς
2341 5162 2541 5227 πύλαις
2568 5163 2810 5220 διάκονοι
2851 5185 2862 5200 ·
2897 5165 3090 5238 ἓξωθεν
3126 5167 3183 5225 δὲ
3210 5177 3319 5226 τῶν
3361 5173 3550 5230 πυλῶν
3575 5177 3626 5229 οἱ
3658 5162 3824 5252 θερα-

2166 5252 2380 5324 πευταὶ,
2414 5253 2548 5326 πρὸς
2581 5253 2766 5317 αὐταῖς
2815 5255 3117 5329 ἱστάμενοι,
3166 5260 3226 5314 οὐ
3276 5263 3411 5338 πρὸς
3443 5261 3693 5338 φυλακὴν
3727 5268 3826 5322 αὖ-

2162 5345 2268 5394 τῶν
2299 5339 2364 5409 δὴ
2395 5345 2503 5396 τῶν
2551 5342 2762 5416 πυλῶν,
2807 5347 2988 5417 (τοῦτο
3032 5348 3133 5423 γὰρ
3187 5353 3292 5404 τῶν
3330 5350 3468 5428 πρὸς
3512 5354 3696 5417 αὐταῖς
3727 5354 3820 5411 ἐν·

2160 5429 2253 5491 τὸς
2302 5429 2600 5504 ἱσταμένων
2657 5430 3012 5508 λειτουργῶν,
3081 5434 3339 5508 δηλονότι
3399 5438 3663 5498 διακόνων
3719 5446 3812 5500 καὶ

2161 5515 2548 5592 ὑποδιακόνων,
2581 5519 2720 5576 ἐστίν
2753 5541 2764 5554 ·
2799 5524 2818 5595 )
2876 5520 3022 5578 ἀλλὰ
3064 5527 3202 5600 πρὸς
3248 5525 3394 5599 τάξιν
3439 5530 3531 5586 καὶ
3575 5529 3810 5608 ἐπίγνω-
