4062 6366
258 556 356 612 469

1062 560 1526 613 PACHYMEBE
1565 549 2072 609 PARAPHRASIS
2108 550 2183 601 IN
2221 548 2379 600 EPP.
2421 547 2482 600 Β.
2523 544 2864 599 DIONYSII.

3561 535 3667 589 470

259 703 335 735 σιν
366 680 574 734 ἑαυτῶν
635 681 768 754 (88),
821 677 913 735 ἵνα
963 679 1390 757 ἐπιγινώσκωσιν
1440 676 1663 739 ἑαυτοὺς
1693 676 1760 744 ἦς
1809 672 1900 727 τά-

2023 689 2129 727 non
2163 678 2226 726 ut
2255 687 2363 726 sua
2395 669 2581 742 ipsius
2615 685 2781 724 mens
2813 666 3127 730 sentiebat;
3150 677 3337 734 neque
3358 660 3514 716 enim
3531 675 3666 715 eum

259 771 380 840 ξεωρ
428 769 517 824 κα)
572 769 718 839 ἀξίας
755 767 806 823 ε”
841 770 854 790 “
998 769 1012 788 “
1119 772 1133 790 ‘
1221 775 1246 785 ”’

357 809 379 830 π.
509 811 520 821 -
695 809 716 830 ..
789 791 882 840 ισι,
923 791 1013 824 και
1066 792 1141 842 μη
1181 791 1289 824 των
1333 767 1657 845 κρειττόνων
1714 785 1906 820 κατεπ-

258 857 533 932 αίρωνται·
594 855 807 930 μᾶλλον
847 857 948 934 γὰρ
978 856 1057 929 τῷ
1089 856 1207 930 λαῷ
1237 857 1628 929 πλησιάζουσιν
1689 853 1725 923 ἢ
1786 858 1907 916 ταῖς

259 948 558 1020 ἱερατικαῖς
610 947 785 1017 τάξεσι
816 949 950 1020 (89).
985 948 1089 1002 Καὶ
1119 951 1279 1001 10610
1318 947 1417 1000 οὐκ
1464 945 1763 1007 ἀπεικότως
1814 941 1902 996 λέ-

254 1055 352 1109 γει,
405 1033 535 1089 ἀλλ’
595 1033 677 1088 ὅτι
741 1035 792 1089 οἱ
856 1037 948 1108 μὲν
983 1035 1269 1111 ἱερωμένοι
1306 1038 1416 1109 (90)
1472 1033 1615 1089 ἳδιον
1648 1033 1811 1087 τόπον
1843 1030 1904 1085 τὸ

257 1124 392 1177 θεῖον
427 1124 816 1199 θυσιαστήριον
870 1117 1108 1198 ἔχουσιν
1145 1126 1195 1178 οἱ
1230 1122 1287 1179 δὲ
1339 1125 1571 1199 μοναχοὶ
1635 1122 1769 1196 μετὰ
1809 1124 1905 1174 106

255 1210 385 1267 λαοῦ
418 1205 613 1284 ἔξωθεν
634 1209 902 1285 ἵστανται,
963 1212 1012 1267 εί
1064 1212 1152 1268 καὶ
1211 1216 1307 1268 106
1366 1213 1503 1269 λαοῦ
1561 1213 1613 1266 οἱ
1668 1209 1904 1285 μονα.χοῖ

253 1301 629 1376 προῗστανται.
682 1301 778 1356 Διὰ
804 1305 964 1356 τοῦτο
1008 1303 1098 1356 καὶ
1128 1303 1163 1371 ἡ
1196 1303 1313 1378 ἱερά
1363 1301 1682 1375 θεσμοθεσία
1731 1300 1783 1354 ἐν
1829 1302 1908 1369 τῷ

258 1387 698 1466 μεταλαμϐάνειν
730 1391 957 1457 τούτους
982 1400 1100 1456 τοῖς
1134 1392 1434 1470 ἐνδοτέροις
1466 1395 1563 1463 τὴν
1618 1387 1904 1465 μετάδοσιν

254 1481 579 1555 έγχειριζειυ
629 1481 718 1536 καὶ
761 1481 863 1557 γάρ
910 1483 961 1537 οἱ
1010 1482 1154 1544 ἐντὸς
1185 1481 1639 1557 ἀπερικαλύπτως
1693 1481 1760 1534 τὰ
1791 1484 1908 1543 θεῖα

251 1567 337 1624 διὰ
376 1565 680 1642 συμϐόλων
717 1569 979 1645 βλέπουσι
1009 1571 1098 1625 καὶ
1149 1571 1432 1626 ἀκούουσι·
1482 1570 1572 1624 καὶ
1632 1569 1720 1624 ἐπὶ
1776 1567 1904 1629 τοὺς

249 1655 439 1728 ἓξωθεν
501 1663 610 1713 τῶν
670 1661 1177 1734 παραπετασμάτων
1206 1660 1552 1733 ἱσταμένους,
1609 1656 1904 1732 μοναχοὺς,

249 1744 503 1819 λαϊκοὺς,
554 1746 631 1803 ἔτι
679 1748 895 1812 καὶτὰς
941 1748 1340 1825 καθαιρομένας
1371 1749 1566 1818 τάξεις,
1623 1766 1905 1820 κατηχου-

254 1835 467 1908 μένους,
514 1837 607 1891 καὶ
656 1837 782 1902 τοὺς
839 1838 889 1892 ἐν
953 1837 1232 1912 μετανοίᾳ,
1279 1839 1347 1893 τά
1399 1838 1517 1912 ἱερὰ
1574 1835 1904 1914 ἐκφαίνουσι,

254 1925 440 1986 καλῶς
511 1925 594 1980 ἀεὶ
655 1922 1128 2004 διαφυλαττόμενα
1184 1925 1428 2002 ἅχραντα
1480 1925 1585 1980 ἀπὸ
1631 1929 1737 1979 τῶν
1797 1927 1903 1976 σῶν

2015 762 2163 819 265
2199 761 2453 816 habebat
2484 776 2585 832 pro
2613 759 2816 828 impio,
2841 771 3012 827 quem
3046 755 3216 825 plane
3247 753 3529 822 cognorat
3562 749 3666 804 ad-

2017 851 2180 906 missi
2236 850 2510 906 facinoris
2543 847 2864 920 poenitere),
2899 845 3178 900 adversus
3221 841 3490 896 eumdem
3525 855 3664 892 con-

2015 942 2251 1009 sistens,
2285 939 2546 995 calcibus
2578 937 2877 1008 pulsatum
2899 933 3184 1004 adjecisti.
3218 930 3462 984 Proinde
3496 945 3669 982 accu-

2015 1031 2234 1085 sativos
2282 1020 2450 1094 ἀσεϐῆ
2497 1026 2584 1080 καὶ
2639 1021 2966 1098 ἁμαρτωλόν
3003 1039 3105 1094 pro
3143 1018 3415 1090 genitivis
3447 1015 3670 1088 accepit

2017 1118 2217 1190 phrasi
2253 1119 2448 1172 attica.
2485 1119 2549 1170 At
2582 1116 2818 1169 interim
2864 1111 3111 1184 supplex
3142 1109 3239 1164 ille
3272 1106 3515 1179 rogabat
3545 1103 3668 1159 eni-

2014 1209 2170 1274 xius,
2205 1222 2472 1278 quaerens
2506 1204 2830 1259 remedium
2869 1219 2882 1256 :
2915 1207 2976 1256 tu
3009 1197 3392 1263 contra,adeo
3422 1211 3535 1249 non
3569 1209 3668 1247 ex-

2019 1296 2322 1366 horruisti,
2385 1300 2448 1350 ut
2492 1294 2853 1349 sacerdotem
2907 1291 3148 1360 insuper
3192 1304 3305 1341 non
3365 1283 3672 1339 toleranda

2018 1385 2373 1442 contumelia
2404 1381 2721 1454 asperseris
2748 1398 2761 1438 :
2793 1380 2946 1451 quod
2976 1395 3132 1444 eum,
3167 1376 3269 1448 qui
3299 1379 3400 1429 tua
3433 1377 3666 1428 senten-

2015 1477 2099 1531 tia
2133 1474 2350 1545 impius
2381 1477 2504 1528 erat
2537 1489 2602 1526 ac
2635 1467 3018 1543 peccator,sic
3048 1472 3246 1521 tamen
3282 1462 3670 1535 poenitentem

2011 1566 2238 1636 justum
2273 1561 2714 1635 pronuntiasset
2744 1564 2800 1614 et
2830 1554 3234 1613 misericordia
3254 1553 3534 1624 dignum;
3567 1550 3668 1603 de-

2017 1655 2196 1726 nique
2245 1652 2403 1707 abire
2449 1650 2710 1722 jussisti,
2764 1663 2870 1702 nec
2917 1646 3007 1700 his
3059 1647 3389 1710 contentus,
3438 1639 3565 1711 ipse
3610 1638 3669 1692 in

2020 1746 2191 1816 adyta
2211 1740 2496 1797 insiluisti
2522 1739 2835 1810 impudens
2859 1753 2923 1791 ac
2943 1733 3088 1789 nulli
3125 1737 3342 1788 temore
3367 1727 3672 1784 tractanda

2019 1831 2296 1905 mysteria
2344 1825 2789 1896 commiscuisti,
2849 1825 3051 1880 eadem
3110 1820 3536 1893 propemodum
3598 1816 3668 1870 ab

2015 1923 2145 1994 ipso
2189 1921 2356 1977 altari
2398 1921 2614 1990 injecta
2663 1932 2840 1970 manu
2893 1910 3229 1984 exportasli.
3280 1909 3355 1964 Ut
3401 1907 3556 1962 enim
3608 1921 3670 1960 re

249 2015 453 2087 ὁψεων,
531 2015 728 2088 μέχρις
791 2016 872 2088 οὗ,
930 2021 1259 2092 τυραννικῶς
1316 2012 1650 2085 εἰσπηδήσας
1697 2012 1904 2082 αὐτοῖς,

2023 2013 2148 2084 ipsa
2198 2013 2458 2082 apparet,
2492 2005 2783 2062 sacerdoti
2833 2003 3154 2057 etiamnum
3190 1997 3372 2054 sacris
3405 1994 3668 2067 operanti

2023 2104 2029 2109 .
2275 2099 2284 2109 .
2523 2097 2542 2109 ι.
2613 2097 2645 2109 ι.
2682 2095 2722 2109 n
2907 2092 2920 2109 1
2953 2090 2984 2109 ⁸1
3044 2107 3062 2109 _
3124 2090 3233 2109 II-_
3271 2088 3449 2109 2—21.-..
3477 2087 3579 2109 nl...
3611 2088 3665 2109 ιΑ

247 2101 565 2177 ἠνάγκασας
617 2101 1057 2177 ἐκπομπευθῆναί
1120 2126 1204 2159 σοι
1261 2105 1327 2158 τὰ
1357 2105 1571 2168 ἀθέατα.
1605 2102 1680 2156 Σὺ
1714 2099 1771 2156 δὲ
1797 2099 1901 2178 φῂς

249 2189 400 2267 ἔχεις
432 2190 526 2246 καί
583 2189 962 2268 διαφυλάττειν
1018 2195 1086 2248 τὰ
1142 2194 1280 2266 ἱερὰ,
1343 2194 1417 2266 μή
1473 2189 1632 2253 εῗδὼς
1689 2192 1770 2245 ὅτι
1803 2190 1907 2244 σῦκ

245 2277 394 2354 ἔχειν
428 2284 620 2335 ταῦτα·
685 2280 801 2336 ἐπεὶ
855 2279 1115 2354 οὐδαμῶς
1174 2303 1280 2350 σοι,
1336 2280 1480 2336 ἀλλὰ
1534 2285 1650 2341 τοῖς
1706 2280 1903 2352 ἱερεῦσι

244 2367 524 2447 διαφέροι.
581 2370 650 2424 Τὸ
709 2368 766 2425 δὶ
812 2374 1009 2446 ’Ὠσπιρ
1061 2368 1185 2425 οὐδὲ
1235 2372 1333 2439 τὴν
1385 2370 1664 2440 ἀλήθειαν,
1695 2367 1784 2422 καὶ
1840 2366 1908 2420 τὰ

243 2455 393 2526 ίξῆς,
428 2458 588 2534 φησὶ,
641 2460 1052 2532 καθαπτόμενος
1085 2460 1305 2531 τούτου,
1337 2459 1428 2514 καὶ
1477 2457 1559 2512 ἐπ’
1597 2455 1744 2522 ἄλλῃ
1779 2455 1905 2509 ἆτα-

242 2545 327 2617 ξίᾳ
387 2547 480 2600 καὶ
538 2546 893 2622 ἀναισχυντίᾳ
925 2540 1054 2621 (91),
1109 2551 1227 2612 καθ’
1256 2549 1320 2618 ἣν
1367 2547 1700 2621 λογομαχῶν
1731 2545 1907 2613 καθη-

245 2637 442 2707 μάραν,
508 2636 611 2690 οὐκ
675 2635 760 2690 ἐπὶ
821 2638 1067 2692 συστάσει
1091 2640 1226 2710 (92),
1253 2635 1382 2691 ἀλλ’
1428 2635 1526 2690 -ἒπὶ
1557 2633 1907 2709 καταστροφῆ

239 2728 350 2777 τῶν
384 2723 728 2794 ἀκουόντων,
786 2727 879 2787 τάς
939 2727 1152 2803 Γραφὰς
1183 2725 1550 2801 ἀνεγίνωσκεν.
1588 2721 1738 2779 Ἐπεὶ
1791 2718 1908 2774 δυσί

239 2833 356 2867 τισι
391 2811 713 2890 κεφαλαίοις
762 2815 1059 2891 περιορίζει
1103 2816 1201 2881 τὴν
1246 2819 1343 2870 106
1375 2811 1700 2890 Δημοφίλου
1732 2811 1909 2884 ἀμαρ-

238 2901 364 2956 τίαν
397 2900 490 2956 καί
515 2901 752 2974 ἀταξίαν,
802 2906 881 2974 τῷ
931 2924 991 2957 τε
1048 2902 1396 2978 ἐπιχειρῆσαι
1425 2908 1542 2964 τοῖς
1573 2899 1772 2976 ἀγίοις,
1820 2899 1908 2952 καὶ

245 2995 329 3062 τῷ
392 2991 486 3046 τὸν
549 2987 913 3068 πρεσϐύτερον
978 2987 1212 3066 ὑϐρίσαι·
1264 2991 1443 3046 ἐατέον
1483 2991 1586 3066 γὰρ
1621 2991 1720 3059 τήν
1777 2989 1916 3042 κατά

240 3084 345 3135 106
403 3084 794 3152 μετανοοῦντος
829 3080 1187 3136 ἀπολάκτισιν
1219 3081 1310 3135 καὶ
1345 3081 1625 3150 ἐξώθησινο
1684 3076 1778 3132 δύο
1809 3077 1914 3152 γὰρ

242 3167 504 3245 ἐργασίας
556 3168 660 3223 ἀπὸ
698 3173 795 3223 106
846 3168 1133 3224 ἐλάττονον
1180 3164 1474 3244 παρέλαϐε
1527 3169 1664 3244 πρὸς
1690 3167 1785 3239 μὲν
1815 3166 1916 3245 τὴν

242 3241 482 3333 πρῶτην
515 3257 784 3333 ἁμαρτίαν
813 3257 986 3332 λέγων
1037 3257 1122 3312 τό·
1172 3257 1232 3313 Εἰ
1260 3241 1380 3332 ’μὲν
1415 3241 1675 3332 ἱθναργχίᾳ
1716 3275 1798 3316 τις
1828 3241 1918 3329 ἀφ’

245 3347 453 3401 ἑαυτοῦ
495 3344 827 3422 ἐνεχείρησε,
894 3347 970 3419 μὴ
1019 3344 1261 3408 διδόντος
1307 3351 1402 3402 106
1452 3344 1750 3422 βασιλέως,
1812 3343 1918 3397 ἐτι-

247 3441 502 3509 μωρεῖτο
533 3431 614 3488 ἂν·
649 3436 786 3509 πρὸς
819 3432 874 3488 δὶ
903 3436 1000 3503 τὴν
1035 3432 1281 3510 δευτέραν
1330 3409 1528 3510 λέγῶν,
1573 3434 1668 3488 Καὶ
1719 3431 1764 3487 εί
1817 3432 1908 3486 τὸν
1944 3409 1986 3475 C

247 3522 572 3578 δικαιοῦντα
631 3521 875 3599 ἄρχοντα
909 3569 922 3593 ,
981 3523 1015 3593 ἢ
1076 3523 1504 3594 καταδικαζοντά
1559 3544 1681 3579 τινα
1713 3571 1728 3596 ,
1782 3543 1916 3597 παρ-

247 3612 432 3675 εστώς
477 3633 560 3674 τις
619 3611 913 3685 ἀνέκρινεν,
981 3610 1134 3667 οὔπω
1188 3613 1331 3687 λέγω
1375 3608 1684 3686 καθύϐριζε.
1744 3611 1914 3667 Πάλιν

247 3702 367 3756 ἀπὸ
391 3705 580 3755 κοινοῦ
609 3701 672 3756 τὸ
705 3703 1028 3777 ἐτιμωρεῖτο
1061 3701 1142 3758 ἂν.
1169 3701 1243 3756 Σὺ
1276 3700 1334 3756 δὲ
1356 3707 1613 3757 τοσοῦτον
1632 3699 1917 3775 τολμηρὸς

255 3793 331 3862 εἴ,
370 3788 461 3844 καὶ
493 3789 582 3868 ἀφ’
613 3790 806 3845 ἑαυτοῦ
828 3790 1094 3865 ἱερωσύνῃ
1122 3789 1410 3866 ἐγχειρῶν,
1441 3795 1530 3845 καί
1560 3791 1649 3844 τὸν
1683 3784 1916 3863 πρεσϐύ-

248 3904 418 3958 τερον
471 3882 793 3956 ἀνακρίνων.
844 3884 946 3941 Καὶ
989 3888 1156 3938 ταῦτα
1211 3878 1318 3938 ἔδει
1373 3883 1542 3938 εἰπεῖν
1589 3881 1663 3944 εἷς
1712 3881 1914 3936 ἐκεῖνον

250 3973 352 4026 τὸν
406 3972 540 4045 ὑπὲρ
589 3973 690 4041 τήν
745 3971 889 4041 ἀξίαν
955 3973 1047 4046 μὲν
1107 3973 1414 4046 πράττοντα
1446 4016 1458 4040 ,
1535 3970 1688 4044 ὅμως
1734 3970 1916 4043 μέντοι

253 4060 451 4115 εἲκότα
495 4059 585 4115 καί
630 4061 908 4135 πρέποντα
935 4064 1067 4134 (93).
1117 4061 1191 4115 Σὺ
1234 4058 1292 4115 δὲ
1328 4060 1444 4116 τίνα
1489 4057 1622 4130 ἕξεις
1651 4061 1749 4128 τὴν
1781 4061 1917 4113 ἀπο-

254 4149 477 4224 λογίαν,
511 4148 600 4203 ὅτε
643 4149 730 4203 καὶ
784 4149 930 4224 παρὰ
957 4150 1053 4216 τὴν
1087 4149 1233 4220 ἀξίαν
1279 4149 1369 4203 καὶ
1406 4147 1666 4222 μηδόλως
1697 4147 1914 4216 εἶκότα;

253 4237 368 4295 Καὶ
403 4236 560 4301 εὐθὺς
601 4235 783 4312 ἐπάγει
831 4238 898 4291 τά
944 4235 1377 4311 παραδείγματα,
1431 4237 1520 4293 καὶ
1558 4235 1724 4292 πλέον
1780 4237 1916 4292 ἐκεῖ·

253 4348 355 4381 νον
412 4327 505 4381 τὸν
565 4325 887 4401 Δημόφιλον
941 4329 1239 4396 ποιήσαντα
1287 4325 1572 4382 δείκνυσιν.
1632 4327 1688 4379 Ὁ
1738 4325 1919 4395 Ὀζίας

253 4412 434 4470 καλὸν
482 4412 656 4469 ἐποίει
688 4416 925 4487 θυμιῶν,
977 4415 1026 4468 εἴ
1070 4414 1158 4468 καὶ
1208 4416 1354 4488 παρὰ
1381 4415 1476 4484 τὴν
1511 4415 1679 4486 ἀξίαν·
1716 4416 1767 4470 οἱ
1800 4412 1917 4469 δαί-

263 4525 427 4578 μονες
461 4503 686 4571 ἀληθῶς
717 4500 927 4578 ἔλεγον,
959 4501 1342 4578 θεολογοῦντες
1374 4505 1466 4558 τὸν
1516 4505 1727 4568 Ἰησοῦν
1781 4507 1915 4577 (94),

259 4593 305 4648 εἰ
343 4592 435 4647 καὶ
471 4590 644 4666 μηδὲν
695 4591 976 4670 ἐφειμένον
1017 4594 1083 4661 ἦν
1135 4591 1361 4654 ἐκείνοις
1418 4597 1638 4647 τοιαῦτα
1703 4591 1915 4648 λαλεῖν

262 4681 328 4735 σὺ
378 4681 469 4735 καὶ
502 4683 648 4756 παρὰ
676 4683 773 4750 τήν
805 4681 953 4752 ἀξίαν
1004 4680 1330 4752 πεποίηκας,
1382 4681 1471 4735 καὶ
1518 4682 1646 4756 οὐχὶ
1680 4681 1743 4735 τὸ
1774 4681 1918 4743 εἰκὸς

2016 2099 2466 2172 impressionem
2521 2097 2655 2151 fecit
2682 2090 3088 2164 Demophilus.
3124 2090 3237 2144 Hoc
3271 2088 3449 2158 igitur
3477 2087 3581 2139 abs
3611 2088 3667 2138 te

2013 2170 2255 2260 indigne
2308 2188 2526 2241 factum
2572 2190 2681 2248 est,
2715 2179 2986 2236 Diaconis
3027 2178 3182 2233 enim
3216 2180 3273 2230 et
3307 2170 3660 2245 presbyteris

2014 2279 2216 2334 isthmc
2245 2277 2452 2331 munia
2490 2271 2934 2338 conveniebant,
2969 2267 3196 2322 dicente
3242 2264 3369 2335 lege
3404 2280 3417 2320 :
3451 2266 3518 2316 Et
3565 2276 3664 2315 sa-

2015 2367 2279 2423 cerdotes
2309 2365 2617 2420 obvolvent
2647 2364 2886 2426 sancta;
2911 2354 3407 2428 quemadmodum
3439 2350 3498 2404 in
3535 2364 3667 2420 pro-

2014 2457 2169 2511 xime
2187 2453 2572 2524 sequentibus
2615 2451 2782 2504 Pater
2801 2450 2986 2502 docet.
3025 2447 3092 2499 Et
3111 2460 3243 2498 ecce
3274 2439 3508 2504 scribis,
3540 2454 3670 2493 san-

2017 2549 2267 2610 cta,cum
2284 2544 2402 2612 jam
2419 2527 3669 2605 contaminationisimpenderetpericuium,

2017 2633 2360 2688 intemerata
2381 2631 2618 2684 tandem
2652 2632 2707 2682 te
2738 2622 3118 2680 asservasse?
3150 2621 3318 2676 Nunc
3350 2617 3532 2690 igitur
3563 2632 3670 2671 no-

2020 2727 2204 2777 stram
2236 2734 2414 2790 super
2445 2719 2536 2772 his
2569 2716 2766 2786 accipe
2798 2710 3300 2769 sententiam.Fas
3324 2706 3671 2776 neutiquam

2021 2827 2150 2865 esse
2201 2823 2511 2863 censemus
2562 2804 2987 2877 presbyterum,
3019 2799 3196 2854 etiam
3240 2797 3288 2852 si
3322 2795 3489 2850 illum
3531 2810 3670 2848 con-

2021 2900 2213 2970 tingat
2236 2915 2268 2952 a
2285 2894 2633 2951 rectitudine
2652 2891 2984 2956 deﬂectere,
3019 2889 3089 2942 ab
3110 2887 3232 2958 ipso
3273 2901 3378 2939 suo
3401 2883 3673 2951 diacono,

2025 2990 2122 3060 qui
2158 2994 2209 3043 te
2257 2985 2471 3056 alioqui
2518 2981 2786 3054 superior
2833 2983 2944 3045 est,
2975 2977 3034 3032 in
3067 2973 3542 3044 disquisitionem
3575 2987 3674 3024 vo-

2026 3078 2166 3143 cari,
2199 3077 2319 3131 sive
2367 3074 2541 3129 etiam
2594 3073 2665 3125 ab
2717 3068 2829 3124 alio
2880 3066 3087 3138 quovis
3139 3061 3504 3118 monasticen
3547 3075 3678 3130 pro-

2029 3168 2202 3223 fesso.
2250 3165 2402 3219 Ordo
2461 3161 2618 3217 enim
2664 3163 2774 3226 est,
2810 3156 2911 3229 qui
2966 3155 3240 3210 universa
3288 3150 3676 3206 cohaerescere

2029 3255 2186 3321 facit,
2220 3260 2278 3308 et
2312 3250 2593 3308 continet.
2627 3249 2853 3312 Quanto
2885 3260 3026 3300 sane
3059 3242 3248 3314 magis
3282 3240 3546 3307 addecet,
3582 3253 3677 3291 or-

2031 3346 2226 3400 dinem
2255 3339 2542 3396 asservari
2574 3339 2632 3391 in
2666 3332 3146 3402 nobisnimirum
3178 3327 3363 3384 sacris
3384 3327 3411 3380 ?
3433 3325 3594 3390 Quod
3630 3323 3678 3378 si

2026 3433 2086 3487 in
2120 3431 2212 3486 his
2240 3430 2623 3501 permiscetur
2639 3422 3102 3492 ordo,reliquum
3137 3418 3294 3487 ﬁt,ut
3323 3415 3384 3469 in
3416 3414 3678 3484 seipsum

2026 3521 2181 3577 Deus
2210 3518 2436 3574 divisus
2468 3516 2762 3570 credatur.
2799 3511 2970 3567 Porro
3001 3524 3176 3563 omne
3221 3519 3462 3574 regnum
3495 3500 3678 3571 quod-

2025 3625 2253 3678 cunque
2305 3607 2362 3660 id
2406 3605 2644 3660 tandem
2697 3601 2891 3665 fuerit,
2944 3597 2994 3653 si
3047 3595 3359 3663 dividetur,
3385 3593 3512 3662 jam
3563 3606 3679 3644 non

2026 3677 2384 3768 stabit(d).Et
2416 3695 2464 3749 si
2500 3693 2596 3747 Dei
2631 3695 2718 3746 cst
2743 3688 3064 3762 judicium,
3097 3682 3283 3755 angeli
3318 3687 3517 3736 autem
3549 3677 3677 3745 Dci,

2025 3787 2356 3843 sacerdotes
2388 3784 2590 3839 itidem
2625 3785 2764 3838 sunt
2795 3776 3120 3834 secundum
3163 3789 3303 3828 suos
3350 3768 3676 3842 pontifices.

2024 3879 2108 3933 Tu
2143 3894 2273 3932 vero
2305 3892 2375 3930 ne
2404 3874 2666 3944 ipsorum
2701 3870 2940 3941 quidem
2973 3863 3260 3920 ministris
3295 3861 3490 3916 videre
3517 3873 3675 3913 com-

2024 3963 2641 4038 ponendus,nimirum
2676 3957 2959 4024 diaconis,
2996 3957 3059 4009 ut
3088 3951 3185 4020 qui
3211 3949 3344 4005 istis
3375 3948 3558 4019 gradu
3595 3944 3676 4000 sis

2025 4056 2287 4111 inferior.
2338 4055 2526 4118 Quare
2575 4050 2646 4104 ab
2691 4047 2838 4118 ipsis
2888 4041 3201 4098 instruitor
3249 4034 3674 4101 sacerdotibus,

2025 4159 2276 4215 quorum
2329 4141 2520 4195 ofﬁcio
2575 4132 2954 4208 promeruisti
3005 4129 3329 4186 monachus
3381 4129 3443 4179 ut
3491 4137 3675 4179 esses.

2025 4230 2393 4288 Constructio
2425 4227 2580 4282 enim
2612 4224 2920 4279 verborum
2973 4225 3061 4274 est
3089 4216 3204 4270 καθ’
3241 4206 3538 4286 ὑπερϐατόν
3574 4228 3675 4265 seu

2024 4320 2321 4377 secundum
2367 4317 2764 4383 traiectionem,
2797 4311 2869 4366 ab
2905 4309 3051 4380 ipsis
3085 4305 3310 4362 scilicet
3359 4300 3677 4357 sacerdoti-

2026 4411 2137 4466 bus
2186 4407 2440 4473 erudire,
2481 4421 2582 4475 per
2630 4418 2779 4473 quos
2829 4400 3066 4454 schema
3117 4391 3456 4449 monasticis
3506 4387 3680 4442 istius

2025 4497 2410 4571 professionis
2457 4492 2564 4548 tibi
2607 4491 2896 4546 traditum
2946 4491 3054 4542 est.
3088 4491 3298 4538 Annon
3331 4476 3674 4535 testimonio

2024 4568 2200 4644 etiam
2237 4603 2340 4641 suo
2392 4585 2631 4639 verbum
2686 4595 2880 4634 meum
2937 4574 3200 4647 symbola
3251 4568 3598 4626 sulfulciunt
3623 4570 3682 4620 et

2027 4676 2410 4732 corroborant
2440 4671 2591 4727 sacri
2625 4669 2798 4725 istius
2832 4665 3056 4722 ordinis
3083 4666 3104 4718 ε’
3134 4664 3344 4718 Astant
3375 4657 3529 4713 enim
3564 4655 3679 4727 ipsi

263 4766 563 4843 διεπράξω,
602 4764 822 4845 ὑϐρίσας
868 4763 1227 4844 πρεσϐύτερον
1269 4769 1358 4823 τὸν
1407 4767 1536 4832 τοὺς
1596 4773 1912 4842 μετανοοῢν⁴

2028 4785 2138 4822 arae
2161 4765 2422 4838 proxime
2448 4761 2755 4834 pontifices
2780 4758 3058 4830 primum,
3091 4752 3301 4808 deinde
3322 4749 3676 4812 sacerdotes,

261 4880 360 4920 τας
395 4857 717 4934 δεχόμενον.
749 4861 890 4932 ’Όρα
933 4859 1022 4913 καὶ
1056 4860 1159 4913 ἀπὸ
1189 4863 1284 4913 106
1313 4856 1552 4913 παλαιοῦ
1581 4859 1752 4931 νόμου
1781 4862 1914 4930 (95)’

270 4949 366 5005 Καὶ
415 4945 644 5009 ἕκαστος
690 4953 758 5022 τῇ
803 4949 946 5018 τάξει
992 4955 1093 5017 τῆς
1142 4948 1483 5023 λειτουργίας
1537 4949 1703 5002 αὐτοῦ
1749 4945 1918 5016 ἕσται,

266 5039 354 5092 καὶ
396 5037 463 5092 τὰ
494 5037 618 5108 ἑξῆς
666 5034 1066 5112 διοριζομένου·
1111 5037 1200 5091 καὶ
1238 5035 1422 5094 πάλιν.
1473 5036 1730 5112 Ὠργίσθη
1764 5039 1920 5108 θυμῷ

267 5127 465 5201 Κύριος
509 5126 606 5180 ἐπὶ
640 5130 719 5197 τῷ
757 5127 848 5181 τὸν
892 5125 1071 5195 Ὀζίαν
1122 5132 1483 5199 προπετῆσαι·
1540 5126 1641 5194 τήν
1687 5120 1918 5180 κιϐωτὸδ

270 5215 530 5290 ἀνορθοῦν
587 5215 941 5289 βουλόμενον·
987 5215 1099 5285 καὶ,
1149 5216 1334 5270 Ἡτοῦ
1383 5215 1660 5275 Μωυσέως
1715 5213 1919 5290 ἀδελφὴ

272 5305 509 5380 Μαριάμ
555 5301 876 5378 λεπροῦταισ
924 5303 1012 5359 καὶ
1065 5304 1188 5380 περὶ
1235 5307 1342 5358 τῶν
1399 5303 1528 5357 υἱῶν
1581 5306 1677 5357 106
1730 5307 1923 5372 Σκευᾶ,

274 5396 347 5455 ὡς
378 5393 429 5448 ἐν
459 5399 580 5456 ταῖς
615 5394 843 5467 Πράξεσι
875 5397 1112 5470 φέρεται,
1143 5393 1248 5461 ὅτι,
1286 5394 1424 5466 μήτε
1446 5391 1822 5454 πιστεύσαντες
1852 5391 1928 5454 εἰς

275 5482 529 5556 Χριστὸν,
568 5483 705 5554 μήτε
734 5482 1276 5558 κεχειροτονημένοι,
1325 5479 1613 5556 ἐξώρκιζον
1654 5478 1782 5540 τοὺς
1814 5476 1914 5532 δαίς

285 5591 470 5642 μονας,
505 5569 635 5645 ὅπερ
666 5575 782 5635 τοῖς
807 5570 1149 5648 ἐφορκισταῖς
1203 5570 1388 5642 μόνοις
1419 5569 1618 5648 ἐφεῖτο.
1671 5567 1768 5623 Καὶ
1820 5568 1928 5622 πά-

283 5655 391 5713 λιν·
457 5660 516 5714 Ὀ
546 5654 768 5731 ἀσεϐὴς,
801 5659 941 5725 θύων
978 5659 1188 5734 μόσχον
1221 5662 1356 5733 (96),
1407 5659 1481 5722 ὡς
1536 5660 1564 5714 ὁ
1597 5656 1925 5713 ἀποκτείνων

356 5879 432 5953 (ἁ)
461 5879 667 5938 Matth.
691 5894 793 5950 xu,
821 5877 913 5936 25.

2030 4857 2102 4914 ad
2128 4859 2323 4926 portas
2347 4869 2479 4907 mox
2505 4848 2735 4904 diaconi
2762 4864 2775 4914 ;
2802 4847 2872 4900 ab
2897 4849 3133 4898 externa
3159 4846 3458 4913 portarum
3493 4839 3678 4904 parte,

2025 4949 2194 5017 juxta
2221 4949 2441 5007 tamen,
2479 4937 2750 4994 monachi
2782 4933 3134 4995 consistunt,
3187 4946 3300 4983 non
3339 4923 3573 4996 quidem
3605 4921 3678 4975 ad

2031 5035 2296 5106 ipsarum
2328 5029 2682 5090 custodiam,
2715 5025 2774 5078 id
2807 5023 2959 5078 enim
2998 5017 3258 5074 muneris
3289 5031 3387 5070 eos
3419 5009 3679 5082 respicit,

2033 5122 2134 5194 qui
2166 5121 2392 5175 foribus
2423 5115 2749 5182 astant,sed
2783 5114 3352 5176 introrsum,nempe
3381 5101 3682 5168 diaconos,

2033 5191 2133 5266 aut
2181 5210 2641 5280 hypodiaconos,
2676 5203 2830 5260 266
2879 5215 3081 5254 verum
3137 5201 3370 5266 propter
3414 5191 3683 5246 ordinem

2035 5307 2090 5355 et
2121 5298 2515 5371 cognitionem
2549 5295 2640 5350 sui
2693 5294 2978 5364 ipsorum,
3011 5291 3095 5353 ut,
3129 5285 3394 5355 inquam,
3426 5280 3689 5334 interno-

2037 5392 2206 5444 scant
2254 5388 2424 5456 cujus
2467 5384 2588 5440 sint
2620 5386 2677 5436 et
2724 5379 2946 5435 ordinis
2999 5380 3056 5431 et
3085 5371 3409 5445 dignitatis,
3443 5386 3543 5424 seu
3590 5384 3688 5422 su-

2037 5495 2142 5548 pra
2171 5493 2232 5531 se
2264 5473 2697 5546 praestantiores
2732 5467 3153 5523 insolescerent
3183 5461 3366 5531 Magis
3396 5457 3552 5514 enim
3586 5472 3690 5510 ac—

2039 5567 2253 5621 cedunt
2283 5565 2353 5618 ad
2386 5561 2877 5633 populum,quam
2903 5556 2974 5610 ad
2997 5569 3192 5609 sacros
3215 5551 3472 5605 ordines.
3501 5548 3690 5633 Atque

2039 5654 2149 5709 hoc
2177 5669 2294 5707 non
2343 5651 2447 5706 abs
2496 5665 2557 5704 re
2587 5646 2752 5716 dicit,
2783 5661 2849 5700 eo
2881 5642 3060 5715 quod,
3092 5638 3275 5695 sacris
3305 5635 3542 5708 quidem
3573 5629 3689 5684 ini-
