4062 6366
401 447 501 502 471
1248 453 1478 505 ΑΡΡΕΝ
1492 452 1610 505 ΟΙΧ
1646 452 1745 507 AD
1782 451 2005 505 OPERA

2210 446 2468 501 lONYSlI
2507 448 3009 501 AREOPAGITE.
3708 443 3814 498 472

399 571 549 643 tiati,
581 571 861 643 peculiari
918 573 1299 645 praerogativa
1346 573 1537 629 locum
1586 573 1699 628 sibi
1746 572 2003 628 vindicat

2217 588 2292 622 ›να
2339 567 2632 643 λογίζεται,
2685 567 2746 622 οὐ
2800 567 3160 642 προσιεμὲνου
3205 566 3303 634 τήν
3359 562 3657 642 φιλότιμον
3717 576 3821 629 Θυ-

398 662 568 716 altari
618 662 992 733 proximum:
1046 662 1319 718 monachi
1364 681 1497 718 vero
1545 668 1875 718 extrorsum
1908 678 2002 717 cor

2206 658 2269 710 κν
2320 660 2416 710 τοῦ
2467 660 2599 711 Θεοῦ
2633 653 2720 709 διὰ
2752 658 2851 724 τήν
2909 659 3005 709 τοῦ
3052 657 3421 729 προσάγοντος
3463 653 3810 724 ἀναξιότητα.

397 751 620 806 sistunt
642 769 758 806 una
779 769 912 806 cum
938 753 1172 823 populo,
1207 754 1436 807 etiamsi
1465 753 1677 824 populo
1709 753 2001 822 superiore

2207 745 2255 799 αἱ
2314 744 2491 806 αὖθις.
2532 748 2669 820 "Ope:
2697 746 2798 812 τήν
2828 749 2924 798 τοῦ
2960 748 3093 798 Θεοῦ
3146 740 3521 810 δικαιοσύνην,
3582 741 3664 795 δτι
3724 744 3811 796 καὶ

395 840 830 908 quadamtenus
862 841 1164 894 obtineant
1186 845 1399 911 partes.
1435 844 1593 894 Hanc
1618 842 1687 894 ob
1721 856 1842 893 rem
1876 855 1999 894 sacr

2210 834 2419 908 ,γόντων
2452 838 2630 903 τινῶν,
2663 832 2739 889 Οὐ
2797 838 2877 904 τῷ
2926 834 3003 904 σῴ
3056 832 3284 903 ὀνόματι
3344 830 3406 884 τὸ
3443 830 3530 885 mi
3562 830 3626 884 τὸ
3663 830 3814 885 ἐποι-

393 926 715 982 etiamnum
766 928 1077 999 legislatio,
1112 933 1175 982 ut
1226 928 1285 982 hi
1341 929 1675 983 divinorum
1730 928 1997 998 participe

2214 942 2394 994 ταμεν;
2429 921 2543 978 Οὐκ
2574 920 2694 976 οἴδα
2728 922 2889 993 ὑμᾶς,
2939 920 3308 994 ἀποκρίνεται.
3372 923 3533 973 "Qa-ts
3593 941 3818 994 συναγε-

392 1016 534 1075 sint.
563 1016 1018 1071 administrandi
1071 1034 1289 1071 munus
1341 1017 1472 1071 istis
1521 1016 1903 1084 concredidit,
1941 1033 1996 1086 qi

2222 1035 2234 1064 ι
2270 1012 2374 1065 ἀπὸ
2404 1011 2609 1065 τούτων
2644 1012 2881 1077 πάντων,
2911 1010 2994 1064 ὅτι
3026 1010 3087 1064 οὐ
3114 1009 3334 1082 θεμιτὸν
3378 1006 3505 1063 οὐδὲ
3535 1010 3602 1062 τὰ
3636 1006 3818 1063 δίκαια

388 1104 598 1159 intima
648 1110 955 1176 penetrant
1002 1106 1179 1178 adyti.
1215 1106 1411 1160 Intimi
1460 1107 1615 1161 enim
1663 1107 1789 1160 sine
1840 1106 1992 1159 obun

2212 1102 2389 1169 ώκειν,
2426 1099 2470 1153 εἰ
2537 1100 2611 1171 μή
2670 1102 2787 1153 κατ’
2845 1098 3009 1168 ἀξίαν.
3068 1098 3238 1152 Τοῦτο
3280 1098 3382 1172 γὰρ
3427 1098 3454 1151 ὁ
3515 1098 3816 1169 νομοθέτης

389 1190 594 1247 brante
627 1192 975 1260 velamento,
1009 1198 1065 1248 et
1095 1195 1294 1249 vident
1326 1198 1379 1248 et
1408 1194 1655 1249 audiunt
1684 1193 1903 1259 divina,
1940 1211 1993 1264 ρ(

2210 1185 2386 1242 Scires:
2418 1187 2469 1241 iv
2498 1192 2576 1258 τῷ
2602 1186 3011 1263 Δευτερονομίῳ
3045 1189 3305 1256 Μωϋσῆς,
3335 1184 3537 1260 λέγων’
3577 1185 3814 1248 Amata);

391 1281 553 1353 signa
583 1286 778 1337 tamen
812 1282 1201 1354 signiﬁcativa
1237 1300 1247 1337 :
1286 1283 1459 1338 iidem
1494 1300 1727 1354 quoque
1758 1284 1909 1353 apud
1942 1299 1995 1337 ec

2260 1276 2467 1331 δίκαιον
2502 1274 2731 1346 διώξεις.
2766 1276 2869 1332 Καὶ
2905 1274 3091 1330 πάλιν·
3125 1273 3506 1329 Διακελεύεταί
3548 1295 3632 1327 σοι
3689 1280 3813 1327 Σει-

391 1372 491 1440 qui
525 1376 686 1427 extra
736 1370 863 1426 vela
915 1372 1269 1442 consistunt,
1306 1372 1623 1427 monachos
1657 1372 1806 1437 dico,
1840 1370 1995 1425 laico:

2210 1385 2261 1439 ιχ
2290 1367 2317 1419 ὁ
2347 1366 2648 1436 Θαυμάσιος
2682 1368 2814 1438 (97),
2860 1364 3199 1438 ’Υψηλότερά
3230 1385 3326 1418 σου
3358 1364 3433 1437 μὴ
3491 1365 3666 1434 ζήτει,
3726 1361 3814 1415 καὶ

386 1474 485 1513 eos
517 1460 691 1515 etiam
723 1461 819 1530 qui
848 1478 966 1515 suae
1018 1461 1350 1532 purgationi
1396 1460 1728 1531 invigilent,
1768 1461 1918 1514 addo
1950 1476 1990 1513 c:

1297 1462 1350 1514 ni
1396 1460 1728 1531 invigilent,
1768 1461 1918 1514 addo
1950 1476 2031 1514 cae
2153 1454 2420 1530 βαθύτερά
2451 1476 2546 1508 σου
2582 1456 2656 1527 μὴ
2691 1453 2901 1526 ἐρεύνα.

381 1548 1012 1619 techumenos,quique
1043 1549 1396 1619 paenitentiae
1429 1554 1569 1604 sunt
1601 1549 1837 1614 addicti,
1874 1565 2038 1603 sacra

385 1637 666 1709 mysteria
722 1643 1001 1693 enarrant
1060 1644 1236 1709 atque
1284 1639 1766 1709 interpretantur.
1802 1638 1930 1692 Rite
1984 1637 2054 1692 ab
2094 1636 2279 1691 oculis
2336 1638 2456 1692 tuis
2511 1638 2862 1692 intemerata
2921 1652 3154 1707 semper
3211 1639 3454 1690 eatenus
3514 1638 3819 1689 asservata

386 1730 545 1793 sunt,
593 1743 902 1797 quousque
961 1728 1348 1797 impressione
1408 1727 1706 1798 tyrannica
1762 1725 2029 1781 insiliens
2085 1726 2342 1797 evulgari
2401 1726 2661 1797 coegisti,
2716 1744 2841 1797 quae
2897 1743 2966 1780 ne
3028 1726 3349 1797 spectanda
3410 1724 3514 1779 tibi
3578 1723 3819 1793 quidem

383 1814 643 1869 fuerant.
680 1816 750 1869 Et
780 1816 1017 1870 tandem
1051 1833 1217 1870 sacra
1247 1816 1366 1870 haec
1400 1833 1577 1887 penes
1608 1820 1663 1870 te
1690 1832 1872 1869 unum
1901 1821 2109 1869 etesse
2141 1821 2196 1868 et
2226 1816 2505 1869 asservari
2541 1815 2832 1887 gloriaris,
2867 1815 3132 1870 nesciens
3180 1813 3325 1867 nihil
3377 1813 3588 1868 borum
3623 1816 3678 1867 te
3710 1812 3819 1867 ob-

393 1901 623 1971 tinere;
669 1905 905 1974 quando
956 1921 1069 1959 non
1119 1910 1221 1958 tua
1279 1906 1379 1959 sed
1431 1906 1800 1959 sacerdotum
1852 1904 2084 1959 intersit
2129 1903 2302 1958 istius
2350 1921 2526 1957 sacres
2574 1904 2914 1958 functionis.
2968 1904 3115 1957 Illud
3167 1908 3359 1957 autem
3417 1903 3573 1971 quod
3623 1901 3816 1955 addit,

384 1990 535 2046 Sicut
559 2009 747 2048 revera
779 2010 849 2047 ne
880 1994 1168 2047 veritatem
1214 1994 1452 2063 quidem,
1502 1997 1559 2048 et
1606 1998 1805 2048 caetera
1837 2010 1965 2063 quae
2014 1997 2377 2062 sequuntur;
2413 1992 2581 2045 illum
2634 1993 3037 2062 perstringens
3070 1996 3305 2063 propter
3353 1990 3529 2045 aliam
3575 2003 3817 2060 quoque

391 2082 615 2136 ordinis
647 2081 1179 2153 transgressionem
1208 2088 1261 2136 et
1294 2083 1743 2153 impudentiam,
1775 2082 2010 2152 quando
2041 2082 2099 2134 in
2149 2081 2272 2135 dies
2304 2081 2568 2152 singulos
2614 2081 3032 2136 conﬂictationi
3083 2081 3390 2135 verborum
3444 2080 3656 2134 afﬁxus
3693 2095 3817 2134 non

387 2170 459 2223 ad
492 2171 998 2225 conﬁrmationem
1034 2188 1133 2226 seu
1161 2172 1230 2226 ad
1264 2172 1707 2227 aedificationem
1742 2171 2042 2226 lectitabat
2096 2170 2447 2241 Scripturas,
2483 2171 2582 2224 sed
2635 2172 2704 2225 ad
2752 2170 3116 2224 audientium
3167 2169 3635 2224 subversionem.
3688 2167 3805 2243 Ve.-

383 2271 517 2312 rum
550 2257 844 2313 enimvero
877 2260 1107 2314 duobus
1139 2260 1314 2314 veluti
1340 2259 1612 2331 capitulis
1644 2259 1975 2330 Demophili
2027 2262 2325 2330 peccatum
2378 2258 2828 2324 circumscribit,
2860 2258 3037 2313 simul
3089 2263 3146 2312 et
3196 2275 3308 2312 non
3359 2262 3657 2313 servatum
3706 2273 3801 2310 or-

381 2346 621 2402 dinem:
660 2364 775 2402 uno
809 2349 1071 2419 quidem,
1106 2351 1257 2419 quod
1292 2355 1496 2404 sancta
1546 2356 1752 2419 praeter
1800 2351 2075 2403 decorum
2127 2347 2439 2414 invaserit;
2477 2347 2678 2415 altero,
2712 2348 2848 2418 quia
2896 2349 3296 2419 presbyterum
3352 2348 3639 2418 appetivit
3684 2362 3801 2400 non

375 2435 642 2491 ferendis
676 2437 1070 2493 contumeliis.
1106 2438 1507 2493 Omittendum
1543 2438 1776 2493 interim
1827 2438 2012 2504 duxit,
2049 2437 2186 2508 quia
2217 2442 2273 2491 et
2323 2436 2699 2507 pcenitentem
2753 2436 3012 2492 calcibus
3062 2436 3213 2491 male
3263 2442 3565 2506 acceptum
3614 2435 3805 2489 elimi-

380 2527 543 2579 navit
596 2527 798 2598 templi
854 2529 1035 2583 aditu.
1088 2532 1265 2583 Porro
1316 2530 1462 2583 duas
1512 2527 1643 2583 illas
1694 2528 2061 2598 operationes
2110 2544 2143 2581 a
2193 2524 2401 2580 minori
2448 2527 2774 2597 assumpsit
2821 2527 3178 2581 tractandas.
3223 2527 3519 2580 Adversus
3568 2524 3807 2595 quidem

377 2613 640 2684 primum
697 2615 858 2670 illius
902 2622 1159 2671 erratum
1216 2617 1376 2685 facit,
1423 2618 1577 2687 quod
1626 2616 1842 2670 dicitur
1889 2615 2093 2670 Patri:
2142 2617 2265 2670 Jam
2310 2614 2360 2669 si
2407 2614 2529 2684 quis
2576 2615 2963 2685 principatum
3003 2614 3179 2685 gentis
3225 2616 3537 2685 cujuspiam
3583 2613 3809 2684 privata

382 2703 715 2758 auctoritate
769 2704 1055 2775 invaserit,
1114 2722 1211 2760 nec
1267 2706 1334 2760 ab
1391 2722 1517 2775 rege
1563 2706 1800 2776 jussus:
1832 2707 2031 2759 merito
2088 2705 2218 2757 talis
2274 2704 2616 2772 plecteretur.
2675 2705 2968 2759 Adversus
3023 2721 3156 2758 vero
3214 2703 3489 2767 alterum,
3547 2702 3802 2757 dicens:

376 2790 527 2858 Quod
564 2794 630 2846 ‘si
668 2792 980 2865 principem
1031 2795 1385 2849 damnantem
1436 2812 1609 2849 unum
1640 2810 1669 2848 e
1700 2794 1949 2861 subditis,
2000 2793 2085 2848 vel
2130 2793 2494 2847 absolvenlem
2541 2792 2694 2847 alius
2738 2793 2916 2864 quivis
2964 2793 3370 2859 assistentium,
3429 2791 3501 2846 ad
3555 2793 3803 2847 exactio-

372 2894 495 2934 rem
548 2897 733 2937 causse
781 2882 1173 2937 discussionem
1222 2889 1445 2951 revocet,
1491 2883 1771 2937 nihildum
1817 2882 1907 2937 hic
1948 2883 2088 2952 dico,
2139 2881 2363 2953 injuria
2408 2881 2602 2954 affecit
2651 2882 2987 2952 principem.
3042 2883 3269 2937 Rursus
3316 2886 3373 2937 et
3422 2881 3531 2936 hoc
3580 2881 3803 2935 subau-

379 2970 663 3024 diendum
712 2976 845 3027 est:
898 2974 947 3027 Is
994 2975 1183 3043 utique
1224 2976 1575 3044 plecteretur.
1628 2975 1713 3027 Tu
1765 2978 1959 3027 autem
2015 2988 2272 3042 eousque
2322 2972 2670 3027 temeritatis
2714 2978 3025 3043 provectus
3072 2974 3222 3028 267
3275 2990 3385 3027 es:
3438 2977 3499 3025 ut
3547 2976 3652 3025 tua
3701 2987 3801 3026 so—

380 3056 499 3112 lius
533 3060 899 3129 auctoritate,
933 3062 1259 3117 sacerdotio
1292 3063 1611 3117 admolitus
1640 3078 1900 3127 manum,
1934 3061 2094 3115 ausis
2124 3059 2366 3130 insuper
2397 3061 2676 3115 adversus
2721 3062 3119 3132 presbyterum
3153 3060 3467 3131 inquirere.
3498 3059 3627 3114 Haec
3660 3061 3803 3114 sane

386 3149 651 3217 oportuit
681 3150 961 3205 adversus
994 3150 1160 3205 illum
1195 3151 1306 3205 dici
1338 3152 1437 3222 qui
1465 3158 1674 3222 praeter
1727 3152 1815 3205 sui
1848 3150 2070 3204 ordinis
2120 3149 2466 3221 dignitatem
2501 3150 2698 3220 aliqua
2730 3150 2971 3221 quidem
3008 3149 3281 3218 molitur;
3317 3154 3374 3203 at
3402 3154 3557 3204 certe
3587 3147 3801 3202 rationi

379 3233 843 3307 haudquaquam
899 3239 1273 3294 dissentanea
1320 3257 1423 3295 nec
1472 3240 1763 3294 indecora.
1798 3239 1881 3293 'l‘u
1931 3255 2063 3293 vero
2097 3254 2272 3309 quam
2321 3254 2518 3307 speres
2552 3254 2723 3308 posse
2773 3244 2827 3292 te
2875 3242 3187 3308 praetexere
3234 3238 3503 3292 umbram
3552 3254 3799 3293 excusa-

378 3323 579 3393 tionis,
616 3327 852 3395 quando
906 3332 1113 3397 praater
1155 3328 1379 3382 ordinis
1428 3329 1512 3382 tui
1564 3329 1856 3393 meritum,
1891 3344 1961 3382 ne
2003 3326 2119 3382 ullo
2170 3327 2404 3397 quidem
2460 3332 2736 3397 praetextu
2790 3328 3122 3382 excusanda
3170 3325 3647 3397 praesumpsisti?
3697 3326 3799 3380 His

375 3412 744 3469 continenter
801 3415 1028 3472 inducit
1078 3418 1362 3488 exempla,
1418 3434 1670 3489 quorum
1721 3417 2030 3472 collatione
2078 3416 2385 3487 perspicue
2432 3416 2598 3470 docet
2648 3416 3057 3486 Dcmophilum
3108 3434 3219 3471 non
3272 3416 3445 3487 paulo
3492 3414 3609 3469 illis
3661 3431 3799 3486 gra-

368 3499 531 3556 viora
579 3502 939 3571 designasse.
992 3504 1159 3560 Ozias
1205 3522 1303 3560 rex
1361 3522 1482 3561 rem
1536 3522 1637 3577 per
1685 3521 1745 3560 se
1792 3505 1964 3561 laude
2009 3504 2245 3577 dignam
2298 3503 2499 3574 gessit,
2551 3504 2691 3557 dum
2744 3503 3049 3560 incensum
3097 3504 3311 3573 adolet,
3360 3504 3535 3560 etiam
3592 3508 3801 3573 praeter

372 3591 466 3645 sui
502 3591 852 3663 dignitatem
886 3595 1131 3649 ordinis.
1165 3601 1469 3650 Dmmones
1501 3610 1630 3650 vere
1661 3595 2071 3665 loquebantur.
2107 3594 2310 3648 Jesum
2346 3598 2523 3648 Deum
2559 3610 2685 3648 esse
2716 3594 2977 3649 dicentes
3013 3610 3024 3649 :
3060 3594 3294 3649 tametsi
3328 3593 3471 3648 nihil
3505 3593 3799 3663 ejusmodi

374 3677 498 3734 illis
530 3679 726 3735 liceret
760 3682 1050 3753 proloqui.
1082 3683 1166 3737 Tu
1203 3688 1410 3753 praeter
1440 3689 1553 3737 tua:
1601 3683 1902 3753 dignitatis
1952 3682 2365 3747 conditionem,
2401 3699 2521 3736 rem
2570 3686 2881 3737 exsecutus
2910 3698 2972 3737 es
3022 3683 3399 3738 vehementer
3426 3683 3745 3739 absurdam
3781 3701 3794 3737 :

375 3768 699 3839 designasti
735 3787 855 3824 rem
893 3788 1131 3841 prorsus
1185 3773 1545 3837 indecoram,
1577 3774 1717 3826 dum
1769 3772 2018 3827 onerasti
2072 3772 2475 3841 presbyterum
2523 3771 2896 3826 contumeliis
2947 3771 3295 3842 poenitentes
3345 3772 3662 3826 clementer
3698 3788 3796 3825 ex-

374 3856 735 3926 cipientem;
790 3860 1027 3914 demum
1079 3860 1230 3928 vide,
1278 3866 1343 3915 ut
1394 3861 1727 3915 testimonio
1781 3862 2034 3930 antiquas
2084 3859 2228 3931 legis
2282 3859 2571 3914 sententia
2617 3878 2746 3915 mea
2794 3861 3268 3918 communiatur:
3304 3864 3369 3917 Et
3410 3863 3797 3931 unusquisque

373 3946 617 4001 manebit
648 3949 708 4001 in
732 3947 926 4002 ordine
958 3950 1049 4002 sui
1078 3950 1382 4004 ministerii
1412 3953 1497 4018 (ε).
1534 3951 1667 4014 Quae
1716 3953 1919 4002 caetera
1968 3963 2202 4019 quoque
2251 3948 2476 4002 deﬁnit.
2527 3948 2751 4003 Rursus
2778 3950 2857 4002 ait
2890 3965 2901 4001 :
2939 3951 3117 4004 Iratus
3163 3953 3239 4004 est
3281 3953 3471 4020 furore
3520 3952 3796 4004 Dominus

370 4052 543 4107 super
605 4041 911 4094 temeritate
966 4041 1125 4095 Oziw
1179 4056 1377 4095 arcam
1432 4038 1719 4110 surrigere
1770 4039 2153 4109 prmsumentis
2208 4038 2297 4107 (f).
2362 4038 2466 4091 Sed
2529 4041 2584 4092 et
2641 4039 2814 4092 Maria
2872 4038 3044 4110 Moysi
3098 4056 3251 4095 soror
3307 4041 3455 4111 lepra
3518 4039 3793 4110 respergi-

380 4127 473 4178 tur
503 4124 597 4195 (ῃ).
632 4125 712 4180 De
746 4126 885 4182 filiis
917 4145 1150 4199 quoque
1183 4129 1393 4195 Scevse,
1429 4127 1929 4199 quemadmodum
1960 4126 2014 4179 in
2048 4126 2205 4180 Actis
2240 4126 2576 4195 apostolicis
2601 4126 2679 4196 (li)
2711 4127 3143 4198 refertur,quod
3177 4128 3214 4182 ii
3246 4128 3305 4183 in
3338 4128 3643 4183 Christum
3677 4145 3794 4183 non

376 4214 772 4285 crediderant,
807 4234 994 4288 neque
1045 4219 1114 4272 ad
1166 4235 1293 4273 eam
1348 4218 1579 4271 fuerant
1630 4215 1794 4270 asciti
1842 4216 2219 4281 functionem,
2257 4215 2607 4285 adjurabant
2654 4215 3039 4272 nihilominus
3084 4218 3378 4273 daemones
3411 4234 3424 4272 :
3458 4218 3611 4289 quod
3661 4234 3793 4272 mu-

375 4318 490 4356 nus
548 4304 924 4374 peculiariter
979 4308 1282 4362 exorcistis
1338 4306 1725 4376 competebat,
1761 4311 1817 4359 et
1873 4305 2033 4360 solis.
2095 4303 2241 4359 Illud
2295 4305 2617 4372 iteszui
2674 4308 2884 4376 impius
2941 4323 3065 4362 cum
3121 4310 3213 4374 sit,
3276 4309 3523 4362 immolat
3582 4307 3791 4376 bovem,

373 4393 545 4446 talem
568 4398 785 4463 reputat
815 4396 961 4448 hunc
990 4396 1148 4465 quasi
1180 4397 1275 4464 qui
1303 4394 1563 4449 occiderit
1594 4410 1817 4447 carnem
1849 4394 1933 4462 (τ’).
1970 4394 2100 4447 Ideo
2132 4393 2378 4457 dictum,
2413 4394 2565 4463 quod
2600 4411 2715 4448 non
2761 4395 3040 4465 approbet
3072 4401 3221 4451 Deus
3244 4397 3544 4451 victimam
3579 4414 3790 4467 quam-

368 4479 515 4535 libet
545 4481 846 4537 liberalem
879 4500 943 4537 ac
976 4483 1344 4554 splendidam
1398 4486 1630 4553 propter
1682 4481 2092 4552 indignitatem
2142 4482 2459 4536 offerentis.
2511 4486 2735 4538 Rursus
2774 4500 2785 4537 :
2822 4483 2963 4537 Mihi
3019 4489 3158 4540 tunc
3207 4487 3468 4556 expende
3510 4486 3788 4541 eximiam

372 4567 539 4623 illam
579 4570 672 4624 Dei
700 4571 1020 4639 justitiam,
1057 4572 1196 4643 quia
1245 4571 1574 4625 dicentibus
1623 4570 1923 4625 nonnullis
1957 4586 1969 4623 :
2004 4570 2263 4641 Nunquid
2310 4587 2421 4625 non
2452 4570 2549 4625 hoc
2577 4579 2628 4626 et
2659 4572 2799 4626 illud
2846 4575 2905 4626 in
2952 4574 3174 4629 nomine
3221 4579 3313 4629 tuo
3358 4576 3641 4645 lecimus?
3670 4575 3787 4629 Non

375 4656 508 4711 noui
538 4673 651 4721 vos,
686 4659 971 4729 respondet
1004 4660 1100 4731 (k).
1136 4660 1212 4714 Ex
1243 4660 1333 4714 his
1365 4660 1560 4730 itaque
1592 4660 1863 4714 omnibus
1893 4659 2149 4714 inductis
2192 4659 2546 4714 testimoniis
2596 4659 2892 4732 colligitur
2929 4663 3271 4733 neutiquam
3323 4662 3497 4718 licere
3544 4664 3785 4735 exsequi

381 4745 655 4817 quaelibet
686 4764 785 4819 per
817 4765 878 4802 se
902 4749 1092 4819 justa,
1126 4750 1235 4804 nisi
1269 4756 1323 4804 et
1346 4749 1570 4803 ordinis
1604 4748 1859 4819 dignitas
1889 4754 2283 4803 conservetur.
2320 4748 2497 4802 Docet
2545 4749 2699 4802 enim
2735 4749 2844 4804 hoc
2874 4750 3164 4820 imprimis
3194 4750 3399 4823 legifer
3430 4751 3526 4807 ille
3557 4752 3785 4823 Moyses

377 4834 437 4889 in
472 4835 922 4891 Deuteronomio
959 4854 970 4892 :
1003 4839 1152 4893 Juste
1183 4839 1326 4909 quod
1356 4839 1559 4904 justum
1589 4842 1665 4891 est
1696 4836 2016 4907 exsequaris
2048 4836 2131 4907 (ι).
2163 4836 2375 4890 Eodem
2405 4841 2460 4890 te
2508 4836 2855 4893 adhortatur
2905 4838 3002 4893 ille
3046 4839 3411 4896 admirabilis
3452 4841 3654 4896 Sirach
3703 4841 3783 4896 di-

376 4940 515 4980 cens
551 4943 564 4981 ε
592 4926 800 4982 Altiora
833 4930 883 4981 te
910 4943 979 4982 ne
1008 4942 1213 4997 quaere,
1247 4931 1297 4982 et
1321 4926 1690 4997 profundiore
1722 4931 1772 4980 te
1802 4942 1869 4981 ne
1895 4932 2175 4981 scrutatus
2200 4925 2374 4995 fueris
2406 4926 2523 4995 (ιη).

444 5034 775 5090 Antithesin
848 5035 971 5090 sive
1042 5034 1469 5106 oppositionem
1537 5032 1763 5087 inducit
1829 5033 2048 5102 Pater,j

2194 5030 2478 5087 ’Avritisc'u
2540 5030 2784 5106 εἰσάγει,
2855 5032 2930 5095 ὡς
2998 5031 3056 5088 ἔκ
3123 5038 3219 5089 τοῦ
3280 5035 3642 5114 Δημοφίλου,
3699 5036 3779 5093 ὅτι

373 5123 543 5194 quasi
572 5124 906 5195 loquentem
944 5124 1113 5179 faciat
1145 5122 1578 5194 Demophilum,
1599 5122 1735 5194 quia
1767 5127 1821 5177 et
1851 5123 1977 5177 dein

2176 5141 2273 5173 πται
2314 5118 2505 5174 λοιπὸν
2548 5116 2764 5175 ἀσέϐεια
2817 5121 2865 5175 ἐν
2916 5127 3033 5183 τοῖς
3078 5124 3297 5197 ἱερεῦσι,
3364 5126 3439 5198 μὴ
3474 5125 3780 5199 ἆξεταζομέ-

366 5227 505 5281 ceps
539 5229 650 5267 non
675 5214 963 5268 meditere
1013 5214 1347 5284 contagium
1379 5211 1699 5282 impietatis
1733 5212 1789 5265 in
1818 5229 1970 5266 sacer

2174 5232 2229 5262 υν
2265 5208 2459 5281 αὐτῶν,
2497 5211 2635 5281 μήτε
2669 5212 2776 5281 μὴν
2810 5210 3139 5273 εὐθυνόντων
3186 5211 3384 5276 αὐτοὺς
3419 5215 3637 5291 ἕτέρωψ
3692 5216 3778 5271 καὶ

364 5300 605 5355 dotibus
628 5302 941 5357 coalescet:
968 5302 1015 5357 si
1040 5303 1275 5373 quidem
1302 5300 1524 5355 nullam
1550 5302 1618 5355 de
1642 5302 1968 5355 sacerdotux

2182 5296 2451 5353 νδυνεύσει
2482 5298 2611 5362 τοὺς
2645 5298 2694 5352 ἐν
2725 5299 2881 5371 νόμῳ
2913 5303 3307 5375 καυχωμένους
3339 5300 3427 5358 διὰ
3457 5313 3559 5375 τῆς
3615 5327 3779 5381 παρα-

366 5387 850 5443 moribuslicebit
872 5405 1105 5444 movere
1126 5389 1535 5459 quaestionem,
1570 5405 1758 5461 neque
1790 5388 1889 5443 ulli
1923 5390 1970 5443 fa

2170 5386 2311 5449 κσίας
2339 5392 2435 5442 τοῦ
2466 5389 2638 5461 νόμου
2665 5389 2754 5443 τὸν
2802 5390 2928 5444 Θεὸν
2991 5389 3291 5464 ἀτιμάζειν.
3354 5395 3493 5469 Ἐγὼ
3548 5393 3613 5450 δὲ
3644 5416 3774 5471 προ-

440 5686 511 5771 (e)
542 5686 716 5742 Num.
752 5688 933 5771 vn,A5A.
1013 5689 1079 5771 (ί)
1109 5689 1325 5771 ᾕρεε.
1358 5707 1433 5756 νι,
1466 5691 1543 5771 7A:
1600 5692 1674 5762 (g)
1704 5689 1877 5747 Num.
1911 5708 2009 5759 xu,
2041 5690 2125 5748 10.
2204 5692 2282 5765 (h)
2312 5696 2451 5766 Cap.
2477 5708 2591 5750 xxx.
2671 5692 2735 5765 (i)
2767 5695 2879 5751 Isa.
2911 5710 3060 5766 LXVI,
3094 5694 3146 5750 3.
3224 5695 3308 5768 (lt)
3340 5696 3546 5755 Matth.
3578 5698 3766 5771 vu,23.

367 5759 429 5830 (ἰ)
462 5759 595 5831 Cap.
630 5776 743 5827 xw,
778 5776 827 5815 ν.
860 5760 947 5815 20.
1028 5762 1126 5829 (νη)
1155 5760 1327 5817 Eccli.
1363 5778 1447 5833 In,
1478 5763 1567 5816 22.
