4062 6366
226 518 321 573 473

1016 514 1477 569 PACHYMERE
1516 512 2018 570 PARAPHRASIS
2054 517 2129 569 IN
2166 517 2322 568 EPP.
2363 519 2423 570 S.
2462 516 2799 570 DIONYSII.

3522 515 3624 569 474

218 642 472 709 νοητικῶς
507 637 639 710 ὑπὲρ
670 637 864 690 τούτου
894 634 1348 709 ἀπολογήσομαιο
1411 633 1473 688 οὐ
1504 634 1605 708 γὰρ
1658 634 1850 709 ἰχθρὸς

1968 636 2165 707 fuerit,
2198 638 2326 693 vitae
2359 638 2511 694 268
2546 637 2783 693 illorum
2834 652 3137 707 reposcere
3186 636 3497 704 rationem,
3533 643 3629 693 at-

217 730 241 783 6
293 724 630 803 Δημόφιλος,
682 722 770 778 ’ίνα
827 723 958 798 ἐαθῇ
1013 725 1159 799 παρᾶ
1217 727 1301 794 τῷ
1355 727 1566 792 Σατανᾷ
1637 723 1861 797 τοιαύτῃ

220 815 386 889 πλάνῃ
420 814 809 890 συνεχόμενος.
844 820 1001 880 νΙστι,
1036 812 1117 866 ὅτι
1152 813 1346 877 ἑκάστη
1376 816 1481 865 τῶν
1517 812 1677 886 ἰερῶν
1742 809 1858 866 δια-

216 906 524 977 κοσμήσεων
606 901 970 977 θεοειδεστέρα
1030 900 1140 955 ἐστὶ
1193 908 1293 970 τῆς
1348 898 1560 973 μᾶλλον
1624 901 1861 978 ἀφεστη-

217 994 443 1061 κυίας,ἡ
504 997 586 1064 τῷ
638 997 754 1063 Θεῷ
802 989 1200 1060 πλησιάζουσα,
1258 991 1347 1043 καὶ
1416 990 1465 1043 ἐν
1525 996 1644 1052 τοῖς
1700 992 1862 1065 οὖρα-

216 1083 343 1144 νίοις
391 1081 484 1135 καὶ
517 1080 568 1135 ἐν
610 1084 769 1153 ἡμῖν.
805 1082 890 1149 Μὴ
924 1084 1057 1153 γοῦν
1094 1074 1327 1153 έκλάόῃς
1382 1081 1469 1134 τὸν
1508 1078 1859 1152 πλησιασμὸν

210 1175 461 1237 τοπικῶς,
524 1168 671 1224 ἀλλά
725 1169 935 1242 μᾶλλον
988 1169 1124 1223 κατά
1182 1169 1280 1237 τὴν
1339 1167 1565 1223 ἑκάστου
1603 1165 1707 1238 ἕξιν
1769 1169 1860 1223 καὶ

212 1257 639 1328 ἐπιτηδειότητα·
676 1259 740 1312 οὗ
797 1259 895 1332 γὰρ
955 1254 1005 1310 ἐν
1060 1257 1212 1329 τόπῳ
1267 1256 1406 1311 ἐστὶν
1471 1259 1498 1311 6
1542 1258 1671 1318 Θεὸς
1723 1259 1858 1330 (98),

208 1348 271 1410 ὠς
326 1346 382 1402 ἅν
428 1346 663 1401 ἐντεῦθεν
720 1346 781 1401 τὸ
835 1345 989 1420 ἐγγὺς
1037 1345 1126 1399 καὶ
1182 1348 1242 1400 τὸ
1274 1344 1463 1421 πόῤῥω
1493 1344 1859 1422 ἐμφαίνηται.

214 1437 267 1493 El
322 1436 498 1492 τοίνυν
560 1439 595 1505 ἡ
652 1440 760 1490 τῶν
816 1436 1002 1509 ἱερέων
1054 1435 1203 1505 τάξις
1255 1437 1556 1512 φωτιστική
1609 1434 1771 1503 ἐστιν,
1833 1437 1860 1489 6

214 1528 280 1599 μή
338 1525 691 1602 φωτιστικὸς,
751 1524 786 1593 ἢ
852 1523 1066 1597 μᾶλλον
1119 1522 1209 1578 καὶ
1261 1524 1288 1577 ὁ
1349 1524 1680 1597 ἀφώτιστος,
1732 1524 1860 1598 οὐχὶ

210 1616 391 1690 ἱερεὺς,
442 1616 533 1669 καὶ
563 1613 849 1689 τολμηρὸς
909 1613 1068 1675 οὗτος
1128 1611 1278 1667 δοκεῖ
1310 1635 1403 1685 μοι
1456 1614 1545 1667 καὶ
1578 1613 1863 1689 ἀναίσχυν“

210 1724 316 1772 τος,
376 1705 598 1778 ἀγνοεῖν
656 1702 908 1775 οἰόμενος
963 1702 1053 1756 τὸν
1102 1698 1254 1771 Θεὸν,
1311 1703 1445 1774 ἅπερ
1500 1701 1657 1762 αὐτὸς
1691 1699 1863 1772 ἑαυτῷ

206 1789 428 1859 σύνοιδε,
463 1791 826 1863 καὶνομίξων
881 1790 1088 1859 ἀπατᾷν
1150 1789 1208 1843 ’ὸν
1267 1787 1427 1850 αὖτὸς
1488 1786 1863 1862 ψευδωνύμως

214 1880 545 1935 ἐπικαλεῖται
605 1880 831 1954 πατέρα,
890 1879 1086 1955 Πάτερ,
1151 1877 1351 1952 λέγων,
1412 1881 1439 1933 6
1498 1878 1548 1932 ἐν
1591 1884 1709 1940 τοῖς
1768 1878 1860 1932 οὐ·

211 1975 407 2042 ρανοῖς·
462 1969 554 2023 καὶ
576 1968 799 2043 τολμῶν
832 1972 929 2031 τας
985 1968 1149 2022 αὐτοῦ
1206 1966 1559 2043 βλασφημίας
1619 1966 1703 2040 (οὗ
1760 1968 1860 2042 γὰρ

210 2056 417 2132 εἴποιμι
466 2058 798 2134 προσευχὰς)
847 2057 933 2112 ἐπὶ
986 2062 1094 2111 τῶν
1128 2056 1286 2120 θείων
1330 2051 1627 2128 συμϐόλων
1677 2054 1857 2109 ἐπιλέ-

213 2169 336 2221 γειν.
372 2147 545 2210 Οὗτος
577 2152 702 2224 γοῦν
737 2149 838 2202 οὐκ
868 2142 1007 2201 ἔστιν
1069 2145 1261 2220 ἱερεὺς.
1296 2144 1441 2201 ἀλλά
1496 2151 1597 2199 πᾶν
1634 2144 1857 2199 τούναν-

212 2237 338 2294 τίον.
403 2237 557 2298 Τέως
588 2235 645 2291 δὲ
697 2237 757 2291 οὐ
809 2233 1018 2291 δίδοται
1047 2240 1127 2307 τῷ
1158 2234 1466 2309 Δημοφίλῳ
1500 2235 1620 2310 περὶ
1650 2234 1856 2289 τούτων

213 2323 547 2396 διιξετάζειν·
611 2324 834 2388 δικαίως
890 2325 989 2401 γὰρ
1048 2322 1337 2403 ὀφείλομεν
1381 2322 1593 2379 διώκειν
1654 2323 1718 2378 τὰ
1778 2320 1858 2377 δί-

208 2436 323 2469 καια
354 2418 497 2489 (99),
547 2417 683 2470 κατά
709 2416 772 2469 τὸ
802 2412 1187 2490 παράγγελμα·
1251 2412 1457 2468 δίκαιον
1522 2411 1577 2467 δέ
1634 2412 1743 2468 ἐστι
1794 2414 1854 2466 τὸ

207 2504 499 2574 κατ’ἀξίαν
527 2509 656 2558 πᾶσι
709 2501 1110 2576 διανεμητικὸν,
1170 2501 1284 2556 ἐπεὶ
1332 2502 1420 2556 καὶ
1478 2500 1736 2575 ἀγγέλοις
1794 2500 1855 2554 τὸ

208 2589 413 2647 δίκαιον
445 2592 796 2666 ἀπονέμεται·
860 2591 910 2646 ἐν
966 2596 1095 2645 πᾶσι
1153 2591 1255 2666 γὰρ
1311 2597 1427 2651 τοῖς
1459 2591 1575 2644 οὖσι
1603 2588 1693 2643 διὰ
1744 2593 1851 2644 τῶν

203 2683 436 2758 πρώτων
493 2687 610 2743 τοῖς
669 2679 941 2756 δευτέροις
1000 2681 1068 2735 τὰ
1134 2681 1251 2735 κατ’
1301 2679 1450 2750 ἀξίαν
1504 2679 1850 2752 ἀπονέμεται.

204 2772 266 2827 Οἱ
325 2770 429 2843 μὲν
479 2769 569 2825 οῦν
603 2770 862 2845 ἐπάρχειν
896 2774 1002 2824 τῶν
1035 2766 1222 2822 ἄλλων
1284 2770 1597 2843 ταχθέντες,
1658 2767 1851 2821 ἐκεῖνοι

199 2864 306 2920 τοῖς
377 2860 494 2932 μετ’
554 2858 749 2920 αὐτοὺς
808 2856 1160 2912 ἀποδώσουσι
1212 2859 1281 2912 τὰ
1327 2858 1443 2911 κατ’
1472 2857 1643 2926 ἀξίαν·
1686 2857 1711 2909 6
1745 2864 1852 2925 Δη-

205 2948 443 3023 μόφιλος
497 2945 555 3002 δὲ
604 2948 927 3026 ἀφοριζέτω,
984 2944 1360 3021 διαχωριζέτω
1406 2946 1475 2999 τά
1519 2946 1635 3000 κατ’
1685 2944 1851 3017 ἀξίαν,

199 3043 322 3092 ποῖα
358 3039 457 3109 μὲν
509 3038 587 3108 τῷ
642 3036 812 3109 λόγῳ,
857 3040 989 3090 ποῖα
1020 3033 1077 3089 δὶ
1126 3039 1204 3107 τῷ
1245 3037 1424 3108 θυμῷ,
1484 3040 1617 3088 ποῖα
1673 3031 1730 3088 δὲ
1785 3038 1853 3107 τῇ

199 3124 487 3197 ἐπιθυμίᾳ,
535 3125 666 3201 ὅπερ
715 3125 813 3179 οὐκ
869 3122 926 3178 ἂν
961 3121 1145 3185 ἄλλως
1196 3122 1436 3199 γένηται,
1486 3123 1575 3177 καὶ
1628 3120 1853 3177 ἕκαστον

202 3214 527 3289 πρεπόντως
581 3215 1025 3290 ἀφορισθήσεται,
1084 3213 1132 3266 εί
1183 3213 1257 3285 μὴ
1305 3212 1549 3285 κατάρξαι
1611 3212 1637 3265 6
1692 3210 1856 3283 λόγος

202 3308 299 3357 τῶν
372 3302 675 3378 ὑφειμένων
713 3348 727 3373 ,
804 3307 979 3376 θυμοῦ
1050 3301 1192 3376 λέγω
1258 3302 1345 3355 καὶ
1400 3300 1708 3373 ἐπιθυμίας,
1767 3298 1856 3353 καὶ

1973 743 2086 797 que
2116 727 2186 781 ad
2224 728 2632 781 rectitudinem
2674 742 2961 781 revocare.
2991 727 3096 780 Sed
3130 731 3185 781 et
3219 726 3351 780 hinc
3386 727 3625 798 impen-

1973 816 2069 869 det
2112 816 2461 887 periculum,
2514 833 2585 871 ne
2635 817 2869 888 quando
2923 815 2981 880 ii,
3015 814 3158 883 legis
3208 818 3443 871 nomine
3496 833 3629 872 sese

1972 906 2364 973 venditantes,
2399 924 2499 976 per
2544 906 2692 977 legis
2740 904 3272 975 transgressionem
3324 904 3627 978 insignem

1978 994 2088 1047 Deo
2119 994 2437 1064 important
2477 993 2915 1049 contumeliam.
2976 994 3260 1064 Equidem
3294 993 3418 1061 tibi,
3454 1011 3485 1049 o
3518 995 3629 1050 De-

1972 1082 2253 1152 mophile,
2304 1100 2480 1153 super
2532 1084 2638 1137 hac
2685 1099 2743 1137 re
2798 1082 3036 1154 provide
3085 1082 3630 1154 prospicienterque

1972 1172 2380 1240 respondebo;
2411 1173 2643 1242 quando
2696 1188 2808 1226 non
2859 1172 3001 1225 adeo
3052 1170 3328 1226 inimicus
3362 1176 3632 1226 censetur

1971 1258 2453 1330 Demophilus,ut
2484 1258 2597 1315 sini
2629 1261 2836 1314 debeat
2869 1277 2902 1314 a
2931 1259 3149 1313 Satana
3179 1265 3341 1315 tanto
3374 1260 3632 1332 opprimi

1971 1363 2186 1403 errore.
2240 1349 2395 1404 Scito
2450 1349 2630 1421 igitur
2678 1350 2817 1419 quia
2864 1365 3230 1420 unaquaeque
3290 1355 3629 1405 sanctarum

1972 1436 2441 1507 distinctionum,
2476 1454 2591 1509 quo
2626 1437 2869 1508 propius
2905 1442 3017 1491 Deo
3070 1437 3370 1508 jungitur,
3397 1437 3507 1493 hoc
3540 1438 3631 1492 di-

1974 1524 2119 1579 vines
2154 1526 2611 1596 pulchritudinis
2644 1530 3023 1597 repraesentat
3053 1525 3503 1581 similitudinem
3538 1543 3630 1581 cx-

1974 1614 2254 1684 pressius,
2290 1631 2459 1685 quam
2499 1615 2549 1668 is
2582 1615 2721 1669 ordo
2753 1614 2851 1684 qui
2885 1613 3119 1685 longius
3150 1614 3367 1668 recedit
3404 1630 3416 1667 :
3452 1615 3629 1684 idque

1972 1701 2031 1755 in
2083 1702 2303 1757 cmlesti
2352 1709 2616 1758 servatur
2667 1711 2987 1773 nostraque
3043 1702 3395 1757 hierarchia.
3430 1703 3620 1757 Nolim

1973 1795 2167 1846 tamen
2216 1792 2431 1846 hancce
2484 1791 2981 1864 pr0pinquitatem
3015 1791 3267 1863 accipias
3299 1793 3626 1847 secundum

1971 1879 2079 1935 loci
2115 1881 2541 1936 dimensionem
2574 1901 2587 1948 ;
2624 1883 2811 1952 magis
2844 1898 2977 1936 vero
3001 1882 3174 1951 juxta
3215 1881 3623 1936 habitudinem

1974 1975 2445 2045 uniuscujusque
2468 1980 2523 2029 et
2544 1974 2813 2029 idoneam
2841 1973 3639 2044 aptitudinem.Nequeenim‘

1971 2064 2026 2118 in
2064 2063 2187 2118 loco
2220 2068 2307 2118 est
2361 2069 2533 2133 Deus,
2569 2069 2633 2118 ut
2664 2064 2800 2117 hinc
2833 2063 3081 2135 exprimi
3132 2064 3339 2118 debeat
3370 2064 3485 2119 Deo
3518 2064 3627 2119 hoc

1969 2169 2097 2206 esse
2122 2152 2384 2222 propius,
2422 2152 2563 2207 illud
2598 2169 2731 2206 vero
2785 2155 3088 2206 remotius.
3119 2152 3174 2204 Si
3208 2150 3387 2223 igitur
3428 2150 3486 2205 in
3523 2153 3627 2207 hoc

1968 2241 2304 2295 instituitur
2337 2242 2707 2295 sacerdotum
2741 2242 2975 2307 ordo,ut
3005 2240 3063 2294 in
3085 2240 3231 2295 alios
3257 2242 3349 2295 sui
3381 2239 3625 2297 luminis

1967 2330 2346 2384 transfundat
2388 2329 2611 2400 copiam
2641 2355 2654 2395 ;
2679 2329 2951 2399 quisquis
2989 2330 3132 2383 adeo
3156 2331 3449 2385 neminem
3482 2330 3622 2385 illu-

1970 2419 2247 2483 minat,ut
2274 2435 2344 2471 ne
2374 2419 2432 2471 in
2460 2435 2519 2473 se
2547 2418 2785 2489 quidem
2812 2417 2929 2472 ullo
2963 2419 3353 2488 perfundatur
3374 2418 3618 2489 lumine,

1966 2507 2103 2562 talis
2136 2523 2241 2561 nec
2274 2507 2546 2561 sacerdos
2579 2507 2691 2561 dici
2721 2507 2911 2560 debet.
2950 2506 3089 2561 Hinc
3134 2507 3291 2561 enim
3326 2524 3454 2562 mea
3486 2524 3620 2562 sen-

1965 2595 2151 2652 tentia
2181 2595 2529 2650 temerarius
2569 2612 2749 2665 supra
2776 2595 3015 2649 modum
3061 2601 3146 2650 est
3196 2600 3254 2650 et
3302 2596 3618 2666 impudens

1965 2688 2031 2739 ut
2061 2684 2159 2755 qui
2194 2684 2374 2738 Deum
2427 2684 2745 2739 arbitretur
2776 2701 2841 2738 ea
2888 2683 3182 2754 ignorare,
3215 2700 3468 2756 quorum
3502 2685 3616 2740 sibi

1965 2772 2092 2843 ipse
2122 2773 2272 2827 male
2323 2773 2595 2827 conscius
2642 2776 2770 2838 est;
2804 2772 3215 2842 existimetque
3260 2790 3322 2828 se
3364 2774 3414 2828 ei
3448 2790 3621 2845 posse

1964 2861 2468 2932 imponere,cujus
2492 2861 2883 2931 patrocinium
2908 2859 3209 2931 implorat,
3234 2860 3441 2917 falsam
3477 2880 3618 2934 prec-

1965 2953 2169 3005 texens
2192 2949 2375 3020 patris
2400 2949 2921 3015 nomenclaturam,
2948 2950 3183 3020 quando
3206 2950 3350 3004 dicit
3382 2968 3394 3005 :
3431 2955 3616 3021 Pater,

1967 3041 2062 3109 qui
2091 3054 2145 3093 es
2174 3040 2234 3092 in
2254 3036 2429 3091 cwlis.
2467 3042 2529 3091 Et
2560 3038 2735 3092 audet
2768 3038 2816 3092 is
2868 3038 3100 3092 interim
3150 3055 3291 3093 suas
3340 3038 3618 3111 blasphe’

1968 3126 2112 3181 mias
2144 3129 2351 3197 (neque
2381 3126 2536 3181 enim
2570 3126 2934 3198 precationes
2966 3128 3301 3183 censuerim
3325 3129 3622 3200 appellan-

1969 3218 2090 3283 das)
2124 3216 2335 3270 divinis
2368 3232 2675 3270 accensere
2706 3215 3003 3284 symbolis.
3031 3216 3190 3271 Talis
3222 3216 3401 3288 igitur
3432 3218 3618 3273 neuti-

1968 3322 2143 3375 quam
2177 3305 2460 3359 dicendus
2510 3305 2799 3367 sacerdos,
2833 3305 3067 3375 quando
3117 3306 3306 3360 modis
3340 3306 3616 3361 omnibus

202 3391 349 3454 εὐθὺς
403 3374 464 3446 τὸ
504 3374 885 3466 παράδειγμα
926 3374 1159 3461 τίθησιν’
1221 3391 1248 3444 6
1309 3388 1475 3464 λόγος
1532 3391 1632 3465 γὰρ
1666 3388 1849 3462 ἐπέχει

1962 3374 2229 3448 diversus
2262 3394 2383 3448 abit
2414 3393 2484 3446 ab
2516 3393 2621 3447 hac
2655 3374 3035 3464 professione.
3060 3396 3129 3447 At
3160 3394 3381 3449 interea
3412 3400 3476 3448 ut
3507 3395 3616 3450 hoc

192 3481 332 3551 τάξιν
375 3478 663 3549 δεσπότου,
724 3476 1113 3556 πρεσϐυτέρου,
1173 3479 1398 3553 πατρός
1456 3480 1484 3532 6
1544 3476 1599 3532 δὲ
1657 3477 1846 3549 θυμὸς,

195 3572 272 3624 καὶ
337 3573 378 3638 ἡ
438 3568 724 3642 ἐπιθυμία,
779 3567 1002 3637 δούλου,
1062 3567 1362 3642 νεωτέρου,
1423 3570 1563 3624 υἱοῦ.
1618 3566 1731 3624 Οὐκ
1788 3565 1845 3619 ἂν

194 3659 281 3713 οῦν
346 3654 561 3714 ἀσεϐεῖν
592 3657 909 3732 ἐδοκοῦμεν,
957 3655 1128 3732 εἷ’περ,
1171 3657 1254 3711 ἐπ’
1302 3659 1499 3733 ἀγορᾶς
1528 3660 1634 3710 τῶν
1668 3676 1848 3730 κρειτ-

192 3749 360 3804 τόνων
416 3749 519 3803 ὑπὸ
549 3753 654 3803 τῶν
688 3748 952 3824 χειρόνων
985 3746 1335 3821 πασχόντων,
1369 3747 1470 3800 οὐκ
1514 3740 1848 3817 ἐϐοηθοῦμεν

190 3844 304 3900 τοῖς
380 3838 690 3913 κρείττοσι;
754 3836 851 3891 Καὶ
922 3835 1008 3891 ἐπὶ
1052 3835 1270 3897 το·3τοις
1325 3832 1845 3907 ἐνθυμηματίζεται.

194 3928 384 3982 Καίτοι
411 3948 474 4002 γε
523 3926 747 3991 ἐνταῦθα
780 3927 830 3980 οἱ
879 3926 1126 4001 χείρονες
1162 3921 1294 3986 ἴσως
1353 3924 1499 3998 παρά
1527 3927 1634 3977 τῶν
1671 3943 1847 3996 κρειτ-

192 4017 356 4071 τόνων
435 4014 908 4091 προηδικήθησαν.
978 4016 1034 4067 Ὁ
1094 4012 1150 4068 δὶ
1217 4013 1380 4089 λόγος
1433 4013 1675 4080 ἐνταῦθα,
1733 4016 1849 4075 πῶς

196 4104 367 4162 ἀδικεῖ
412 4107 479 4160 τὰ
526 4107 777 4181 χείρονα,
830 4102 975 4178 λέγω
1022 4104 1113 4157 τὸν
1162 4104 1333 4176 θυμὸν
1384 4101 1473 4157 καὶ
1512 4104 1610 4170 τήν
1663 4101 1846 4164 ἐπιθυ-

197 4196 340 4267 μίαν,
376 4196 513 4266 ἰπεῖ,
544 4196 643 4264 τήν
677 4192 735 4249 ἐκ
765 4198 897 4249 Θεοῦ
957 4190 1204 4247 δοθεῖσαν
1261 4191 1408 4263 αὐτῷ
1458 4192 1634 4267 ἀρχὴν
1688 4190 1848 4245 κατέ-

194 4305 305 4360 χειν
332 4285 699 4360 βουλόμενος,
724 4284 867 4357 παρά
885 4281 1090 4337 τούτων
1122 4281 1429 4356 ἀπείργεται
1454 4307 1467 4349 ;
1500 4278 1713 4335 Ἀδικοι
1748 4277 1848 4354 ἄρα

193 4377 374 4447 ἡμεῖς,
408 4373 464 4428 οἷ’
495 4373 571 4446 μή
602 4377 680 4443 τῷ
729 4371 879 4447 λόγῳ
933 4373 1154 4444 βοηθεῖν
1212 4367 1555 4431 σπεύδοντες.
1610 4367 1849 4429 Εἰκότως

194 4463 279 4516 οῦν
313 4466 342 4517 ὁ
370 4464 535 4537 μέγας
570 4459 781 4522 Παῦλος
814 4461 949 4534 πρὸς
968 4460 1229 4530 Τιμόθεον
1264 4457 1597 4513 ἐπιστέλλων
1633 4454 1846 4511 διατάτ-

191 4572 355 4619 τεται,
393 4552 469 4624 μή
506 4551 582 4611 εἷς
615 4548 944 4623 προστασίαν
974 4545 1304 4617 Ἑκκλησίας
1331 4546 1604 4617 ἀξιοῦσθαι
1640 4546 1730 4600 τὸν
1770 4545 1844 4618 μὴ

190 4646 281 4694 τοῦ
314 4638 458 4695 ἰδίου
490 4638 643 4694 οἷ’κου
675 4636 978 4712 προστάντα
1023 4636 1225 4699 καλῶς·
1278 4637 1362 4690 καὶ
1414 4632 1599 4698 καλῶς
1635 4635 1700 4689 τα
1733 4638 1847 4698 θεῖα

1958 3484 2191 3547 donem,
2228 3498 2342 3535 non
2394 3483 2589 3535 statim
2625 3481 2990 3551 permittitur
3040 3481 3381 3552 Demophilo
3416 3483 3615 3555 inquis

1958 3585 2084 3625 rere
2127 3570 2307 3624 tantis
2338 3570 2409 3623 de
2454 3568 2649 3624 rebus.
2684 3569 2850 3623 Juste
2880 3569 3058 3637 enim,
3094 3588 3220 3642 quae
3260 3571 3421 3641 justa
3453 3577 3611 3642 sunt,

1958 3660 2241 3713 debemus
2290 3660 2545 3728 exsequi,
2571 3659 2741 3728 juxta
2773 3658 3083 3730 Scripturae
3125 3666 3474 3731 praeceptum
3509 3662 3610 3731 (η).

1956 3747 2193 3801 Justum
2246 3752 2442 3801 autem
2492 3752 2582 3801 est
2612 3746 2888 3802 omnibus
2939 3765 3040 3819 pro
3074 3750 3361 3820 cujusque
3404 3750 3613 3805 merito

1960 3836 2050 3891 sui
2076 3837 2227 3905 juris
2260 3836 2701 3890 distributivum
2738 3852 2750 3890 :
2801 3837 2943 3907 quin
2988 3838 3211 3908 angelis
3266 3839 3615 3910 etiamnum,

1960 3927 2109 3995 quod
2138 3924 2370 3994 justum
2403 3929 2515 3993 est,
2549 3925 2762 3995 partito
2794 3924 3095 3979 tribuitur.
3136 3926 3308 3981 Porro
3337 3926 3395 3980 in
3426 3926 3621 3982 omni-

1958 4013 2070 4068 bus
2103 4030 2229 4083 quaa
2280 4018 2439 4081 sunt,
2497 4030 2595 4084 per
2640 4013 2829 4083 prima
2858 4015 3135 4068 secundis
3170 4032 3272 4085 pro
3314 4016 3616 4071 divinitate

1957 4119 2023 4157 ac
2048 4103 2255 4157 merito
2305 4108 2518 4157 cuncta
2550 4103 2755 4156 sortito
2788 4103 3243 4157 distribuuntur.
3281 4104 3484 4176 Itaque
3514 4105 3614 4176 qui

1956 4191 2016 4245 in
2048 4191 2176 4255 hoc,
2210 4197 2274 4245 ut
2305 4190 2436 4246 aliis
2465 4190 2727 4261 praesint,
2763 4190 2936 4260 positi
2972 4196 3111 4245 sunt
3147 4208 3158 4246 :
3196 4191 3250 4245 bi
3284 4209 3346 4246 se
3379 4193 3615 4247 inferio-

1957 4279 2119 4333 ribus
2156 4296 2257 4350 pro
2290 4281 2582 4349 cujusque
2615 4278 2818 4332 merito
2847 4279 3119 4333 obeunda
3170 4295 3415 4335 munera
3450 4296 3613 4335 com-

1960 4368 2306 4440 partiantur.
2360 4368 2469 4422 Sed
2520 4372 2578 4421 et
2632 4367 3015 4438 DemOph:lus
3065 4384 3349 4439 perpenso
3388 4368 3612 4439 judicio

1957 4458 2233 4529 praecidat
2265 4456 2586 4527 singula,et
2609 4473 2715 4510 sua
2737 4457 2948 4526 cuique
2972 4474 3072 4527 pro
3101 4457 3385 4529 dignitate
3417 4474 3614 4529 segre—

1955 4552 2054 4618 get
2098 4546 2312 4615 ofﬁcia,
2348 4547 2612 4617 quaedam
2647 4546 2882 4610 rationi,
2919 4545 3115 4616 aliqua
3166 4563 3297 4602 vero
3330 4548 3448 4618 iraa,
3483 4565 3613 4601 rur-

1958 4653 2057 4692 sus
2090 4635 2205 4690 alia
2237 4633 2724 4707 concupiscentiae
2757 4636 3218 4700 tribuens.Quod
3251 4638 3453 4708 utique
3486 4637 3610 4691 fieri

193 4724 438 4803 λέγουσιν
474 4724 800 4803 Εὐαγγέλια.
822 4728 881 4783 Ὀ
930 4725 979 4779 ἐν
1016 4725 1188 4799 ὀλίγῳ
1215 4726 1425 4793 πιστὸς,
1450 4724 1540 4779 καὶ
1573 4724 1626 4778 ἐν
1647 4720 1848 4795 πολλῷ

1962 4740 2074 4780 non
2110 4724 2279 4779 aliter
2311 4725 2517 4795 possit,
2552 4730 2615 4778 ut
2648 4726 3116 4796 unumquodque
3148 4727 3418 4781 decenter
3446 4726 3516 4781 ab
3546 4741 3610 4780 se

192 4819 400 4881 πιστός.
430 4817 605 4880 Αὐτὸς
638 4818 730 4889 μὶν
767 4814 879 4885 οῦν,
929 4815 1105 4879 καθὼς
1153 4816 1241 4868 καὶ
1296 4814 1652 4890 προείπομεν,
1695 4814 1843 4891 ἀφώ-

193 4914 303 4979 ριζε
329 4909 394 4963 τὰ
426 4907 604 4963 οἴκεῖα
656 4910 736 4978 τῷ
790 4904 958 4981 λόγῳ,
1017 4904 1083 4958 τὰ
1123 4903 1296 4958 οἲκεῖα
1351 4908 1429 4975 τῷ
1464 4905 1643 4977 θυμῷ,
1670 4906 1736 4957 τὰ
1768 4902 1838 4956 οἷς

191 5003 309 5051 κεῖα
348 5000 414 5071 τῇ
470 4997 751 5068 ἐπιθυμίᾳ·
802 4995 864 5049 τό
916 4992 971 5048 δέ
1021 4992 1154 5065 ἐστι,
1201 4992 1275 5047 Σὺ
1327 4991 1485 5054 αὐτὸς
1521 4994 1595 5065 μὴ
1650 4989 1839 5061 ἄλλον,

192 5082 335 5139 ἀλλὰ
380 5085 598 5140 σεαυτὸν
658 5080 877 5157 διόρθου
939 5080 1030 5136 καὶ
1077 5080 1257 5152 τάττε,
1296 5082 1416 5142 καθ’
1462 5079 1688 5149 ἑκάστην
1740 5082 1841 5151 ψυ-

190 5175 351 5247 χικὴν
378 5172 605 5245 δύναμιν
640 5173 834 5244 ἑκάστῃ
862 5170 1068 5225 τούτων
1114 5169 1180 5222 τὰ
1226 5170 1341 5223 κατ’
1387 5166 1530 5240 ἀξίαν
1583 5168 1839 5244 ἀφοριζό-

194 5283 362 5333 μενος.
399 5264 492 5318 Σοὶ
528 5260 585 5317 δὲ
633 5262 684 5315 o't
733 5256 996 5327 διάκονοι,
1044 5256 1315 5319 κάκείνοις
1361 5258 1412 5311 οἱ
1460 5252 1836 5332 πρεσϐύτεροι,

189 5350 279 5404 καὶ
309 5352 524 5414 τούτοις
552 5351 603 5405 οἱ
635 5348 911 5424 ἱεράρχαι,
965 5347 1055 5401 καὶ
1102 5352 1217 5408 τοῖς
1270 5345 1555 5422 ἱερᾶρχαις
1599 5346 1649 5399 οἱ
1701 5345 1838 5399 ἀπό-

188 5439 397 5511 στολοι,
444 5440 533 5495 καὶ
565 5440 617 5494 οἱ
646 5444 751 5493 τῶν
783 5436 1104 5492 ἀποστόλων
1141 5432 1395 5511 διάδοχοι
1425 5437 1591 5509 (1ΟΟ)’
1627 5433 1702 5489 ἔτι
1734 5434 1834 5511 γὰρ

188 5525 321 5596 ἦσαν
351 5530 401 5585 έν
433 5529 629 5602 κόσμῳ
676 5527 764 5582 καί
792 5546 931 5588 τινες
957 5530 1064 5580 τῶν
1117 5523 1462 5593 ἀποστόλων,
1514 5523 1602 5579 καί
1645 5520 1835 5578 διάδο-

188 5634 287 5691 χοι
334 5624 457 5694 παρ’
505 5616 719 5673 ἐκείνων
777 5616 1065 5693 ταχθέντες
1102 5633 1113 5646 ⁸
1175 5614 1264 5670 καὶ
1323 5613 1830 5690 ἐπανορθωθήσεται

270 5836 345 5912 (τι)
375 5838 544 5897 Deut.
573 5853 690 5909 ινι,
711 5835 802 5893 20.

1955 4814 2205 4868 invicem
2254 4818 2579 4883 separetur,
2614 4813 2728 4867 nisi
2774 4812 2902 4883 ipsa
2935 4812 2993 4866 in
3045 4812 3251 4884 primis
3283 4814 3434 4868 ratio
3484 4829 3613 4868 mo-

1956 4904 2094 4958 dum
2142 4903 2479 4974 prcescribat
2528 4918 2591 4955 se
2642 4902 3048 4970 interioribus,
3084 4902 3178 4956 iraa
3237 4903 3519 4957 nimirum
3555 4906 3611 4956 et

1952 4991 2460 5063 concupiscentiae.
2496 4992 2649 5046 269
2701 4989 2889 5045 Simul
2942 4991 3097 5046 dicto
3149 4990 3373 5046 inducit
3416 5008 3613 5046 exem-

1951 5079 2156 5150 plum;
2190 5097 2325 5134 nam
2352 5079 2497 5134 ratio
2529 5078 2721 5134 locum
2764 5079 3072 5149 vicemque
3104 5080 3331 5134 obtinet
3361 5080 3605 5149 domini,

1950 5168 2298 5240 presbyteri,
2349 5168 2532 5239 patris
2571 5167 2700 5223 :ira
2750 5172 2947 5223 autem
3002 5172 3057 5223 et
3107 5169 3611 5241 concupiscentia,

1949 5257 2119 5322 servi,
2147 5257 2427 5327 junioris,
2461 5256 2583 5312 ﬁlii.
2616 5257 2817 5311 Nonne
2858 5258 2996 5327 jura
3048 5259 3284 5328 pietatis
3339 5259 3613 5315 omisisse

1945 5345 2132 5402 videri
2164 5345 2811 5413 debeamus,siquidem
2847 5346 2903 5400 in
2939 5347 3061 5401 foro
3090 5348 3397 5419 contingat
3427 5365 3609 5420 pries-

1945 5435 2230 5491 tantiorcs
2262 5434 2415 5489 male
2464 5434 2619 5489 affici
2652 5433 2904 5490 violenta
2955 5436 3343 5507 impressione
3375 5437 3616 5493 inferio-

1945 5542 2076 5581 rum
2105 5545 2118 5593 ;
2144 5542 2246 5579 nec
2271 5524 2509 5579 interim
2529 5524 3040 5595 prastantioribus
3059 5527 3377 5583 tulerimus
3394 5543 3611 5598 suppe-

1942 5614 2057 5669 tias
2090 5612 2173 5669 sic
2218 5612 2457 5685 indigne
2506 5611 2810 5684 acceptis?
2838 5613 2924 5669 Ad
2977 5613 3099 5670 haec
3130 5614 3250 5671 acri
3301 5615 3608 5687 enthyme-
