4062 6366
432 578 540 633 475

1265 576 1629 629 APPENDIX
1668 574 1764 626 AD
1802 570 2040 625 OPERA
2076 571 2134 624 S.
2174 571 2489 626 DIONYSII
2528 573 3027 629 AREOPAGITE.

3746 579 3858 634 476

436 709 592 759 mate
620 704 835 759 utitur:
864 702 1039 758 etiam
1074 700 1121 757 si
1158 700 1256 772 qui
1276 697 1545 770 praesenti
1569 697 1695 752 loco
1718 696 2083 750 inducuntur

2210 690 2416 758 ἕκαστος
2472 694 2617 769 παρὰ
2670 700 2776 750 τῶν
2837 698 3128 772 ὁμοταγῶν
3174 700 3370 775 ἁγίων,
3430 702 3655 758 καὶούκ
3715 705 3860 757 ἀντι-

435 794 765 859 inferiores,
805 792 951 847 forte
978 809 1010 846 a
1034 790 1464 862 potentioribus
1491 787 1712 858 priores
1744 789 2089 856 acceperant

435 883 731 952 injuriam.
768 882 876 936 Sed
926 885 981 935 et
1012 880 1105 934 hic
1158 879 1395 950 quinam
1431 876 1577 930 ratio
1618 874 1735 929 dici
1769 874 1954 945 possit
1986 874 2088 928 ad-

434 989 668 1027 versum
704 988 764 1025 se
795 970 1073 1023 inferiora
1121 968 1486 1037 delinquere,
1523 965 1669 1018 iram
1702 962 1831 1017 dico
1866 969 1923 1017 et
1953 979 2088 1016 con—

436 1059 860 1131 cupiscentiam
883 1057 909 1111 ?
943 1057 1085 1111 Nam
1123 1055 1356 1127 quando
1391 1054 1518 1124 ipsa
1550 1053 1837 1106 adnititur
1869 1050 2089 1122 princi-

440 1158 639 1222 palum
678 1149 927 1202 retinere
961 1145 1072 1200 sibi
1106 1145 1206 1199 Dei
1243 1159 1483 1197 munere
1515 1140 1852 1207 indultum;
1888 1157 2089 1212 perur-

439 1244 611 1310 getur
662 1241 856 1290 tamen
908 1236 978 1289 ab
1028 1234 1115 1289 his
1166 1249 1235 1286 ne
1286 1248 1392 1286 suo
1434 1231 1570 1301 jure
1618 1229 1799 1283 libere
1850 1234 2088 1295 utatur;

438 1327 642 1395 injusti
685 1330 837 1379 certe
889 1340 1016 1391 nos,
1049 1322 1145 1390 qui
1200 1338 1315 1375 non
1367 1324 1627 1390 tempore
1680 1318 2091 1373 contendimus

440 1430 610 1487 opem
643 1414 790 1468 ferre
842 1410 1127 1467 laboranti
1178 1410 1409 1463 rationi.
1444 1408 1584 1463 Jure
1615 1408 1812 1477 itaque
1842 1406 2092 1461 eximius

439 1504 538 1559 ille
571 1501 789 1557 Paulus
813 1500 1119 1555 Timotheo
1150 1498 1325 1554 edicit
1358 1514 1459 1569 per
1475 1496 1887 1569 epistolam,ne
1916 1512 2091 1566 quem

439 1590 780 1663 pronuntiet
806 1588 1074 1643 Ecclesize
1100 1588 1352 1659 primatu
1380 1585 1751 1657 dignum,qui
1777 1602 1893 1639 non
1930 1584 2093 1654 prius

442 1682 598 1735 norit
620 1695 739 1733 suae
762 1676 963 1731 domui
991 1676 1246 1747 legitime
1272 1690 1519 1745 praeesse
1553 1674 1641 1743 (0).
1677 1674 1823 1727 Huic
1858 1677 2093 1727 senten-

439 1768 529 1823 tiis
564 1767 803 1839 pulchre
836 1766 1155 1820 admodum
1189 1764 1387 1817 divina
1418 1764 1738 1817 concinunt
1761 1762 2091 1832 Evangelia:

438 1858 543 1927 Qui
593 1861 651 1913 in
698 1857 906 1911 modico
958 1856 1159 1926 ﬁdelis,
1190 1864 1239 1909 et
1286 1856 1347 1908 in
1398 1852 1574 1907 multo
1624 1853 1928 1923 fidelis(p).
1964 1853 2093 1923 Ipse

437 1965 595 2013 vero,
630 1947 806 2002 sicuti
839 1944 1400 2015 prtumisimus,quze
1435 1943 1666 2013 proprie
1697 1942 1932 2006 rationi,
1966 1958 2091 2012 qua:

444 2036 545 2091 irae
565 2034 939 2107 peculiariter
960 2036 1301 2103 competunt
1324 2037 1381 2085 et
1403 2031 1912 2102 concupiscentiae,
1944 2046 2092 2084 seor-
2123 2066 2173 2132 B

442 2124 555 2180 sim
576 2140 683 2178 sua
706 2121 914 2192 cuique
946 2121 1148 2175 munia
1166 2119 1559 2191 prescribito:
1588 2118 1694 2173 hoc
1737 2126 1844 2188 est,
1876 2124 1937 2172 tu
1972 2118 2093 2187 ipse

440 2228 513 2267 ne
534 2211 717 2265 alium
738 2209 1280 2281 quemlibet,magis
1303 2212 1497 2261 autem
1523 2212 1575 2261 te
1598 2207 1790 2277 ipsum
1819 2207 1887 2261 ad
1924 2206 2094 2260 recti-

438 2300 707 2356 tudinem
762 2300 892 2352 vita:
942 2298 1327 2367 ordinemque
1362 2310 1584 2363 revoca,
1615 2296 1783 2365 juxta
1827 2294 2095 2365 singulas

440 2388 649 2445 animas
705 2393 815 2442 tuae
866 2387 1020 2441 vires
1072 2386 1284 2455 cuique
1334 2400 1558 2451 earum,
1609 2384 1763 2455 quod
1815 2387 2095 2449 meretur,

441 2493 710 2533 seorsum
745 2475 1108 2545 impertiens.
1142 2473 1269 2527 Tibi
1297 2473 1527 2528 interim
1566 2472 1793 2527 diaconi
1825 2473 1952 2527 vita:
1984 2472 2095 2526 for-

442 2564 665 2621 mulam
696 2565 1099 2635 przescribant,
1131 2562 1250 2617 illis
1280 2560 1419 2616 item
1456 2562 1799 2633 presbyteri,
1829 2560 1923 2615 his
1955 2577 2096 2631 pon-

443 2656 654 2723 tifices,
688 2653 1069 2725 pontiﬁcibus
1119 2651 1393 2723 apostoli,
1428 2668 1617 2721 neque
1650 2668 1764 2705 non
1798 2650 2096 2722 apostolo-

449 2761 586 2799 rum
619 2742 1083 2798 successores.ln
1119 2741 1339 2795 mundo
1373 2740 1661 2809 siquidem
1700 2739 2097 2810 apostolorum

445 2832 716 2888 nonnulli
749 2832 1097 2902 superstites
1129 2830 1530 2896 adhucerant;
1574 2830 1674 2883 sed
1704 2836 1759 2883 et
1792 2846 1906 2882 non
1932 2828 2099 2899 pauci

449 2922 782 2993 apostolicae
809 2919 1125 2973 functionis
1149 2934 1517 2972 successores
1555 2918 1626 2971 ab
1669 2918 1785 2971 illis
1826 2918 2102 2986 ordinati,

448 3015 624 3080 atque
656 3009 737 3063 ita
772 3008 1029 3079 legitime
1062 3007 1299 3061 tandem
1318 3007 1727 3076 unusquisque
1750 3006 1819 3061 ad
1844 3005 2101 3061 ofﬁcium

450 3098 817 3153 revocabitur
847 3114 881 3151 a
911 3096 1001 3150 sui
1059 3096 1282 3150 ordinis
1331 3095 1587 3161 sanctis;
1636 3095 1735 3149 sed
1782 3111 1970 3165 neque
2014 3095 2102 3149 in-

453 3185 697 3241 vertitur
748 3202 940 3239 rerum
974 3185 1135 3239 ordo.
1176 3184 1304 3238 Haec
1337 3188 1454 3237 tam
1500 3183 1687 3237 multa
1718 3184 1821 3238 tibi
1852 3201 1918 3239 eo
1949 3185 2105 3239 dicta

449 3274 929 3345 sint,uttcipsum
954 3275 1208 3343 primum
1228 3272 1696 3339 noveris,deinde
1728 3278 1895 3327 tuum
1918 3272 2104 3344 ipsius

453 3363 830 3419 ordinem.De
863 3362 959 3417 illa
991 3368 1186 3417 autem
1223 3366 1323 3416 tua
1357 3361 1413 3415 in
1451 3367 1811 3432 peccatorem
1838 3361 2105 3417 immani—

451 3456 714 3521 tate,non
744 3451 887 3507 satis
921 3450 1324 3522 intelligo,quo
1357 3430 1484 3505 eam
1510 3451 1743 3521 planctu
1778 3450 2098 3521 deplorem,
2130 3430 2173 3498 C

450 3541 795 3614 pr0phetam
832 3540 1122 3607 imitatUs,
1148 3539 1559 3593 contritionem
1596 3556 1874 3611 perquam
1907 3540 2100 3594 dilecti

452 3629 787 3686 christiani.
824 3630 1006 3699 Cujus
1037 3628 1193 3683 enim
1226 3628 1415 3698 gratia
1448 3645 1480 3681 a
1506 3628 1675 3683 nobis
1704 3627 1923 3683 ascitus
1949 3645 2010 3683 es
2042 3628 2101 3683 in

454 3720 720 3773 ordinem
753 3717 1044 3771 cultorum
1098 3716 1219 3782 Dei,
1255 3715 1480 3769 alienus
1531 3733 1663 3770 cum
1693 3734 1853 3772 esses
1893 3717 1963 3771 ab
1997 3718 2103 3771 hac

451 3810 653 3861 nostra
686 3804 968 3875 religione
989 3805 1016 3857 ?
1045 3805 1482 3875 Tempestivum
1509 3805 1635 3874 jam
1669 3806 2102 3877 fuerit,quando

451 3899 508 3949 te
540 3893 717 3949 talem
770 3894 1034 3961 exhibes,
1068 3899 1131 3947 ut
1179 3893 1359 3947 Deum
1413 3894 1618 3961 alium,
1672 3895 1815 3949 alios
1864 3894 2105 3966 insuper
2144 3920 2163 3935 ο

451 3985 786 4039 sacerdotes
828 3984 1136 4053 perquiras
1172 4000 1183 4036 :
1218 3983 1419 4053 sicque
1452 3984 1605 4053 apud
1655 3982 1788 4037 illos
1830 3984 2104 4039 eﬁ‘eratus

451 4073 755 4136 deszevias,
794 4076 893 4126 aut
919 4073 1103 4126 sacris
1138 4071 1364 4126 initiere
1396 4078 1451 4126 et
1486 4072 1821 4143 perﬁciaris.
1862 4072 2105 4128 Nescius

452 4162 599 4217 mihi
653 4162 869 4230 videre,
906 4178 1080 4232 quam
1132 4161 1189 4213 in
1248 4165 1468 4229 partem
1505 4176 1726 4231 preces,
1759 4160 1855 4229 qui
1905 4161 2103 4215 existi-

453 4268 582 4305 mas
614 4249 825 4305 acriter
857 4268 976 4305 rem
1007 4249 1335 4321 perspicere
1368 4266 1498 4304 cum
1522 4266 1721 4303 revera
1738 4249 1883 4302 nihil
1909 4249 2105 4306 minus

453 4341 535 4396 sis
570 4356 747 4411 quam
782 4339 1169 4393 videns.210
1200 4338 1518 4408 Obstupuit
1552 4336 1758 4391 coelum
1779 4354 1955 4407 super
1977 4338 2105 4405 hoc,

443 4430 618 4500 juxta
647 4428 915 4483 Jeremia:
950 4428 1025 4500 (ᾳ)
1055 4427 1359 4481 oraculum
1388 4452 1401 4494 ;
1439 4426 1540 4481 sed
1572 4431 1627 4481 et
1660 4426 1784 4498 ipse
1814 4428 2102 4483 exhorrui.

452 4518 617 4582 Quod
649 4518 707 4570 ni
734 4522 863 4571 tuas
884 4517 1111 4570 litteras
1133 4514 1859 4587 excepissem,nullatenus
1885 4518 2106 4572 fueram

452 4604 622 4659 alteri
660 4604 832 4658 ﬁdem
867 4604 1175 4659 habiturus
1198 4610 1317 4658 tam
1352 4604 1597 4677 indigna
1629 4606 1698 4659 de
1730 4610 1784 4659 te
1815 4606 2104 4661 referenti:

457 4693 599 4764 quia
624 4692 892 4748 videlicet
924 4693 1307 4763 Demophilus
1335 4696 1513 4748 Deum
1538 4695 1775 4765 quidem
1802 4694 2111 4750 arbitrare-

2200 786 2563 860 στραφήσεται
2634 788 2667 854 ἡ
2717 787 2884 858 τάξις.
2938 790 3179 842 Τοσαῦτά
3238 810 3325 843 σοι
3384 790 3449 845 τὰ
3502 795 3627 867 παρ’
3688 796 3855 865 ἡμῶν

2205 872 2335 945 ὑπὲρ
2387 878 2483 926 τοῦ
2540 871 2736 928 εἰδέναι
2794 876 3013 930 σεαυτὸν
3058 877 3146 930 καὶ
3193 878 3291 945 τήν
3325 876 3461 932 ἰδίαν
3489 881 3658 950 τάξιν.
3721 882 3858 955 Περὶ

2202 957 2257 1013 δὲ
2308 968 2409 1029 τῆς
2463 960 2538 1021 εἷς
2596 964 2686 1015 τὸν
2746 963 3072 1038 ἁμαρτωλὸν
3130 965 3535 1039 ἀπανθρωπίας,
3586 968 3686 1022 οὐκ
3734 967 3862 1024 οῖδα

2201 1054 2318 1111 πῶς
2369 1048 2677 1123 κλαύσομαι
2710 1055 3064 1127 προφητικῶς
3111 1054 3172 1107 τὸ
3232 1054 3539 1128 σύντριμμα
3593 1061 3689 1111 τοῦ
3721 1057 3861 1132 ἀγα-

2201 1143 2379 1205 πητοῦ
2463 1145 2825 1213 χριστιανοῦ·
2898 1142 3061 1215 χάριν
3136 1143 3238 1216 γάρ
3313 1144 3456 1205 τίνος
3524 1146 3865 1219 θεραπευτής

2202 1227 2442 1301 ἐτάχθης
2497 1230 2623 1303 παρ’
2682 1231 2865 1302 ἡμῶν,
2917 1229 3211 1306 ἀλλότριος
3273 1231 3343 1286 ὥν
3393 1240 3493 1302 τῆς
3552 1236 3671 1288 καθ’
3703 1236 3863 1307 ἡμᾶς

2204 1313 2530 1387 θεραπείας;
2581 1315 2684 1370 Καὶ
2739 1315 2851 1370 ἐπεὶ
2882 1322 3130 1379 τοιοῦτος
3161 1318 3227 1390 εἴ,
3286 1319 3401 1394 ὥρα
3458 1341 3542 1374 σοι
3602 1322 3693 1375 καὶ
3724 1322 3861 1376 Θεὸν

2200 1405 2289 1458 καὶ
2349 1405 2523 1477 ἱερέας
2557 1404 2770 1479 ἑτέρους
2800 1410 3004 1475 ζητεῖν,
3035 1407 3109 1468 ὡς
3140 1405 3199 1460 ἂν
3252 1413 3532 1483 θηριωθῇς
3560 1412 3687 1482 παρ’
3719 1408 3862 1464 ἐκεί-

2203 1515 2305 1548 νων
2338 1494 2372 1563 ἢ
2406 1493 2663 1567 τελεσθῇς
2696 1496 2792 1567 (1(,
2855 1492 2978 1549 οὔτε
3027 1494 3184 1560 εἰδὼς
3240 1496 3290 1551 ἐν
3326 1498 3434 1552 τίνι
3463 1500 3863 1573 προσκόπτεις,

2203 1585 2291 1637 καὶ
2325 1584 2577 1655 οἱόμενος
2612 1582 2853 1658 βλέπειν,
2886 1582 3106 1654 ἀληθῶς
3153 1585 3214 1640 ού
3270 1584 3510 1661 βλὲπων.
3574 1585 3802 1657 Ἐξέστη
3838 1589 3866 1643 ὁ

2203 1670 2430 1747 οὐρανὸς
2481 1672 2568 1726 ἐπὶ
2624 1672 2822 1744 τούτῳ,
2874 1675 3009 1728 κατά
3063 1675 3153 1728 τὸν
3182 1675 3469 1749 Ἰερεμίαν,
3520 1678 3608 1731 καὶ
3671 1674 3867 1753 ἔφριξα

2204 1758 2334 1833 ἐγώ.
2372 1761 2467 1817 Καὶ
2501 1761 2549 1815 εἴ
2602 1762 2677 1833 μὴ
2711 1761 2779 1815 τὰ
2836 1763 2900 1815 σὰ
2953 1764 3248 1837 γράμματα
3295 1762 3579 1837 ἐδεξάμην,
3640 1765 3745 1818 οὐκ
3808 1764 3867 1818 ἂν

2204 1850 2370 1923 ἑτέρῳ
2402 1854 2624 1904 τοιαῦτα
2671 1851 2795 1924 περί
2846 1855 2940 1904 σοῦ
2990 1850 3205 1925 λέγοντι
3248 1851 3546 1908 ἐπίστευον·
3602 1856 3685 1908 ὅτι
3749 1863 3867 1923 Δη-

2208 1939 2442 2015 μόφιλος
2476 1942 2564 1993 καὶ
2618 1940 2706 1993 τὸν
2751 1939 2879 1993 Θεὸν
2930 1939 3350 2018 ἀφιλάνθρωπον
3394 1943 3481 1997 καὶ
3541 1943 3730 1997 ἑαυτὸν
3787 1945 3866 2016 μὴ

2206 2026 2407 2081 δεῖσθαι
2458 2028 2645 2089 ἐλέους
2679 2024 2869 2101 οἴεται,
2917 2031 3006 2082 καὶ
3036 2028 3163 2091 τοὺς
3201 2030 3366 2105 ἱερεῖς
3413 2031 3865 2107 ἀποχειροτονεῖ·

2202 2114 2327 2172 ἀλλ’
2383 2118 2411 2171 6
2470 2116 2746 2186 Δεσπότης
2816 2118 3049 2191 Χριστὸς
3096 2120 3184 2173 καὶ
3232 2124 3400 2174 ταῦτα
3444 2121 3869 2194 κεχωρισμένος

2202 2206 2308 2259 ἀπὸ
2354 2210 2461 2260 τῶν
2523 2205 2891 2279 ἁμαρτωλῶν,
2968 2206 3286 2279 (Ἀμαρτίαν
3351 2209 3455 2282 γὰρ
3515 2208 3613 2262 οὐκ
3672 2206 3873 2278 ἰποίη-

2204 2315 2313 2363 σεν,
2374 2292 2502 2348 οὐδὲ
2579 2294 2769 2368 εὑρέθη
2850 2292 3013 2356 δόλος
3082 2293 3133 2349 ἐν
3210 2300 3291 2367 τῷ
3355 2295 3583 2368 στόματι
3647 2297 3876 2369 αὐτοῦ’)

2203 2383 2292 2437 καὶ
2339 2384 2437 2451 τήν
2481 2388 2587 2438 τῶν
2630 2378 2918 2458 προϐάτων
2969 2386 3334 2456 ποιμαντικήν
3396 2381 3592 2460 δεῖγμα
3640 2392 3745 2453 τῆς
3797 2385 3874 2446 εἰς

2206 2473 2390 2526 ἑαυτὸν
2432 2472 2647 2547 ἀγάπης
2697 2478 2955 2526 ποιεῖταιδ
3008 2472 3098 2526 καὶ
3146 2474 3237 2527 τὸν
3295 2474 3369 2546 μή
3404 2473 3625 2550 ἀφιέντα
3677 2472 3873 2549 ὀλίγον

2203 2566 2284 2632 τῷ
2312 2563 2589 2634 συνοικὲτῃ
2617 2558 2803 2615 πολλά
2832 2560 3075 2638 ἀφεθέντι
3134 2563 3372 2635 πονηρὸν
3422 2561 3716 2629 ἀποκαλεῖ,
3782 2565 3874 2617 καὶ

2208 2648 2410 2704 δικαιοῖ
2440 2654 2545 2705 τῶν
2598 2650 2812 2704 οἰκείων
2861 2649 3178 2719 ἀπολαύειν,
3213 2648 3469 2720 δηλονότι
3503 2656 3598 2706 τοῖ’)
3632 2653 3868 2714 σκότους

2207 2740 2296 2794 καὶ
2328 2747 2427 2809 τῆς
2456 2740 2726 2813 τιμωρίας
2910 2744 3076 2794 ταῦτα
3104 2742 3203 2814 γὰρ
3236 2739 3412 2796 οἰκεῖα
3465 2745 3545 2812 τῷ
3602 2745 3867 2813 πονηρῷ

2209 2828 2366 2890 αὐτός
2394 2828 2558 2900 ἐστιν,
2609 2830 2665 2889 ’ὸς
2715 2829 2805 2882 καὶ
2860 2828 2990 2901 ὑπὲρ
3038 2833 3143 2883 τῶν
3183 2829 3557 2905 σταυρούντων
3616 2828 3876 2903 προσηύ-

2210 2934 2366 2993 χετο.
2399 2916 2662 2990 Ἐπετῖμα
2694 2915 2751 2971 δὲ
2792 2916 2883 2971 καὶ
2911 2923 3027 2979 τοῖς
3089 2920 3358 2989 μαθηταῖς
3399 2920 3533 2973 κατά
3588 2922 3699 2972 τῶν
3759 2925 3875 2972 Σα-

2215 3012 2481 3081 μαρειτῶν
2544 3005 2795 3081 λέγουσι,
2851 3007 3027 3070 καθὼς
3085 3007 3175 3061 καὶ
3230 3006 3281 3061 ἐν
3339 3012 3416 3079 τῷ
3471 3008 3606 3061 κατά
3656 3014 3876 3062 Λουκᾶν

2213 3096 2352 3171 ἀγίῳ
2431 3094 2744 3171 Εὐαγγελίῳ
2827 3096 3150 3171 γέγραπταιθ
3224 3096 3323 3150 Καὶ
3409 3097 3512 3171 γάρ
3574 3097 3601 3150 6
3664 3096 3873 3171 Κύριος

2211 3186 2346 3261 πρὸς
2406 3184 2603 3248 αὐτούς
2660 3204 2862 3254 φησιν’
2932 3184 3045 3241 Ούκ
3103 3182 3285 3240 οἷ’δατε
3340 3185 3500 3240 ποίου
3556 3185 3878 3257 πνεύματός

2213 3275 2347 3343 ἐστε,
2402 3273 2657 3345 δηλονότι
2705 3276 2837 3343 ποίᾳ
2868 3276 3054 3349 χάριτι
3088 3272 3385 3328 διακονεῖτε
3414 3276 3511 3346 (3).
3565 3274 3642 3327 Σὺ
3678 3272 3724 3328 δ’
3758 3275 3877 3329 ἄνω

2213 3363 2303 3418 καὶ
2347 3365 2496 3417 κάτω
2554 3361 2852 3438 θρυλλεῖς,
2911 3362 2984 3423 ὡς
3039 3363 3130 3417 τὸν
3186 3363 3313 3417 Θεὸν
3382 3360 3727 3431 ἐξεδίκησας,
3786 3360 3881 3416 διὰ

2211 3452 2398 3513 κακίας
2445 3454 2535 3506 τὸν
2586 3447 2803 3525 ἀγαθόν’
2863 3448 3054 3524 ἄπαγε.
3104 3456 3162 3508 '0
3211 3451 3498 3527 ἀρχιερεὺς
3535 3454 3699 3520 ἡμῶν
3734 3453 3875 3526 Χρι-

2213 3542 2359 3609 στὸς,
2420 3538 2641 3611 ἄκακος,
2688 3538 2883 3615 πραῢς,
2939 3539 3173 3612 ἱλασμός
3221 3539 3328 3594 ἐστι
3388 3541 3511 3613 περὶ
3568 3544 3675 3593 τῶν
3729 3541 3879 3611 ἡμε-

2210 3629 2379 3703 τέρων
2442 3631 2743 3704 ἁμαρτιῶν.
2802 3629 2993 3684 Τοίνυν
3047 3628 3145 3683 οὐκ
3192 3626 3566 3700 ἀποδεξόμεθά
3627 3649 3725 3681 σου
3776 3628 3879 3689 τὰς

2212 3717 2531 3787 ἀζηλώτους
2565 3718 2759 3793 ὁρμάς,
2793 3718 2837 3771 εἰ
2888 3718 2975 3771 καὶ
3010 3715 3281 3780 πολλάκις
3332 3712 3627 3791 προϐάλλῃ
3656 3715 3751 3770 τόν
3813 3737 3879 3771 τε

2210 3806 2405 3862 ’Πλίαν
2467 3807 2554 3861 καὶ
2611 3808 2702 3861 τὸν
2770 3807 2976 3875 Φινεὲς,
3049 3806 3252 3881 λέγων,
3313 3805 3394 3860 ὅτι
3453 3807 3569 3861 κατ’
3628 3805 3875 3867 ἐκείνους

2213 3896 2491 3967 ἐποίησας·
2545 3894 2669 3949 ούξὲ
2715 3897 2815 3971 γάρ
2866 3896 3127 3969 ἠρέσκετο
3170 3896 3197 3949 ὁ
3230 3894 3430 3971 Κύριος
3478 3894 3699 3968 λέγουσι
3750 3915 3871 3948 τοι-

2215 3991 2347 4041 αὔτα
2389 3986 2725 4060 ἀπάνθρωπα
2772 3990 2887 4045 τοῖς
2938 3978 3015 4038 ἔτι
3062 3984 3360 4059 άμετόχοις
3408 3988 3503 4039 τοῦ
3554 3982 3875 4055 Πνεύματος

2218 4080 2507 4147 μαθηταῖς.
2530 4075 2703 4130 Τοῦτο
2736 4071 2793 4127 δὶ
2825 4073 2966 4128 εἶπεν
3000 4075 3027 4127 6
3063 4076 3247 4145 Πατὴρ
3281 4074 3417 4147 πρὸς
3446 4074 3509 4126 τὸ
3533 4071 3746 4127 τὲλειον
3772 4075 3875 4145 τῇς

2216 4162 2420 4239 δωρεᾶς
2470 4161 2701 4234 ἀπιδὼν,
2754 4164 2819 4231 ἧς
2870 4158 3064 4217 ἔλαϐον
3114 4164 3247 4235 μετά
3275 4164 3377 4231 τὴν
3420 4162 3731 4216 ἀνάστασινο
3786 4162 3878 4236 γὲ-

2214 4273 2450 4328 γραπται
2492 4254 2615 4327 γάρ·
2673 4252 2840 4309 Οὔπω
2900 4253 2964 4320 ἦν
3019 4256 3237 4323 Πνεῦμα
3288 4252 3461 4324 ἅγιον,
3512 4250 3593 4304 δτι
3647 4252 3874 4319 Ἰησοῦς

2216 4339 2368 4395 οὔπω
2401 4339 2688 4412 ἐδοξάσθη.
2741 4338 3090 4404 Διδάσκεσθαι
3152 4337 3208 4395 δὲ
3237 4341 3371 4414 χρὴ,
3422 4339 3511 4393 καὶ
3545 4338 3606 4393 ού
3638 4337 3875 4408 κολάζε-

2216 4433 2335 4484 σθαι
2366 4431 2491 4492 τοὺς
2543 4431 2891 4504 ἀγνοοῦντας,
2924 4429 3105 4502 ὥσπερ
3150 4428 3238 4483 καὶ
3270 4428 3511 4505 τυφλοὺς
3541 4424 3875 4503 ὁδηγοῦμεν,

2217 4519 2277 4573 ού
2309 4518 2636 4590 κολάζομεν.
2665 4518 2875 4594 Κύρρην
2909 4516 2965 4572 δὲ
2993 4539 3135 4581 τινες
3164 4519 3257 4590 μὶν
3280 4517 3370 4572 τὸν
3394 4515 3668 4592 κρόταφόν
3687 4535 3874 4593 φασιν·

2217 4604 2348 4661 ἔνιοι
2382 4604 2561 4676 δὶ,τὴν
2585 4604 3035 4680 γνάθον.Βὲλτιον
3072 4604 3128 4660 δὲ
3154 4607 3245 4661 τὸν
3270 4605 3537 4681 κρόταφον
3560 4603 3875 4679 λέγειν.Μὴ

2214 4694 2417 4761 τοίνυν,
2450 4694 2751 4767 παρακαλῶ
2781 4695 2939 4766 ὑμᾶς,
2974 4693 3326 4770 βλάπτωμεν·
3359 4697 3520 4747 τοῦτο
3564 4692 3668 4765 γὰρ
3728 4710 3875 4763 παρ-

458 4786 551 4838 tur
581 4798 719 4853 erga
748 4798 852 4836 nos
885 4799 1013 4838 esse
1046 4782 1480 4849 inclementem,
1516 4800 1576 4838 se
1604 4789 1799 4838 autem
1835 4784 1978 4839 nihil
2012 4784 2099 4839 ha-

2218 4780 2499 4855 οιμιωδῶς
2548 4780 2715 4858 λέγει,
2762 4782 2920 4837 ὠθεῖν
2972 4785 3091 4846 καθ’
3119 4782 3321 4837 ἑαυτῶν
3380 4782 3440 4836 τὸ
3489 4778 3662 4853 ξίφος.
3720 4780 3875 4835 Μετά

452 4872 590 4928 bere
622 4889 772 4943 opus
821 4872 920 4927 Dei
973 4872 1391 4941 miseratione;
1423 4874 1493 4927 ad
1544 4872 1687 4939 haec,
1720 4873 1881 4929 illius
1931 4875 2106 4929 etiam

452 4963 788 5017 sacerdotes
841 4962 1047 5031 dejici'.
1094 4963 1301 5033 gradu.
1336 4966 1622 5017 Caeterum
1664 4963 1951 5018 Dominus
1984 4964 2109 5035 ipse

453 5050 743 5117 Christus,
780 5050 957 5123 idque
991 5068 1121 5105 cum
1154 5058 1309 5107 esset
1336 5069 1369 5107 a
1400 5053 1802 5121 peccatoribus
1834 5070 2108 5123 segrega-

454 5144 551 5195 tus
582 5141 887 5209 (peccatum
938 5140 1087 5196 enim
1118 5142 1339 5195 nullum
1363 5142 1611 5206 admisit,
1644 5158 1821 5211 neque
1854 5144 2107 5197 inventus

455 5227 615 5283 dolus
647 5231 707 5282 in
737 5245 831 5284 ore
881 5231 996 5301 ejus
1029 5230 1121 5300 (r),
1159 5235 1460 5284 strenuam
1496 5246 1559 5283 ac
1604 5230 1935 5301 pervigilem
1972 5248 2106 5301 pas-

456 5318 774 5372 cendarum
805 5320 999 5373 ovium
1027 5336 1269 5374 suarum
1286 5319 1853 5374 administrationem
1880 5320 2107 5375 illustre

452 5421 584 5462 esse
606 5414 1049 5477 argumentum,
1081 5413 1257 5479 atque
1288 5408 1529 5462 evidens
1551 5408 1713 5461 ducit
1736 5414 1948 5463 nostrae
1970 5426 2108 5480 erga

450 5511 514 5550 se
538 5494 1012 5549 dilectionis.Sed
1047 5501 1103 5551 et
1134 5495 1400 5566 eum,qui
1434 5512 1505 5551 ne
1539 5496 1837 5552 tantillum
1870 5498 2104 5568 quidem

451 5582 747 5639 dimittere
802 5584 984 5639 voluit
1039 5601 1340 5653 conservo,
1372 5585 1464 5639 cui
1509 5590 1627 5640 tam
1675 5586 1862 5641 multa
1888 5586 2105 5657 alioqui

451 5671 707 5728 dimissa
738 5672 990 5741 fuerant,
1028 5690 1281 5747 nequam
1315 5690 1382 5730 ac
1411 5673 1690 5731 malitiosi
1723 5675 1960 5732 nomine
1988 5680 2106 5731 tra-

2215 4872 2384 4926 ταῦτά
2416 4893 2601 4949 φησιν,
2632 4875 2721 4926 οἶα
2746 4870 3106 4936 ἐπακολουθεῖ
3155 4877 3271 4935 τοῖς
3324 4870 3526 4925 ἀδικεῖν
3573 4869 3607 4937 ἢ
3661 4869 3876 4943 εύεργεο

2216 4967 2327 5016 τεῖν
2358 4982 2507 5023 τινας
2554 4961 2937 5036 βουλομένοις,
2983 4961 3077 5015 κ’ἀν
3134 4962 3211 5033 μὴ
3258 4960 3388 5034 πρὸς
3436 4954 3593 5032 ἔργον
3642 4954 3872 5033 ἤνεγκαν

2218 5050 2249 5104 ἆ
2309 5046 2726 5107 ἐϐουλεύσαντο.
2812 5049 3044 5110 ἐκείνους
3086 5048 3208 5124 γάρ,
3271 5045 3485 5118 δηλαδή
3546 5045 3637 5109 οὒς
3690 5045 3875 5118 προείο

2219 5138 2379 5194 λοντο
2439 5137 2691 5208 ἀδικῆσαι
2751 5138 2785 5208 ἢ
2841 5138 3226 5214 εὐεργετῆσαι,
3288 5135 3349 5190 οὐ
3406 5137 3642 5203 πάντως,
3703 5134 3873 5211 φησί,

2223 5225 2472 5297 διέθηκαν
2516 5229 2694 5291 καθὼς
2741 5225 3156 5297 ἠϐουλήθησαν·
3206 5222 3486 5297 πρόδηλον
3538 5220 3616 5293 δὲ,
3673 5222 3757 5277 ὅτι
3816 5222 3875 5275 τὸ

2226 5316 2319 5389 μὲν
2370 5316 2514 5390 παρά
2560 5318 2622 5369 τὸ
2671 5311 2979 5385 ἀϐούλητον
3009 5315 3118 5369 τῶν
3166 5313 3630 5387 εὐεργετουμένων
3661 5314 3763 5383 (4),
3815 5309 3873 5363 τὸ

2222 5403 2278 5459 δὲ
2309 5406 2454 5481 παρά
2486 5406 2546 5460 τὸ
2580 5404 2803 5479 ἀδρανὲς
2852 5410 2957 5460 τῶν
3014 5402 3366 5459 ἀδικούντων.
3424 5403 3769 5474 Προθὲμενος
3820 5396 3874 5453 δὲ

2217 5494 2340 5571 περὶ
2373 5500 2480 5549 τῶν
2534 5492 2627 5550 δύο
2656 5496 2848 5567 εἰπεῖν,
2878 5499 2984 5550 τῶν
3020 5515 3078 5547 τε
3118 5490 3322 5547 ἀδικεῖν
3370 5493 3457 5545 καὶ
3510 5495 3615 5543 τῶν
3665 5491 3878 5564 εὑεργι-

2215 5591 2324 5641 τεῖν
2360 5580 2731 5661 προθεμένων,
2780 5586 2904 5659 περὶ
2935 5588 3039 5638 τῶν
3075 5579 3407 5636 ἀδικούντων
3471 5578 3637 5652 μόνον
3688 5577 3873 5651 ἐπιφέ-

2218 5693 2298 5749 ρει
2323 5674 2414 5729 τὸν
2464 5672 2652 5750 λόγον,
2705 5672 2786 5729 ὅτι
2820 5673 2872 5728 οἱ
2908 5672 3000 5747 μὲν
3032 5668 3385 5743 ἀδικούμενοι
3439 5668 3537 5737 τὴν
3593 5664 3869 5743 βασιλείαν

526 5883 603 5962 (θ)
633 5889 661 5943 Ι
689 5885 836 5945 Tim.
871 5903 957 5959 ιιι,
989 5888 1046 5946 5.
1122 5888 1205 5962 (p)
1234 5887 1371 5946 Luc.
1401 5903 1517 5959 xw,
1554 5888 1640 5947 10.
1716 5888 1791 5963 (q)
1822 5890 1959 5963 Cap.
1998 5905 2060 5959 ιι,
2090 5906 2099 5923 ε

2212 5888 2266 5946 2.
2343 5887 2416 5961 (ν)
2446 5889 2468 5945 Ι
2498 5892 2621 5947 Pet.
2655 5905 2718 5958 ιι,
2742 5889 2835 5947 22.
