4062 6366
246 442 325 496 m
1029 445 1491 499 PACHYMERE
1530 444 2034 500 PARAPHRASIS
2070 448 2142 500 IN
2180 449 2337 500 EPP.
2378 449 2435 501 Β.
2478 447 2817 501 DIONYSII.

3527 445 3634 500 478

245 567 316 621 τοῦ
345 570 480 621 Θεοῦ
524 564 1063 643 κληρονομήσουσιν
1122 568 1278 622 αὐτοὶ
1336 564 1393 622 δὲ
1452 569 1503 622 οἱ
1558 566 1868 629 ἀδικοῦντες

1986 569 2147 625 ducit
2180 588 2192 626 :
2225 571 2433 640 etjure
2459 572 2719 627 decernit
2750 574 2815 626 ut
2845 571 3094 641 propriis
3144 571 3395 637 fruatur,
3428 570 3632 625 videli-

247 656 312 710 καὶ
346 654 396 710 ἐν
424 661 506 728 τῷ
541 655 647 730 βίῳ
674 656 853 729 τούτῳ
898 657 990 711 καὶ
1022 656 1074 711 ἐν
1112 662 1191 728 τῷ
1248 656 1509 730 μέλλοντι
1563 661 1872 732 τιμωροῦν-

245 766 329 817 ται,
413 746 547 817 μετὰ
622 743 895 819 δαιμόνων
970 746 1101 799 εἶναι
1178 746 1650 819 κατακρινὸμενοι.
1729 746 1875 801 Μετὰ

242 838 383 888 ταῦτα
441 835 528 888 καὶ
587 834 709 908 περὶ
765 842 864 905 τῆς
915 834 1379 908 πολυθρυλλήτου
1422 836 1566 899 θείας
1616 835 1874 897 ὀπτασίας

244 918 605 995 διαλαμϐάνει.
649 923 820 985 Οὗτός
873 923 1011 977 ἐστιν
1067 925 1094 978 6
1153 925 1393 999 Κάρπος,
1428 922 1490 977 οὗ
1544 924 1811 996 μέμνηται
1845 923 1871 976 6

243 1017 363 1074 θεῖος
397 1008 737 1072 Ἀπόστολος
788 1011 841 1065 ἐν
897 1016 965 1085 τῇ
1024 1012 1159 1087 πρὸς
1206 1011 1467 1085 Τιμόθεον
1502 1009 1723 1085 δευτέρᾳ
1753 1010 1869 1065 ἐπι-

243 1097 417 1173 στολῇ,
474 1100 533 1163 ac
591 1098 718 1154 οὐδὲ
759 1105 878 1163 ταῖς
930 1106 1038 1154 τῶν
1069 1102 1240 1175 ἁγίων
1279 1100 1591 1175 μυστηρίων
1632 1101 1873 1161 τελεταῖς

241 1186 521 1263 ἐνεχείρει,
601 1187 646 1242 εἰ
712 1190 785 1261 μή
855 1210 1001 1253 τινος
1054 1190 1317 1265 πρότερον
1376 1188 1577 1259 ἠξίωτο
1637 1190 1874 1264 ὁράσεως

239 1276 356 1329 κατὰ
383 1276 477 1337 τὰς
538 1275 892 1352 προτελείους
952 1276 1136 1352 εὐχάς.
1190 1275 1489 1351 ΙΙροτέλεια
1539 1275 1595 1333 δὲ
1644 1278 1870 1332 ἐκάλουν

240 1369 281 1421 οἱ
332 1369 613 1438 Ἀθηναῖοι
671 1369 764 1429 τὰς
823 1369 946 1443 περὶ
1003 1373 1110 1422 τῶν
1140 1370 1330 1443 γάμων
1394 1369 1527 1441 μετᾶ
1557 1371 1753 1423 θυσιῶν
1784 1369 1873 1423 εὐ-

238 1455 343 1531 χάς⁸
385 1456 477 1509 τὸν
531 1455 634 1532 γὰρ
683 1455 856 1532 γάμον
915 1455 1074 1519 τέλος
1123 1455 1375 1526 ἐκάλουν,
1436 1458 1509 1519 ὡς
1561 1455 1874 1511 τελειοῦντα

236 1546 358 1619 πρὸς
383 1546 473 1599 τὸν
514 1546 631 1614 βίον
670 1546 761 1599 τὸν
812 1543 1128 1620 ἄνθρωπον.
1189 1548 1502 1620 Μυστήριον
1536 1551 1667 1621 γοῦν
1723 1547 1872 1621 εἶχον

233 1634 308 1687 καὶ
354 1635 449 1687 τὸν
482 1636 660 1708 γάμον
691 1636 789 1707 (5).
822 1628 1048 1710 Ἔλεγον
1084 1632 1141 1689 δὲ
1171 1632 1553 1710 προτελεῖσθαι
1613 1635 1703 1689 καὶ
1744 1655 1875 1708 προ-

236 1723 497 1794 μυεῖσθαι,
552 1724 643 1777 καὶ
686 1723 852 1777 οἱονεὶ
899 1725 1375 1798 προκαθαίρεσθαι,
1426 1723 1501 1785 εἶς
1560 1722 1872 1796 ἐτοιμασίαν

236 1810 530 1885 μυστηρίου
712 1812 788 1866 Τὸ
831 1815 959 1886 γοῦν
1018 1812 1145 1885 παρ’
1176 1810 1443 1880 Ἕλλησιν
1474 1807 1679 1872 ἀσεϐῶς
1713 1809 1873 1885 λεγό-

233 1919 381 1971 μενον
418 1897 493 1960 εἷς
525 1898 587 1952 τὸ
617 1905 716 1967 τῆς
748 1898 1008 1968 ἀληθείας
1071 1901 1367 1973 μυστήριον
1411 1902 1438 1954 6
1492 1901 1677 1973 Πατὴρ
1714 1902 1877 1972 μετή-
1906 1942 1952 2007 Β

457 1991 502 2007 η
546 1987 560 2007 π
800 1987 820 2007 η
873 1987 885 2006 ρ
1055 1990 1080 2007 τ
1271 1988 1282 2005 ν
1350 1990 1361 2006 η
1496 1990 1511 2007 κ
1691 1989 1705 2007 ς
1846 1993 1869 2003 ν

227 2008 395 2062 γαγε.
455 1987 562 2042 Καὶ
630 1987 979 2062 προτελείους
1032 1990 1175 2042 εἶπεν
1235 1988 1399 2063 εὐχὰς
1454 1990 1550 2050 τὰς
1608 1989 1713 2063 πρὸ
1779 1993 1873 2042 τοῦ

230 2074 531 2150 μυστηρίου
587 2072 794 2145 δεήσεις
828 2075 959 2148 ὑπὲρ
1013 2075 1324 2149 καθάρσεως
1372 2076 1462 2131 καὶ
1517 2076 1872 2151 ἀκατακρίτου

226 2161 583 2236 μεταλήψεως
612 2168 707 2218 τοῦ
736 2163 1081 2219 τελειοτάτου
1128 2165 1217 2218 καὶ
1244 2163 1589 2219 τελειοποιοῦ
1634 2170 1741 2219 τῶν
1777 2187 1874 2239 μυ-

223 2254 458 2327 στηρίων
523 2250 723 2329 δώρου.
776 2255 924 2315 Τίνες
975 2251 1031 2307 δέ
1083 2253 1212 2307 εἰσιν
1283 2254 1337 2308 αἱ
1389 2252 1616 2328 Ἰλάριαι
1674 2254 1867 2330 εὐχαί;

219 2340 381 2396 Ἥσάν
411 2362 555 2403 τινες
605 2342 808 2417 ἡμέραι
862 2346 982 2403 τοῖς
1025 2338 1479 2415 εἷδωλολάτραις,
1542 2339 1601 2404 ἃς
1633 2341 1872 2417 Ἱλαρίας

220 2428 548 2486 ἀπεκάλουν.
583 2429 689 2485 Καὶ
722 2430 777 2483 αἱ
813 2431 907 2502 μὲν
939 2431 1074 2500 ἦσαν
1129 2429 1298 2485 ἶδικαὶ
1355 2428 1605 2505 Ἱλάριαι,
1639 2432 1711 2492 ὡς
1743 2430 1867 2485 ὅταν

217 2537 294 2577 τις
339 2513 566 2592 ἔγημεν,
620 2517 655 2586 ἢ
716 2519 831 2573 υἱὸν
880 2519 1089 2574 ἐκτᾶτο’
1152 2520 1207 2573 αὶ
1260 2516 1317 2573 δὲ
1362 2520 1539 2574 κοιναὶ
1570 2522 1659 2573 καὶ
1692 2515 1866 2592 δημὸ-

220 2625 346 2675 σιαι,
379 2606 451 2667 ὡς
482 2604 608 2660 ὅταν
646 2605 901 2680 βασιλεὺς
938 2606 1397 2683 ἀναγορευόμενος
1450 2607 1546 2669 τὰς
1597 2605 1867 2680 δημοσίας

215 2690 451 2766 Ἱλαρίας
502 2700 753 2769 παρεῖχε.
791 2694 887 2748 Καὶ
921 2692 1043 2750 οὔτε
1072 2696 1306 2768 πένθιμα
1341 2696 1391 2750 ἐν
1429 2695 1647 2758 ταύταις
1682 2702 1867 2773 φορεῖν

216 2778 359 2849 ἐξῆν,
394 2781 541 2837 ἀλλὰ
583 2782 672 2837 καὶ
704 2784 817 2836 θέαι
849 2783 939 2836 καὶ
992 2783 1165 2847 θυσίαι
1212 2785 1327 2839 καθ’
1379 2785 1608 2855 ἑκάστην
1657 2784 1865 2859 ἡμέραν

213 2866 474 2942 δημόσιαι
554 2870 877 2942 ἐτελοῦντο,
931 2872 1022 2926 καὶ
1091 2871 1353 2927 ἐπαύοντο
1413 2873 1464 2927 οἱ
1531 2874 1867 2940 πενθοῦντες,

210 2960 297 3012 καὶ
350 2958 643 3033 ἐθεώρουν,
690 2961 778 3014 καὶ
824 2960 875 3014 ἐν
932 2961 1196 3035 εὐωχίαις
1257 2960 1444 3038 διῆγον
1475 2962 1572 3024 τὰς
1617 2963 1870 3023 τοιαύτας

212 3046 483 3122 Ἱλαρίους
544 3047 782 3124 ἡμέρας.
834 3051 934 3104 Ἦν
995 3047 1053 3103 δὲ
1099 3049 1189 3103 καὶ
1236 3049 1445 3126 Ἱλάρια
1502 3052 1661 3125 ἑορτὴ
1719 3048 1866 3119 ἶδικὴ

207 3137 501 3211 Ῥωμαίων
528 3138 604 3201 εἰς
637 3140 804 3212 τιμὴν
838 3143 936 3208 τῆς
969 3140 1177 3214 μητρὸς
1207 3145 1313 3196 τῶν
1350 3147 1482 3205 θεῶν
1542 3141 1715 3195 αὐτῶν

209 3226 361 3283 Ἐπεὶ
391 3226 450 3281 δὲ
501 3227 583 3281 ἀεὶ
620 3229 682 3282 τὸ
716 3231 958 3304 σήμερὼ
991 3229 1153 3297 ἐστιν,
1213 3230 1294 3284 ἀεὶ
1325 3236 1592 3293 νουθετεῖν
1644 3232 1734 3284 τὸν
1791 3232 1866 3303 μὴ

1984 665 2074 714 cet
2102 658 2349 730 caligine
2388 661 2681 732 (carceris)
2714 664 2769 714 et
2820 660 3129 731 supplicio.
3184 660 3312 715 Haec
3342 658 3500 715 enim
3529 658 3633 714 ﬂa-

1984 748 2194 821 gitioso
2226 750 2460 820 propria
2493 754 2651 803 sunt.
2686 752 2815 818 Ipse
2848 765 3055 803 rursus
3086 766 3191 818 pro
3224 766 3285 803 se
3313 748 3631 819 ﬁgentibus

1984 838 2140 893 cruci
2176 854 2374 909 preces
2408 839 2556 892 fudit
2590 856 2601 892 :
2638 842 2841 892 contra
2888 854 3020 892 vero
3072 838 3189 891 acri
3223 838 3630 909 objurgatione

1983 926 2290 998 percelluit
2320 926 2639 997 discipulos
2670 928 2977 981 adversum
3003 926 3324 981 Samaritae
3358 924 3630 997 interpel-

1983 1014 2232 1084 lantes,q
2246 1017 2449 1070 uemad
2462 1017 2701 1070 modum
2727 1017 2783 1069 in
2808 1025 3177 1070 sacrosancto
3202 1015 3363 1069 Lucae
3380 1021 3632 1086 Evange-

1982 1103 2058 1159 lio
2074 1105 2355 1176 scriptum
2373 1110 2480 1158 est.
2497 1105 2572 1158 lbi
2587 1106 2741 1158 enim
2756 1104 2899 1175 legis
2918 1105 3223 1159 Dominum
3239 1104 3385 1175 ipsis
3400 1120 3635 1175 respon-

1982 1193 2141 1248 disse
2174 1211 2186 1248 :
2238 1194 2467 1248 Nescitis
2496 1195 2653 1265 cujus
2682 1192 2915 1264 spiritus
2946 1193 3070 1248 estis
3095 1196 3184 1262 (ε),
3216 1194 3308 1247 cui
3351 1192 3632 1246 nimirum

1982 1281 2183 1353 gratias
2211 1282 2578 1337 subservitis.
2613 1282 2682 1336 Et
2713 1287 2775 1336 tu
2820 1283 3054 1337 interim
3090 1298 3327 1336 sursum
3371 1297 3437 1335 ac
3468 1282 3634 1335 deor-

1983 1387 2115 1425 sum
2149 1370 2291 1424 nihil
2326 1388 2438 1425 non
2472 1387 2729 1436 movens,
2763 1370 2961 1426 odiose
2994 1370 3254 1425 inculcas
3284 1370 3425 1435 haec,
3463 1368 3633 1439 quasi

1984 1458 2084 1529 qui
2110 1459 2223 1513 Deo
2246 1458 2527 1514 inﬂictam
2546 1458 2963 1514 contumeliam
2980 1458 3141 1513 ultus
3157 1459 3353 1512 fueris.
3371 1458 3633 1512 Deumne

1982 1553 2045 1602 tu
2081 1548 2281 1603 ulcisci
2316 1565 2418 1619 per
2448 1548 2733 1603 malitiam
2777 1565 2969 1619 paras,
3006 1548 3090 1603 sic
3120 1548 3331 1602 eximie
3363 1547 3582 1601 bonum
3606 1546 3634 1600 ?

1981 1637 2149 1691 Absit
2165 1637 2271 1691 hoc
2288 1635 2301 1691 l
2322 1638 2585 1692 Pontifex
2602 1642 2797 1692 noster
2815 1636 3103 1704 Christus,
3124 1636 3430 1701 innocens,
3448 1634 3635 1703 mitis,

1981 1725 2106 1797 ipse
2140 1727 2474 1797 propitiatio
2523 1730 2612 1780 est
2646 1743 2746 1797 pro
2794 1726 3041 1796 peccatis
3072 1723 3308 1780 nostris.
3343 1724 3422 1779 Ne
3454 1723 3637 1795 igitur

1984 1832 2183 1886 speres
2204 1832 2307 1870 nos
2324 1814 2697 1885 comprobatu
2709 1831 2803 1868 ros
2824 1814 3203 1868 acrimoniam
3223 1814 3374 1867 hanc
3393 1813 3632 1867 allectus

1983 1904 2086 1969 tui,
2106 1905 2338 1974 quando
2360 1903 2529 1958 azelo
2560 1920 2850 1974 germanas
2884 1902 3114 1973 pietatis
3139 1902 3476 1972 neutiquam
3499 1917 3633 1970 pro-

1983 1992 2267 2047 ficiscitur
2299 2008 2311 2046 :
2348 2008 2418 2047 ne
2466 1992 2515 2046 si
2559 1992 2737 2046 etiam
2787 1990 3105 2045 identidem
3156 2006 3419 2061 opponas
3464 1988 3635 2043 nobis

1983 2081 2228 2137 eximios
2277 2079 2667 2147 aemulatores,
2702 2079 3004 2151 Etiamque
3056 2084 3112 2135 et
3158 2079 3406 2134 Phinees
3447 2078 3636 2148 subjic-

1983 2172 2162 2238 ciens,
2188 2170 2368 2240 quod,
2393 2168 2627 2223 illorum
2654 2175 3004 2239 provocatus
3027 2167 3315 2238 exemplo,
3339 2183 3459 2221 rem
3488 2165 3642 2236 ejus-

1981 2263 2137 2317 modi
2169 2278 2485 2333 aggressus
2515 2260 2617 2315 sis.
2652 2261 2797 2315 Nam
2822 2265 2879 2314 et
2901 2258 3224 2330 discipulos
3247 2258 3448 2329 gratia:
3472 2256 3642 2328 spiri-

1981 2351 2162 2406 tualis
2193 2356 2436 2405 eatenus
2490 2351 2683 2417 rudes,
2733 2366 2864 2403 cum
2901 2348 3148 2404 Domino
3197 2346 3477 2418 quiddam
3522 2361 3635 2399 non

1979 2439 2253 2495 absimile
2306 2439 2615 2505 dixissent,
2666 2438 2738 2492 ab
2771 2438 3034 2492 humana
3083 2437 3366 2491 nimirum
3422 2434 3636 2506 pietate

1979 2528 2247 2591 alienius,
2283 2529 2626 2597 neutiquam
2676 2527 2725 2580 is
2774 2526 3058 2597 probavit.
3116 2527 3229 2580 Hoc
3262 2530 3459 2579 autem
3492 2508 3639 2577 dixit

1979 2617 2147 2671 Pater
2176 2618 2243 2670 ad
2281 2616 2612 2672 absolutam
2646 2614 2806 2670 illam
2834 2613 3129 2685 aspiciens
3155 2613 3354 2685 gratias
3389 2611 3634 2666 infusio-

1978 2723 2135 2773 nem,
2162 2722 2339 2776 quam
2374 2710 2507 2776 post
2549 2705 3028 2759 resurrectionem
3078 2707 3447 2773 acceperunt.
3482 2702 3639 2754 Scri-

1978 2800 2145 2867 ptum
2174 2796 2389 2866 quippe
2421 2799 2508 2849 est
2539 2811 2550 2849 :
2587 2794 2835 2848 Narniam
2853 2794 3001 2847 enim
3019 2800 3136 2847 erat
3157 2790 3399 2862 Spiritus
3419 2797 3637 2871 sanctus

1980 2888 2164 2952 datus,
2189 2885 2320 2954 quia
2339 2885 2490 2939 Jesus
2511 2883 2754 2938 nondum
2774 2885 2896 2937 erat
2917 2882 3254 2952 glori/iectus
3271 2881 3354 2952 (ι).
3381 2877 3637 2935 Docend1

1979 2988 2255 3042 namque,
2277 2988 2391 3026 non
2419 2976 2610 3026 autem
2635 2970 2923 3043 plectendi
2951 2970 3328 3039 ignorantes:
3354 2969 3638 3039 quemad-

1980 3062 2220 3116 modum
2254 3066 2311 3115 et
2344 3077 2528 3115 caecos
2559 3060 2618 3114 in
2646 3059 2799 3114 viam
2852 3064 3011 3114 recta
3041 3058 3404 3127 deducimus,
3436 3074 3638 3128 poenas

1980 3166 2351 3221 nequaquam
2411 3149 2759 3220 inﬂigimus.
2822 3145 3030 3221 Κόῤῥην
3092 3147 3329 3218 quidem
3390 3151 3635 3202 conten-

1978 3239 2125 3292 dunt
2154 3236 2420 3313 κρόταφον
2468 3237 2824 3309 signiﬁcare,
2857 3236 2963 3290 hoc
3013 3241 3098 3291 est
3145 3239 3356 3307 tempus
3386 3234 3583 3307 capitis
3615 3252 3633 3289 :

213 3315 414 3391 ἀγαθὸν
448 3317 477 3370 ὁ
508 3314 676 3391 λόγος
710 3314 1006 3387 ὑποδηλοῖ.
1040 3318 1195 3380 Τινὲς
1224 3322 1351 3394 γοῦν
1387 3319 1607 3391 ἀμαθῶς
1638 3319 1701 3373 τὸ
1734 3318 1869 3373 ἐναν-

1988 3308 2253 3381 nonnulli
2301 3308 2545 3398 γνάθον,
2574 3325 2898 3389 maxillam,
2929 3341 3143 3393 genam.
3200 3324 3540 3379 Praestiterit
3572 3328 3636 3398 ut

205 3404 326 3458 τίον
379 3402 629 3481 λέγουσι,
677 3410 1017 3482 κεχρημένοι
1073 3411 1151 3478 τῷ
1211 3407 1562 3479 ἀποστολικῷ
1593 3407 1743 3483 ῥητῷ
1793 3412 1873 3480 τῷ

208 3490 427 3566 λέγοντι
470 3512 484 3525 ⁸
566 3495 855 3568 Αἱρετικὸν
934 3493 1222 3567 ἄνθρωπον
1294 3496 1426 3568 μετά
1498 3498 1723 3571 πρώτην
1780 3497 1870 3551 καὶ

209 3577 460 3656 δευτέραν
545 3583 821 3637 νουθεσίαν
908 3588 1199 3659 παραιτοῦσ
1287 3586 1362 3657 μὴ
1442 3589 1691 3647 νοοῦντες
1761 3591 1869 3639 τῶν

211 3668 518 3744 εἰρημένων
581 3673 678 3749 τήν
740 3669 963 3746 δύναμιν
998 3672 1057 3727 ἐκ
1084 3677 1192 3728 τῶν
1228 3673 1507 3747 ἑπομένων
1556 3674 1733 3749 ῥητῶν
1770 3674 1872 3746 μά-

212 3756 378 3815 λιστα
410 3759 879 3837 σαφηνιζομένηψ
918 3762 1037 3816 τότε
1066 3764 1168 3837 γάρ
1204 3759 1433 3838 εὔλογος
1467 3766 1501 3832 ἡ
1565 3765 1698 3835 μετὰ
1728 3764 1873 3838 πρώ-

206 3867 307 3916 την
378 3850 469 3903 καὶ
547 3846 797 3923 δευτέραν
874 3850 1148 3905 νουθεσίαν
1228 3850 1574 3926 παραίτησις,
1650 3853 1772 3906 ὅταν
1842 3853 1869 3906 6

208 3933 482 3993 διδάσκων
538 3940 677 4013 πρὸς
707 3939 804 4007 τὴν
837 3940 1163 4015 παραίτησιν
1215 3936 1373 4014 ἔλθῃ,
1427 3938 1584 4002 εἰδὼς
1637 3942 1718 3995 ὅτι
1760 3939 1866 4011 ἐξέ-

210 4045 480 4102 στραπται
515 4028 543 4081 6
594 4032 860 4097 τοιοῦτος,
908 4028 995 4082 καὶ
1047 4028 1296 4092 λανθάνει
1347 4029 1419 4083 ὣν
1480 4029 1867 4105 αὐτοκατάκριο

201 4135 317 4178 to:
354 4113 532 4185 δῆλον
565 4115 665 4192 γὰρ
699 4116 773 4179 ὡς
806 4122 922 4178 τοῖς
968 4118 1139 4192 ἱεροῖς
1186 4115 1539 4181 διδασκάλοις
1590 4118 1866 4174 ἀποκαλύ-

198 4225 394 4259 πτεται
416 4205 510 4259 καὶ
534 4207 570 4273 ἡ
601 4209 709 4258 τῶν
730 4206 1067 4280 προσιόντων
1096 4208 1435 4269 κατάστασις.
1469 4211 1683 4285 Ἕτεροι
1703 4207 1760 4263 δε
1780 4210 1865 4276 τὸ,

197 4295 356 4350 Μετὰ
383 4295 615 4368 πρώτην
665 4295 755 4349 καὶ
804 4293 1052 4371 δευτέραν
1103 4295 1274 4360 οὕτως
1299 4296 1551 4368 ἐνόησαν,
1598 4298 1716 4352 ἀντὶ
1748 4302 1865 4365 τοῦ,

193 4385 348 4437 Μετὰ
380 4384 485 4453 τὴν
513 4383 573 4437 ἐκ
606 4382 848 4447 Παλαιᾶς
877 4385 963 4438 καὶ
1001 4385 1136 4446 Νέας
1170 4388 1443 4455 Διαθήκης
1495 4383 1864 4442 διδασκαλίαν.

192 4471 287 4533 Ὠς
346 4476 484 4549 γοῦν
546 4473 574 4525 6
634 4474 857 4547 Κάρπος
913 4471 1187 4544 ἐλυπήθη,
1247 4475 1400 4551 φησὶ,
1451 4472 1539 4528 διὰ
1593 4475 1686 4529 τὸν
1740 4477 1866 4550 παρ’

194 4557 385 4615 ἄλλον.)
447 4557 815 4631 πλανηθέντα,
875 4558 991 4616 δέον
1050 4563 1137 4617 καὶ
1200 4561 1525 4640 ἀμφοτέρων
1557 4566 1865 4638 προνοήσα-

1983 3396 2384 3486 interpreteris
2434 3430 2563 3468 esse
2611 3413 2820 3484 capitis
2855 3418 3100 3483 partem.
3135 3413 3215 3466 Ne
3244 3412 3446 3483 igitur,
3479 3396 3625 3466 2761

1981 3503 2181 3558 hortor
2210 3520 2331 3566 vos,
2364 3501 2483 3556 ulla
2512 3501 2572 3555 in
2618 3519 2679 3556 re
2712 3500 2997 3555 lsedamus
3028 3501 3378 3571 proximum.
3410 3500 3542 3554 Jam
3576 3504 3633 3554 et

1980 3592 2110 3660 hoc,
2179 3589 2335 3643 ὠθεῖν
2396 3590 2512 3643 καθ’
2572 3589 2774 3642 έαυσῶν
2833 3588 2895 3641 τὸ
2955 3587 3126 3663 ξίφος,
3191 3589 3481 3667 adversum
3536 3604 3633 3643 nos

1980 3683 2123 3751 ipsos
2151 3680 2477 3750 distringere
2524 3686 2574 3733 et
2621 3694 2854 3733 exerere
2902 3678 3175 3745 gladium,
3213 3677 3632 3748 proverbialem

1978 3770 2226 3841 ﬁguram
2260 3769 2546 3832 imitatus,
2582 3768 2744 3822 dixit.
2797 3768 3058 3838 Explicat
3108 3768 3275 3821 Pater
3319 3774 3452 3838 post
3491 3767 3631 3837 hinc,

1979 3875 2247 3930 quaenam
2299 3875 2398 3913 eos
2447 3857 2800 3913 comitentur
2845 3856 3086 3927 praemia
3134 3856 3233 3928 qui
3285 3856 3371 3911 vel
3416 3857 3633 3926 injuria

1979 3947 2255 4018 quapiam
2288 3948 2371 4002 vel
2405 3946 2686 4002 beneﬁcio
2720 3945 2928 4016 cupide
2960 3946 3101 4000 alios
3136 3947 3365 4000 afﬁcere
3394 3951 3633 4000 conten-

1979 4037 2148 4104 dunt,
2210 4037 2384 4091 etiam
2437 4035 2484 4089 si
2531 4052 2603 4091 ne
2652 4037 2719 4090 ad
2776 4052 2923 4105 opus
2989 4051 3170 4105 usque
3230 4038 3630 4104 promoveant,

1979 4140 2105 4195 quas
2136 4125 2427 4180 destinato
2474 4124 2716 4179 consilio
2768 4122 3166 4176 moliebantur
3212 4124 3459 4177 efﬁcere.
3496 4121 3631 4177 Illos

1977 4214 2156 4275 enim,
2189 4229 2357 4283 quos,
2382 4212 2646 4267 videlicet
2670 4213 3027 4281 praesumpta
3043 4208 3341 4279 opinione,
3364 4216 3628 4264 antever-

1975 4304 2170 4356 terant
2200 4306 2263 4355 ut
2293 4300 2377 4355 vel
2411 4301 2708 4364 laederent,
2734 4299 2818 4354 vel
2846 4300 3117 4369 juvarenl
3149 4297 3428 4352 beneﬁcio
3465 4314 3477 4350 :
3515 4314 3628 4352 non

1976 4406 2405 4460 usquequaque
2430 4394 2599 4460 prout
2624 4388 3011 4450 destinarant,
3048 4388 3147 4453 ait,
3173 4387 3511 4441 affecerunt.
3535 4385 3622 4440 Li-

1976 4483 2115 4549 quet
2146 4483 2338 4533 autem
2374 4478 2430 4531 in
2465 4478 2671 4549 primis
2691 4477 2799 4531 hoc
2830 4476 3165 4547 contingere
3188 4492 3287 4547 per
3310 4474 3630 4547 incogitan-

1975 4570 2116 4622 tiam
2152 4584 2376 4635 eorum,
2407 4566 2465 4620 in
2500 4584 2647 4637 quos
2700 4566 2995 4621 confertur
3026 4565 3447 4627 beneﬁcentia;
3481 4564 3627 4619 illud

198 4651 371 4721 σθαι,
432 4650 525 4704 καὶ
584 4654 939 4714 νουθετοῦντα
998 4650 1077 4706 ἀεὶ
1140 4650 1226 4706 ἐπὶ
1283 4653 1382 4720 τήν
1443 4650 1584 4706 θείαν
1638 4652 1867 4716 τούτους

1980 4674 2107 4711 vero
2127 4657 2196 4710 ab
2223 4655 2621 4712 imbecillitate
2649 4671 2848 4711 eorum
2876 4655 3107 4725 pendet,
3133 4655 3228 4723 qui
3253 4654 3398 4709 alios
3422 4658 3629 4725 parant

199 4741 431 4815 ἀγαγεῖν
461 4742 679 4813 γνῶσιν,
741 4740 815 4802 ὡς
866 4741 1153 4815 κριθεισῶν
1187 4737 1296 4811 ἤδη
1329 4741 1418 4795 καὶ
1448 4746 1554 4795 τῶν
1590 4737 1871 4819 ἀμφισϐη-

198 4833 421 4901 τήσεων
456 4829 664 4899 αὐτοῖς,
700 4828 768 4884 δι’
821 4830 882 4892 ἃς
934 4832 1102 4906 τυχὸν
1164 4830 1363 4893 ἐκεῖνος
1417 4832 1510 4904 μὲν
1556 4832 1872 4902 ἀπεπλάνη-

204 4940 316 4992 σεν,
378 4918 541 4981 οὗτος
604 4916 661 4973 δὲ
718 4918 1103 4991 ἀπεπλανήθη·
1167 4920 1228 4974 οὐ
1288 4917 1376 4974 διὰ
1430 4918 1630 4991 ταύτης
1662 4918 1718 4975 δὲ
1772 4922 1873 4990 τῆς

201 5003 682 5086 ἀμφισϐητήσεως
738 5008 943 5073 ἐκεῖνος
1003 5010 1097 5083 μὲν
1158 5009 1461 5080 ἐπλάνησεν
1504 5053 1519 5082 ,
1598 5011 1755 5071 οὗτος
1815 5008 1872 5064 δὲ

199 5096 521 5168 ἐπλανήθη.
549 5096 710 5154 Ἀλλ’
739 5098 887 5153 αἰτία
915 5103 1011 5153 τοῦ
1059 5120 1116 5154 τε
1163 5098 1449 5174 παρελθεῖν
1512 5099 1588 5161 εἴς
1634 5100 1696 5153 τὸ
1728 5098 1869 5154 πλα-

196 5192 371 5255 νῆσαι
401 5187 494 5240 τὸν
542 5184 916 5257 πλανήσαντα,
967 5187 1056 5242 καὶ
1110 5193 1206 5243 τοῦ
1238 5186 1629 5264 παραδέξασθαι
1676 5188 1742 5242 τὰ
1770 5189 1869 5256 τῆς

194 5274 426 5345 πλάνης
475 5276 565 5330 τὸν
623 5274 1001 5346 πλανηθέντα,
1064 5273 1472 5354 ἀμφισϐήτησίς
1529 5298 1612 5341 τις
1658 5278 1747 5347 ἦν,
1806 5278 1866 5346 ἣν

197 5360 356 5437 ἔχων
394 5365 421 5417 6
452 5363 671 5437 ὕστερον
706 5365 1001 5436 πλανηθεὶς
1035 5366 1168 5439 μετὰ
1224 5368 1390 5437 τινὸς,
1445 5365 1559 5421 ἐπεὶ
1602 5365 1699 5420 οὐκ
1755 5363 1869 5420 ἐδύ-

195 5474 340 5507 νατο
394 5452 718 5528 κατισχύσαι
769 5460 865 5510 τοῦ
914 5455 1141 5531 θράσους
1216 5455 1422 5511 ἐκείνου
1461 5498 1475 5524 ,
1548 5455 1684 5531 πρὸς
1761 5456 1864 5524 τὴν

198 5541 434 5612 πλάνην
486 5540 760 5599 ἀπέκλινεο
809 5548 972 5600 τοῦτο
1018 5546 1123 5621 γὰρ
1155 5542 1325 5617 δηλοῖ
1369 5544 1459 5601 καὶ
1514 5542 1578 5601 τὰ
1622 5543 1870 5622 ἐπιφερό-

289 5755 365 5831 (ε)
397 5756 540 5817 an.
571 5772 649 5828 xx,
677 5757 766 5816 55.
841 5757 907 5832 (ι)
939 5759 1077 5818 Luc.
1108 5776 1209 5831 vn,
1240 5759 1331 5817 39.

1982 4746 2211 4800 laedere.
2245 4745 2510 4815 Cumque
2556 4744 2877 4799 instituerit
2923 4745 2996 4796 de
3044 4749 3289 4814 utroque
3323 4744 3625 4798 hominum

1981 4850 2192 4906 genere
2220 4840 2409 4889 texere
2430 4850 2787 4900 sermonem,
2811 4832 2909 4903 qui
2934 4834 3162 4887 decreto
3187 4837 3458 4903 certoque
3488 4848 3627 4885 con-

1982 4923 2115 4979 silio
2147 4923 2205 4977 in
2238 4923 2532 4995 proximos
2573 4926 2780 4994 parant
2810 4938 2937 4977 esse
2965 4921 3050 4975 vel
3080 4920 3303 4991 injurii,
3336 4921 3425 4974 vel
3458 4921 3628 4974 bene-

1982 5012 2075 5067 ﬁci
2109 5030 2121 5066 :
2158 5012 2227 5066 de
2258 5012 2329 5066 iis
2362 5012 2532 5066 modo
2556 5012 2717 5065 affert
2741 5011 3045 5079 rationem,
3071 5010 3169 5080 qui
3201 5009 3257 5063 in
3292 5010 3437 5063 alios
3467 5009 3629 5078 inju-

1980 5100 2052 5155 rii
2082 5117 2209 5155 esse
2240 5099 2488 5155 malunt.
2521 5100 2665 5155 Nam
2699 5098 2798 5169 qui
2831 5099 3109 5167 injuriam
3153 5098 3379 5153 fortiter
3412 5098 3625 5163 ferunt,

1980 5206 2225 5261 regnum
2256 5189 2355 5245 Dei
2386 5189 2724 5243 haereditate
2757 5195 3200 5258 consequuntur
3234 5204 3245 5241 :
3279 5191 3503 5252 contra,
3529 5187 3628 5257 qui

1979 5279 2204 5349 injuriae
2237 5282 2375 5333 sunt
2405 5284 2693 5345 auctores,
2725 5277 2783 5330 in
2813 5277 2919 5331 hac
2944 5276 3180 5347 quidem
3215 5276 3335 5330 vita
3365 5275 3540 5331 simul
3575 5282 3633 5332 et

1978 5367 2040 5423 in
2076 5369 2269 5423 futura
2300 5385 2501 5439 pwnas
2532 5367 2758 5421 dabunt
2788 5365 3085 5420 destinatae
3114 5364 3349 5420 malitiae
3369 5364 3628 5430 ultrices,

1977 5457 2201 5529 perpeti
2234 5459 2565 5511 daamonum
2592 5454 2804 5509 addicti
2823 5454 3137 5509 consortio.
3160 5454 3260 5509 His
3291 5453 3504 5509 decisis
3525 5469 3628 5524 ag-

1978 5545 2242 5617 greditur
2291 5541 2844 5600 commentationem
2894 5543 2966 5598 de
3012 5542 3405 5616 famigerabili
3434 5559 3499 5599 ac
3542 5541 3632 5597 di-
