4062 6366
500 396 607 452 479

1323 393 1692 447 ΔΡΡΕΝΒΙΧ
1729 393 1827 445 AD
1862 390 2102 444 OPERA
2139 390 2160 442 Ε

2270 389 2557 445 )IONYSII
2594 389 3099 445 ARROPAGITE.
3787 396 3875 450 480

500 518 632 573 vina
662 516 763 572 illa
791 516 1037 570 visione.
1093 513 1196 569 Hic
1226 512 1323 569 ille
1371 516 1461 568 est
1492 513 1733 583 Carpus,
1767 513 1934 582 cujus
1965 509 2153 565 admi-

2272 530 2428 581 μενον
2461 553 2474 577 ,
2545 509 2635 564 καὶ
2702 504 2827 564 τῶιί
2866 508 3082 583 ἀλόγως
3142 508 3543 581 θρασυνομίνων
3610 522 3872 589 σωφρονεῖν

500 606 701 661 rabilis
734 604 950 659 Paulus
985 602 1390 657 commeminit
1423 602 1479 655 in
1512 601 1831 673 posteriore
1863 600 1932 655 ad
1965 600 2160 653 Timo-

501 696 705 750 theum
738 693 1004 765 epistola.
1041 694 1095 747 Is
1145 697 1531 746 sacrosancta:
1583 689 1927 745 confectioni
1961 705 2155 743 sacra-

502 790 831 840 mentorum
866 800 980 837 non
1015 782 1177 852 prius
1206 798 1444 834 manum
1466 780 1834 846 admovebat,
1858 795 2031 848 quam
2060 794 2159 847 per

500 874 783 928 visionem
827 873 978 926 inter
1035 887 1132 924 eas
1188 886 1409 940 preces,
1470 885 1598 939 quae
1658 866 2155 923 consecrationem

499 967 804 1025 anteeunt,
838 960 1233 1015 declararetur
1256 959 1490 1027 dignus.
1517 958 1799 1012 Czeterum
1831 953 2156 1029 προτέλειαν

500 1068 598 1106 eas
618 1067 816 1121 preces
838 1049 1224 1104 Athenienses
1243 1047 1458 1113 dixere,
1480 1064 1605 1117 qua
1630 1063 1746 1100 una
1768 1062 1900 1099 cum
1954 1045 2163 1099 hostiis

502 1140 738 1212 nuptias
773 1139 1206 1211 praecurrebant
1239 1155 1250 1192 :
1284 1132 1447 1195 τέλος
1473 1135 1761 1205 siquidem
1786 1132 1962 1207 γάμον
1995 1149 2159 1188 voca-

503 1230 661 1296 bant,
698 1228 805 1282 hoc
854 1232 943 1282 est
994 1226 1253 1296 nuptias,
1291 1230 1352 1278 ut
1405 1241 1532 1295 quae
1584 1223 1882 1278 hominem
1925 1222 2160 1277 iuitient

501 1324 556 1373 et
588 1317 893 1388 perﬁciant
925 1316 994 1369 ad
1049 1316 1178 1369 vitae
1227 1314 1401 1367 istius
1454 1312 1976 1367 conservationem.
2012 1315 2158 1382 Ergo

501 1409 676 1461 etiam
714 1406 950 1475 nuptias
985 1420 1086 1475 pro
1119 1406 1483 1457 sacramento
1526 1402 1843 1456 habebant.
1880 1400 2161 1455 Dicebant

502 1501 699 1551 autem
730 1491 1109 1566 προτελεῖσθαι
1156 1496 1209 1545 et
1258 1494 1643 1565 προμυεῖσθαι,
1696 1489 1864 1560 quasi
1899 1490 2159 1543 dicerent

502 1591 633 1639 ante
666 1600 787 1638 rem
822 1598 1047 1636 sacram
1078 1581 1316 1635 lustrari
1351 1597 1414 1634 ac
1436 1597 1611 1651 puros
1642 1578 1824 1646 reddi,
1847 1578 1913 1631 ad
1940 1582 2151 1649 myste-

501 1674 570 1729 rii
606 1677 971 1743 apparatum.
997 1668 1358 1739 Quodigitur
1391 1686 1423 1723 a
1454 1667 1773 1738 gentilibus
1797 1667 1866 1721 ad
1895 1666 2160 1736 impieta-

500 1768 617 1818 tem
647 1761 1027 1825 referebatur,
1050 1760 1156 1813 boc
1187 1760 1255 1813 ad
1285 1762 1499 1812 nostrae
1524 1756 1839 1811 verissimae
1860 1753 2156 1823 religionis

502 1850 848 1924 mysterium
916 1848 1195 1903 derivavit
1252 1848 1440 1901 Pater.
1511 1846 1622 1900 Sed
1691 1849 1748 1900 et
1803 1840 2155 1917 προτελείους

502 1938 665 2014 εὐχάς
696 1939 863 2003 dixit,
899 1937 1179 1991 nimirum
1233 1952 1331 1990 eas
1384 1934 1768 2006 precationes,
1802 1950 1931 2004 quas
1961 1932 2155 1987 initia-

501 2030 723 2083 tionem
756 2030 1017 2098 praeeunt
1038 2024 1413 2091 sacramenti,
1437 2042 1536 2095 pro
1560 2023 1929 2093 impetranda
1959 2022 2156 2092 expia-

500 2118 680 2183 tione,
716 2132 781 2170 ac
813 2114 958 2169 nulli
1011 2114 1447 2185 prsejudicanda
1496 2111 1984 2166 transmutatione
2024 2128 2159 2181 per-

505 2206 835 2261 fectissimae
868 2203 1045 2258 simul
1079 2210 1134 2257 et
1165 2202 1519 2274 perﬁcientis
1543 2201 1740 2271 gratiae
1764 2204 2156 2255 sacramento-

502 2312 656 2351 rum.
680 2295 789 2349 Sed
817 2311 942 2365 quze
971 2292 1203 2348 interim
1229 2296 1365 2345 sunt
1386 2291 1675 2360 ejusmodi
1701 2306 1897 2361 preces
1920 2289 2160 2344 Ηίιανίίε

502 2384 671 2440 dictas
696 2386 718 2438 Ρ
742 2386 893 2437 Sane
914 2383 1040 2437 dies
1064 2382 1300 2451 quidam
1334 2385 1500 2434 erant
1522 2378 1863 2433 idololatriae
1886 2377 2156 2445 addictis,

503 2491 652 2546 quos
684 2474 789 2527 hoc
821 2474 1058 2527 nomine
1085 2471 1374 2525 dicebant.
1404 2469 1649 2523 Privatae
1680 2472 1872 2522 autem
1909 2466 1993 2520 ha
2026 2483 2158 2521 cen-

503 2564 803 2628 sebantur,
839 2566 903 2615 ut
951 2577 1083 2615 cum
1136 2560 1269 2630 quis
1322 2574 1560 2613 uxorem
1615 2558 1871 2629 primum
1919 2555 2163 2609 duxerat

504 2657 607 2708 aut
637 2668 701 2707 ex
739 2666 916 2705 uxore
944 2648 1451 2720 exceperatﬁlium
1483 2667 1496 2715 ;
1531 2663 1876 2702 communes
1897 2650 1951 2699 et
1979 2643 2163 2715 publi-

504 2758 604 2809 cae,
638 2741 789 2797 272
826 2745 890 2793 ut
922 2756 1055 2793 cum
1091 2738 1385 2808 quispiam
1420 2754 1598 2806 regno
1630 2737 2019 2806 inauguratus
2051 2733 2162 2803 pri-

505 2847 669 2885 mum
702 2844 1019 2899 recensque
1070 2844 1169 2881 rex
1216 2825 1567 2891 declaratus,
1604 2823 1867 2895 publicas
1912 2822 2162 2877 Hilarias

503 2920 821 2973 indicebat.
856 2916 1011 2970 Nulli
1046 2932 1148 2985 per
1177 2932 1275 2969 eos
1309 2914 1660 2968 dieslicebat
1690 2912 1965 2980 gestitare
1992 2911 2160 2981 quid-

504 3023 679 3079 quam
713 3006 982 3075 lugubre,
1016 3006 1113 3058 sed
1151 3002 1487 3073 spectacula
1514 3001 1915 3071 sacriﬁciaque
1947 3001 2005 3054 in
2038 3000 2161 3054 dies

507 3096 771 3167 singulos
809 3093 1273 3148 celebrabantur.
1324 3094 1368 3145 A
1399 3090 1557 3145 luctu
1594 3089 1705 3144 sibi
1737 3090 2159 3160 temperabant,

502 3183 605 3255 qui
631 3183 687 3236 in
714 3182 875 3237 luctu
900 3190 1064 3235 erant
1083 3184 1412 3250 tum,atque
1441 3180 1765 3233 intererant
1788 3175 2160 3248 spectaculis,

2269 599 2712 674 ἀναγκαζομένων
2750 644 2762 665 ,
2826 596 3086 667 δηλονότι
3140 603 3245 651 τῶν
3306 596 3627 653 ἀδικούντων
3670 602 3873 675 ἐκείνων,

2270 685 2338 740 δι’
2398 686 2488 747 οὒς
2549 690 2575 741 6
2605 685 2903 755 πλανηθεὶς
2939 686 3013 747 εἷς
3045 687 3141 754 τὴν
3177 684 3387 756 πλάνην
3447 684 3635 742 ἔδωκεν
3696 691 3875 762 ἑαυτὸν,

2270 774 2687 845 δεινοπαθήσας.
2735 775 2859 829 Δὲον
2910 780 3036 850 γοῦν
3092 781 3313 830 τοιαῦτα
3367 776 3625 852 γενέσθαι,
3682 781 3706 832 6
3763 781 3873 856 Κάρ.

2268 886 2389 931 πος,
2453 866 2551 918 οὒκ
2605 863 2707 918 οἶδ’
2762 866 2909 926 ὅπως
2960 866 3059 933 τήν
3103 866 3319 934 πικρίαν
3380 864 3615 935 ἑντῆξας,
3672 890 3879 925 κατεκοι-

2272 956 2445 1025 μήθη.
2480 954 2606 1028 Περὶ
2644 951 2699 1007 δὲ
2729 955 2789 1007 τὸ
2827 953 3174 1023 μεσονύκτιον
3200 954 3333 1007 κατα
3361 953 3423 1007 τὸ
3452 955 3667 1024 σύνηθες
3699 954 3880 1033 διεγερ-

2270 1042 2380 1105 θεὶς
2406 1043 2479 1104 εἷς
2508 1043 2683 1104 θείους
2718 1042 2917 1115 ὕμνους
2950 1045 3048 1115 (8),
3082 1040 3207 1097 οὐδὲ
3244 1042 3428 1104 καλῶς
3477 1044 3880 1110 ἀναπαυσαμενος

2270 1129 2356 1185 διὰ
2380 1133 2470 1186 τὸν
2499 1138 2599 1200 τῆς
2633 1135 2817 1206 ψυχῆς
2851 1126 3080 1207 θόρυϐον
3114 1129 3481 1207 ἐδυσχέραινε,
3531 1134 3618 1186 καὶ
3647 1139 3735 1188 τοῦ
3771 1142 3883 1191 Θεοῦ

2268 1218 2461 1288 ἐδεῖτο,
2496 1220 2746 1297 ἀφανίσαι
2778 1221 2869 1275 καὶ
2904 1220 3242 1298 ἀμφοτὲρους
3277 1218 3366 1274 διὰ
3396 1229 3726 1297 πρηστῆρος,
3756 1225 3882 1279 οἱον-

2269 1312 2310 1364 εὶ
2344 1314 2605 1383 κεραυνοῦ
2639 1310 2767 1381 (ἀπὸ
2825 1314 2921 1364 τοῦ
2981 1312 3178 1384 πρῆθω
3230 1310 3292 1364 τὸ
3348 1311 3489 1364 καίω
3547 1312 3684 1385 (9)
3732 1316 3885 1369 Ταῦτα

2268 1398 2467 1474 λέγων,
2527 1397 2703 1469 ἔδοξεν
2768 1397 2898 1453 ἰδεῖν
2932 1400 3029 1467 τὴν
3081 1394 3314 1477 φοϐερὰν
3368 1398 3575 1468 ἐκείνην
3629 1400 3879 1469 ὀπτασίαν,

2267 1491 2389 1564 περὶ
2421 1490 2488 1558 ἧς
2537 1490 2673 1544 κατὰ
2704 1489 2899 1545 λεπτὸν
2962 1488 3250 1564 διηγεῖται.
3314 1490 3411 1544 Καὶ
3466 1493 3649 1563 ἡμεῖς,
3707 1492 3772 1553 ὡς
3806 1514 3883 1546 σα-

2269 1584 2400 1655 φοῦς
2461 1578 2650 1649 οὔσης,
2704 1580 2769 1633 τὰ
2824 1583 2923 1644 τῆς
2976 1578 3281 1653 ἐξηγήσεως
3312 1578 3703 1652 παρελίπομεν,
3748 1580 3883 1635 τοῦτο

2274 1670 2436 1741 μόνον
2492 1668 2802 1729 ἐπειπόντες
2852 1668 2975 1741 περὶ
3020 1672 3127 1722 τῶν
3180 1667 3725 1743 ὑπογαργαλιζόντων
3775 1671 3888 1742 (l0),

2266 1759 2354 1811 xui
2407 1755 2495 1811 διὰ
2547 1759 2747 1819 παντὸς
2784 1756 2857 1819 εἰς
2888 1758 2949 1811 τὸ
2980 1758 3178 1831 ἀχανὲς
3211 1760 3326 1829 (11)
3379 1752 3673 1827 ἐμϐάλλειν
3726 1778 3883 1831 μηχα-

2266 1848 2537 1918 νωμένων.
2616 1846 2933 1919 Σημείωσαι
3011 1846 3093 1901 ὅτι
3161 1851 3277 1907 πῶς
3337 1848 3365 1900 ὁ
3426 1840 3681 1908 διάϐολος
3740 1846 3885 1921 ῥίπτει

2266 1936 2394 1999 τοὺς
2424 1935 2742 2009 ἀνθρώπους
2795 1935 2871 1996 εἷς
2925 1936 2986 1989 τὸ
3048 1934 3238 1997 σκότος
3268 1935 3330 1988 τὸ
3363 1935 3643 2005 ἐξώτερον,
3675 1934 3793 2010 ὅπερ
3822 1934 3887 1988 ἐν·

2266 2030 2434 2087 ταῦθα
2492 2025 2690 2097 ἀχανὲς
2751 2022 2929 2095 καλεῖ,
2986 2023 3230 2078 τουτέστι
3282 2024 3575 2099 βάραθρον,
3630 2024 3877 2093 ﬂama»,

2268 2115 2302 2183 ἢ
2334 2113 2421 2166 καὶ
2454 2114 2609 2176 ὠθῶν
2637 2112 2763 2175 τοὺς
2790 2115 3145 2185 πειθομένους
3180 2112 3345 2184 αὐτῷ·
3406 2110 3518 2166 ἔστι
3568 2110 3623 2165 δὲ
3680 2111 3760 2167 ὅτε
3809 2111 3881 2165 καὶ

2269 2200 2514 2275 ἀσελγεῖς
2569 2201 2886 2274 ἀνθρώπους
2940 2200 3230 2276 συνεργοὺς
3282 2200 3444 2255 αὐτοῦ
3495 2196 3777 2273 λαμϐάνων
3824 2199 3884 2259 εἷς

2267 2291 2365 2357 τὴν
2399 2290 2593 2365 ἒτέρων
2630 2292 2864 2359 ἀπάτην,
2896 2290 2971 2350 ὡς
3004 2290 3090 2343 καὶ
3120 2290 3211 2343 τὸν
3248 2287 3662 2364 εἰδωλολάτρην
3712 2287 3788 2342 ἰπὶ
3812 2289 3885 2341 τὸν

2270 2379 2634 2448 ἀπατηθέντα,
2688 2379 2806 2451 περὶ
2869 2379 2931 2432 οὗ
2964 2380 2990 2432 6
3023 2377 3214 2452 λόγος.
3268 2381 3359 2432 Διὸ
3390 2378 3481 2432 καὶ
3514 2377 3566 2432 ἦν
3598 2380 3663 2450 τῇ
3694 2376 3889 2445 ὀπτασίᾳ

2270 2468 2357 2522 καὶ
2392 2466 2587 2543 ἄνδρας
2614 2469 2711 2542 ὁρᾷ
2740 2468 2931 2540 μεταξὺ
2956 2472 3062 2522 τῶν
3098 2464 3298 2544 ὄφεων,
3343 2469 3589 2522 τουτέστι
3636 2471 3736 2521 τῶν
3788 2462 3884 2518 δαι-

2276 2556 2479 2629 μόνων,
2535 2554 2793 2617 ἔλκοντας
2821 2556 2947 2617 τοὺς
2982 2556 3085 2610 ὑπὸ
3114 2561 3209 2610 τοῦ
3268 2552 3535 2611 διαϐόλου
3582 2556 3883 2623 νικηθέντας,

2272 2644 2344 2699 ὧν
2397 2648 2543 2717 ἡμᾶς
2575 2647 2601 2699 6
2654 2645 2847 2719 Κύριος
2881 2644 3237 2718 ἐλευθερώσοι
3266 2647 3276 2700 l
3331 2647 3407 2702 T6
3439 2643 3521 2713 δὲ,
3555 2648 3791 2704 Ἀκοντες
3818 2642 3890 2696 καὶ

2278 2734 2612 2809 βιαζόμενοι,
2651 2736 2726 2808 μή
2780 2736 3172 2809 ἀναγκαστικήν
3199 2755 3319 2788 τινα
3373 2732 3627 2807 δύναμιν,
3679 2730 3889 2787 τουτέστι

2270 2825 2360 2878 τὸν
2397 2818 2654 2877 διάϐολον
2701 2824 2946 2893 νοητέον,
2980 2825 3053 2884 ὡς
3084 2825 3133 2877 οἱ
3175 2824 3535 2897 Μανιχαϊκοὶ,
3570 2819 3893 2887 Μεσαλιανοὶ,

2272 2910 2437 2987 ἤγουν
2472 2912 2730 2985 Εὐχῖταυ
2790 2909 3021 2983 (μεσάλα
3052 2914 3153 2986 γὰρ
3182 2914 3215 2981 ἡ
3251 2911 3386 2986 εὐχή
3419 2912 3560 2965 κατὰ
3588 2910 3707 2970 τοὺς
3737 2908 3894 2963 Φοίνι-

2272 3009 2413 3071 κας·)
2448 3000 2572 3055 ἀλλ’
2624 3000 2728 3070 ὅτι,
2762 3002 3079 3073 πειθόμενοι
3108 3002 3171 3055 τὸ
3201 3002 3364 3055 κακὸν
3398 3002 3620 3074 πρᾶξαι,
3652 3000 3727 3068 τῷ
3779 2997 3893 3051 ἀπα-

2270 3095 2435 3146 τῶντι
2465 3091 2651 3164 χώραν
2686 3087 2941 3143 διδὸαιλεν
2991 3094 3232 3164 συνεχῶς
3285 3092 3422 3161 ἡμῖν
3466 3088 3803 3153 ἐπιτίθεσθαι,
3855 3082 3896 3151 ἕξ

2272 3182 2431 3252 ἡμῶν
2466 3180 2581 3233 καθ’
2611 3181 2770 3249 ἡμῶν
2805 3173 3142 3251 λαμϐάνοντι
3199 3179 3300 3245 τήν
3332 3177 3520 3252 ἶσχόν.
3571 3174 3896 3243 Ἀδυνατήσιι

502 3272 683 3342 inque
717 3270 968 3342 publicis
999 3270 1279 3324 conviviis
1300 3268 1780 3323 transmittebant
1804 3268 1977 3322 istius
2001 3268 2159 3321 modi

2274 3266 2350 3339 δὲ,
2414 3270 2488 3340 μὴ
2551 3266 2884 3339 πειθομένων
2946 3270 3127 3339 ἡμῶν·
3163 3264 3348 3335 ἐπειδή
3398 3266 3563 3341 ἐγγὺς
3598 3268 3747 3335 ἡμῶν
3777 3262 3896 3317 ἐστιν

501 3360 753 3415 Hilarios
785 3360 928 3414 dies.
955 3359 1035 3411 Ad
1075 3360 1194 3412 haec
1217 3364 1336 3412 erat
1358 3362 1415 3411 et
1446 3358 1716 3411 Romanae
1752 3356 1879 3410 urbi
1906 3354 2160 3426 peculia-

503 3450 644 3504 riter
675 3450 859 3504 festus
892 3449 1040 3513 dies,
1096 3447 1312 3502 Hilaria
1365 3447 1422 3500 in
1458 3447 1738 3501 honorem
1788 3445 1994 3499 matris
2026 3444 2165 3498 deo-

505 3556 636 3593 rum
672 3538 957 3609 ipsorum.
981 3537 1110 3590 Jam
1138 3536 1372 3607 quando
1396 3551 1630 3606 semper
1655 3538 1744 3588 est
1775 3533 1942 3597 illud,
1968 3532 2124 3587 hodie
2146 3550 2165 3587 .·

504 3627 614 3681 hac
644 3643 781 3680 voce
808 3624 1145 3680 subindicat
1175 3640 1331 3689 eum,
1357 3624 1453 3694 qui
1491 3624 1679 3677 bonus
1712 3640 1823 3677 non
1851 3626 1938 3676 est
1962 3621 2167 3676 tantis-

505 3732 609 3787 per
639 3716 779 3769 dum
810 3714 970 3781 vivit,
1007 3729 1238 3783 semper
1268 3729 1395 3766 esse
1418 3712 1880 3766 admonendum.
1914 3711 2163 3775 Quidam

504 3809 702 3859 tamen
736 3802 947 3857 inscite
981 3802 1301 3856 admodum
1336 3807 1576 3855 tuentur
1608 3802 1900 3855 diversam
1933 3805 2167 3853 senten-

504 3894 671 3961 tiam,
705 3891 938 3947 oraculo
983 3890 1313 3961 apostolicae
1367 3890 1642 3945 doctrinae
1676 3889 1899 3943 inducti
1938 3905 1949 3941 :
1988 3890 2167 3944 Haere-

511 3981 684 4036 tieum
714 3979 987 4035 hominem
1018 3988 1135 4049 post
1168 3978 1407 4041 primam
1434 3989 1483 4033 et
1513 3980 1745 4033 alteram
1773 3980 2171 4048 correptionem

896 4068 1093 4123 minus
1125 4086 1267 4123 sane
1298 4068 1690 4139 intelligentes
1724 4067 2011 4121 dictorum
2060 4068 2202 4135 vim,
2251 4086 2377 4140 qua:
2408 4086 2469 4124 se
2502 4068 2719 4138 alioqui
2769 4084 2837 4123 ex
2886 4068 3386 4139 consequentibus
3437 4064 3768 4121 clarissima
3794 4060 3900 4115 luce

511 4072 697 4125 devita
728 4070 807 4140 (υ)
844 4084 857 4122 :

2270 3360 2304 3426 ἡ
2343 3358 2565 3430 βοήθεια
2594 3360 2691 3410 τοῦ
2724 3360 2878 3424 Θεοῦ,
2914 3350 3526 3428 συνεπιλαμϐανομὲνη,
3574 3355 3647 3415 ὡς
3680 3351 3830 3421 δηλοῖ
3849 3349 3902 3403 τὰ

2272 3445 2483 3523 {cpt-:57}?
2544 3446 2605 3499 τὸ
2666 3444 2722 3499 δὲ
2776 3447 2867 3513 Μὴ
2905 3442 3091 3499 ἄλλων
3127 3444 3551 3519 ἁμαρτανόντων
3613 3440 3900 3515 ἀνθρώπων,

2270 3538 2377 3587 τῶν
2420 3533 2792 3603 σταυρούντων
2827 3530 3067 3604 δηλαδὴ,
3130 3533 3204 3594 ὡς
3236 3531 3294 3586 ἂν
3341 3532 3385 3586 εἰ
3431 3532 3638 3605 ἔλεγεν·
3669 3533 3899 3599 Ἕτοιμος

2270 3621 2360 3676 καί
2413 3620 2561 3683 αὖθις
2618 3622 2869 3697 πάσχεινο
2909 3622 3071 3693 μόνον
3115 3622 3175 3675 οὐ
3225 3619 3293 3675 δι’
3344 3620 3665 3695 ἀνθρώπων,
3712 3617 3794 3672 ’ἕνα
3840 3615 3898 3687 μὴ

2272 3712 2359 3765 καὶ
2422 3710 2588 3765 πάλιν
2640 3712 2952 3784 ἁμάρτωσιν
3012 3712 3317 3784 ἅνθρωποι.
3380 3710 3701 3783 Σημιίωσαι
3760 3704 3809 3759 δὲ
3859 3702 3898 3756 ἰν

2274 3799 2514 3871 τούτοις,
2570 3802 2650 3854 ὅτι
2701 3799 2835 3853 κατᾶ
2882 3801 2979 3867 τήν
3024 3798 3283 3854 ὀπτασίαν
3332 3800 3418 3853 καὶ
3477 3799 3638 3859 αὐτὸς
3679 3798 3705 3851 ὁ
3735 3793 3901 3867 Κύριος
3955 3821 3964 3833 ·

2277 3888 2509 3963 ἀγαθοὺς
2537 3888 2626 3943 καὶ
2678 3888 3098 3965 φιλανθρώπους
3142 3886 3300 3942 καλεῖ
3340 3886 3475 3951 τοὺς
3534 3886 3717 3961 ἁγίους
3770 3878 3903 3957 ἀγγέ-

2280 3976 2434 4040 λους.

516 4159 723 4229 aperit.
756 4158 1054 4228 Siquidem
1088 4158 1375 4227 ejusmodi
1429 4162 1559 4228 post
1609 4156 1857 4228 primam
1892 4161 1943 4210 et
1994 4159 2309 4212 secundam
2364 4157 2826 4213 admonitionem
2874 4156 3131 4222 evitatio,
3157 4158 3321 4225 justa
3368 4161 3496 4210 tum
3531 4154 3711 4210 videri
3741 4149 3904 4214 debet,

515 4251 572 4301 et
605 4246 819 4301 rationi
855 4247 1249 4313 consentiens,
1285 4248 1519 4317 quando
1571 4245 1654 4300 sic
1704 4245 2097 4315 admonitum,
2146 4247 2197 4301 is
2246 4247 2347 4317 qui
2400 4246 2639 4302 docendi
2675 4245 2853 4317 pollet
2886 4246 3251 4313 auctoritate,
3312 4262 3417 4300 suo
3475 4242 3738 4314 exemplo
3780 4237 3911 4310 prior

514 4336 801 4401 vitaverit,
838 4339 901 4389 ut
932 4335 1028 4406 qui
1064 4336 1223 4403 sciat,
1261 4336 1399 4406 quia
1428 4335 1749 4390 subversus
1780 4338 1867 4389 est
1910 4335 2224 4403 ejusmodi,
2258 4336 2488 4391 etiamsi
2542 4335 2740 4404 lateat,
2774 4352 2905 4390 cum
2940 4336 3015 4391 sit
3046 4335 3283 4406 proprio
3308 4334 3539 4405 judicio
3586 4332 3910 4388 condemna-

513 4438 631 4487 tus.
688 4431 1068 4485 Manifestum
1123 4425 1301 4492 enim,
1363 4424 1501 4494 quia
1549 4422 1767 4476 sanctis
1826 4423 2163 4478 doctoribus
2220 4424 2512 4479 revelatur
2568 4428 2754 4478 status
2803 4423 3131 4478 conditiove
3186 4421 3587 4492 praesentium.
3648 4418 3753 4473 Alii
3801 4427 3910 4468 vero

517 4520 742 4575 dictum
806 4519 917 4573 hoc
950 4533 963 4571 :
1000 4518 1125 4570 Post
1182 4514 1423 4581 primam
1477 4516 1530 4566 et
1586 4515 1818 4566 alteram
1872 4511 2460 4582 admonitionem,,ad
2519 4512 2678 4566 hunc
2736 4528 2977 4567 sensum
3036 4510 3371 4567 intellexere
3416 4527 3427 4563 :
3490 4508 3660 4581 quasi
3718 4505 3911 4560 dictum

517 4608 634 4662 sit:
665 4610 802 4660 Post
834 4604 1159 4659 doctrinam
1213 4618 1280 4655 ex
1328 4604 1533 4655 Vetere
1564 4600 1839 4671 Novoque
1888 4601 2261 4655 Testamento
2308 4601 2741 4671 depromptam.
2796 4599 2926 4654 Jam
2960 4616 3117 4664 vero,
3152 4615 3277 4670 quze
3327 4597 3505 4653 fuerit
3556 4597 3738 4666 Carpo
3788 4585 3912 4645 tanti

522 4694 790 4750 mceroris
822 4709 1021 4757 causa,
1074 4692 1242 4746 docet
1294 4706 1306 4743 :
1365 4688 1643 4743 nimirum
1696 4692 1931 4760 propter
1981 4705 2163 4743 unum
2196 4688 2449 4759 aliquem
2501 4688 2571 4742 ab
2612 4687 2793 4743 altero
2848 4688 3127 4760 quopiam
3162 4689 3219 4742 in
3253 4703 3510 4743 errorem
3545 4704 3576 4740 a
3618 4684 3727 4738 fide
3752 4678 3912 4735 abdu-

518 4792 703 4841 ctum.
738 4782 1130 4838 Conveniebat
1160 4796 1297 4835 sane
1328 4779 1577 4849 Carpum
1612 4778 2035 4850 prospicienter
2065 4777 2369 4833 consulere
2403 4777 2710 4848 utriusque
2754 4776 2952 4842 saluti,
2989 4785 3162 4847 atque
3210 4777 3291 4831 ita
3314 4775 3541 4846 jugiter
3572 4765 3913 4828 admonendo

517 4875 627 4929 bos
658 4873 973 4945 provehere
1026 4871 1098 4925 ab
1148 4885 1340 4924 errore
1391 4869 1459 4921 ad
1510 4868 1607 4922 Dei
1657 4866 2074 4938 cognitionem,
2110 4872 2173 4922 ut
2220 4865 2307 4921 vel
2357 4866 2394 4920 ii
2445 4868 2681 4920 demum
2735 4866 3023 4936 abjuratis
3072 4865 3394 4934 recisisque
3442 4859 3913 4933 disceptationum

519 4963 787 5029 remoris,
845 4966 1081 5034 propter
1130 4976 1276 5030 quas
1328 4959 1473 5013 forte
1520 4957 1614 5011 ille
1665 4957 1901 5028 quidem
1952 4956 2204 5012 alterum
2256 4957 2314 5010 in
2370 4971 2624 5011 errorem
2678 4955 2939 5026 pellexit,
2974 4955 3068 5009 bic
3115 4961 3309 5009 autem
3362 4969 3579 5025 passus
3631 4954 3719 5005 est
3764 4962 3819 5001 se
3863 4957 3917 5034 eo

515 5052 743 5124 prolici.
780 5051 893 5105 Nec
948 5055 1141 5103 tamen
1194 5048 1266 5101 ob
1314 5047 1463 5100 banc
1514 5047 1698 5117 ipsam
1755 5046 2214 5101 controversiam
2266 5045 2362 5099 ille
2413 5045 2660 5099 alterum
2712 5044 2960 5114 decepit,
2994 5042 3139 5098 alter
3188 5044 3328 5098 item
3373 5042 3510 5097 sivit
3542 5038 3653 5095 sibi
3699 5028 3915 5105 imponi.

519 5142 727 5197 Verum
781 5157 959 5195 causa
1010 5139 1181 5192 istius
1231 5136 1708 5206 trangressionis,
1762 5152 1935 5206 quam
1981 5134 2078 5189 ille
2128 5134 2363 5206 quidem
2414 5133 2746 5189 seducendo
2801 5132 3060 5198 admisit,
3096 5132 3233 5187 dum
3269 5130 3546 5195 seduxit;
3595 5126 3689 5183 hic
3746 5127 3916 5179 autem

520 5232 823 5293 seductus,
853 5228 1185 5297 recipiendo
1216 5226 1389 5280 istius
1422 5224 1759 5296 impostoris
1792 5224 2221 5295 suggestioncs,
2266 5222 2388 5277 haec
2420 5227 2510 5278 est
2544 5240 2554 5277 :
2592 5226 2797 5277 Exorta
2846 5225 2969 5275 erat
3012 5220 3406 5275 controversia
3436 5218 3733 5288 quaedam,
3765 5221 3913 5281 quam

516 5318 564 5373 is
596 5318 695 5389 qui
734 5318 971 5371 demum
1024 5316 1315 5369 abductus
1363 5319 1451 5369 est
1482 5314 1540 5367 in
1589 5328 1867 5380 errorem,
1921 5328 2053 5366 cum
2087 5312 2367 5365 adversus
2414 5310 2666 5365 alterum
2716 5309 2957 5363 haberet
3005 5325 3199 5363 coram
3243 5306 3460 5378 judice,
3517 5320 3624 5359 nec
3674 5300 3823 5355 illius
3868 5292 3915 5346 in

520 5425 582 5463 se
616 5388 817 5479 posset
848 5406 1061 5461 elidere
1096 5404 1367 5459 ferociam
1419 5409 1519 5458 aut
1568 5400 1875 5475 praevalere
1911 5419 1922 5456 :
1958 5402 2029 5455 ab
2079 5401 2416 5473 integritate
2445 5401 2684 5455 tandem
2734 5399 2864 5453 ﬁdei
2916 5398 3147 5453 deﬂexit
3194 5398 3252 5451 in
3303 5411 3563 5452 errorem
3606 5388 3912 5465 gentilium.

520 5498 583 5554 Id
616 5477 818 5554 verum
863 5512 992 5552 esse
1047 5494 1362 5553 manifesto
1415 5494 1695 5563 declarat,
1748 5492 1900 5563 quod
1957 5490 2205 5547 infertur
2236 5506 2249 5546 :
2284 5491 2346 5548 Et
2376 5492 2443 5545 ab
2494 5489 2585 5556 iis,
2635 5502 2760 5560 quae
2802 5493 3007 5561 praeter
3054 5486 3327 5544 rationem
3377 5484 3646 5540 audacter
3694 5477 3913 5535 admise-

592 5710 678 5787 (u)
707 5711 818 5770 Tit.
849 5726 935 5783 ιιι,
974 5708 1060 5769 10.
