4062 6366
188 410 285 467 481
1005 413 1469 469 ΡΔΟΗῩΜΕΒΕ
1509 412 1859 468 PARAPHR.

1973 411 2012 462 Β
2048 412 2125 465 IN
2162 412 2319 465 ΕΡΡ.
2359 413 2417 466 S.
2458 412 2793 470 DIONYBII.
3498 420 3607 475 482

185 539 327 604 rant,
359 534 663 605 resipicere
712 536 865 592 278
911 543 1280 605 congerentur
1326 554 1345 591 :
1399 536 1553 607 quod
1603 532 1871 590 videlicet
1914 531 2011 588 ille
2061 550 2093 587 a
2123 550 2185 589 se
2218 533 2565 591 laedentibus
2599 536 2810 593 misere
2859 538 2935 594 sit
2985 544 3283 613 acceptus,
3315 559 3417 614 per
3458 559 3607 615 quos

188 626 489 690 seductus,
526 625 583 678 in
618 642 872 680 errorem
906 642 965 680 se
997 626 1239 681 dedidit.
1275 626 1528 681 Deeebat
1576 624 1775 695 itaque
1819 623 1938 677 haec
1968 623 2091 677 ﬁeri
2126 640 2229 693 pro
2279 622 2416 680 illis.
2450 626 2674 696 Carpus
2726 627 2961 683 interim
3008 630 3149 684 dum
3201 631 3373 699 hanc,
3407 633 3604 689 nescio

188 731 299 785 quo
334 720 525 784 pacto,
562 713 893 783 illiquasset
941 715 1398 769 amaritudinem
1451 714 1648 770 animo
1703 730 1831 779 suo,
1866 712 2235 767 obdormivit.
2287 714 2454 770 Circa
2503 716 2763 770 medium
2816 719 3000 773 noctis
3033 736 3132 789 pro
3182 722 3611 778 consuetudine

183 806 408 871 Carpus
459 818 670 857 somno
720 820 1025 868 excussus,
1058 810 1113 858 et
1164 805 1232 858 ad
1286 804 1518 858 divinas
1565 802 1786 858 excitus
1837 801 2063 867 laudes,
2097 818 2233 856 cum
2286 802 2499 872 alioqui
2552 822 2653 875 per
2702 805 3147 861 tumultuariam
3200 809 3608 880 intemperiem

188 891 452 962 pressius
489 890 843 945 insidentem
877 891 1074 945 animo
1105 890 1476 946 incommode
1520 891 1867 963 requiesset,
1899 890 2154 961 graviter
2204 891 2442 957 ferebat,
2476 896 2532 945 et
2561 892 2907 962 permoleste
2942 911 2953 949 :
2989 894 3173 949 Deum
3209 896 3449 967 insuper
3478 914 3613 952 ora-

184 980 303 1043 bat,
358 984 686 1049 utrumque
736 984 799 1034 ut
848 980 1215 1051 disperderet
1255 980 1475 1036 cinlesti
1533 981 1771 1035 ﬂamma
1829 995 1895 1033 ac
1923 978 2100 1034 veluti
2161 979 2406 1034 fulmine
2466 982 2767 1051 quopiam.
2812 984 3070 1055 Πρησττςρ
3120 985 3276 1038 enim
3307 987 3545 1055 fulmen,
3579 1004 3613 1041 a

184 1068 381 1140 πρήθω
417 1068 777 1123 deducitur:
816 1068 922 1122 hoc
973 1080 1080 1135 est,
1131 1067 1290 1135 καίω,
1340 1068 1593 1127 incendo.
1646 1068 1847 1122 aduro.
1900 1068 1968 1121 Et
1999 1066 2117 1121 haee
2148 1084 2283 1122 cum
2317 1068 2553 1134 diceret,
2586 1070 2744 1124 visus
2797 1076 2886 1125 est
2938 1071 3131 1126 videre
3177 1072 3608 1128 formidabilem

186 1156 347 1211 illam
382 1157 697 1227 visionem,
731 1173 905 1227 quam
940 1157 1143 1212 subtili
1173 1159 1491 1213 admodum
1526 1158 1895 1213 enarratione
1926 1160 2207 1211 recenset.
2241 1156 2356 1211 Nos
2388 1157 2568 1228 igitur
2600 1164 2663 1213 ut
2690 1161 2964 1215 omnibus
2997 1162 3326 1216 confessam
3360 1162 3611 1217 nullius-

190 1262 299 1317 que
353 1245 663 1317 indignam
717 1246 1122 1316 expositionis,
1177 1247 1512 1312 omisimus,
1544 1246 1654 1300 hoc
1704 1250 1933 1299 tantum
1970 1244 2373 1315 subjicientes,
2424 1247 2494 1300 de
2542 1248 3035 1317 demulcentibus,
3068 1250 3347 1321 omnique
3389 1250 3614 1307 ratione

185 1334 239 1389 in
274 1333 541 1389 hiulcam
586 1334 745 1389 illam
778 1335 1115 1407 voraginem
1150 1336 1396 1391 miseros
1445 1335 1753 1390 deturbare
1803 1332 2203 1388 molientibus.
2254 1334 2404 1390 Nota
2451 1339 2508 1389 et
2537 1352 2604 1390 ex
2635 1336 2727 1389 his
2758 1336 2986 1408 collige,
3021 1355 3200 1409 quam
3235 1340 3448 1394 misere
3482 1339 3607 1393 dia-

186 1423 359 1477 bolus
412 1422 686 1478 homines
738 1424 1057 1494 praecipitet
1104 1424 1162 1479 in
1216 1426 1487 1480 tenebras
1534 1423 1666 1478 illas
1716 1421 2046 1487 exteriores,
2101 1439 2245 1493 quas
2299 1423 2392 1477 hic
2442 1420 2637 1496 ἀχανές
2688 1432 2873 1491 vocat,
2924 1427 3148 1481 scilicet
3208 1426 3499 1501 βάραθρον,
3555 1428 3610 1481 id

190 1517 274 1568 est
305 1513 645 1568 vastitatem
681 1529 746 1569 ac
798 1514 1156 1586 voraginem.
1206 1516 1509 1580 Homines,
1561 1514 1825 1584 inquam,
1860 1528 1925 1567 eo
1958 1513 2271 1583 protrudit,
2323 1513 2441 1567 sive
2490 1516 2540 1567 is
2571 1515 2649 1568 sit
2682 1514 2892 1583 planus
2926 1515 3020 1571 ille
3052 1520 3108 1570 et
3158 1518 3459 1587 impostor,
3492 1518 3615 1571 sive

188 1602 283 1672 qui
316 1601 577 1672 impellit
605 1620 637 1655 a
668 1617 730 1657 se
764 1619 1075 1673 persuasos
1124 1607 1180 1658 et
1210 1603 1433 1658 illectos
1482 1603 1542 1657 in
1597 1618 1875 1657 errorem.
1910 1602 2006 1655 Est
2039 1601 2133 1655 ubi
2190 1618 2612 1672 nonnunquam
2662 1603 2816 1658 idem
2878 1605 3202 1675 ﬂagitiosos
3232 1606 3615 1676 impurosque

187 1690 562 1761 cooperarios
595 1690 706 1747 sibi
757 1693 1012 1761 asciscit,
1047 1709 1299 1764 quorum
1348 1708 1524 1763 opera
1555 1690 1843 1763 implanat
1889 1689 2201 1761 plerosque
2231 1690 2378 1745 alios
2428 1698 2491 1745 ut
2522 1692 2892 1747 idololatram
2946 1693 3111 1748 illum
3162 1694 3230 1747 ad
3280 1697 3409 1765 ejus
3442 1695 3618 1749 sedu-

187 1779 463 1847 etionem,
499 1780 571 1833 de
608 1796 721 1849 quo
773 1796 1030 1851 prasens
1082 1797 1274 1835 sermo
1324 1787 1431 1835 est.
1465 1782 1832 1850 Quapropter
1878 1778 2101 1849 Carpus
2157 1779 2215 1833 in
2246 1778 2467 1834 visione
2516 1780 2625 1834 hac
2655 1783 2808 1835 viros
2839 1783 3160 1837 etiamnum
3213 1788 3525 1837 contuetur
3553 1782 3613 1837 in

194 1868 386 1923 medio
418 1867 812 1924 consistentes
863 1871 1245 1940 serpentium,
1298 1870 1406 1925 hoc
1455 1874 1544 1924 est
1573 1871 1903 1923 daemonum
1939 1884 1951 1922 :
1988 1868 2088 1938 qui
2139 1868 2210 1922 ab
2244 1869 2539 1923 incentore
2588 1870 2821 1925 diabolo
2870 1872 3052 1926 victos
3104 1872 3506 1942 pertraherent
3544 1873 3615 1927 ad

190 1958 459 2027 Tartara,
494 1975 528 2012 a
559 1958 775 2027 quibus
824 1975 930 2012 nos
977 1959 1209 2013 Domini
1243 1958 1574 2030 benignitas
1623 1957 1851 2012 liberet.

1972 1957 2060 2012 lod
2111 1962 2305 2012 autem
2342 1958 2613 2012 addidit:
2649 1955 2867 2021 ἄκοντες
2914 1958 3001 2012 καὶ
3056 1958 3393 2031 Βιαζόμενοι,
3444 1962 3500 2015 id
3531 1968 3619 2017 est

196 2046 364 2102 inviti
394 2055 446 2100 et
478 2045 752 2101 violenter
792 2048 1048 2116 abrepti:
1082 2064 1195 2101 non
1250 2048 1354 2101 hoc
1386 2047 1539 2101 dicto
1572 2045 1751 2101 ullam
1803 2046 2054 2117 imponit
2103 2047 2473 2101 necessitatis
2504 2047 2637 2113 vim,
2673 2047 2782 2103 hoc
2829 2054 2918 2103 est
2967 2054 3030 2103 ut
3062 2066 3131 2103 ne
3163 2049 3461 2121 intelligas
3493 2051 3617 2105 dia-

202 2134 429 2200 bolum,
485 2135 987 2205 quemadmodum
1040 2136 1362 2206 Maniebaai,
1413 2134 1715 2190 Mcsaliani
1748 2134 1867 2188 sive
1916 2133 2172 2188 Euchitaa
2221 2135 2483 2189 sentiunt
2530 2136 2757 2204 (mesala
2807 2141 2999 2191 autem
3048 2136 3250 2209 lingua
3280 2138 3617 2192 Pbcenicum

201 2226 378 2278 oratio
412 2224 649 2293 dicitur)
678 2242 689 2292 ;
724 2226 825 2279 sed
860 2225 999 2296 quia
1031 2225 1296 2297 persuasi
1329 2232 1394 2280 ut
1424 2225 1563 2280 mali
1596 2225 1921 2296 quidquam
1963 2239 2294 2293 operemur,
2330 2241 2434 2279 nos
2466 2224 2715 2279 ultronei
2748 2226 3009 2281 cedimus
3041 2226 3346 2298 impostori
3377 2227 3569 2282 locum
3607 2246 3619 2283 :

200 2311 335 2367 hinc
388 2329 499 2367 nos
548 2312 786 2384 inopine
837 2331 901 2368 ac
952 2314 1108 2369 velut
1137 2330 1205 2369 ex
1251 2313 1485 2369 insidiis
1516 2314 1797 2378 adoritur,
1848 2329 1917 2367 ex
1965 2312 2136 2367 nobis
2185 2312 2330 2384 ipsis
2380 2313 2529 2368 vires
2563 2315 2873 2370 adversum
2922 2332 3028 2370 nos
3077 2316 3378 2388 colligens.
3415 2316 3616 2387 Neque

200 2402 357 2456 enim
394 2418 513 2456 non
550 2403 851 2473 persuasis
882 2403 1072 2472 nobis,
1109 2404 1319 2473 poterit
1349 2403 1652 2475 quidpiam
1685 2402 1994 2457 adversum
2028 2418 2134 2456 nos
2162 2419 2173 2469 ;
2226 2402 2459 2472 quando
2491 2403 2549 2456 in
2583 2408 2843 2474 tempore
2888 2408 2946 2459 et
2975 2421 3005 2459 e
3032 2404 3221 2459 vicino
3255 2406 3422 2459 adest
3451 2406 3622 2459 nobis

198 2490 506 2545 auxiliaris
538 2489 639 2545 Dei
687 2490 1021 2562 benignitas
1066 2494 1423 2560 coadjuvans
1471 2509 1576 2547 nos
1627 2508 1693 2545 ae
1724 2488 2087 2555 suti'ulciens,
2142 2492 2637 2559 quemadmodum
2686 2492 2945 2562 proxime
2994 2494 3300 2563 sequentia
3335 2494 3622 2547 indicant.

198 2578 347 2633 Illud
406 2579 572 2643 item,
610 2579 749 2632 Dum
796 2594 907 2633 non
957 2579 1063 2633 alii
1092 2580 1336 2634 homines
1364 2589 1582 2650 peccent
1630 2596 1648 2632 :
1697 2576 2090 2648 supplendum
2134 2584 2243 2643 est,
2289 2578 2653 2649 erucifigant,
2688 2597 2753 2633 ae
2802 2580 2849 2634 si
2900 2580 3162 2636 diceret:
3199 2581 3445 2635 Paratus
3490 2596 3620 2635 sum

197 2667 314 2736 pati
344 2668 588 2733 iterum,
620 2672 851 2721 tantum
885 2684 1000 2722 non
1033 2683 1135 2738 per
1165 2668 1457 2737 homines,
1492 2673 1555 2722 ut
1586 2683 1657 2723 ne
1692 2683 1900 2722 rursus
1949 2671 2188 2737 peccent
2237 2667 2525 2721 homines.
2558 2668 2891 2723 Notandum
2934 2670 3168 2725 interim
3203 2671 3343 2725 dum
3376 2670 3498 2726 haec
3529 2671 3619 2725 di-

193 2759 434 2817 cuntur,
488 2753 629 2824 quia
658 2753 719 2808 in
768 2754 877 2809 hac
908 2754 1130 2810 visione
1178 2755 1463 2810 Dominus
1508 2755 1634 2825 ipse
1683 2755 1868 2809 bonos
1919 2758 2094 2824 atque
2142 2760 2408 2809 amantes
2438 2755 2669 2826 generis
2718 2756 2986 2827 humani,
3019 2762 3187 2813 vocat
3213 2764 3447 2814 sanctos
3480 2774 3620 2813 suos

196 2843 464 2915 angelos.

620 2953 735 3002 ΕΙΣ
774 2954 906 3003 ΤΗΝ
948 2950 999 3002 Θ¹
1040 2950 1421 3006 ΕῘΙΙΣΤΟΗΝ.

266 3054 444 3115 Οὗτός
500 3051 642 3107 ἐστιν
701 3055 850 3129 ἅγιος
900 3057 1087 3123 Τῖτος,
1123 3056 1150 3109 6
1207 3059 1302 3108 τοῦ
1360 3054 1517 3129 ἁγίου
1546 3052 1856 3109 ἀποστόλου

192 3142 420 3197 Παύλου
473 3143 774 3217 γνώριμος,
827 3144 883 3196 ὃν
934 3144 1020 3197 καὶ
1100 3146 1318 3217 Κρήτης
1365 3143 1684 3212 κατέστησεν
1740 3141 1857 3196 ἐπί-

192 3252 424 3301 σκοπον,
464 3232 539 3294 ὡς
568 3234 603 3300 ἡ
637 3232 771 3305 πρὸς
805 3230 962 3287 αὐτὸν
1008 3237 1267 3309 γραφεῖσα
1317 3230 1578 3299 ἰπιστολή
1641 3229 1809 3300 δηλοῖ
1841 3250 1852 3264 °

197 3321 338 3390 πρὸς
368 3320 428 3373 ’ὀν
464 3319 799 3374 ὶπιστέλκων
829 3321 993 3397 φησὶν
1035 3321 1062 3373 6
1115 3321 1278 3396 μέγας
1325 3320 1626 3383 Διονύσιος,
1669 3321 1749 3372 ὅτι
1797 3320 1857 3375 Ὁ

198 3410 298 3481 μὶν
360 3408 511 3482 ἱερός
570 3408 843 3480 Τιμόθεος
902 3408 1000 3463 οὐκ
1029 3406 1147 3462 οἶδα
1179 3406 1233 3462 εἷ’
1254 3430 1402 3472 τινος
1429 3414 1536 3463 τῶν
1584 3407 1705 3480 ἐμοὶ
1748 3406 1851 3462 διε-

186 3497 530 3571 γνωσμένων
593 3494 929 3572 θεολογιλῶν
1002 3495 1294 3570 συμϐόλων
1356 3497 1591 3567 ἀνήκοος
1640 3496 1852 3571 ἐφάνη·

188 3586 335 3659 πρὸς
370 3586 539 3640 αὐτὸν
587 3586 688 3659 γὰρ
715 3587 781 3640 τά
812 3585 1042 3640 πλεῖστα
1069 3590 1176 3640 τῶν
1212 3584 1362 3640 ἰδίων
1416 3587 1673 3655 συνέθηκε
1730 3606 1855 3660 συγ-

188 3676 590 3748 γραμμάτων.
650 3674 736 3730 Ἐν
816 3677 886 3746 τῇ
972 3668 1296 3747 Συμϐολικῇ
1384 3678 1513 3748 γοῦν
1603 3673 1857 3748 θεολογίᾳ

189 3761 712 3838 διηυκρινησάμεθα
766 3761 955 3817 πολλὰ
1034 3768 1141 3817 τῶν
1200 3761 1504 3816 δοκούντων
1560 3761 1857 3836 τερατολο-

186 3856 330 3926 γιῶν
360 3872 371 3883 ·
415 3850 645 3905 ἀτοπίαν
678 3851 781 3925 γὰρ
838 3851 1177 3915 ἀποτίθενται
1208 3856 1325 3913 ταῖς
1360 3850 1569 3905 ἀτελέσι
1605 3854 1808 3925 ψυχαῖς
1839 3869 1853 3883 ’

189 3942 222 3995 ’ὸ
267 3937 332 4007 δὴ
395 3939 843 4012 ἀπομόργνυνταί
901 3961 1084 4017 φησιν.
1144 3939 1579 4014 Ἀπομόρξασθαι
1633 3936 1690 3993 δέ
1746 3938 1854 3993 ἐστι

189 4028 261 4085 τὸ
317 4028 759 4100 ὲναπομάξάσθαι
813 4029 899 4081 καὶ
960 4023 1218 4099 ἐμϐαλεῖν
1277 4050 1328 4083 τι
1378 4027 1453 4091 εἷς
1508 4029 1608 4096 τὴν
1668 4028 1857 4081 ἑαυτοῦ

192 4116 469 4183 διάνοιαν,
504 4116 562 4170 ἐκ
605 4121 912 4193 μεταφορᾶς
958 4120 1063 4170 τῶν
1121 4117 1572 4192 ζωγραφούντων,
1607 4117 1657 4169 οἳ
1690 4135 1857 4189 προσ-

196 4208 431 4281 έχοντες
488 4208 557 4278 τῇ
616 4204 866 4275 ἀληθείᾳ,
922 4205 1189 4279 γράφουσι
1239 4207 1335 4267 τὰς
1394 4204 1622 4273 εἰκόνας,
1658 4206 1856 4259 ὁπόταν

1880 2949 1935 3015 Α

2365 2951 2519 3007 274
2561 2951 2631 3005 lN
2673 2951 3069 3007 EPISTOLAM
3114 2953 3214 3008 IX.

2039 3057 2143 3111 Hie
2186 3056 2283 3111 ille
2323 3066 2409 3111 est
2466 3062 2708 3112 sanctus
2767 3057 2936 3112 Titus
2987 3058 3315 3113 beatissimi
3368 3056 3621 3129 apostoli

1967 3144 2127 3200 Pauli
2165 3162 2442 3216 perquam
2496 3145 2803 3201 familiaris
2848 3147 3200 3218 discipulus,
3232 3162 3405 3218 quem
3439 3150 3616 3201 Cretas

1968 3235 2177 3288 insulae
2210 3236 2462 3304 praefecit
2495 3238 2547 3288 in
2581 3236 2944 3305 episcopum,
2981 3241 3046 3290 ut
3075 3237 3143 3289 ad
3178 3236 3451 3290 eumdem
3480 3236 3621 3290 scri-

1968 3329 2067 3395 pta
2096 3324 2319 3379 indicat
2348 3324 2615 3395 epistola.
2643 3325 2805 3379 Hune
2828 3326 3151 3379 etiamnum
3186 3342 3288 3396 per
3309 3325 3618 3397 epistolam

1967 3413 2215 3467 eximius
2250 3418 2411 3482 pater
2444 3413 2751 3484 Dionysius
2775 3413 2990 3469 talibus
3019 3406 3615 3484 alloquitur,'dicens:

1966 3501 2229 3571 Equidem
2278 3518 2389 3555 non
2435 3504 2567 3555 satis
2596 3504 2727 3569 scio,
2773 3501 2823 3555 si
2870 3504 3026 3572 cujus
3065 3518 3272 3568 eorum,
3323 3517 3447 3573 quae
3476 3499 3619 3555 mihi

1965 3594 2237 3660 comperta
2284 3598 2431 3658 sunt,
2477 3588 2921 3660 theologirorum
2968 3591 3257 3661 signorum
3302 3591 3455 3645 rudis
3485 3606 3617 3645 eva-

1964 3676 2099 3730 serit
2130 3677 2423 3745 ignarusve
2450 3693 2611 3730 sacer
2642 3677 2948 3731 Timotheus
2968 3694 2989 3739 ;
3038 3679 3106 3731 ad
3140 3694 3274 3732 eum
3306 3677 3461 3734 enim
3495 3693 3616 3731 me-

1965 3764 2168 3819 liorem
2218 3782 2457 3819 suorum
2508 3782 2748 3835 operum
2801 3770 3021 3835 partem
3069 3767 3519 3838 conscripserat.
3555 3767 3615 3820 In

1966 3854 2273 3923 Symbolica
2306 3854 2457 3908 enim
2491 3853 2786 3924 theologia,
2842 3854 3097 3925 plurima
3132 3856 3423 3925 ejusmodi
3456 3854 3616 3910 loeu-

1965 3943 2214 4007 tionum,
2276 3959 2401 4013 qua
2450 3958 2583 3996 cum
2639 3942 2847 4013 primis
2898 3943 3169 3998 absurdae
3220 3943 3619 4014 prodigiisque

1965 4031 2424 4101 haudquaquam
2459 4030 2759 4085 absimiles
2784 4031 3151 4100 videbantur,
3177 4049 3284 4087 nos
3305 4031 3390 4086 illi
3416 4037 3616 4086 exacto

1958 4120 2183 4189 judicio
2202 4119 2644 4174 elueidavimus.
2670 4120 2960 4182 Quiddam
2989 4120 3143 4173 enim
3171 4120 3429 4175 insolens
3456 4137 3618 4191 pror-

1968 4224 2070 4262 sus
2100 4210 2155 4261 et
2188 4208 2537 4273 absurdum,
2570 4207 2814 4261 rudibus
2862 4206 3054 4261 adhuc
3104 4207 3318 4262 animis
3351 4208 3619 4262 inserunt

196 4294 361 4349 ἴδωσι
416 4291 512 4363 δη)
534 4290 634 4361 αδὴ
683 4292 810 4355 τοὺς
862 4293 1092 4367 πατέρας
1143 4300 1241 4361 τῆς
1278 4293 1600 4369 ἀπορῥῆτου
1647 4293 1857 4371 σοφίας,

1972 4300 2142 4366 atque
2172 4296 2495 4361 instillant;
2532 4296 2683 4365 quod
2709 4312 2848 4349 sane
2867 4295 3087 4349 indicat
3103 4296 3345 4349 verbum
3370 4294 3619 4367 ἀπομόρ-

193 4381 424 4453 δηλαδή
457 4382 587 4442 τοὺς
619 4384 902 4459 προφήτας
936 4380 1023 4435 διά
1079 4403 1242 4435 τινων
1300 4380 1857 4456 παρακεκινδυνευμέ-

192 4496 301 4527 νων
358 4471 697 4546 αἰνιγμάτων
748 4470 1112 4547 ἐμφαίνοντας
1159 4472 1257 4538 τὴν
1316 4470 1598 4541 ἀλήθειαν.
1630 4473 1719 4525 Διὸ
1770 4472 1859 4526 καὶ

191 4559 411 4617 πολλοὶ
439 4562 721 4613 ἀπιστοῦσι
754 4562 890 4632 πρὸς
920 4562 981 4613 τὸ
1018 4558 1118 4629 ἔξω
1181 4560 1359 4631 μόνων
1410 4566 1519 4615 τῶν
1578 4562 1857 4633 ὀνομάτων

198 4650 528 4723 βλέποντες.
560 4650 753 4719 Ἡμεῖς
813 4645 889 4719 δὲ,
939 4647 983 4702 εἷ
1036 4648 1215 4723 γυμνὰ
1270 4649 1337 4702 τὰ
1389 4648 1679 4724 πράγματα
1742 4661 1860 4712 θεα-

197 4739 461 4808 σαίμεθα,
525 4732 917 4807 σεϐασθείημεν
976 4738 1075 4803 τήν
1132 4736 1284 4811 ἁγίαν
1332 4736 1420 4790 καὶ
1480 4740 1857 4811 προσκυνητήν

196 4823 562 4903 Τριάδα,τήν
620 4827 803 4901 πηγήν
844 4832 945 4894 τῆς
994 4832 1161 4895 ζωῆς,
1207 4827 1283 4888 εἷς
1342 4828 1537 4895 ἑαυτὴν
1591 4829 1862 4902 χεομένην

196 4919 286 4970 καὶ
330 4914 414 4989 ἐφ’
446 4916 641 4979 ἱαυτῆς
695 4915 929 4968 ἑστῶσαν
967 4934 978 4945 ’
1024 4912 1293 4970 δείκνυται
1335 4916 1432 4989 γὰρ
1492 4916 1727 4979 ἐντεῦθεν
1773 4918 1863 4971 καὶ

194 5005 257 5058 τὸ
294 5003 593 5075 ὂμοούσιον
630 5022 641 5035 ⁸
677 5004 763 5057 καὶ
799 5002 878 5057 ὅτι
913 5006 946 5071 ἡ
976 5003 1183 5071 Μονὰς,
1216 5004 1294 5065 εἷς
1328 5002 1537 5076 Τριάδα
1567 5005 1865 5079 προελθοῦ-

198 5113 290 5158 σα,
358 5093 560 5167 μέχρις
617 5091 785 5160 αὐτῆς
835 5090 1073 5162 ’ίσταται,
1126 5092 1304 5156 καθὼς
1378 5093 1466 5146 καὶ
1525 5094 1552 5147 6
1610 5092 1864 5168 θεολόγος

198 5182 337 5257 φησῖ
400 5180 703 5257 Γρηγόριος
768 5182 897 5251 (12).
961 5182 1171 5255 Πρέπον
1244 5186 1371 5254 γοῦν
1419 5181 1679 5253 ᾠήθημεν
1740 5182 1863 5234 ἀνα-

202 5271 517 5344 πτυχθῆναι
554 5269 698 5338 αύτῷ
728 5289 803 5336 τε,
838 5269 925 5321 καὶ
958 5274 1036 5340 τῷ
1068 5270 1199 5344 ἱερῷ
1227 5269 1506 5341 Τιμοθέῳ,
1530 5269 1616 5323 καὶ
1650 5267 1865 5339 ἄλλοις,

200 5360 302 5425 τήν
337 5357 603 5427 τοιαύτην
634 5352 976 5429 συμϐολικὴν
1028 5355 1250 5423 πλάσιν,
1277 5358 1364 5411 καὶ
1426 5356 1513 5411 διὰ
1554 5362 1713 5412 τοῦτο
1766 5361 1862 5425 τήν

205 5442 581 5519 Συμϐολικὴν
643 5444 929 5518 θεολογίαν
989 5448 1313 5519 συνεθέμεθα
1348 5465 1359 5477 ·
1421 5447 1485 5501 τα
1556 5448 1658 5523 γὰρ
1716 5446 1867 5508 ἐκτὸς

204 5539 305 5602 τῆς
359 5534 622 5603 τοιαύτης
655 5533 1066 5607 ἱεροπλαστιας,
1099 5536 1306 5604 ὁπόσης
1340 5537 1455 5606 (l3)
1499 5537 1585 5589 καὶ
1647 5535 1865 5605 πολλῆς

204 5626 305 5690 τῆς
334 5622 610 5699 τερατείας
662 5621 1107 5692 ἀναπέπλησταιί
1144 5626 1257 5678 οἷον
1300 5623 1390 5679 ὅτε
1444 5624 1675 5700 γαστέρα
1733 5628 1865 5678 Θεοῦ

210 5711 481 5786 ἀκούομεν
515 5730 527 5743 ’
588 5713 685 5768 Ἐκ
738 5712 967 5788 γαστρὸς
1041 5714 1146 5787 πρὸ
1205 5713 1519 5789 Ἑωσφόρου
1608 5712 1869 5790 ἐγέννησά

1968 4403 2204 4456 γνυνται.
2265 4382 2706 4455 Ἀπομόρξασθαι
2766 4384 2949 4449 enim,
3010 4384 3161 4438 idem
3222 4388 3288 4437 ut
3342 4381 3617 4453 ἐναπομά-

1969 4472 2149 4542 ξασθαι
2185 4471 2271 4524 καὶ
2317 4466 2599 4542 ἐμϐαλεῖν,
2656 4473 2710 4526 id
2762 4476 2850 4526 est
2905 4473 3265 4542 impressisse,
3298 4472 3622 4539 inseruisse,

1970 4562 2231 4631 injecisse
2260 4580 2277 4616 :
2310 4561 2417 4615 hoc
2450 4566 2557 4627 est,
2592 4562 2822 4631 quidvis
2858 4560 3177 4616 immisisse
3208 4577 3325 4615 suae
3362 4560 3540 4615 menti
3567 4565 3624 4615 et

1971 4649 2329 4722 cogitationi,
2365 4649 2706 4720 metaphora
2736 4666 2767 4703 a
2793 4649 3115 4719 pictoribus
3141 4651 3340 4717 ducta,
3373 4649 3472 4719 qui
3504 4649 3623 4703 ani-

1972 4756 2065 4794 mo
2099 4739 2259 4809 prius
2292 4738 2447 4792 afﬁxi
2490 4737 2640 4792 veris
2688 4737 2951 4809 vivisque
2982 4737 3436 4806 exemplaribus,
3483 4753 3622 4792 suas

1971 4828 2181 4883 deinde
2212 4827 2510 4882 delineant
2555 4830 2612 4880 et
2665 4825 2916 4897 pingunt
2962 4825 3251 4895 imagines
3286 4843 3297 4879 :
3328 4826 3505 4895 idque
3537 4825 3620 4890 fit,

1974 4932 2107 4970 eum
2138 4916 2375 4970 videant
2397 4913 2703 4969 reconditae
2728 4914 3028 4984 sapientiae
3056 4920 3274 4984 patres,
3310 4912 3623 4983 prophetas

1971 5006 2261 5068 videlicet,
2292 5021 2393 5075 per
2416 5005 2681 5075 quaedam
2704 5002 3041 5073 periculosae
3065 5002 3330 5056 lectionis
3352 5001 3626 5071 aenigma-

1972 5097 2033 5148 ta
2065 5094 2286 5164 speculi
2319 5093 2440 5147 vice
2472 5093 2660 5163 ipsam
2694 5092 3087 5162 exprimentes
3117 5091 3440 5145 veritatem.
3468 5089 3625 5144 Hanc

1976 5183 2049 5237 ob
2083 5198 2201 5236 rem
2239 5181 2497 5251 plerique
2541 5180 2843 5235 hominum
2900 5180 3039 5234 talia
3070 5184 3311 5233 censent
3342 5184 3626 5249 suspecta:

1976 5288 2100 5327 esse
2135 5272 2289 5338 ﬁdei,
2324 5288 2428 5325 nec
2461 5274 2726 5337 credunt,
2762 5271 2831 5322 ad
2865 5275 3101 5323 externa
3121 5268 3410 5337 ejusmodi
3436 5268 3626 5323 nomi-

1977 5377 2117 5414 num
2152 5358 2449 5412 involucra
2473 5357 2674 5412 attenti
2702 5356 2913 5410 solum.
2943 5356 3189 5411 Proinde
3224 5374 3350 5421 nos,
3385 5356 3431 5409 si
3458 5357 3629 5409 modo

1978 5466 2071 5504 res
2128 5448 2416 5519 ejusmodi
2477 5448 2664 5501 nudas
2722 5445 3279 5515 eontemplabimur,
3350 5444 3631 5515 religione

1979 5537 2165 5593 multa
2216 5536 2612 5590 reverebimur
2662 5538 3099 5588 sacrosanctam
3151 5534 3631 5601 adorandamque

1977 5626 2342 5693 Trinitatem,
2373 5622 2499 5677 vitae
2542 5622 2724 5677 totius
2772 5622 2991 5676 fontem
3029 5638 3041 5676 :
3076 5620 3363 5691 siquidem
3392 5621 3449 5676 in
3482 5619 3632 5690 seip-

1896 5672 1942 5747 α
1980 5672 2357 5781 ἑιᾷζῖιᾷἱιὲξ,
2386 5672 2496 5767 ’ἐξ
2529 5672 3299 5782 .‘e'sgt‘ip's';genus};
3311 5672 3630 5766 ῖιᾘὲίιὲιὲι-
