4062 6366
396 368 503 426 483

1211 376 1578 429 APPBNDIX
1616 376 1711 428 AD
1747 364 1987 427 OPERA
2023 364 2081 425 s.
2124 362 2440 427 DIONYSII
2480 366 2979 431 ARBOPOGITB.

3705 365 3809 428 484

396 513 739 567 permanere
767 496 1183 568 intelligemus.
1239 498 1381 553 Hinc
1410 499 1566 554 enim
1612 499 1804 569 ipsum
1848 493 2042 567 ὁμοόυ-

2162 511 2264 548 σε·
2325 494 2414 550 καὶ
2492 495 2658 571 λόγον
2746 499 3049 572 χεόμενον’
3114 496 3462 571 Ἐξηρεύεατο
3517 499 3552 566 ἡ
3613 494 3813 571 καρδία

394 605 507 637 σιον
540 588 993 647 demonstratur,
1030 602 1132 655 par
1162 585 1441 640 nimirum
1473 587 1793 655 eademque
1823 584 1882 638 in
1918 582 2045 637 Tri-

2162 577 2265 657 μου
2324 584 2490 659 λόγον
2542 586 2733 660 ἀγαθόν
2768 607 2779 619 ⁸
2816 588 2902 641 καὶ
2962 590 3177 657 πνεῦμα
3210 605 3226 623 ⁶
3266 576 3369 643 Καὶ
3425 578 3503 657 τῷ
3533 585 3806 671 πνεύματι

396 674 575 729 nitate
605 674 966 729 substantia:
989 680 1044 728 et
1076 674 1213 745 quia
1233 674 1434 729 Unitas
1466 675 1523 729 in
1546 675 1887 728 Trinitatem
1913 688 2042 742 pro-

2156 670 2252 727 τοῦ
2306 673 2571 746 στόματος
2622 675 2786 730 αὐτοῦ
2815 694 2827 707 ·
2879 676 2967 729 καὶ
3016 674 3257 737 κόλπους
3319 676 3667 749 θεογονικούς
3702 695 3712 707 ·
3749 674 3810 731 Ὀ

394 764 664 834 grediens
700 764 769 817 ad
818 763 1007 834 ipsam
1063 780 1252 834 usque
1284 764 1533 830 sistitur,
1577 766 1747 832 juxta
1781 761 2048 816 assertio-

397 868 529 906 nem
564 851 762 906 eximii
786 850 947 906 illius
974 850 1227 923 theologi
1248 850 1530 923 Gregorii.
1560 846 1700 906 Rem
1730 848 1909 923 igitur
1934 864 2047 904 non

393 940 726 995 indecorum
750 940 1004 995 facturos
1019 957 1125 995 nos
1139 957 1267 995 esse
1287 957 1358 1011 pu
1371 941 1478 994 tavi
1491 940 1697 1007 mus,si
1718 938 1829 1007 ipsi
1845 942 2047 993 sancto

394 1045 509 1099 que
539 1029 869 1095 Timotheo,
912 1029 1253 1099 caeterisque
1303 1030 1587 1083 rationem
1623 1028 2049 1099 explicaremus

390 1116 567 1173 istius
601 1118 967 1189 ﬁgurationis
991 1118 1319 1189 symbolica
1363 1118 1550 1187 Hujus
1578 1117 1731 1171 enim
1758 1117 1937 1170 unius
1966 1115 2048 1170 rei

392 1207 581 1277 gratia
611 1224 758 1278 opus
790 1207 903 1277 ipsi
930 1207 1335 1279 compegimus
1381 1207 1709 1278 Symbotica?
1739 1204 2046 1276 theoloyiab

391 1295 526 1359 Qum
557 1296 712 1350 enim
746 1296 872 1350 sine
904 1295 1003 1349 tali
1028 1312 1194 1351 sacra
1225 1296 1478 1363 ﬁctione,
1501 1312 1632 1367 quae
1654 1294 1710 1349 in
1734 1295 2049 1365 Symbolica

392 1384 668 1453 theologia
713 1383 1058 1453 explicatur,
1091 1386 1426 1453 capiuntur,
1474 1385 1715 1451 quanta,
1750 1399 2049 1453 quamque

392 1471 580 1526 multa
610 1472 1003 1542 prodigiorum
1050 1472 1238 1527 instar
1286 1473 1631 1544 indignitate
1665 1472 1837 1543 plena
1865 1471 2041 1527 sunt!

390 1560 465 1615 Ut
494 1578 627 1615 cum
661 1561 1002 1616 inaudimus
1033 1566 1299 1616 ventrem
1332 1561 1428 1616 Dei
1459 1580 1469 1617 :
1498 1564 1579 1616 Ea:
1610 1566 1759 1617 utero
1790 1569 1913 1617 ante
1935 1562 2043 1614 Lu-

386 1649 626 1719 ci/erum
654 1651 831 1722 genui
855 1654 905 1705 te
937 1654 1027 1717 (v).
1061 1650 1318 1705 Verbum
1345 1651 1595 1704 effusum
1621 1668 1633 1705 :
1656 1652 1937 1704 Eructavit
1956 1665 2047 1704 cor

386 1754 566 1794 meum
595 1740 818 1793 verbum
846 1740 1045 1793 bonum
1075 1740 1178 1810 (ας).
1212 1739 1494 1808 Spiritum
1528 1738 1668 1793 item
1702 1756 1713 1793 :
1749 1740 1810 1793 Et
1838 1740 2047 1809 spiritu

384 1830 498 1881 oris
526 1826 643 1898 ejus
666 1828 762 1899 (υ).
796 1827 906 1882 Jan
939 1819 1106 1883 sinus
1163 1820 1393 1883 inducit
1429 1827 1527 1882 Dei
1550 1827 1700 1883 275
1725 1820 2041 1899 genitoris;

389 1918 487 1971 ut:
510 1918 615 1985 Qui
643 1925 721 1972 est
751 1919 811 1971 in
828 1919 958 1971 sinu
978 1916 1167 1971 Patris
1185 1916 1279 1988 (χρ).
1307 1916 1368 1970 Et
1395 1917 1630 1972 arbores
1655 1917 1961 1987 quasdam,
1980 1922 2043 1971 ut

386 2010 476 2060 est
509 2024 521 2061 :
560 2008 791 2074 Lignum
824 2008 955 2062 vitae
986 2006 1081 2077 (a).
1118 2007 1187 2059 Et
1217 2005 1486 2076 virgulta,
1520 2010 1586 2061 ut
1624 2004 1766 2059 illud
1801 2011 1890 2060 est
1922 2025 1935 2059 :
1973 2007 2044 2060 De

385 2096 643 2164 virgulto,
694 2094 778 2163 ﬁli
826 2096 927 2163 mi,
975 2095 1292 2149 ascendisti.
1346 2099 1413 2149 Et
1463 2094 1657 2149 illud:
1700 2096 1942 2151 Florebit
1989 2099 2044 2150 et

384 2182 907 2254 germinabitJacob
936 2183 1035 2254 (b),
1085 2201 1188 2254 pro
1236 2183 1469 2239 Christo
1515 2188 1840 2255 acceptum,
1873 2184 2043 2253 cujus

385 2273 612 2326 fructus
646 2271 831 2326 salute
882 2273 1143 2342 implevit
1194 2277 1432 2327 terram.
1490 2271 1556 2327 Et
1607 2274 1852 2338 radices,
1887 2279 1951 2328 ut
1982 2273 2044 2326 il-

385 2360 486 2415 lud
520 2378 532 2414 ι
569 2360 751 2416 Radix
775 2370 875 2416 tua
894 2358 987 2431 (ε).
1020 2352 1227 2417 Fontes
1250 2352 1384 2416 item
1416 2379 1701 2433 aquarum
1731 2378 1743 2417 :
1771 2358 2043 2430 Quoniam

381 2440 529 2520 apud
559 2459 611 2504 te
640 2458 714 2504 est
742 2453 867 2520 fons
900 2452 1028 2506 vita:
1058 2450 1157 2522 (ά),
1183 2456 1274 2505 et:
1303 2452 1379 2506 Me
1400 2451 1819 2524 dereliquerunt
1839 2454 2042 2522 fontem

383 2554 544 2616 aqua?
576 2541 809 2600 viventis
828 2540 995 2615 (e).Et
1016 2560 1381 2616 quaecunque
1402 2543 1515 2598 alia
1542 2544 1741 2598 formae
1768 2541 2043 2598 consimi-

385 2633 480 2691 lis.
514 2635 742 2690 Rursus
775 2634 1077 2706 lucigenas
1108 2633 1284 2687 infert
1314 2632 1693 2703 splendorum
1727 2632 2044 2703 generatio-

385 2736 523 2791 nes;
559 2723 623 2779 ut
653 2741 664 2778 :
695 2722 804 2793 Qui
832 2740 954 2778 cum
989 2724 1061 2777 sit
1090 2721 1343 2792 splendor
1379 2719 1567 2791 gloriae
1600 2722 1690 2791 (f),
1724 2726 1779 2775 et
1808 2736 1819 2773 :
1859 2718 2043 2774 Domi-

384 2831 474 2880 ne,
506 2816 568 2869 in
603 2814 814 2868 lumine
843 2812 1035 2867 vultus
1082 2813 1167 2865 tui
1195 2811 1560 2865 ambulabunt
1607 2806 1704 2879 (g)',
1757 2814 1814 2864 et
1848 2810 1935 2862 bis
1966 2808 2043 2862 si-

386 2901 566 2965 milia,
604 2899 719 2955 sive
749 2901 923 2956 etiam
961 2900 1271 2971 plerasque
1302 2899 1447 2953 alias
1479 2915 1675 2953 sacras
1706 2897 2044 2968 descriptio-

387 3006 490 3044 nes
522 2989 904 3044 declarativas
939 3005 1151 3044 sensus
1178 2989 1430 3060 mystici,
1452 2988 1795 3057 desumptas
1821 2986 1875 3040 in
1901 2986 2046 3039 mul-

2075 1866 2121 1931 B
2154 1839 2288 1931 Θεοῦ
2346 1839 2616 1931 προνοιῶν
2653 1852 2666 1866 ·

2160 761 2231 815 ὣν
2266 762 2340 825 εἷς
2385 764 2477 817 τὸν
2507 763 2715 818 κόλπον
2773 769 2870 819 τοῦ
2934 766 3140 840 Πατρός
3176 786 3188 799 ·
3238 764 3328 819 καὶ
3388 762 3578 839 δένδρα
3635 765 3757 818 τινά
3794 783 3807 797 ·

2157 848 2227 906 Τὸ
2256 851 2413 921 ξύλον
2464 860 2563 923 τῆς
2595 856 2739 923 ζωῆς
2774 872 2787 885 ·
2821 852 2909 908 καὶ
2960 851 3249 922 βλαστοὺς,
3284 854 3360 916 ὡς
3411 854 3495 923 τὸ,
3529 856 3624 909 Ἐκ
3674 852 3810 927 βλα-

2160 945 2308 1008 στοῦ,
2342 941 2430 994 Υἱὲ
2481 963 2612 1014 μου,
2665 935 2864 1013 ἀνέὸης
2901 961 2913 973 ⁵
2949 942 3038 996 καὶ
3097 940 3180 1008 τὸ,
3217 943 3472 1012 Ἀνθήσει
3520 941 3611 996 καὶ
3675 940 3811 1016 βλα-

2159 1031 2342 1099 στήσει
2404 1026 2617 1100 Ἰακὼϐ,
2675 1030 2762 1085 ἐπὶ
2821 1033 3053 1105 Χριστοῦ
3128 1022 3355 1107 ληφθὲν,
3408 1020 3469 1084 οῦ
3510 1031 3538 1085 6
3594 1024 3805 1105 καρπὸς

2157 1125 2257 1187 τῆς
2291 1119 2559 1195 σωτηρίας
2591 1118 2882 1194 ἐπλήρωσε
2911 1121 3010 1189 τὴν
3043 1126 3143 1196 γῆν
3181 1140 3193 1153 ·
3229 1121 3316 1174 καὶ
3381 1119 3555 1196 ῥίζας,
3589 1120 3663 1180 ὡς
3720 1112 3807 1187 τὸ,

2160 1208 2253 1261 Κ.
2354 1210 2367 1225 ς
2447 1208 2483 1230 .,
2636 1210 2647 1228 ,
2833 1229 2846 1243 ,
2954 1210 2967 1228 ς
3144 1209 3158 1227 ι
3237 1209 3249 1227 ρ
3311 1208 3321 1227 ρ
3491 1210 3514 1228 ..
3792 1208 3805 1225 ε

2205 1229 2255 1261 αι
2314 1230 2376 1262 το
2435 1214 2654 1283 ριζωμα
2713 1230 2808 1264 σου
2881 1231 2971 1264 και
3018 1230 3197 1285 πηγας
3232 1206 3460 1280 υδατων,
3515 1214 3615 1266 Οτι
3662 1228 3817 1283 παρα

2159 1296 2244 1350 σοὶ
2302 1298 2451 1371 πηγῆ
2525 1302 2710 1366 ζωῆς·
2773 1298 2908 1352 καί·
2968 1299 3105 1370 Ἐμὲ
3189 1296 3543 1373 ἐγκατέλιπον
3623 1296 3815 1371 πηγὴν

2156 1376 2347 1448 ὕδατος
2408 1384 2631 1457 ζῶντος,
2687 1386 2773 1441 καὶ
2849 1384 2947 1441 ὅσα
2997 1389 3225 1441 τοιαῦτα
3259 1405 3271 1418 ·
3323 1386 3414 1440 καὶ
3470 1384 3815 1463 φωτογονίας

2156 1475 2589 1550 ἀπαυγασμάτων
2626 1494 2638 1506 ·
2698 1477 2793 1537 Ὃς
2878 1473 2950 1530 ὣν
3037 1466 3369 1550 ἀπαύγασμα
3438 1478 3539 1543 τῆς
3596 1472 3761 1543 δόξης
3794 1489 3809 1504 ⁸

2156 1563 2243 1618 καὶ
2296 1564 2473 1639 Κύριε,
2534 1562 2585 1619 ἐν
2625 1569 2702 1637 τῷ
2758 1564 2895 1642 φωτὶ
2946 1562 3042 1618 τοῦ
3100 1563 3397 1632 προσώπου
3457 1585 3553 1618 σου
3602 1558 3808 1637 πορεύεο

2155 1674 2358 1720 σονται,
2393 1653 2481 1708 καὶ
2529 1654 2596 1708 τὰ
2650 1651 3027 1729 παραπλήσια,
3061 1654 3096 1721 ’ἢ
3149 1652 3322 1715 ἄλλας
3370 1652 3520 1714 τινας
3563 1648 3810 1722 δηλωτι-

2152 1742 2246 1803 κᾶς
2278 1743 2625 1819 ἱερογραφίας
2656 1738 3075 1816 λαμϐανομένοις
3101 1742 3187 1795 ἐπὶ
3233 1746 3342 1795 τῶν
3386 1739 3655 1796 ποικίλων
3709 1744 3811 1795 τοῦ

2560 1828 2616 1888 Ϊιν
2653 1852 2666 1866 ·
2729 1832 2802 1895 ὡς
2859 1834 2943 1903 τὸ,
3005 1834 3190 1895 Ἀετὸς
3243 1834 3494 1888 σκεπάσει
3551 1832 3808 1887 νεοσσιὰν

2154 1922 2344 1978 ἑαυτοῦ
2379 1945 2390 1957 ·
2423 1921 2638 1997 δωρεῶν
2684 1920 2761 1992 δὲ,
2795 1924 2869 1984 ὡς
2928 1924 3013 1988 τὸ,
3047 1921 3310 1997 Ἀνοίγεις
3371 1919 3432 1976 σὺ
3489 1922 3588 1991 τήν
3644 1920 3811 1997 χεῖρά

2151 2032 2245 2065 σου
2281 2033 2292 2043 ·
2346 2012 2666 2090 ἐκφάνσεων,
2721 2010 2809 2067 διὰ
2860 2013 2923 2066 τὸ
2981 2012 3033 2066 έν
3091 2014 3341 2086 σχήματι
3391 2012 3683 2087 ἀνθρώπου
3743 2007 3807 2064 ὀ-

2153 2102 2349 2177 φθῆναι
2383 2103 2493 2173 (14)
2521 2106 2638 2163 τοῖς
2664 2100 2714 2153 ἐν
2752 2104 2821 2174 τῇ
2857 2099 3069 2170 Παλαιᾷ
3100 2100 3275 2178 ᾁγίοις
3307 2119 3319 2132 ”
3374 2097 3675 2173 δυνάμεων,
3709 2100 3807 2170 ὡς,

2156 2194 2370 2261 Πνεῦμα
2403 2186 2642 2243 διασεῖον
2678 2186 2775 2264 ὅρη
2816 2209 2826 2221 ·
2884 2187 3195 2259 ίδιοτήτων,
3230 2189 3304 2251 ὠς
3339 2187 3549 2262 ἀδάμας
3605 2186 3693 2243 διὰ
3743 2188 3810 2243 τὸ

2152 2278 2351 2340 ἀπαθὲς
2382 2282 2480 2342 τῆς
2513 2280 2771 2353 θεότητος
2800 2298 2811 2309 ·
2849 2275 2987 2332 ἴδιον
3018 2278 3117 2353 γὰρ
3149 2283 3313 2333 τοῦτο
3359 2284 3458 2346 τῆς
3502 2276 3647 2341 θείας
3702 2276 3805 2354 φύ-

2153 2387 2306 2430 σεως.
2343 2366 2409 2424 Αἱ
2441 2362 2498 2422 δέ
2529 2366 2710 2437 λήξεις
2758 2366 2847 2422 καὶ
2879 2368 2934 2421 αἱ
2972 2365 3130 2439 μοναὶ
3160 2368 3223 2421 τὸ
3254 2373 3352 2436 τῆς
3384 2367 3529 2428 θείας
3592 2366 3808 2443 φύσεως

2154 2458 2536 2529 ἀμετάστατονς
2572 2453 2659 2508 διὰ
2687 2459 2794 2509 τῶν
2845 2451 3255 2527 θεμελιωτικῶν
3294 2452 3666 2523 ὑποδηλοῦται
3718 2451 3807 2508 λί-

2154 2559 2278 2611 θων.
2314 2542 2573 2621 Προόδων
2608 2542 2683 2610 δὲ,
2721 2545 2802 2599 ὅτι
2852 2545 2887 2613 ἡ
2919 2545 3024 2597 τῶν
3078 2547 3318 2621 φυσικῶν
3367 2542 3532 2597 αὐτοῦ
3583 2543 3805 2617 ἀγαθῶν

2158 2633 2440 2709 μετάδοσις
2470 2637 2537 2707 τῇ
2567 2638 2662 2688 τοῦ
2692 2632 2878 2707 κρίνου
2932 2630 3161 2704 εύοσμίᾳ
3208 2629 3495 2701 δηλοῦται,
3526 2629 3660 2694 καθὸ
3712 2626 3806 2684 λέ-

2152 2744 2324 2799 γεται,
2383 2722 2578 2798 Κρίνον
2652 2727 2759 2777 τῶν
2820 2719 3115 2776 κοιλάδων.
3176 2721 3244 2775 Ai
3294 2720 3513 2781 ένώσεις
3563 2718 3651 2775 διὰ
3706 2723 3808 2773 τοῦ

2153 2812 2470 2886 κασσιτέρου
2497 2810 2652 2874 λίθου
2686 2828 2697 2841 ⁸
2731 2810 2821 2864 καὶ
2857 2807 2945 2864 διὰ
2998 2813 3094 2863 τοῦ
3148 2808 3318 2883 πυρὸς
3373 2809 3428 2862 αἱ
3484 2806 3801 2883 διακρίσεις.

2157 2904 2253 2958 Καὶ
2305 2907 2410 2957 ποῦ
2463 2902 2557 2973 μὲν
2611 2898 2807 2974 ἀνδρὸς
2855 2906 3073 2973 σχῆμα,
3104 2896 3179 2961 ὠς
3202 2899 3350 2973 παρὰ
3406 2903 3486 2970 τῷ
3544 2897 3751 2968 Δανιήλ
3787 2917 3799 2929 ·

2156 2995 2253 3050 Καὶ
2311 2997 2338 3048 6
2396 2992 2635 3053 Παλαιὸς
2692 2994 2799 3045 τῶν
2857 2993 3082 3064 ἡμερῶν
3117 2988 3387 3058 ἐκάθητο·
3422 2993 3527 3043 ποῦ
3585 2986 3642 3043 δὲ
3700 3000 3807 3059 θη-

388 3076 576 3148 tiplici
628 3079 725 3131 Dei
777 3077 1159 3149 providentia,
1208 3082 1273 3131 ut
1321 3076 1465 3130 illud
1502 3093 1513 3129 :
1549 3077 1747 3147 Aquila
1797 3081 2042 3146 proteget

2157 3080 2473 3159 ρίων,κατὰ
2526 3080 2608 3151 τὸ,
2642 3081 2946 3136 Ἀναπεσὼν
3007 3077 3083 3139 ὠς
3143 3076 3282 3133 λέων
3340 3076 3610 3151 ἐκοιμήθη
3647 3098 3660 3111 ·
3713 3077 3805 3132 καὶ

387 3169 591 3222 nidum
639 3184 822 3222 suum.
880 3168 939 3222 In
987 3168 1156 3222 donis
1209 3167 1388 3234 item;
1443 3172 1506 3221 ut
1537 3166 1679 3221 illud
1718 3183 1729 3221 :
1764 3165 1955 3236 Araris
1986 3170 2047 3219 tu

2155 3171 2321 3227 πάλιν
2356 3190 2369 3203 '
2430 3171 2519 3230 Ὠς
2591 3166 2862 3241 πάρδαλις
2921 3166 3270 3240 ἀπορουμένη
3329 3167 3466 3222 κατὰ
3518 3168 3615 3231 τὴν
3678 3163 3803 3221 ὁδὸν

386 3273 612 3310 manum
646 3267 799 3311 tuam
830 3257 928 3326 (ἡ).
952 3256 1031 3311 De
1050 3256 1536 3326 apparitionibus,
1563 3260 1867 3326 propterea
1884 3254 2036 3324 quod

2155 3259 2470 3334 Ἀσσυρίων.
2504 3263 2615 3313 Ποῦ
2640 3237 2697 3311 δέ
2753 3254 2937 3311 ἄλλων
2989 3237 3167 3324 ζώων,
3202 3253 3277 3316 ὠς
3306 3256 3390 3325 τὸ,
3422 3255 3566 3329 Ἐγὼ
3599 3252 3654 3309 δέ
3686 3253 3805 3326 εἶμι

388 3361 451 3399 se
482 3346 809 3399 exhibuerit
840 3345 897 3399 in
944 3346 1130 3399 forma
1162 3345 1419 3399 hominis
1451 3344 1835 3416 conspicuum
1868 3343 2037 3399 Vete-

386 3434 467 3488 ris
496 3434 849 3489 Testamenti
892 3434 1132 3489 sanctis.
1186 3434 1247 3488 In
1279 3434 1621 3503 virtutibus,
1655 3438 1719 3488 ut
1750 3450 1763 3488 :
1802 3433 2040 3504 Spiritus

384 3522 697 3579 concutiens
724 3534 934 3579 montes
972 3526 1052 3594 (i).
1090 3526 1151 3579 In
1204 3523 1657 3595 preprietatibus
1691 3538 1943 3593 quoque,
1977 3525 2041 3576 ut

385 3629 517 3666 cum
551 3614 785 3667 adamas
818 3612 1036 3667 dicitur
1068 3630 1081 3667 :
1118 3613 1270 3682 quod
1317 3612 1462 3665 nulli
1497 3612 1572 3666 sit
1602 3611 1830 3666 Numen
1863 3612 2039 3666 obno-

384 3700 546 3754 xium
579 3700 857 3771 passioni.
892 3700 1009 3755 Hoc
1036 3701 1190 3754 enim
1245 3700 1618 3770 peculiariter
1649 3700 1925 3771 competit
1956 3700 2039 3754 di-

382 3788 527 3844 vinae
559 3787 644 3843 illi
677 3793 917 3843 naturae.
948 3788 1194 3843 Proinde
1221 3788 1457 3844 termini
1480 3794 1654 3859 atque
1676 3789 2036 3857 mansiones,

383 3880 536 3949 quod
570 3883 627 3933 et
673 3878 881 3933 divina;
928 3877 1102 3933 istius
1156 3882 1377 3932 natura
1430 3878 1820 3932 immutabilis
1850 3882 2041 3931 status

380 3966 557 4027 tacite
592 3966 927 4024 insinuetur
960 3986 1062 4040 per
1111 3966 1403 4038 ejusmodi
1452 3966 1697 4037 lapides,
1732 3965 1832 4036 qui
1865 3966 2038 4020 subs-

382 4064 698 4120 ternuntur
740 4057 1031 4131 jaciendis
1080 4054 1479 4111 fundamentis
1515 4071 1528 4107 ι
1565 4055 1621 4107 in
1659 4053 2043 4124 processioni_

383 4153 495 4207 bus
529 4152 692 4215 item,
725 4148 1003 4219 quoniam
1039 4162 1139 4217 per
1159 4146 1305 4199 hanc
1338 4141 1767 4198 suaveolentem
1806 4141 1910 4195 lilii
1936 4142 2043 4199 fre.

382 4241 676 4311 grantiam
726 4236 1076 4307 exprimitur
1123 4231 1462 4287 distributio
1514 4230 1803 4284 bonorum
1852 4229 2042 4299 ipsius

384 4328 767 4392 naturalium,
821 4326 993 4394 cujus
1042 4339 1220 4377 causa
1268 4321 1485 4375 dicitur
1519 4336 1531 4372 :
1566 4318 1775 4372 Litium
1822 4318 2046 4376 convat-

385 4419 527 4472 lium
558 4417 653 4487 (k).
688 4415 1020 4471 Occurrunt
1050 4416 1105 4465 et
1133 4408 1577 4480 conjunctiones
1603 4424 1703 4478 per
1727 4412 2044 4463 stanneum

381 4505 660 4573 lapidem,
693 4504 794 4557 sed
827 4506 884 4555 et
917 4517 1019 4571 per
1074 4499 1269 4569 ignem
1320 4495 1702 4571 discretiones
1749 4495 1866 4549 sive
1898 4496 2041 4566 diju-

2149 3348 2387 3418 σκώληξ,
2420 3347 2510 3401 καὶ
2565 3346 2663 3400 οὐκ
2718 3344 3023 3420 ἅνθρωπος.
3060 3343 3163 3400 Καὶ
3212 3348 3318 3397 ποῦ
3371 3344 3466 3417 μὶν
3512 3344 3696 3421 φυτὸν,
3729 3343 3804 3405 ὠς

2148 3436 2295 3512 παρὰ
2339 3440 2418 3507 τῷ
2474 3432 2660 3503 Δαυῖδ,
2696 3432 2979 3506 Ἀμπελος
3013 3451 3025 3464 ·
3059 3432 3093 3500 ἢ
3139 3432 3263 3503 παρ’
3294 3431 3461 3506 ἑτέρῳ
3516 3434 3800 3508 προφήτῃ,

2147 3524 2356 3580 Ἐλαία,
2392 3526 2503 3576 Ποῦ
2531 3519 2588 3575 δὶ
2619 3520 2786 3584 λίθων
2814 3518 3302 3595 ποικιλομορφίας,
3336 3519 3410 3582 ὠς
3439 3520 3521 3590 τὸ,
3556 3522 3802 3598 Σάπφει..

2150 3634 2242 3688 Ρος
2278 3631 2289 3644 ⁸
2318 3610 2407 3665 καὶ
2440 3611 2587 3685 παρὰ
2615 3614 2692 3680 τῷ
2724 3611 2779 3663 Ἀ
2795 3608 2931 3682 μὼς,
2966 3605 3228 3680 Ἀδάμας.
3263 3608 3360 3663 Καὶ
3405 3608 3644 3681 κόσμους
3696 3630 3801 3683 γυ-

2149 3701 2437 3767 ναικείους,
2494 3699 2567 3762 ὠς
2651 3698 2739 3764 τὸ,
2790 3703 2875 3752 Ἐν
2962 3696 3247 3768 ἱματισμῷ
3333 3694 3633 3772 διαχρύσῳ,
3689 3701 3803 3752 Ποῦ

2154 3786 2488 3866 βαρϐαρικὰς
2535 3784 3049 3852 ὁπλοποιίας,’ίσως
3097 3785 3170 3847 ὠς
3220 3785 3393 3840 ἐκεῖνο
3428 3806 3439 3819 ·
3493 3787 3806 3861 Περίζωσαι

2149 3881 2249 3947 τὴν
2312 3876 2581 3953 ῥομφαίαν
2646 3896 2741 3930 σου
2804 3874 2891 3929 ἰπὶ
2945 3878 3051 3928 τῶν
3117 3878 3301 3946 μηρῶν
3337 3895 3457 3937 σου,
3495 3871 3684 3929 δυνατέ
3721 3895 3731 3905 ·
3766 3878 3803 3944 ἡ

2151 3970 2250 4041 γὰρ
2286 3966 2527 4043 ῥομφαία
2561 3960 2890 4039 βαρϐαρικόν
2925 3963 3064 4017 ἐστιν
3126 3962 3320 4030 ὅπλον,
3350 3963 3423 4026 ὠς
3450 3965 3657 4038 ἰστορεῖ
3688 3965 3803 4019 Φύ-

2153 4052 2363 4128 λαρχος
2398 4056 2531 4126 (15).
2566 4054 2695 4108 ’Ὀτε
2752 4051 2917 4106 πάλιν
2951 4050 3218 4123 ἀκούομεν
3279 4050 3368 4105 ἐπὶ
3408 4056 3540 4106 Θεοῦ
3570 4052 3659 4106 καὶ
3690 4058 3801 4106 τῶν

2154 4142 2309 4197 θείων
2362 4140 2691 4216 κεραμείων,
2727 4140 2802 4201 ὡς
2860 4140 2945 4207 τὸ,
2972 4141 3061 4202 Ὠς
3117 4137 3299 4207 πηλὸν
3347 4137 3619 4194 πλατειῶν
3670 4139 3803 4195 λεα-

2150 4236 2225 4284 νῶ
2269 4229 2482 4290 αὐτούς.
2544 4227 2647 4283 Καὶ
2729 4230 3146 4303 χωνευτήριον·
3208 4228 3525 4301 Ἐπύρωσας
3581 4227 3801 4298 αὐτοὺς,

2153 4321 2227 4381 ὡς
2256 4323 2519 4394 πυροῦται
2559 4317 2620 4371 τὸ
2672 4316 2926 4392 ἀργύριον
2961 4336 2973 4349 ⁸
3007 4316 3096 4371 καί
3130 4336 3142 4348 ⁸
3176 4318 3405 4378 Ἵππους
3451 4338 3545 4371 σου
3600 4320 3801 4394 ταράσ-

2150 4429 2341 4470 σοντας
2397 4404 2564 4461 ὕδατα
2618 4405 2849 4461 πολλὰ·
2912 4406 3002 4460 καὶ
3062 4408 3294 4479 ἅρματα.
3347 4407 3415 4460 Τὸ
3474 4407 3624 4480 ἅρμα
3701 4412 3805 4461 τοῦ

2151 4502 2288 4552 Θεοῦ
2350 4493 2747 4571 μυριοπλάσιον
2784 4515 2796 4528 ο
2856 4494 2945 4549 καὶ
2999 4494 3221 4570 θρόνους
3256 4514 3268 4527 ⁸
3304 4496 3364 4551 '0
3393 4496 3581 4569 θρόνος
3623 4516 3742 4563 σου,
3773 4498 3804 4551 6

382 4592 727 4648 dicationes.
758 4595 853 4643 Est
884 4603 1116 4658 quoque
1148 4586 1244 4640 ubi
1279 4584 1364 4638 illi
1397 4584 1676 4638 tribuitur
1707 4583 1890 4639 virilis
1926 4587 2036 4641 for-

2155 4585 2299 4656 Θεὸς,
2328 4583 2402 4647 εἷς
2432 4585 2522 4639 τὸν
2552 4584 2724 4638 αἰῶνα
2757 4604 2769 4617 ο
2802 4583 2890 4637 καὶ
2928 4580 3134 4645 δαῖτας,
3168 4582 3241 4644 ὠς
3270 4581 3322 4636 ἐν
3353 4588 3431 4654 τῷ
3461 4583 3803 4659 Ἐὐαγγελίῳ

384 4697 502 4748 ma,
532 4685 596 4734 ut
618 4679 771 4749 apud
804 4675 1097 4732 Danielem
1123 4675 1199 4745 (k)
1226 4691 1237 4729 :
1263 4676 1324 4728 Et
1345 4675 1616 4743 Antiqua:
1636 4673 1859 4729 dierum
1878 4676 2040 4754 sedit.

386 4769 615 4824 Rursus
646 4766 745 4821 ubi
779 4782 882 4837 per
918 4768 1069 4819 feras
1119 4763 1487 4833 significatur
1520 4779 1532 4817 :
1588 4765 1729 4816 Cum
1759 4765 2044 4822 aceubuis-

383 4866 484 4925 set,
516 4866 577 4911 ut
607 4858 685 4911 leo
733 4852 1070 4909 obdormivit
1101 4850 1190 4922 (t).
1244 4854 1503 4922 Itemque
1537 4868 1549 4905 ε
1586 4851 1756 4918 Quasi
1791 4852 2041 4921 pardalis

379 4945 613 5017 perditis
668 4945 938 5014 ferociens
996 4941 1195 4995 catulis
1244 4940 1410 5009 juxta
1466 4940 1615 4993 viam
1658 4938 2034 5009 Assyriorum.

386 5038 488 5088 Est
541 5033 638 5087 ubi
690 5031 1043 5086 describitur
1101 5028 1350 5081 aliorum
1408 5042 1641 5097 quoque
1688 5027 2035 5081 animalium

387 5123 597 5191 specie,
635 5126 698 5175 ut
729 5121 873 5174 illud
905 5123 994 5174 est
1029 5136 1041 5173 :
1080 5122 1187 5185 Ego
1219 5120 1403 5169 autem
1440 5131 1564 5168 sum
1594 5115 1816 5178 vermis,
1849 5125 1898 5171 et
1925 5134 2032 5172 non

386 5210 543 5263 homo
571 5210 690 5279 (νη).
725 5210 823 5263 Est
851 5207 945 5261 ubi
980 5205 1189 5273 plantae
1222 5202 1457 5257 nomine
1488 5202 1850 5274 depingitur,
1886 5205 2039 5261 sicut

388 5297 542 5367 apud
575 5297 872 5366 Davidem,
904 5296 1032 5350 vitis
1063 5294 1144 5363 (η)
1180 5310 1192 5347 :
1229 5293 1381 5347 sicut
1412 5291 1567 5361 apud
1615 5290 1864 5347 alterum
1897 5293 2036 5349 item

461 5526 536 5596 (υ)
568 5523 717 5579 Psal.
748 5539 859 5591 eix,
891 5523 944 5596 ἒξ.

390 5598 461 5668 (c)
493 5594 694 5653 Ezech.
726 5610 890 5668 xcvi,
907 5594 957 5648 3.

390 5685 570 5737 σχειν,
605 5669 691 5723 16.

1037 5592 1113 5664 (d)
1143 5591 1295 5647 Psal.
1327 5610 1493 5658 xxxv,
1532 5593 1615 5648 10.

1024 5522 1105 5594 (ευ),
1132 5518 1282 5594 Psal.
1318 5536 1465 5584 XLIV,
1497 5522 1549 5575 2.
1577 5593 1583 5594 ί
1627 5521 1707 5594 (y)
1741 5521 1891 5594 Psal.
1926 5541 2100 5592 xxxii,
2130 5527 2184 5581 6.

770 5610 876 5659 LVI,
907 5594 957 5648 3.
1037 5593 1113 5664 (d)
1143 5593 1295 5647 Psal.
1327 5610 1493 5658 xxxv,
1532 5593 1615 5648 10.
1707 5594 1778 5664 (e)
1807 5593 1923 5651 Jer.
1958 5614 2021 5663 ιι,
2056 5596 2142 5652 13.
2239 5593 2515 5671 (ΠΗοὺι.
2551 5613 2589 5663 ι,
2623 5598 2675 5651 3.
2754 5596 2833 5668 (g)
2861 5595 3008 5651 Psal.
3045 5609 3314 5661 cxxxvm,
3348 5595 3434 5649 16.
3530 5596 3612 5668 (h)
3643 5593 3717 5654 Ps

770 5665 833 5739 (ἰ)
863 5666 1029 5722 Cant.
1061 5681 1124 5735 11,
1160 5668 1208 5721 1.
1286 5664 1360 5737 (k)
1389 5664 1527 5737 Cap.
1563 5682 1663 5733 v11,
1690 5682 1742 5720 v.
1781 5668 1865 5722 10.
1942 5669 2006 5740 (ι)
2035 5672 2211 5725 Num.
2240 5685 2394 5738 xxiv,
2422 5670 2477 5724 9.
2554 5668 2653 5741 (m)
2686 5668 2835 5727 Psal.
2861 5684 2975 5740 ιιι,
3004 5667 3059 5725 7.
3134 5666 3218 5739 (η)
3245 5665 3396 5723 Psal.
3421 5683 3635 5742 cxxvn,
3665 5671 3719 5726 3.

2157 4670 2245 4726 ὅτε
2288 4674 2314 4727 6
2347 4672 2558 4746 μόσχος
2611 4673 2638 4725 6
2669 4672 2927 4736 σιτευτὸς,
2960 4670 3050 4725 καὶ
3092 4671 3160 4725 τὰ
3204 4668 3376 4726 λοιπᾶ
3419 4670 3660 4746 γίνονται
3711 4671 3803 4727 ἐπὶ

2150 4765 2219 4834 τῇ
2252 4762 2456 4836 εὑρέσει
2486 4764 2583 4814 τοῦ
2613 4758 2823 4814 ἀσώτου
2854 4762 2996 4813 υἱοῦ.
3034 4758 3133 4815 Καὶ
3184 4758 3346 4814 πάλιν
3398 4761 3486 4813 ὅτε
3528 4759 3802 4834 ἀκούομεν

2149 4849 2241 4903 τὸν
2300 4849 2426 4903 Θεὸν
2479 4847 2961 4924 κεκραιπαληκὸτα
2993 4868 3004 4879 ·
3068 4845 3172 4903 Καὶ
3226 4846 3690 4921 κεκραιπαληκὼς
3749 4849 3800 4919 ἐξ

2152 4936 2322 4991 οἴνου.
2376 4938 2473 4991 Καὶ
2532 4936 2813 5009 μεθύοντα,
2872 4935 2963 4991 καὶ
3024 4936 3369 4991 ὑπνώττοντα
3401 4956 3412 4969 ·
3472 4939 3586 4993 Ἵνα
3640 4937 3694 4992 τί
3743 4939 3801 4993 ὑ-

2151 5033 2334 5098 πνοῖς,
2369 5027 2566 5103 Κύριε;
2602 5028 2668 5084 Τί
2699 5025 2757 5081 ἄν
2790 5047 2870 5087 τις
2903 5024 3045 5080 ε⁹ίποι
3075 5026 3195 5097 περὶ
3229 5030 3355 5093 τῶν,
3390 5026 3489 5083 Καὶ
3552 5026 3801 5102 ὠργίσθη

2153 5116 2372 5189 Κύριος,
2402 5116 2490 5170 καί
2525 5135 2535 5145 ·
2569 5118 2684 5172 Ἵνα
2719 5117 2770 5169 τί
2804 5114 3074 5189 ὠργίσθης
3122 5117 3268 5186 ἡμᾶς
3295 5134 3306 5172 :
3335 5116 3424 5169 καί
3463 5135 3475 5147 ·
3512 5115 3801 5187 Ἐλυπήθη

2149 5204 2371 5279 Κύριος,
2421 5206 2532 5275 καὶ,
2583 5206 2787 5277 Ὠμοσε
2845 5204 3065 5274 Κύριος,
3100 5202 3210 5274 καὶ,
3261 5201 3651 5276 Μετεμελήθη,
3710 5208 3806 5260 καὶ

2150 5293 2519 5369 Κατηράσατο,
2552 5293 2664 5361 καὶ,
2698 5294 2977 5365 Ἑμήνισε.
3011 5292 3075 5346 Τί
3122 5289 3179 5346 δὲ
3227 5293 3351 5366 περὶ
3406 5296 3513 5347 τῶν
3574 5292 3803 5349 πολυει-

2262 5526 2336 5595 (z)
2368 5529 2601 5581 Joan.1.
2632 5524 2715 5581 18.
2797 5525 2876 5594 (a)
2908 5524 3050 5578 Gen.
3085 5539 3146 5589 ιι,
3168 5522 3222 5576 9.

2262 5526 2336 5595 (κ)
2368 5529 2537 5580 Joan.
2564 5542 2601 5581 1.
2632 5524 2715 5581 18.
2797 5525 2876 5594 (a)
2908 5524 3050 5578 Gen.
3085 5539 3146 5589 ιι,
3168 5522 3222 5576 9.
3301 5522 3376 5594 (b)
3409 5522 3519 5580 lsa.
3546 5541 3721 5596 xxvn,
3744 5528 3799 5582 6.

2239 5596 2311 5671 (f)
2345 5597 2515 5671 Hebr.
2551 5613 2589 5663 1,
2623 5598 2715 5671 3._
2754 5596 2833 5671 (ρ)
2861 5595 3314 5671 Psal._‘1.xxxvn_1,
3348 5595 3434 5671 16.
3530 5596 3612 5668 (h)
3643 5598 3797 5654 Psal.

2861 5595 3008 5651 Psal.
3045 5609 3314 5668 cxxxvqi,
3348 5595 3434 5668 16.
3530 5596 3612 5668 (h)
3643 5598 3797 5654 Psal.
