4062 6366
214 379 316 436 485

1022 382 1485 437 PACHYMERE
1525 381 2027 436 PARAPHRASIS
2062 385 2137 436 IN
2174 386 2329 440 EPP.
2374 389 2432 441 S.
2474 390 2814 446 DIONYSII.

3520 401 3627 455 486

210 494 312 555 δῶν
371 501 462 557 καὶ
526 502 701 573 λοξῶν
746 508 846 571 τῆς
879 500 1140 576 ἁμαρτίας
1163 504 1268 555 τῶν
1303 498 1646 574 ἐπαγγελιῶν
1698 519 1851 575 σοφι-

1976 503 2335 575 propbetam,
2368 508 2513 563 oliva
2544 509 2639 581 (ο).
2671 511 2932 585 Denique
2964 518 3051 569 est
3100 516 3197 571 ubi
3245 534 3347 589 per
3392 523 3624 592 sapphi-

210 592 424 665 σμάτων
483 594 638 663 (16);
694 590 988 666 Ἃμαρτίας
1071 587 1127 644 δὲ
1191 589 1283 651 τὰς
1358 587 1663 663 ἀποτυχίας
1746 591 1852 643 τῶν

209 679 549 753 ἐπαγγελιῶν
613 701 767 756 φησι,
828 677 917 733 διὰ
962 679 1023 733 τὸ
1075 677 1125 733 ἐν
1176 679 1283 733 τισὶ
1340 682 1447 732 τῶν
1503 675 1857 753 προῤῥήσεων

210 766 293 822 διὰ
319 768 382 822 τὸ
408 767 711 842 πρόχειρον
746 766 920 822 δοκεῖν
956 768 1031 840 μὴ
1064 765 1220 829 τέλος
1253 761 1438 821 λαϐεῖν
1472 768 1538 821 τὰ
1591 764 1855 841 ἐπαγγελ-

208 859 357 921 θὲντα
387 858 502 929 (17)
537 877 548 886 '
584 856 696 911 οἷόν
732 857 896 926 ἐστιν,
928 855 987 911 ἐκ
1016 854 1241 911 πολλῶν
1298 854 1461 930 ὀλίγα
1503 854 1854 928 παραθέσθαι,

204 947 261 1001 16
312 948 450 1020 πρὸς
496 941 690 1003 Ἰακὼϐ
752 944 972 1019 λεχθὲν,
1026 945 1183 999 Γίνου
1226 944 1414 1019 κύριος
1468 948 1564 998 τοῦ
1619 940 1857 1019 ἀδελφοῦ

205 1055 295 1089 σου
328 1053 341 1067 ⁸
376 1035 466 1088 καὶ
525 1035 594 1089 τὰ
648 1034 771 1111 περὶ
829 1041 927 1103 τῆς
963 1031 1227 1107 διαμονῆς
1276 1038 1383 1088 τῶν
1427 1033 1502 1094 εἷς
1551 1034 1648 1100 τήν
1700 1032 1855 1107 βασις-

207 1122 347 1178 λείαν
404 1128 503 1178 τοῦ
561 1123 869 1197 σπέρματος
913 1120 1099 1194 Δαυῗδ,
1161 1122 1292 1195 ἅπερ
1354 1121 1404 1175 ἐν
1454 1124 1535 1194 τῷ
1593 1125 1860 1197 προφανεῖ

204 1206 507 1287 διήμαρτον
541 1219 643 1282 τῆς
679 1207 969 1273 ἐκϐάσεως.
1006 1211 1153 1267 Κατὰ
1206 1207 1263 1264 δὲ
1309 1212 1408 1279 τῆν
1462 1204 1661 1283 ἀκριϐῆ
1722 1210 1858 1262 θεω-

208 1304 347 1375 ρίαν,
384 1300 646 1374 οὐδαμῶς
682 1321 694 1333 ⁸
726 1301 788 1355 τὸ
824 1301 917 1374 μὲν
946 1301 1048 1375 γὰρ
1094 1304 1188 1354 τοῦ
1216 1295 1433 1370 Ἰακὼϐ,
1468 1296 1556 1353 διὰ
1610 1303 1711 1363 τῆς
1759 1302 1856 1351 τοῦ

204 1388 252 1459 ἐξ
284 1388 447 1443 αὐτοῦ
483 1389 849 1463 ἐπικρατείας,
883 1389 971 1444 καὶ
1001 1396 1101 1458 τῆς
1157 1389 1233 1450 εἰς
1285 1389 1511 1463 Χριστὸν
1573 1388 1855 1461 ἀναγωγῆς

203 1477 562 1553 πεπλήρωται
617 1481 777 1553 (18)·
838 1478 1017 1553 ὥσπερ
1069 1478 1159 1532 καὶ
1216 1478 1270 1532 αἱ
1302 1478 1437 1552 πρὸς
1484 1478 1576 1531 τὸν
1608 1471 1858 1549 Ἀϐραὰμ

202 1562 519 1642 ἰπαγγελίαι
545 1566 667 1641 περὶ
698 1573 796 1636 τῆς
817 1568 1192 1641 κατασχέσεως
1208 1573 1307 1636 τῆς
1328 1572 1433 1641 γῆς
1454 1565 1540 1621 καὶ
1561 1569 1669 1619 τῶν
1688 1564 1853 1628 ἐθνῶν

204 1653 474 1730 εὖλογίας.
492 1654 574 1712 Τὰ
605 1652 662 1709 δὲ
691 1656 826 1731 πρὸς
852 1653 1014 1710 Δαυλιδ
1050 1655 1213 1727 μόνον
1248 1654 1321 1716 ὡς
1349 1653 1576 1730 Χριστὸν
1607 1653 1858 1730 ἀναφέρε-

200 1764 282 1797 ται
310 1764 321 1775 ⁸
346 1743 559 1816 ὁμοίως
590 1744 680 1799 καὶ
710 1744 777 1798 τὰ
816 1744 939 1818 περὶ
968 1741 1339 1817 Σολομῶντος
1369 1741 1629 1798 δοκοῦντα
1654 1741 1706 1797 ἐν
1737 1748 1855 1804 τοῖς

1966 608 2091 646 rum
2112 592 2286 664 (p),et
2309 597 2462 667 apud
2495 602 2671 654 Amos
2706 603 2940 657 nomine
2970 603 3303 664 adamantis.
3334 608 3621 667 Mundum

1964 679 2207 753 insuper
2239 685 2582 740 muliebrem
2609 688 2717 759 ipsi
2745 695 2855 744 Deo
2881 693 3410 765 appingunt,juxta
3436 699 3579 754 illud
3609 716 3621 755 :

1966 770 2025 823 In
2060 773 2260 827 vestitu
2289 774 2557 829 deaurato
2584 778 2676 847 (q).
2703 780 2843 833 Item
2869 797 3032 836 arma
3055 782 3137 836 illi
3162 786 3469 843 admovent
3490 790 3626 844 bar-

1968 858 2245 915 barorum
2279 861 2337 915 in
2362 880 2581 917 morem
2608 867 2888 934 confecta,
2916 874 2979 922 ut
3004 869 3147 924 illud
3174 873 3315 928 forte
3337 880 3444 930 est:
3470 879 3625 934 Prae-

1968 946 2184 1018 eingere
2216 951 2539 1021 rhomphaea
2590 959 2684 1008 tua
2733 973 2897 1028 super
2943 963 3157 1028 femora
3207 965 3321 1032 tua,
3354 981 3386 1017 ο
3418 975 3623 1033 potens.

1970 1035 2328 1108 Rhomphaaa
2348 1058 2486 1096 sane
2510 1060 2615 1096 vox
2638 1052 2945 1100 armaturae
2972 1052 3057 1101 est
3083 1049 3630 1124 barbaricae,quem-

1968 1125 2287 1182 admodum
2367 1131 2660 1185 memoriae
2739 1135 2996 1205 prodidit
3071 1137 3449 1209 l’bylarchus.
3520 1145 3633 1221 ΑΗ.

1967 1215 2201 1284 quando
2230 1234 2465 1272 rursum
2492 1220 2831 1276 inaudimus
2854 1223 2967 1278 Deo
2987 1227 3273 1294 quasdam
3306 1230 3631 1290 admirabi-

1967 1302 2039 1356 lis
2064 1304 2315 1375 ﬁgulinze
2339 1308 2585 1378 efﬁgies,
2606 1312 2776 1379 juxta
2808 1311 2982 1366 illud:
3013 1314 3181 1381 Quasi
3210 1316 3388 1371 lutum
3407 1321 3626 1389 platea-

1967 1408 2091 1446 rum
2122 1394 2303 1450 delebo
2335 1411 2422 1451 eos
2451 1400 2544 1464 (r).
2580 1399 2733 1453 276
2765 1400 3187 1458 Cunﬁatorium
3222 1405 3425 1461 itidem
3451 1426 3468 1461 :
3501 1410 3628 1478 Igne

1965 1497 2054 1535 eos
2083 1483 2454 1552 examinasli,
2488 1488 2631 1542 sicut
2660 1492 3015 1544 examinalur
3044 1498 3331 1563 argentum
3377 1497 3464 1566 (ε).
3498 1497 3627 1554 Jam

1966 1586 2146 1641 equos
2194 1571 2277 1625 illi
2329 1575 2641 1645 efﬁngunt,
2674 1580 2993 1633 secundum
3029 1580 3226 1639 illud:
3281 1584 3389 1651 Qui
3434 1602 3626 1641 ascen-

1964 1660 2103 1714 disti
2150 1677 2314 1731 equos
2374 1672 2516 1733 tuos,
2577 1666 2967 1721 conturbantes
3036 1686 3206 1739 aquas
3273 1673 3479 1729 multas
3546 1677 3614 1747 (ι)

1964 1747 2179 1803 Currus
2228 1750 2577 1817 etiamnum,
2613 1757 2674 1807 ut
2717 1754 2861 1809 illud
2891 1761 2979 1810 est
3010 1773 3022 1810 :
3078 1759 3283 1814 Curras
3313 1762 3412 1815 Dei
3441 1764 3620 1819 decem

200 1828 461 1905 Ψαλμοῖς
516 1832 763 1908 εἰρῆσθαι
825 1832 876 1887 ἐν
924 1837 1005 1905 τῷ
1054 1834 1276 1934 Χριστῶ
1304 1832 1853 1934 ἒτελειώὶθτ,σαν.,Τὰς

1976 1837 2213 1892 millibus
2237 1840 2534 1910 multiplex
2546 1842 2625 1909 (u)
2639 1888 2647 1896 .
2665 1842 2855 1896 'l‘hron
2865 1861 2927 1898 os
2944 1846 3052 1898 add
3065 1863 3095 1899 u
3108 1852 3188 1900 nt:
3209 1848 3450 1906 Thronus
3474 1860 3623 1922 tuus,

197 1921 324 1996 γοῦν
394 1921 446 1974 ἐν
501 1922 715 1984 τούτοις
771 1921 1093 1997 ἐξηγητικὰς
1138 1919 1423 1983 ἀποδόσεις
1482 1923 1544 1976 τὸ
1602 1919 1851 1975 ποικίλον

198 2006 434 2083 ἐχούσας
459 2009 727 2081 πολυειδῆ
764 2010 983 2065 ἐκάλεσε
1016 2010 1324 2086 σοφίσματα
1358 2030 1370 2041 ⁸
1407 2010 1512 2086 οὐχ
1560 2011 1633 2072 ὡς
1679 2030 1854 2081 παρα-

203 2095 541 2172 λογιστικῶς
567 2099 945 2175 τεχναζόμενα
972 2101 1069 2167 τὴν
1107 2099 1390 2172 ἀλήθειαν,
1423 2098 1547 2154 ἀλλ’
1581 2099 1655 2160 ὡς
1682 2103 1858 2176 σοφῶς

209 2186 615 2242 ἀναπτύσσοντα
661 2188 723 2242 τὸ
757 2188 1113 2260 ζητούμενον.
1150 2187 1320 2243 Πάλιν
1380 2190 1481 2256 τήν
1526 2207 1858 2263 γιγαντομα-

210 2275 335 2351 χίαν
367 2276 460 2329 καὶ
492 2278 594 2345 τήν
635 2276 1019 2351 πυργοποιίαν,
1047 2278 1119 2339 ὠς
1150 2276 1200 2331 ἐν
1246 2281 1312 2350 τῇ
1361 2278 1564 2331 Γενέσει
1599 2276 1811 2353 φέρεται
1843 2292 1858 2308 ⁸

205 2363 297 2418 καὶ
330 2364 395 2420 τὸ
427 2366 565 2420 κατὰ
610 2371 708 2421 τοῦ
741 2362 951 2441 Ἀχαὰϐ
986 2361 1345 2438 συμϐούλιον,
1377 2366 1451 2428 ὠς
1502 2365 1553 2421 ἐν
1584 2370 1653 2440 τῇ
1701 2364 1859 2441 τρίτῃ

203 2458 311 2509 τῶν
366 2453 670 2509 Βασιλειῶν
736 2454 1057 2530 εὑρίσκεται,
1093 2455 1142 2510 ἐν
1173 2456 1217 2527 ᾦ
1250 2450 1610 2528 διαλαμϐάνει
1654 2457 1688 2524 ἡ
1748 2455 1864 2509 θεία

210 2542 422 2618 Γραφῆ,
456 2548 577 2606 πῶς
635 2545 894 2611 συνῆλθεν
951 2543 1214 2617 Ἰωσαφὰτ
1270 2543 1523 2619 βασιλεὺς
1572 2541 1748 2600 Ἰούδα
1788 2548 1866 2616 τῷ

212 2629 431 2706 βασιλεῖ
488 2629 712 2705 Ἰσραὴλ
765 2627 998 2706 ’Δχαάϐ.
1031 2632 1129 2685 Καὶ
1181 2632 1295 2686 εἶπε
1342 2632 1596 2707 βασιλεὺς
1644 2630 1866 2706 Ἰσραήλ

204 2720 345 2794 πρὸς
376 2717 606 2795 βασιλέα
634 2717 814 2776 Ἰούδα
849 2739 861 2752 ⁸
897 2719 959 2776 E’l
988 2717 1232 2794 ἀναϐήσῃ
1286 2723 1405 2793 μεθ’
1433 2724 1594 2794 ἡμῶν
1640 2720 1718 2783 εἴς
1765 2720 1867 2775 πό-

208 2806 383 2879 λεμον
454 2806 529 2869 εἷς
583 2809 827 2881 Ῥεμμὰθ
912 2806 1149 2866 Γαλαάδ.
1192 2810 1298 2863 Καὶ
1354 2809 1495 2863 εἶπεν
1555 2810 1816 2886 Ἰωσαφάτ
1852 2828 1865 2842 ⁸

205 2897 399 2960 Καθὼς
431 2896 563 2971 ἐγὼ,
599 2896 741 2951 οῧτω
771 2898 861 2951 καὶ
893 2896 956 2951 σύ
992 2916 1004 2929 ⁸
1039 2899 1215 2960 καθὼς
1263 2899 1290 2952 6
1331 2896 1464 2963 λαός
1518 2920 1641 2971 μου,
1678 2900 1704 2953 6
1736 2897 1869 2962 λαός

203 3004 306 3040 σου
341 3004 353 3018 ⁸
387 2988 574 3048 καθὼς
628 2988 680 3041 οἱ
723 2984 887 3041 ⁹ίπποι
947 3008 1073 3059 μου,
1110 2989 1160 3040 οἱ
1204 2985 1367 3042 Ἱπποι
1420 3010 1537 3045 σου.
1583 2989 1682 3044 Καὶ
1730 2991 1870 3044 εἶπεν

202 3072 479 3150 Ἰωσαφὰτ
510 3081 590 3147 τῷ
635 3075 852 3150 βασιλεῖ
884 3076 1109 3151 Ἰσραήλ
1146 3098 1158 3111 ⁸
1189 3079 1607 3152 Ἐπερωτήσατε
1656 3076 1722 3147 δὴ
1768 3081 1870 3150 a15-

207 3184 377 3238 μερον
406 3165 499 3218 τὸν
535 3162 753 3239 Κύριον.
782 3164 884 3219 Καὶ
916 3167 1264 3237 συνήθροισεν
1300 3167 1327 3219 6
1362 3166 1615 3241 βασιλεὺς
1647 3169 1867 3242 Ἰσραὴλ

202 3253 413 3313 πάντας
476 3251 604 3314 τοὺς
648 3254 934 3328 προφήτας
989 3253 1062 3315 ὠς
1115 3256 1517 3328 τετρακοσίους.
1570 3257 1665 3310 Καὶ
1728 3256 1867 3311 εἶπεν

207 3340 239 3394 6
278 3339 538 3414 βασιλεὺς
570 3339 794 3415 Ἰσραὴλ
825 3347 943 3404 τοῖς
999 3344 1306 3420 προφήταις
1340 3362 1352 3373 ⁸
1387 3344 1449 3397 Ei
1499 3349 1750 3419 πορευθῶ
1800 3344 1874 3408 εἰς

206 3430 459 3502 Ῥεμμὰθ
490 3428 709 3484 Γαλαὰδ
750 3430 825 3491 εἷς
871 3428 1141 3502 πόλεμον,
1174 3430 1209 3499 ἢ
1241 3429 1492 3505 ἐπισχῶ;
1528 3434 1625 3487 Καὶ
1672 3435 1821 3488 εἶπον
1860 3454 1873 3467 ⁸

206 3513 521 3587 Ἀνάϐαινε,
554 3518 645 3572 καὶ
706 3515 889 3581 διδοὺς
945 3516 1105 3573 δώσει
1144 3519 1338 3595 Κύριος
1401 3521 1479 3582 εἷς
1539 3527 1732 3596 χεῖρας
1780 3527 1876 3577 τοῦ

208 3605 513 3679 βασιλέως.
574 3607 674 3660 Καὶ
731 3607 873 3660 εἶπεν
928 3607 1190 3685 Ἰωσαφὰτ
1254 3609 1392 3682 πρὸς
1448 3606 1654 3684 ’Ᾱχαάϐ
1692 3630 1703 3641 ⁸
1763 3612 1877 3668 Οὐκ

203 3692 353 3749 ἔστιν
415 3692 524 3749 ὦδε
571 3697 862 3772 προφήτης
893 3696 1123 3769 Κυρίου,
1153 3697 1247 3751 καὶ
1297 3697 1732 3772 ἐπερωτήσωμεν
1783 3701 1875 3755 τὸν

208 3783 412 3856 Κύριον
451 3780 522 3836 δι’
552 3783 759 3853 αὐτοῦ;
795 3783 895 3839 Καὶ
928 3784 1071 3838 εἶπεν
1118 3787 1145 3838 6
1183 3784 1433 3859 βασιλεὺς
1464 3788 1687 3861 Ἰσραὴλ
1736 3791 1872 3865 πρὸς

203 3872 484 3948 Ἰωσαφάτ
519 3890 533 3903 ⁸
592 3874 710 3927 Ἔτι
768 3874 846 3935 εἷς
889 3869 1026 3926 ἔστιν
1086 3875 1222 3947 ἀνηρ
1285 3874 1360 3936 εἷς
1415 3876 1476 3929 τὸ
1535 3875 1873 3951 ἐπερωτῆσαι

207 3961 298 4015 τὸν
352 3958 558 4034 Κύριον
612 3956 680 4012 δι’
723 3960 910 4018 αὐτοῦ.
942 3961 1039 4014 Καὶ
1086 3960 1192 4037 ἐγὼ
1246 3963 1526 4036 μεμίσηκα
1572 3965 1755 4036 αὐτὸν,
1788 3967 1872 4022 ὅτι

208 4047 271 4102 οὐ
332 4046 497 4102 λαλεῖ
554 4048 691 4122 πρὸς
751 4047 849 4120 ἐμὲ
900 4046 1064 4116 καλὰ,
1102 4047 1247 4103 ἀλλά
1275 4052 1436 4119 κακὰ,
1471 4053 1710 4127 Μιχαίας
1759 4055 1873 4119 υίὸς

207 4130 499 4207 Ἰεμϐλαά.
535 4135 634 4188 Καὶ
683 4137 826 4189 εἶπεν
879 4137 1142 4214 Ἰωσαφὰτ
1198 4138 1453 4212 βασιλεὺς
1499 4139 1678 4195 Ἰούδα
1712 4162 1723 4175 ⁸
1775 4146 1868 4214 Mi}

207 4222 421 4299 λεγὲτω
482 4225 509 4276 ὁ
571 4223 826 4298 βασιλεὺς
886 4226 1049 4280 οὕτω.
1082 4228 1186 4281 Καὶ
1239 4226 1486 4281 ἐκάλεσεν
1538 4231 1564 4283 ὁ
1616 4231 1867 4304 βασιλεὺς

209 4312 442 4388 Ἰσραὴλ
497 4312 761 4386 εὐνοῦχον
820 4309 933 4383 ἕνα,
964 4313 1054 4367 καὶ
1105 4315 1218 4368 εἶπε
1254 4334 1265 4346 ⁸
1299 4316 1369 4369 Τὸ
1400 4319 1573 4391 ταχος
1624 4320 1865 4395 Μιχαίαν

206 4401 327 4454 υἱὸν
392 4395 672 4472 ’1εμϐλαά.
732 4400 834 4456 Καὶ
893 4397 1105 4476 Ἀχαὰϐ
1164 4404 1251 4457 καὶ
1313 4405 1573 4483 Ἰωσαφὰτ
1627 4409 1867 4481 βασιλεῖς

208 4486 480 4558 ἐκάθηντο
540 4488 627 4542 ἐπὶ
685 4493 792 4543 τῶν
853 4490 1057 4564 θρόνων
1107 4492 1285 4545 αὐτῶν
1352 4490 1574 4548 ἔνοπλοι
1621 4494 1707 4550 ἐπὶ
1750 4505 1865 4561 ταῖς

1964 1928 2124 1995 Deus,
2147 1944 2205 1980 in
2227 1930 2490 1984 szrculum
2516 1930 2828 2001 (v).Dapes,
2857 1936 2919 1985 ut
2940 1932 2998 1986 in
3024 1934 3355 2006 Evangelio,
3380 1941 3620 2010 quando

1962 2014 2181 2070 vitulus
2212 2015 2307 2071 ille
2338 2018 2642 2087 saginatus
2676 2017 3054 2090 reliquusque
3078 2031 3394 2093 apparatus
3415 2029 3621 2097 epula-

1966 2120 2096 2159 rum
2123 2106 2367 2174 jubetur
2396 2107 2629 2175 instrui,
2656 2108 2711 2161 in
2749 2108 2848 2161 ﬁlii
2882 2109 3203 2166 decoctoris
3235 2114 3354 2168 sive
3388 2117 3628 2187 prodigi

1973 2193 2429 2267 inventione(a:).
2447 2200 2877 2266 Nonnunquam
2904 2199 3042 2253 item
3069 2201 3431 2259 advertimus
3448 2205 3635 2261 Deum

1972 2283 2216 2354 crapula
2246 2284 2567 2340 distentum
2602 2303 2766 2341 esse:
2803 2290 2875 2342 Et
2904 2290 3233 2359 crapulatus
3285 2308 3319 2344 a
3370 2292 3497 2347 vino
3532 2296 3633 2366 (ῃ).

1974 2372 2213 2426 Ebrium
2251 2373 2425 2427 simul
2462 2378 2517 2428 et
2547 2375 3211 2444 obdormiscentem,ut:
3259 2380 3408 2451 Quid
3436 2382 3633 2437 obdor-

1973 2462 2097 2526 mis,
2119 2460 2343 2515 Domine
2366 2462 2478 2532 (2.)?
2505 2463 2653 2526 Quid
2688 2481 2857 2534 porro
2889 2462 3097 2519 attinet
3127 2470 3332 2521 caetera
3360 2468 3488 2538 ejus
3520 2469 3635 2525 for-

1977 2564 2082 2603 mm
2115 2556 2495 2621 percensere?
2519 2548 2587 2605 Ut
2619 2557 2791 2607 sunt:
2828 2555 2892 2607 Et
2925 2553 3102 2608 iratus
3131 2562 3209 2609 est
3240 2555 3502 2612 Dominus
3532 2559 3635 2637 (al;

1978 2638 2173 2709 thuid
2230 2638 2493 2696 irasceris
2554 2640 2707 2697 nobis
2764 2642 2880 2717 (b);
2934 2642 3301 2705 Conlrislatus
3360 2646 3495 2701 item
3557 2657 3639 2703 est

1974 2728 2259 2795 Dominus,
2293 2736 2385 2787 et:
2418 2734 2639 2787 Iuravit
2670 2735 2932 2791 Dominus
2962 2737 3055 2809 (e),
3090 2742 3190 2796 sed
3239 2747 3295 2797 et
3344 2746 3628 2803 Paeniten-

1978 2817 2055 2871 tia
2088 2819 2286 2874 ductus
2316 2821 2577 2892 docetur,
2601 2831 2692 2877 et:
2744 2824 3027 2882 Maledixil
3050 2829 3149 2899 (ά),
3183 2836 3278 2885 et:
3318 2832 3636 2891 Commina-

1977 2911 2067 2959 tus
2085 2911 2165 2961 est
2187 2910 2282 2978 (e),
2306 2908 2426 2964 sive
2455 2910 2631 2965 etiam
2667 2916 3026 2970 succensuit.
3050 2919 3197 2980 Quid
3230 2936 3362 2976 vero
3395 2923 3465 2976 de
3488 2925 3633 2979 mul-

1977 2996 2317 3052 tiformibus
2363 3002 2419 3052 et
2467 2999 2722 3071 obliquis
2772 3006 3179 3074 argutionibus
3236 3009 3636 3069 frustrationis

1982 3084 2482 3154 promissionum?
2506 3086 2797 3160 Ἀμαρτίας
2828 3097 3020 3147 autem
3056 3096 3468 3155 frustrationes
3500 3118 3636 3172 pro-

1983 3172 2333 3229 missionum
2368 3175 2531 3245 dicit,
2567 3179 2707 3247 quia
2752 3187 3089 3251 promptum
3140 3190 3224 3239 est
3276 3187 3479 3259 videri,
3510 3207 3647 3260 pro-

1990 3262 2169 3316 missa
2227 3262 2445 3318 exitum
2507 3267 2883 3336 promissioni
2916 3274 3362 3341 respondentem
3398 3278 3646 3335 minime

1986 3351 2312 3420 accepisse:
2348 3354 2496 3421 quod
2530 3370 2713 3425 genus
2749 3355 2891 3410 illud
2926 3366 3035 3422 est,
3062 3366 3126 3414 ut
3157 3379 3344 3432 pauca
3374 3380 3404 3419 e
3435 3366 3641 3421 multis

1986 3438 2359 3508 depromam:
2396 3440 2563 3507 illud,
2589 3443 2853 3514 inquam,
2880 3448 3034 3516 quod
3060 3448 3242 3504 Jacob
3275 3451 3497 3507 dictum
3524 3459 3645 3510 est:

1985 3527 2112 3581 Eslo
2142 3528 2397 3583 dominus
2440 3533 2633 3599 fratris
2665 3534 2750 3586 tui
2780 3533 2868 3603 (Γ).
2905 3533 2970 3588 Et
3002 3552 3126 3605 qua:
3153 3538 3223 3591 de
3254 3554 3644 3608 permansura

1987 3633 2091 3670 nec
2123 3617 2533 3689 interpolanda
2564 3622 2937 3677 successione
2985 3624 3053 3677 ad
3108 3642 3355 3698 regnum
3396 3629 3644 3685 seminis

1985 3706 2162 3761 David
2197 3708 2475 3778 przedicta
2522 3720 2707 3765 erant.
2737 3710 2901 3766 Talia
2953 3712 3154 3785 utique
3204 3716 3504 3788 propalam
3556 3723 3650 3774 est

1985 3796 2109 3863 ipso
2141 3797 2295 3850 exitu
2331 3797 2789 3871 haudquaquam
2825 3802 3197 3872 respondisse
3242 3805 3650 3878 promissioni,

1981 3888 2267 3941 Caterum
2326 3886 2445 3942 haec
2506 3890 2742 3954 eadem,
2802 3890 2851 3944 si
2914 3892 3168 3961 penitius
3230 3895 3641 3967 contemplere,

1984 3973 2147 4029 nulla
2179 3993 2415 4046 prorsus
2446 3976 2828 4038 frustratione
2878 3980 3203 4041 eluserunt.
3240 3980 3345 4043 Illa
3375 3983 3532 4041 enim
3567 3984 3639 4039 ab

1979 4065 2158 4118 Jacob
2188 4065 2338 4120 facta
2369 4071 2681 4138 promissio
2714 4089 2779 4127 eo
2807 4073 3050 4145 impleta
3080 4079 3360 4151 creditur,
3387 4081 3542 4155 quod
3577 4079 3618 4139 ll

1980 4155 2080 4220 qui
2112 4169 2180 4206 ex
2210 4156 2337 4223 ejus
2367 4159 2592 4213 semine
2626 4164 2891 4228 prognati
2944 4171 3105 4235 sunt,
3140 4168 3515 4227 invaluerunt
3545 4175 3634 4229 di-

1976 4240 2169 4295 tione:
2221 4246 2278 4296 et
2335 4261 2435 4315 per
2483 4253 2815 4317 respectum
2867 4253 2937 4306 ad
2989 4254 3286 4313 Christum
3344 4263 3637 4333 completa

1978 4326 2242 4385 fuerunt.
2301 4334 2377 4386 Ad
2437 4333 2592 4389 hunc
2649 4353 2886 4393 sensum
2945 4340 3335 4414 intelligendas
3392 4326 3639 4408 veniunt

1978 4416 2309 4474 Abrahamo
2371 4423 2516 4490 patri
2578 4424 2743 4479 dictae
2794 4430 3209 4497 promissiones
3269 4435 3341 4489 de
3398 4454 3636 4507 posses-

1976 4503 2137 4559 sione
2156 4512 2319 4562 terrze
2336 4509 2825 4582 Chananitidis,et
2837 4518 3101 4588 gentium
3121 4503 3523 4582 benedictione
3539 4526 3634 4597 (g).

207 4575 418 4637 πύλαις
453 4576 781 4652 Σαμαρείας,
814 4578 905 4631 καὶ
954 4578 1165 4642 ποὶντες⁴
1198 4580 1249 4633 οἱ
1298 4590 1574 4658 προφῆται
1624 4590 1870 4664 προεφή-

434 4662 448 4685 ἳ
511 4665 522 4684 Ι
770 4666 782 4684 9
838 4664 865 4683 1’
956 4673 989 4685 πν
1038 4666 1049 4679 ε
1091 4666 1105 4685 Ί
1198 4672 1206 4685 I
1390 4671 1402 4685 ο
1522 4676 1549 4685 .-
1617 4679 1651 4685 _
1692 4671 1715 4685 α
1790 4677 1798 4685 ι

2748 4575 2758 4582 ,
2837 4575 2870 4588 υ
3170 4575 3634 4597 Ninum—qs,-

1978 4592 2108 4647 Jam
2158 4611 2284 4664 quae
2332 4599 2403 4651 ad
2457 4601 2629 4655 David
2679 4605 2851 4659 modo
2906 4610 3279 4678 repromissio
3324 4613 3475 4670 facta
3504 4618 3639 4685 est;

205 4685 368 4718 τευον
430 4662 660 4719 ἐνώπιον
722 4664 923 4722 αὐτῶν.
956 4666 1054 4719 Καὶ
1088 4666 1340 4737 ἐποίησεν
1390 4671 1562 4743 ἑαυτῷ
1614 4671 1869 4740 Σεδεκίας

211 4753 331 4814 υἱὸς
388 4754 599 4807 Χαναὰν
660 4752 858 4829 κέρατα
908 4751 1129 4828 σιδηρᾶ,
1181 4756 1269 4810 καὶ
1331 4757 1443 4811 εἶπε
1478 4779 1489 4791 ⁸
1534 4758 1677 4816 Τάδε
1723 4762 1868 4838 λέγει

211 4841 415 4914 Κύριος
450 4860 463 4871 ⁸
498 4842 584 4895 Ἐν
616 4842 830 4903 τούτοις
860 4848 1145 4918 ,ικερατιεῖς
1196 4845 1293 4913 τὴν
1351 4846 1549 4921 Συρίαν
1598 4847 1702 4914 ἕως
1748 4873 1868 4906 συν-

208 4926 468 5001 τελεσθῇ.
503 4930 604 4986 Καὶ
634 4931 830 4993 πάντες
856 4931 907 4984 οἱ
958 4934 1230 5009 προφῆται
1283 4937 1654 5012 προεφήτευον
1703 4938 1870 5009 οὕτω,

212 5014 465 5092 λέγοντες
502 5037 513 5049 ⁸
569 5013 849 5073 Ἀνάϐαινε
906 5018 982 5081 εἴς
1026 5022 1274 5094 Ῥεμμὰθ
1326 5022 1566 5095 Γαλαὰδ,
1613 5026 1703 5080 καὶ
1756 5029 1873 5084 εὐο-

211 5101 400 5173 δὼσει,
432 5107 521 5159 καί
555 5104 713 5160 δώσει
749 5110 945 5179 Κύριος
975 5107 1051 5170 εἷς
1111 5110 1302 5183 χεῖράς
1364 5132 1459 5164 σου
1510 5113 1601 5166 τὸν
1649 5116 1875 5189 βασιλέα

211 5192 434 5266 Συρίας.
470 5193 565 5247 Καὶ
597 5194 625 5246 6
652 5192 905 5268 ἅγγελος,
940 5196 966 5249 6
1008 5197 1291 5270 πορευθεὶς
1337 5197 1561 5253 καλέσαι
1598 5203 1688 5255 τὸν
1744 5225 1880 5279 προ,

210 5282 391 5352 φήτην
422 5281 685 5355 Μιχαίαν,
719 5281 985 5352 ἐλάλησεν
1017 5285 1165 5355 αὐτῷ
1212 5284 1385 5360 λέγων
1422 5306 1433 5318 ⁸
1471 5285 1608 5342 Ἰδοὺ
1645 5288 1709 5360 δὴ
1740 5294 1880 5356 πάν,

206 5386 296 5427 τες
341 5369 393 5421 οἱ
439 5375 721 5444 προφῆται
771 5368 821 5423 ἐν
872 5370 1098 5444 στόματι
1152 5373 1228 5426 ἑνὶ
1276 5371 1509 5429 λαλοῦσι
1560 5377 1705 5433 καλὰ
1754 5383 1881 5459 περὶ

284 5477 358 5568 (0C2
388 5476 744 5568 Os’e.‘i:1v,‘7.
827 5478 904 5549 (ρ)
936 5480 1317 5568 lii-260mm,}:
1397 5484 1844 5568 (q)"Psal._nL1v,
1876 5506 1877 5515 ‘

2011 5495 2082 5565 (ν)
2113 5495 2163 5550 ΙΙ
2198 5497 2333 5566 Reg.
2367 5516 2506 5568 χιιι,
2540 5503 2627 5556 43.

1100 5553 1174 5637 (ἐξ)
1210 5553 1443 5637 Habui,
1600 5558 1681 5631 (τε)
1717 5553 2024 5637 μηθ’,κνς
2053 5553 2657 5637 ('y)Psal:7Lxxvi1,it—35.

1844 5636 1923 5708 (d)
1972 5635 2118 5692 Gen.
2146 5655 2199 5707 v,
2230 5642 2321 5695 29.

210 5562 301 5611 III,
325 5547 377 5600 8.
456 5552 529 5615 (α)
568 5547 711 5602 Psal.
738 5547 904 5615 vaii,
933 5552 1019 5604 18.

209 5618 479 5699 391,22.
555 5619 632 5689 (ὁ)
683 5619 828 5699 [ζειαί.
862 5638 1087 5692 LXXXIV,
1107 5618 1174 5678 '6'.
1252 5625 1327 5696 (ο)
1379 5618 1533 5683 Peal.
1563 5618 1677 5699 οἰχ,
1711 5634 1761 5688 4.

214 5688 297 5760 (g)
329 5688 465 5745 Gen.
501 5705 652 5760 xxvr,
685 5691 736 5748 4.

1978 4680 2130 4735 haud
2165 4684 2409 4739 dubium
2446 4689 2586 4757 quin
2616 4692 2683 4744 ad
2716 4692 3012 4750 Christum
3050 4700 3353 4756 referenda
3388 4703 3486 4760 sit.
3520 4680 3636 4763 Nec

1980 4770 2375 4843 dissimiliter,
2405 4792 2532 4846 quae
2569 4778 2625 4832 in
2660 4780 2901 4837 Psalmis
2935 4785 3006 4839 de
3041 4786 3356 4846 Salomone
3403 4793 3517 4846 dici
3565 4796 3648 4848 vi-

1985 4858 2204 4913 dentur
2235 4866 2462 4917 tantum
2492 4881 2503 4919 :
2541 4867 2682 4921 nihil
2717 4870 3033 4928 obscurum
3069 4881 3159 4929 est
3198 4876 3254 4930 in
3310 4879 3438 4949 ipso
3490 4897 3649 4937 com-

1984 4947 2141 5018 pleta
2171 4966 2299 5004 esse
2359 4952 2613 5009 Christo.
2647 4956 2985 5015 Istiusmodi
3047 4963 3230 5033 igitur
3287 4947 3619 5025 enarrativa

1984 5036 2433 5095 distributiones
2480 5041 2776 5100 diversum
2822 5048 2956 5116 quid
3010 5051 3067 5104 in
3120 5054 3373 5122 speciem
3424 5073 3538 5119 prae
3586 5075 3648 5114 se

1988 5124 2262 5191 ferentes,
2321 5131 2549 5184 vocavit
2618 5135 3007 5191 multiformia
3082 5140 3484 5209 sophismata:
3528 5162 3646 5203 non

1990 5213 2142 5283 quod
2178 5216 2541 5273 frustratoria
2574 5225 3084 5292 argumentatione
3115 5229 3416 5286 veritatem
3445 5234 3644 5291 elude-

1992 5305 2143 5367 rent,
2178 5305 2372 5358 verius
2405 5307 2544 5376 quia
2574 5308 2630 5362 id
2662 5310 3018 5380 explicarent
3048 5316 3368 5386 sapienter,
3399 5325 3553 5393 quod
3590 5324 3649 5381 in

1993 5388 2202 5459 primis
2232 5395 2564 5449 vertebatur
2594 5397 2651 5450 in
2676 5399 3084 5467 quaestionem.
3118 5388 3650 5484 Praeterea'gigan-

2707 5504 2772 5588 (ξ)
2799 5506 2965 5588 ‘P'sal.
3006 5526 3135 5577 va,
3170 5514 3262 5588 19.
3337 5516 3402 5588 (t)
3431 5518 3649 5580 Hahae.

2736 5577 2813 5647 (χ.)
2837 5578 2989 5659 Psal.
3017 5584 3290 5659 ποιηρὸν.
3341 5577 3447 5659 ’(ἀ)
3469 5594 3553 5645 Nu
3568 5608 3622 5647 m

2398 5643 2470 5713 (e)
2521 5644 2644 5702 Jos.
2695 5643 2858 5714 mn,
2894 5651 2978 5707 15.
3057 5653 3124 5726 (f)
3165 5643 3313 5712 Gen.
3346 5643 3625 5731 ixi/11,723
