4062 6366
410 413 513 467 487

1244 409 1610 462 APPENDIX
1651 408 1748 461 AD
1785 406 2025 462 OPERA
2063 407 2121 458 S.
2162 405 2476 461 DIONYSII
2514 403 3016 461 AREOPAGITE.

3714 406 3829 462 488

407 535 761 592 tomachiam
785 532 945 588 illam
967 532 1263 603 turrisque
1288 529 1471 585 multo
1496 529 1886 585 celeberrima
1920 527 2058 583 sub-

2175 529 2268 580 τοῦ
2303 526 2569 601 βασιλέως
2595 546 2608 560 ⁶
2639 525 2795 603 γενοὺ
2826 526 2914 580 καὶ
2946 524 3007 579 σὺ
3040 524 3117 586 εἷς
3159 523 3356 598 λόγους
3386 546 3479 580 σου
3527 526 3664 583 κατά
3693 528 3828 591 τοὺς

408 625 815 687 structionem,
835 622 968 676 utin
988 620 1198 676 Genesi
1220 621 1327 688 (Ιι),
1345 620 1576 674 abunde
1592 619 1854 684 refertur;
1875 633 2063 686 neque

407 732 523 769 non
573 714 854 768 adversus
906 710 1141 765 Achaab
1193 709 1401 763 initum
1455 706 1788 770 consilium,
1819 706 1971 760 sicut
2004 703 2061 757 in

405 802 575 857 tertio
590 817 822 873 quoque
842 801 1175 868 Regnorum
1192 798 1257 869 (ἰ)
1278 796 1533 851 invenire
1547 805 1660 861 est;
1695 812 1809 865 quo
1826 794 2060 864 quidem

406 891 531 945 loco
566 890 759 944 divina
789 889 1039 959 cxplicat
1067 887 1386 957 Scriptura,
1420 901 1535 955 quo
1571 890 1740 955 pacto
1778 882 2065 953 Josaphat

406 982 553 1036 277
593 996 725 1033 cum
760 976 959 1031 Achab
995 992 1125 1045 rege
1155 973 1331 1029 Israel
1362 972 1711 1027 convenerit.
1750 972 1920 1026 Porro
1966 987 2065 1025 rex

407 1067 583 1123 Israel
616 1067 762 1120 dixit
791 1065 913 1135 regi
960 1065 1148 1119 Juda:
1200 1064 1257 1118 Si
1307 1062 1587 1116 ascendes
1645 1062 1949 1115 nobiscum
2004 1060 2062 1115 in

406 1155 626 1211 bellum
657 1154 713 1208 in
740 1151 1087 1207 Rhemmath
1118 1150 1331 1206 Galaad
1350 1150 1377 1203 ‘?
1401 1148 2061 1219 ResponditJosaphat;

407 1244 571 1299 Sicut
620 1260 748 1313 ego,
779 1242 860 1296 ita
908 1245 964 1295 et
1014 1245 1115 1293 tu:
1171 1243 1234 1292 ut
1284 1237 1538 1309 populus
1589 1254 1775 1306 meus,
1812 1237 2065 1308 populus

406 1339 582 1388 tuus:
636 1337 699 1385 ut
740 1331 868 1401 equi
909 1330 1044 1398 mei,
1078 1328 1211 1399 equi
1243 1327 1350 1381 tui.
1383 1326 1610 1396 Adjecit
1637 1342 1868 1397 quoque
1898 1325 2064 1380 Josa-

410 1422 569 1493 phat,
597 1420 715 1492 regi
743 1418 914 1475 Israel
944 1419 1143 1473 dicens
1167 1434 1178 1470 :
1207 1419 1588 1487 Interrogata.
1611 1417 1872 1481 obsecro,
1895 1414 2067 1469 hodie

410 1510 749 1565 Dominum.
774 1512 841 1561 Et
863 1508 1235 1577 congregavit
1261 1522 1356 1559 rex
1385 1504 1559 1559 Israel
1592 1521 1795 1558 omnes
1820 1504 2065 1574 prophe-

407 1603 499 1654 tas
526 1597 693 1669 quasi
725 1596 1210 1667 quadringentos.
1242 1599 1313 1649 Et
1364 1594 1509 1647 dixit
1560 1610 1657 1646 rex
1708 1592 1883 1646 Israel
1937 1609 2067 1662 pro-

406 1686 631 1759 phetis:
667 1686 727 1739 Si
759 1682 1174 1756 proﬁciscarin
1202 1682 1552 1737 Rhemmath
1587 1682 1801 1735 Galaad
1839 1682 1907 1734 ad
1948 1680 2065 1734 bel-

404 1775 673 1843 landum,
700 1791 769 1829 an
789 1790 880 1828 me
895 1774 1163 1827 contineo
1179 1772 1205 1825 ?
1223 1773 1290 1825 Et
1305 1772 1749 1841 responderunt:
1765 1770 2064 1836 Ascende;

2172 614 2374 690 λόγους
2428 616 2541 677 ἑνὸς
2595 614 2825 685 τούτων,
2884 613 2973 668 καὶ
3029 610 3274 683 λάλησον
3342 614 3501 672 καλά.
3555 615 3657 671 Καῗ
3706 617 3831 671 Birt:

2171 705 2417 779 Μιχαίας
2452 724 2464 737 ⁸
2499 709 2573 779 Ζῇ
2609 704 2826 779 Κύριος,
2861 703 2890 757 ὅ
2918 724 2971 757 τι
3003 700 3061 756 ἂν
3097 700 3220 776 εἷ’πῃ
3281 702 3473 777 Κύριος
3533 706 3671 779 πρὸς
3734 706 3829 777 μὶ,

2170 798 2333 848 τοῦτο
2366 791 2616 863 λαλήσω.
2653 790 2749 846 Καὶ
2775 790 2913 859 ἦλθε
2943 790 3182 865 Μιχαίας
3231 790 3368 866 πρὸς
3423 793 3513 847 τὸν
3569 792 3829 868 βασιλέα.

2172 881 2272 935 Καὶ
2327 882 2467 935 εἶπεν
2525 883 2551 936 ὁ
2602 879 2852 956 βασιλεὺς
2905 880 3049 950 αὐτῷ
3087 898 3102 915 ⁸
3145 880 3379 954 Μιχαία,
3414 880 3457 935 εἷ
3507 878 3690 936 ἀναϐῶ
3750 881 3835 943 εἷς

2173 971 2418 1043 Ῥεμμὰθ
2448 968 2661 1025 Γαλαὰδ
2697 970 2771 1031 εἷς
2830 968 3099 1041 πόλεμον,
3132 970 3167 1039 ἢ
3201 967 3450 1043 ἐπισχῶ;
3485 971 3586 1025 Καὶ
3637 973 3783 1024 εἶπεν
3815 990 3831 1002 ·

2176 1054 2478 1127 ’Λνάϐαινε,
2511 1060 2599 1114 καὶ
2633 1057 2891 1114 εὐοδώσει
2925 1058 3123 1133 Κύριος
3157 1058 3231 1119 εἷς
3278 1064 3469 1132 χεῖρας
3516 1063 3613 1113 τοῦ
3667 1061 3838 1133 βασι-

2177 1147 2339 1213 λὲως.
2376 1151 2472 1205 Καὶ
2529 1151 2670 1205 εἶπεν
2728 1150 2872 1221 αὐτῷ
2904 1152 2930 1203 ὁ
2973 1146 3225 1225 βασιλεύς
3257 1168 3268 1180 ·
3298 1150 3531 1211 Ποσάκις
3577 1149 3681 1225 ἐγὼ
3730 1150 3833 1225 ὀρ-

2175 1238 2313 1307 κίζω
2346 1260 2402 1293 σε
2434 1238 2583 1301 ὅπως
2619 1238 2870 1312 λακήσῃς
2900 1238 3037 1310 πρὸς
3080 1238 3145 1309 μὶ
3184 1235 3443 1308 ἀλήθειαν
3498 1238 3548 1292 ἐν
3602 1238 3840 1309 ὀνόματι

2178 1327 2421 1401 Κυρίου;
2476 1329 2576 1382 Καὶ
2636 1329 2749 1381 εἶπε
2809 1326 3049 1401 Μιχαίας
3083 1344 3096 1356 '
3155 1325 3277 1400 Οὐχ
3325 1324 3519 1387 οὕτως.
3578 1328 3842 1402 Ἑώρακα

2177 1416 2346 1470 πάντα
2394 1416 2485 1470 τὸν
2541 1414 2760 1491 Ἰσραήλ
2827 1413 3218 1489 διεσπαρμένον
3270 1414 3319 1469 ἐν
3362 1420 3477 1476 τοῖς
3524 1411 3703 1489 ὄρεσιν
3751 1416 3839 1478 ὡς

2178 1506 2459 1577 ποίμνιον,
2494 1504 2539 1577 ᾧ
2599 1505 2699 1559 οὐκ
2741 1500 2850 1559 ἔστι
2908 1507 3137 1577 ποιμήν.
3173 1504 3274 1559 Καὶ
3323 1505 3436 1558 εἶπε
3467 1503 3670 1578 Κύριος
3704 1525 3716 1535 ’
3751 1504 3840 1561 Οὐ

2180 1592 2374 1666 Κύριος
2422 1592 2642 1655 τούτοις
2703 1593 2779 1654 εἷς
2838 1591 3003 1660 Θεόν;
3039 1592 3439 1668 Ἀναστρεφέτω
3485 1588 3707 1652 ἕκαστος
3754 1592 3842 1651 εἷς

2176 1682 2267 1735 τὸν
2326 1684 2474 1735 οἷκον
2533 1681 2695 1735 αὐτοῦ
2755 1681 2805 1735 ἐν
2858 1681 3065 1755 εἰρήνῃ.
3101 1679 3199 1733 Καὶ
3245 1680 3387 1733 εἶπεν
3437 1675 3647 1755 ’Δχαὰϐ
3696 1681 3845 1751 πρὸς

2180 1770 2464 1847 Ἰωσαφάτο
2497 1769 2611 1826 Οὐκ
2641 1771 2762 1823 εἶπα
2792 1772 2926 1843 πρὸς
2961 1769 3037 1839 σε,
3072 1769 3136 1822 οὐ
3169 1768 3501 1841 προφητεύει
3533 1768 3689 1828 οὗτός
3736 1789 3842 1840 μοι

403 1866 553 1920 dans
583 1864 737 1919 enim
771 1863 932 1916 dabit
961 1878 1087 1915 eam
1123 1861 1411 1914 Dominus
1457 1860 1513 1912 in
1552 1876 1762 1913 manus
1794 1859 1967 1929 regis.
2000 1858 2064 1911 Et

2178 1857 2339 1927 καλὰ,
2371 1856 2506 1912 διότι
2542 1856 2666 1912 ἀλλ’
2692 1859 2725 1927 ἢ
2758 1857 2933 1927 κακά,
2972 1858 3064 1913 Καὶ
3101 1857 3215 1910 εἷπε
3250 1857 3491 1931 Μιχαίας
3526 1875 3538 1887 ·
3568 1857 3691 1931 Οὐχ
3740 1857 3847 1910 οὕ-

406 1954 551 2008 dixit
571 1951 858 2022 Josaphat
882 1951 951 2004 ad
979 1950 1243 2003 Achaab:
1271 1948 1395 2002 Non
1420 1957 1505 2002 est
1528 1948 1621 2001 hic
1654 1948 1937 2018 propheta
1965 1946 2068 2001 ali-

406 2042 541 2112 quis
577 2040 832 2108 Domini,
864 2044 931 2093 ut
960 2038 1393 2109 interrogemus
1425 2037 1739 2091 Dominum
1778 2052 1878 2105 per
1909 2035 2070 2089 eum?

406 2131 477 2184 Et
527 2128 830 2199 respondit
864 2144 957 2181 rex
992 2126 1169 2181 Israel
1223 2128 1291 2180 ad
1344 2125 1663 2197 Josaphat:
1726 2125 1927 2179 Adhuc
1984 2123 2070 2176 vir

407 2234 559 2272 unus
590 2220 699 2285 est,
734 2232 835 2287 per
866 2231 1038 2284 quem
1092 2215 1455 2283 interrogare
1504 2230 1822 2284 possumus
1871 2213 2067 2266 Domi-

404 2322 588 2371 num;
621 2306 721 2359 sed
764 2320 870 2373 ego
919 2304 1013 2357 odi
1068 2319 1225 2369 eum,
1258 2303 1399 2372 quia
1448 2319 1559 2356 non
1613 2301 1875 2372 loquitur
1926 2300 2070 2353 mihi

406 2396 579 2461 bona,
614 2394 714 2448 sed
764 2392 935 2456 mala,
972 2391 1242 2445 Michzeas
1298 2390 1454 2444 ﬁlius
1502 2390 1793 2445 Jemblaa.
1828 2391 1895 2444 Et
1927 2389 2070 2443 dixit

401 2482 689 2552 Josaphat
718 2497 813 2534 rex
843 2481 1025 2534 Juda:
1068 2480 1149 2533 Ne
1194 2479 1456 2549 loquaris
1478 2478 1581 2543 ita,
1606 2496 1725 2533 rex.
1753 2479 1819 2532 Et
1849 2477 2070 2532 vocavit

402 2588 501 2625 rex
530 2568 704 2625 Israel
736 2569 1073 2623 eunuchum
1109 2585 1316 2635 unum,
1359 2573 1417 2621 et
1466 2568 1643 2621 dixit:
1690 2569 1961 2621 Actutum
1996 2567 2067 2620 ad

400 2676 497 2714 me
528 2660 711 2712 accito
743 2656 1044 2711 Michaeam
1081 2655 1267 2710 ﬁlium
1301 2656 1589 2711 Jemblaa.
1629 2656 1693 2710 Et
1724 2656 1957 2709 Achaab
2012 2659 2069 2709 et

404 2746 693 2817 Josaphat
723 2762 889 2816 reges
922 2745 1203 2800 sedebant
1234 2745 1292 2797 in
1327 2743 1491 2798 soliis
1522 2745 1644 2797 suis
1670 2743 2070 2813 armatijuxta

404 2840 604 2908 portas
636 2834 935 2903 Samaritae,
970 2837 1027 2887 et
1059 2849 1262 2887 omnes
1294 2832 1381 2885 illi
1418 2832 1712 2902 prophetae
1758 2832 2068 2903 propheta-

407 2925 551 2979 bant
581 2939 779 2977 coram
815 2921 940 2991 eis;
978 2921 1112 2975 fecit
1142 2936 1377 2990 quoque
1427 2920 1539 2974 sibi
1588 2920 1860 2975 Sedecias
1914 2919 2069 2974 ﬁlius

407 3012 681 3067 Chanaan
709 3026 930 3064 cornua
955 3010 1158 3075 ferrea,
1184 3014 1240 3064 et
1261 3009 1425 3064 dixit:
1443 3009 1572 3064 Haec
1598 3009 1739 3064 dicit
1766 3009 2067 3064 Dominus:

410 3100 510 3155 His
544 3099 826 3154 cornibus
874 3097 1187 3153 ventilabis
1237 3098 1484 3169 Syriam,
1522 3114 1824 3168 usquequo
1856 3114 2069 3151 consu-

406 3193 618 3243 metur.
653 3187 719 3241 Et
748 3202 953 3240 omnes
990 3185 1287 3257 prophetae
1345 3186 1775 3256 prophetabant
1805 3186 1872 3239 ad
1910 3185 2067 3239 hunc

2182 1969 2312 2015 τως,
2356 1947 2454 2000 οὐκ
2516 1945 2641 2019 ἐγώ.
2698 1951 2895 2001 ’Ἄκουε
2953 1945 3105 2019 ῥῆμα
3161 1944 3357 2019 Κυρίου
3391 1963 3404 1975 ·
3460 1945 3583 2019 Οὐχ
3633 1944 3847 2005 οὕτως,

2180 2033 2339 2092 Εἶδον
2394 2035 2592 2109 Κύριον
2652 2035 2778 2088 Θεὸν
2836 2033 3057 2108 Ἰσραὴλ
3116 2035 3423 2106 καθήμενον
3493 2033 3579 2088 ἰπὶ
3634 2033 3847 2107 θρόνου

2180 2124 2364 2193 αὐτοῦ,
2411 2124 2499 2177 καὶ
2568 2128 2709 2177 πᾶσα
2761 2126 2794 2191 ἠ
2857 2123 3080 2195 στρατιὰ
3142 2127 3239 2176 τοῦ
3297 2123 3531 2197 οὐρανοῦ
3592 2122 3847 2191 εἱστήκει

2178 2213 2302 2288 περὶ
2359 2212 2518 2266 αὐτὸν
2580 2213 2637 2266 ἐκ
2669 2209 2855 2281 δεξιῶν
2885 2211 3049 2265 αὐτοῦ
3083 2211 3172 2264 καὶ
3205 2209 3254 2283 ἐξ
3289 2210 3581 2283 εὐωνύμων
3641 2210 3846 2267 αὐτοῦ.

2178 2302 2277 2356 Καὶ
2339 2301 2455 2355 εἷπε
2502 2301 2697 2372 Κύριος
2732 2319 2744 2332 ⁸
2779 2300 2877 2361 Τίς
2925 2299 3189 2368 ἀπατήσει
3221 2301 3309 2353 τὸν
3336 2294 3545 2373 Ἀχαάὅ
3600 2298 3846 2374 βασιλέα

2178 2390 2421 2463 Ἰσραὴλ,
2479 2390 2568 2443 καὶ
2617 2385 2964 2459 ἀναϐήσεται,
3023 2389 3111 2443 καὶ
3170 2394 3411 2442 πεσεῖται
3460 2388 3534 2449 εἷς
3583 2390 3845 2461 Ῥεμμὰθ

2176 2476 2553 2534 Γαλαᾶδ³Κα⁸
2628 2481 2653 2497 ν
2842 2478 2868 2513 τ
3050 2476 3075 2497 υ
3284 2479 3297 2496 κ
3376 2477 3404 2511 τ
3564 2477 3590 2497 υ
3751 2485 3767 2495 ν
3826 2477 3845 2494 ι

2418 2523 2428 2546 ,
2544 2502 2555 2531 ι
2603 2499 2747 2532 ειπεν
2809 2499 2964 2539 ουτος
3016 2498 3178 2545 ουτω,
3210 2498 3299 2531 και
3345 2498 3500 2539 οδτος
3531 2498 3689 2531 ουτω.
3728 2485 3847 2531 ἶλαι

2179 2566 2371 2637 ἐξῆλθε
2400 2571 2633 2638 πνεῦμα,
2666 2567 2757 2620 καὶ
2787 2562 2913 2635 ἔστη
2947 2565 3174 2619 ἐνώπιον
3229 2565 3450 2640 Κυρίου,
3496 2565 3585 2619 καὶ
3634 2567 3783 2620 εἶπεν
3830 2584 3845 2596 '

2180 2656 2322 2731 Ἐγὼ
2383 2657 2645 2725 ἀπατήσω
2696 2655 2873 2710 αὐτόν.
2910 2654 3006 2708 Καὶ
3041 2657 3158 2709 εἷπε
3205 2656 3341 2730 πρὸς
3397 2655 3530 2709 αὐτὸ
3588 2654 3794 2730 Κύριος
3834 2675 3851 2690 ο

2179 2746 2266 2799 Ἐν
2295 2744 2402 2798 τίνι
2426 2764 2438 2813 ;
2465 2744 2566 2799 Καὶ
2600 2745 2745 2797 εἶπεν
2781 2761 2794 2774 ·
2822 2742 3207 2815 Ἐξελεύσομαι
3246 2745 3337 2796 καὶ
3385 2737 3583 2815 ἔσομαι
3621 2748 3857 2816 πνεῦμα

2178 2829 2367 2906 ψευδὲς
2399 2831 2451 2886 ἐν
2482 2832 2710 2905 στόματι
2743 2831 2958 2886 πάντων
3001 2836 3108 2886 τῶν
3161 2836 3459 2908 προφητῶν
3506 2832 3687 2888 αὐτοῦ.
3730 2833 3856 2887 Καὶ

2180 2925 2325 2977 εἶπεν
2352 2941 2363 2952 ·
2395 2924 2742 2991 Ἀπατήσεις,
2776 2921 2864 2975 καί
2896 2943 2958 2997 γε
2990 2919 3218 2997 δυνήσῃ,
3252 2917 3453 2991 ἔξελθε,
3484 2922 3574 2975 καὶ
3602 2921 3851 2991 ποίησον

2179 3010 2343 3066 οὕτω.
2379 3010 2475 3065 Καὶ
2504 3015 2594 3063 νῦν
2642 3008 2760 3065 ἰδοὺ
2810 3008 3001 3066 ἔδωκε.
3036 3010 3235 3085 Κύριος
3278 3014 3491 3083 πνεῦμα
3529 3007 3721 3083 ψευδὲς
3788 3010 3851 3065 ἐν

2179 3100 2407 3172 στόματι
2466 3102 2680 3153 πάντων
2725 3104 2832 3153 τῶν
2896 3103 3190 3176 προφητῶν
3271 3120 3367 3153 σου
3439 3098 3667 3155 τούτων.
3729 3099 3851 3155 Καὶ

2180 3187 2379 3263 Κύριος
2429 3186 2694 3257 ἐλάλησεν
2742 3187 2831 3241 ἐπὶ
2882 3189 2936 3241 σὲ
2984 3189 3141 3244 κακὰ.
3194 3188 3292 3241 Καὶ
3340 3186 3622 3261 προσῆλθε
3666 3184 3850 3241 Σεδε-

402 3276 667 3340 modum,
701 3276 961 3329 dicentes
989 3291 1001 3330 :
1052 3275 1316 3329 Ascende
1347 3274 1405 3328 in
1440 3273 1795 3329 Rhemmath
1818 3273 2056 3342 Galaad,

2175 3277 2293 3338 κίας
2327 3277 2439 3337 υἱὸς
2472 3277 2708 3344 Χαναὰν,
2742 3277 2831 3331 καὶ
2865 3276 3089 3346 ἐπάταξε
3126 3277 3216 3330 τὸν
3279 3276 3521 3349 Μιχαίαν
3583 3274 3669 3329 ἐπὶ
3726 3278 3844 3344 τὴν

400 3381 746 3435 prosperum
782 3364 939 3417 enim
968 3363 1079 3417 erit
1101 3364 1211 3417 iter
1242 3369 1432 3431 tuum,
1462 3368 1518 3417 et
1565 3363 1728 3416 dabit
1776 3361 2059 3416 Dominus

401 3452 460 3507 in
492 3470 703 3508 manus
733 3458 866 3507 tuas
898 3468 1088 3522 regem
1129 3451 1327 3522 Syriae.
1361 3451 1428 3505 Et
1459 3451 1703 3505 nuntius
1756 3451 1856 3521 qui
1916 3450 2062 3504 ierat

401 3544 471 3597 ad
504 3542 831 3596 vocandum
878 3539 1223 3610 prophetam
1258 3539 1579 3604 Michaaam,
1611 3539 1838 3593 locutus
1870 3544 1959 3593 est
1988 3539 2059 3593 ad

403 3647 536 3684 eum
560 3630 794 3683 dicens:
820 3633 958 3682 Ecce
990 3644 1193 3682 omnes
1227 3628 1520 3698 prophetae
1545 3644 1659 3681 uno
1684 3643 1781 3681 ore
1806 3627 2061 3698 loquun—

398 3722 498 3773 tur
522 3720 675 3772 bona
714 3733 910 3771 coram
944 3732 1097 3787 rege.
1131 3720 1265 3770 Esto
1299 3720 1356 3769 et
1388 3721 1447 3769 tu
1482 3733 1713 3787 quoque
1744 3718 1802 3770 in
1834 3734 2060 3770 sermo-

402 3806 580 3861 nibus
627 3805 745 3860 tuis
796 3805 1124 3859 secundum
1158 3820 1458 3858 sermones
1493 3805 1669 3860 unius
1701 3805 1973 3874 istorum,
2007 3810 2063 3860 et

401 3896 555 3950 bona
582 3893 889 3963 eloquitor.
925 3893 994 3946 Et
1024 3892 1170 3946 dixit
1205 3892 1473 3947 Michaes:
1528 3894 1678 3948 Vivit
1728 3894 2059 3958 Dominus;

400 3982 540 4053 quia
584 3981 977 4051 quodcunque
1026 3981 1237 4034 dixerit
1283 3980 1426 4034 mihi
1481 3981 1787 4050 Dominus,
1822 3982 1930 4035 hoc
1980 3982 2064 4036 lo-

400 4086 567 4140 quar.
616 4074 679 4122 Et
710 4068 868 4122 venit
899 4068 1174 4122 Michaeas
1203 4070 1272 4122 ad
1309 4086 1529 4137 regem,
1576 4074 1631 4124 et
1660 4068 1806 4123 dixit
1837 4070 1887 4124 ei
1921 4087 2015 4124 rex
2046 4088 2057 4125 :

402 4158 670 4221 Michzea,
705 4157 754 4211 si
791 4156 1105 4211 ascendam
1139 4156 1196 4209 in
1234 4156 1584 4211 Rhemmath
1619 4157 1834 4211 Galaad
1858 4160 1926 4211 ad
1951 4157 2062 4212 bel-

395 4246 664 4317 landum,
680 4262 751 4298 an
778 4244 1109 4314 quiescam?
1128 4244 1194 4298 Et
1217 4245 1539 4315 reapondit:
1556 4247 1840 4312 Ascende,
1858 4253 1911 4300 et
1929 4262 2060 4317 pro-

398 4350 566 4405 apere
599 4334 762 4388 dabit
794 4333 1082 4388 Dominus
1114 4349 1240 4386 eam
1274 4332 1331 4385 in
1369 4349 1577 4387 manus
1610 4334 1782 4403 regis.
1817 4335 1885 4387 Et
1915 4334 2061 4391 dixit

401 4423 451 4478 ei
485 4438 619 4476 rex:
672 4422 909 4485 Quoties
960 4436 1066 4489 ego
1117 4420 1321 4488 adjuro
1367 4425 1445 4488 te,
1497 4426 1562 4475 ut
1610 4421 1870 4491 loquaris
1921 4424 2060 4477 mihi

400 4512 555 4581 quod
587 4526 787 4564 verum
821 4513 929 4571 est,
957 4508 1133 4578 idque
1161 4506 1221 4560 in
1254 4509 1489 4563 nomine
1521 4509 1798 4564 Domini?
1828 4512 1896 4565 Et
1920 4513 2065 4568 dixit

2170 3366 2407 3440 σιαγόνα,
2442 3366 2532 3419 καὶ
2566 3368 2684 3419 εἷπε
2718 3385 2730 3398 ⁸
2768 3368 2931 3421 Ποῖον
2961 3370 3172 3437 πνεῦμα
3217 3366 3278 3419 τὸ
3314 3363 3560 3433 λαλῆσαν
3609 3363 3659 3418 ἐν
3702 3365 3796 3418 σοί
3827 3385 3843 3433 ;

2171 3456 2272 3511 Καὶ
2307 3456 2422 3508 εἶπε
2453 3454 2690 3529 Μιχαίας
2723 3472 2735 3485 ’
2769 3452 2905 3508 Ἰδοὺ
2939 3454 2999 3507 σὺ
3034 3452 3153 3527 ὄψει
3186 3454 3235 3508 ἐν
3285 3458 3353 3527 τῇ
3404 3455 3585 3527 ἡμέρᾳ
3633 3452 3843 3527 ἐκείνῃ,

2171 3542 2295 3596 ὅταν
2343 3541 2594 3616 εἰσέλθῃς
2646 3542 2720 3603 εἷς
2771 3544 2832 3596 τὸ
2890 3548 3114 3615 ταμεῖον
3162 3546 3256 3596 τοῦ
3302 3541 3529 3613 ταμείου
3578 3562 3674 3595 σου
3730 3547 3845 3596 τοῦ

2167 3627 2453 3707 κρυϐῆναι.
2492 3632 2588 3686 Καὶ
2638 3634 2782 3685 εἶπεν
2839 3626 3047 3706 Ἀχαάϐ
3082 3650 3092 3662 ·
3127 3625 3271 3684 Λάϐε
3309 3630 3397 3683 τὸν
3433 3628 3699 3704 Μιχαίαν,
3734 3632 3838 3684 καὶ

2170 3720 2541 3795 ἀποστρέψατε
2572 3719 2730 3774 αὐτὸν
2763 3721 2898 3793 πρὸς
2930 3720 3116 3791 Ἀμὼν
3146 3720 3237 3773 τὸν
3285 3715 3526 3793 ἄρχοντα
3573 3722 3675 3782 τῆς
3726 3718 3841 3773 πό-

2172 3805 2331 3877 λεως,
2362 3812 2457 3861 τοῦ
2499 3807 2680 3870 θέσθαι
2727 3812 2919 3861 τοῦτον
2970 3805 3023 3860 ἐν
3072 3804 3312 3882 φυλακῇ,
3344 3804 3433 3859 καὶ
3484 3804 3677 3859 ἐσθίειν
3734 3806 3841 3860 αὖ·

2168 3899 2259 3951 τὸν
2294 3895 2455 3971 ἄρτον
2491 3894 2753 3968 θλίψεως,
2781 3898 2872 3951 καὶ
2918 3894 3061 3967 ὕδωρ
3113 3893 3372 3968 θλίψεως,
3403 3891 3508 3955 ἓως
3557 3897 3658 3947 τοῦ
3712 3893 3842 3948 ἑπι-

2172 3985 2394 4060 στρὲψαι
2429 4006 2494 4056 με
2527 3986 2578 4039 ἐν
2611 3984 2826 4059 εἷ’ρήνῃ.
2863 3986 2963 4041 Καὶ
2998 3986 3110 4038 εἶπε
3142 3982 3390 4058 Μιχαίας
3429 3987 3509 4054 τῷ
3564 3980 3789 4055 βασιλεῖ
3823 4002 3837 4015 ·

2173 4075 2297 4130 Ἐὰν
2343 4073 2675 4150 ἐπιστρέφων
2725 4073 3052 4147 ἐπιστρὲψῃς
3095 4072 3145 4125 ἐν
3200 4071 3405 4144 εἰρήνῃ,
3441 4071 3539 4124 οὐκ
3591 4069 3840 4140 ἐλάλησε

2174 4160 2369 4234 Κύριος
2415 4161 2466 4215 ἐν
2507 4160 2651 4233 ὶμοί.
2686 4162 2782 4216 Καὶ
2824 4157 3089 4230 ἀνέϐησαν
3121 4162 3171 4214 οἱ
3204 4159 3298 4214 δύο
3336 4158 3583 4235 βασιλεῖς
3617 4154 3835 4232 ’Λχαᾶϐ

2171 4250 2259 4303 καὶ
2296 4249 2561 4322 Ἰωσαφὰτ
2611 4249 2687 4310 εἷς
2744 4250 2984 4322 Ῥεμμὰθ
3039 4246 3273 4303 Γαλαάδ.
3332 4246 3430 4301 Καὶ
3490 4249 3609 4300 εἷπε
3673 4248 3834 4321 βασι.

2174 4335 2300 4399 λεὺς
2331 4336 2551 4411 Ἰσραὴλ
2602 4339 2736 4413 πρὸς
2772 4337 3036 4415 Ἰωσαφὰτ
3086 4334 3311 4411 βασιλέα
3358 4332 3541 4391 Ἰούδα
3573 4353 3585 4366 ·
3624 4335 3838 4409 Συγκάο

2174 4424 2344 4498 λυψόν
2396 4447 2482 4498 με,
2528 4426 2617 4479 καὶ
2667 4425 3045 4497 εἰσελεύσομαι
3096 4423 3171 4485 είς
3216 4424 3307 4478 τὸν
3341 4423 3610 4495 πόλεμον,
3644 4424 3739 4477 καὶ
3772 4423 3833 4476 σὺ

2174 4511 2388 4568 ἔνδυσαι
2432 4514 2522 4568 τὸν
2577 4515 2907 4586 ἱματισμόνη
2927 4536 3051 4587 μου.
3086 4513 3183 4567 Καὶ
3218 4509 3630 4584 συνεκαλύψατο
3671 4512 3701 4565 ὁ
3741 4512 3832 4586 βα-

400 4597 709 4653 Michzeas:
753 4596 876 4651 Non
907 4596 1009 4651 sic.
1042 4596 1174 4649 Vidi
1207 4600 1485 4650 cunctum
1519 4597 1695 4652 Israel
1726 4598 2059 4670 dispersum

2175 4602 2355 4664 σιλεὺς
2416 4600 2658 4676 Ἰσραὴλ,
2720 4602 2809 4657 καὶ
2865 4603 3112 4671 εἰσῆλθεν
3166 4601 3242 4663 εἰς
3280 4601 3370 4654 τὸν
3427 4598 3701 4671 πόλεμον.
3736 4599 3829 4653 Καὶ

400 4685 461 4741 in
497 4686 795 4740 montibus
826 4684 995 4753 quasi
1030 4684 1225 4738 ovium
1259 4700 1517 4757 gregem,
1548 4686 1639 4739 cui
1674 4703 1789 4741 non
1830 4692 1919 4743 est
1969 4706 2064 4759 pa-

402 4780 544 4831 stor.
577 4774 641 4827 Et
673 4773 819 4827 dixit
851 4772 1176 4827 Dominus:
1212 4773 1363 4827 Num
1397 4773 1684 4830 Dominus
1724 4775 1815 4831 his
1867 4784 1953 4832 est
2002 4779 2063 4833 in

400 4864 585 4918 Deum
604 4863 631 4917 ?
663 4862 1006 4915 Revertatur
1032 4862 1437 4932 unusquisque
1458 4864 1517 4916 in
1542 4865 1782 4919 domum
1808 4883 1975 4922 suam
2002 4868 2062 4922 in

402 4967 563 5022 pace.
585 4951 651 5004 Et
672 4949 819 5004 dixit
842 4948 1075 5003 Achaab
1101 4950 1169 5003 ad
1195 4950 1507 5020 Josaphat:
1546 4956 1749 5007 Nonne
1781 4955 1899 5009 dixi
1930 4958 2059 5022 tibi,

404 5040 541 5109 quia
561 5056 673 5093 non
694 5038 1009 5108 prophetat
1033 5037 1175 5091 mihi
1202 5038 1309 5091 iste
1335 5038 1504 5103 bona,
1526 5042 1623 5094 sed
1652 5043 1845 5112 potius
1866 5045 2065 5099 mala?

404 5131 472 5181 Et
519 5127 734 5196 adjecit
784 5126 1096 5181 Michzsas:
1131 5126 1253 5180 Non
1291 5127 1395 5193 sic,
1420 5145 1532 5183 non
1567 5146 1693 5200 ego.
1728 5132 1878 5187 278
1909 5134 2061 5188 Audi

405 5215 644 5269 verbum
680 5214 951 5269 Domini:
1001 5215 1125 5269 Non
1179 5216 1282 5268 sic.
1326 5216 1455 5268 Vidi
1511 5217 1821 5274 Dominum
1878 5221 2059 5276 Deum

406 5302 581 5359 Israel
608 5303 903 5357 sedentem
928 5319 1109 5373 super
1129 5302 1343 5356 solium
1367 5320 1539 5358 suum
1565 5323 1577 5367 ;
1612 5311 1667 5361 et
1696 5309 1889 5363 omnis
1916 5310 2062 5365 mili-

406 5390 488 5445 tia
516 5389 644 5443 coeli
677 5394 921 5444 steterat
968 5391 1024 5443 in
1076 5390 1325 5445 circuitu
1362 5392 1564 5463 ipsius,
1600 5411 1632 5447 a
1662 5396 1879 5452 dextris
1929 5404 1985 5452 et
2030 5416 2063 5453 a

407 5477 685 5533 sinistris.
719 5478 788 5531 Et
812 5478 956 5532 dixit
984 5478 1299 5533 Dominus:
1346 5481 1486 5546 Quis
1531 5484 1779 5556 decipiet
1825 5487 2059 5543 Achaab

478 5691 559 5766 (ἡ)
588 5695 721 5764 Cap.
756 5708 833 5748 x1.
911 5690 979 5763 (ἰ)
1008 5693 1147 5763 Cap.
1180 5709 1291 5750 xVI.

2176 4690 2203 4743 ὁ
2239 4689 2493 4765 βασιλεὺς
2527 4692 2723 4765 Συρίας
2754 4690 3057 4746 ἐνετείλατο
3088 4695 3202 4751 τοῖς
3239 4689 3469 4765 ἄρχουσι
3499 4691 3609 4741 τῶν
3662 4687 3829 4760 ἁρμά-

2172 4801 2279 4833 των
2313 4782 2481 4834 αὐτοῦ
2509 4782 2803 4855 τριάκοντα
2834 4783 2923 4835 καὶ
2957 4779 3075 4847 δύο,
3110 4780 3283 4853 λέγων
3320 4799 3332 4810 ·
3381 4779 3468 4845 Μὴ
3529 4776 3831 4849 πολεμεῖτε

2178 4871 2371 4943 μικρὸν
2403 4871 2492 4923 καὶ
2531 4872 2717 4945 μεγαν,
2753 4871 2878 4927 ἀΛλ⁹
2906 4870 2940 4938 ἢ
2972 4871 3061 4924 τὸν
3118 4866 3343 4945 βασιλέα
3374 4863 3597 4941 Ἰσραὴλ
3653 4866 3826 4938 μονώ-

2171 4979 2353 5013 τατον.
2389 4961 2487 5013 Καὶ
2519 4959 2726 5032 ἐγένετο
2760 4960 2833 5014 ὠς
2870 4957 3013 5014 εἶδον
3058 4959 3109 5012 οἱ
3165 4957 3428 5031 ἄρχοντες
3481 4958 3590 5008 τῶν
3654 4951 3824 5026 ἁρμά-

2170 5068 2278 5101 των
2315 5048 2575 5121 Ἰωσαφᾶτ
2613 5047 2839 5123 βασιλία
2866 5045 3064 5117 Ἰούδα,
3095 5044 3185 5100 καὶ
3242 5045 3396 5099 αὐτοὶ
3454 5045 3609 5097 εἷπον
3641 5062 3652 5073 ⁸
3689 5039 3823 5094 Φαίο

2172 5156 2312 5189 νεται
2368 5136 2622 5211 βασιλεὺς
2676 5135 2895 5211 Ἰσραὴλ
2948 5137 3126 5200 οὗτος,
3159 5134 3247 5189 καὶ
3298 5131 3610 5188 ἐκύκλωσαν
3664 5127 3819 5183 αὐτὸν

2173 5223 2508 5296 πολεμῆσαι,
2584 5224 2670 5279 καί
2743 5225 3021 5300 ἀνέκραξεν
3093 5221 3380 5299 Ἰωσαφάτ.
3447 5218 3546 5273 Καὶ
3624 5216 3823 5293 ἐγένετο

2175 5310 2247 5372 ὠς
2309 5311 2450 5367 εἶδον
2502 5315 2553 5367 οἱ
2606 5316 2865 5388 ἄρχοντες
2922 5317 3028 5367 τῶν
3090 5310 3367 5385 ἁρμάτων,
3418 5309 3500 5362 δτι
3563 5306 3660 5361 οὐκ
3713 5300 3827 5358 ἔστι

2178 5402 2432 5475 βασιλεὺς
2491 5404 2713 5479 Ἰσραήλ
2770 5406 2949 5471 οὗτος,
2987 5403 3075 5457 καὶ
3131 5403 3466 5473 ἀπέστρεψαν
3522 5398 3609 5451 ἀπ’
3640 5395 3821 5450 αὐτοῦ.

2176 5490 2281 5545 Καὶ
2340 5490 2591 5547 ἐνέτεινεν
2654 5496 2730 5555 εἷς
2786 5494 2848 5547 τὸ
2899 5492 3053 5562 τόξον
3112 5490 3411 5564 εὐστόχως,
3462 5486 3552 5541 καὶ
3607 5484 3827 5553 ἐπάταξε
