4062 6366
243 302 331 357 489

1044 298 1509 353 PACHYMERE
1550 296 2058 351 PARAPHRASIS
2097 299 2166 350 IN
2208 298 2358 349 EPP.
2401 299 2460 352 S.
2501 297 2838 352 DIONYSII.

3541 299 3647 359 490

235 429 313 482 τὸν
372 413 603 501 βασιλέα
662 421 883 498 Ἰσραὴλ
935 422 1036 477 ἀνὰ
1070 422 1232 495 μέσον
1280 425 1377 476 τοῦ
1430 419 1733 494 πνεύμονος
1784 420 1873 474 xui

1997 437 2184 495 regem
2217 421 2417 489 Israel,
2454 427 2516 477 nt
2558 423 2841 479 ascendat
2868 427 2926 480 et
2974 423 3146 480 cadat
3175 424 3237 481 in
3284 424 3645 485 Rhemmath

235 516 321 571 ἀνὰ
351 515 514 587 μέσον
544 515 641 568 τοῦ
690 510 959 587 θώρακος,
1009 511 1099 565 καὶ
1149 511 1266 565 εἶπε
1314 515 1395 582 τῷ
1439 508 1656 584 ἡνιόχῳ
1688 507 1872 563 αὐτοῦ·

234 604 577 676 Ἐπίστρεψον
631 601 725 663 τὰς
777 601 972 677 χεῖράς
1019 621 1135 668 σου,
1164 598 1253 653 xui
1304 598 1523 675 ἐξάγαγέ
1567 618 1635 671 με
1676 597 1735 652 ἐκ
1779 601 1875 653 τοῦ

232 692 492 766 πολέμου,
527 693 610 747 ὅτι
654 690 950 765 τέτρωμαι.
1004 690 1104 744 Καὶ
1157 687 1445 763 έτροπὼθη
1480 690 1507 743 6
1538 686 1784 761 πόλεμος
1820 688 1873 742 ἐν

232 788 287 857 τῇ
344 781 529 857 ἡμέρᾳ
588 781 781 854 ἐκείνῃ.
832 778 935 836 Καὶ
986 780 1013 833 6
1065 777 1319 854 βασιλεὺς
1372 779 1438 847 ἦν
1495 777 1737 848 έστηκὼς
1785 776 1871 831 ἐπὶ

230 876 312 928 τοῦ
344 872 588 946 ἅρματος
619 868 669 939 ἐξ
700 867 944 931 ἐναντίας
992 867 1189 941 Συρίας
1248 867 1355 921 ἀπὸ
1393 868 1542 941 πρωῒ
1587 863 1691 927 ἓως
1720 864 1871 920 ἐσπέ-

232 982 334 1038 ρας,
386 960 476 1014 καὶ
532 959 766 1033 ἀπέχυνε
812 956 874 1011 τὸ
926 958 1060 1030 αἷμα
1109 957 1213 1010 ἀπὸ
1259 963 1361 1026 τῆς
1403 954 1624 1029 πληγῆς
1676 954 1751 1018 είς
1778 955 1869 1009 τὸν

232 1048 431 1105 κόλπον
478 1051 574 1103 τοῖ’)
619 1048 885 1121 ἅρματος,
928 1045 1019 1101 καὶ
1072 1045 1326 1100 ἀπέθανεν
1380 1042 1627 1115 ἑσπέρας.
1689 1044 1785 1099 Καὶ
1844 1043 1871 1097 6

232 1136 590 1212 στρατοκῆρυξ
637 1131 761 1205 ἔστη
833 1134 884 1190 ἐν
934 1133 1002 1208 τῇ
1059 1128 1414 1209 παρεμϐολῇ,
1472 1130 1725 1193 δύνοντος
1775 1137 1871 1187 τοῦ

230 1225 612 1300 ἡλίου,λέγων·
638 1226 901 1285 Ἕκαστος
929 1221 1006 1284 εἷς
1028 1223 1125 1292 τὴν
1157 1222 1347 1277 ἑαυτοῦ
1380 1220 1540 1300 πόλιν
1561 1220 1649 1276 xui
1674 1220 1748 1284 είς
1771 1222 1868 1291 τήν

228 1284 408 1369 ἑαυτοῦ
457 1284 563 1389 γῖὶν
615 1312 929 1389 στραφήτω,
963 1309 1047 1366 ὅτι
1092 1311 1347 1381 τέθνηκεν
1395 1311 1423 1365 6
1464 1284 1739 1386 βασιλεύς.
1772 1309 1871 1363 Καὶ

229 1402 417 1478 ἔθαψαν
447 1402 540 1458 τὸν
576 1398 803 1477 βασιλέα
832 1399 884 1454 ἐν
916 1400 1216 1475 Σαμαρείᾳ,
1245 1399 1335 1455 καὶ
1371 1399 1633 1472 ἀπένιψαν
1653 1400 1713 1453 τὸ
1736 1398 1873 1472 αἷμα

228 1493 303 1548 ἐπὶ
330 1494 433 1561 τήν
467 1493 676 1568 κρήνην
712 1490 1050 1565 Σαμαρείας·
1071 1489 1160 1543 καὶ
1208 1487 1469 1560 ἐξέλειξαν
1503 1490 1557 1543 αἱ
1581 1488 1666 1551 ὕες
1697 1489 1784 1543 καὶ
1820 1488 1870 1543 οἱ

225 1582 368 1642 κύνες
396 1584 462 1636 τὸ
506 1582 662 1653 αἷμα
696 1580 786 1634 καὶ
820 1580 873 1633 αἱ
905 1578 1098 1653 πόρναι
1132 1575 1426 1633 ἐλούσαντο
1466 1575 1517 1631 ἐν
1550 1581 1629 1649 τῷ
1660 1575 1870 1650 α’ίματι,

225 1672 349 1727 κατὰ
377 1671 441 1725 τὸ
473 1669 625 1746 ῥῆμα
673 1669 899 1743 Κυρίου,
932 1667 961 1722 ’ὁ
1013 1664 1273 1737 ἐλάλησε.
1328 1666 1423 1721 Καὶ
1462 1672 1630 1721 ταῦτα
1681 1667 1774 1739 μὲν
1806 1666 1873 1721 τὰ

223 1767 312 1829 τῆς
354 1759 572 1828 ἀπάτης
616 1762 712 1812 τοῖ’)
760 1750 993 1832 Ἀχαάϐ.
1030 1755 1343 1830 Σημείωσαι
1394 1753 1450 1811 δὲ
1491 1756 1580 1811 καὶ
1623 1756 1871 1831 περὶτοῦ

223 1851 495 1922 ’ᾼσματος
543 1852 648 1903 τῶν
701 1845 977 1920 ᾀσμάτων.
1010 1846 1221 1907 οὗτινος
1274 1844 1425 1921 λέγει
1455 1846 1551 1908 τὰς
1597 1845 1876 1919 ἑταιρικὰς

221 1936 612 2007 πολυπαθείας,
669 1935 766 1997 τὰς
822 1934 1219 2011 προαγωγείας,
1277 1932 1345 1989 τὰ
1401 1933 1725 2012 φιλήματα,
1785 1934 1876 1987 xui

221 2027 280 2081 τὰ
309 2024 510 2092 λοιπὰ,
543 2022 612 2079 δι’
644 2022 676 2078 ἃ
707 2021 772 2094 δὴ
800 2025 889 2078 καὶ
918 2024 945 2078 ὁ
978 2021 1355 2097 Μοψουεστίας
1387 2020 1668 2099 Θεόδωρος
1714 2023 1878 2100 ἀφρό-

220 2137 319 2177 νως
370 2115 435 2170 τὸ
491 2108 707 2187 βιϐλίον
760 2107 1038 2167 διέϐαλλε·
1088 2111 1179 2167 καὶ
1226 2110 1324 2167 ὅσα
1373 2110 1518 2167 ἄλλα
1558 2113 1878 2184 συνθήματα

221 2205 380 2259 οἱονεὶ
410 2197 669 2276 σύμϐολα
689 2200 1120 2274 πεπληθυσμένα
1138 2206 1246 2256 τῶν
1268 2205 1481 2272 νοητῶν
1515 2200 1604 2256 καὶ
1638 2200 1878 2273 ἒνιαίων,

230 2294 317 2348 καὶ
368 2292 599 2367 μεριστᾶ
643 2296 751 2345 τῶν
794 2290 1118 2367 ἀμερίστων.
1162 2292 1237 2344 Τὰ
1283 2288 1340 2344 δὲ
1372 2285 1627 2364 σύμϐολα
1657 2299 1877 2359 πεπλη-

233 2383 470 2455 θυσμένα
527 2379 659 2455 φησί
710 2382 846 2455 πρὸς
900 2381 964 2435 τὸ
1022 2377 1224 2449 ἀληθὲς
1275 2378 1447 2434 έκεῖνο
1508 2379 1597 2433 καὶ
1656 2379 1877 2433 ἐνιαῖον·

232 2472 401 2526 έκεῖνο
433 2471 539 2545 γὰρ
586 2467 640 2523 εἷ’
678 2491 729 2523 τι
778 2466 837 2524 ἂν
887 2469 977 2523 xui
1006 2468 1291 2540 ᾕ,ένιαῖόν
1344 2468 1474 2525 ἐστι.
1509 2468 1590 2526 Τὰ
1638 2465 1695 2523 δὲ
1743 2468 1879 2541 σύμ-

232 2555 369 2614 ϐολα
398 2561 467 2613 τὰ
516 2556 790 2629 δηλοῦντα
837 2557 1009 2613 ἐκεῖνο
1060 2556 1449 2628 πληθύνονται·
1486 2558 1598 2629 ἅμα
1649 2556 1766 2628 μὲν,
1800 2557 1883 2610 ὅτι

234 2646 303 2703 δι’
334 2647 512 2704 ἄλλου
544 2647 635 2702 καὶ
684 2645 860 2702 ἄλλου
912 2644 1141 2715 δηλοῦσι
1185 2647 1246 2701 τὸ
1299 2644 1518 2715 ἀληθές³
1554 2646 1667 2718 ἅμα
1711 2642 1768 2699 δὲ
1795 2643 1882 2698 καὶ

234 2736 315 2792 ὅτι
346 2736 541 2814 πόῤῥω
570 2740 668 2791 τοῦ
698 2734 926 2808 ἑνιαίου,
950 2736 1049 2789 ὅσα
1074 2732 1232 2797 ἅντις
1255 2736 1342 2789 καὶ
1380 2732 1544 2802 εἶίποι,
1578 2734 1727 2808 λέγει
1749 2735 1881 2807 (19).

233 2826 335 2882 Καὶ
395 2826 535 2899 πρὸς
576 2822 763 2879 πολλὰ
813 2825 907 2897 μὲν
960 2825 1026 2878 τὰ
1081 2824 1429 2901 μορφώματα
1475 2822 1563 2877 xui
1623 2823 1674 2878 οἱ
1727 2822 1883 2898 λόγοι

236 2915 573 2992 μερίζονται,
629 2910 700 2967 δι’
746 2912 774 2968 ’ὀ
830 2910 886 2967 δὲ
933 2916 1100 2967 ταῦτα
1146 2911 1236 2967 xui
1294 2911 1617 2987 πράττονται
1662 2910 1752 2966 καὶ
1794 2908 1885 2965 λέ-

232 3025 441 3080 γονται,
502 3000 702 3057 ἑνιαῖόν
758 3002 869 3057 ἔστι
927 3000 1018 3055 καὶ
1075 3000 1366 3075 ἀμέριστον
1572 3019 1584 3032 ·
1650 3001 1726 3073 μή
1783 2998 1884 3074 γὰρ

236 3087 722 3165 ὑπολαμϐάνωμεν
773 3090 840 3145 τὰ
896 3088 1194 3167 φαινόμενα
1246 3094 1417 3144 ταῦτα
1465 3094 1571 3145 τῶν
1606 3088 1886 3161 συνθημά-

1906 1803 1953 1868 Β

1986 510 2203 568 Galaad
2228 511 2256 566 ?
2273 514 2344 568 Et
2367 529 2521 568 unus
2544 511 2762 584 aliquis
2798 512 2943 569 dixit
2968 530 2981 567 :
3006 512 3099 569 Sic
3121 517 3179 571 et
3206 514 3327 584 sic;
3361 520 3419 571 et
3449 516 3597 573 alter
3633 534 3648 573 :

1984 600 2077 655 Sic
2109 606 2163 657 et
2192 600 2299 657 sic.
2333 601 2404 656 Et
2433 616 2710 673 egressus
2740 606 2831 657 est
2859 602 3130 674 spiritus,
3160 609 3219 660 et
3257 605 3422 661 stetit
3452 622 3649 663 coram

1984 689 2253 756 Domino,
2286 694 2343 745 et
2392 690 2475 745 ait
2509 709 2523 745 :
2556 694 2672 762 Ego
2729 690 3019 762 decipiam
3074 708 3231 749 eum.
3287 694 3556 765 Dixitque
3585 695 3643 752 ei

1984 778 2266 834 Dominus
2301 796 2314 834 :
2352 780 2416 834 In
2449 796 2562 851 quo
2585 780 2613 834 ?
2645 780 2715 834 Et
2747 781 3051 852 respondit
3082 799 3095 836 :
3129 781 3429 854 Egrediar,
3463 790 3521 840 et
3550 800 3649 841 ero

1983 867 2230 938 spiritus
2262 868 2512 923 mendax
2544 868 2602 923 in
2636 884 2734 924 ore
2767 870 3031 924 omnium
3052 870 3471 942 prophetarum
3494 874 3644 942 ejus.

1982 956 2052 1010 Et
2098 956 2244 1011 dixit
2294 956 2581 1013 Dominus
2616 972 2629 1013 :
2664 957 2954 1028 Decipies,
2987 962 3046 1014 et
3093 963 3247 1015 certe
3278 961 3644 1031 prasvalebis.

1982 1046 2287 1116 Egredere,
2321 1048 2378 1102 et
2427 1046 2517 1101 fac
2549 1046 2650 1101 ita.
2685 1046 2751 1101 Et
2801 1063 2958 1103 nunc
2990 1064 3123 1104 ecce
3172 1049 3334 1104 dedit
3363 1048 3649 1107 Dominus

1981 1135 2256 1207 spiritum
2280 1134 2571 1190 mendacii
2592 1135 2651 1190 in
2671 1151 2766 1190 ore
2790 1136 3057 1191 omnium
3086 1138 3508 1209 prophetarum
3525 1143 3651 1195 tuo-

1982 1242 2112 1279 rum
2147 1224 2533 1280 istorum.Sed
2568 1229 2626 1280 et
2657 1224 2944 1281 Dominus
2974 1225 3212 1282 locutus
3243 1233 3338 1283 est
3367 1232 3576 1285 contra
3594 1232 3653 1284 te

1983 1313 2157 1368 mala.
2187 1313 2452 1369 Accessit
2503 1319 2702 1368 autem
2737 1314 3015 1370 Sedecias
3066 1315 3229 1372 ﬁlius
3260 1318 3566 1383 Chanaan,
3596 1321 3655 1373 et

1980 1404 2269 1475 percussit
2296 1402 2597 1458 Michaaam
2620 1403 2677 1457 in
2706 1402 3032 1471 maxillam,
3059 1409 3118 1460 et
3146 1405 3294 1460 dixit
3319 1424 3332 1461 :
3355 1406 3498 1472 Quis
3529 1406 3653 1477 spi-

1983 1492 2131 1547 ritus
2162 1491 2272 1548 hoc
2304 1492 2536 1547 locutus
2565 1496 2655 1547 est
2684 1492 2745 1547 in
2781 1496 2837 1547 te
2864 1493 2891 1547 ?
2923 1498 2980 1549 et
3010 1494 3318 1565 respondit
3337 1495 3649 1551 Michaaas:

1982 1583 2126 1636 Ecce
2160 1586 2219 1636 tu
2269 1582 2495 1637 videbis
2527 1581 2587 1635 in
2621 1582 2714 1636 die
2764 1580 2885 1653 illa,
2919 1584 3158 1652 quando
3205 1583 3561 1655 ingredieris
3590 1584 3650 1640 in

1983 1669 2501 1725 abstrusissimum
2535 1669 2679 1724 illud
2712 1674 2881 1725 tuum
2919 1670 3284 1739 cubiculum,
3309 1676 3372 1727 et
3401 1672 3650 1728 abscon-

1986 1759 2164 1815 daris.
2196 1758 2265 1813 Et
2296 1758 2444 1813 dixit
2491 1758 2690 1813 Achab
2726 1775 2739 1812 :
2775 1758 2987 1815 Tollite
3032 1758 3333 1816 Michzeam
3381 1760 3560 1829 hunc,
3592 1765 3651 1818 et

1988 1848 2263 1905 abducite
2295 1863 2429 1903 eum
2463 1848 2534 1903 ad
2565 1849 2752 1903 Amon
2787 1847 3112 1920 principem
3144 1848 3399 1906 civitatis
3425 1868 3439 1921 ;
3463 1856 3528 1906 ut
3550 1868 3649 1923 po-

1989 1941 2090 1992 nat
2119 1937 2277 1992 hunc
2300 1937 2357 1991 in
2384 1941 2698 2002 carcere,et
2717 1941 3005 1993 sustentet
3025 1954 3160 1997 eum
3186 1955 3335 2009 pane
3355 1941 3644 2011 angustias

1989 2031 2046 2082 et
2076 2043 2229 2099 aqua
2278 2025 2702 2092 tribulationis,
2754 2026 2938 2082 donec
2985 2032 3246 2083 revertar
3276 2029 3335 2083 in
3383 2045 3546 2101 pace.
3578 2029 3651 2085 Et

1990 2116 2137 2170 dixit
2157 2115 2431 2171 Michaaas
2468 2117 2588 2187 regi
2616 2133 2629 2170 :
2653 2115 2713 2170 Si
2740 2118 3033 2171 revertens
3057 2119 3360 2172 reverteris
3393 2117 3453 2172 in
3485 2134 3647 2189 pace,

1990 2221 2105 2260 non
2129 2210 2218 2260 est
2240 2204 2297 2260 in
2322 2220 2413 2259 me
2440 2203 2670 2260 locutus
2696 2204 3000 2260 Dominus.
3017 2205 3087 2260 Et
3109 2205 3505 2261 ascenderunt
3534 2206 3650 2263 duo

1991 2310 2157 2365 reges
2192 2292 2392 2348 Achab
2425 2300 2480 2349 et
2507 2293 2796 2365 Josaphat
2824 2293 2882 2348 in
2916 2293 3270 2348 Rhemmath
3302 2293 3519 2349 Galaad
3547 2312 3560 2363 ;
3594 2298 3652 2351 et

1992 2383 2138 2439 dixit
2170 2398 2269 2437 rex
2314 2382 2491 2437 Israel
2545 2382 2614 2436 ad
2664 2381 2954 2453 Josaphat
3000 2398 3197 2453 regem
3240 2382 3398 2437 Juda
3431 2400 3443 2437 :
3476 2382 3655 2439 Sume

1996 2472 2137 2527 mihi
2173 2488 2356 2540 arma,
2389 2480 2447 2525 et
2476 2471 2776 2542 ingrediar
2819 2470 3065 2541 bellum,
3097 2476 3155 2526 et
3184 2475 3247 2525 tu
3280 2471 3526 2527 induere
3555 2488 3653 2528 ve-

1996 2562 2135 2617 stitu
2182 2576 2332 2617 meo.
2366 2560 2436 2615 Et
2469 2560 2650 2615 armis
2680 2559 2927 2615 indutus
2976 2564 3065 2616 est
3095 2576 3197 2615 rex
3241 2559 3443 2629 Israel,
3474 2565 3531 2617 et
3562 2561 3652 2617 in-

1994 2668 2235 2723 gressus
2268 2654 2358 2704 est
2389 2648 2625 2705 bellum.
2659 2650 2728 2704 Et
2757 2666 2857 2705 rex
2889 2648 3064 2720 Syriae
3113 2649 3391 2721 praecepit
3429 2650 3655 2722 princi-

1997 2741 2169 2812 pibus
2203 2756 2485 2794 curruum
2518 2754 2761 2794 suorum
2796 2738 3026 2794 duobus
3049 2742 3105 2793 et
3133 2738 3375 2810 triginta
3400 2739 3602 2795 dicens
3637 2755 3651 2795 :

1995 2829 2075 2885 Ne
2108 2829 2382 2901 pugnetis
2414 2832 2619 2883 contra
2634 2844 2879 2899 parvum
2911 2831 2968 2882 et
2997 2826 3421 2899 magnum,nisi
3453 2832 3656 2884 contra

1998 2934 2192 2990 regem
2226 2916 2405 2973 Israel
2437 2916 2652 2973 solum.
2673 2917 2915 2972 Factum
2946 2921 3056 2983 est,
3086 2921 3151 2972 ut
3181 2916 3457 2973 viderunt
3488 2917 3655 2988 prin-

1997 3007 2158 3078 cipes
2188 3023 2468 3061 curruum
2498 3006 2786 3077 Josaphat
2812 3022 3007 3078 regem
3038 3005 3069 3061 J
3079 3006 3216 3075 uda,
3258 3010 3315 3061 et
3346 3006 3459 3078 ipsi
3492 3005 3654 3062 dixe-

1998 3100 2137 3150 runt
2171 3113 2184 3151 :
2216 3098 2476 3166 Apparet
2506 3095 2662 3165 quod
2694 3094 2785 3149 hic
2816 3095 2895 3151 sit
2925 3112 3021 3150 rex
3058 3094 3334 3150 Israel.Et
3364 3095 3423 3149 in
3456 3096 3658 3151 orbem

232 3204 339 3237 των
370 3179 541 3236 οἱονεὶ
584 3184 692 3235 τῶν
739 3174 1092 3252 συμϐολικῶς
1138 3177 1438 3253 γινομένων
1485 3177 1885 3233 ἀναπεπλάσθαι

2004 3158 2708 3246 circumdederunt-eum,
2745 3188 2809 3238 ut
2840 3188 3172 3255 pugnarent
3197 3201 3210 3250 ;
3232 3188 3288 3238 et
3316 3183 3660 3240 exclamavit

240 3272 370 3346 ὑπὶρ
432 3272 639 3325 ἑαυτῶν
676 3312 689 3338 ,
748 3270 1020 3325 τουτέστιν
1083 3268 1214 3343 ὑπὲρ
1270 3272 1368 3323 τοῦ
1426 3264 1592 3329 ὅντως
1650 3268 1887 3322 νοεῖσθαι

216 3361 370 3439 ναύτᾶ
401 3363 541 3433 (21),
586 3361 659 3422 ὠς
703 3360 764 3414 τὸ
814 3360 1138 3438 φαινόμενον
1197 3357 1337 3433 ἔχει,
1394 3357 1483 3413 καὶ
1538 3359 1600 3413 τὸ
1659 3356 1892 3431 γράμμα

239 3448 417 3522 ψιλῶς
481 3448 838 3525 ὑπαγορεύει,
897 3448 1042 3503 ἀλλά
1116 3445 1523 3523 προϐάλλονται
1580 3451 1745 3502 ταῦτα
1800 3447 1889 3499 καὶ

240 3538 629 3617 προφαίνονται
688 3544 788 3608 τῆς
842 3537 1158 3614 ἀπορρήτου
1188 3543 1306 3599 τοῖς
1352 3534 1590 3599 πολλοῖς
1621 3536 1711 3591 καὶ
1743 3536 1889 3597 θείας

242 3627 582 3701 ἐπιστήμης.
641 3626 1107 3703 Περικαλύμματα
1152 3628 1255 3701 γάρ
1305 3626 1406 3680 εἷσι
1455 3625 1543 3680 καὶ
1592 3625 1751 3680 τύποι
1783 3628 1888 3679 τῶν

250 3718 556 3792 βαθυτέρων
606 3717 847 3787 νοήσεών
890 3736 947 3770 τε
1003 3716 1093 3770 καὶ
1128 3714 1477 3789 ὑπολήψεων·
1536 3714 1732 3776 ταύτας
1790 3712 1889 3788 γὰρ

247 3805 581 3877 ἐπιστήμην,
614 3806 744 3883 φησὶ
795 3802 1101 3875 δηλοῦντος
1149 3809 1245 3858 τοῦ
1296 3803 1485 3879 λόγου,
1519 3804 1592 3866 ὡς
1636 3799 1745 3858 ἔστι
1781 3804 1892 3876 (22)

243 3916 324 3956 τις
374 3892 583 3948 τούτων
645 3892 957 3969 ὑψηλοτέρα
999 3891 1301 3964 ἐπιστήμη,
1334 3894 1395 3961 ἣν
1439 3893 1466 3947 6
1511 3897 1890 3965 πνευματικῶς

246 3985 461 4057 θεωρῶν
512 3980 603 4036 καὶ
645 3981 713 4035 τὰ
760 3982 1097 4055 πνευματικᾶ
1155 3979 1454 4056 συγκρίνων
1514 3984 1895 4054 πνευματικῶς

247 4071 547 4139 ἐπίσταται,
593 4068 653 4124 οὗ
706 4066 899 4144 λόγοις
949 4067 1371 4139 ἀποδεικτικοῖς,
1404 4069 1551 4125 ἀλλὰ
1600 4090 1895 4142 πνευματι-

245 4165 384 4223 κοῖς.
418 4161 917 4237 Ἱερογραφήθησαν
949 4156 1008 4214 δὶ
1036 4158 1178 4214 οὕτω
1208 4157 1298 4214 διὰ
1326 4158 1455 4221 τοὺς
1486 4159 1728 4230 ἀναξίους
1760 4161 1895 4233 (‘23),

242 4246 334 4303 'ivu
386 4248 464 4321 μή
517 4247 962 4324 εὐκαταφρόνητα
1009 4245 1225 4318 δοκοίη.
1262 4247 1357 4302 Καθ
1402 4246 1494 4302 ’ίνα
1532 4247 1760 4310 ἐκείνοις
1796 4247 1898 4321 μό-

246 4358 357 4399 νοις
390 4334 877 4391 ἆναιιαλύπτωνται
927 4341 1041 4398 τοῖς
1070 4335 1324 4404 τελείοις,
1353 4336 1442 4390 καὶ
1474 4340 1643 4390 πᾶσαν
1678 4339 1893 4411 ἀπρεπῆ

250 4424 541 4501 φαντασίαν
601 4423 690 4479 ἐπὶ
745 4423 952 4479 τούτων
1017 4423 1544 4498 ἀποσκευαζομένοις
1601 4428 1754 4497 (24),
1807 4426 1895 4480 καὶ

253 4511 492 4577 δυνατῶς
521 4510 712 4587 ἔχουσι
744 4508 1038 4569 διαϐαίνειν
1072 4514 1210 4587 πρὸς
1255 4515 1353 4581 τὴν
1408 4512 1687 4584 ἀλήθειαν,
1720 4514 1771 4570 ἐν
1820 4518 1900 4587 τῷ

254 4604 625 4676 παραθεωρεῖν
702 4602 796 4675 μὲν
852 4602 913 4656 τὸ
979 4607 1085 4656 τῶν
1148 4597 1444 4674 συμϐόλων
1500 4601 1778 4670 ποικίλον,
1836 4603 1899 4657 τὸ

257 4689 449 4745 ένιαῖον
490 4689 549 4745 δὶ
601 4685 1063 4763 καταλαμϐάνειν,
1114 4689 1213 4745 οὐκ
1242 4689 1294 4745 έν
1327 4689 1360 4744 ἀ
1397 4688 1632 4761 ποδείξει
1662 4692 1751 4746 xui
1785 4689 1900 4745 δια-

257 4783 483 4851 νοητικῇ
545 4777 847 4853 ἐπιστήμῃ,
896 4776 1022 4833 ἀλλ’
1095 4776 1146 4833 έν
1210 4776 1412 4841 ἁπλαῖς
1469 4775 1754 4842 ἐπιϐολαῖς
1810 4783 1905 4833 τοῦ

258 4867 377 4929 νοός
432 4871 571 4938 ('25).
606 4865 833 4930 ’Ἄλλως
886 4888 945 4921 τε
1003 4867 1091 4922 οιαὶ
1136 4865 1335 4937 διπλῆ,
1387 4868 1575 4943 φησὶν,
1634 4868 1745 4923 ἐστὶ
1802 4872 1907 4922 τῶν

262 4956 533 5033 θεολόγων
565 4958 600 5026 ἠ
632 4954 955 5030 παράδοσις’
983 4958 1017 5025 ἡ
1056 4956 1150 5029 μὲν
1182 4954 1273 5011 διὰ
1302 4951 1618 5029 συμϐόλων,
1650 4959 1684 5025 ἡ
1718 4954 1775 5011 δὲ
1821 4954 1909 5011 διὰ

265 5052 356 5114 τῆς
404 5046 639 5120 θεωρίας
691 5048 793 5109 τῆς
842 5045 1067 5108 κτίσεως
1095 5092 1109 5117 ,
1162 5045 1214 5100 έν
1253 5050 1332 5117 τῷ
1379 5049 1754 5101 κατανοεῖσθαι
1804 5046 1909 5101 ἀπὸ

260 5133 459 5203 ταύτης
488 5134 582 5189 τὸν
629 5131 1029 5211 τελεσιουργόν.
1064 5135 1245 5190 Εἰπὼν
1298 5133 1355 5190 δὲ
1382 5137 1482 5204 την
1536 5136 1627 5208 μὶν
1661 5135 1911 5212 ἀπόῤῥη-

261 5243 355 5276 τον
410 5234 499 5277 και
573 5224 863 5295 μυστικὴν,
912 5222 1272 5299 ἐπεξηγεῖται,
1326 5222 1509 5279 καλῶν
1568 5220 1909 5298 συμϐολικήν

1998 3272 2284 3344 Josaphat
2316 3290 2328 3327 :
2364 3273 2602 3327 Factum
2635 3276 2743 3326 est.
2778 3272 2851 3327 Ut
2880 3272 3158 3326 viderunt
3189 3272 3489 3343 principes
3520 3290 3658 3327 cur-

2000 3378 2154 3426 rum,
2186 3362 2326 3431 quia
2372 3378 2484 3416 non
2517 3365 2674 3415 esset
2706 3360 2800 3414 hic
2844 3377 2941 3415 rex
2972 3358 3174 3426 Israel,
3208 3364 3265 3415 et
3296 3360 3658 3416 diverterunt

2001 3452 2071 3505 ab
2104 3465 2191 3504 eo.
2228 3451 2295 3504 Et
2323 3448 2578 3504 intendit
2610 3465 2761 3505 unus
2801 3448 3017 3520 aliquis
3049 3465 3250 3505 arcum
3282 3453 3437 3505 certa
3470 3450 3657 3505 desti-

2001 3539 2239 3593 natione
2272 3537 2615 3604 collineans,
2652 3542 2709 3592 et
2740 3536 3031 3609 percussit
3061 3553 3255 3609 regem
3298 3537 3473 3594 Israel
3503 3538 3656 3593 inter

2004 3627 2264 3682 medium
2299 3625 2598 3698 pulmonis
2628 3629 2684 3681 et
2714 3625 3051 3698 pectoris,et
3077 3626 3224 3681 dixit
3254 3626 3468 3700 aurigae
3497 3644 3604 3684 suo
3639 3644 3652 3683 :

2000 3721 2280 3773 Converte
2328 3732 2540 3770 manus
2584 3719 2741 3782 tuas,
2771 3720 2829 3771 et
2858 3715 3005 3771 educ
3056 3732 3147 3771 me
3190 3716 3262 3771 de
3310 3714 3484 3785 bello,
3516 3716 3658 3787 quia

2000 3805 2341 3860 vulneratus
2390 3821 2545 3859 sum.
2577 3806 2645 3859 Et
2671 3821 3019 3860 conversum
3068 3809 3157 3859 est
3202 3804 3423 3860 bellum
3468 3805 3527 3860 in
3561 3806 3656 3861 die

2001 3895 2123 3950 illa.
2146 3895 2217 3949 Et
2244 3910 2343 3949 rex
2364 3894 2557 3950 stabat
2578 3894 2634 3947 in
2660 3910 2833 3948 curru
2862 3893 3142 3950 adversus
3162 3893 3385 3965 Syriam
3419 3911 3451 3949 a
3481 3909 3654 3950 mane

2004 4001 2193 4054 usque
2223 3985 2292 4039 ad
2344 3999 2665 4053 vesperam.
2704 3982 2770 4037 Et
2822 3984 3231 4039 effundebatur
3281 3982 3590 4055 sanguinis
3623 3999 3657 4038 a

2005 4073 2178 4144 plaga
2206 4073 2266 4127 in
2298 4072 2497 4127 sinum
2530 4089 2761 4135 currus,
2794 4078 2851 4125 et
2880 4077 3148 4126 mortuus
3180 4078 3269 4127 est
3298 4088 3556 4143 vespere.
3590 4071 3659 4126 Et

2007 4178 2193 4233 praeco
2219 4160 2489 4216 militaris
2508 4162 2671 4215 stetit
2691 4160 2748 4214 in
2774 4159 3277 4228 castris,solejam
3303 4161 3359 4214 in
3386 4176 3659 4216 occasum

2009 4251 2351 4315 inclinante,
2384 4250 2586 4304 dicens
2612 4264 2623 4301 :
2646 4247 3068 4319 Unusquisque
3100 4248 3251 4303 279
3284 4248 3343 4303 in
3379 4265 3547 4304 suam
3581 4248 3661 4304 ci-

2009 4340 2243 4394 vitatem
2268 4342 2324 4394 et
2346 4339 2400 4391 in
2428 4354 2595 4392 suam
2620 4341 2834 4392 terram
2858 4340 3201 4403 revertatur,
3234 4336 3372 4408 quia
3396 4341 3664 4392 mortuus

2011 4434 2100 4483 est
2132 4444 2251 4483 rex.
2278 4428 2343 4482 Et
2375 4426 2732 4498 sepelierunt
2762 4442 2957 4497 regem
2989 4426 3047 4481 in
3080 4427 3431 4493 Samaria,et
3459 4425 3663 4482 ablue-

1930 4538 1977 4601 D
2012 4522 2148 4571 runt
2181 4516 2526 4584 sanguinem
2558 4517 2629 4570 ad
2662 4516 2880 4571 fontem
2914 4516 3212 4582 Samariae,
3247 4520 3305 4571 et
3334 4514 3666 4570 elinxerunt

2014 4624 2149 4662 sues
2182 4611 2238 4661 et
2268 4622 2441 4660 canes
2476 4605 2628 4660 hunc
2661 4604 3034 4676 sanguinem.
3069 4605 3179 4661 Sed
3220 4610 3277 4659 et
3328 4610 3666 4660 meretrices

2015 4695 2226 4750 ablutas
2258 4699 2399 4750 sunt
2447 4694 2734 4766 sanguine
2764 4694 2863 4749 illo
2905 4694 3077 4765 juxta
3121 4694 3362 4749 verbum
3411 4692 3666 4759 Domini,

2016 4786 2173 4857 quod
2195 4784 2428 4839 locutus
2452 4788 2542 4838 est
2563 4783 2738 4855 (k).Et
2763 4783 2877 4837 haec
2900 4782 3137 4853 quidem
3163 4782 3321 4838 dicta
3343 4782 3463 4837 sint
3494 4781 3671 4853 expli-

2017 4875 2214 4929 candae
2246 4873 2435 4945 gratia
2480 4872 2840 4943 deceptionis
2891 4870 3108 4926 Achab.
3154 4871 3301 4925 Nota
3344 4870 3586 4941 insuper
3617 4874 3675 4924 et

2018 4965 2089 5018 de
2114 4962 2349 5019 Cantico
2374 4960 2937 5030 canticorum,cuius
2960 4959 3196 5030 quidem
3222 4959 3538 5014 amatorias
3570 4974 3675 5013 nec

2021 5068 2239 5122 paucas
2287 5050 2642 5116 affectiones,
2676 5048 2811 5104 illas
2859 5047 3141 5102 nimirum
3189 5046 3675 5118 lenocinationes,

2020 5139 2533 5209 suaviationesque
2565 5137 2985 5202 osculorum,et
3004 5136 3229 5207 reliqua
3251 5137 3306 5190 id
3331 5152 3516 5208 genus
3548 5152 3679 5207 quae

2023 5228 2393 5283 Theodorum
2428 5231 2816 5299 cognomento
2866 5225 3291 5297 Mopsuestium
3328 5225 3679 5291 invitarunt,

266 5310 454 5383 αὐτὴν,
503 5312 594 5366 ἅτε
642 5308 730 5366 διὰ
776 5307 1074 5386 συμϐόλων
1114 5311 1689 5388 χρησμοδοτηθεῖσαν.
1741 5313 1885 5371 Ἀλλι

2024 5322 2090 5373 ut
2118 5317 2314 5388 ipsum
2347 5318 2711 5371 canticorum
2747 5332 2894 5386 opus
2916 5314 3227 5371 calumniis
3260 5315 3680 5386 proscinderet.

267 5398 359 5453 xui
395 5400 737 5473 τελεστικὴν,
788 5404 862 5466 ὡς
907 5402 1003 5464 τὰς
1052 5401 1274 5465 τελετὰς
1323 5406 1430 5457 τῶν
1486 5403 1798 5478 μυστηρίων
1862 5403 1911 5460 έν

353 5596 424 5667 (Ic)
454 5600 475 5655 Ι
504 5598 634 5655 Cor.
667 5615 721 5666 v,
751 5600 806 5655 7.

554 5730 796 5790 Pnnox.
867 5731 977 5791 Gn.
1026 5730 1129 5794 IV.

2028 5407 2140 5463 Sed
2175 5410 2232 5461 et
2262 5421 2627 5477 quaecunque
2679 5403 2793 5459 alia
2825 5405 2994 5477 signa
3025 5405 3083 5461 in
3135 5405 3319 5462 sacris
3348 5408 3687 5473 occurrunt,

3346 5739 3419 5795 16
