4062 6366
423 322 521 377 491

1239 324 1607 378 APPENDIX
1648 327 1743 377 AD
1781 325 2019 377 OPERA
2058 326 2115 378 S.
2158 325 2473 378 DIONYSII
2514 327 3011 383 AREOPAGITE.

3735 332 3841 387 492

426 456 488 505 ut
519 455 661 506 sunt
680 449 1430 523 symbolaintelligibilibus
1452 448 1891 521 individuisque
1908 449 2081 503 rebus

2202 442 2499 520 συμϐόλοις
2547 446 2945 523 πηαραόιὸοῦσαν
2996 448 3085 505 διὰ
3135 458 3234 521 τῆς
3284 454 3564 528 ἱερατικῆς
3607 453 3846 531 παραδό-

431 541 814 612 pragnantia.
850 557 1049 611 quave
1081 556 1212 595 cum
1246 540 1464 611 partito
1517 538 1880 604 dividantur,
1914 538 2085 607 signa

431 628 649 700 alioqui
683 646 876 685 rerum
908 634 1049 686 sunt
1081 628 1629 701 impartibilium.Et
1658 627 1779 682 hac
1810 645 1950 683 sane
1979 644 2085 680 vo-

432 723 525 774 cat
554 712 807 790 σύμϐολα
827 716 1275 790 πεπληθυσμένα,
1294 718 1466 790 signa
1488 717 1767 773 nimirum
1790 716 1846 771 in
1876 733 2084 771 nume-

429 825 625 863 rosam
659 808 1102 864 multitudinem
1130 808 1521 863 excrescentia
1550 807 1669 863 sive
1700 805 2089 878 multiplicata

429 898 502 952 ad
537 896 679 951 illud
714 899 867 969 quod
902 914 1103 953 verum
1136 901 1224 951 est
1254 903 1309 951 et
1340 894 1641 967 singulare
1671 894 1907 950 collata.
1940 895 2087 949 Nam

426 985 574 1040 illud
616 986 663 1041 si
708 986 849 1057 quid
912 986 1107 1051 fuerit,
1140 986 1344 1057 utique
1395 983 1693 1057 singulare
1745 988 1851 1039 est.
1913 984 2089 1039 Porro

429 1075 599 1145 signa
628 1075 791 1130 illius
820 1075 1143 1145 singularis
1161 1080 1217 1129 et
1249 1074 1567 1128 individua
1587 1074 1666 1127 rei
1702 1073 2090 1145 signiﬁcativa

428 1163 813 1219 innumerosa
862 1165 1261 1219 extenduntur
1310 1161 1739 1218 multitudine:
1784 1166 1911 1217 tum
1958 1162 2091 1233 qui-

429 1253 582 1322 dem,
615 1254 767 1322 quod
800 1269 903 1324 per
933 1253 1091 1307 aliud
1124 1258 1180 1307 et
1230 1252 1385 1306 aliud
1422 1251 1723 1307 declarant
1769 1251 2089 1323 genuinam

428 1340 621 1411 ipsam
642 1342 945 1397 veritatem
975 1358 986 1396 :
1014 1348 1140 1396 tum
1169 1357 1301 1395 vero
1325 1340 1463 1411 quia
1486 1339 1718 1411 longius
1745 1340 1938 1395 abillo
1963 1340 2086 1395 sin-

430 1430 622 1500 gulari
656 1435 795 1487 sunt
822 1445 1187 1502 quacunque
1219 1429 1434 1502 aliquis
1467 1429 1739 1501 symbola
1772 1430 2001 1496 dixerit,
2038 1434 2093 1485 et

429 1535 534 1589 pro
568 1519 951 1575 multitudine
984 1520 1303 1575 formarum
1336 1519 1488 1591 (qua
1519 1519 1634 1575 Deo
1667 1519 2092 1590 attribuuntur)

428 1624 726 1664 sermones
758 1608 1070 1681 etiamipsi
1101 1608 1447 1664 dividuntur
1477 1611 1556 1681 (et
1579 1608 2090 1680 multiplicantur);

429 1696 574 1751 illud
599 1714 732 1753 vero
757 1702 992 1770 propter
1014 1700 1167 1769 quod
1194 1698 1314 1752 hac
1341 1703 1397 1751 et
1419 1699 1569 1752 ﬁunt
1591 1702 1646 1752 et
1669 1697 1947 1752 dicuntur
1978 1697 2097 1751 sin-

432 1786 639 1858 gulare
661 1792 750 1841 est
772 1793 828 1843 et
849 1788 1251 1842 individuum.
1282 1788 1395 1841 Nec
1413 1786 1569 1841 enim
1596 1787 1951 1842 arbitremur
1975 1786 2097 1842 hac

435 1876 607 1946 signa
641 1875 940 1947 proposita
972 1892 1167 1931 rerum
1204 1875 1523 1947 symbolice
1556 1874 1960 1931 exsistentium
1994 1892 2097 1948 pro

431 1981 495 2020 se
525 1964 673 2035 ipsis
706 1964 839 2019 ﬁcta
871 1965 1147 2029 esse,hoc
1180 1970 1267 2019 est
1298 1969 1361 2019 ut
1392 1966 1475 2019 sic
1505 1964 1635 2035 ipsa
1666 1964 2095 2036 concipiantur,

429 2054 933 2124 quemadmodum
987 2055 1227 2125 signum
1287 2055 1653 2125 propositum
1710 2055 1989 2121 continet,
2042 2059 2100 2109 et

430 2143 591 2196 nuda
622 2141 815 2196 littera
847 2142 1134 2213 insinuat,
1170 2143 1269 2197 sed
1307 2143 2101 2215 pramittuntur,pralucent

436 2230 734 2302 sapientia
783 2230 961 2301 vulgo
1011 2231 1298 2287 indicibili
1332 2237 1389 2287 et
1436 2232 1667 2289 divina.
1718 2233 1986 2289 Tectoria
2017 2234 2097 2288 si-

441 2318 678 2390 quidem
712 2325 847 2375 sunt
871 2321 1134 2391 quadam
1168 2325 1224 2375 et
1255 2321 1430 2376 rudes
1455 2322 1937 2377 adumbrationes
1969 2339 2100 2377 sen-

440 2424 617 2464 suum
634 2408 807 2481 longe
820 2410 1255 2480 profundiorum
1270 2426 1723 2480 arcanarumque
1736 2412 2097 2482 Opinionum.

451 2498 564 2552 Has
596 2497 752 2551 enim
784 2498 1090 2553 scientiam
1124 2499 1264 2553 dicit
1292 2514 1562 2553 sermone
1592 2498 1921 2553 declarante
1944 2500 2099 2570 quod

449 2588 631 2641 altera
648 2589 998 2657 requirenda
1011 2587 1230 2643 sitistis
1244 2589 1451 2659 ﬁguris
1464 2588 1905 2643 scientiamulto
1924 2588 2101 2642 subli-

448 2674 761 2747 mior,qam
776 2676 1049 2748 quisquis
1064 2676 1452 2749 spiritualiter
1466 2682 1692 2733 contem
1704 2677 2099 2749 platur,spiri-

447 2764 631 2820 tualia
646 2781 996 2835 comparans
1010 2766 1543 2835 spiritualibus:hic
1563 2765 1905 2837 planeillam
1921 2772 2098 2838 tenet,

446 2855 813 2909 orationibus
845 2856 1083 2925 quidem
1116 2871 1233 2909 non
1266 2855 1767 2919 demonstrativis,
1793 2856 1893 2909 sed
1927 2856 2100 2927 spiri-

440 2942 902 2999 tualibus.Porro
917 2944 1036 2998 hac
1050 2943 1219 3014 signa
1236 2944 1590 3015 oportuit,ad
1608 2959 1742 2998 eum
1759 2945 1996 2999 modum
2013 2961 2102 2999 sa-

441 3032 896 3088 crisinumbrari
913 3034 1155 3105 typiszut
1172 3034 1239 3089 ab
1253 3036 1338 3089 eis
1352 3035 1833 3089 submoverentur
1850 3034 2095 3107 indigni,

443 3123 1610 3195 nevecontemptuiexponerenturzutque
1636 3124 1754 3178 illis
1777 3123 1919 3179 solis
1943 3140 2099 3179 reve-

2199 558 2351 600 σεως.
2402 539 2617 608 Ταύτην
2668 536 2724 593 δὲ
2767 540 2865 608 τήν
2917 540 3254 616 ἀπόρρητον,
3301 539 3425 612 ἤτοι
3478 539 3849 617 συμϐολικήν,

2199 626 2384 703 φησὶν,
2436 622 2582 703 ἔχειν
2637 628 3119 703 συμπεπλεγμένον
3168 634 3247 702 τῷ
3294 630 3463 706 ῥητῷ,
3496 635 3746 689 τουτέστι
3774 640 3850 708 τῷ

2200 713 2429 790 ῥηθῆναι
2486 714 2934 791 ἐπιτετραμμένῳ
2981 723 3061 791 τῷ
3112 714 3401 793 συμϐόλῳ,
3432 724 3519 777 καὶ
3567 724 3629 777 τὸ
3680 723 3851 799 ἄρῥη-

2197 824 2313 870 τον,
2372 802 2497 873 ἤτοι
2546 806 2828 877 μυστικόν·
2888 808 3255 862 συνεσκίασται
3316 810 3419 885 γὰρ
3478 810 3531 865 ἐν
3590 816 3668 883 τῷ
3715 834 3852 886 συμ-

2200 886 2356 964 δόλῳ
2405 894 2467 948 τὸ
2518 891 2744 963 ἀληθὲς,
2774 895 2865 949 καὶ
2916 892 3311 968 ἀδημοσίευτόν
3360 898 3525 968 ἐστιν,
3559 902 3634 962 ὡς
3691 901 3742 956 ἐν
3775 906 3853 974 τῷ

2198 986 2413 1053 νομικῷ
2458 982 2518 1036 τὸ
2565 981 2767 1052 ἀληθὲς
2813 984 3018 1059 πάσχα,
3052 986 3232 1059 ὥσπερ
3284 984 3516 1062 εἷ’ρηται·
3550 990 3624 1044 Τὸ
3664 992 3853 1067 πάσχα

2200 1073 2359 1142 ἡμῶν
2421 1072 2552 1144 ὑπὲρ
2614 1074 2775 1144 ἡμῶν
2836 1072 2996 1143 ἐτύθη
3057 1076 3313 1150 Χριστός,
3368 1079 3447 1133 Τὸ
3488 1076 3545 1132 δὲ
3601 1076 3852 1155 δεύτερον

2204 1159 2367 1234 μέρος
2424 1167 2523 1230 τῆς
2587 1159 2872 1236 θεολογίας
2926 1161 3159 1241 ἐμφανές
3212 1164 3322 1219 ἐστι
3377 1166 3465 1220 καὶ
3524 1168 3805 1244 γνώριμον
3837 1214 3850 1227 ,

2198 1248 2407 1318 Ταύτην
2461 1250 2586 1317 τήν.
2622 1249 2903 1326 θεολογίαν
2959 1251 3260 1330 φιλόσοφον
3321 1255 3412 1308 καὶ
3461 1253 3853 1325 ἀποδεικτικὴν

2203 1337 2368 1406 εἶπεν,
2403 1338 2477 1399 ὡς
2530 1335 2617 1391 διὰ
2663 1343 2761 1404 τῆς
2808 1343 3192 1410 κατανοήσεως
3240 1348 3346 1397 τῶν
3400 1346 3733 1417 κτισμάτων,
3767 1346 3856 1400 καὶ

2198 1448 2359 1480 τινων
2395 1427 2553 1489 θείων
2605 1426 2960 1501 οἰκονομιῶν,
2992 1430 3082 1484 καὶ
3123 1438 3222 1501 τῆς
3262 1440 3602 1507 θεωρητικῆς
3652 1433 3859 1510 ἐξηγή-

2203 1536 2336 1577 σεως
2380 1519 2485 1569 τῶν
2533 1516 2654 1591 περὶ
2708 1521 2840 1571 Θεοῦ
2892 1517 3204 1593 λεγομένων
3251 1519 3302 1574 ἐν
3353 1527 3469 1584 ταῖς
3519 1522 3684 1584 θείαις
3733 1529 3862 1596 Γρα-

2203 1609 2327 1681 φαῖς
2384 1605 2773 1678 συνισταμένην
2811 1650 2824 1663 .
2888 1607 2985 1661 Καὶ
3042 1608 3177 1678 αὕτη
3239 1609 3333 1681 μὲν
3392 1613 3426 1679 ἡ
3491 1610 3864 1689 ἐμφανεστέρα

2202 1689 2319 1767 ἔχει
2358 1694 2480 1749 τινὰ
2530 1696 2701 1759 πειθὼ
2748 1696 2838 1750 καὶ
2887 1694 3276 1770 συνδεδεμένην
3312 1696 3572 1770 ἀλήθειαν
3602 1707 3721 1762 τοῖς
3774 1700 3861 1756 λε-

2202 1784 2453 1858 γομένοις
2489 1805 2500 1818 ·
2563 1784 2698 1839 κατὰ
2745 1789 2907 1841 τοῦτο
2974 1788 3075 1861 γάρ
3134 1786 3244 1841 ἐστι
3302 1787 3393 1842 καὶ
3455 1787 3813 1857 ἀποδεικτική
3848 1837 3864 1863 ,

2206 1873 2463 1936 πείθουσα
2508 1873 2597 1928 καὶ
2660 1872 3062 1947 καταδουμένη,
3109 1876 3198 1930 καὶ
3250 1878 3417 1931 οἱονεὶ
3476 1875 3675 1951 δεσμόν
3737 1900 3860 1934 τινα

2205 1964 2293 2016 καὶ
2348 1960 2578 2037 σφαγῖδα
2633 1970 2748 2027 τοῖς
2808 1962 3125 2039 λεγομένοις
3188 1965 3486 2029 ἰπιτιθεῖσα
3552 1990 3650 2038 την
3712 1966 3857 2038 ἀλή-

2424 2056 2487 2077 τν.
2652 2051 2665 2069 κ
2723 2050 2745 2069 κ
2843 2058 2867 2067 ν
3034 2055 3048 2073 \
3251 2058 3263 2071 κ
3418 2062 3441 2071 -
3646 2058 3657 2076 ρ

2206 2053 2349 2105 θειαν
2402 2057 2532 2125 (80)·
2579 2073 2667 2105 και
2719 2051 2943 2107 οιδουσα
2994 2076 3057 2109 το
3113 2076 3300 2110 πιστον
3352 2078 3469 2118 τοις
3526 2058 3858 2129 ἀκουῠυσιν,

2210 2136 2657 2213 ὑποϐαλλομένη,
2694 2142 2774 2195 ὅτι
2805 2144 2871 2195 τὰ
2914 2142 3120 2217 μεγάλα
3150 2144 3238 2197 καὶ
3288 2143 3539 2219 μεγάλως
3572 2145 3862 2223 ὀφείλουσι

2208 2234 2466 2300 νοεῖσθαι,
2521 2229 2610 2283 καὶ
2660 2230 3047 2305 προσηκόντως
3103 2236 3171 2306 τῇ
3232 2238 3380 2307 σφῶν
3444 2233 3857 2308 μεγαλειότητι,

2208 2318 2295 2373 καὶ
2329 2318 2436 2393 οὐχ
2469 2319 2656 2380 ἁπλῶς
2702 2317 2970 2393 χυδαίως,
3002 2322 3090 2375 καὶ
3126 2323 3199 2385 ὼς
3251 2323 3299 2376 οἱ
3332 2321 3535 2377 πολλοὶ
3572 2324 3862 2395 μανθάνειν

2214 2407 2524 2481 βούλονταυ
2584 2408 2664 2471 τίς
2708 2409 2832 2484 γάρ,
2895 2406 3023 2464 ἷ’δὼν
3081 2410 3243 2479 ἥλιον
3302 2410 3612 2484 λάμποντα,
3671 2410 3862 2468 ἔπειτα

2209 2497 2441 2558 ἀκούσας
2479 2497 2569 2550 τὸν
2626 2498 2797 2551 αἶ’τιον
2849 2499 3015 2553 αὐτοῦ
3044 2501 3130 2553 καὶ
3167 2504 3519 2575 παραγωγέα,
3564 2501 3625 2555 οὐ
3660 2524 3845 2579 φωτει-

2209 2587 2297 2639 νὸν
2336 2586 2427 2659 μὲν
2460 2589 2780 2655 κατανοήσει
2833 2586 3055 2657 ἐκεῖνον,
3089 2589 3175 2643 καὶ
3232 2590 3362 2665 ὑπὲρ
3393 2590 3455 2644 τὸ
3502 2595 3751 2645 τοιοῦτον
3793 2589 3861 2659 δὴ

2209 2675 2373 2729 πάλιν
2421 2680 2534 2750 φῶς
2586 2671 2710 2729 ὄντα
2757 2678 2892 2731 κατὰ
2921 2676 3065 2731 πολύ
3102 2697 3115 2747 ;
3149 2676 3193 2731 εἷ
3224 2678 3323 2753 γὰρ
3363 2680 3427 2746 ἦν
3454 2684 3729 2747 τοιοῦτος,
3760 2679 3864 2735 οὐκ

2209 2762 2267 2818 ἂν
2298 2765 2549 2817 τοιούτου
2598 2767 2835 2833 ποιητὴς
2882 2764 2941 2819 ἂν
2996 2767 3083 2834 ἦν.
3119 2766 3207 2820 Τίς
3241 2765 3298 2820 δὲ
3340 2766 3529 2837 πάλιν,
3564 2773 3740 2836 ζῶντα
3767 2771 3858 2823 καὶ

2210 2852 2531 2926 ἐνεργοῦντα
2574 2852 2661 2906 καὶ
2728 2854 3021 2926 κινούμενα
3077 2853 3205 2909 ἰδὼν
3242 2902 3256 2923 ,
3316 2856 3417 2910 οὑκ
3472 2856 3861 2931 ἀναλογίζεται

2208 2941 2295 2993 τὸν
2326 2941 2562 3010 ποιητὴν
2612 2940 2787 2995 αὐτῶν
2834 2942 2923 2996 καὶ
2960 2947 3133 3011 ζῶντα
3189 2944 3321 3019 ὑπὲρ
3370 2949 3535 2998 ταῦτα
3574 2944 3664 2998 καί
3697 2946 3863 3023 ἀσυγ-

2208 3030 2429 3101 κρίτως,
2461 3031 2549 3084 καὶ
2580 3030 2899 3103 κινούμενον
2937 3033 3065 3106 ὑπὲρ
3115 3033 3313 3095 ταύτας
3361 3031 3425 3102 δὴ
3462 3034 3555 3095 τὰς
3588 3036 3863 3105 κινήσεις,

2211 3116 2468 3188 δηλονότι
2503 3123 2569 3191 τῇ
2606 3120 2796 3174 ἑαυτοῦ
2828 3122 3027 3195 θεωρίᾳ
3055 3122 3192 3177 κατὰ
3210 3122 3301 3176 τὸν
3331 3120 3505 3177 πολὺν
3531 3124 3600 3178 τὰ
3631 3129 3749 3187 θεῖα
3772 3124 3865 3177 καὶ

442 3210 1104 3283 lenturperfectis,etom
1115 3229 1244 3268 nem
1262 3214 1586 3267 indecoram
1602 3212 1879 3283 superbis
1894 3213 1907 3266 i
1920 3214 2092 3285 magi-

2214 3210 2374 3281 μέγαν
2408 3209 2728 3283 Γρηγόριον,
2761 3209 2851 3263 καὶ
2902 3210 3220 3286 ἐνεργοῦντα
3248 3212 3573 3287 κρειττόνως
3604 3212 3654 3273 ές
3700 3214 3867 3287 ὑπερ-

444 3300 741 3355 nationem
773 3300 1259 3371 rejicientibus,et
1276 3301 1346 3355 ad
1366 3301 1556 3372 ipsam
1578 3318 1767 3372 usque
1787 3302 2099 3372 pervadere

441 3389 744 3445 veritatem
773 3390 1125 3456 valentibus,
1158 3391 1251 3445 vix
1293 3391 1533 3460 quidem
1567 3389 1767 3445 leviter
1798 3389 2098 3457 signorum

443 3478 806 3547 varietatem,
861 3479 1148 3533 unitatem
1184 3478 1339 3534 280
1383 3495 1513 3533 vero
1566 3494 1676 3532 non
1729 3480 2099 3533 demonstra-

441 3568 601 3623 tione
628 3584 731 3623 nec
752 3568 1217 3634 ratiocinatione,
1239 3569 1335 3623 sed
1364 3567 1617 3639 simplici
1645 3567 1860 3624 mentis
1892 3584 2098 3640 appre-

444 3656 725 3711 hensione
741 3657 1569 3728 comprehendendo.Proinde
1590 3657 1803 3728 duplex
1825 3662 1913 3712 est
1942 3657 2100 3712 theo-

442 3744 707 3817 logorum
736 3746 971 3800 traditio
1006 3762 1019 3799 :
1055 3746 1174 3800 hac
1206 3745 1444 3816 quidem
1482 3763 1584 3817 per
1614 3746 1802 3817 signa,
1836 3745 1935 3800 illa
1963 3762 2098 3802 vero

438 3839 738 3888 exercetur
804 3851 905 3905 per
966 3840 1246 3888 creatura
1315 3834 1892 3905 contemplationem,
1952 3835 2094 3889 dum

435 3922 701 3978 videlicet
754 3940 787 3978 a
834 3927 1111 3977 creatura
1160 3922 1563 3994 speculatione
1607 3924 1941 3979 sublimiter
2000 3940 2095 3979 ra-

437 4012 597 4083 pitur
628 4027 792 4067 mens
824 4012 895 4066 ad
945 4012 1507 4083 contemplationem
1542 4013 1787 4082 opiﬁcis.
1835 4013 2093 4069 Priorem

437 4101 639 4156 dicens
688 4117 960 4156 arcanam
993 4107 1050 4157 et
1100 4102 1430 4174 mysticam,
1485 4102 1721 4155 interim
1755 4103 1895 4155 dum
1930 4106 2096 4157 vocat

435 4205 565 4245 eam
616 4192 998 4261 symbolicam
1035 4210 1047 4247 :
1084 4193 1323 4263 perinde
1355 4197 1445 4247 est
1476 4207 1543 4245 ac
1594 4191 1641 4244 si
1675 4190 1931 4245 declaret
1963 4208 2090 4245 eam

433 4296 581 4349 esse,
619 4297 750 4350 qua
794 4297 896 4351 per
925 4280 1144 4352 ﬁguras
1195 4281 1409 4335 divinis
1441 4279 1694 4334 oraculis
1734 4279 1949 4333 tradita
1979 4280 2079 4336 sit.

434 4369 712 4424 Eamdem
744 4385 980 4440 quoque
1008 4366 1321 4436 τελεστικήν
1354 4369 1672 4434 asserit,ut
1705 4384 1831 4438 qua
1864 4384 1967 4438 per
1996 4386 2088 4424 sa-

434 4457 736 4511 cerdotum
768 4456 1221 4521 institutionem,
1256 4456 1635 4511 caremonias
1668 4458 1861 4511 tradat
1895 4474 2087 4511 sacra-

2209 3293 2383 3365 6ολήν
2421 3299 2549 3371 ὑπὲρ
2596 3300 2663 3352 τα
2692 3302 2975 3371 ποιήματα
3009 3320 3022 3369 ;
3056 3301 3161 3356 Καὶ
3212 3301 3437 3372 τοιαύτη
3491 3324 3586 3377 μεν
3618 3305 3653 3371 ἡ
3687 3301 3867 3378 ἐμφα-

2206 3386 2446 3461 νεστέρα,
2480 3385 2583 3439 ἀπὸ
2632 3393 2729 3455 τῆς
2777 3391 2882 3441 τῶν
2934 3387 3259 3460 ποιημάτων
3308 3388 3517 3465 φύσεως
3561 3389 3650 3443 τὸν
3703 3410 3873 3460 ποιη-

2207 3477 2304 3543 τὴν
2340 3472 2783 3529 ἀποδεικνύουσα·
2830 3474 2917 3531 διὰ
2963 3482 3122 3531 τοῦτο
3154 3478 3257 3553 γὰρ
3306 3477 3395 3531 καὶ
3430 3478 3754 3555 φιλόσοφος,
3789 3479 3866 3540 ὡς

2206 3567 2274 3635 τῇ
2310 3584 2461 3640 φυσει
2495 3563 2961 3641 ἐμφιλοχωροῦσα
3007 3573 3106 3635 τῆς
3136 3567 3386 3637 κτίσεως,
3423 3567 3703 3621 κάντεῦθεν
3741 3569 3867 3622 θεοι-

2210 3651 2451 3727 λογοῦσα
2480 3654 2545 3707 τὰ
2578 3654 2707 3729 ὑπὲρ
2742 3655 2919 3731 φύσιν.
2952 3656 3015 3711 Ἠ
3048 3652 3105 3709 δὶ
3155 3650 3469 3729 συμϐολικὴ
3522 3655 3619 3710 οὐκ
3645 3652 3766 3730 ἔχει
3800 3657 3863 3710 τὸ

2207 3742 2432 3810 πείθειν,
2483 3741 2609 3796 ἀλλ’
2658 3742 2927 3819 ἐνέργειάν
2967 3764 3087 3798 τινα
3137 3742 3282 3798 θείαν
3338 3743 3513 3821 ἀφανῆ
3573 3744 3663 3798 καὶ
3727 3741 3860 3819 δρα-

2208 3834 2449 3905 στήριον,
2483 3831 2605 3900 ἥτις
2650 3832 2745 3895 τὰς
2792 3830 3194 3908 μυστηριώδεις
3241 3835 3327 3887 καὶ
3382 3835 3720 3908 θεωρητικὰς
3754 3837 3858 3906 ψυ-

2206 3920 2310 3994 χας
2345 3918 2434 3973 διὰ
2460 3926 2566 3974 τῶν
2602 3926 2896 3993 μυστικῶν,
2929 3920 3053 3989 ἤτοι
3105 3916 3458 3995 συμϐολικῶν
3493 3921 3859 3996 αἶ’νιγμάτων,

2204 4006 2433 4084 ἐνιδρύει
2463 4010 2551 4063 καὶ
2585 4010 2747 4064 οἱονεὶ
2793 4009 3044 4082 θεμελιοῖ
3093 4010 3170 4073 εἷς
3215 4011 3304 4065 τὸν
3353 4012 3481 4066 Θεὸν
3516 4009 3604 4065 διὰ
3631 4016 3740 4065 τῶν
3782 4013 3859 4083 μὴ

2204 4096 2351 4172 λόγῳ
2401 4096 2802 4170 διδασκομένων
2849 4098 3183 4171 μυστηρίων,
3232 4097 3377 4154 ἀλλὰ
3431 4103 3552 4175 σιγῇ
3600 4100 3690 4153 καὶ
3726 4100 3861 4153 ἀπο·

2201 4185 2430 4258 καλύψει
2482 4187 2638 4240 θείων
2689 4187 3037 4260 ἐλλάμψεωψ
3090 4188 3179 4241 καὶ
3232 4187 3450 4264 φωτίζει
3500 4188 3590 4242 τὸν
3626 4191 3753 4240 νοῦν
3788 4188 3863 4250 εἷς

2198 4276 2293 4334 τὰς
2339 4280 2446 4327 τῶν
2494 4274 2745 4350 ἀρρήτων
2803 4276 3114 4351 μυστηρίων
3175 4278 3548 4345 κατανοήσεις’
3609 4273 3699 4329 διὰ
3755 4277 3861 4351 γὰρ

2196 4368 2302 4418 τῶν
2336 4362 2677 4437 τελουμένων
2725 4369 2912 4437 (ταῦτα
2948 4364 3045 4440 γάρ
3097 4365 3206 4419 ἐστι
3237 4366 3304 4419 τὰ
3334 4367 3459 4440 παρ’
3500 4365 3671 4434 αὐτῆς
3719 4362 3859 4438 δρώ-

2201 4474 2355 4524 μενα,
2417 4450 2499 4507 διὸ
2556 4454 2644 4507 καὶ
2700 4453 2984 4523 τελεστική
3046 4452 3310 4529 λέγεταιο)
3374 4459 3720 4529 προσοικειοῖ
3774 4459 3856 4526 τῷ

439 4550 790 4613 mentorum,
851 4546 1305 4616 comprehensas
1374 4546 1675 4615 signorum
1746 4546 2085 4603 involucris.

2202 4549 2314 4616 Θεῷ
2356 4548 2711 4619 πραγματικῇ
2742 4542 2845 4615 ἕξει
2895 4566 2951 4599 τε
2999 4545 3088 4599 καὶ
3120 4546 3359 4600 τυπώσει
3411 4546 3564 4619 (ὅπερ
3616 4546 3707 4599 καὶ
3739 4543 3857 4600 ἀδι-

436 4637 598 4687 Hanc
629 4649 836 4687 rursus
888 4650 1160 4688 arcanam
1194 4635 1313 4689 sive
1365 4634 1746 4706 symbolicam
1782 4637 1996 4691 astruit
2028 4636 2085 4691 in

443 4738 504 4777 se
535 4722 837 4776 continere
895 4721 1178 4792 quiddam
1234 4722 1555 4793 implexum
1591 4723 1672 4778 rei
1703 4723 1946 4792 aﬁ‘abili,
1980 4725 2087 4781 hoc

432 4816 676 4880 est,qua
708 4815 771 4865 ut
800 4810 912 4864 dici
954 4812 1210 4883 promive
1237 4812 1648 4882 queat,ﬁguris
1680 4812 2086 4884 signiﬁcativis

430 4900 750 4956 commissa
788 4904 876 4955 est
905 4906 961 4954 et
994 4900 1236 4954 inserta.
1263 4902 1331 4954 Et
1362 4900 1470 4955 hoc
1502 4902 1891 4957 nihilominus
1921 4921 2086 4958 arca-

428 5007 566 5045 num
594 4990 829 5055 dicitur,
862 4989 972 5045 hoc
1003 4995 1093 5044 est
1142 4989 1479 5061 mysticum.
1514 4992 1880 5047 Adumbrata
1926 4994 2083 5047 enim

427 5082 602 5134 estin
654 5080 781 5151 ipso
833 5080 997 5148 signo
1050 5078 1357 5145 ﬁgurativo
1400 5080 1636 5144 veritas,
1670 5096 1772 5135 nec
1824 5082 1879 5135 in
1926 5081 2082 5151 vulgi

428 5169 825 5236 cognitionem
851 5170 1172 5223 educenda:
1190 5168 1691 5238 quemadmodum
1717 5170 1774 5223 in
1796 5169 1967 5241 legali
1985 5171 2083 5227 illo

432 5258 615 5328 phase
644 5274 843 5312 verum
880 5258 1099 5312 Pascha
1132 5257 1899 5323 dolineabatur,secundum
1931 5262 2081 5330 quod

429 5346 651 5401 dictum
687 5351 777 5400 est
809 5346 983 5401 Paulo
1016 5363 1027 5399 :
1069 5346 1278 5401 Pascha
1310 5354 1557 5401 nom-um
1609 5364 1711 5418 pro
1762 5350 1933 5405 nobis
1984 5352 2083 5405 im-

428 5435 673 5490 molatus
698 5440 776 5490 est
809 5435 1055 5491 Christus
1088 5436 1171 5507 (ι).
1203 5434 1307 5492 Illa
1360 5434 1543 5493 altera
1597 5437 1899 5509 theologia
1947 5456 2082 5512 pars

502 5635 563 5707 (ι)
598 5633 617 5689 Ι
650 5635 775 5689 Cor.
810 5652 864 5690 v.
900 5632 953 5689 7.

2199 4632 2425 4695 δάκτους
2479 4634 2858 4711 μυσταγωγίας
2906 4633 3201 4703 ἐκάλεσεν).
3259 4635 3318 4691 Ὀ
3365 4634 3465 4710 γὰρ
3517 4632 3570 4688 ἐν
3620 4634 3854 4707 μεθέξει,

2198 4724 2323 4799 φέρε
2381 4723 2573 4787 εἶ’πεῖν,
2634 4728 2740 4777 τῶν
2792 4724 3078 4799 ἀχράντων
3134 4720 3325 4798 δώρων
3391 4724 3684 4797 γενόμενος
3730 4720 3854 4777 ἄδι-

2197 4809 2405 4874 δάκτως
2456 4818 2892 4887 μυσταγωγεῖται
2946 4814 3035 4866 καὶ
3101 4816 3502 4887 πραγματικῶς
3558 4813 3650 4866 τὸν
3709 4814 3856 4886 ἁγια-

2197 4901 2355 4972 σμόν’
2390 4898 2478 4954 διὰ
2504 4905 2663 4955 τοῦτο
2706 4902 2793 4955 καὶ
2829 4904 2862 4970 ἡ
2897 4899 3119 4969 τοιαύτη
3172 4901 3266 4973 μὶν
3322 4902 3554 4975 μυστικῆ
3590 4898 3856 4974 θεολογία

2197 4988 2316 5063 δρᾷ,
2348 4993 2382 5059 ἡ
2433 4987 2489 5044 δὲ
2536 4988 2623 5044 διὰ
2668 4997 2764 5059 τῆς
2812 4992 3188 5059 κατανοήσεως
3237 4992 3335 5058 τῆς
3386 4989 3623 5051 πίστεως
3675 5002 3852 5054 πειθει

2193 5080 2282 5133 καὶ
2332 5079 2508 5155 ἐνάγει
2557 5080 2694 5154 πρὸς
2738 5080 2835 5147 τὴν
2893 5078 3150 5147 ἀλήθειαν
3180 5081 3311 5151 (27).
3361 5078 3459 5132 Καὶ
3514 5080 3621 5151 μὴν
3651 5077 3712 5133 οὐ
3742 5079 3849 5151 μό-

2194 5190 2284 5222 νον
2308 5172 2341 5238 ἡ
2372 5170 2579 5241 νομικὴ
2613 5166 2928 5242 παράδοσις,
2960 5165 3104 5221 ἀλλὰ
3154 5168 3242 5221 καὶ
3275 5169 3308 5236 ἡ
3342 5165 3538 5234 τελετὴ
3570 5173 3678 5222 τῶν
3728 5168 3849 5231 καθ’

2192 5259 2337 5331 ἡμὰς
2391 5257 2702 5331 μυστηρίων
2755 5262 2862 5311 τῶν
2906 5257 3066 5331 ἰερῶν
3122 5254 3318 5326 ἐδεήθη
3370 5251 3691 5329 συμϐόλων.
3742 5256 3846 5312 Καὶ

2195 5349 2315 5402 ούὶν
2373 5348 2704 5419 θαυμαστὸν,
2738 5345 2875 5401 ὅπου
2924 5367 2983 5420 γε
3032 5347 3119 5400 καὶ
3173 5342 3507 5419 οἷ’ἰίηγελοι
3557 5342 3629 5400 δι’
3674 5345 3843 5420 αἰνιγ-

2198 5438 2379 5510 μάτων
2429 5438 2495 5492 toi
2560 5443 2674 5500 θεῖα
2744 5437 3017 5510 μυστήρια
3076 5435 3398 5510 προάγουσι.
3454 5434 3552 5488 Καὶ
3604 5434 3762 5497 αὐτὸς
3811 5434 3841 5488 ὁ
