4062 6366
294 332 397 386 493

1104 328 1568 383 PACHYMERE
1606 321 2108 378 PARAPHRASIS
2144 323 2217 373 ΙΝ
2255 323 2412 375 ΕΡΡ.
2450 323 2507 376 S.
2550 322 2888 377 DIONYSII.

3568 362 3571 365 »
3595 325 3702 383 494

292 455 487 531 Κύριος
516 456 681 509 τοῦτο
727 453 821 525 μὶν
877 450 929 507 ἐν
989 446 1335 527 παραϐολαῖς
1396 449 1468 510 ὡς
1525 448 1576 502 ἐν
1631 440 1930 519 συμϐόλοις

2048 443 2288 501 evidens
2326 448 2417 501 est
2449 447 2504 501 et
2542 448 2680 501 nota
2710 445 3098 504 familiariter.
3132 448 3291 506 Hanc
3320 452 3487 506 vocat
3511 451 3702 524 philo-

288 544 523 624 φαίνεται
583 541 885 616 θεολογῶν·
936 544 1100 596 τοῦτο
1124 537 1183 594 δὶ
1228 540 1318 594 καὶ
1367 534 1701 613 παραδιδοὺς
1754 535 1824 590 τὰ
1880 533 1931 589 ἂν

287 639 362 707 τῷ
412 631 617 705 δείπνῳ
671 630 907 705 θεουργὰ
957 630 1249 703 μυστήρια,
1280 627 1316 697 ἢ
1364 627 1431 682 τὰ
1462 625 1614 689 θεοὺς
1646 624 1775 688 τοὺς
1807 644 1933 695 μετ-

288 722 513 801 ἔχοντας
564 719 919 797 ἐργαζόμενα,
966 719 1001 788 ἢ
1037 717 1105 772 τὰ
1150 718 1295 793 παρᾶ
1339 719 1436 770 τοῦ
1480 712 1752 770 Δεσπότου
1800 713 1935 785 Χρι-

288 816 410 867 στοῦ
438 812 532 866 καὶ
561 814 695 866 Θεοῦ
745 811 905 881 ἡμῶν
954 804 1270 881 πραχθέντα
1312 802 1401 859 διὰ
1446 809 1762 872 τυπωτικῆς
1801 821 1935 877 τρα-

286 902 601 970 πεζώσεως.
641 898 995 974 Τραπάζωσιν
1028 893 1085 950 δὲ
1116 916 1249 971 φησι
1280 894 1404 949 τότε
1440 894 1532 965 μὲν
1585 894 1686 962 τὴν
1719 890 1806 945 ἐπὶ
1836 896 1935 959 τῆς

285 992 561 1065 τραπέζης
600 986 943 1056 κατάκλισιν,
992 989 1083 1039 νῦν
1131 981 1188 1039 δὲ
1225 984 1292 1038 τὰ
1344 983 1395 1038 ἓν
1435 986 1504 1056 τῇ
1536 982 1652 1051 θείᾳ
1698 980 1935 1055 τραπέζῃ

288 1078 376 1135 διὰ
428 1080 527 1134 τοῦ
558 1076 712 1155 ἁγίου
762 1073 927 1152 ἄρτου
967 1073 1057 1129 καὶ
1105 1078 1201 1128 τοῦ
1246 1070 1510 1146 ποτηρίου
1538 1077 1637 1141 τῆς
1685 1068 1936 1143 εὐλογίας

284 1167 590 1241 τελούμενα
652 1165 943 1240 μυστήρια·
994 1162 1085 1218 καὶ
1133 1162 1234 1239 γὰρ
1295 1159 1385 1216 διὰ
1429 1158 1524 1215 δύο
1568 1159 1741 1221 αἷτίας
1792 1156 1934 1213 οὕτω

285 1264 451 1314 ταῦτα
491 1254 798 1312 τελοῦνται·
854 1252 982 1327 μίαν
1016 1254 1135 1325 μὲν,
1182 1249 1271 1306 ’ίνα
1316 1255 1423 1305 τῶν
1452 1247 1679 1304 πολλῶν
1710 1247 1777 1302 τὰ
1806 1248 1936 1322 ἅγιοι

287 1343 823 1402 ἀποδιαστὲλλωνται
856 1344 995 1416 (28),
1040 1341 1116 1414 μὴ
1173 1338 1414 1415 ἑχόντων
1449 1338 1775 1417 ἐφικνεῖσθαι
1826 1340 1935 1391 τῶν

285 1434 619 1509 νοουμένων,
650 1433 725 1487 ὧν
757 1431 920 1508 χάριν
965 1430 1035 1485 τὰ
1065 1424 1320 1503 σύμϐολα
1360 1426 1602 1503 γίνονται
1635 1426 1765 1499 ί29)’
1812 1422 1932 1479 δευ-

282 1527 437 1602 τὲραν
491 1521 570 1597 δὲ,
622 1522 737 1579 ἐπεὶ
795 1524 830 1591 ἡ
876 1519 1119 1594 ἡμετέρα
1168 1519 1282 1587 ζωοὶ,
1334 1518 1439 1573 ἀπὸ
1470 1520 1655 1591 ψυχῆς
1688 1514 1798 1569 ἐστι
1842 1514 1929 1568 καὶ

287 1616 563 1689 σώματος,
614 1613 703 1667 καὶ
766 1610 1057 1685 ἀμέριστος
1107 1610 1220 1682 ἅμα
1270 1608 1361 1663 καὶ
1413 1607 1670 1683 μεριστή·
1722 1604 1787 1659 τὸ
1839 1604 1931 1677 μὲν

287 1710 374 1769 διὰ
416 1713 479 1768 τὸ
529 1710 728 1784 ἀμερὲς
771 1714 873 1779 τῆς
919 1710 1106 1781 ψυχῆς
1151 1707 1239 1760 καὶ
1292 1705 1604 1777 ἀσώματον,
1649 1703 1711 1757 τὸ
1758 1699 1817 1756 δὲ
1846 1698 1936 1755 διὰ

282 1803 343 1858 τὸ
370 1806 470 1858 τοῦ
502 1801 752 1873 σώματος
783 1796 1038 1853 ποικίλον
1070 1794 1159 1850 καὶ
1206 1792 1535 1867 πολυμερὲς,
1585 1790 1738 1860 διττή
1788 1790 1933 1865 γίνε-
1967 1821 2013 1886 Β

283 1913 371 1947 ται
418 1890 510 1946 καὶ
559 1892 595 1959 ἡ
625 1893 734 1943 τῶν
784 1887 943 1942 θείων
995 1883 1290 1957 οἰκονομία
1337 1882 1620 1957 ἀναλόγως
1653 1883 1799 1954 ἡμᾶς
1842 1876 1932 1935 ἰλ-

288 1980 597 2055 λάμπουσα.
648 1978 754 2034 Καὶ
804 1977 865 2030 τὸ
919 1974 1012 2048 μὲν
1046 1975 1241 2035 ἀπαθὲς
1280 1978 1379 2042 τῆς
1411 1974 1619 2046 ψυχῆς,
1660 1971 1721 2025 τὸ
1749 1970 1934 2043 νοερὸν

287 2067 564 2138 δηλονότι,
611 2067 719 2142 οὐχ
748 2066 824 2129 ὡς
853 2065 1024 2120 πάντα
1073 2062 1346 2137 ἀμίτοχον
1398 2061 1623 2131 πάθους,
1683 2057 1808 2114 ἀλλ’
1861 2057 1936 2121 ὡς

285 2156 473 2229 ἔξωθεν
522 2160 621 2212 τοῦ
669 2154 900 2230 πάσχειν
957 2153 1057 2207 οὐκ
1103 2148 1230 2227 ἔχον
1280 2152 1375 2212 τὰς
1428 2148 1700 2228 ἀφορμὰς,
1752 2145 1933 2221 ὥσπερ

282 2249 341 2303 τὸ
382 2251 546 2319 σῶμα
591 2244 876 2306 πλείστοις
912 2244 1217 2298 ὑποπῖπτον
1268 2244 1476 2309 κακοῖς,
1510 2238 1644 2312 ἅπερ
1693 2240 1728 2306 ἡ
1778 2236 1932 2311 ψυχὴ

284 2336 403 2392 ἄνευ
433 2342 536 2406 τῆς
567 2334 770 2396 οἲκείας
799 2332 1181 2401 ἐκουσιότητος
1214 2331 1325 2405 οὐχ
1355 2329 1636 2402 ὑπομένει,
1688 2326 1757 2380 Τὸ
1802 2328 1932 2401 γοῦν

286 2426 480 2489 ἀπαθὲς
538 2428 703 2478 τοῦτο
761 2420 840 2485 εἷς
894 2421 962 2475 τὰ
1011 2419 1184 2490 νοητᾶ
1240 2418 1523 2495 ἀφωρίσθη
1581 2416 1843 2488 θεάματα,
1896 2411 1932 2482 ἢ

283 2514 366 2568 καὶ
418 2510 567 2568 ἀπλᾶ
618 2510 763 2587 λέγει
815 2508 906 2565 καὶ
958 2507 1233 2581 ἐνδότατα,
1307 2507 1477 2562 οἳονεῖ
1548 2504 1931 2582 κρυφιώτατα·

284 2613 340 2666 τὸ
391 2608 447 2665 δὶ
478 2608 779 2678 παθητικὸν
814 2608 1005 2677 αὐτῆς,
1037 2606 1100 2661 τὸ
1133 2603 1221 2660 διὸ.
1251 2610 1357 2659 τῶν
1396 2603 1695 2673 αἰσθήσεων
1729 2599 1934 2671 δηλον-

288 2700 365 2754 ότι
411 2698 804 2768 ἀντιληπτικὸν
851 2700 959 2751 τῶν
1020 2693 1250 2768 ἔξωθεν,
1311 2691 1525 2768 δέχεται
1580 2692 1648 2746 τὰ
1705 2697 1931 2767 συγγενῆ

285 2794 448 2844 ταῦτα
511 2785 988 2863 παραπετάσματα.
1039 2788 1209 2838 Τοῦτο
1261 2781 1319 2838 δὶ
1374 2782 1543 2852 δῆλον
1606 2780 1655 2854 te
1711 2778 1785 2834 ὦν
1846 2780 1937 2834 καί

288 2899 425 2940 τινες
483 2882 590 2932 τῶν
648 2879 948 2952 προφητῶν
1008 2876 1231 2951 σαφοῦς,
1270 2869 1525 2942 δηλονότι
1554 2875 1768 2947 γυμνῆς
1797 2886 1933 2942 προ-

287 2966 686 3042 καλυμμάτων,
734 2962 1018 3039 θεολογίας
1066 2960 1380 3031 ἀκηκοότες·
1443 2962 1567 3014 οἷον
1611 2964 1789 3037 ’Ώφθη
1824 2956 1934 3013 Κό-

288 3078 400 3133 ριος
427 3063 508 3130 τῷ
554 3052 824 3131 Ἁϐραάμ,
875 3056 911 3125 ἢ
958 3055 1038 3127 τῷ
1088 3055 1314 3126 Μωυσῇ,
1346 3050 1436 3106 καὶ
1463 3052 1577 3106 εἶπε
1603 3051 1666 3105 τὸ
1709 3049 1799 3103 καὶ
1844 3048 1925 3103 τὸ·

2048 533 2350 606 sophicam
2398 534 2580 590 simul
2629 539 2686 590 et
2715 536 3256 611 demonstrativam,
3304 539 3524 612 quippe
3575 559 3699 613 quae

2045 623 2390 680 conciliatur
2415 640 2517 695 per
2538 628 2820 681 attentam
2844 626 3371 684 considerationem
3404 634 3699 687 creatura-

2046 730 2203 777 rum,
2229 718 2332 768 aut
2360 713 2567 769 divinae
2596 713 2908 785 cujusdam
2931 714 3411 789 dispensationis,
3445 718 3568 775 sive
3597 736 3701 792 per

2046 802 2462 873 speculalivam
2512 804 2944 860 enarrationem
2996 820 3197 862 eorum
3241 824 3372 879 quas
3404 808 3461 863 in
3514 809 3699 866 sacris

2046 900 2366 972 Scripturis
2397 902 2468 957 de
2502 902 2612 957 Deo
2644 902 2803 958 dicta
2820 918 2950 958 esse
2981 905 3447 975 comperiuntur.
3482 907 3550 963 Et
3573 907 3698 964 haec

2045 1006 2188 1044 sane
2219 993 2282 1044 ut
2310 990 2651 1058 evidentior,
2684 991 2802 1045 vim
2835 992 3064 1047 obtinet
3096 994 3419 1063 quamdam
3454 1011 3697 1066 persua-

2045 1077 2243 1146 dendi,
2278 1082 2372 1150 atq
2384 1094 2454 1134 ue
2473 1095 2542 1134 ex
2574 1079 2749 1135 dictis
2780 1080 3084 1135 collectam
3106 1081 3411 1138 veritatem
3431 1088 3487 1139 et
3508 1100 3701 1140 asser-

2045 1169 2185 1221 tam.
2216 1167 2554 1223 Secundum
2604 1167 2760 1223 enim
2816 1167 2925 1223 hoc
2956 1169 3175 1225 dicitur
3214 1171 3699 1244 demonstrativa,

2044 1256 2199 1326 quod
2231 1257 2583 1327 persuadeat
2631 1260 2688 1312 et
2736 1257 3068 1327 denuntiet,
3102 1264 3161 1315 et
3191 1261 3363 1332 quasi
3396 1261 3698 1319 vinculum

2045 1345 2340 1417 quoddam
2373 1350 2428 1400 et
2454 1345 2713 1418 sigillum
2749 1347 2920 1402 dictis
2944 1355 3201 1420 apponat
3224 1349 3546 1407 veritatem.
3582 1355 3698 1407 Au-

2043 1433 2333 1490 ditoribus
2359 1435 2515 1489 enim
2547 1435 2672 1490 suis
2697 1434 2830 1490 ﬁdei
2863 1452 2928 1491 ac
2952 1437 3288 1495 securitatis
3310 1438 3527 1512 pignus
3550 1457 3695 1513 prai-

2044 1528 2162 1579 stat
2191 1540 2203 1578 :
2235 1523 2351 1580 illis
2378 1540 2724 1596 suggerens,
2776 1526 2930 1596 quod
2969 1542 3184 1599 magna
3215 1528 3427 1584 debeat
3458 1530 3528 1585 de
3581 1531 3694 1587 Deo

2042 1610 2299 1685 cogitare
2330 1612 2641 1669 manifeste
2656 1618 2714 1668 et
2733 1629 2837 1685 pro
2864 1614 3071 1671 decoro
3100 1632 3219 1671 suae
3243 1616 3694 1691 magnitudinis,

2043 1717 2158 1755 non
2190 1702 2368 1756 etiam
2401 1704 2701 1773 utcunque
2733 1718 2893 1758 more
2916 1702 3073 1774 vulgi
3103 1720 3206 1760 ceu
3242 1704 3504 1777 plerique
3535 1724 3695 1764 asso-

2042 1788 2186 1858 lent,
2218 1790 2431 1862 frigide
2479 1790 2704 1845 discere
2755 1792 3077 1863 cupientes.
3112 1794 3255 1857 Quis
3301 1795 3459 1850 enim
3506 1796 3692 1853 solem

2044 1878 2200 1934 hunc
2213 1879 2642 1949 contemplatus
2662 1880 3069 1937 radiosissimo
3085 1880 3309 1939 lumine
3325 1884 3692 1955 splendican-

2043 1972 2183 2035 tem,
2219 1968 2316 2023 ubi
2343 1968 2598 2040 primum
2619 1977 2674 2024 et
2697 1975 2996 2026 auctorem
3020 1970 3160 2026 solis
3181 1976 3239 2027 et
3268 1974 3415 2028 tanti
3447 1973 3693 2033 luminis

2042 2056 2330 2113 intellexit
2359 2056 2832 2114 conciliatorem:
2876 2060 3034 2130 quis,
3068 2060 3333 2132 inquam,
3370 2080 3482 2118 non
3517 2063 3687 2121 illum

2043 2147 2245 2202 statim
2290 2148 2506 2219 cogitet
2551 2147 2787 2218 copioso
2837 2146 3063 2204 lumine
3106 2149 3529 2223 splendescere,
3570 2152 3689 2211 imo

2045 2253 2224 2309 supra
2253 2251 2432 2308 quam
2454 2236 2566 2291 dici
2596 2239 2805 2307 potest,
2828 2239 3240 2295 transcendere
3261 2239 3440 2297 solem
3467 2241 3690 2314 ipsum,

2045 2354 2151 2393 suo
2182 2336 2280 2390 illo
2312 2336 2469 2391 fonte
2493 2334 2643 2391 lucis
2665 2336 2859 2393 omnis
2879 2336 2906 2391 ?
2932 2338 3095 2404 Quod
3126 2338 3174 2395 si
3199 2338 3284 2395 sol
3313 2340 3447 2397 talis
3474 2357 3539 2397 ac
3561 2346 3693 2398 tan-

2043 2431 2176 2481 tus:
2212 2425 2479 2497 nunquid
2515 2442 2631 2479 non
2662 2424 2852 2497 ipsius
2883 2427 3075 2498 opifex
3095 2427 3183 2483 vel
3215 2432 3419 2484 tantus
3449 2430 3696 2502 cogitari

2043 2515 2262 2570 debet?
2296 2515 2438 2579 Quis
2457 2531 2683 2583 rursus,
2708 2531 2832 2584 qua1
2862 2516 3082 2584 vivunt,
3106 2517 3369 2573 efﬁciunt
3390 2519 3693 2590 quidpiam

2044 2603 2258 2675 operis,
2292 2604 2362 2659 ad
2396 2603 2515 2659 haec
2548 2608 2874 2675 moventur,
2899 2604 2999 2659 ubi
3029 2604 3234 2661 viderit
3264 2606 3544 2678 primum,
3579 2624 3696 2664 non

2044 2693 2322 2750 continuo
2338 2709 2535 2748 secum
2552 2693 2848 2764 reputabit
2862 2693 3067 2749 talium
3084 2695 3351 2766 opificem
3367 2713 3483 2767 pres
3507 2696 3600 2753 his
3615 2698 3701 2753 in-

2044 2782 2518 2855 comparabiliter
2552 2782 2698 2838 281
2728 2782 2917 2839 vivere
2940 2784 3190 2853 felicius,
3215 2787 3433 2842 moveri
3456 2787 3701 2858 insuper

2044 2891 2226 2945 supra
2240 2872 2525 2928 motiones
2540 2878 2758 2927 natura:
2772 2873 3018 2929 conditae
3032 2876 3700 2945 eminentius,nimirum

2044 2980 2152 3019 sua
2184 2961 2371 3034 ipsius
2404 2961 2901 3034 contemplatione
2936 2978 2997 3019 se
3029 2968 3357 3021 moventem
3381 2967 3408 3021 ?
3441 2965 3699 3038 Denique

2044 3051 2178 3123 quis
2211 3068 2326 3107 non
2351 3050 2435 3107 sic
2456 3050 2854 3122 praecellenter
2875 3059 3215 3124 operantem
3239 3054 3583 3121 admiretur,
3608 3058 3698 3110 at-

282 3148 368 3201 καὶ
432 3147 641 3222 ἐγένετο
701 3143 865 3220 Λόγος
926 3142 1130 3218 Κυρίου
1183 3141 1319 3216 πρὸς
1372 3141 1462 3195 τὸν
1508 3140 1820 3216 προφήτην,
1874 3136 1927 3222 εν

2046 3158 2159 3213 que
2189 3142 2568 3210 Obstupescat
2596 3157 2773 3211 supra
2806 3142 3107 3198 modulum
3151 3149 3432 3200 creatures
3474 3144 3696 3200 totius?

285 3220 488 3297 ἑαυτοῖς
534 3233 933 3289 ἀναπλάττουσι
981 3230 1149 3285 τύπον
1205 3230 1366 3298 τινὰ,
1425 3226 1687 3298 δηλονότι
1735 3220 1928 3295 εὐσεϐῆ

286 3324 531 3399 θεωρίαν,
582 3324 669 3378 καὶ
723 3326 792 3395 τῇ
844 3320 959 3391 θείᾳ
994 3319 1145 3396 φύσει
1203 3317 1561 3387 κατάλληλον
1611 3318 1742 3388 (30).
1807 3319 1928 3376 Πῶς

283 3413 380 3489 γὰρ
433 3415 495 3468 ἄν
547 3434 629 3475 τις
678 3411 877 3485 ἒτέρως
926 3406 1363 3484 χειραγωγηθείη
1404 3407 1541 3480 πρὸς
1591 3404 1779 3474 νόησιν
1831 3410 1931 3473 τῆς

281 3511 581 3587 εἶ’ρημὲνης
629 3506 915 3584 θεολογίας
942 3527 955 3577 ;
989 3507 1094 3563 Καὶ
1143 3505 1277 3560 αὐτά
1320 3502 1376 3559 δὲ
1403 3504 1469 3558 τὰ
1497 3503 1766 3577 κτίσματα
1794 3522 1932 3577 προ-

276 3596 601 3671 ϐέϐληνται,
654 3597 820 3653 οἱονεὶ
866 3596 1179 3669 πρόκεινται
1228 3598 1335 3648 τῶν
1387 3591 1631 3666 ἀοράτων
1683 3589 1772 3645 καὶ
1803 3609 1931 3659 νοη-

275 3694 387 3744 τῶν
420 3691 554 3762 (3H.
589 3686 692 3744 Καὶ
721 3690 884 3741 τοῦτο
909 3684 985 3758 μὴ
1022 3682 1185 3758 μόνον
1216 3683 1244 3737 ὁ
1278 3686 1421 3746 θεῖος
1442 3679 1749 3740 ἀπόστολος
1783 3681 1928 3732 Παῦ-

281 3777 381 3840 λός
434 3799 624 3855 φησιν,
672 3778 799 3833 ’Ότι
842 3775 911 3829 τὰ
957 3772 1159 3847 ἀόρατα
1206 3770 1371 3826 αὐτοῦ
1403 3769 1453 3825 ἐν
1506 3774 1622 3831 τοῖς
1656 3769 1929 3840 ποιήμασι

273 3867 550 3940 νοούμενα
597 3866 910 3939 καθορᾶται·
958 3861 1105 3917 ἀλλὰ
1150 3860 1239 3916 καὶ
1285 3858 1445 3922 αὐτὸς
1495 3859 1522 3913 ὁ
1570 3856 1786 3927 ἀληθὴς
1818 3855 1930 3910 Λό-

272 3978 371 4033 γος
403 3957 431 4011 ὁ
468 3954 670 4030 Κύριος
713 3954 875 4026 ⁴ὴμῶν
925 3953 1136 4022 Ἰησοῦς
1184 3948 1445 4023 Χριστὸς,
1490 3948 1613 4001 ὅταν
1649 3945 1802 4022 λέγῃ·
1866 3944 1929 4002 Εἰ

267 4048 337 4102 τὰ
398 4045 614 4120 ἐπίγεια
694 4044 842 4098 εἷπον
917 4041 1091 4113 ὑμῖν,
1165 4040 1255 4094 καὶ
1313 4036 1378 4092 οὗ
1430 4036 1707 4092 πιστεύετε
1740 4078 1754 4103 ,
1811 4039 1929 4097 πῶς

278 4136 376 4191 ἐὰν
438 4136 509 4188 τνὶ
564 4132 863 4207 ἐπουράνια
911 4128 1047 4184 εἷ’πω
1092 4129 1243 4200 ὑμῖν,
1290 4126 1635 4195 πιστεύσετε;
1697 4125 1789 4179 Διὸ
1837 4123 1929 4179 καὶ

269 4226 324 4278 οἱ
356 4228 668 4299 προφῆται,
718 4223 794 4285 πῆ
832 4219 924 4291 μὲν
954 4215 1257 4277 πολιτικῶς
1296 4216 1385 4270 καὶ
1436 4214 1676 4285 ἐννόμως
1707 4213 1929 4268 ἐπισκο-

266 4298 634 4384 ποῦσινβὲ),
692 4310 780 4363 ὅτε
831 4305 978 4381 λέγει
1024 4306 1051 4359 ὁ
1098 4304 1342 4365 Ἡσαΐας·
1398 4304 1495 4357 Καὶ
1554 4299 1702 4357 δεῦτε
1747 4298 1928 4356 διαλε-

270 4404 524 4477 χθῶμεν,
558 4397 702 4474 λέγει
760 4395 987 4469 Κύριος·
1046 4397 1206 4447 τοῦτο
1262 4393 1362 4468 γάρ
1422 4390 1536 4446 ἐστι
1591 4392 1652 4445 τὸ
1706 4396 1806 4459 τῆς
1836 4410 1933 4444 πο-

2043 3244 2105 3293 Et
2121 3240 2241 3293 haec
2257 3238 2427 3309 plane
2441 3238 2641 3293 divina
2664 3255 2728 3293 su
2741 3239 2985 3308 ntjuxta
3001 3256 3281 3313 magnum
3301 3241 3469 3298 illum
3484 3242 3698 3314 Grego-

2043 3328 2294 3382 rium.Et
2324 3327 2462 3382 talis
2486 3328 2722 3398 quidem
2755 3327 3201 3399 theologiajure
3223 3330 3400 3386 altera
3425 3335 3699 3387 censetur

2040 3415 2424 3485 evidentior,a
2455 3420 2666 3469 natura
2696 3431 2895 3470 rerum
2931 3418 3696 3488 eonditarum,conditorem

2040 3506 2239 3576 ipsum
2290 3504 2752 3560 demonstrative
2780 3504 3099 3577 colligens;
3158 3523 3339 3578 quare
3397 3504 3698 3585 φιλόσοφος

2043 3592 2250 3648 merito
2282 3591 2517 3658 dicitur,
2568 3592 2677 3647 hoc
2727 3601 2817 3647 est
2847 3593 3117 3650 studiosa
3148 3596 3489 3668 sapientiae;
3541 3598 3697 3669 quod

2041 3682 2395 3755 perlibenter
2425 3682 2777 3736 immoretur
2808 3682 3247 3741 considerandae
3276 3687 3484 3743 natives
3517 3686 3699 3743 indoli

2040 3774 2651 3841 creaturarum,atque
2682 3770 2821 3827 hinc
2854 3772 3114 3828 divinam
3142 3777 3697 3833 commentationem

2038 3860 2216 3927 elicit,
2250 3864 2523 3916 naturam
2555 3861 2745 3931 ipsam
2793 3865 3336 3919 transcendentem.
3371 3868 3571 3922 Altera
3603 3867 3698 3921 ni-

2040 3950 2253 4004 mirum
2286 3948 2609 4021 symbolica
2632 3966 2747 4004 non
2775 3950 2951 4005 habet
2971 3952 3086 4007 tale
3117 3952 3366 4024 aliquid,
3395 3971 3509 4025 quo
3540 3956 3695 4011 nita-

2039 4044 2137 4095 tur
2183 4040 2257 4094 ad
2308 4039 2822 4110 persuadendum;
2884 4040 2984 4095 sed
3013 4043 3315 4097 efﬁcacem
3372 4045 3692 4114 quamdam

2037 4128 2179 4194 vim,
2240 4128 2498 4182 divinam
2546 4127 2807 4196 quidem,
2860 4130 2959 4184 sed
3012 4130 3321 4187 obscuram
3366 4150 3431 4188 ac
3460 4133 3689 4202 plenam

2041 4218 2278 4283 laboris,
2328 4233 2456 4287 quae
2484 4216 2714 4270 animas
2748 4216 3127 4287 mysticarum
3163 4235 3355 4274 rerum
3393 4222 3691 4279 studiosae

2040 4312 2215 4377 atque
2246 4321 2450 4361 earum
2520 4303 3003 4376 contemplationi
3036 4308 3260 4375 affixas,
3295 4325 3397 4379 per
3426 4311 3691 4381 mystica,

2040 4396 2146 4450 hoc
2176 4400 2266 4449 est
2313 4393 2580 4465 symbols
2627 4393 2940 4465 aenigmata
2989 4395 3175 4453 solide
3228 4399 3587 4468 communit;
3639 4405 3697 4456 et

269 4476 482 4551 λιτείας
529 4487 621 4543 καὶ
650 4490 757 4541 τῶν
789 4485 976 4557 νόμων
1005 4484 1141 4553 (33)·
1193 4487 1269 4550 πῆ
1323 4477 1380 4535 δὲ
1421 4483 1787 4552 καθαρτικῶς,
1843 4476 1930 4533 ὅτε

2043 4484 2098 4537 in
2122 4484 2239 4538 Deo
2262 4481 2434 4553 quasi
2460 4480 2657 4536 stabili
2692 4481 3075 4540 fundamento
3101 4485 3345 4543 collocat
3366 4504 3468 4560 per
3480 4504 3547 4544 ea
3568 4504 3696 4560 qua

271 4581 649 4655 παραινοῦσιν·
711 4575 780 4632 Οἱ
830 4570 1094 4647 διψῶντες
1149 4568 1441 4644 πορεύεσθε
1496 4566 1577 4645 ἐφ’
1635 4565 1780 4641 ὕδωρ
1839 4566 1930 4622 καὶ

2042 4572 2203 4626 nullo
2228 4572 2514 4625 docentur
2551 4586 2847 4639 sermone,
2893 4574 3208 4644 mysteria;
3257 4576 3433 4647 idque
3465 4575 3698 4633 silentio

270 4666 566 4735 λούσασθε,
616 4662 841 4738 καθαροὶ
890 4662 1104 4735 γένεσθε
1133 4701 1146 4726 ,
1208 4656 1345 4728 καὶ,
1406 4655 1743 4731 ΙΙροσὲλθετε
1788 4656 1927 4719 πρὸς

272 4757 462 4826 αὐτὸν,
506 4754 595 4808 καὶ
649 4751 956 4826 φωτίσθητε
1008 4749 1142 4821 (34).
1188 4749 1371 4804 Ταῦτα
1400 4745 1504 4821 γὰρ
1568 4743 1669 4800 εἱσι
1719 4743 1786 4798 τὰ
1828 4749 1928 4813 τῆς

269 4850 627 4911 διδασκαλίας
678 4850 767 4904 καὶ
813 4852 915 4913 τῆς
961 4846 1292 4919 καθάρσεως.
1326 4845 1540 4898 Ἐκεῖνα
1568 4840 1701 4917 γοῦν
1725 4841 1793 4896 τὰ
1826 4862 1928 4895 πο-

268 4942 460 4997 λιτικᾶ
489 4941 579 4995 καὶ
629 4934 829 5010 ἔννομα
860 4935 1025 5011 λόγον
1071 4928 1366 5007 συμϐόλων
1422 4931 1702 5007 ἐπέχουσι·
1748 4930 1929 5007 παχύ-

266 5053 397 5105 τερα
445 5030 551 5105 γὰρ
606 5026 695 5083 καὶ
744 5032 884 5101 σαφῆ
938 5026 1075 5097 ἡμῖν
1127 5022 1249 5077 εἰσι·
1294 5024 1461 5076 ταῦτα
1508 5017 1565 5074 δὲ
1610 5020 1676 5075 τὰ
1725 5031 1926 5093 καθαρ-

267 5122 396 5177 τικᾶ
424 5119 516 5175 καὶ
547 5116 790 5194 ἄχραντα
816 5114 980 5190 λόγον
1029 5115 1241 5191 γυμνῆς
1292 5105 1585 5183 συμϐόλων
1639 5107 1925 5184 θεολογίας

270 5210 557 5286 ἐπέχουσι.
620 5207 712 5262 Διὸ
768 5206 988 5260 κάκεῖνα
1051 5202 1145 5276 μὶν
1189 5199 1540 5275 ἀνθρωπίνως
1572 5200 1606 5269 ἢ
1661 5198 1753 5253 καί
1811 5220 1928 5262 πως

274 5297 679 5373 ὑψηλοτέρους·
738 5298 900 5350 τοῦτο
947 5291 1050 5368 γάρ
1111 5290 1220 5346 ἐστι
1278 5290 1338 5344 τὸ
1401 5287 1600 5362 μέσως·
1646 5292 1813 5342 ταῦτα
1871 5286 1928 5342 δὲ

274 5387 640 5460 ὑψηλοτέρως
666 5383 753 5439 καὶ
777 5382 1255 5456 τελεσιουργικῶς.
1290 5378 1526 5434 Κάκεῖνα
1560 5378 1652 5450 μὶν
1688 5378 1792 5432 ἀπὸ
1821 5381 1928 5432 τῶν

270 5476 622 5552 φαινομένων
652 5473 858 5545 νόμῶν·
891 5474 1060 5527 ταῦτα
1092 5467 1148 5524 δὲ
1175 5468 1281 5523 ἀπὸ
1302 5472 1409 5522 τῶν
1440 5466 1655 5543 ἀφανῶν
1688 5468 1926 5539 θεσμῶν·

268 5567 339 5619 τὰ
368 5566 471 5641 γὰρ
500 5569 601 5621 τοῦ
645 5561 884 5618 παλαιοῦ
932 5559 1104 5633 νόμου
1144 5556 1439 5636 φαινόμενα
1485 5553 1929 5631 ἐξαγγέλλονται,

270 5655 490 5733 ἀφανῶς
548 5651 605 5709 δὲ
650 5656 900 5709 νοοῦνται
938 5693 950 5708 .
1004 5648 1152 5705 Ἐπεὶ
1192 5644 1310 5710 πῶς
1362 5646 1457 5708 τὰς
1504 5646 1780 5716 νηστείας,
1839 5644 1928 5699 καὶ

2036 4667 2209 4731 atque
2240 4659 2591 4714 revelatione
2623 4659 2831 4713 divinas
2864 4659 3181 4718 illustratio
3196 4666 3309 4720 nis.
3344 4669 3410 4720 Et
3442 4670 3698 4721 mentem

2038 4750 2299 4804 illustrat
2319 4748 2389 4803 ad
2416 4747 2738 4803 ineffabilia
2762 4753 3041 4821 mysteria
3064 4755 3525 4823 consideranda;
3560 4771 3699 4811 nam

2039 4855 2141 4910 per
2166 4836 2561 4892 sacriﬁcantes
2595 4836 2740 4907 (hac
2770 4839 2928 4892 enim
2964 4848 3104 4895 sunt
3126 4841 3304 4912 hujus
3336 4859 3532 4915 Opera,
3565 4844 3696 4899 ideo

2037 4936 2212 4990 etiam
2240 4932 2523 5000 τελεστική
2560 4934 2795 5005 dicitur)
2827 4935 2941 4992 Deo
2985 4938 3302 4995 familiares
3336 4942 3526 5013 magis
3558 4941 3692 4996 afﬁ-

2039 5025 2116 5080 cit
2144 5023 2329 5079 activa
2346 5021 2647 5093 qualitate,
2682 5028 2739 5078 et
2772 5025 3117 5082 formatione
3149 5028 3325 5099 (quod
3358 5030 3535 5084 etiam
3570 5027 3693 5082 ἀδι-

2039 5110 2266 5172 δάκτους
2320 5109 2715 5185 μυσταγωγίας,
2765 5112 2820 5167 id
2876 5120 2967 5169 est
3011 5132 3297 5171 sacrorum
3340 5118 3691 5174 initiatione:

2038 5220 2071 5258 a
2110 5204 2327 5257 nemine
2374 5200 2587 5256 eductas
2638 5202 2919 5270 vocavit);
2971 5204 3069 5274 qui
3121 5206 3277 5260 enim
3323 5207 3467 5262 dicis
3515 5225 3693 5264 causa

2040 5291 2330 5363 particeps
2381 5289 2888 5345 immaculatorum
2940 5293 3196 5348 efﬁcitur
3226 5297 3537 5366 donorum,
3566 5297 3695 5353 sine

2041 5385 2391 5451 praeceptore
2423 5395 2587 5432 sacra
2610 5380 2853 5433 docetur
2871 5380 3071 5453 etipso
3104 5388 3233 5438 actu
3267 5388 3692 5457 sanctiﬁcatur,

2043 5474 2345 5541 propterea
2374 5472 2429 5521 et
2461 5468 2593 5522 talis
2619 5467 2856 5538 quidem
2883 5471 3129 5543 mystica
3158 5474 3451 5548 theologia
3482 5493 3696 5547 opera-

2040 5563 2155 5627 tur,
2189 5557 2370 5611 altera
2400 5573 2530 5610 vero
2572 5556 3038 5615 consideratione
3086 5561 3217 5617 ﬁdei
3267 5567 3602 5635 persuadet,
3636 5569 3695 5620 et

2041 5648 2113 5704 ad
2172 5645 2466 5701 veritatem
2527 5645 2785 5702 adducit.
2818 5650 2993 5721 Atqui
3037 5667 3149 5707 non
3200 5652 3407 5725 legalis
3454 5654 3692 5709 traditio
