4062 6366
357 347 360 350 ι
375 303 480 358 495

1199 304 1559 355 APPENDIX
1599 306 1698 356 AD
1733 302 1978 356 OPERA
2015 303 2071 354 S.
2115 301 2426 355 DIONYSII
2467 303 2968 358 AREOPAGITE.

3683 303 3786 357 496

375 427 593 494 solum,
624 427 723 481 scd
749 429 938 496 etquae
964 423 1198 496 proprie
1220 429 1424 479 nostra
1446 430 1536 479 est
1555 425 2028 479 Christianorum

2143 421 2210 475 τὰ
2243 416 2504 490 σάϐϐατα,
2536 423 2624 476 καὶ
2652 423 2743 484 si;
2775 423 3076 494 νουμηνίας
3122 424 3515 495 νομοθετήσας,
3567 424 3788 500 ὕστερον

373 517 788 587 mysteriorum
823 531 990 570 sacra
1019 513 1316 568 institutio
1347 513 1564 569 sanctis
1605 512 1722 569 illis
1774 511 2030 582 indiguit

373 605 715 679 symbolicis
750 605 958 675 signis.
996 603 1192 674 Neque
1232 602 1288 656 id
1321 602 1706 658 admirabile:
1761 603 2023 672 quando-

376 697 613 767 quidem
638 693 829 765 angeli
863 693 976 764 ipsi
1003 709 1105 764 per
1121 691 1433 762 aenigmata
1453 693 1521 746 ad
1547 691 1878 746 divinorum
1904 706 2028 762 my-

378 785 690 840 steriorum
723 782 1116 853 cognitionem
1133 781 1460 852 provehunt
1480 797 1587 836 nos
1608 784 1665 835 et
1680 780 2026 851 perducunt-

377 875 448 930 Et
479 875 603 945 ipse
629 873 864 944 quidem
900 871 1185 925 Dominus
1218 870 1272 924 in
1310 870 1607 940 parabolis
1638 870 1807 940 quasi
1840 868 2028 940 signis

379 963 762 1034 quibusdam,
804 961 946 1015 dum
997 959 1197 1014 divina
1234 963 1531 1025 tractaret,
1563 958 1672 1012 hoc
1702 957 1900 1029 ipsum
1934 974 2028 1012 se—

383 1055 556 1107 cutus
586 1049 838 1104 videtur.
877 1050 990 1102 Hoc
1009 1047 1285 1102 nimirum
1314 1047 1616 1118 theologia
1647 1063 1833 1119 genus
1859 1047 2029 1101 lucu-

379 1142 568 1197 lenter
613 1138 920 1211 expressit,
969 1139 1111 1190 dum
1164 1138 1220 1189 in
1255 1153 1420 1191 omna
1451 1136 1730 1207 mysteria
1775 1136 2033 1190 traderet

381 1230 587 1286 divinae
619 1226 973 1299 operationis
1004 1226 1058 1279 vi
1093 1224 1356 1296 praedita,
1379 1229 1482 1279 aut
1511 1241 1639 1294 quae
1671 1223 1760 1279 sui
1790 1223 2030 1296 partici—

380 1337 483 1392 pes
513 1319 652 1374 dcos
685 1317 1100 1388 quadantenus
1133 1314 1460 1381 efﬁcerent;
1515 1314 1634 1368 sive
1683 1330 1750 1369 ea
1797 1330 1922 1384 qua:
1959 1313 2030 1368 ab

379 1409 507 1480 ipso
539 1405 786 1462 Domino
815 1405 954 1460 Jesu
989 1403 1218 1459 Christo
1251 1408 1308 1457 et
1343 1403 1452 1458 Deo
1475 1407 1679 1457 nostro
1697 1406 1862 1474 gesta
1892 1405 2033 1457 sunt

378 1513 481 1569 per
512 1496 717 1568 typicaa
747 1494 907 1549 illius
935 1509 1148 1548 mensae
1179 1491 1804 1562 apparatum.Proinde
1833 1489 2029 1562 τραπὲ-

383 1589 544 1653 (mani
579 1589 742 1640 vocat
794 1599 951 1652 eum,
1009 1582 1108 1654 qui
1141 1586 1281 1636 tunc
1311 1580 1739 1653 discipulorum
1778 1581 1906 1649 fuit,
1958 1581 2029 1634 ad

381 1690 646 1730 mensam
679 1671 839 1727 illam
894 1687 1123 1726 sacram
1172 1669 1536 1725 discubitum
1587 1668 1788 1739 simul;
1822 1673 1878 1724 et
1905 1684 2030 1740 quae

380 1780 538 1818 nunc
570 1760 852 1832 temporis
883 1761 1296 1828 conﬁciuntur,
1333 1759 1388 1812 in
1423 1775 1628 1814 mensa
1659 1759 1854 1813 divina
1877 1758 2029 1814 282

2142 508 2285 585 λέγει
2322 507 2411 563 διὰ
2437 515 2533 564 τοῦ
2567 509 2808 566 Ἠσαίου·
2859 511 2950 573 Τίς
2997 511 3099 586 γὰρ
3152 515 3320 566 ταῦτα
3361 511 3679 583 ἐξεζήτησεν
3735 513 3792 568 ἐκ

2139 602 2244 651 τῶν
2273 604 2478 674 χειρῶν
2502 600 2678 672 ὑμῶν,
2702 599 2746 653 εἰ
2776 600 2850 672 μή
2875 603 3117 676 φανερῶς
3145 600 3239 670 μὲν
3261 599 3536 674 λέγονται,
3570 601 3788 675 ἀφανῶς

2141 683 2198 740 δὲ
2254 692 2501 742 νοοῦνται
2537 709 2551 756 ;
2599 689 2688 742 καὶ
2719 688 2779 742 τὸ
2811 695 3086 762 προσῆκον
3120 687 3155 758 ἢ
3187 694 3304 751 τοῖς
3355 691 3673 765 πράγμασιν
3731 690 3781 760 ἃ,

2139 774 2577 853 κρυφιωδὲστερα
2609 774 2758 848 ὄντα,
2791 777 2964 839 οὕτως
2997 777 3357 852 ἐκφαίνονται,
3399 776 3490 833 ’ίνα
3538 781 3615 853 μή
3672 786 3790 843 τοῖς

2139 863 2375 926 πολλοῖς
2393 861 2806 936 βεϐηλωθῶσιν,
2830 868 2864 936 ἤ
2879 872 2994 928 τοῖς
3009 869 3042 935 ἡ
3055 868 3428 943 μετὲροιςνοῖς
3449 868 3538 922 καὶ
3561 871 3787 944 ψυχαῖς,

2141 951 2400 1022 δηλονότι
2449 955 2584 1009 κατᾶ
2631 956 2730 1024 τὴν
2772 959 2880 1010 τῶν
2932 953 3353 1030 ὑποδεχομένων
3406 954 3654 1028 δύναμιν·
3689 956 3788 1012 ἅλ-

2143 1041 2254 1106 λιυς
2295 1044 2397 1119 γὰρ
2447 1048 2865 1116 νομοθετοῦνται
2926 1045 2978 1098 οἱ
3037 1043 3317 1101 Ἰουδαῖοι.
3367 1046 3457 1100 καὶ
3515 1043 3704 1108 ἄλλως
3736 1049 3788 1102 οἱ

2139 1133 2276 1186 κατὰ
2318 1133 2546 1207 Χριστὸν
2594 1135 2778 1204 ἡμεῖς,
2826 1135 2925 1201 τὴν
2975 1133 3142 1202 αὐτὴν
3185 1135 3530 1208 νομοθεσίαν·
3593 1135 3789 1190 ἐκεῖνοι

2144 1221 2238 1292 μὲν
2299 1219 2350 1274 ἐν
2395 1225 2699 1296 γράμματι,
2752 1225 2916 1294 ἡμεῖς
2969 1220 3025 1277 δὲ
3082 1222 3132 1277 ἐν
3192 1223 3506 1297 πνεύματι·
3569 1225 3632 1279 οὐ
3687 1226 3786 1300 γὰρ

2141 1309 2330 1374 ἁπλῶς
2378 1311 2616 1382 ἱστορίαν
2671 1308 2842 1386 ἔχειὸ
2893 1309 3055 1388 λόγος
3111 1317 3219 1367 τῶν
3276 1318 3595 1389 προφητῶν,
3646 1313 3792 1370 ἀλλὰ

2143 1402 2377 1469 ζωτικὴν
2437 1402 2738 1456 τελείωσιν·
2793 1404 2993 1462 σκοπὸς
3050 1404 3153 1479 γάρ
3204 1403 3313 1458 ἐστι
3344 1411 3462 1468 τοῖς
3495 1405 3667 1480 ἁγίοις
3700 1404 3791 1461 ὃιςὶ

2139 1495 2244 1544 τῶν
2281 1495 2528 1564 Γραφῶν,
2556 1493 2693 1566 πρὸς
2709 1494 2808 1559 τήν
2831 1491 3051 1546 αἰώνιον
3081 1494 3222 1562 ζωὴν
3253 1492 3526 1549 τελεῖσθαι
3551 1495 3680 1557 τοὺς
3713 1493 3796 1551 δι-

2141 1579 2505 1652 δαοκομὲνους
2554 1583 2686 1654 (35).
2737 1585 2915 1635 Ταῦτα
2968 1578 3025 1635 δέ
3057 1603 3212 1658 φησι,
3245 1579 3455 1644 δεικνὺς
3484 1583 3795 1658 ἀναγκαίως

2138 1670 2236 1737 τὴν
2270 1669 2556 1745 ἀναγωγὴν
2590 1669 2641 1723 ἐν
2669 1674 2784 1731 τοῖς
2817 1669 2978 1733 θείοις
3011 1665 3203 1744 λόγοις
3233 1671 3465 1746 γίνεσθαι
3500 1676 3634 1746 (36),
3670 1675 3789 1747 Χρὴ

2139 1755 2428 1834 τοιγαροῦν
2457 1759 2543 1813 καὶ
2578 1761 2726 1830 ἡμᾶς
2774 1757 2902 1813 εἷ’σω
2933 1760 3244 1835 παρακόψαι
3302 1765 3409 1814 τῶν
3465 1758 3792 1834 συμϐόλων,

363 1855 758 1908 sacrosancta
789 1847 1068 1921 mysteria
1099 1863 1202 1919 per
1232 1847 1402 1919 panis
1443 1847 1593 1902 sacri
1626 1851 1804 1918 atque
1833 1846 2028 1902 calicis

2140 1847 2227 1901 καὶ
2261 1855 2533 1923 θεωρῆσαι
2565 1848 2700 1902 αὐτὰ
2730 1849 2804 1910 ὡς
2832 1844 3029 1922 ἔκγονα
3058 1848 3213 1903 θείων
3253 1850 3343 1904 καὶ
3375 1855 3586 1918 νοητῶν
3616 1869 3796 1925 χαρα-

380 1940 870 1997 benedictionem.
906 1937 1132 2007 Duplici
1165 1937 1403 2007 quidem
1428 1937 1651 1991 ratione
1674 1936 1753 1990 ita
1784 1935 1904 1990 haec
1937 1953 2031 1992 sa-

381 2033 683 2086 cramenta
730 2026 1143 2083 conficiuntur.
1197 2025 1320 2080 Una
1349 2031 1458 2089 est,
1492 2030 1557 2080 ut
1587 2031 1791 2080 sancta
1848 2026 1968 2079 haec
2000 2042 2034 2080 a

380 2118 723 2189 vulgaribus
751 2115 1091 2170 hominibus
1114 2114 1558 2185 distinguantur
1578 2131 1643 2168 ac
1667 2119 2030 2184 separentur,

382 2207 484 2279 qui
535 2211 836 2278 nequeunt
881 2205 1205 2276 pertingere
1253 2204 1321 2257 ad
1356 2219 1422 2258 ea
1448 2220 1574 2274 quae
1606 2203 2032 2258 consideranda

381 2301 812 2369 proponuntur,
871 2310 1122 2364 quorum
1184 2292 1410 2348 scilicet
1451 2293 1759 2364 vulgarum
1819 2292 2028 2363 gratia,

381 2386 550 2458 signa
581 2385 873 2456 ejusmodi
907 2382 1216 2454 ﬁgurativa
1242 2389 1400 2438 sunt.
1451 2382 1647 2437 Altera
1676 2387 1766 2436 est
1795 2381 2031 2452 quando

383 2477 500 2532 vita
530 2477 653 2532 hinc
676 2481 875 2531 nostra
909 2477 978 2528 ab
1010 2473 1209 2528 anima
1239 2473 1453 2543 pendet
1483 2472 1656 2527 simul
1687 2480 1740 2527 el
1768 2487 2029 2542 corpore:

383 2571 440 2621 et
460 2565 698 2636 quidem
723 2568 884 2634 parte
908 2578 1024 2617 una
1043 2561 1404 2616 individuam
1433 2567 1607 2631 atque
1631 2561 2029 2631 incorpoream

385 2655 593 2710 animm
629 2659 937 2719 naturam;
973 2650 1080 2705 hoc
1119 2655 1312 2705 autem
1349 2651 1500 2720 quod
1537 2650 1825 2704 distincta:
1859 2650 1936 2703 sit
1966 2665 2030 2703 ac

385 2742 849 2800 multimembris
896 2745 1116 2795 naturae
1148 2756 1381 2810 corpus,
1416 2743 1591 2808 atque
1622 2739 1758 2792 hinc
1789 2739 2029 2800 factum,

386 2837 451 2887 ut
487 2832 666 2886 divini
713 2831 886 2885 istius
935 2828 1287 2883 sacramenti
1337 2826 1620 2882 confectio
1670 2827 1780 2881 sub
1813 2825 2032 2897 duplici

383 2922 630 2976 materia
656 2920 1226 2990 dispensaretur,pro
1254 2916 1651 2986 qualicunque
1682 2916 1893 2969 virium
1927 2931 2029 2970 no-

382 3014 636 3065 strarum
667 3006 1312 3079 proportione,l)omino
1332 3021 1438 3058 nos
1463 3003 1693 3058 interim
1728 3004 2031 3059 erudiente

377 3114 590 3154 arcano
620 3114 726 3152 suo
760 3095 982 3152 afﬂatu.
1015 3095 1145 3149 Jam
1177 3093 1384 3148 animae
1415 3092 1887 3165 impassibilitas,
1941 3093 2028 3148 vis

2141 1939 2380 2011 κτήρων·
2427 1938 2515 1990 καὶ
2567 1939 2667 2011 γὰρ
2719 1938 2780 1991 οὺ
2834 1937 2996 2010 μόναι
3026 1939 3080 1992 αἱ
3109 1939 3478 2012 προσκυνηταὶ
3509 1946 3609 2008 τῆς
3634 1940 3794 2014 ἁγίας

2139 2024 2367 2100 Τριάδος
2394 2027 2710 2085 ὑποστάσεις
2732 2023 3036 2098 συμϐόλοις
3056 2025 3552 2082 διαποικίλλονται·
3572 2028 3662 2082 καὶ
3689 2033 3797 2104 πῦρ

2143 2115 2356 2188 λέγεται
2409 2117 2435 2170 ὁ
2481 2117 2624 2184 Θεὸς,
2676 2116 2769 2186 ὡς,
2819 2121 2930 2190 Πῦρ
2961 2115 3376 2184 καταναλίσκον,
3408 2117 3496 2171 καὶ
3531 2118 3598 2170 τὰ
3633 2116 3796 2190 λόγια

2137 2205 2334 2259 τούτου
2365 2205 2730 2279 πεπυρωμένα
2754 2224 2766 2236 ·
2793 2204 2939 2258 ἀλλὰ
2964 2207 3050 2259 καὶ
3085 2207 3136 2258 οἱ
3171 2205 3399 2279 ἄγγελοι
3433 2200 3794 2278 συμϐολικῶς

2141 2291 2548 2368 διαγράφονται·
2601 2292 2815 2366 λέγεται
2844 2293 2943 2368 γὰρ
2970 2292 3061 2348 καὶ
3091 2292 3216 2367 περί
3243 2293 3440 2348 αὐτῶν·
3497 2296 3558 2353 Ὁ
3613 2292 3791 2349 ποιῶν

2137 2381 2265 2442 τοὺς
2323 2380 2586 2456 ἀγγέλους
2639 2381 2804 2436 αὐτοῦ
2851 2381 3154 2454 πνεύματα,
3207 2381 3298 2437 καὶ
3355 2382 3482 2446 τοὺς
3530 2382 3789 2457 λειτουρ-

2138 2470 2266 2546 γους
2300 2470 2461 2524 αὑτοῦ
2494 2472 2662 2544 πυρὸς
2694 2471 2895 2546 φλόγα.
2953 2469 3107 2526 Ἀλλ’
3142 2469 3295 2542 ὅμως
3318 2473 3454 2546 πρὸς
3480 2472 3547 2525 τὰ
3580 2469 3792 2526 ὑποκεῖ-

2144 2580 2278 2630 μενα
2297 2557 2384 2612 καί
2413 2560 2462 2612 οἱ
2486 2558 2646 2612 τύποι
2670 2563 2939 2625 νοοῦνται,
2964 2559 3059 2612 κᾶν
3087 2560 3136 2615 οἱ
3160 2559 3311 2614 αὐτοὶ
3341 2561 3463 2614 εἶεν·
3488 2561 3522 2628 ἢ
3545 2563 3674 2633 γοῦν
3693 2564 3791 2614 τοῦ

2140 2648 2308 2722 πυρὸς
2341 2647 2502 2702 ε’κὼν
2558 2643 2893 2719 Λαμϐάνεται
2952 2649 3040 2703 ἐπὶ
3085 2653 3239 2719 Θεοῦ,
3287 2650 3322 2719 ἢ
3372 2650 3507 2703 κατὰ
3551 2649 3613 2703 τὸ
3658 2650 3788 2723 ὑπὶρ

2139 2736 2350 2806 νόησιν,
2375 2735 2456 2790 ὅτι
2485 2740 2590 2811 πῦρ
2624 2735 2855 2812 λέγεται·
2892 2736 3018 2792 ἀλλ’
3050 2737 3182 2812 ὑπὲρ
3214 2737 3374 2793 τοῦτό
3407 2737 3700 2798 ἐστι.Τέως
3733 2735 3791 2791 δὲ

2142 2824 2358 2899 λέγεται
2407 2829 2536 2899 πῦρ,
2597 2826 2670 2888 ὡς
2731 2824 2903 2886 αἶίτιος
2977 2826 3170 2899 πυρός.
3221 2827 3318 2880 Καὶ
3370 2826 3485 2881 ἐπεὶ
3533 2827 3596 2880 τὸ
3641 2829 3785 2880 θεῖον

2142 2915 2272 2987 ὑπὲρ
2333 2913 2520 2984 νόησίν
2584 2914 2749 2979 ἐστιν,
2816 2915 2920 2969 ἀπὸ
2995 2919 3103 2968 τῶν
3175 2915 3429 2969 αἶ’τιατῶν
3485 2915 3558 2976 ὡς
3613 2913 3790 2976 αἶ’τιος

2140 3009 2384 3071 νοεῖται,
2443 3005 2477 3071 ἣ
2523 3004 2658 3056 κατὰ
2707 3005 2806 3072 τὴν
2856 3003 3020 3057 αὐτοῦ
3070 3003 3358 3076 πρόνοιαν,
3419 3004 3496 3065 ὡς
3556 3002 3607 3057 ἐν
3669 3008 3788 3064 τοῖς

2139 3091 2538 3168 Εὐαγγελίοις,
2601 3096 2709 3166 ΙΙῦρ
2768 3091 2941 3161 ἦλθον
3001 3091 3186 3168 βαλεῖν
3231 3091 3318 3147 ἐπὶ
3376 3099 3475 3161 τῆς
3523 3099 3664 3167 γῆς·
3722 3093 3786 3147 τὸ

375 3203 586 3259 nempe
617 3185 805 3258 ipsius
864 3183 1262 3240 intellectilis:
1317 3199 1431 3237 non
1472 3183 1621 3253 quod
1655 3183 1895 3238 omnino
1946 3182 2023 3237 sit

2138 3181 2232 3255 γὰρ
2261 3181 2623 3254 προνοητικὸν
2653 3181 2817 3236 αὐτοῦ
2865 3181 2954 3236 καὶ
3007 3181 3094 3236 ἐπὶ
3137 3189 3266 3236 πᾶσι
3326 3179 3652 3257 δραστήριον
3697 3181 3784 3235 καὶ

374 3291 580 3347 expers
613 3273 894 3347 patiendi,
948 3273 1048 3328 sed
1096 3273 1233 3343 quia
1272 3276 1646 3327 externarum
1682 3271 2020 3340 passionum

376 3364 549 3422 nullae
581 3381 642 3420 se
673 3363 920 3418 oti'erant
949 3378 1138 3416 causa
1161 3361 1660 3432 quemadmodum
1688 3360 1792 3417 hoc
1812 3377 2025 3433 corpus

377 3452 705 3508 innumeris
738 3450 1058 3506 obnoxium
1091 3449 1758 3520 incommodis,quorum
1793 3448 2021 3504 nullum

379 3559 620 3614 prorsus
645 3541 872 3613 cogitur
903 3540 1101 3594 anima
1131 3539 1566 3602 sustinere,nisi
1602 3537 1867 3593 ultronea
1898 3555 2025 3610 pro-

382 3631 576 3703 priave
617 3629 914 3684 voluntate
958 3644 1023 3682 eo
1073 3626 1392 3681 deflexerit.
1443 3627 1570 3681 Haec
1604 3627 1786 3697 igitur
1818 3628 2025 3682 animae

379 3721 528 3774 circa
562 3719 864 3790 passiones
895 3714 1298 3770 inﬂexibilitas
1329 3717 1397 3769 ad
1431 3716 1776 3785 spectandas
1804 3716 2026 3786 species

377 3824 507 3879 quae
538 3805 832 3862 intellectu
863 3804 985 3859 solo
1009 3804 1608 3875 comprehenduntur,
1644 3809 1910 3873 sejuncta
1939 3809 2028 3859 est

374 3903 431 3952 et
463 3897 800 3968 disparata;
836 3910 985 3964 quas
1014 3894 1256 3963 quidem
1289 3892 1540 3948 visiones
1571 3893 1870 3964 simplices
1901 3909 2027 3948 esse

2135 3267 2464 3344 διακριτικὸν
2515 3274 2621 3341 πῦρ
2670 3269 3014 3342 ὀνομάζεται·
3061 3272 3096 3340 ἢ
3147 3271 3283 3325 κατὰ
3326 3270 3419 3324 τὸν
3476 3269 3659 3344 λόγον,
3712 3269 3785 3330 ὡς

2133 3359 2280 3432 παρὰ
2331 3363 2409 3430 τῷ
2456 3359 2710 3431 Ἱερεμίᾳ·
2759 3360 2884 3433 Οὐχ
2933 3359 3106 3422 οὕτως
3153 3359 3204 3413 οἱ
3251 3358 3406 3434 λόγοι
3441 3379 3566 3431 μου,
3601 3357 3783 3432 ὥσπερ

2135 3452 2240 3519 πῦρ
2277 3467 2290 3514 ;
2342 3445 2485 3522 λέγει
2535 3447 2746 3522 Κύριος·
2801 3445 2890 3501 διὰ
2936 3450 2998 3502 τὸ
3049 3448 3284 3521 καθαρὸν
3320 3449 3520 3517 πάντη,
3551 3447 3639 3502 καὶ
3667 3447 3782 3501 ἀκί-

2136 3533 2365 3606 ϐδηλον·
2419 3536 2593 3596 καθὼς
2641 3536 2729 3590 καὶ
2775 3536 2920 3610 παρὰ
2948 3541 3028 3608 τῷ
3060 3535 3242 3591 Δαυίδ.
3276 3538 3357 3592 Τὰ
3385 3534 3550 3610 λόγια
3578 3535 3783 3609 Κυρίου

2135 3627 2518 3699 πεπυρωμένα,
2562 3623 2728 3699 λόγια
2786 3625 2939 3699 ἁγνά.
2994 3623 3150 3680 Ἀλλ’
3178 3625 3320 3679 οὕτω
3375 3627 3468 3697 μὲν
3539 3624 3626 3679 ἐπὶ
3685 3630 3785 3679 τοῦ

2135 3719 2288 3770 Θεοῦ·
2340 3712 2553 3788 λέγεται
2586 3711 2642 3767 δὲ
2691 3715 2780 3767 καὶ
2825 3712 2913 3768 ἐπὶ
2952 3719 3059 3768 τῶν
3116 3713 3366 3788 ἀγγέλων
3421 3715 3483 3768 τὸ
3539 3718 3670 3786 πῦρ,
3705 3715 3783 3776 ὡς

2137 3804 2392 3858 αἰτιατῶν
2425 3803 2483 3857 ἐκ
2511 3808 2645 3858 Θεοῦ
2675 3804 2810 3857 κατά
2866 3805 3096 3876 μέθεξιν,
3143 3805 3325 3878 ὥσπερ
3377 3801 3513 3873 δῆτα
3562 3802 3783 3877 λέγοντι

2134 3893 2222 3946 καὶ
2255 3897 2388 3969 φῶς,
2439 3892 2528 3946 καὶ
2562 3893 2672 3946 θεοὶ
2700 3891 2790 3946 καὶ
2820 3889 2998 3947 τᾶλλα
3044 3893 3110 3946 τὰ
3137 3897 3216 3964 τῷ
3246 3897 3360 3963 Θεῷ
3407 3895 3780 3966 προσήκοντα.

372 3991 429 4042 et
460 3985 701 4040 intimas
728 3983 964 4048 astruit,
1016 3980 1184 4052 quasi
1231 3998 1477 4036 arcanas
1525 3983 1778 4036 maxime
1825 3987 1881 4036 et
1930 3981 2222 4037 introrsus
2266 3983 2698 4037 delitescentes.
2742 3985 3025 4037 Caeterum
3060 3983 3313 4053 passiva,
3346 3999 3472 4053 quae
3503 3990 3670 4037 extra
3718 3999 3781 4038 se

369 4077 543 4144 ﬁunt,
576 4073 832 4128 admittit
883 4071 994 4126 sibi
1048 4076 1298 4142 cognata
1353 4070 1474 4125 haec
1517 4070 1819 4126 involucra
1867 4070 2209 4141 figurarum.
2261 4073 2468 4142 Liquet
2499 4071 2606 4126 hoc
2634 4089 2700 4125 ex
2731 4087 2818 4141 eo,
2852 4073 3003 4140 quod
3036 4072 3452 4143 prophetarum
3507 4072 3778 4127 nonnulli

368 4163 713 4235 perspicuae,
747 4161 855 4216 hoc
887 4166 977 4215 est
1007 4161 1175 4215 nudae
1226 4176 1330 4215 nec
1372 4159 1507 4214 ullis
1557 4158 1814 4214 tectoriis
1863 4160 2223 4214 adumbratae
2274 4159 2580 4229 theologite
2631 4160 2925 4215 auditores
2962 4160 3141 4215 fuisse
3171 4163 3542 4216 referuntur:
3579 4167 3643 4215 ut
3691 4168 3782 4216 est

366 4251 506 4324 quia
539 4251 825 4306 Dominus
847 4267 908 4304 se
941 4248 1244 4304 visendum
1270 4248 1534 4303 exhibuit
1562 4248 1675 4319 ipsi
1706 4247 2024 4316 Abraham,
2055 4248 2176 4302 sive
2207 4248 2378 4302 etiam
2412 4250 2613 4320 Moysi.
2647 4250 2715 4303 Et
2741 4249 2886 4302 dixit
2915 4249 3023 4304 hoc
3054 4254 3110 4304 et
3146 4250 3269 4304 hoc.
3325 4251 3394 4305 Et
3448 4251 3637 4306 factus
3690 4257 3781 4306 est

363 4359 555 4398 sermo
593 4340 819 4396 Domini
872 4340 942 4394 ad
989 4339 1144 4393 hunc
1197 4337 1564 4409 prophetam.
1624 4339 1693 4391 Et
1726 4338 1783 4390 hi
1813 4338 2049 4407 quidem
2078 4337 2135 4391 in
2171 4339 2381 4407 seipsis
2414 4355 2587 4392 unam
2623 4338 2880 4408 aliquam
2919 4339 3169 4411 affigunt
3197 4340 3512 4411 imaginem
3539 4338 3642 4394 tali
3695 4341 3779 4394 vi-

361 4431 535 4498 sioni,
567 4434 708 4500 puta
737 4427 1291 4498 contemplationem
1325 4443 1642 4497 congruam
1679 4426 1902 4497 pietati,
1936 4443 2063 4494 quae
2094 4425 2303 4480 divina:
2343 4435 2561 4481 naturae
2613 4427 2922 4498 utrobique
2965 4434 3191 4484 servata
3239 4429 3520 4499 temperie
3571 4445 3779 4484 conve-

359 4520 507 4575 niat.
544 4521 666 4583 Quo
697 4518 853 4572 enim
889 4523 1056 4587 pacto
1089 4515 1236 4571 alias
1266 4517 1398 4586 quis
1431 4516 1617 4586 possit
1649 4516 1968 4571 manuduci
2001 4517 2069 4569 ad
2107 4518 2453 4587 praescripta
2486 4516 2788 4586 theologia:
2839 4516 3335 4589 intelligentiam?
3367 4520 3508 4588 Ipsae
3569 4518 3778 4573 etiam-

359 4625 502 4664 num
540 4613 820 4661 creatura:
854 4609 1294 4675 prazponuntur,
1326 4609 1381 4658 et
1412 4605 1578 4674 quasi
1609 4607 1922 4675 praejacent
1971 4605 2366 4660 invisibilibus
2397 4612 2453 4660 et
2484 4605 2974 4675 intelligibilibus.
3012 4607 3194 4677 quue
3226 4623 3339 4661 non
3375 4606 3536 4662 solus
3566 4611 3782 4662 astruit

356 4694 727 4753 admirabilis
787 4694 884 4749 ille
951 4693 1250 4765 apostolus
1305 4693 1524 4748 Paulus
1581 4695 1816 4750 dicens:
1878 4695 2031 4764 Quid
2083 4694 2393 4749 invisibilia.
2446 4693 2618 4765 ipsius
2656 4711 2753 4764 per
2795 4711 2878 4760 ea,
2925 4712 3041 4765 qua
3082 4698 3232 4767 facta
3291 4701 3445 4766 sunt,
3490 4696 3779 4752 intellecta

355 4783 774 4856 conspiciuntur
803 4782 900 4854 (in)
929 4781 940 4835 l
975 4783 1075 4837 sed
1109 4788 1166 4837 et
1194 4782 1447 4836 Verbum
1481 4799 1674 4850 verax,
1708 4783 1831 4854 ipse
1862 4783 2144 4838 Dominus
2180 4789 2375 4838 noster
2401 4784 2575 4838 Jesus
2615 4784 2881 4839 Christus
2932 4788 3165 4854 quando
3214 4786 3398 4851 dicit;
3447 4785 3509 4840 Si
3554 4791 3775 4840 terrena

351 4875 474 4929 dixi
493 4875 662 4937 vobis,
695 4877 744 4928 et
775 4889 887 4925 non
920 4871 1176 4932 creditis;
1235 4873 1498 4942 quomodo
1552 4873 1607 4928 si
1659 4873 1899 4926 ctetestia
1948 4872 2136 4927 dixero
2187 4873 2335 4927 vobis
2383 4873 2613 4926 credetis
2645 4874 2720 4942 (η)
2753 4873 2780 4926 ‘I
2829 4872 3049 4927 Idcirco
3093 4873 3289 4927 eximii
3336 4872 3418 4927 illi
3472 4873 3769 4945 prophetae

351 4964 564 5034 partim
599 4961 829 5033 quidem
884 4961 940 5013 in
999 4959 1188 5014 civilis
1217 4977 1282 5014 ac
1321 4961 1546 5031 legibus
1591 4961 1874 5014 institutae
1907 4960 2032 5014 vitae
2082 4976 2303 5014 morem
2352 4977 2460 5015 sua
2511 4961 2987 5032 contemplantur
3030 4963 3284 5030 oracula,
3339 4967 3405 5017 ut
3441 4979 3573 5017 cum
3628 4963 3771 5017 dicit

353 5052 577 5107 lsaiaso
604 5051 787 5107 Venite
815 5049 967 5106 283
999 5053 1052 5104 et
1081 5050 1460 5120 disceptemus,
1493 5049 1629 5104 dicit
1659 5051 1949 5104 Dominus.
1983 5049 2125 5104 Nam
2148 5049 2330 5104 ethoc
2361 5050 2429 5103 ad
2454 5048 2638 5104 civilis
2671 5051 2798 5103 vitae
2833 5050 3148 5122 legumque
3180 5051 3467 5106 rationem
3488 5053 3764 5122 pertinet.

347 5141 574 5197 Alicubi
645 5139 972 5212 purgative,
1033 5145 1098 5192 ut
1149 5155 1279 5192 cum
1315 5139 1670 5193 admonent:
1730 5139 2014 5207 Sitientes,
2046 5140 2229 5193 venite
2257 5138 2334 5192 ad
2359 5155 2568 5209 aquam
2592 5138 2668 5209 (ρ)
2696 5157 2710 5205 ;
2743 5142 2836 5194 et:
2869 5139 3181 5205 Lavamini,
3215 5141 3421 5194 mundi
3450 5144 3620 5195 estote
3647 5143 3764 5212 (q);

348 5236 404 5285 et
431 5247 442 5285 :
476 5231 718 5283 Accedite
746 5228 816 5282 ad
841 5246 985 5298 eum,
1017 5232 1067 5283 et
1121 5228 1531 5282 itluminamini
1572 5228 1663 5297 (r).

1723 5228 1853 5282 Haec
1909 5226 2064 5282 enim
2127 5229 2452 5282 doctrinam
2515 5228 2837 5298 respiciunt
2885 5228 3061 5284 simul
3103 5235 3159 5284 et
3197 5229 3614 5300 expiationem.
3659 5229 3764 5285 Illa

349 5317 550 5388 igitur,
584 5334 714 5387 quae
744 5317 981 5386 politica
1038 5319 1200 5382 sunt,
1247 5321 1304 5369 et
1362 5315 1556 5386 legum
1618 5315 1933 5370 formulam
1966 5316 2300 5386 praeferunt,
2361 5318 2644 5372 rationem
2703 5317 2970 5372 obtinent
3002 5318 3350 5390 signorum;
3407 5323 3549 5373 sunt
3605 5323 3758 5374 enim

345 5406 642 5462 crassiora
674 5405 961 5476 nobisque
993 5404 1299 5460 manifesta
1331 5405 1629 5460 omnibus.
1665 5407 1800 5469 Quae
1836 5421 1967 5459 vero
2017 5405 2378 5477 purgatoria,
2434 5406 2716 5461 rationem
2768 5408 3069 5462 continent
3126 5407 3296 5462 nuda:
3345 5405 3504 5463 illius
3561 5408 3759 5479 signo-

415 5623 514 5697 (m)
549 5622 716 5678 Rom.
750 5639 790 5694 1,
823 5623 912 5678 20.
993 5624 1072 5696 (η)
1102 5625 1270 5682 Joan.
1307 5643 1391 5698 in,
1421 5627 1504 5681 12.
1584 5625 1661 5699 (ο)
1693 5629 1828 5697 Cap.
1864 5643 1903 5695 1,
1939 5627 2025 5681 18.

2106 5623 2182 5697 (ρ)
2215 5627 2304 5682 Isa
2333 5643 2418 5692 Lv,
2455 5627 2504 5682 1.
2583 5626 2654 5699 (q)
2687 5629 2798 5684 lsa.
2831 5645 2871 5699 1,
2904 5628 2992 5684 46.
3070 5630 3140 5702 (ν)
3172 5628 3325 5684 Psal.
3358 5645 3562 5700 χχχιιι,
3593 5630 3647 5684 6.
