4062 6366
182 535 279 593 497
973 541 1436 596 PACHYMERE
1476 543 1983 596 PARAPHRASIS
2020 544 2094 595 IN
2131 543 2288 595 EPP.
2332 544 2391 596 S.
2433 543 2764 599 DIONYSII.
3478 536 3597 605 498

178 680 299 718 rum
330 661 650 733 theologia).
690 662 939 734 Ideoque
983 662 1085 719 illa
1129 663 1366 735 quidem
1419 663 1664 718 inducta
1716 664 1989 720 videntur
2039 664 2347 720 hominum
2407 683 2589 733 more,
2622 667 2739 723 sive
2770 668 2945 724 etiam
2977 669 3364 743 aliquousque
3391 674 3582 729 subli-

178 753 337 807 mius.
372 756 483 806 Hoc
517 752 675 807 enim
710 754 929 808 indicat
964 753 1137 808 dictio
1172 752 1373 823 μέσως,
1426 753 1479 806 id
1533 758 1620 807 est
1662 754 1857 809 medie.
1908 755 2039 809 Haec
2090 772 2226 809 vero
2281 755 2601 811 sublimius
2650 762 2707 812 et
2738 758 2808 812 ad
2841 760 3253 828 perfectionem
3278 763 3579 819 efﬁcacius

175 842 542 896 inducuntur.
579 844 648 897 Et
679 841 777 897 illa
818 842 1057 913 quidem
1109 859 1141 897 a
1185 841 1521 913 conspicuis
1577 841 1808 911 legibus
1845 860 1856 898 :
1917 843 2038 898 haec
2088 848 2284 898 autem
2339 845 2411 898 ab
2462 844 2535 899 iis
2586 862 2715 915 quae
2748 862 2848 916 per
2880 863 2941 900 se
2973 864 3200 903 arcanae
3232 855 3371 906 sunt
3400 863 3455 907 et
3486 854 3577 907 di-

172 930 319 984 vinae.
385 934 612 985 Rursus
676 930 776 984 illa
809 930 1057 1001 antiquae
1098 930 1243 1001 legis
1294 932 1526 985 decreta
1571 931 1868 1001 pronalam
1919 930 2159 1000 quidem
2209 930 2578 1001 evulgantur,
2613 935 2862 988 obscure
2894 941 3088 989 autem
3141 936 3573 1009 intelliguntur.

176 1019 388 1089 Alioqui
420 1019 495 1084 is,
556 1019 657 1090 qui
718 1019 842 1091 lege
893 1020 1086 1074 sanxit
1133 1019 1384 1089 jejunis,
1438 1020 1691 1074 Sabbata
1750 1024 1805 1074 et
1856 1020 2214 1085 neomenias,
2269 1027 2469 1090 postea
2512 1038 2613 1092 per
2670 1021 2879 1077 Isaiam
2914 1035 2932 1060 ⁸
2981 1024 3064 1078 sic
3096 1024 3364 1095 loquitur
3396 1045 3407 1082 :
3440 1029 3575 1095 Qui:

173 1110 301 1163 enim
336 1111 589 1179 quaesivit
621 1109 736 1164 hac
765 1110 828 1163 de
856 1110 1111 1164 manibus
1142 1113 1354 1174 vestris,
1392 1109 1501 1163 nisi
1553 1109 1693 1179 quia
1737 1110 2045 1179 perspicue
2095 1110 2329 1179 quidem
2365 1111 2664 1175 dicuntur,
2700 1111 3113 1183 intelliguntur
3142 1119 3334 1170 autem
3368 1117 3576 1172 obscu-

174 1196 325 1251 rius?
354 1197 748 1253 Conveniebat
779 1198 1036 1269 profecto
1078 1198 1416 1253 istiusmodi
1468 1198 1666 1261 rebus,
1722 1214 1848 1268 quas
1898 1213 1999 1267 per
2043 1214 2104 1251 se
2152 1214 2287 1252 cum
2341 1198 2735 1255 abstrusiores
2779 1201 2918 1269 sint,
2956 1202 3024 1256 ad
3058 1201 3214 1258 hunc
3237 1204 3477 1258 modum
3510 1207 3575 1259 ut

172 1287 590 1357 evulgarentur,
626 1305 697 1343 ne
721 1306 754 1343 a
798 1305 973 1360 quam
1028 1287 1298 1359 plurimis
1340 1293 1792 1358 prot’anarentur
1822 1306 1837 1340 :
1865 1287 1984 1342 sive
2016 1288 2072 1341 id
2106 1287 2324 1343 nostris
2355 1291 2529 1343 etiam
2562 1290 2924 1359 congruebat
2955 1292 3227 1347 sensibus
3256 1298 3312 1347 et
3334 1276 3571 1359 animis,

171 1393 261 1446 pro
289 1376 678 1447 accipientum
708 1378 977 1433 videlicet
1007 1383 1200 1447 captu.
1237 1376 1422 1430 Aliter
1458 1378 1613 1431 enim
1664 1376 1851 1431 Judaei
1897 1393 2038 1441 suae,
2088 1377 2257 1431 aliter
2288 1394 2395 1433 nos
2428 1380 2527 1448 qui
2561 1378 2794 1433 Christo
2828 1381 3070 1435 nomina
3100 1381 3393 1449 dedimus,
3426 1382 3571 1454 legis

170 1472 364 1521 nostra
391 1467 629 1521 decreta
663 1468 1144 1538 interpretamur.
1180 1465 1270 1522 Illi
1324 1468 1477 1522 enim
1534 1466 1590 1519 in
1641 1465 1832 1520 littera
1885 1466 2000 1519 vim
2051 1483 2169 1519 suae
2217 1465 2363 1536 legis
2413 1467 2784 1522 constituunt
2818 1488 2831 1535 ;
2868 1485 2974 1523 nos
3006 1470 3063 1523 in
3096 1470 3329 1540 spiritu.
3366 1471 3567 1541 Neque

166 1556 300 1611 enim
335 1556 644 1610 historiam
693 1561 993 1627 utcunque
1041 1555 1302 1611 continet
1350 1570 1542 1609 sermo
1595 1554 1993 1625 propheticus,
2045 1555 2143 1608 sed
2193 1561 2248 1609 et
2298 1557 2354 1609 in
2398 1572 2459 1609 se
2508 1555 2680 1610 habet
2721 1558 3083 1612 reconditam
3116 1558 3404 1614 viviﬁcam
3439 1575 3563 1627 per-

173 1645 484 1700 fectionem.
546 1644 650 1699 Hic
708 1646 865 1699 enim
929 1646 1150 1700 sanctis
1182 1645 1394 1699 unicus
1428 1644 1536 1698 fuit
1566 1660 1798 1713 scopus,
1833 1648 1899 1697 ut
1929 1659 2028 1713 per
2059 1660 2155 1698 eas
2186 1645 2539 1714 Seripturas,
2561 1662 2709 1716 quas
2738 1646 3080 1702 docuissent
3100 1647 3560 1719 semel,perﬁce-

164 1739 273 1788 rent
304 1735 802 1805 proveherentque
827 1736 897 1789 ad
933 1739 1208 1788 aeternam
1271 1734 1474 1788 vitam.
1519 1734 1589 1787 Et
1642 1732 1762 1785 haec
1808 1733 2046 1802 quidem
2092 1733 2194 1800 ait,
2226 1732 2461 1787 interim
2504 1734 2783 1804 graphice
2813 1734 3118 1789 declarans
3151 1736 3557 1791 sublimiorem

166 1824 464 1894 quamdam
502 1822 953 1893 intelligentiam
984 1822 1043 1877 in
1103 1822 1318 1877 divinis
1380 1821 1697 1893 Scripturis
1742 1836 1871 1876 esse
1930 1821 2364 1891 requirendam.
2425 1822 2625 1893 Operae
2660 1823 2839 1894 igitur
2894 1825 3143 1893 pretium
3183 1825 3380 1892 fuerit,
3415 1830 3478 1878 ut
3500 1831 3559 1879 et

165 1928 253 1965 nos
290 1911 583 1980 ejusmodi
613 1911 782 1982 signa
809 1910 1312 1982 introspiciamus,
1358 1910 1535 1966 simul
1581 1919 1637 1964 et
1676 1911 1880 1965 eadem
1928 1912 2416 1981 contemplemur,
2465 1912 2634 1982 quasi
2675 1913 3008 1967 divinarum
3038 1913 3556 1985 intelligiliumque

164 2000 411 2070 germina
439 1999 788 2071 ﬁgurarum.
821 2000 947 2054 Non
1006 2000 1163 2054 enim
1207 1999 1344 2053 solas
1388 1998 1500 2052 illa:
1542 1999 1818 2053 omnibus
1860 1999 2169 2053 adorandae
2231 2005 2616 2054 sacrosancta
2661 2000 2964 2055 Trinitatis
2998 2016 3256 2071 persona:
3284 2002 3553 2072 ﬁgurati-

164 2089 233 2143 vis
262 2089 449 2158 signis
511 2089 982 2161 distinguuntur.
1044 2089 1201 2160 lgnis
1260 2088 1552 2159 siquidem
1611 2087 1823 2143 dicitur
1878 2093 2053 2156 Deus,
2114 2093 2178 2142 ut
2234 2088 2379 2143 illud
2440 2089 2586 2159 Ignis
2630 2106 2955 2145 consumens
2982 2094 3141 2157 estt;
3187 2095 3280 2145 et:
3322 2092 3553 2160 Etoquia

162 2181 316 2249 ipsius
347 2180 532 2248 ignita
562 2193 608 2231 ιι.
643 2181 749 2233 Sed
809 2177 999 2250 angeli
1058 2194 1287 2249 qusque
1345 2178 1460 2248 ipsi
1518 2176 1823 2247 figurative
1878 2178 2342 2233 describuntur:
2395 2179 2611 2233 dicitur
2667 2179 2820 2233 enim
2881 2180 2952 2234 de
2995 2179 3127 2233 his:
3159 2180 3264 2247 Qui
3288 2182 3421 2243 facit
3452 2197 3553 2234 an-

162 2268 291 2334 gelos
322 2282 445 2322 suos
487 2268 739 2336 spiritus,
796 2271 849 2321 et
904 2268 1191 2322 ministros
1244 2282 1368 2321 suos
1429 2267 1583 2338 ignis
1629 2268 1912 2334 ﬂammam
1935 2281 1979 2320 ν.
2035 2271 2309 2321 Attamen
2347 2272 2635 2337 quantum
2705 2269 2776 2323 ad
2827 2268 2948 2323 haec
3007 2269 3269 2337 subjecta
3326 2271 3555 2338 attinet,

161 2357 317 2412 etiam
380 2357 579 2428 ﬁgurae
612 2357 756 2411 satis
786 2356 1216 2425 intelliguntur,
1272 2357 1418 2410 tales
1462 2354 1595 2409 licet
1644 2356 1783 2424 ipsa:
1828 2355 1992 2411 sint:
2028 2355 2150 2410 sive
2194 2357 2350 2411 284
2398 2358 2592 2427 imago
2652 2358 2781 2427 ipsa
2820 2358 2972 2429 ignis
2998 2376 3100 2429 pro
3134 2365 3247 2412 Deo
3279 2359 3559 2429 sumitur,

158 2450 242 2500 aut
268 2446 595 2501 secundum
631 2446 688 2499 id
724 2448 880 2517 quod
914 2445 1364 2517 intelligentiam
1415 2444 1661 2507 excedit,
1713 2443 1851 2514 quia
1880 2444 2039 2514 ignis
2081 2461 2316 2515 quoque
2347 2445 2581 2501 dicitur.
2618 2446 2900 2501 Caeterum
2937 2446 3045 2501 hoc
3080 2464 3286 2501 rursus
3312 2464 3559 2517 exsupe-

157 2540 273 2589 rat:
312 2552 446 2589 nam
482 2535 647 2606 prius
677 2534 833 2605 ignis
892 2534 1130 2600 dicitur,
1191 2533 1360 2604 quasi
1421 2534 1521 2604 qui
1578 2537 1781 2587 auctor
1839 2533 1915 2587 sit
1973 2533 2148 2603 ignis
2186 2539 2253 2587 Et
2301 2535 2536 2604 quando
2584 2551 2802 2588 numen
2835 2552 3067 2590 omnem
3101 2535 3559 2606 intelligentiam

158 2625 533 2688 transcendit,
571 2624 709 2679 hinc
743 2641 772 2679 a
807 2624 984 2679 rebus
1014 2624 1225 2678 creatis
1269 2631 1333 2678 ut
1377 2639 1577 2677 earum
1621 2630 1825 2676 auctor
1869 2622 2239 2693 intelligitur,
2275 2623 2392 2678 sive
2428 2628 2664 2693 propter
2694 2623 2882 2693 ipsius
2916 2624 3368 2695 providentiam,
3404 2625 3560 2679 sicut

158 2714 206 2767 in
237 2713 564 2785 Evangeliis
600 2730 613 2768 :
646 2715 833 2781 Ignem
862 2716 992 2768 veni
1018 2716 1234 2768 mittere
1278 2715 1338 2767 in
1381 2721 1593 2767 terram
1614 2725 1655 2767 ι.
1697 2711 1827 2766 Haec
1871 2712 2028 2766 enim
2076 2712 2267 2781 ipsius
2311 2712 2695 2783 providentia,
2722 2719 3069 2784 exprompta
3100 2713 3391 2769 etalacris
3415 2730 3557 2769 cura

156 2803 428 2870 omnium,
465 2803 642 2872 inque
674 2803 1031 2875 providendo
1080 2801 1393 2857 discretiva
1439 2802 1546 2866 vis,
1608 2801 1763 2871 ignis
1810 2800 2047 2856 nomine
2095 2802 2465 2871 exprimitur.
2519 2801 2644 2856 Sive
2676 2802 2921 2872 insuper
2950 2818 3052 2872 per
3076 2802 3396 2857 efﬁcaciam
3429 2818 3555 2856 ser-

157 2892 355 2962 monis,
390 2892 892 2962 quemadmodum
927 2893 1081 2962 apud
1127 2890 1531 2946 Jeremiamy:
1580 2890 1849 2960 Nunquid
1893 2907 2005 2943 non
2046 2891 2209 2944 verba
2246 2907 2371 2945 mea
2411 2892 2571 2961 quasi
2626 2891 2819 2961 ignis?
2860 2892 2997 2945 dicit
3037 2894 3305 2946 Dominus
3338 2891 3553 2961 ;idque

154 2984 375 3050 propter
430 2979 832 3035 omnimodam
887 2980 1203 3049 puritatem
1261 2978 1805 3049 integritatemque,
1856 2980 2358 3049 quemadmodum
2417 2979 2571 3049 apud
2639 2979 2854 3032 David:
2902 2980 3135 3049 Etoquia
3177 2980 3397 3033 Domini
3428 2980 3555 3049 igne

157 3070 494 3138 examinata,
528 3069 749 3139 eioquia
780 3072 927 3123 casta
956 3084 994 3123 ι.
1039 3072 1104 3122 Et
1134 3067 1253 3122 hzec
1287 3068 1525 3138 quidem
1558 3068 1629 3121 de
1664 3072 1775 3121 Dco
1821 3067 1972 3122 dicta
2006 3067 2143 3121 sint.
2174 3065 2427 3122 Proinde
2458 3068 2528 3121 de
2559 3067 2783 3138 angelis
2815 3068 3141 3123 etiamnum
3175 3068 3329 3139 ignis
3361 3085 3552 3123 enun~

152 3156 343 3225 tiatur,
379 3162 673 3227 quatenus
704 3173 738 3210 a
768 3157 886 3211 Deo
914 3156 1156 3221 conditi,
1189 3156 1363 3225 idque
1395 3156 1721 3210 secundum
1752 3155 2263 3226 participationem
2298 3174 2309 3210 :
2345 3156 2844 3226 quemadmodum
2870 3157 3047 3210 iidem
3074 3157 3174 3211 lux
3197 3158 3557 3225 dicuntur,et

154 3244 253 3309 dii,
276 3245 522 3317 aliisque
554 3245 851 3315 ejusmodi
881 3244 1487 3316 aguominationibus,
1524 3260 1651 3314 quae
1681 3250 1796 3298 Deo
1829 3244 1939 3314 ipsi
1974 3261 2088 3298 non
2122 3245 2441 3315 incongrue
2473 3250 2804 3315 competere
2837 3250 3184 3301 noscuntur.

203 3383 436 3441 Μᾶλλον
487 3383 563 3454 δὲ,
599 3385 688 3440 ἶνα
745 3383 983 3441 συνελὼν
1035 3382 1193 3452 ε’ίπω,
1242 3385 1302 3439 τὸ
1352 3388 1456 3458 πῦρ
1510 3382 1595 3438 ἐπὶ
1644 3387 1780 3437 Θεοῦ

1967 3386 2116 3449 Quin
2147 3387 2365 3457 potius,
2400 3391 2464 3441 ut
2493 3391 2706 3441 cuncta
2737 3386 3127 3458 perstringam
3179 3388 3551 3459 compendio,

148 3474 430 3547 λεγόμενον
490 3476 607 3529 κατ’
660 3474 832 3530 αἰτίαν
913 3472 1127 3550 λέγεται
1161 3494 1173 3506 ⁶
1248 3472 1496 3529 καλεῖται
1554 3472 1652 3547 γὰρ
1712 3476 1786 3530 ὡς

152 3563 283 3617 αἰτία
312 3569 405 3618 τοῦ
449 3565 621 3638 πυρός
656 3583 669 3598 ·
716 3563 803 3618 ἐπὶ
863 3562 919 3619 δὲ
972 3568 1079 3619 τῶν
1137 3562 1313 3638 λόγων
1363 3568 1459 3618 τοῖ’)
1512 3566 1646 3617 Θεοῦ
1674 3562 1792 3625 καθ’

153 3652 358 3726 ὕπαρξιν
395 3672 408 3684 ·
440 3658 604 3709 τοῦτο
654 3650 710 3708 δὲ
760 3651 930 3729 λέγει,
981 3653 1087 3729 οὐχ
1136 3653 1218 3707 ὅτι
1268 3652 1616 3707 ἐνυπὸστατοί
1656 3651 1789 3706 εἰσιν

156 3742 203 3795 αἱ
246 3748 335 3797 τοῦ
395 3744 527 3798 Θεοῦ
578 3742 852 3817 πρόνοιαι,
909 3741 1035 3797 ἀλλ’
1094 3741 1176 3796 ὅτι
1230 3743 1334 3796 ἀπὸ
1379 3746 1511 3796 Θεοῦ
1568 3742 1667 3795 εἶσι
1699 3739 1790 3794 καὶ

159 3830 502 3907 ὑπάρχουσιν,
553 3832 659 3908 οὐχ
706 3833 781 3895 ὡς
826 3834 941 3905 (37)
996 3833 1320 3910 ὑφεστῶσηιι,
1353 3830 1478 3886 ἀλλ’
1530 3832 1604 3894 ὡς
1646 3829 1787 3904 ἐνερ-

156 3922 398 3996 γούμεναι
434 3942 446 3954 ·
492 3921 579 3977 ἐπὶ
632 3920 686 3977 δὲ
734 3927 839 3977 τῶν
891 3920 1140 3997 ἀγγέλων
1190 3924 1325 3977 κατὰ
1381 3923 1586 3993 μέθεξιν
1625 3921 1786 3975 ’ἐπεὶ

155 4010 248 4085 γὰρ
276 4012 361 4066 καὶ
390 4010 647 4074 θεοειδεῖς
699 4010 976 4086 λέγονται,
1026 4012 1116 4066 καὶ
1154 4017 1250 4067 τοῦ
1291 4011 1435 4066 θείου
1472 4009 1783 4084 μετέχουσι.

155 4103 253 4171 Πῦρ
300 4098 354 4155 δὶ
406 4103 432 4156 ὁ
494 4102 623 4163 Θεὸς
681 4100 919 4175 λέγεται,
973 4105 1078 4175 πῦρ
1137 4102 1227 4155 καὶ
1281 4099 1434 4154 αὐτοὶ
1492 4097 1783 4154 καλοῦνται

153 4190 273 4243 κατᾶ
317 4193 413 4259 τὴν
484 4192 745 4265 μετοχήν.
820 4191 1062 4264 Διασὲρει
1138 4187 1195 4243 δὲ
1266 4189 1328 4243 τὸ
1386 4189 1522 4243 κατὰ
1576 4189 1782 4261 μέθεξιν

152 4278 274 4331 θεῖον
303 4284 397 4334 τοῦ
447 4281 563 4334 καθ’
624 4278 843 4354 ὕπαρξιν
892 4278 1134 4346 ἐνταῦθα,
1188 4280 1269 4334 ὅτι
1322 4280 1384 4333 τὸ
1432 4280 1567 4332 κατᾶ
1628 4279 1783 4351 μέθε-

152 4368 215 4437 ξιν
268 4366 431 4439 δηλοῖ
490 4368 677 4423 οὐσίαν
757 4370 876 4433 καθ’
946 4369 1139 4436 ἑαυτὴν
1196 4370 1355 4422 οὖσαν
1415 4367 1503 4421 καὶ
1550 4367 1782 4422 ἐπακτὸν

154 4452 361 4530 ἔχουσαν
394 4459 458 4513 τὸ
510 4456 742 4523 θεοειδές
780 4477 791 4489 ·
821 4459 885 4512 τὸ
938 4456 995 4512 δὲ
1042 4459 1158 4512 καθ’
1209 4457 1455 4533 ὕπαρξιν,
1509 4461 1720 4528 πνεῦμα
1747 4454 1782 4526 ἦ

153 4541 312 4619 λόγιον
364 4554 531 4615 θεῖον,
583 4548 857 4602 τουτέστιν
913 4547 972 4601 ἐκ
1032 4550 1165 4602 Θεοῦ
1218 4546 1496 4620 παραχθὲν
1548 4545 1639 4599 καὶ
1698 4543 1781 4599 λε-

152 4634 262 4708 χθὲν
479 4636 636 4693 Οὕτω
682 4637 785 4713 γὰρ
832 4636 892 4690 οὐ
945 4635 1315 4713 συμφύρονται
1376 4637 1426 4689 οἱ
1480 4634 1633 4710 λόγοι
1672 4640 1778 4689 τῶν

1904 3475 2057 3547 ignis
2083 3476 2176 3529 hic
2206 3476 2275 3529 de
2310 3477 2422 3530 Deo
2472 3474 2688 3543 dictus,
2730 3477 3058 3531 secundum
3091 3494 3327 3531 causam
3362 3494 3550 3531 enun-

1903 3566 2100 3620 tiatur.
2138 3565 2391 3620 Vocatur
2440 3564 2596 3619 enim
2649 3566 2800 3620 sicut
2850 3570 3070 3630 auctor,
3105 3566 3175 3621 ab
3223 3565 3353 3637 ipsa
3396 3567 3552 3637 ignis

1902 3654 2216 3709 creatione.
2276 3655 2349 3709 De
2398 3652 2779 3725 providentiis
2829 3658 3019 3709 autem
3071 3672 3137 3709 ac
3184 3655 3376 3710 verbis
3424 3656 3548 3721 Dei,

1900 3745 2229 3799 secundum
2255 3744 2674 3799 substantiam.
2708 3744 2825 3798 Hoc
2849 3760 3018 3814 porro
3044 3744 3184 3798 dicit
3213 3745 3398 3815 Pater,
3432 3762 3547 3800 non

1902 3834 2055 3905 quod
2090 3833 2149 3887 in
2174 3848 2236 3888 se
2281 3832 2674 3888 subsistentes
2711 3832 2828 3887 sint
2859 3832 3231 3905 providentiae
3264 3833 3363 3888 Dei
3398 3852 3410 3889 :
3444 3834 3544 3889 sed

1899 3921 2039 3993 quia
2070 3939 2101 3976 a
2133 3922 2246 3976 Deo
2278 3927 2437 3990 sunt,
2467 3927 2523 3977 et
2553 3922 2862 3988 exsistunt,
2890 3939 3002 3976 non
3028 3922 3197 3993 quasi
3220 3922 3547 3977 subsisten-

1898 4017 2008 4081 tes,
2034 4012 2132 4065 sed
2162 4019 2225 4066 ut
2254 4011 2566 4066 efﬁcaciter
2587 4016 2915 4083 operantes.
2948 4012 3075 4067 Jam
3103 4028 3238 4067 vero
3269 4012 3340 4066 de
3367 4028 3543 4084 ange-

1898 4102 1969 4155 lis
2003 4101 2355 4173 przedicatur
2376 4101 2697 4155 secundum
2728 4099 3254 4171 participationem,
3278 4101 3544 4172 quando-

1896 4190 2133 4262 quidem
2158 4190 2470 4244 deiformes
2493 4188 2791 4255 dicuntur,
2815 4192 2867 4242 et
2898 4187 3107 4244 divina:
3131 4189 3545 4260 quadantenus

1896 4284 2196 4334 consortes
2225 4282 2465 4333 naturas.
2504 4277 2661 4344 Ignis
2693 4276 2950 4348 profecto
2978 4277 3128 4332 Deus
3151 4277 3274 4348 ipse
3292 4278 3539 4335 dicitur:

1897 4369 1994 4422 sed
2030 4370 2085 4422 et
2115 4366 2307 4438 angeli
2339 4365 2495 4437 ignis
2525 4369 2829 4433 vocantur,
2857 4366 2991 4436 jure
3024 4364 3339 4437 participii.
3367 4366 3542 4421 Caete-

1894 4457 2026 4511 rum
2062 4456 2338 4511 divinitas
2369 4456 2512 4521 haec,
2537 4471 2663 4526 quae
2684 4455 3006 4509 secundum
3034 4454 3539 4527 participationem

1893 4545 2129 4611 dicitur,
2164 4546 2234 4600 ab
2270 4562 2335 4599 ea
2368 4543 2425 4597 in
2464 4544 2823 4599 immensum
2858 4544 3074 4611 differt,
3105 4561 3235 4616 quas
3266 4545 3539 4617 praesenti

1890 4636 2016 4691 loco
2050 4635 2398 4706 praedicatur
2424 4635 2746 4688 secundum
2782 4634 3174 4689 substantiam
3205 4650 3217 4687 :
3252 4635 3390 4706 quia
3411 4652 3541 4706 quae

154 4719 483 4795 συμϐολικῶν
519 4723 803 4798 ὀνομάτων
840 4744 850 4755 '
905 4723 1051 4779 ἀλλᾶ
1080 4724 1465 4797 προσηκόντως
1494 4729 1610 4786 τοῖς
1648 4725 1778 4778 ὑπο-

1896 4724 2297 4797 participative
2329 4723 2580 4794 capitur,
2623 4723 3013 4778 substantiam
3056 4723 3315 4779 declarat
3346 4740 3447 4795 per
3477 4741 3540 4779 se

150 4814 397 4885 κειμένοις
445 4819 693 4870 νοοῦνται
729 4834 740 4844 ·
778 4814 852 4877 ὡς
907 4814 1033 4891 φερε
1084 4814 1251 4868 εἰπεῖν
1304 4813 1387 4867 ἐπὶ
1440 4818 1534 4868 τοῦ
1579 4814 1776 4891 φωτὸς,

152 4906 244 4976 τῶς
298 4902 517 4980 λέγεται
574 4905 600 4958 ὁ
659 4905 811 4971 Θεὸς,
896 4902 1041 4959 ἀλλὰ
1112 4908 1191 4975 τῷ
1267 4904 1397 4957 εἶναι
1459 4900 1631 4964 αἶ’τιος
1685 4900 1778 4956 τοῦ

150 4992 351 5066 εωτός·
414 4998 527 5071 φῶς
608 4993 675 5047 τὰ
756 4994 1153 5068 προστάγματα
1231 4996 1326 5046 τοῦ
1403 4996 1558 5063 Θεοῦ,
1636 4989 1780 5046 ἀλλὰ

834 5080 1076 5155 Εἴπομεν
1162 5079 1219 5136 δὲ
1305 5081 1582 5155 ἀνωτέρω,
1661 5085 1777 5141 πῶς

151 5166 453 5243 ἒκλαμόἀνει
516 5173 615 5240 τήν
676 5171 945 5247 ὕπαρξιν·
1028 5170 1142 5225 ἐπεὶ
1215 5173 1329 5244 φῶς
1398 5171 1425 5223 ὁ
1498 5170 1628 5230 Θεὸς
1696 5167 1781 5223 λέ-

150 5278 300 5331 γεται,
335 5259 565 5336 ὖπᾶρχει
602 5258 660 5315 δὲ
708 5261 769 5315 τὸ
827 5261 1150 5336 πρόσταγμα
1201 5257 1250 5329 ἐξ
1301 5257 1462 5313 αὐτοῦ
1506 5258 1781 5333 ταραχθὲν

151 5352 251 5421 QG):
277 5350 361 5405 καὶ
392 5352 555 5414 αὐτὸς
600 5349 831 5420 κληθείη
869 5374 875 5381 ·
937 5349 1083 5417 πλὴν
1134 5350 1194 5404 οὐ
1237 5350 1373 5404 κατὰ
1425 5348 1630 5420 μέθεξιν
1670 5368 1680 5379 ·
1718 5347 1778 5401 οὐ

148 5437 235 5512 γᾶρ
259 5460 307 5492 τι
341 5438 481 5494 ἄλλο
513 5440 570 5494 ’ὁν
606 5441 667 5493 τὸ
718 5444 1038 5512 πρόσταγμα
1075 5437 1304 5513 μετέσχε
1350 5442 1446 5492 τοῦ
1490 5438 1635 5500 θείου
1668 5459 1779 5515 φω-

150 5525 229 5588 τὸς
260 5548 270 5557 ·
317 5529 441 5584 ἀλλ’
486 5528 657 5591 οὕτως
702 5527 831 5584 αὐτὸ
880 5530 1144 5605 παρήχθη
1197 5526 1255 5582 ἐκ
1304 5532 1457 5600 Θεοῦ³
1489 5527 1578 5582 καὶ
1613 5532 1778 5597 θεῖον,

148 5082 265 5135 κατὰ
314 5084 411 5151 τὴν
500 5082 745 5155 ὕπαρξιν.

160 5774 167 5779 ⁷
206 5795 223 5821 ⁸
253 5783 361 5838 Isa.
396 5800 437 5852 1,
474 5784 559 5838 12.
644 5791 662 5827 ι
692 5783 862 5839 Deut.
912 5800 989 5851 1v,
1037 5782 1129 5839 24.

147 5864 174 5890 ι
201 5853 352 5913 Psal.
383 5873 522 5927 avu,
556 5857 644 5911 31.

1206 5780 1419 5837 nPsal.
1478 5798 1672 5852 cxvm,
1733 5781 1856 5836 440.

1891 4814 2125 4886 quidem
2147 4812 2546 4880 exsislentem,
2573 4812 2671 4867 sed
2700 4812 2935 4867 aliunde
2958 4812 3319 4867 obtinentem
3338 4812 3536 4867 asciti-

1889 4903 2029 4957 tiam
2053 4902 2215 4956 illam
2240 4900 2691 4956 similitudinem
2718 4900 3068 4955 Divinitatis.
3091 4901 3195 4956 Illa
3220 4916 3374 4965 vero,
3410 4918 3535 4972 quae

1889 4996 1978 5045 est
2008 4992 2329 5045 secundum
2355 4990 2758 5045 exsistentiam
2794 4989 3123 5061 inspiratio,
3157 4992 3213 5044 et
3233 4989 3534 5044 oraculum

1891 5081 2175 5151 divinum,
2211 5081 2318 5134 hoc
2350 5084 2438 5135 est
2470 5097 2501 5134 a
2550 5078 2666 5135 Deo
2706 5080 3059 5151 productum
3092 5082 3147 5133 et
3177 5079 3420 5133 dictum.
3457 5080 3539 5134 Ita

1890 5170 2045 5225 enim
2078 5168 2532 5241 syrnbolicorum
2558 5168 2862 5223 nominum
2887 5168 3141 5222 rationes
3166 5183 3537 5238 nequaquam

1890 5259 2242 5313 confusanee
2286 5258 2721 5329 permiscentur
2751 5275 2762 5312 :
2811 5257 2996 5329 magis
3029 5273 3163 5311 vero
3195 5256 3538 5330 intelligun-

1891 5354 1985 5403 tur
2016 5366 2117 5420 pro
2146 5349 2354 5402 decoro
2382 5347 2629 5417 subjecti
2655 5348 2946 5417 cujusque
2965 5347 3318 5417 argumenti,
3339 5364 3541 5418 quem-

1891 5439 2208 5493 admodum
2271 5439 2339 5492 de
2420 5436 2547 5491 luce
2598 5452 2835 5507 quoque
2909 5436 3289 5507 pronuntiare
3346 5436 3537 5493 liceat.

1892 5528 2010 5583 Lux
2051 5532 2207 5583 Deus
2256 5527 2381 5598 ipse
2433 5524 2674 5596 dicitur,
2726 5525 2825 5579 sed
2871 5529 3162 5596 quatenus
3214 5530 3418 5584 auctor
3456 5534 3542 5584 est

1939 5779 2145 5839 vPsal.
2193 5796 2314 5847 cm,
2363 5780 2414 5834 4.
2501 5803 2524 5830 ι
2568 5783 2705 5834 Luc.
2758 5796 2857 5847 xu,
2919 5780 3004 5833 49.
3062 5781 3231 5836 Iter.
3264 5798 3422 5849 xxm,
3446 5784 3537 5839 29.
