4062 6366
488 482 594 538 499

1310 481 1682 535 APPENDIX
1722 482 1820 535 AD
1858 481 2099 535 OPERA
2138 481 2198 533 Β.
2238 480 2551 537 DIONYSII
2590 484 3091 541 AREOPAGITE.
3765 491 3856 549 500

489 608 660 664 lucis.
696 606 819 662 Lux
844 607 985 662 item
1015 605 1117 661 Dei
1147 604 1335 677 ipsius
1358 605 1655 674 mandata,
1682 605 1780 659 sed
1805 603 2131 659 secundum

2255 600 2380 693 όπερ
2416 602 2565 693 λέγειΔ
2596 605 2624 658 ὁ
2670 606 2857 681 Πατὴρ
2906 607 3026 670 καθ’
3068 603 3315 683 ὕπαρξιν.
3369 611 3492 670 Φῶς
3537 611 3619 665 καὶ
3670 612 3854 693 ὁᾶγγι.

493 696 1211 767 substantiam.Superius
1232 699 1425 750 autem
1451 694 1671 749 dictum
1696 693 1866 748 nobis
1889 696 2143 763 est,quo-

496 787 669 842 modo
710 785 858 842 285
897 785 1313 856 interpretetur
1353 783 1701 839 substantia
1734 796 1969 836 nomen.
2000 781 2146 838 Nam

492 876 730 949 quando
762 874 862 929 lux
896 878 1045 928 Deus
1068 873 1193 944 ipse
1217 872 1550 940 dicitur,est
1580 875 1775 925 autem
1800 870 2143 925 mandatum

491 966 563 1025 ab
609 965 737 1036 ipso
779 963 1126 1036 profectum,
1171 963 1308 1032 jure
1364 961 1465 1017 lux
1514 959 1860 1014 mandatum
1912 975 2145 1030 quoque

487 1054 682 1111 vocari
710 1057 902 1125 potest
930 1073 945 1117 ς
970 1067 1158 1122 neque
1181 1057 1378 1107 tamen
1402 1050 1459 1104 id
1486 1049 1809 1104 secundum
1836 1047 2146 1119 participa-

489 1144 711 1199 tionem
744 1142 827 1196 ﬁt.
861 1141 988 1196 Non
1021 1140 1175 1195 enim
1207 1139 1361 1195 aliud
1388 1137 1612 1210 aliquid
1637 1138 1926 1193 exsistens
1948 1136 2144 1209 ipsum

491 1233 591 1289 Dei
624 1231 998 1296 mandatum,
1031 1227 1324 1301 particeps
1357 1226 1474 1281 dici
1507 1227 1716 1281 debeat
1745 1225 1954 1281 divina
1987 1225 2148 1282 illius

490 1321 676 1387 lucis;
712 1320 812 1376 sed
846 1320 929 1375 ita
960 1334 1102 1374 sane
1143 1319 1216 1373 ab
1259 1317 1388 1389 ipso
1431 1314 1825 1388 proficiscitur
1845 1315 1981 1371 Deo.
2016 1316 2149 1387 Ipsa

495 1409 749 1481 denique
768 1408 1251 1477 divinitas,quam
1274 1404 1615 1477 pronuntiat
1633 1404 1801 1460 Pater
1821 1405 2146 1460 secundum

495 1506 911 1564 substantiam.
975 1509 1095 1559 Lux
1146 1503 1350 1558 itidem
1410 1501 1674 1574 angelus,
1725 1505 1784 1557 at
1840 1500 2148 1574 participio

495 1596 728 1663 divina;
747 1593 898 1650 lucis
916 1611 981 1650 su
993 1593 1179 1665 premi
1199 1592 1541 1664 angelorum
1559 1591 1796 1647 ordines
1819 1595 1957 1646 sunt
1973 1591 2148 1645 etiam

493 1685 691 1741 lumen
724 1698 827 1755 pro
849 1684 1139 1753 cujusque
1161 1686 1218 1737 et
1240 1682 1445 1736 ordine
1468 1688 1525 1735 et
1543 1681 1751 1735 merito
1775 1700 1788 1748 ;
1820 1682 1995 1751 prout
2025 1678 2148 1751 pri-

496 1772 678 1830 mario
711 1772 799 1827 illi
829 1771 1042 1826 lumini
1095 1770 1340 1843 prOpius
1391 1769 1695 1837 accedunt,
1730 1768 2004 1839 quodque
2033 1768 2148 1824 vim

494 1862 796 1920 obtineant
816 1877 949 1917 cum
973 1858 1377 1927 illuminandi,
1397 1862 1525 1913 tum
1548 1857 1905 1930 provehendi
1928 1872 1990 1912 se
2006 1856 2148 1912 infe-

498 1952 682 2007 riores
717 1950 954 2005 ordines
987 1948 1057 2003 ad
1105 1946 1521 2003 sublimiorum
1555 1963 1751 2002 rerum
1786 1946 2145 2017 contempla-
2178 1980 2226 2045 Β

497 2041 748 2096 tionem.
814 2039 896 2093 Ad
955 2037 1113 2092 hunc
1162 2037 1405 2091 modum
1454 2036 1794 2091 istiusmodi
1842 2036 2147 2108 signorum

502 2128 745 2185 nomina
777 2144 893 2182 non
944 2126 1219 2182 indecore
1262 2125 1627 2197 explicantur
1676 2122 2002 2181 secundum
2057 2142 2150 2181 res

500 2219 824 2289 subjectae.
857 2216 1141 2270 Caterum
1174 2230 1248 2271 ne
1286 2232 1468 2287 supra
1495 2214 1827 2286 epistolaris
1859 2231 2148 2270 mensura

498 2307 716 2363 lineam
750 2305 994 2361 dicendo
1026 2303 1525 2377 pratervehamur
1557 2320 1571 2360 :
1602 2304 1955 2359 veniendum
1980 2303 2147 2360 nobis

496 2423 654 2463 nunc
670 2407 741 2461 ad
760 2404 1277 2477 interrogationem
1294 2420 1406 2475 pra
1416 2404 2149 2476 motam,propositionem-

494 2513 609 2569 que
627 2496 1003 2566 desumptam
1020 2510 1050 2549 e
1063 2493 1511 2550 Proverbiorum
1536 2492 1707 2549 libro.
1737 2492 2041 2548 Enimvero
2057 2492 2145 2547 in-

492 2584 806 2655 terrogatio
822 2588 924 2639 tua
941 2583 1076 2639 talis
1090 2589 1206 2639 est:
1235 2585 1369 2649 Qua
1395 2584 1601 2654 utique
1623 2580 2151 2653 esculento,quave

495 2674 811 2748 poculenta
860 2672 1054 2745 ipsius
1119 2676 1261 2728 sunt
1344 2672 1668 2744 sapientia.
1717 2671 1848 2727 Jam
1898 2671 1968 2726 de
2019 2669 2147 2726 cibo

494 2764 755 2838 primum
789 2762 1061 2818 dicimus.
1095 2762 1273 2818 Cibus
1315 2778 1456 2816 sane
1494 2759 1912 2832 adimpletivus
1945 2763 2035 2815 est
2066 2760 2147 2814 rei

493 2853 713 2925 indiga
747 2856 924 2923 atque
974 2850 1298 2906 deficientis
1353 2850 1602 2906 infirma
1651 2849 1969 2917 curativus,
2018 2848 2148 2903 vita

495 2942 935 2998 conservativus
968 2959 982 3007 ;
1019 2939 1120 3010 qui
1161 2940 1233 2993 ad
1280 2938 1481 2994 ﬂorem
1533 2954 1811 2994 revocans
1851 2937 2059 3007 atatis,
2093 2941 2150 2992 et

496 3030 667 3101 quasi
701 3026 1259 3094 renovans,vitalem
1286 3026 1603 3082 clementer
1624 3026 1889 3099 indulget
1919 3026 2146 3098 corpori

497 3122 983 3188 temperaturam,
1018 3132 1373 3188 omnemque
1403 3135 1433 3170 ιι
1466 3116 1637 3171 nobis
1666 3133 1908 3187 prorsus
1939 3132 2147 3171 mcero-

500 3224 623 3264 rem
663 3206 862 3278 exigit,
912 3211 968 3261 et
1014 3206 1354 3277 suppeditat
1391 3206 1847 3275 jucunditatem.
1897 3204 2147 3259 Pulchre

499 3297 815 3355 admodum
865 3294 1310 3367 sapientissima
1349 3294 1479 3366 ipsa
1526 3294 1815 3367 sapientia
1859 3298 2142 3350 craterem

496 3391 675 3456 tenet,
718 3390 775 3441 et
824 3385 1121 3457 potionem
1177 3383 1514 3455 profundit;
1563 3383 1671 3439 hoc
1721 3382 1876 3438 enim
1925 3382 2145 3437 indicat

493 3476 739 3532 verbum
773 3474 1155 3548 προνοεῖ.Ιωο
1182 3489 1314 3528 vero
1348 3476 1480 3529 ante
1511 3473 1753 3528 crateris
1782 3489 2142 3529 commemo-

492 3566 779 3620 rationem
793 3564 1012 3619 solidos
1027 3562 1187 3618 cibos
1206 3562 1843 3634 apponens,universos
1858 3561 2062 3618 invitat
2075 3562 2145 3617 ad

496 3653 738 3726 epulum
771 3669 782 3706 :
819 3652 1456 3724 ipsa,inquam,eorum
1487 3667 1684 3705 amore
1707 3655 1876 3723 capta
1895 3648 2143 3717 decenti,

496 3745 596 3815 qui
624 3744 751 3813 ejus
784 3741 1201 3813 indigent,non
1230 3747 1290 3794 ut
1314 3740 1471 3810 prior
1494 3740 1793 3807 invitetur,
1818 3743 2143 3811 exspectat;

495 3832 703 3887 invitat
723 3830 852 3902 ipsa
873 3831 1071 3901 potius
1086 3845 1188 3900 per
1201 3846 1265 3884 su
1278 3845 1493 3883 minam
1509 3845 1678 3883 suam
1701 3828 2144 3899 benignitatem.

499 3929 817 4001 Dupliciter
845 3944 983 3999 ergo
1015 3927 1307 3998 sapientia
1338 3926 1545 3993 nutrit,
1576 3942 1732 3981 nunc
1765 3926 2000 3995 quidem
2036 3924 2142 3979 ali-

499 4018 718 4087 monia,
753 4034 909 4072 nunc
938 4034 1073 4071 vero
1124 4015 1380 4087 potione.
1435 4018 1567 4085 Ipsa
1606 4015 1848 4069 crateris
1886 4014 2145 4085 profusio

497 4106 885 4179 multiplicem
903 4108 1278 4178 reprasentat
1293 4104 1668 4176 providentia
1682 4103 1871 4175 ipsius
1884 4102 2149 4175 benigni-

495 4203 699 4255 tatem.
721 4198 922 4255 Crater
941 4197 1122 4268 igitur
1146 4196 1238 4250 hio
1263 4212 1395 4250 cum
1426 4196 1503 4249 sit
1526 4195 1585 4249 in
1610 4194 1808 4249 orbem
1834 4193 2145 4263 rotundus,

493 4295 550 4345 et
580 4288 637 4343 in
668 4287 929 4360 patulam
962 4285 1409 4357 amplitudinem
1439 4300 1754 4356 expensus,
1776 4284 1988 4339 divina
2010 4299 2148 4357 erga

492 4394 697 4434 omnes
711 4375 1090 4449 providentia
1112 4373 1369 4429 declarat
1383 4376 1645 4444 apertam
1662 4370 2145 4443 explicationem:

492 4492 616 4547 qua
644 4476 885 4547 quidem
919 4474 979 4528 in
1011 4472 1357 4528 universum
1390 4487 1594 4526 omnes
1618 4470 2146 4542 circumplectitur,

493 4564 799 4634 ambitque
831 4569 1151 4617 creaturas.
1184 4560 1437 4615 Proinde
1467 4559 1656 4631 ipsam
1692 4559 1793 4615 Dei
1835 4559 2147 4631 providen-

493 4652 634 4709 tiam
670 4651 937 4705 insinuat
962 4648 1121 4704 omni
1155 4665 1399 4720 prorsus
1426 4665 1620 4703 carere
1652 4648 1942 4721 principio
1976 4664 1989 4703 :
2026 4664 2142 4703 non

2258 689 2375 763 λος,
2434 690 2581 747 ἀλλᾶ
2626 696 2759 748 κατὰ
2820 694 3029 769 μέθεξιν
3077 699 3173 750 τοῦ
3222 696 3367 751 θείου
3414 699 3585 775 φωτός
3614 720 3626 732 °
3675 689 3858 777 φῶςγαὶ

2257 778 2682 857 ὑπερϐεϐηκυῖαι
2738 790 2843 839 τῶν
2905 785 3156 861 ἀγγέλων
3222 788 3398 860 τάξεις
3454 791 3561 862 (39)
3612 794 3736 847 κατὰ
3765 797 3857 863 τὴν

2252 871 2400 941 τάξιν
2452 872 2541 926 καὶ
2587 874 2685 942 τήν
2736 874 2879 947 ἀξίαν
2926 875 3124 943 αὐτῶν,
3178 875 3260 931 ὅτι
3311 880 3391 949 τῷ
3432 877 3703 953 πρωτίστῳ
3740 887 3855 958 φωτὶ

2252 958 2640 1030 πλησιάζουσι,
2690 963 2780 1017 καί
2837 963 2918 1018 δτι
2978 962 3206 1037 δύναμιν
3248 959 3409 1040 ἔσχον
3454 971 3760 1044 φιυτιστικήν
3784 973 3857 1026 καὶ

2256 1049 2528 1125 ἀναγωγὸν
2554 1055 2662 1125 τῶν
2696 1049 3092 1129 ὑποδεεστέρων
3125 1056 3238 1129 (40)
3263 1076 3275 1089 ’
3307 1055 3396 1109 καὶ
3428 1052 3565 1111 οὕτω
3595 1061 3857 1132 προσηκόν-

2252 1159 2360 1201 τως
2391 1140 2815 1196 ἀναπτόσσονται
2860 1143 2928 1197 τὰ
2975 1147 3083 1197 τῶν
3137 1138 3431 1216 συμϐόλων
3484 1146 3708 1218 ὀνόματα
3742 1150 3856 1223 πρὸς

2254 1224 2320 1281 τὰ
2353 1226 2683 1301 ὑποκείμενα
2730 1227 3047 1305 πράγματα.
3097 1229 3254 1287 Ἀλλ’
3313 1230 3460 1293 ὅπως
3520 1234 3591 1306 μὴ
3644 1234 3759 1310 ὑπὶρ
3805 1238 3856 1292 τὸ

2260 1322 2451 1398 μέτρον
2501 1322 2761 1400 λεγοιμεν
2822 1333 2919 1396 τῆς
2967 1326 3285 1398 ἐπιστολῆς,
3335 1325 3577 1403 ἔλθωμεν
3649 1331 3727 1386 ἰπὶ
3774 1335 3856 1404 τήν

2257 1410 2546 1485 ἐρώτησιν,
2606 1413 2696 1468 καὶ
2754 1416 2815 1469 τὸ
2886 1420 2992 1470 τῶν
3063 1421 3376 1492 παροιμιῶν
3430 1413 3734 1493 πρόϐλημα.
3779 1424 3858 1477 Καὶ

2257 1499 2371 1555 ἐπεὶ
2426 1502 2489 1557 τὸ
2545 1500 2809 1577 ἐρώτημά
2864 1503 2996 1574 ἐστι,
3026 1506 3151 1560 τίνα
3206 1505 3273 1560 τὰ
3330 1500 3591 1580 ϐρώματά
3643 1509 3753 1580 εἱσι,
3786 1511 3859 1565 καὶ

2254 1589 2370 1643 τίνα
2399 1590 2464 1645 τὰ
2492 1590 2736 1663 πόματα,
2781 1590 3016 1668 λέγομεν
3057 1594 3178 1669 περὶ
3229 1600 3331 1664 τῆς
3378 1601 3581 1673 τροφῆς
3610 1616 3620 1627 ⁸
3654 1598 3857 1676 ἠτροφὴ

2255 1677 2587 1754 πληρωτική
2622 1680 2731 1736 έστι
2761 1685 2858 1736 τοῦ
2908 1679 3143 1751 ένδεοῦς,
3188 1684 3278 1738 καὶ
3330 1687 3428 1738 τοῦ
3460 1682 3701 1749 ἀσθενοῦς
3727 1687 3857 1761 θεραο

2255 1770 2507 1838 πευτική,
2566 1769 2657 1825 καὶ
2712 1777 2813 1841 τῆς
2884 1775 3029 1842 ζωῆς
3105 1773 3472 1850 φρουρητικὴ,
3525 1772 3611 1829 καὶ
3667 1772 3855 1829 θάλλειν

2255 1864 2405 1914 ποιεῖ
2458 1858 2546 1914 καὶ
2615 1861 2943 1933 ἀνανεάζειν,
3019 1863 3107 1917 καὶ
3174 1863 3276 1931 τὴν
3357 1863 3585 1932 ζωτικὴν
3644 1860 3861 1940 δωρεῖται

2257 1948 2538 2004 εὐπάθειαν
2578 1967 2590 1980 ·
2622 1950 2712 2004 καὶ
2746 1949 2937 2015 ἁπλῶς
2973 1951 3034 2005 τὸ
3087 1950 3292 2007 λυποῦν
3342 1950 3648 2021 ἀπελαύνει,
3675 1952 3755 2007 καὶ
3780 1953 3859 2020 τὴν

2258 2036 2591 2114 εὐφροσύνην
2639 2045 2896 2115 χορηγεῖ.
2946 2039 3150 2103 Καλῶς
3198 2038 3288 2095 οὗν
3339 2043 3375 2110 ἡ
3419 2040 3705 2118 ὑπερσοφος
3732 2040 3863 2117 σοφία

2256 2130 2501 2203 κρατῆρα
2529 2128 2671 2200 ἱστᾷ,
2712 2128 2802 2184 καὶ
2849 2129 2912 2184 τὸ
2959 2128 3113 2202 πόμα
3152 2130 3384 2206 προχέει
3415 2150 3427 2162 ο
3456 2134 3611 2185 τοῦτο
3651 2131 3742 2204 γάρ
3772 2128 3861 2184 ἔστι

2255 2216 2318 2269 τὸ
2349 2220 2571 2291 προνοεῖ
2617 2218 2724 2289 (41)
2760 2236 2772 2248 ⁸
2828 2216 3039 2290 μᾶλλον
3088 2215 3165 2287 δὶ,
3212 2219 3318 2291 πρὸ
3367 2221 3465 2272 τοῦ
3492 2224 3763 2293 κρατῆρος,
3788 2216 3863 2276 τὰς

2258 2306 2474 2379 στερεὰς
2555 2307 2760 2383 τροφὰς
2827 2311 3165 2381 προτιθεῖσα,
3254 2308 3494 2368 ἅπαντας
3559 2304 3864 2380 συγκαλεῖται

2255 2394 2392 2469 πρὸς
2454 2392 2718 2469 εὐωχίαν,
2778 2394 2912 2463 αὐτὴ
3000 2393 3254 2473 ἐφιεμένῃ
3332 2394 3718 2470 ἀγαθοπρεπῶς
3774 2397 3862 2447 τῶν

2258 2489 2528 2566 δεομένων
2562 2493 2731 2562 αὐτῆς
2750 2495 2862 2567 (42)
2889 2513 2901 2525 ⁸
2924 2493 3014 2548 καὶ
3034 2493 3094 2549 οὗ
3125 2492 3544 2568 παρακαλεῖται,
3567 2490 3701 2547 ἀλλᾶ
3722 2511 3863 2567 παρα-

2254 2578 2416 2635 καλεῖ
2468 2578 2538 2635 δι’
2584 2578 2746 2656 ἄκραν
2808 2581 3131 2657 ἀγαθότητα.
3181 2586 3387 2645 Διττῶς
3445 2582 3533 2637 οὗν
3581 2582 3747 2659 τρέφει
3791 2577 3862 2634 διά

2254 2691 2314 2724 τε
2348 2670 2624 2745 βρώσεως,
2658 2667 2747 2725 διά
2772 2691 2830 2724 τε
2876 2671 3109 2743 πόσεως,
3158 2672 3224 2727 Ἡ
3249 2667 3313 2725 δὶ
3343 2670 3617 2747 πρόχυσις
3645 2673 3732 2725 τοῦ
3756 2688 3865 2743 κρι-

2255 2764 2422 2832 τῆρος
2450 2758 2545 2821 τὰς
2576 2761 2947 2833 προνοητικὰς
2978 2759 3145 2830 αὐτῆς
3190 2760 3535 2835 ἀγαθότητας
3565 2759 3858 2835 παριστάνει.

2256 2850 2312 2902 Ὀ
2342 2850 2551 2924 κρατὴρ
2583 2847 2696 2921 οὖν,
2740 2849 3018 2912 κυκλικῶς
3068 2850 3373 2927 περιφερὴς
3422 2848 3496 2905 ὣν
3536 2848 3622 2904 καὶ
3650 2844 3866 2918 ἰξηπλω-

2261 2939 2440 3012 μένος,
2474 2937 2730 3009 δηλοῖτὸ
2780 2938 3178 3012 ἀνηπλωμένον
3231 2940 3320 2995 ἐπὶ
3368 2938 3568 3001 πάντας
3613 2945 3703 3007 τῆς
3749 2934 3866 3000 θείας

2255 3027 2540 3103 προνοίας,
2598 3029 2723 3097 ἥτις
2780 3029 2871 3083 καὶ
2922 3028 3112 3102 κύκλῳ
3168 3030 3343 3083 πάντα
3401 3023 3777 3105 περιλαμϐάνει
3815 3023 3868 3077 τὰ

2254 3117 2543 3191 κτίσματα.
2572 3119 2847 3193 Ἀναρχον
2884 3115 2940 3173 δέ
2989 3138 3123 3194 φησι
3163 3122 3261 3172 τοῦ
3310 3123 3449 3174 Θεοῦ
3496 3120 3593 3187 τήν
3622 3116 3866 3191 πρόνοιαν,

2258 3206 2365 3282 οὐχ
2389 3207 2472 3261 ὅτι
2502 3211 2609 3262 τῶν
2643 3203 2812 3263 ὅντων
2843 3207 3013 3282 τυχὸν
3046 3208 3337 3282 συνάρχων
3370 3211 3592 3284 προνοεῖ
3623 3207 3744 3280 (43),
3767 3198 3870 3258 οὐδὲ

2256 3297 2355 3372 γάρ
2388 3295 2497 3350 ἐστι
2526 3317 2579 3351 τι
2626 3301 2733 3351 τῶν
2783 3290 2948 3350 ὄντων
3001 3297 3332 3373 συνάναρχον
3396 3301 3465 3367 τῆ
3520 3295 3641 3371 ἁγίᾳ
3678 3295 3755 3348 καὶ
3786 3288 3869 3359 δη·

2260 3388 2556 3459 μιουργικῇ
2588 3387 2702 3457 (44)
2733 3384 2823 3440 καὶ
2854 3384 3091 3461 μακαρίᾳ
3121 3382 3316 3459 Τριάδι
3354 3405 3367 3418 ·
3405 3384 3528 3441 ἀλλ’
3554 3382 3633 3439 ὅτι
3660 3382 3741 3438 καὶ
3767 3380 3871 3455 πρὶν

2255 3471 2291 3543 ἤ
2321 3480 2672 3549 παραχθῆναι
2703 3475 2771 3528 τὰ
2818 3471 2946 3529 ὅντα
2981 3474 3032 3528 οἳ
3071 3478 3178 3530 τῶν
3213 3472 3713 3548 δημιουργημάτων
3743 3469 3869 3541 λόγοι

2257 3561 2308 3617 έν
2339 3567 2416 3634 τῷ
2446 3561 2562 3635 Θεῷ
2594 3569 2840 3635 προῇσαν
2872 3582 2885 3595 ·
2949 3562 3035 3617 καὶ
3085 3562 3135 3616 έν
3185 3568 3306 3627 ταῖς
3361 3564 3531 3625 θείαις
3576 3562 3778 3631 νοήσεσι
3818 3554 3873 3610 τὰ

2260 3650 2535 3724 μέλλοντα
2586 3653 2910 3726 παράγεσθαι
2970 3650 3386 3728 προτετύπωτο.
3448 3653 3546 3707 Διὰ
3596 3654 3746 3706 τοῦτο
3794 3645 3865 3700 καὶ

2255 3744 2288 3810 ἡ
2334 3741 2565 3817 πρόνοια
2611 3746 2706 3795 τοῦ
2762 3745 2895 3796 Θεοῦ
2953 3741 3203 3819 ἀνάρχως
3262 3743 3640 3817 προϋπάρχειν
3688 3736 3866 3813 λέγεται

2254 3830 2431 3900 πάσης
2486 3830 2587 3900 τῆς
2635 3829 2862 3892 κτίσεως
2899 3851 2925 3890 ·,
2955 3832 3213 3905 προνοίας
3260 3830 3368 3908 γὰρ
3425 3831 3492 3901 ἦν
3552 3827 3711 3897 θείας,
3762 3822 3868 3893 ἤτοι

2254 3921 2628 3992 προνοήσεῶς,
2660 3919 2749 3973 καὶ
2780 3920 2840 3973 τὸ
2893 3919 3178 3994 βούλεσθαι
3224 3924 3563 3997 παραγαγεῖν
3602 3919 3695 3985 τὴν
3725 3914 3868 3969 κτίσιν

2253 4009 2351 4076 τὴν
2381 4007 2795 4064 ἆπολαύσουσαν
2841 4014 2943 4078 τῆς
2987 4016 3363 4085 προνοητικῆς
3418 4009 3580 4064 αὐτοῦ
3632 4001 3873 4081 ἀγαθότη·

2252 4128 2347 4168 τος
2379 4108 2515 4181 (45).
2542 4108 2687 4161 Κατά
2716 4110 2877 4163 τοῦτο
2906 4110 3037 4182 γοῦν
3082 4107 3172 4162 καὶ
3223 4106 3586 4177 ἀτελεύτητος
3615 4107 3648 4173 ἠ
3680 4101 3878 4177 πρόνοια

2257 4194 2472 4268 λέγεται
2505 4194 2581 4257 εἷς
2610 4194 2738 4257 τοὺς
2785 4195 3082 4260 ἀθανάτους
3140 4195 3440 4272 ἀγγέλους,
3492 4195 3580 4251 καὶ
3614 4191 3733 4253 τοὺς
3761 4189 3878 4244 ἀπα-

2257 4285 2818 4357 θανατισθησομένους
2849 4285 3017 4358 ἡμὰς,
3063 4284 3153 4339 καὶ
3201 4284 3267 4341 τὰ
3306 4282 3378 4340 δι’
3413 4288 3561 4360 ἡμᾶς
3590 4281 3749 4358 ἀγαθᾶ
3771 4274 3876 4331 ἐσο-

2261 4373 2394 4447 μένη
2429 4375 2541 4447 (46)
2576 4394 2586 4404 ·
2618 4373 2766 4443 πλὴν
2812 4371 2997 4443 ἐπειδὴ
3046 4374 3136 4429 καὶ
3184 4374 3429 4451 πρόεισιν
3478 4376 3505 4444 ἦ
3539 4372 3776 4448 πρόνοια,
3804 4362 3876 4419 καὶ

2257 4464 2663 4541 ἀνεκφοιτήτως
2704 4462 2753 4517 έν
2798 4468 2866 4537 τῇ
2914 4463 3205 4535 ταύτότητι
3257 4462 3489 4541 έδραίως
3531 4460 3738 4539 ἵδρυται
3767 4475 3778 4488 ’
3822 4452 3874 4507 οὗ

2254 4552 2353 4626 γὰρ
2384 4549 2658 4626 διαχέεται
2717 4551 2808 4605 καὶ
2856 4550 3216 4629 ἀφανίζεται·
3272 4551 3364 4608 διὰ
3418 4556 3582 4608 τοῦτο
3639 4542 3877 4622 λέγεταιιὸ

2256 4642 2464 4717 κρατὴρ
2500 4640 2735 4695 ἑστάναι.
2796 4637 3097 4714 Οῗκοδομεῖ
3146 4639 3204 4696 δὲ
3250 4644 3285 4713 ἡ
3348 4641 3511 4721 σοφία
3560 4640 3699 4694 οἶκον
3739 4631 3875 4700 ἑαυτῇ

497 4741 653 4814 quod
682 4740 829 4795 forte
858 4736 1039 4794 simul
1062 4753 1195 4793 cum
1220 4737 1397 4793 rebus
1419 4738 1696 4793 exsistere
1719 4736 2006 4809 incipiens
2026 4736 2144 4794 illis

2255 4728 2328 4792 ὡς
2350 4732 2484 4784 εἶναι
2536 4731 2623 4784 καὶ
2671 4724 2771 4799 ἔξω
2805 4729 2989 4799 αὑτοῦ,
3038 4732 3127 4785 καὶ
3177 4730 3228 4785 ἐν
3279 4731 3449 4804 αὐτῷ.
3504 4728 3614 4788 Καὶ
3654 4724 3703 4781 ἐν
3755 4721 3878 4788 αὑτῷ

498 4827 833 4901 provideat:
858 4835 1073 4897 (neque
1102 4826 1259 4881 enim
1294 4825 1618 4897 quidquam
1649 4831 1739 4881 est
1765 4827 2145 4899 eorumdqua

496 4920 877 4985 sunt,sancta
904 4914 985 4970 illi
1014 4930 1216 4970 rerum
1259 4916 1524 4970 omnium
1549 4915 1836 4985 creatrici,
1870 4932 1936 4972 ac
1965 4916 2145 4972 beata

495 5006 764 5062 Trinitati
788 5008 1143 5061 coaternum
1163 5005 1201 5074 ε)
1228 5005 1328 5060 sed
1344 5005 1483 5075 quia
1497 5008 1842 5077 priusquam
1857 5022 1923 5061 eo
1942 5021 2145 5078 prove-

496 5095 777 5152 hereutur
799 5098 864 5149 ut
892 5097 1114 5161 essent,
1150 5092 1416 5165 ipsarum
1447 5092 1507 5149 in
1549 5094 1662 5150 Deo
1694 5095 1951 5151 rationes
1979 5100 2147 5151 erant

498 5185 651 5241 286
673 5188 1079 5240 creaturarum
1098 5181 1421 5253 ;inqueDei
1438 5188 1653 5254 mente,
1672 5201 1801 5255 qua
1828 5184 2145 5257 aliquando

495 5273 695 5327 futura
725 5274 977 5341 fuerant,
1007 5273 1131 5342 jam
1164 5277 1331 5327 erant
1353 5274 1743 5343 praformata.
1768 5275 1986 5331 Idcirco
2007 5291 2145 5347 pro-

495 5361 752 5416 videntis
775 5361 872 5415 Dei
897 5368 1030 5415 ante
1056 5376 1291 5416 omnem
1315 5362 1553 5418 omnino
1581 5368 1907 5419 creaturam
1928 5380 2141 5435 praex-

499 5450 721 5508 stitisse
747 5449 1266 5520 astruiturabsque
1290 5451 1408 5507 ullo
1433 5453 1738 5526 principio.
1764 5453 2145 5509 Providentia

501 5539 792 5611 siquidem
841 5538 1045 5592 divinae
1079 5543 1223 5605 erat,
1258 5539 1377 5596 sive
1427 5542 1655 5598 consilii
1705 5542 1881 5598 rebus
1916 5543 2145 5616 prospi-

502 5628 733 5693 cientis,
754 5627 930 5682 etiam
951 5626 1097 5682 velle
1123 5630 1438 5699 producere
1460 5633 2142 5705 creaturam,providenti

503 5715 693 5787 ipsius
732 5714 992 5771 bonitate
1040 5714 1375 5774 fruiturum.
1411 5720 1562 5777 Sane
1602 5723 1673 5776 ad
1703 5722 1860 5777 hunc
1900 5737 2142 5777 sensum

504 5805 667 5860 nullo
721 5822 952 5875 quoque
1005 5804 1116 5859 fine
1177 5806 1717 5866 Circumscribenda
1780 5810 2144 5882 providentia

2253 4816 2531 4891 έτοιμάζέι
2564 4815 2597 4870 ’ἀ
2628 4812 2751 4894 ἔφη,
2787 4816 2871 4872 ὅτι
2918 4817 3006 4872 καὶ
3069 4818 3119 4873 έν
3167 4824 3247 4891 τῷ
3279 4819 3437 4875 παντῖ
3470 4821 3505 4888 ἡ
3535 4817 3647 4873 θεία
3675 4806 3878 4886 πρόνοιά

2253 4906 2385 4975 έστι,
2418 4906 2506 4961 καὶ
2544 4906 2611 4961 τὰ
2656 4905 2831 4961 πάντα
2880 4904 3147 4982 περιέχει,
3178 4909 3268 4962 καὶ
3326 4907 3380 4963 έν
3425 4912 3505 4979 τῷ
3562 4902 3715 4960 παντὶ
3743 4893 3877 4953 οὐδὲν

2252 4996 2303 5050 ἐν
2334 4993 2513 5051 οὐδενὶ
2567 4997 2684 5051 κατ’
2736 4992 2887 5050 οὐδέν
2940 4995 3072 5062 ἔστι,
3129 4993 3346 5067 δηλαδή
3397 4996 3519 5059 καθ’
3573 4987 3873 5065 ὑπεροχήν

2254 5092 2378 5150 οὐδὲ
2406 5095 2507 5170 γὰρ
2546 5095 2682 5149 κατᾶ
2733 5092 3001 5169 στέρησιν,
3060 5089 3185 5147 οὐδὲ
3243 5092 3311 5147 δι’
3369 5090 3715 5165 ἀνυπαρξίαν,
3756 5078 3879 5139 ἀλλᾶ

2250 5185 2335 5239 καὶ
2374 5181 2445 5238 ὢν
2475 5184 2564 5238 καὶ
2601 5183 2732 5258 ὑπὲρ
2791 5185 2959 5237 ταῦτα
3016 5179 3110 5249 ὢν,
3161 5183 3237 5245 ὡς
3274 5180 3325 5236 ἐν
3366 5186 3447 5254 τῷ
3476 5181 3603 5255 Περὶ
3645 5174 3879 5252 μυστικῆς

2254 5272 2532 5349 θεολογίας
2563 5256 2773 5347 εἷ’ρηται
2806 5290 2817 5303 ·
2871 5270 3129 5345 ἐξῄρηται
3176 5272 3280 5345 γὰρ
3328 5275 3438 5326 τῶν
3496 5268 3662 5334 ὅλων,
3694 5263 3752 5319 οὐ
3778 5256 3878 5349 κατ’

2252 5360 2392 5417 ἄλλο
2426 5348 2519 5435 μὲν
2551 5361 2771 5427 τούτου,
2812 5360 2929 5414 κατ’
2974 5358 3113 5414 ἄλλο
3174 5357 3230 5415 δὲ
3269 5359 3479 5415 ἐκείνου
3508 5379 3519 5392 ·
3568 5353 3689 5412 οὐδὲ
3714 5348 3875 5406 ἄλλως

2250 5452 2467 5523 τούτου,
2525 5451 2615 5506 καὶ
2674 5448 2863 5511 ἄλλως
2922 5447 3173 5503 ἐκείνουσ
3237 5446 3363 5505 οὐδὲ
3420 5447 3618 5504 τούτου
3668 5443 3754 5519 μέν
3785 5434 3871 5523 ἀεὶ,

2252 5520 2462 5597 τούτου*
2496 5538 2553 5596 δέ
2599 5560 2731 5595 ποτε
2763 5557 2775 5570 '
2830 5535 2977 5593 ἀλλὰ
3023 5538 3233 5601 ταότῶς
3266 5539 3352 5593 καὶ
3406 5535 3599 5597 ἀΐδίως
3637 5532 3717 5588 καὶ
3762 5520 3877 5582 κατὰ

2250 5631 2419 5686 ταύτά
2445 5631 2532 5685 καὶ
2590 5628 2849 5691 ὡσαύτως
2904 5622 3071 5703 ἔχων,
3115 5630 3205 5683 καὶ
3257 5625 3521 5701 οὐδαμῶς
3570 5630 3667 5692 τῆς
3694 5613 3868 5674 οἰκείας

2253 5721 2429 5783 ἑστίας
2462 5719 2920 5789 ἀπολειπόμενος,
2971 5711 3072 5789 ἔξω
3122 5713 3382 5789 δηλονότι
3430 5714 3618 5771 ἑαυτοῦ
3646 5705 3876 5786 γιγνόμε-

2251 5832 2344 5873 νος
2377 5827 2390 5841 °
2427 5808 2576 5866 έστία
2606 5807 2711 5884 γὰρ
2742 5806 2976 5881 λέγεται,
3019 5826 3291 5862 τουτεστιν
3325 5813 3360 5877 ῆ
3395 5806 3471 5871 ὡς
3501 5803 3609 5860 ἔστι
3637 5791 3869 5871 διαμονὴν
