4062 6366
206 465 305 521 501

1016 471 1480 526 PACHYMERB
1518 471 2025 525 PARAPHRASIS
2061 471 2135 523 IN
2175 470 2333 523 EPP.
2376 473 2434 525 S.
2476 471 2810 527 DIONYSII.

3522 470 3631 525 502
3642 514 3652 519 -

203 588 289 644 καὶ
322 589 496 652 ἑστὼς
528 587 579 643 ἒν
612 589 805 663 ἑαυτῷ,
836 589 924 645 καὶ
980 590 1057 645 ἀεὶ
1109 590 1245 645 κατὰ
1299 591 1398 659 τὴν
1459 589 1721 666 πρόνοιαν
1779 611 1857 643 κι-

1977 591 2215 653 dicitur,
2252 592 2321 646 ad
2358 592 2725 649 immortales
2757 592 2996 665 angelos
3028 598 3205 667 atque
3236 594 3378 651 adeo
3408 594 3478 649 ad
3521 609 3627 649 nos

202 676 493 749 νούμενος,
531 674 654 733 οὔτε
684 680 851 743 ἑστὼς
878 680 1013 735 κατὰ
1052 682 1150 749 τήν
1201 680 1477 754 πρόνοιαν,
1513 676 1635 733 οὕτε
1681 680 1861 733 κινού-

208 788 371 840 μενος
426 769 564 821 κατὰ
614 767 767 845 φύσιν
803 788 814 800 ·
856 767 1066 843 μᾶλλον
1120 766 1197 839 δὲ,
1232 766 1418 837 ἐπειδὴ
1451 769 1513 822 τὸ
1554 769 1647 841 μὲν
1699 769 1862 829 ἑστὼς

206 856 293 911 ἰπὶ
324 863 428 925 τῆς
458 857 596 911 κατὰ
623 858 684 912 τὸ
732 857 1106 913 ἀναλλοίωτον
1158 858 1531 930 μονιμότητος
1584 853 1767 925 ἔλαϐε,
1798 858 1860 911 τὸ

206 946 263 1002 δὲ
318 948 648 1020 κινούμενος
706 948 793 1002 ἐπὶ
853 952 951 1018 τῆς
1001 949 1124 1024 περί
1177 949 1243 1004 τὰ
1292 946 1418 1004 ὄντα
1464 951 1745 1024 προνοίας,
1780 934 1863 1027 ἐφ’

205 1037 465 1111 ἱκατὲρου
496 1037 703 1091 τούτων
734 1043 874 1093 νοεῖν
907 1042 1053 1113 ἡμᾶς
1082 1042 1193 1114 χρή
1226 1039 1311 1093 καὶ
1338 1040 1626 1115 προσάγειν
1652 1038 1714 1093 τὸ
1741 1040 1858 1104 καθ’

204 1122 360 1194 όλου,
392 1123 488 1179 ἵνα
516 1128 763 1181 τοιοῦτον
794 1127 856 1181 τὸ
887 1123 1203 1203 λεγόμενον,
1240 1125 1360 1182 οὔτε
1409 1129 1572 1189 ἑστὼς
1619 1128 1857 1184 καθόλου

204 1215 274 1276 ὡς
311 1215 389 1287 μὴ
423 1217 682 1269 κινεῖσθαι
717 1221 1123 1288 προνοητικῶς,
1158 1213 1281 1271 οὔτε
1328 1217 1646 1289 κινούμενος
1692 1219 1852 1282 καθό-

203 1302 322 1371 λου,
376 1304 452 1364 ὡς
508 1311 606 1373 τῆς
652 1303 855 1367 οἰκείας
919 1307 1268 1377 μεθίστασθαι
1331 1306 1717 1379 μονιμότητος.
1756 1309 1853 1362 Διά

198 1392 359 1446 τοῦτο
420 1392 519 1466 γάρ
582 1392 747 1468 λέγει,
782 1393 1005 1466 δτι,καὶ
1058 1392 1105 1448 εί
1155 1400 1378 1449 κινεῖται
1439 1395 1514 1456 εἷς
1573 1396 1849 1471 προνοίας,

199 1479 339 1536 ἀλλᾶ
370 1484 432 1535 τὸ
468 1480 698 1555 μόνιμον
733 1480 848 1558 ἔχει
884 1501 897 1515 ⁸
931 1483 1020 1538 καὶ
1056 1482 1104 1537 εἶ’
1136 1482 1281 1557 μένει
1316 1483 1367 1538 ἰν
1406 1489 1485 1557 τῷ
1536 1484 1847 1541 ἀναλλοιώ-

197 1589 290 1641 τῳ,
326 1569 475 1625 ἀλλὰ
515 1576 633 1632 ταῖς
677 1572 962 1646 προνοίαις
1006 1578 1252 1630 κινεῖται.
1287 1574 1559 1637 Ἐντεῦθεν
1607 1572 1847 1648 διαλαμο

200 1653 480 1727 6άνει,τίς
546 1661 640 1732 μὲν
700 1662 735 1730 ἡ
792 1660 978 1735 στερεὰ
1032 1662 1232 1739 τροφὴ,
1262 1661 1343 1725 τίς
1401 1659 1457 1716 δὲ
1508 1664 1542 1731 ἡ
1596 1663 1752 1740 ὑγρά.
1787 1666 1847 1719 Ἠ

198 1751 324 1822 γοῦν
379 1749 568 1821 στερεὰ
615 1750 789 1823 τροφή
838 1744 1115 1822 σύμϐολόν
1168 1750 1277 1805 ἐστι
1313 1769 1324 1781 ·
1376 1755 1537 1806 τοῦτο
1583 1752 1684 1827 γάρ
1736 1753 1846 1807 ἐστι

196 1837 256 1892 τὸ
316 1836 573 1909 σύνθημα
638 1844 736 1907 τῆς
787 1843 978 1913 νοερᾶς
1039 1839 1125 1893 καὶ
1187 1839 1421 1914 μονίμου
1476 1839 1843 1913 τελειότητος.

1978 680 2116 735 olim
2152 681 2381 736 futuros
2414 681 2776 738 immortales
2810 683 2990 739 relata
3020 702 3031 739 :
3061 691 3117 739 et
3146 685 3214 739 ad
3249 689 3403 740 bona
3433 682 3630 739 omnia

1978 786 2104 841 qua:
2148 774 2382 840 prepter
2444 788 2550 825 nos
2611 772 2828 826 futura.
2863 773 3146 827 Caeterum
3208 774 3442 845 quando
3499 772 3629 844 ipsa

1977 859 2350 930 progreditur
2368 860 2754 930 providentia,
2772 878 3064 933 nusquam
3090 866 3283 917 tamen
3308 880 3341 916 a
3366 879 3423 917 se
3445 862 3629 917 desci-

1976 949 2286 1017 scendo,in
2310 964 2414 1002 sua
2448 948 2635 1019 ipsius
2657 949 2964 1005 identitate
2997 950 3184 1005 solide
3208 936 3628 1021 conquiescere

1974 1036 2344 1092 describitur.
2380 1037 2579 1108 Neque
2612 1038 2765 1092 enim
2799 1039 3111 1094 ditl‘usione
3164 1039 3254 1095 sui
3305 1039 3621 1111 perefﬂuit,

1972 1126 2327 1182 eximanitur
2366 1130 2467 1181 aut
2498 1130 2809 1182 marcescit
2863 1127 3218 1199 aliquando:
3254 1128 3389 1183 hinc
3422 1128 3627 1183 merito

1972 1221 2160 1271 crater
2192 1217 2315 1287 ipse
2347 1217 2665 1270 consistere
2698 1218 3074 1287 praedicatur.
3112 1218 3380 1273 [Ediﬁcat
3427 1222 3621 1273 autem

1970 1306 2083 1360 sibi
2115 1306 2356 1359 domum
2388 1305 2798 1377 Sapientiam);
2826 1307 3070 1377 perinde
3104 1310 3193 1361 est
3223 1313 3400 1377 atque
3431 1306 3617 1361 dicat:

1968 1395 2138 1449 Extra
2190 1411 2249 1449 se
2295 1398 2400 1458 est,
2434 1399 2495 1448 et
2544 1396 2696 1448 intra
2740 1412 2800 1449 se
2850 1394 3037 1450 nihilo
3071 1396 3263 1451 secius
3296 1398 3614 1467 permanet.

1969 1484 2130 1538 Intra
2180 1500 2239 1538 se
2288 1483 2522 1553 quidem
2556 1500 2623 1539 ea
2656 1489 2895 1555 apparet
2926 1501 3077 1555 quae,
3114 1484 3196 1539 ait
3226 1485 3399 1540 Pater
3432 1500 3445 1539 :
3479 1485 3617 1555 quia

1966 1577 2023 1629 et
2061 1574 2119 1627 in
2154 1572 2429 1628 omnibus
2460 1572 2661 1627 divina
2691 1578 2779 1627 est
2811 1573 3172 1643 providentia
3202 1573 3477 1628 universa
3508 1590 3614 1628 suo

1966 1662 2233 1718 ambiens
2267 1661 2568 1732 complexu
2600 1677 2611 1715 :
2649 1665 2705 1716 et
2733 1661 2793 1716 in
2826 1663 3099 1717 omnibus
3132 1661 3279 1717 nihil
3314 1662 3373 1717 in
3428 1662 3613 1717 nihilo

1965 1752 2287 1807 secundum
2336 1750 2587 1804 nihilum
2641 1754 2746 1814 est,
2789 1751 2967 1823 idque
3019 1751 3297 1806 eminenti
3358 1751 3609 1820 quadam

1961 1838 2379 1911 praerogativa;
2414 1855 2603 1909 neque
2632 1840 2786 1893 enim
2824 1838 3153 1909 privatorie,
3182 1840 3302 1894 sive
3332 1856 3437 1910 per
3466 1838 3606 1893 sub-

200 1925 331 1980 Ποία
364 1923 422 1980 δὲ
454 1926 594 1981 ἐστιν
630 1928 663 1996 ἠ
698 1928 859 2002 νοερὰ
886 1927 976 1981 καὶ
1012 1928 1242 2002 μόνιμος
1272 1929 1591 2001 τελειότης;
1627 1934 1847 1995 Πάντως

1970 1928 2187 1985 stantia:
2217 1927 2574 1983 ablutionem
2600 1936 2691 1982 aut
2714 1928 3044 1996 interitum;
3063 1929 3160 1982 sed
3186 1944 3313 1983 vere
3333 1931 3421 1983 est
3442 1927 3604 1983 istis-

198 2016 309 2078 καθ’
342 2016 410 2085 ἢν
439 2019 689 2077 νοοῦντες
720 2017 771 2070 οἱ
825 2014 965 2090 ἄξιοι
1005 2018 1094 2071 καὶ
1141 2023 1248 2073 τῶν
1306 2020 1460 2083 θείων
1522 2023 1845 2096 μετέχοντες

195 2107 249 2175 (ἡ
298 2106 404 2180 γὰρ
462 2105 651 2175 νόησις
710 2107 920 2182 μετοχὴ
970 2104 1243 2182 λέγεται·)
1274 2107 1607 2165 τελειοῦνται
1644 2132 1655 2145 ⁸
1698 2112 1845 2167 ἀλλὰ

194 2195 325 2249 κατὰ
379 2198 577 2269 γνῶσιν
634 2194 888 2264 ἑστῶσαν,
945 2193 1132 2266 ἔπειδὴ
1193 2199 1282 2251 καὶ
1332 2200 1365 2267 ἡ
1399 2202 1574 2273 τροφή
1634 2202 1841 2277 στερεά,

193 2281 274 2336 καῖ
307 2281 511 2336 ἐνιαῖον
547 2282 635 2337 καὶ
687 2280 1014 2358 ἀδιαίρετον.
1050 2285 1230 2341 Τοὖτο
1283 2284 1339 2341 δέ
1389 2310 1572 2364 φησιν,
1607 2290 1689 2344 ὅτι
1746 2288 1842 2361 δη-

194 2368 329 2441 λαδή
357 2373 472 2446 χρὴ
500 2371 551 2424 ἐν
579 2376 696 2433 τοῖς
729 2372 851 2448 περὶ
883 2377 1016 2427 Θεοῦ
1044 2370 1232 2449 λόγοις
1265 2377 1339 2448 μὴ
1368 2377 1504 2451 πρὸς
1536 2378 1629 2439 τὰς
1656 2378 1843 2441 ὑλικάς

199 2457 405 2520 ἐννοίας
468 2459 919 2534 καταμερίζεσθαι
967 2459 1059 2513 τὸν
1110 2464 1255 2530 νοῦν,
1286 2460 1430 2517 ἀλλὰ
1490 2465 1846 2538 μονοτρόπως

192 2548 251 2602 τὸ
313 2549 583 2625 ὑπερφυὲς
653 2549 743 2602 καὶ
826 2548 1219 2623 ἀνεξιχνίαστον
1279 2557 1378 2620 τῆς
1438 2552 1579 2615 θείας
1639 2553 1849 2630 φύσεως

195 2635 529 2711 λογίζεσθαι,
573 2637 662 2692 καὶ
720 2637 887 2692 ταῦτά
942 2659 1062 2692 τινα
1104 2640 1196 2693 τὸν
1253 2639 1319 2694 τὰ
1376 2639 1702 2717 αἰσθητήρια
1755 2650 1851 2698 τοῦ

195 2725 342 2789 ἐντὸς
403 2727 697 2801 ἀνθρώπου
770 2729 1191 2804 γεγυμνασμένα
1267 2724 1513 2805 ἔχοντα’
1571 2730 1621 2785 ἐν
1683 2738 1763 2795 οἷς
1824 2724 1851 2777 δ

193 2820 337 2880 θεῖος
427 2814 648 2878 Παῦλος
737 2817 1151 2892 ἆπαρυσάμενος
1233 2822 1329 2888 τῆς
1407 2821 1553 2885 θείας
1608 2822 1848 2897 σοφίας’

194 2902 393 2958 τούτου
450 2906 553 2979 γάρ
616 2905 756 2959 ἐστιν
818 2906 845 2960 ὁ
906 2904 1098 2976 λόγος’
1133 2909 1262 2965 "Ora
1318 2908 1470 2983 ἤμην
1529 2913 1745 2981 νήπιος,
1778 2913 1851 2975 ὡς

194 2996 396 3063 νήπιος
453 2993 712 3070 ἐφρόνουν
747 3015 758 3027 ’
825 2993 1152 3069 μεταδίδωσι
1209 3005 1309 3067 τῆς
1378 3005 1593 3074 στερεᾶς
1648 3009 1855 3075 τροφῆς

194 3088 317 3145 τοῖς
349 3081 607 3151 τελείοις,
645 3088 859 3157 πρῶτον
892 3087 1120 3147 ποτίσας
1145 3085 1305 3162 γάλα,
1339 3087 1427 3142 ὅτε
1472 3090 1638 3163 τυχὸν
1702 3094 1852 3165 εἶχον

192 3172 265 3228 τὰ
292 3173 467 3242 νοητὰ
494 3172 821 3248 αἰσθητήρια
867 3174 1178 3249 ἀγύμναστα
1207 3196 1219 3208 ο
1255 3178 1328 3239 ὡς
1386 3178 1485 3253 γάρ
1545 3180 1571 3232 ὁ
1630 3181 1850 3247 νήπιος,

190 3264 262 3317 τὰ
318 3262 610 3335 σωματικᾶ
666 3262 993 3338 αίλσθητηρια
1044 3263 1361 3339 ἀγύμναστα
1422 3265 1589 3341 ἔχων,
1643 3269 1777 3323 ἅπαν
1825 3270 1852 3323 ’ὁ

1955 2034 2066 2091 que
2098 2017 2375 2073 omnibus
2406 2017 2829 2087 supereminet,
2863 2016 3032 2070 sicuti
3067 2017 3124 2070 in
3158 2033 3330 2088 opere
3360 2018 3605 2088 Mysticaz

1955 2107 2245 2177 theologia:
2277 2105 2421 2160 mihi
2453 2106 2674 2159 dictum
2708 2109 2814 2160 est.
2848 2105 3189 2160 Eminenter
3229 2105 3301 2160 ab
3332 2105 3602 2161 omnibus

1954 2200 2259 2267 exemptus
2291 2194 2656 2263 dicitur,non
2690 2194 2925 2265 quidem
2959 2196 3287 2250 secundum
3313 2194 3469 2249 aliud
3494 2194 3602 2250 ali-

1956 2286 2098 2358 quid
2130 2286 2200 2339 ab
2234 2285 2361 2351 hoc,
2386 2284 2710 2339 secundum
2745 2288 2938 2339 autem
2968 2284 3125 2339 aliud
3162 2285 3233 2339 ab
3268 2283 3606 2355 illozneque

1958 2376 2126 2431 aliter
2156 2375 2226 2429 ab
2261 2373 2586 2443 illo.Neque
2609 2390 2819 2429 rursus
2845 2374 2915 2428 ab
2946 2374 3053 2429 hoc
3086 2373 3321 2444 quidem
3356 2390 3608 2445 semper,

1958 2463 2151 2520 abillo
2183 2466 2321 2517 item
2350 2462 2697 2533 aliquando;
2725 2463 2822 2517 sed
2844 2463 2965 2534 pari
2989 2464 3161 2517 modo
3183 2467 3237 2517 et
3257 2462 3613 2533 scmpiterne

1962 2571 2068 2609 nec
2099 2550 2466 2616 ditl'ormiter,
2500 2552 2599 2605 sed
2645 2552 2816 2605 modo
2873 2551 3162 2606 consimili
3193 2567 3255 2605 se
3284 2551 3530 2619 habens,
3561 2556 3617 2606 ct

1962 2658 2255 2713 nusquam
2320 2658 2353 2694 a
2411 2640 2646 2712 propria
2704 2639 3037 2695 desciscens
3097 2639 3421 2706 mansione,
3455 2644 3616 2695 extra

1963 2734 2244 2790 nimirum
2304 2732 2583 2804 seipsam.
2641 2732 2825 2785 Ἑστία
2877 2732 3166 2803 siquidem
3230 2733 3319 2787 hic
3378 2733 3609 2797 dicitur,

1962 2824 2204 2896 perinde
2253 2824 2425 2891 atque
2470 2816 2730 2892 διαμονή,
2764 2821 2821 2875 id
2868 2826 2957 2876 est
2978 2824 3312 2892 permansio.
3348 2823 3413 2876 Et
3446 2827 3611 2877 stans

1962 2915 2023 2969 in
2056 2913 2269 2983 seipsa,
2304 2915 2361 2966 et
2390 2927 2489 2980 per
2533 2911 2905 2981 providentiae
2938 2910 3335 2981 operationem
3378 2927 3613 2981 semper

1963 3008 2139 3059 mota.
2172 3001 2369 3071 Neque
2401 3003 2565 3054 stans
2598 3001 2925 3053 secundum
2958 2998 3612 3071 providentiam,neque

1964 3110 2068 3164 per
2096 3097 2369 3146 naturam
2403 3093 2665 3144 movetur
2699 3104 2710 3143 :
2746 3088 3028 3159 quinimo,
3063 3090 3203 3159 quia
3233 3089 3342 3144 hoc
3372 3086 3630 3161 quidem.

1965 3182 2211 3246 dictum,
2242 3184 2404 3234 stans
2457 3178 2515 3232 in
2568 3195 2677 3233 sua
2721 3178 3012 3233 soliditate
3066 3183 3291 3233 natura:
3326 3196 3338 3233 :
3372 3195 3438 3233 eo
3471 3178 3615 3233 dixit

1963 3271 2152 3334 Pater,
2188 3269 2339 3339 quod
2402 3266 2765 3321 inalterabile
2815 3267 2890 3322 sit
2922 3282 3161 3321 numen.
3196 3268 3355 3332 Quod
3418 3272 3612 3322 autem

187 3353 291 3427 ὁρᾷ
318 3353 352 3422 ἢ
386 3351 597 3420 ἀκούει,
634 3354 699 3406 οὔ
748 3352 928 3415 καθὼς
979 3349 1095 3427 ἔχει
1127 3355 1226 3429 ὁρᾷ
1256 3354 1343 3408 καὶ
1376 3354 1559 3409 ἀκούει
1596 3376 1607 3388 ⁶
1640 3358 1702 3411 τὸ
1751 3359 1851 3432 γὰρ

1970 3358 2183 3415 moveri
2219 3356 2531 3427 scribit,de
2554 3356 2931 3427 providentiae
2957 3355 3185 3410 actione
3207 3355 3615 3427 accipiendum

189 3437 366 3514 μηδὲν
403 3436 637 3518 φοϐερὸν
700 3440 1107 3514 μορμολύκειον
1142 3441 1335 3514 οἷέτᾳι,
1366 3444 1455 3498 καὶ
1488 3444 1652 3519 λόγον
1686 3448 1857 3522 πραὺν

187 3528 475 3592 πολλάκις
506 3530 579 3591 ὡς
609 3529 969 3601 ἀπειλητικὸν
1006 3528 1224 3606 δέχεται
1259 3550 1271 3563 ⁸
1306 3532 1446 3588 οὕτω
1478 3535 1566 3589 καὶ
1601 3536 1627 3589 ὁ
1658 3538 1855 3605 νηπιά-

195 3625 310 3689 ζων
338 3619 481 3673 κατὰ
512 3620 720 3694 ψυχὴν,
755 3620 1064 3695 ἀγύμναστα
1096 3619 1211 3697 ἔχει
1241 3623 1307 3676 τὰ
1336 3625 1432 3692 τῆς
1464 3627 1647 3699 ψυχῆς
1671 3624 1859 3693 αἰσθη-

192 3710 387 3783 τήρια,
423 3707 513 3762 καὶ
576 3708 637 3762 οὐ
698 3706 915 3763 δύναται
948 3710 982 3778 ἦ
1012 3711 1317 3783 θεάσασθαι,
1351 3712 1385 3780 ἢ
1444 3712 1666 3767 ἄκουσαι
1720 3725 1857 3777 θεω-

198 3798 317 3871 ρίαν
373 3796 739 3872 ὒψηλοτὲραν,
771 3799 832 3866 ἣν
879 3800 1087 3875 τροφὴν
1138 3801 1350 3870 στερεὰν
1384 3801 1410 3854 ὁ
1454 3799 1619 3876 λόγος
1650 3802 1858 3857 ἀποκα-

200 3884 310 3941 λεῖ.
348 3888 467 3954 Τὴν
528 3882 585 3940 δὲ
645 3886 808 3961 ὑγράν
859 3890 1066 3963 τροφὴν
1123 3888 1373 3961 σύνθημα
1429 3892 1513 3944 καὶ
1578 3886 1857 3964 σύμϐολον

198 3975 368 4030 πάλιν
435 3972 653 4047 οἶόμαι.
686 3980 856 4031 Τοῦτο
914 3980 1015 4053 γάρ
1076 3976 1185 4032 ἐστι
1241 3978 1304 4032 τὸ
1355 3978 1462 4033 ἀπὸ
1519 3985 1726 4050 κοινοῦ,
1760 3989 1859 4051 τῆς

200 4063 537 4139 διαχυτικῆς
574 4062 859 4140 ἐπιρροῆς,
893 4063 1154 4136 δηλονότι
1198 4073 1297 4135 τῆς
1354 4064 1443 4122 διὰ
1484 4067 1710 4124 πολλῶν
1770 4073 1856 4125 καὶ

204 4156 481 4227 μεριστῶν
514 4149 863 4215 διδασκαλίας
897 4157 1009 4227 (47)
1046 4175 1057 4187 ·
1094 4155 1202 4229 οὐχ
1250 4156 1323 4209 ἑνὶ
1373 4157 1476 4231 γὰρ
1526 4159 1715 4232 τρόπῳ
1771 4164 1860 4214 καὶ

202 4241 393 4313 ἁπλῷ,
427 4240 573 4297 ἀλλὰ
603 4239 887 4297 πολυειδεῖ
917 4243 1005 4297 καὶ
1063 4242 1307 4317 ποικίλῳ
1356 4245 1483 4308 τοὺς
1534 4243 1861 4321 διδασκομέ-

200 4352 327 4392 νους
418 4334 505 4385 ἐπὶ
585 4334 646 4385 τὸ
729 4334 936 4387 τέλειον
1022 4340 1121 4402 τῆς
1208 4334 1535 4409 θεογνωσίας
1649 4334 1863 4413 ἄγεσθαι

204 4416 517 4494 συμϐαίνει.
575 4422 667 4476 Διὸ
743 4423 834 4476 καὶ
913 4420 1113 4496 δρόσῳ,
1174 4422 1263 4477 καὶ
1318 4421 1494 4496 ὕδατι,
1556 4425 1646 4480 καὶ
1701 4426 1865 4501 γάλα-

202 4532 318 4579 κτι,
364 4510 454 4564 καὶ
507 4508 658 4583 οἴνῳ,
717 4510 807 4565 καὶ
872 4509 1075 4583 μέλιτι,
1130 4512 1195 4565 τὰ
1252 4518 1366 4575 θεῖα
1442 4512 1604 4589 λόγια
1677 4537 1865 4592 παρει-

202 4603 458 4670 κάζοκται
496 4618 508 4630 ·
562 4597 748 4669 ἐπειδή
799 4601 898 4677 γάρ
953 4598 1126 4655 πάντα
1186 4599 1426 4678 ὑδατηρά
1482 4604 1582 4657 εἰσι
1620 4624 1631 4635 ·
1692 4607 1752 4660 τὸ
1812 4604 1868 4660 δὲ

418 4330 505 4385 ἐπὶ
585 4332 646 4385 τὸ
729 4331 936 4387 τέλειον
1022 4340 1121 4402 τῆς
1208 4334 1535 4409 θεογνωσίας

1964 3454 2054 3506 est
2087 3448 2241 3503 circa
2273 3446 2432 3501 entia
2462 3446 2704 3516 quaevis.
2741 3445 2801 3499 In
2836 3450 3085 3515 utraque
3116 3444 3323 3498 harum
3360 3445 3616 3515 partium

1967 3553 2201 3593 necesse
2233 3542 2322 3591 est
2353 3534 2670 3589 dictionem
2704 3532 2863 3589 illam
2900 3532 3323 3605 intelligamus,
3354 3532 3534 3588 simul
3564 3537 3622 3589 et

1966 3626 2417 3701 pronuntiemus
2476 3620 2741 3690 καθόλου,
2802 3622 2909 3677 hoc
2986 3627 3071 3677 est
3132 3624 3187 3676 in
3247 3624 3616 3678 universum:

1966 3715 2137 3790 quasi
2168 3714 2277 3769 hoc
2311 3717 2478 3784 pacto
2527 3712 2881 3768 sententiam
2916 3710 3295 3766 contexuerit.
3330 3712 3528 3783 Neque
3558 3711 3616 3766 in

1966 3812 2157 3863 totum
2192 3810 2357 3860 stans
2390 3802 2495 3871 sic,
2530 3805 2592 3856 ut
2620 3800 2961 3855 nullatenus
2994 3804 3298 3855 moveatur
3325 3817 3444 3856 sum
3483 3817 3615 3872 pro-

1966 3894 2231 3952 videntiae
2265 3892 2599 3964 operatione
2634 3908 2645 3944 :
2679 3906 2869 3961 neque
2903 3908 3109 3946 rursus
3141 3890 3224 3946 sic
3260 3894 3525 3946 movetur
3554 3891 3613 3946 in

1969 3990 2180 4053 totum,
2200 3987 2259 4039 ut
2284 4001 2312 4038 a
2337 3981 2572 4054 propria
2604 3980 2894 4035 desciscat
2919 3980 3369 4052 transmigretve
3391 3979 3616 4035 stabili-

1970 4072 2344 4131 tate.Idcirco
2377 4071 2534 4127 enim
2570 4069 2886 4141 dicit,quia
2911 4074 2967 4123 et
2996 4069 3043 4124 si
3078 4074 3379 4124 moveatur
3398 4085 3617 4125 numen

1971 4165 2042 4221 ad
2102 4162 2435 4219 obeundam
2494 4158 2852 4213 {unctionem
2908 4175 3026 4212 suae
3087 4158 3488 4228 providentiae,
3520 4160 3623 4214 sed

1973 4254 2120 4310 287
2185 4250 2417 4305 interim
2478 4264 2646 4303 suam
2702 4246 2889 4318 ipsius
2948 4246 3160 4301 retinet
3218 4246 3624 4314 stabilitatem,

1973 4340 2205 4399 etiamsi
2240 4340 2298 4393 in
2333 4355 2441 4393 sua
2473 4334 2825 4391 inalterabili
2852 4339 3178 4406 perseveret
3200 4336 3550 4404 natura;sed
3576 4339 3633 4390 et

1974 4432 2131 4487 idem
2191 4428 2404 4485 ofﬁciis
2462 4428 2729 4481 movetur
2777 4442 2895 4480 suae
2958 4423 3359 4496 providentia.
3414 4424 3633 4479 Dehinc

1976 4520 2243 4592 sequitur
2267 4517 2398 4589 quis
2423 4516 2648 4571 solidus
2674 4514 2751 4569 sit
2773 4514 2940 4569 cibus
2959 4513 3162 4585 quisve
3186 4512 3468 4583 liquidus.
3487 4512 3631 4569 Soli-

1977 4612 2089 4665 dus
2124 4609 2341 4680 quippe
2372 4606 2543 4661 cibus
2574 4602 2904 4676 symbolum
2932 4608 3042 4671 est,
3066 4620 3277 4674 nempe
3308 4603 3543 4674 signum
3575 4606 3633 4659 et

206 4688 357 4763 ὕδωρ
396 4688 667 4765 ζωογόνον
708 4708 719 4721 ’
748 4686 835 4743 διὰ
864 4690 962 4757 τὴν
994 4690 1252 4760 τοιαύτην
1298 4690 1526 4765 δύναμιν
1579 4693 1719 4749 οὕτω
1774 4694 1857 4750 λέ-

1974 4698 2327 4772 signiﬁcatio
2354 4692 2771 4750 intellectualis
2795 4709 2861 4747 ac
2886 4692 3083 4747 solidae
3108 4691 3501 4763 perfectionis.
3520 4691 3630 4746 Sed

206 4800 424 4854 γονται.
460 4778 533 4831 Ού
590 4778 694 4851 μὴν
757 4775 814 4831 δὲ
878 4778 1038 4852 μόνον
1099 4779 1160 4833 τὸ
1194 4779 1384 4856 ὑδαρὸν
1445 4778 1687 4857 ἔχουσιν,
1721 4781 1864 4837 ἄλλᾶ

210 4871 466 4945 φέρουσιν
513 4864 737 4921 ἕκαστον
796 4868 888 4922 καί
940 4890 1059 4923 τινα
1098 4867 1239 4923 ἰδίαν
1271 4873 1559 4940 ποιότητα.
1594 4874 1679 4933 Ὠς
1735 4878 1865 4947 γοῦν

212 4956 498 5028 αὐξητικᾶ,
550 4955 785 5031 γάλακτι
830 4957 1072 5011 ἐοίκασι·
1106 4960 1167 5012 τὸ
1218 4960 1319 5034 γὰρ
1382 4959 1525 5035 γάλα
1584 4964 1866 5033 θρεπτικὸν

212 5046 298 5099 καὶ
363 5044 656 5115 αὐξητικόν
693 5065 705 5078 ο
768 5046 841 5107 ὡς
892 5046 1200 5115 ἀναζωτικὰ
1252 5045 1384 5121 οἷ’νῳ
1417 5066 1429 5078 ·
1486 5050 1513 5102 ὁ
1570 5052 1669 5126 γὰρ
1726 5054 1872 5115 οἶνος

217 5134 575 5204 ἀναζωτικὸς,
630 5135 693 5189 τὸ
746 5132 984 5212 ἔμφυτον
1033 5133 1295 5212 διεγεῖραν
1358 5138 1558 5213 θερμόν
1595 5159 1606 5171 ·
1650 5140 1725 5202 ὡς
1772 5162 1872 5195 κα-

219 5223 449 5301 θαρτικὰ
478 5224 563 5277 καῖ
601 5226 941 5302 φρουρητικᾶι
988 5225 1170 5298 μέλιτι
1205 5245 1218 5258 ·
1255 5228 1315 5281 τὸ
1363 5227 1464 5303 γὰρ
1526 5228 1653 5302 μὲλι
1685 5229 1874 5294 καθαί-

380 5314 397 5331 ε
541 5312 554 5331 ς
631 5313 644 5329 ς
806 5312 862 5333 υικ
1087 5316 1097 5333 ρ
1253 5313 1276 5333 α
1434 5318 1446 5330 .
1546 5318 1558 5335 ς
1775 5319 1786 5335 ν
1839 5326 1864 5335 -

225 5332 302 5386 ρει
340 5334 434 5386 μεν
467 5334 555 5367 και
587 5334 654 5368 τα
682 5312 923 5385 ἱλκωοη,
958 5314 1214 5391 φυλαττει
1250 5317 1306 5371 οὶ
1363 5338 1450 5372 και
1503 5340 1569 5373 τα
1625 5318 1675 5372 ἐν
1730 5341 1877 5393 αυτῳ

218 5405 325 5455 τῶν
383 5403 616 5477 ὀπωρῶν
678 5398 1089 5477 ἂμϐαλλόμενα.
1124 5404 1303 5459 Ταῦτα
1360 5410 1487 5481 γοῦν
1553 5402 1877 5482 ὑπερϐλύζει

226 5490 260 5556 ἠ
321 5492 439 5544 θεία
492 5492 655 5567 σοφία
704 5493 803 5560 τήν
877 5495 1060 5567 ψυχὴν
1125 5492 1465 5567 δροσίζοντα,
1523 5497 1659 5553 κατά
1714 5502 1880 5553 ταῦτα

224 5580 322 5633 καὶ
379 5579 579 5655 εὐωχεῖ
636 5582 663 5635 ὁ
717 5582 845 5644 Θεὸς
907 5584 1035 5646 τοὺς
1105 5584 1305 5659 ἀξίους,
1359 5587 1447 5641 καὶ
1505 5586 1664 5650 αὐτὸς
1720 5588 1879 5661 μεθύ-

298 5805 375 5877 (a)
404 5807 569 5865 Prov.
602 5822 679 5878 ix,
714 5806 766 5863 1.

1976 4805 2101 4860 qum
2134 4788 2370 4841 demum
2408 4783 2529 4838 htec
2566 4780 2981 4837 intellectualis
3010 4785 3099 4835 est
3128 4786 3186 4836 et
3228 4779 3417 4835 solida
3444 4780 3631 4851 perfe-

1977 4878 2133 4934 ctio?
2161 4876 2413 4931 Omnino
2448 4872 2548 4926 illa
2580 4888 2709 4926 esse
2742 4875 3035 4935 censetur,
3072 4870 3397 4924 secundum
3430 4884 3631 4937 quam,

1980 4968 2079 5039 qui
2112 4962 2512 5035 intelligentia:
2544 4961 2697 5015 dono
2750 4959 2975 5032 praediti
3025 4962 3185 5023 sunt,
3218 4958 3391 5012 modo
3446 4955 3631 5027 digni,

1982 5057 2433 5123 divinarumque
2467 5054 2769 5106 consortes
2828 5048 3012 5103 etl‘ecti
3069 5063 3264 5102 rerum
3322 5045 3636 5117 perﬁciun-

1985 5152 2103 5202 tur.
2129 5141 2508 5213 Participatio
2566 5140 2720 5195 enim
2786 5138 3053 5209 qumdam
3117 5140 3209 5191 est
3265 5134 3640 5207 perfectionis

1987 5236 2119 5307 ipsa
2149 5230 2579 5303 intelligentia;
2615 5229 2715 5283 sed
2749 5226 3076 5281 secundum
3113 5223 3643 5294 scientiam,solide

1990 5327 2265 5387 stantem,
2286 5320 2520 5391 quando
2541 5322 2596 5372 et
2624 5317 2719 5371 hic
2746 5315 2911 5369 cibus
2942 5314 3169 5379 est,sed
3195 5317 3251 5367 et
3281 5312 3644 5385 singularem

1990 5418 2166 5483 atque
2199 5409 2585 5464 individuam.
2615 5406 2726 5459 Hoc
2760 5420 2826 5458 eo
2861 5402 3097 5474 adjecit,
3130 5402 3283 5473 quod
3322 5401 3380 5458 in
3414 5402 3508 5471 iis,
3542 5400 3643 5473 qui

1992 5504 2063 5558 de
2096 5502 2209 5556 Deo
2260 5502 2417 5563 sunt,
2448 5492 2821 5551 sermonibus
2868 5509 3162 5563 nusquam
3214 5493 3425 5549 debeat
3473 5508 3642 5548 mens

1994 5607 2095 5662 per
2124 5591 2425 5644 concretas
2460 5584 2713 5639 materiae
2745 5582 3107 5655 cognitiones
3147 5582 3421 5655 dispesci,
3454 5580 3641 5637 aliove
