4062 6366
392 498 501 556 503

1215 499 1583 553 ΑΡΡΕΝΒΙΧ
1621 496 1721 552 AD
1760 496 2004 552 OPERA
2040 495 2097 547 S.
2138 493 2457 551 DIONYSII
2497 500 2996 554 AREOPAGITE.

3706 498 3816 553 504

399 623 631 691 diduci;
667 622 767 677 sed
800 619 1174 675 uniformiter
1200 626 1472 692 reputare
1503 637 1706 677 secum
1739 620 2048 674 inenarra-

2177 635 2238 669 ειν
2301 613 2536 693 λέγεται,
2594 620 2670 682 ὠς
2729 619 2952 696 πλήρης
3009 618 3216 675 τούτων
3274 620 3364 674 καὶ
3423 619 3815 696 ὑπερπλήρης.

398 714 576 769 bilem
600 712 916 779 hancesse,
935 707 1201 780 nullique
1225 726 1327 781 pro
1342 709 1624 782 dignitate
1646 705 2052 779 vestigabilem

400 802 606 857 divina:
638 805 864 855 natura
898 798 1492 871 majestalemzidque
1524 799 1778 853 maxime
1811 797 2054 851 addecet

400 906 557 957 eum,
587 888 687 961 qui
720 889 984 944 sensoria
1017 904 1231 957 organa
1264 888 1439 943 habet
1469 888 1764 942 interioris
1795 884 2055 941 hominis

402 979 721 1035 admodum
756 977 1167 1042 exercitata,in
1194 976 1411 1048 quibus
1443 976 1659 1031 Paulus
1693 974 1789 1030 ille
1808 974 2056 1030 admira-

402 1069 540 1124 bilis
574 1067 773 1123 hausit
804 1066 1013 1121 divinas
1065 1083 1250 1137 aquas
1308 1065 1629 1136 sapientiae.
1662 1066 1809 1119 Nam
1868 1064 2056 1135 ipsius

400 1160 643 1217 verbum
680 1164 767 1214 est
796 1175 807 1213 :
838 1160 973 1213 Cum
995 1175 1163 1213 essum
1193 1157 1560 1230 parvulus,ut
1584 1157 1850 1229 parvulus
1869 1157 2055 1227 sapie-

405 1251 530 1304 bam
562 1248 639 1319 (b)
674 1266 687 1303 :
716 1246 1038 1302 liberaliter
1068 1246 1337 1318 dispertit
1396 1246 1651 1302 solidum
1703 1246 1920 1316 cibum,
1955 1245 2057 1299 sed

396 1339 524 1410 jam
558 1337 775 1392 adultis
809 1352 875 1391 ac
902 1335 1351 1408 perfectis,cum
1385 1338 1620 1391 eosdem
1646 1335 1862 1407 alioqui
1895 1334 2059 1407 prius

406 1431 671 1500 potasset
697 1426 1019 1495 lacte,cum
1039 1425 1157 1480 illis
1178 1424 1323 1480 forte
1354 1425 1601 1480 necdum
1637 1426 1880 1480 aderant
1900 1440 2059 1479 exer-

410 1516 575 1571 citati
607 1531 821 1570 sensus
854 1513 1301 1585 spirituales.Ut
1318 1514 1472 1569 enim
1496 1515 1662 1585 pusio
1687 1512 1878 1584 quivis
1893 1528 2060 1584 orga-

416 1622 490 1660 na
538 1603 799 1676 corporis
852 1604 1234 1659 inexercitata
1274 1604 1465 1658 adhuc
1495 1604 1740 1670 habens,
1774 1602 2056 1674 quidquid

413 1694 501 1749 vel
530 1694 691 1749 videt
711 1692 797 1749 vel
833 1693 1017 1761 audit,
1042 1694 1101 1747 id
1126 1693 1329 1764 utique
1348 1709 1464 1747 non
1488 1692 1641 1747 sicut
1658 1709 1719 1748 se
1749 1692 1925 1747 habet
1946 1707 2060 1757 res,

412 1782 567 1837 videt
614 1786 671 1837 et
722 1780 906 1836 audit.
934 1782 1242 1836 Larvatam
1299 1782 1456 1835 enim
1516 1797 1825 1852 personam
1859 1779 2062 1835 formi-

414 1870 670 1925 dabilem
739 1871 1032 1942 deputat,
1084 1868 1232 1923 nihil
1306 1869 1522 1938 alioqui
1580 1868 2059 1937 formidabilem;

410 1960 554 2031 quin
590 1960 832 2015 verbum
865 1958 1193 2030 quamlibet
1240 1957 1467 2030 placide
1495 1962 1553 2013 et
1583 1957 1900 2013 clementer
1930 1974 2062 2028 pro-

411 2048 623 2117 latum,
683 2047 1029 2119 plerumque
1103 2047 1336 2118 accipit,
1395 2048 1564 2118 quasi
1621 2047 2067 2103 comminatorie

414 2137 661 2192 dictum.
680 2137 757 2191 Ad
774 2138 1047 2192 eumdem
1074 2137 1312 2191 modum
1328 2178 1340 2201 ,
1356 2136 2065 2207 quisecundumanimam

416 2225 675 2298 pusillus
734 2225 928 2281 adhuc
989 2230 1101 2290 est,
1136 2225 1312 2280 habet
1342 2226 1599 2297 profecto
1633 2226 1681 2280 is
1712 2243 1831 2281 suae
1862 2225 2070 2281 animae

418 2314 690 2371 sensoria
718 2313 1128 2381 inexercitata;
1163 2330 1269 2369 nec
1300 2318 1493 2386 potest
1522 2314 1655 2370 talis
1688 2315 2071 2388 contemplari

425 2420 492 2459 ac
524 2420 594 2459 ne
626 2403 830 2459 audire
860 2404 1098 2474 quidem
1135 2403 1312 2459 ullam
1337 2404 1739 2459 sublimiorem
1764 2405 2070 2475 theoriam,

429 2509 607 2564 quam
661 2492 898 2548 nomine
952 2492 1123 2548 solidi
1185 2492 1297 2548 cibi
1354 2509 1548 2548 sermo
1603 2498 1771 2549 vocat
1817 2493 2072 2549 divinus.

431 2582 681 2637 Proinde
738 2581 1023 2654 liquidam
1083 2582 1425 2637 alimoniam
1485 2600 1692 2637 rursus
1724 2582 2071 2638 crediderim

432 2671 616 2743 accipi
648 2672 857 2727 debere
889 2687 992 2742 pro
1022 2672 1343 2743 composito
1367 2672 1732 2744 ﬁguratoque
1755 2673 1941 2743 signo.
1960 2672 2075 2727 Hoc

422 2762 579 2817 enim
631 2765 720 2816 est
778 2763 930 2832 quod
991 2761 1344 2816 subauditur
1398 2767 1497 2828 τῆς
1558 2758 1880 2835 διαχυτικῆς
1921 2758 2071 2834 ἐπιρ-

429 2848 581 2925 ῥοῆς,
616 2850 673 2905 id
724 2855 834 2917 est,
866 2850 1142 2921 diﬁusivae
1189 2851 1543 2907 inundantia?
1600 2851 1718 2907 sive
1774 2852 2022 2924 inﬂuxus
2054 2870 2072 2905 :

427 2939 699 2994 videlicet
720 2939 993 2993 doctrinae
1017 2955 1142 3010 quae
1170 2955 1273 3010 per
1294 2941 1455 3011 plura
1480 2945 1536 2995 et
1556 2940 2067 2996 dividuainstruit.

419 3028 621 3099 Neque
651 3027 806 3082 enim
840 3043 954 3082 uno
982 3044 1048 3082 ac
1081 3027 1335 3097 simplici
1370 3029 1564 3093 modo,
1588 3030 1685 3084 sed
1722 3029 2071 3085 multiformi

413 3116 690 3187 varioque
721 3116 955 3171 edoctus
982 3116 1141 3186 prius
1173 3116 1460 3189 contingit
1480 3118 1549 3172 ad
1578 3118 1887 3188 perfectam
1912 3118 2069 3173 illam

416 3205 517 3260 Dei
550 3204 857 3260 scientiam
908 3206 1278 3275 promoveri;
1314 3205 1562 3278 ideoque
1614 3224 1781 3262 sacra
1837 3206 2070 3281 eloquia

414 3295 552 3363 rori,
586 3293 940 3365 aquae,lacti,
973 3295 1108 3349 vino
1140 3300 1316 3366 atque
1350 3295 1495 3350 melli
1530 3296 1817 3353 assimilia
1849 3298 2068 3353 descri-

414 3384 676 3449 buntur;
713 3382 1189 3453 quandoquidem
1226 3384 1394 3453 aquei
1445 3383 1690 3455 liquoris
1747 3385 2062 3458 imaginem

416 3474 679 3527 referunt
702 3472 922 3527 omnia.
956 3474 1121 3543 Aqua
1153 3476 1348 3527 autem
1380 3472 1495 3528 vim
1531 3474 1736 3529 sortita
1767 3480 1857 3530 est
1884 3476 2069 3530 vivifi-

418 3560 589 3616 candi
622 3565 680 3616 et
710 3560 1103 3630 fecundandi;
1136 3565 1194 3616 et
1250 3561 1400 3617 288
1448 3562 1556 3617 hac
1604 3563 1810 3633 gratia,
1842 3564 2075 3637 eloquia

422 3666 590 3720 aquae
620 3648 858 3705 nomine
889 3649 1186 3705 dicuntur.
1220 3652 1290 3705 At
1326 3667 1441 3705 non
1476 3652 1627 3707 hanc
1660 3652 1851 3709 solum
1912 3672 2075 3726 aquas

420 3739 539 3793 vim
570 3739 628 3792 in
663 3755 725 3793 se
756 3737 1042 3807 obtinent,
1077 3739 1177 3793 sed
1212 3742 1677 3811 unumquodque
1727 3749 2076 3815 progenerat

414 3828 585 3897 juxta
616 3826 876 3882 innatam
910 3826 1022 3881 sibi
1054 3844 1119 3881 ac
1164 3827 1458 3898 propriam
1518 3830 1882 3900 qualitatem,
1916 3838 1979 3886 ut
2009 3849 2077 3888 ea

421 3932 548 3987 quae
581 3916 826 3987 prmdita
850 3921 990 3970 sunt
1021 3915 1270 3988 augendi
1295 3916 1521 3982 vi,lacti
1547 3918 1926 3989 perhibentur
1947 3937 2075 3976 esse

417 4004 653 4061 similia.
670 4005 781 4060 Lac
800 4004 1093 4076 siquidem
1126 4010 1183 4061 et
1214 4006 1400 4061 nutrit
1422 4010 1479 4061 et
1502 4007 1771 4078 perducit
1791 4009 1861 4063 ad
1883 4009 2073 4065 incre-

416 4099 699 4150 mentum.
734 4093 860 4148 Pari
895 4095 1089 4160 modo,
1123 4111 1250 4166 qua:
1287 4096 1552 4151 recreant
1582 4100 2074 4162 excitantve,vino

412 4183 956 4251 conferuutur;vim
985 4183 1141 4238 enim
1162 4183 1339 4239 habet
1368 4184 1568 4239 vinum
1605 4184 1849 4256 spiritus
1880 4186 2074 4243 vitalis

409 4271 778 4327 excitativam
806 4292 820 4339 ;
846 4273 1051 4326 innata
1072 4272 1230 4327 enim
1255 4272 1338 4327 illi
1367 4272 1452 4328 vis
1471 4278 1561 4328 est
1588 4274 1899 4329 excitativa
1918 4275 2071 4330 calo-

414 4360 516 4417 ris.
534 4360 650 4416 Nec
671 4361 1041 4416 dissimiliter
1064 4362 1406 4433 purgatoria
1438 4363 1955 4434 conservativaque
1983 4366 2072 4422 vis

416 4449 574 4505 inest
587 4448 775 4517 melli;
802 4452 1016 4520 purgat
1033 4449 1189 4504 enim
1212 4449 1503 4520 quidquid
1524 4451 1749 4506 saniem
1774 4457 1875 4507 aut
1893 4454 2074 4525 putri-

418 4538 676 4610 laginem
710 4538 945 4608 prmfsrt
975 4537 1299 4593 ulcerosam
1329 4556 1342 4605 ;
1374 4540 1440 4593 ad
1476 4539 1583 4594 hoc
1615 4540 1841 4596 fructus
1871 4544 2072 4598 condi-

416 4631 621 4681 taneos
654 4629 960 4680 conservat
992 4625 1262 4695 injectos.
1296 4626 1426 4681 Haec
1459 4627 1657 4699 itaque
1717 4630 1913 4687 divina
1964 4634 2071 4688 Sa-

2165 707 2482 780 Σημείωσαι
2539 708 2596 764 δὲ
2654 710 2896 778 ἐνταῦθα,
2957 710 3038 766 ὅτι
3096 710 3187 765 καὶ
3243 710 3305 766 τὸ
3365 712 3602 787 εὐωχεῖν
3661 711 3817 786 ῥῆμα

2165 795 2192 848 6
2229 799 2411 872 Πατὴρ
2471 799 2575 853 ἀπὸ
2631 803 2726 853 τοῦ
2779 801 2835 853 εὖ
2883 797 3031 874 ἔχειν
3076 797 3424 874 ἐτυμολογεῖ,
3455 801 3639 863 καθὼς
3696 794 3817 875 ἔχει

2163 885 2249 938 καὶ
2286 888 2320 953 ἡ
2353 893 2451 955 τῆς
2513 887 2712 957 εὐεξίας
2772 885 2939 959 λέξις.
2972 890 3061 952 Ὡς
3116 892 3243 964 γοῦν
3304 887 3384 966 ἐφ’
3414 891 3575 962 ἡμῶν
3604 892 3639 958 ἡ
3678 891 3819 961 μέθη

2163 972 2301 1027 κατὰ
2357 974 2418 1028 τὸ
2476 982 2663 1051 χεῖρον
2735 975 2971 1052 λέγεται,
3032 976 3174 1031 οὕτω
3232 977 3367 1031 κατὰ
3432 979 3494 1032 τὸ
3568 985 3819 1054 κρεῖττον

2166 1062 2253 1117 ἐπὶ
2311 1069 2483 1119 Θεοῦ⁹
2546 1067 2667 1130 ὅθεν
2723 1068 2813 1121 καὶ
2870 1067 2952 1145 ἐφ’
3001 1070 3161 1141 ἡμῶν
3212 1070 3245 1138 ἡ
3307 1068 3543 1144 ἀμετρία
3600 1073 3820 1143 χεῖρον,

2168 1152 2254 1207 ἐπὶ
2307 1152 2363 1209 δὲ
2422 1160 2576 1226 Θεοῦ,
2627 1162 2893 1232 κρεῖττον.
2936 1159 3056 1213 Ἔτι
3117 1155 3173 1212 δὲ
3218 1158 3309 1211 καὶ
3363 1156 3426 1211 τὸ
3480 1155 3827 1230 ἐξεστηκὲναι

2168 1240 2253 1296 ἐπὶ
2310 1248 2443 1299 Θεοῦ
2495 1243 2702 1319 λέγεται
2734 1248 2870 1301 κατὰ
2900 1247 2996 1315 τὴν
3032 1246 3338 1321 ὑπεροχὴν,
3368 1246 3456 1300 καὶ
3514 1250 3612 1301 τοῦ
3671 1251 3823 1300 νοεῖν

2168 1331 2257 1385 καὶ
2289 1337 2389 1387 τοῦ
2420 1339 2657 1397 νοεῖσθαι
2694 1354 2707 1367 ο
2742 1331 2864 1390 οὔτε
2893 1335 2997 1411 γὰρ
3028 1334 3093 1389 τὰ
3122 1329 3252 1389 ὄντα
3305 1335 3564 1409 γινώσκει
3693 1332 3829 1389 ὄντα

2168 1420 2328 1490 εἰσὶν,
2357 1420 2501 1477 ἀλλὰ
2540 1422 2673 1478 κατᾶ
2717 1445 2836 1479 τινα
2882 1423 3216 1499 ἐξῃρημένην
3270 1423 3359 1477 καὶ
3420 1424 3551 1499 ὑπὶρ
3610 1422 3825 1498 ἅνθρω-

2171 1532 2271 1565 πον
2304 1513 2512 1581 νόησιν.
2546 1511 2683 1570 Οὔτε
2717 1514 2824 1586 μὴν
2856 1514 3002 1589 παρὰ
3028 1518 3137 1568 τῶν
3187 1513 3346 1583 ἀξίων
3403 1519 3609 1567 νοεῖται
3639 1514 3827 1577 καθὼς

2172 1597 2286 1675 ἔχει
2324 1622 2336 1635 ’
2374 1601 2487 1656 ἐπεὶ
2518 1603 2605 1658 καὶ
2670 1603 2800 1677 ὑπὲρ
2860 1602 2987 1657 αὐτὸ
3034 1603 3095 1657 τὸ
3152 1603 3285 1657 εἶναί
3344 1601 3477 1670 ἐστι,
3508 1602 3597 1657 καὶ
3630 1602 3827 1664 ἁπλῶς

2173 1692 2270 1745 ὅσα
2325 1690 2459 1745 εἷσῖν
2516 1691 2707 1766 ἀγαθὰ,
2739 1692 2829 1747 καὶ
2889 1691 2964 1755 ὠς
3024 1690 3386 1766 ὑπερπλήρης
3446 1691 3678 1763 τούτων,
3730 1712 3831 1763 με-

2173 1778 2314 1843 θύων
2377 1779 2610 1855 λέγεται,
2644 1781 2732 1835 καὶ
2791 1780 2865 1843 ὠς
2922 1780 3076 1843 αὖθις
3125 1776 3225 1852 ἔξω
3274 1781 3362 1835 καὶ
3412 1779 3660 1836 ἐπέκεινα
3715 1785 3830 1836 τῶν

2171 1867 2436 1923 τοιούτων
2491 1871 2702 1945 ἀγαθῶν
2764 1871 3152 1943 ἀνῳκισμένος,
3199 1868 3498 1940 ἐξεστηκὼς
3560 1869 3779 1946 λέγεται
3819 1890 3831 1901 ·

2094 1992 2142 2056 Β
2175 1959 2202 2013 ὁ
2233 1957 2334 2033 γὰρ
2395 1957 2606 2030 ἐκστὰς,
2642 1955 2742 2029 ἔξω
2794 1958 3009 2014 πάντων
3058 1959 3284 2034 γίνεται,
3318 1959 3406 2013 καὶ
3466 1956 3621 2013 οὐδὲν
3684 1956 3833 2014 οἶδεν

2211 2043 2237 2064 Ἰ

2178 2043 2299 2102 οὔτε
2327 2051 2435 2102 τῶν
2489 2042 2682 2120 ὄντων,
2716 2045 2839 2103 οὔτε
2866 2053 2973 2103 τῶν
3008 2048 3375 2120 τελουμένων.
3407 2046 3477 2102 Τὸ
3533 2052 3664 2124 γοῦν
3723 2043 3835 2118 ἔξω

2177 2135 2392 2190 πάντων
2454 2136 2583 2191 εἶναι
2638 2138 2700 2191 τὸ
2759 2143 2900 2201 θεῖον
2959 2136 3094 2191 κατά
3138 2158 3261 2191 τινα
3309 2136 3830 2212 ὑπερανῳκισμένην

2176 2222 2306 2296 ἕξιν,
2335 2224 2434 2296 ἵν’,
2467 2224 2640 2288 οὕτως
2688 2225 2845 2298 εἶ’πω,
2903 2228 3106 2301 πρέπον
3160 2225 3270 2282 ἐστὶ
3318 2231 3397 2298 τῷ
3444 2230 3584 2298 Θεῷ,
3617 2226 3737 2280 καθ’
3772 2228 3838 2294 ἦν

2181 2312 2310 2370 οὐδὲ
2366 2314 2479 2371 οἶδε
2534 2317 2600 2370 τὰ
2658 2312 2785 2370 ὄντα
2930 2313 3059 2371 ὄντα
3108 2316 3264 2389 εἰσὶν,
3297 2313 3425 2371 ἀλλ’
3482 2316 3840 2390 ὑπεροχικῶς

2182 2403 2527 2479 ἐξῃρημένους
2594 2403 2653 2459 ἐκ
2718 2404 2925 2460 τούτων
2984 2406 3326 2481 ὁρμώμενοι,
3381 2406 3471 2459 καὶ
3529 2407 3598 2460 τὰ
3653 2404 3707 2459 ἐν
3767 2409 3841 2477 τῇ

2187 2493 2437 2570 βασιλείᾳ
2482 2498 2589 2548 τῶν
2632 2494 2873 2570 οὐρανῶν
2921 2492 3112 2549 δεῖπνα
3164 2493 3646 2568 ἆλληγορήσομεν,
3681 2496 3844 2548 ἅτινα

2183 2582 2500 2658 ἐμφαίνουσι
2533 2585 2721 2653 κοινήν
2776 2604 2895 2637 τινα
2948 2585 3037 2638 καὶ
3088 2583 3459 2656 ὁμονοητικὴν
3512 2587 3621 2638 τῶν
3669 2582 3841 2657 ἁγίων

2183 2673 2493 2740 κοινωνίαν,
2544 2674 2608 2741 ἣν
2669 2671 2757 2727 καὶ
2790 2669 3119 2742 Ἐκκλησίαν
3177 2671 3539 2746 πρωτοτόκων
3586 2671 3753 2749 φησὶν
3815 2673 3845 2726 6

2185 2763 2327 2823 Θεῖος
2360 2762 2699 2823 Ἀπόστολος
2757 2761 2847 2816 καὶ
2902 2763 3002 2829 τὴν
3060 2759 3339 2815 ἀνάκλισιν
3372 2761 3668 2815 ἀνάπαυσιν
3723 2765 3842 2815 τῶν

2184 2851 2411 2906 πολλῶν
2467 2853 2725 2924 καμάτων
2760 2847 3110 2927 λογιζόμεθα.
3146 2851 3439 2927 Εὐφραίνει
3496 2848 3553 2905 δὲ
3604 2849 3843 2911 τούτους

2185 2942 2212 2995 6
2246 2942 2441 3015 Σωτὴρ
2472 2942 2635 3012 ἡμῶν
2666 2941 2754 2994 καὶ
2804 2940 3100 3010 Δεσπότης,
3130 2940 3221 2994 καὶ
3272 2938 3567 3011 ἆνακλίνει,
3600 2938 3683 2993 δτι
3741 2939 3845 2993 αὖ·

2179 3026 2273 3091 τός
2334 3028 2477 3084 ἰστιν
2536 3028 2708 3091 α’ίτιος
2768 3030 3019 3084 ἁπάντων
3065 3034 3171 3083 τῶν
3199 3034 3317 3092 τοῖς
3349 3029 3519 3105 ἁγίοις
3552 3027 3842 3083 ἐναποκει-

2185 3120 2360 3193 μένων
2405 3116 2611 3175 καλῶν.
2647 3118 2721 3173 Σὺ
2777 3117 2834 3173 δὲ
2865 3118 3213 3189 ἐπιζητήσεις
3254 3119 3342 3173 καὶ
3384 3120 3475 3172 τὸν
3524 3118 3715 3185 ὕπνον,
3743 3117 3840 3171 καὶ

2177 3210 2277 3278 τὴν
2311 3208 2637 3283 ἐγρήγορσιν
2672 3207 2756 3263 ἐπὶ
2790 3212 2925 3263 Θεοῦ
2957 3207 3434 3282 ἆλληγορηθῆναι.
3466 3210 3627 3261 Ὅταν
3662 3205 3842 3261 ὕπνον

2180 3303 2366 3377 φῶμεν
2398 3298 2601 3370 τοίνυν,
2633 3299 2695 3353 τὸ
2729 3300 2843 3353 οἷον
2872 3298 3337 3373 παραχωρητικὸν
3385 3301 3483 3351 τοῦ
3540 3301 3675 3353 Θεοῦ
3737 3294 3845 3366 δη-

2181 3386 2386 3461 λοῦμεν
2420 3406 2432 3420 ⁸
2487 3385 2610 3441 ὅταν
2676 3384 2732 3441 δὶ
2790 3386 3133 3463 ἰγρήγορσιν,
3166 3387 3265 3454 τήν
3327 3385 3402 3449 εἷς
3458 3386 3520 3440 τὸ
3577 3391 3843 3461 προνοεῖν

2185 3479 2493 3553 προσοχήν.
2530 3474 2604 3529 Σὺ
2662 3473 2719 3530 δὲ
2768 3476 2935 3530 πάλιν
2985 3475 3076 3529 καὶ
3108 3472 3254 3530 ἄλλα
3296 3476 3570 3545 ζητήσεις.
3606 3474 3701 3528 Διὸ
3750 3472 3849 3528 καί

2182 3565 2431 3641 περιττὸν
2497 3567 2588 3638 μὲν
2650 3563 2950 3634 οῗηθὲντες,
3004 3565 3071 3618 τὰ
3126 3562 3264 3618 αὐτὰ
3310 3562 3850 3637 ἐπανακυκλοῦντες,

2180 3652 2337 3730 ἕτερα
2368 3654 2543 3710 δοκεῖν
2579 3652 2783 3729 λέγειν,
2817 3652 3037 3709 ἐνταῦθα
3088 3655 3358 3728 στήσομεν
3414 3653 3504 3708 τὸν
3564 3659 3666 3721 τῆς
3722 3652 3850 3707 ἐπι-

2185 3743 2385 3812 στολῆς
2438 3742 2627 3819 λόγον,
2684 3740 3093 3804 ἀποδεδωκότες
3168 3741 3244 3805 ὠς
3320 3737 3696 3816 ὑπολαμϐάνω
3752 3743 3849 3797 καὶ

2182 3832 2433 3902 πλείονα,
2485 3833 2558 3886 ὧν
2609 3831 2659 3887 ἐν
2713 3837 2834 3894 τοῖς
2891 3837 3006 3893 σοῖς
3081 3830 3395 3906 γράμμασιν
3472 3829 3848 3901 ἰπεζήτησας.

2183 3921 2505 3994 Πειθόμενοι
2541 3919 2597 3975 δὲ
2629 3919 2795 3976 πάλιν
2833 3922 2960 3994 ὑμῖν
2996 3918 3213 3974 θέλουσι
3262 3917 3385 3994 περὶ
3438 3918 3653 3973 πάντων
3702 3940 3848 3991 μιν·

2184 4011 2376 4081 θοὶνειν3
2410 4011 2576 4080 αὐτὴν
2635 4008 2771 4080 ὅλην
2829 4010 2931 4079 τήν
2984 4002 3340 4080 Συμϐολικήν
3374 4003 3660 4081 θεολογίαν
3696 4007 3844 4063 ἀπο-

2183 4097 2506 4172 στέλλομεν,
2554 4100 2670 4153 καθ’
2730 4100 2789 4167 ἣν
2851 4098 3101 4174 εὑρήσεις
3154 4096 3348 4164 πάντα,
3407 4096 3497 4151 καὶ
3554 4097 3679 4171 περὶ
3735 4104 3847 4167 τῆς

2183 4187 2393 4265 σοφίας,
2424 4188 2513 4241 καὶ
2570 4187 2694 4264 περὶ
2752 4191 2849 4242 τοῦ
2908 4185 3085 4251 οἳκου,
3134 4185 3224 4240 καὶ
3277 4185 3401 4259 περὶ
3456 4191 3559 4253 τῆς
3617 4191 3848 4259 στερεᾶς

2179 4283 2410 4353 τροφῆς,
2462 4274 2847 4352 διαιρουμένης
2924 4274 3001 4338 εἷς
3070 4272 3265 4347 ἄρτους
3318 4275 3405 4329 καὶ
3470 4273 3687 4346 θύματα
3746 4273 3845 4328 καὶ

2181 4366 2436 4441 περὶτῶν
2470 4363 2655 4419 ἄλλων
2686 4365 2937 4420 ἁπάντων
2972 4383 2985 4396 ·
3031 4360 3143 4418 ἔστι
3185 4363 3285 4439 γὰρ
3334 4363 3397 4417 τὸ
3437 4367 3686 4417 τοιοῦτον
3750 4364 3847 4438 βι-

2182 4451 2338 4510 ϐλίον
2372 4455 2643 4530 εὑρετικὸν
2677 4456 2894 4508 ἁπασῶν
2945 4458 3052 4507 τῶν
3105 4447 3460 4525 συμϐολικῶν
3510 4449 3843 4526 Θεολογιῶν,

2181 4544 2269 4599 καὶ
2302 4546 2624 4619 ὁμοφωνοῦν
2652 4544 2788 4619 πρὸς
2812 4544 2907 4604 τὰς
2940 4542 3086 4617 ἱερὰς
3122 4539 3547 4619 παραδόσεις,ἆς
3571 4540 3720 4616 παρὰ
3738 4545 3844 4595 τοῦ

2181 4634 2331 4707 ἁγίου
2360 4618 2704 4689 Ἀποστόλου
2734 4632 2823 4685 καὶ
2859 4628 3194 4685 διδασκάλου
3225 4632 3385 4702 ἡμῶν
3418 4618 3841 4703 παρελάϐομεν.

421 4713 645 4788 pientis
677 4714 992 4769 inundanti
1023 4730 1093 4769 ex
1124 4732 1186 4770 se
1217 4716 1579 4787 scaturigine
1609 4717 1876 4790 effundit,
1907 4724 2124 4791 quibus
2156 4725 2414 4779 animam
2447 4723 2676 4790 irroret,
2710 4723 3145 4793 clementerque
3176 4724 3469 4793 aspergat.
3502 4720 3840 4775 Secundum

420 4805 545 4861 haec
605 4809 756 4859 Deus
814 4820 877 4860 se
935 4804 1150 4876 dignos
1196 4804 1531 4861 lautissimo
1562 4807 1773 4879 accipit
1804 4813 2085 4869 convivio.
2119 4816 2278 4871 Idem
2339 4829 2572 4885 quoque
2602 4811 2878 4868 inebriari
2937 4810 3242 4877 astruitur,
3303 4810 3519 4882 quippe
3575 4810 3675 4879 qui
3738 4809 3841 4865 his

419 4894 634 4967 plenus
666 4909 797 4949 esse
826 4894 1206 4959 describitur,
1237 4901 1292 4949 et
1323 4910 1605 4966 perquam
1640 4897 1869 4968 plenus.
1904 4902 2144 4958 Interim
2176 4907 2373 4958 tamen
2420 4900 2691 4974 praesenti
2742 4901 2866 4956 loco
2916 4900 3239 4955 notandum
3272 4900 3450 4967 venit,
3485 4898 3623 4971 quia
3671 4898 3835 4953 verbi

410 4984 585 5040 istius
645 4980 876 5055 εὐωχεῖν
929 4987 1187 5054 etymum
1248 4983 1457 5040 beatus
1511 4986 1681 5041 Pater
1729 4987 1954 5044 derivat
2006 4992 2066 5045 at

2177 4991 2193 5043 3
2254 4991 2405 5061 bene,
2437 4991 2745 5059 commode,
2775 4994 2832 5044 et
2890 4983 3059 5061 ἔχειν,
3092 4988 3244 5044 sicut
3294 4993 3351 5043 et
3398 4987 3576 5043 dictio
3634 4984 3833 5056 εὐεξία.

412 5072 483 5129 Ut
513 5073 694 5145 igitur
721 5071 1033 5128 hominum
1067 5088 1227 5127 more
1257 5072 1507 5130 ebrietas
1539 5075 1598 5129 in
1632 5076 1888 5147 pejorem
1920 5079 2076 5135 trahi
2110 5079 2259 5137 solet
2291 5081 2647 5152 partem;sic
2678 5080 3007 5135 secundum
3040 5078 3095 5133 id
3120 5078 3273 5150 quod
3308 5077 3690 5149 praestantius
3719 5082 3834 5148 est,

406 5162 467 5218 in
524 5162 660 5217 Deo.
720 5161 885 5217 Unde
942 5166 1142 5217 nostro
1200 5178 1362 5219 more
1419 5162 1722 5236 loquendi,
1782 5167 2105 5225 immodica
2161 5174 2337 5242 potus
2414 5169 2654 5241 repletio
2706 5167 2767 5223 in
2826 5167 3175 5223 deteriorem
3236 5169 3498 5223 sumitur
3555 5170 3833 5237 partem:

404 5254 628 5315 contra,
660 5250 730 5304 de
785 5255 896 5305 Deo
955 5250 1111 5305 dicta
1169 5251 1390 5323 aliquid
1450 5253 1709 5311 declarat
1740 5259 2138 5327 praestantius.
2171 5262 2419 5331 Insuper
2465 5275 2740 5314 excessus
2770 5256 2867 5312 ille
2899 5257 2955 5311 in
3000 5256 3135 5322 Deo,
3170 5256 3240 5311 de
3272 5257 3400 5328 ipso
3435 5271 3538 5328 per
3566 5254 3836 5311 eminen-

404 5339 547 5396 tiam
581 5338 935 5411 prazdicatur
964 5356 1146 5411 supra
1177 5357 1355 5412 quam
1383 5344 1715 5413 cogitemus
1749 5350 1852 5401 aut
1882 5347 2305 5420 intelligamus.
2339 5349 2538 5420 Neque
2588 5347 2742 5404 enim
2805 5363 2896 5403 res
2953 5346 3246 5419 agnoscit,
3279 5350 3454 5418 prout
3507 5362 3603 5401 res
3661 5349 3832 5413 sunt;

405 5429 508 5487 sed
533 5429 704 5499 juxta
734 5427 1160 5499 praecellentem
1193 5435 1250 5486 et
1279 5447 1458 5503 quam
1486 5432 1748 5490 humana
1780 5436 1877 5504 sit,
1909 5437 2315 5508 angustiorem
2366 5437 2840 5510 intelligentiam.
2875 5437 2980 5491 Sed
3028 5452 3221 5508 neque
3258 5453 3290 5491 a
3321 5434 3587 5506 qualibet
3640 5434 3835 5507 dignis

408 5522 601 5573 mente
631 5516 974 5589 percipitur,
1007 5523 1073 5574 ut
1103 5536 1165 5576 se
1196 5524 1359 5577 tanta
1388 5522 1509 5578 haec
1537 5523 1714 5579 habet
1744 5525 2043 5596 majestas.
2078 5528 2365 5591 Quoniam
2399 5528 2637 5600 quidem
2670 5542 2875 5583 omnes
2908 5526 3094 5581 anteit
3132 5525 3354 5598 gradus
3384 5525 3677 5591 essentia,
3710 5524 3827 5579 imo

407 5622 774 5680 quascunque
805 5623 1057 5679 usquam
1104 5609 1259 5666 bona
1290 5617 1430 5668 sunt
1462 5630 1706 5685 prorsus
1738 5616 2182 5687 supergreditur
2215 5634 2227 5672 :
2272 5622 2447 5689 atque
2506 5622 2570 5672 ut
2620 5633 2903 5689 perquam
2964 5614 3174 5687 plenus
3227 5615 3464 5683 horum,
3498 5613 3824 5670 inebriatus

409 5697 627 5755 dicitur
685 5713 832 5755 esse.
860 5698 1108 5769 Rursus,
1142 5703 1296 5773 quod
1357 5706 1518 5760 extra
1575 5703 1753 5761 simul
1786 5710 1843 5761 et
1873 5705 2025 5762 ultra
2074 5706 2279 5764 isthaec
2311 5708 2465 5764 bona
2505 5708 2706 5764 omnia
2757 5706 3106 5779 longissimo
3163 5720 3398 5762 secessu
3435 5704 3594 5760 velut
3622 5706 3821 5759 trans-

484 5828 558 5901 (b)
588 5829 611 5883 Ῑ
643 5828 768 5884 Cor.
800 5845 922 5895 xm,
958 5829 1043 5886 11.
