4062 6366
215 529 323 584 505
1036 530 1501 585 ΡΑΟΗῩΜΕΒΕ
1540 528 2048 583 PARAPHRASIS
2084 530 2159 583 IN
2196 532 2352 584 EPP.
2392 533 2452 586 Β.
2494 531 2833 587 DIONYSII.
3536 530 3643 585 506

218 654 535 727 migrarit:
570 652 711 708 hinc
741 651 957 707 dicitur
987 653 1331 723 excessisse,
1363 651 1753 708 similitudine
1783 650 1857 704 ab
1887 667 1953 706 eo
1985 651 2183 722 ducta,
2225 654 2381 725 quod
2439 654 2537 725 qui
2598 653 2814 709 exstasi
2870 654 3049 710 semel
3103 654 3433 728 corripitur,
3484 658 3647 710 extra

214 744 418 800 omnia
450 743 540 798 ﬁt.
578 743 632 798 Is
665 742 821 798 enim
854 759 1057 798 eorum
1091 759 1218 814 quae
1277 746 1439 810 sunt,
1498 756 1700 812 quaeve
1748 740 1902 795 facta
1944 740 2069 809 jam
2121 746 2281 808 sunt,
2316 742 2461 797 nihil
2494 743 2652 798 novit
2684 743 2945 798 omnino.
2996 745 3385 800 Conveniebat
3430 746 3646 816 quippe

210 832 328 906 ipsi
386 833 528 899 Deo,
578 836 643 886 ut
666 836 830 887 tanta
859 831 962 886 illa
994 834 1270 903 maiestas
1295 836 1455 887 extra
1485 830 1681 886 omnia
1712 834 2074 885 astrueretur
2103 848 2228 886 esse
2260 834 2583 887 secundum
2618 833 2937 903 quamdam
2972 832 3041 887 ab
3074 834 3349 888 omnibus
3380 835 3642 889 eminen-

208 922 363 978 tiore
397 922 575 977 modo
602 919 967 992 disparatam
1001 922 1093 993 (ut
1113 922 1197 977 sic
1220 920 1486 991 dixerim)
1519 918 1959 975 habitudinem:
1994 936 2098 991 per
2130 937 2302 992 quam
2339 938 2529 993 neque
2561 923 2715 977 entia
2746 923 2901 978 sicut
2932 924 3087 977 entia
3118 928 3279 995 sunt,
3314 924 3508 992 novit;
3541 924 3639 979 sed

214 1009 677 1084 praacellentius,
712 1009 1015 1081 multoque
1047 1010 1423 1065 eminentius.
1459 1009 1557 1064 His
1589 1009 1828 1063 demum
1862 1008 2029 1064 exciti
2065 1013 2236 1080 atque
2259 1011 2469 1066 redditi
2502 1010 2831 1077 alacriores,
2865 1028 2963 1067 eas
2993 1012 3190 1078 etiam,
3219 1029 3345 1083 qua:
3376 1012 3432 1066 in
3468 1012 3643 1067 caelo-

212 1117 347 1156 rum
381 1115 566 1169 regno
608 1105 1034 1171 memorantur,
1059 1098 1361 1155 celebratas
1393 1115 1588 1166 coenae,
1624 1098 1696 1153 ad
1728 1096 2069 1169 allegoriam
2102 1100 2425 1171 trahemus,
2448 1105 2737 1172 quotquot
2758 1101 2875 1156 vice
2898 1100 3120 1173 speculi
3141 1101 3308 1157 nobis
3331 1101 3507 1157 veluti
3539 1102 3639 1156 de-

210 1190 443 1246 lineant
475 1206 788 1245 commune
818 1188 967 1244 illud
1002 1192 1341 1245 sanctorum
1373 1204 1725 1260 concorsque
1758 1186 2097 1243 sodalitium
2125 1206 2137 1243 :
2171 1189 2227 1243 id
2253 1191 2405 1260 quod
2430 1190 2682 1245 eximius
2709 1191 3020 1262 Apostolus
3043 1190 3361 1247 Ecclesiam
3386 1189 3644 1262 appellat

208 1277 680 1352 primitivorum.
712 1278 821 1332 Sed
855 1283 911 1333 et
941 1277 1272 1333 recubitum
1307 1276 1495 1344 illum,
1528 1293 1657 1333 eam
1689 1291 1818 1331 esse
1852 1277 2113 1348 requiem
2147 1294 2457 1333 censemus
2506 1295 2632 1349 quae
2678 1282 2899 1335 sanctis
2944 1280 3242 1347 succedit;
3294 1296 3434 1335 sane
3466 1294 3642 1351 quam

211 1367 420 1424 multis
453 1367 759 1423 laboribus
791 1367 956 1439 prius
986 1366 1321 1423 exantlatis.
1357 1367 1497 1422 Mire
1528 1370 1722 1422 autem
1756 1365 1866 1421 hos
1898 1365 2187 1422 exhilarat
2238 1373 2451 1423 nostras
2494 1369 2646 1424 289
2696 1368 2909 1424 salutis
2956 1373 3212 1424 assertor
3249 1373 3307 1424 et
3336 1370 3642 1433 Dominus,
3696 1404 3699 1409 -

197 1458 495 1530 jubetque
526 1458 909 1513 accumbere:
944 1458 1101 1528 quod
1129 1457 1180 1512 is
1211 1460 1414 1512 auctor
1441 1455 1846 1511 universorum
1878 1455 1973 1525 sit,
2007 1472 2135 1526 quas
2163 1457 2386 1512 sanctis
2410 1458 2668 1529 reposita
2701 1462 2862 1522 sunt,
2890 1458 3200 1513 bonorum.
3258 1457 3401 1513 Dein
3436 1457 3645 1512 scisci~

202 1548 433 1616 tabere,
469 1546 611 1619 quid
648 1563 914 1614 somnus,
951 1546 1094 1619 quid
1142 1553 1345 1602 contra
1391 1544 1685 1618 evigilatio
1737 1545 1807 1601 de
1856 1545 1970 1601 Deo
2012 1545 2317 1617 allegorice
2342 1546 2497 1602 dicta
2528 1546 2808 1603 insinuet.
2842 1551 3047 1619 Itaque
3080 1548 3315 1618 quando
3362 1562 3640 1603 somnum

202 1637 494 1705 dicimus,
544 1635 711 1691 illum
758 1634 1029 1692 videlicet
1077 1636 1544 1692 secretissimum
1595 1635 1691 1690 Dei
1743 1634 2114 1690 declaramus
2158 1652 2507 1692 secessum:
2567 1653 2598 1692 e
2651 1637 2901 1703 diverso,
2963 1638 3201 1692 nomine
3250 1635 3642 1708 evigilationis

202 1725 667 1784 subindicamus
725 1729 1015 1781 attentam
1071 1725 1264 1797 ipsius
1324 1730 1501 1797 atque
1560 1723 1907 1797 pervigilem
1965 1741 2189 1793 curam,
2252 1742 2368 1797 qua
2400 1726 2575 1781 rebus
2603 1726 2855 1781 conditis
2887 1725 3081 1781 studio
3111 1742 3229 1780 sum
3261 1724 3639 1797 providentiae

204 1814 500 1873 consulit.
547 1816 655 1870 Sed
704 1819 763 1870 et
809 1814 923 1870 alia
967 1814 1218 1870 subinde
1268 1830 1529 1885 quaarere
1563 1814 1771 1886 possis.
1818 1817 2102 1869 Caeterum
2135 1830 2252 1868 non
2299 1814 2409 1868 hac
2441 1815 2512 1869 de
2540 1831 2600 1869 re
2648 1815 2758 1869 rati
2809 1831 2937 1871 esse
2996 1830 3517 1886 supervacaneum,
3576 1816 3643 1867 ut

210 1905 423 1960 eadem
478 1904 809 1971 retexendo,
865 1902 1111 1959 totiesve
1170 1902 1543 1971 inculcando,
1587 1902 1769 1958 videri
1827 1903 2077 1959 velimus
2120 1920 2268 1959 nova
2319 1905 2588 1976 quaedam
2643 1904 2859 1973 dicere,
2917 1904 3013 1959 hic
3074 1905 3315 1959 modum
3368 1901 3643 1975 praesenti

209 1994 599 2065 imponemus
629 1992 923 2065 epistolae:
956 1997 1022 2048 ut
1052 1992 1152 2064 qui
1184 1992 1356 2065 plura
1388 1993 1577 2066 longe,
1610 2009 1789 2064 quam
1822 1997 1939 2049 tuae
1969 1994 2038 2049 ad
2076 2010 2182 2049 nos
2211 1993 2420 2050 litteras
2451 2010 2579 2049 meo
2607 1994 2895 2050 arbitratu
2927 1994 3296 2050 desiderasse
3343 1993 3640 2058 videntur,

204 2082 700 2140 disseruerimus.
736 2082 982 2139 Proinde
1015 2082 1271 2154 cupienti
1303 2083 1410 2138 tibi
1443 2082 1634 2138 fusius
1664 2083 1893 2138 edoceri
1917 2083 1987 2137 de
2019 2083 2296 2138 omnibus
2330 2083 2423 2138 his
2475 2099 2583 2138 nos
2644 2098 2866 2139 morem
2919 2087 3210 2155 gerentes,
3272 2082 3642 2153 Symbolicam

204 2172 555 2243 theologiam
585 2171 1065 2242 transcribimus,
1099 2172 1199 2227 sed
1232 2175 1290 2226 et
1319 2170 1596 2238 solidam,
1628 2172 1686 2226 in
1722 2187 1840 2242 qua
1868 2170 2132 2226 iuvenies
2164 2171 2421 2226 dilucide
2450 2176 2723 2227 enarrata
2762 2172 2986 2239 omnia,
3034 2188 3161 2243 quas
3211 2171 3281 2226 de
3330 2169 3640 2242 sapientia,

205 2260 274 2317 de
308 2262 514 2325 domo,
549 2260 620 2316 de
644 2259 833 2316 solido
864 2259 992 2316 cibo
1023 2260 1082 2314 in
1116 2276 1298 2333 panes
1328 2276 1395 2315 ac
1427 2260 1694 2315 victimas
1717 2260 2052 2327 distributo,
2087 2260 2277 2332 deque
2309 2261 2365 2314 id
2399 2277 2581 2330 genus
2613 2260 2747 2315 aliis
2780 2260 2838 2314 in
2870 2260 3209 2316 universum
3259 2260 3645 2315 tradebantur

204 2350 551 2406 obscurius.
603 2349 708 2404 Est
743 2348 902 2404 enim
951 2347 1188 2403 libellus
1236 2347 1331 2403 hic
1376 2348 1532 2415 talis,
1585 2353 1649 2403 ut
1679 2348 1737 2403 in
1770 2365 1885 2419 quo
1917 2365 2098 2418 queas
2131 2349 2393 2404 invenire
2426 2349 2767 2421 symbolicas
2799 2350 2980 2406 totius
3010 2348 3312 2418 theologia
3344 2348 3641 2404 rationes:

207 2438 310 2509 qui
343 2437 544 2493 verbis
577 2437 903 2493 etiamnum
937 2437 1253 2509 Scriptura
1284 2436 1432 2492 mire
1463 2436 1718 2492 concinit
1737 2436 1909 2507 juxta
1938 2453 2135 2493 sacras
2167 2437 2537 2505 traditiones,
2569 2454 2719 2509 quas
2750 2455 2783 2494 a
2813 2442 3016 2494 sancto
3049 2437 3349 2510 Apostolo,
3382 2435 3639 2493 admira-

206 2525 439 2598 bilique
471 2527 708 2582 doctore
738 2542 884 2593 meo,
916 2526 1031 2598 ipsi
1061 2526 1221 2581 velut
1251 2542 1353 2597 per
1372 2542 1585 2581 manus
1617 2526 1973 2598 accepimus.

631 2654 747 2709 ΕΙΣ
781 2654 927 2708 ΤΗΝ
957 2652 1370 2708 ΕΠΙΣΤΟΛΗΝ
1403 2654 1456 2708 Ι”

280 2759 349 2814 Ἦ
387 2758 483 2831 μὶν
514 2755 783 2826 ἰπιστολή
824 2757 944 2830 ἀξια
994 2764 1097 2828 τῆς
1127 2753 1500 2833 ἀρχαιότητος
1531 2756 1738 2824 ἐκείνης
1767 2764 1869 2827 τῆς

209 2849 367 2923 ἱερᾶς
405 2847 497 2902 καὶ
526 2852 624 2902 τοῦ
659 2849 924 2921 μαθητοῦ,
975 2847 1033 2901 ’ὸν
1062 2845 1249 2922 ἠγάπα
1279 2849 1306 2902 6
1336 2850 1572 2919 Ἰησοῦς,
1602 2848 1701 2917 τὴν
1763 2849 1868 2921 χά-

211 2957 295 3013 ριν
353 2934 803 3011 ἀπαγγέλλουσα.
860 2941 1010 2991 ’Ἐστι
1061 2934 1117 2991 δί
1167 2932 1502 3009 συμϐάλλειν
1544 2936 1604 2991 ἰκ
1630 2943 1731 3006 τῆς
1760 2935 1871 2990 ἐπι-

208 3026 425 3095 στολῆς
463 3024 686 3096 ταύτης,
734 3024 825 3079 καὶ
876 3024 935 3079 ἐκ
963 3032 1063 3093 τῆς
1094 3025 1228 3099 πρὸς
1277 3026 1371 3079 τὸν
1404 3024 1552 3099 ἅγιον
1584 3024 1867 3101 Πολύκαρ-

208 3136 312 3170 πον
351 3112 600 3188 ἑϐδόμης
631 3111 817 3183 οὔσης,
872 3115 1005 3168 εἶναι
1064 3115 1155 3168 τὸν
1219 3118 1388 3189 μεγαν
1423 3113 1722 3186 Διονύσιον,
1782 3114 1871 3169 ὅτε

208 3209 386 3260 ταῦτα
416 3200 665 3279 ἔγραψεν,
731 3203 865 3259 ἐτῶν
911 3201 1035 3277 περί
1091 3224 1196 3258 που
1254 3203 1624 3275 ἐννενήκοντα*
1686 3203 1736 3259 ἐν
1774 3205 1866 3276 μὲν

210 3294 313 3369 γὰρ
349 3297 419 3367 τῇ
451 3293 588 3369 πρὸς
618 3294 708 3347 τὸν
738 3290 893 3366 ἅγιον
940 3290 1301 3367 Πολύκαρπόν
1335 3313 1520 3366 φησιν,
1581 3292 1662 3347 ὅτι
1723 3291 1772 3345 ἰν
1801 3295 1868 3355 τῆ

208 3382 330 3437 κατ’
361 3379 636 3457 Αἴγυπτον
686 3378 1041 3435 Ἡλιουπόλει
1088 3377 1309 3456 διάγων,
1344 3380 1594 3443 ἐθεάσατο
1625 3382 1722 3449 τὴν
1782 3380 1869 3434 ἐπὶ

208 3476 291 3543 τῷ
341 3468 602 3544 σωτηρίῳ
645 3474 860 3545 σταυρῷ
908 3467 1207 3543 γενομένην
1257 3473 1354 3523 τοῦ
1385 3467 1549 3538 ἡλίου
1607 3465 1868 3541 ἔκλειψιν,

210 3559 350 3635 δτερ
382 3559 594 3636 γέγονεν
656 3558 707 3615 ἂν
763 3563 844 3631 τῷ
896 3556 1346 3631 ὀκτωκαιδεκάτῳ
1394 3557 1499 3613 ἔτει
1536 3565 1637 3628 τῆς
1707 3553 1870 3615 Τιϐε-

217 3648 341 3724 ρίου
376 3646 679 3724 βασιλείας·
738 3652 817 3719 τῷ
871 3647 971 3723 γὰρ
1015 3645 1475 3721 πεντεκαιδεκάτῳ
1508 3642 1611 3702 ἔτει
1670 3645 1869 3722 ἤρξατο

216 3744 313 3794 τοῦ
344 3737 705 3814 κηρύγματος
737 3738 764 3791 6
789 3737 989 3812 Κύριος
1017 3739 1178 3809 ἡμῶν
1226 3739 1441 3807 Ἰησοῦς
1484 3737 1736 3813 Χριστὸς,
1796 3738 1871 3799 ὡς

215 3826 266 3882 ἐν
296 3834 377 3900 τῷ
406 3827 545 3882 κατὰ
592 3832 802 3882 Λουκᾶν
860 3824 1125 3897 δηλοῦται
1167 3825 1297 3899 θείῳ
1330 3826 1670 3901 Εὐαγγελίῳ.
1732 3828 1872 3891 Τρία

229 3915 275 3971 δ’
329 3914 423 3987 ἔτη
462 3921 578 3989 μετ’
609 3915 811 3991 ὀλίγων
837 3916 924 3971 καὶ
961 3919 1153 3989 μηνῶν
1181 3916 1440 3991 κηρύξας,
1501 3915 1637 3970 ἑκὼν
1669 3917 1872 3989 πάσχει

1899 2654 1956 2722 Α

2512 2654 2584 2708 ΙΝ
2614 2653 2863 2710 EPISTO
2874 2654 3008 2708 LAM
3038 2653 3105 2708 X.

2052 2759 2313 2832 Epistola
2340 2759 2459 2815 haec
2488 2765 2694 2816 sancta
2727 2761 2820 2815 illa
2855 2761 3205 2832 antiquitate
3239 2776 3373 2816 cum
3422 2758 3631 2831 primis

1982 2848 2283 2920 digna,sed
2302 2866 2489 2920 neque
2512 2849 2818 2921 indignam
2840 2867 2947 2920 par
2962 2855 3051 2904 est
3071 2849 3293 2905 censeri
3316 2847 3629 2919 discipulo,

1981 2954 2155 3009 quem
2181 2954 2527 3008 magnopere
2559 2938 2841 3009 diligebat
2870 2938 3064 3007 Jesus,
3099 2937 3317 3010 quippe
3348 2953 3474 3007 quae
3505 2954 3632 3007 gra-

1979 3029 2123 3083 tiam
2156 3028 2212 3083 tn
2248 3044 2561 3084 commune
2595 3029 2948 3098 pronuntiet.
2982 3029 3142 3093 Quod
3167 3033 3361 3083 autem
3386 3027 3631 3083 eximius

1980 3117 2085 3173 hic'
2106 3117 2416 3189 Dionysius
2446 3134 2735 3173 annorum
2769 3118 2953 3173 sitatis
3004 3117 3179 3173 fuerit
3210 3117 3633 3189 propemodum

1980 3206 2319 3278 nonaginta,
2379 3207 2613 3277 quando
2670 3208 2819 3262 hanc
2875 3206 3113 3279 scripsit
3153 3204 3509 3277 epistolam,
3563 3222 3634 3260 ex

1980 3295 2087 3351 hac
2120 3297 2247 3367 ipsa
2294 3295 2463 3351 liceat
2522 3296 2920 3366 conjecturam
2950 3312 3195 3366 capere;
3248 3312 3317 3350 ex
3368 3311 3437 3350 ea
3466 3295 3630 3363 item,

1981 3402 2110 3456 qua:
2141 3386 2212 3440 ad
2236 3389 2500 3439 sanctum
2529 3385 2908 3457 Polycarpum
2928 3385 3132 3440 ordine
3152 3384 3496 3455 septima.ln
3520 3383 3630 3437 hac

1982 3475 2267 3546 siquidem
2300 3477 2368 3530 ad
2413 3480 2681 3531 sanctum
2714 3475 3081 3547 Policarpum
3117 3475 3328 3531 asserit
3357 3491 3442 3539 se,
3493 3490 3627 3528 cum

1981 3565 2040 3619 in
2084 3564 2365 3636 Heliopoli
2418 3566 2646 3638 Egypti
2689 3565 2942 3637 degeret,
2977 3564 3346 3637 perspexisse
3377 3563 3628 3619 solarem

1982 3653 2143 3709 illam
2171 3654 2440 3727 eclipsin,
2474 3672 2589 3726 quo
2619 3659 2882 3728 tempore
2904 3655 3382 3717 Dominus‘Jesus
3404 3670 3438 3709 a
3466 3652 3627 3708 salu-

1981 3743 2093 3797 tari
2124 3759 2296 3799 cruce
2317 3745 2643 3815 pendebat:
2680 3746 2835 3816 quod
2862 3744 3195 3816 prodigium
3228 3742 3436 3798 incidit
3457 3743 3515 3797 in
3532 3759 3628 3797 an-

1982 3849 2123 3887 num
2158 3833 2321 3904 regni
2374 3833 2589 3889 Tiberii
2623 3839 2894 3890 octavum
2934 3838 2991 3888 et
3022 3833 3341 3889 decimum.
3376 3833 3628 3888 Exorsus

1981 3922 2136 3977 enim
2171 3928 2260 3978 est
2290 3922 2478 3979 lucem
2501 3923 2798 3979 effundere
2829 3941 2946 3978 suae
2978 3921 3407 3995 praedicationis
3438 3922 3631 3977 Domi-

223 4008 249 4061 ὁ
279 4007 557 4077 Δεσπότης
606 4006 839 4081 Χριστὸς
889 4007 977 4060 καὶ
1030 4008 1156 4067 Θεὸς
1189 4008 1368 4077 ἡμῶν,
1397 4005 1474 4067 ὡς
1532 4006 1665 4059 εἶναι
1711 4000 1869 4061 Τιϐε-

1982 4029 2094 4067 nus
2128 4017 2326 4067 noster
2352 4014 2526 4068 Jesus
2550 4013 2820 4069 Christus
2841 4030 2995 4068 anno
3018 4012 3194 4068 istius
3216 4011 3431 4067 Tiberii
3453 4010 3626 4081 quin-

225 4098 340 4171 ρὶου
375 4098 447 4166 ιη’
492 4096 631 4159 ἔτος.
693 4090 1042 4152 Ἐϐασίλευσε
1092 4092 1149 4149 δὲ
1197 4090 1454 4170 Τιϐέριος
1486 4095 1626 4172 ἀμφὶ
1674 4094 1740 4149 τὰ
1794 4101 1872 4170 κγ

226 4184 339 4257 ἔτη,
381 4187 458 4247 ὡς
491 4186 623 4240 εἶναι
655 4185 762 4239 ἀπὸ
812 4180 909 4239 τοῦ
960 4183 1233 4258 σωτηρίου
1283 4185 1493 4248 πάθους
1543 4183 1647 4247 ἓως
1691 4181 1875 4239 τελευ-

223 4283 317 4346 τῆς
366 4270 618 4351 Τιϐερίου
649 4269 741 4345 ἔτη
778 4275 846 4338 ς’.
884 4272 1181 4344 Ἐξωρίσθη
1230 4271 1287 4329 δὲ
1336 4275 1363 4328 ὁ
1412 4276 1563 4350 ἅγιος
1614 4273 1874 4329 Ἀπόστο-

225 4364 317 4427 λος
345 4364 439 4419 καὶ
472 4362 879 4440 Εὗαγγελιστὴς
920 4362 1178 4431 Ἰωάννης
1210 4361 1261 4416 ἐν
1306 4362 1514 4435 Πάτμῳ
1569 4364 1637 4435 τῇ
1696 4364 1869 4434 νήσῳ,

226 4454 341 4522 ἥτις
371 4452 485 4508 ἐστὶ
540 4454 639 4526 μία
680 4456 787 4506 τῶν
837 4449 1131 4506 Κυκλάδων
1173 4452 1377 4520 νήσων,
1438 4451 1563 4526 περὶ
1593 4451 1656 4505 τὸ
1684 4448 1871 4505 τελευ-

221 4549 371 4598 ταῖον
404 4541 526 4605 ἔτος
574 4548 673 4611 τῆς
714 4544 1047 4614 Δομετιανοῦ
1100 4537 1396 4615 βασιλείας’
1445 4537 1758 4594 ἐϐασίλευσε
1815 4538 1872 4594 δὲ

227 4632 379 4695 οὗτος
429 4629 521 4702 ἔτη
559 4632 637 4701 ιε’,
666 4631 754 4684 καὶ
809 4636 984 4701 μῆνας
1033 4630 1088 4683 ε’.
1142 4626 1469 4703 Συνάγονται
1520 4625 1575 4682 δὲ
1623 4628 1729 4683 ἀπὸ
1774 4633 1872 4684 τοῦ

224 4729 291 4791 ιη’
340 4716 493 4782 ἔτους
536 4715 816 4791 Τιϐερίου,
849 4720 938 4773 ὅτε
966 4721 1000 4788 ἡ
1044 4715 1286 4792 ἔκλειψις
1328 4721 1571 4793 γέγονεν,
1613 4715 1718 4782 ἕως
1768 4725 1869 4787 τῆς

219 4810 475 4879 τελευτῆς
508 4812 860 4882 Δομετιανοῦ,
910 4805 1001 4878 ἔτη
1038 4806 1109 4880 ξδ’
1158 4808 1281 4880 περί
1311 4830 1417 4863 που
1460 4808 1549 4862 καὶ
1604 4815 1771 4881 μῆνες
1808 4809 1867 4876 ζ’,

215 4900 574 4973 Τποθώμεθα
607 4896 664 4953 δὲ
706 4897 795 4952 καὶ
844 4897 934 4951 τὸν
978 4900 1122 4951 θεῖον
1174 4897 1475 4965 Διονύσιυν,
1527 4896 1616 4952 ὅτε
1661 4896 1727 4951 τὰ
1781 4895 1868 4950 ἐπὶ

212 4995 285 5062 τῷ
343 4993 562 5064 σταυρῷ
616 4993 716 5043 τοῦ
768 4988 973 5044 Κυοίου
1028 4985 1185 5057 εἶδεν,
1247 4989 1380 5042 εἶναι
1436 4987 1568 5042 ἐτῶν
1630 4989 1725 5055 κε’,
1780 4988 1870 5041 ἅτε

210 5083 387 5154 οἶμαι,
443 5080 537 5134 καί
594 5076 674 5133 ἔτι
724 5077 1191 5152 ἀναγινώσκοντα,
1261 5078 1335 5139 ὡς
1388 5077 1518 5132 εἶναι
1565 5078 1632 5132 τὰ
1696 5076 1872 5132 πάντα

208 5168 346 5248 ἄμφι
374 5170 445 5225 τὰ
576 5165 670 5238 ἔτη
721 5169 855 5241 (48).
905 5166 1193 5240 Μᾶμνηται
1227 5164 1284 5221 δὲ
1316 5169 1417 5232 τῆς
1459 5166 1546 5221 ἐπὶ
1576 5170 1672 5221 τοῦ
1704 5175 1872 5239 Δομε-

207 5263 394 5315 τιανοῦ
424 5256 633 5331 ἐξορίας
661 5260 759 5311 τοῦ
817 5255 1125 5331 ἀγιωτάτου
1163 5257 1417 5312 Ἰωάννου
1462 5256 1553 5310 καὶ
1610 5254 1869 5331 θεολόγου

206 5348 295 5403 καὶ
356 5347 653 5421 Εἰρηναῖος
697 5344 755 5400 ἓν
809 5343 889 5417 τῷ
950 5344 1121 5420 τρίτῳ
1174 5345 1264 5399 καὶ
1311 5346 1547 5419 πὲμπτῳ
1580 5343 1728 5421 λόγῳ
1755 5348 1865 5403 τῶν

209 5440 347 5495 Κατὸ
410 5438 695 5511 αἱρέσεων,
755 5436 851 5491 καὶ
910 5438 1151 5509 ΚΛήμης
1214 5438 1242 5490 ὁ
1291 5434 1673 5512 Ἀλεξανδρεὺς
1705 5434 1758 5491 ἐν
1790 5441 1865 5509 τῷ

1981 4105 2037 4155 to
2069 4105 2126 4155 et
2157 4101 2404 4167 decimo,
2438 4102 2934 4172 quemadmodum
2960 4100 3337 4171 Evangelium
3364 4101 3529 4155 Lucas
3551 4100 3626 4171 (ο)

1980 4189 2152 4260 plane
2182 4189 2447 4244 divinum
2479 4190 2752 4245 declarat.
2786 4190 3002 4244 Tribus
3034 4194 3227 4244 autem
3281 4189 3453 4243 annis
3506 4205 3625 4244 una

1979 4294 2113 4333 cum
2148 4279 2439 4334 mensium
2473 4278 2695 4349 aliquot
2727 4278 3081 4342 accessione,
3118 4278 3217 4331 ubi
3257 4278 3625 4347 praedicatio-

1982 4367 2072 4423 nis
2104 4384 2346 4423 munere
2378 4368 2721 4439 perfunctus
2754 4372 2860 4436 est,
2903 4366 3206 4421 ultroneus
3250 4367 3402 4422 290
3434 4382 3495 4421 se
3536 4366 3627 4420 of-

1980 4458 2092 4512 fert
2123 4457 2379 4528 passioni
2417 4456 2697 4512 Dominus
2749 4456 2927 4511 simul
2959 4461 3016 4511 et
3046 4457 3197 4511 Deus
3226 4460 3426 4511 noster
3452 4458 3625 4510 Jesus

1979 4547 2272 4611 Christus,
2304 4546 2533 4601 circiter
2572 4562 2791 4601 annum
2825 4545 3045 4601 Tiberii
3077 4549 3345 4600 octavum
3379 4548 3437 4600 et
3465 4545 3625 4599 deci~

1979 4635 2457 4707 mum.Regnavit
2483 4639 2678 4690 autem
2703 4635 2974 4690 Tiberius
2998 4634 3167 4690 annis
3200 4634 3623 4705 propemodum

1980 4726 2170 4780 tribus
2202 4730 2257 4779 et
2280 4723 2507 4794 viginti,
2542 4724 2625 4778 sic
2659 4728 2723 4778 ut
2755 4741 2788 4778 a
2828 4724 3073 4778 salutari
3106 4723 3317 4778 Christi
3352 4723 3626 4795 passione

1979 4816 2048 4871 ad
2084 4816 2302 4869 exitum
2338 4830 2524 4883 usque
2552 4813 2765 4869 Tiberii
2791 4814 2925 4867 anni
2951 4811 3402 4867 sexintermedii
3426 4827 3626 4866 nume-

1979 4909 2201 4961 rentur.
2236 4903 2485 4958 Proinde
2511 4908 2750 4957 sanctus
2784 4902 2877 4956 hic
2910 4902 3212 4973 apostolus
3244 4905 3299 4956 et
3328 4899 3625 4970 evangeli-

1978 4999 2065 5050 sta
2099 4994 2355 5049 Joannes
2405 4992 2706 5062 ablegatus
2754 4991 2954 5047 exsilio
2995 4995 3084 5046 est
3111 4990 3170 5045 in
3203 4987 3459 5044 insulam
3493 4992 3624 5044 Pat-

1980 5100 2138 5146 mon,
2173 5099 2299 5153 quas
2325 5081 2641 5153 Cycladum
2677 5098 2792 5135 una
2823 5087 2930 5150 est,
2964 5079 3073 5134 sub
3104 5082 3430 5134 extremum
3461 5077 3625 5149 regni

1978 5171 2289 5227 Domitiani
2317 5169 2846 5241 annum.Regnavit
2876 5174 3070 5223 autem
3107 5166 3163 5221 in
3189 5166 3359 5221 annis
3383 5167 3623 5237 quinde-

1979 5261 2113 5328 cim,
2149 5260 2449 5315 mensibus
2480 5260 2619 5313 item
2653 5258 2930 5330 quinque.
2955 5257 3038 5311 Ab
3061 5273 3213 5311 anno
3231 5256 3622 5311 Tiberiiocta-

1977 5366 2045 5405 vo
2076 5354 2131 5404 et
2177 5350 2423 5418 decimo,
2476 5366 2589 5420 quo
2635 5347 2859 5401 celebre
2918 5345 3065 5400 illud
3115 5343 3255 5400 solis
3301 5344 3623 5415 deliquium

1978 5439 2248 5510 contigit,
2280 5438 2348 5493 ad
2377 5444 2620 5493 mortem
2647 5452 2834 5506 usque
2854 5433 3189 5505 Domitiani,
3215 5435 3476 5490 recensio
3506 5434 3625 5490 col-

208 5525 361 5603 λόγῳ
391 5532 471 5600 τῷ
502 5526 626 5601 περὶ
685 5530 803 5594 τοῦ,
864 5526 962 5587 Τίς
1020 5526 1047 5579 6
1107 5526 1417 5598 σωζόμενος
1467 5526 1751 5587 πλούσιος
1814 5525 1864 5580 ἐν

1981 5528 2180 5600 ligitur
2211 5526 2666 5597 annorum,plus
2700 5526 2899 5579 minus
2933 5529 3186 5595 quatuor
3216 5529 3273 5580 et
3303 5525 3626 5596 sexaginta,

210 5618 254 5688 ᾧ
299 5617 390 5672 καὶ
438 5616 564 5689 περί
620 5620 716 5670 τοῦ
767 5613 1059 5692 γεγονότος
1107 5614 1428 5690 Αῃστάρχου
1475 5614 1638 5691 λέγει.
1704 5615 1861 5673 Οὕτω

210 5703 547 5781 πληροῦνται
578 5698 837 5779 Τιϐερίου
883 5704 949 5758 τὰ
1002 5703 1282 5775 λείποντα,
1342 5704 1524 5775 Γαίου,
1561 5702 1856 5776 Κλαυδίου,

281 5868 349 5941 (ο)
378 5869 516 5941 Cap.
550 5884 636 5935 ιιι,
669 5866 722 5924 4.

1972 5618 2265 5674 mensium
2300 5632 2530 5687 quoque
2561 5614 3231 5686 septem.Supponamus
3253 5614 3406 5669 enim
3433 5612 3623 5668 admi-

1972 5705 2213 5761 rubilem
2237 5706 2391 5759 hunc
2413 5704 2778 5776 Dionysium,
2809 5704 3043 5777 quando
3066 5703 3335 5776 prodigia
3362 5703 3618 5771 ejusmo-
