4062 6366
394 472 500 530 507

1228 476 1591 530 APPENDIX
1628 476 1727 529 AD
1764 474 2006 530 OPEBA
2040 472 2100 526 Β.
2140 473 2453 532 DIONYSII
2497 479 2996 538 AREOPAGITE.

3699 478 3806 534 508

399 599 481 668 di,
518 598 760 655 Domino
791 599 947 657 cruci
978 598 1172 668 afﬁxo,
1206 599 1518 672 perspexit,
1551 614 1836 656 annorum
1861 596 2044 653 fuisse

2161 594 2429 673 Νὶρωνος,
2488 602 2937 671 Οὐεσπασιανοῦ,
2996 602 3178 671 Τίτου,
3239 606 3595 675 Δομετιανοῦ.
3651 604 3806 678 Λέγει

398 688 609 761 viginti
640 688 920 761 quinque,
954 689 1453 760 quemadmodum
1488 706 1580 744 me
1612 688 1804 744 adhuc
1832 686 2044 759 legisse

404 777 676 846 arbitror,
727 777 811 833 sic
855 781 918 833 ut
949 794 1153 833 omnes
1186 777 1324 833 anni
1354 778 1569 833 fuerint
1600 776 1832 832 circiter
1859 792 2041 831 nona-

393 866 845 939 ginta.Mcminit
874 867 1052 937 hujus
1076 866 1449 938 relegationis
1482 865 1845 921 sanctissimi
1875 865 2045 921 Joan-

394 956 486 1011 nis
519 959 574 1011 et
624 954 899 1026 theologi,
952 956 1277 1027 imperante
1331 954 1662 1009 Domitiano
1711 955 1893 1009 factas.
1929 955 2041 1008 Ire-

394 1062 557 1101 nzeus
612 1044 671 1100 in
722 1045 890 1101 tertio
939 1049 997 1099 et
1046 1046 1250 1116 quinto
1291 1043 1460 1098 libris
1494 1044 1756 1098 Adversus
1787 1045 2037 1098 haereses.

388 1134 655 1191 Clemens
687 1134 826 1190 item
860 1134 1290 1190 Alexandrinus
1323 1133 1381 1188 in
1415 1150 1481 1188 eo
1513 1134 1805 1203 opere,cui
1838 1132 2041 1188 inscri-

385 1225 509 1296 ptio
541 1229 661 1280 est:
701 1225 833 1293 Quis
863 1224 1010 1279 dives
1042 1240 1167 1279 cum
1198 1224 1289 1293 sit,
1317 1225 1487 1294 possit
1534 1224 1723 1277 salvus
1769 1224 1931 1293 ﬁeri;
1978 1222 2037 1277 in

384 1330 505 1385 quo
536 1314 605 1369 de
637 1314 749 1369 isto
778 1313 1115 1385 praedonum
1143 1312 1609 1384 sicariorumque
1628 1313 1887 1385 principe
1920 1312 2038 1368 vio-

382 1403 539 1459 lento
573 1420 686 1458 non
724 1418 911 1475 pauca
944 1402 1240 1457 edisserit.
1283 1404 1473 1473 Atque
1506 1403 1582 1457 ita
1614 1402 1713 1474 qui
1747 1419 1779 1456 a
1808 1402 2038 1458 Tiberio

385 1492 523 1548 anni
557 1492 837 1559 resident,
876 1492 1227 1564 supplentur
1258 1508 1360 1563 per
1382 1492 1844 1549 intercurrentes
1877 1491 2038 1562 prin-

383 1581 544 1655 cipes
588 1581 798 1637 Gaium
841 1581 993 1650 dico,
1027 1580 1358 1651 Claudium,
1389 1581 1700 1647 Neronem,
1729 1581 2040 1652 Vespasia-

385 1687 550 1737 num,
584 1671 805 1737 Titum,
839 1669 1261 1725 Doxnitianum.
1294 1670 1447 1725 Dicit
1468 1669 1648 1743 igitur
1678 1674 1849 1725 Pater
1866 1669 1961 1725 hic
1982 1670 2038 1725 S.

379 1759 593 1818 Joanni
614 1758 1041 1831 Theologo,ubi
1067 1761 1327 1831 primum
1354 1775 1455 1831 per
1476 1759 1829 1830 scripturam
1847 1758 2040 1814 verbis

378 1863 515 1906 eum
548 1848 924 1905 salutationis
955 1847 1293 1920 appellavit.
1351 1847 1499 1912 Quid
1532 1848 1918 1904 admiratione
1948 1848 2038 1903 di-

381 1955 587 2012 gnum,
622 1937 668 1993 si
699 1937 990 2036 Christus,
1016 1937 1179 2036 'quod
1213 1953 1415 2036 verum
1449 1941 1551 2036 est
1600 1936 1932 2008 eloquitur:
1985 1939 2041 1992 et
2072 1970 2120 2036 Β

383 2030 817 2100 persequuntur
844 2024 1032 2097 iniqui
1060 2026 1337 2081 sanctos?
1357 2029 1431 2081 At
1449 2025 1507 2080 hi
1537 2027 1749 2098 seipsis
1773 2042 2041 2099 peraeque

385 2133 451 2173 ac
496 2115 718 2172 sanctis
772 2116 954 2187 digna
999 2119 1232 2188 gerunt.
1290 2115 1513 2187 Seipsis
1566 2116 1831 2188 quidem,
1883 2116 2039 2187 quod

388 2209 731 2261 sanctorum
758 2221 1141 2277 congressum
1179 2222 1422 2276 prorsus
1456 2205 1575 2261 sint
1607 2205 1834 2276 indigni
1863 2247 1876 2273 ,
1910 2221 2042 2260 san-

386 2296 495 2350 ctis
527 2297 746 2361 autem,
780 2294 935 2365 quod
967 2293 1074 2348 hac
1118 2294 1341 2349 ratione
1392 2294 1767 2366 provideatur
1798 2298 1880 2361 ut,
1914 2310 2040 2365 quae

384 2372 590 2440 sancta
621 2388 780 2449 sunt,
834 2384 1182 2439 intemerata
1225 2387 1530 2439 serventur
1561 2384 1631 2439 ab
1664 2382 1899 2438 illorum
1932 2384 2039 2438 im-

382 2489 531 2546 pura
575 2471 1009 2528 communione.
1046 2472 1248 2528 Isthmo
1280 2472 1433 2527 enim
1469 2472 1724 2527 visibilia
1754 2473 2042 2543 imagines

386 2576 674 2634 expressae
707 2564 847 2617 sunt
878 2560 1285 2616 invisibilium.
1305 2560 1552 2617 Etiamsi
1584 2561 1643 2616 in
1668 2564 2041 2617 sacrosancto

385 2649 694 2723 Evangelio
728 2649 962 2705 recitari
1006 2649 1359 2706 audiamus:
1413 2652 1478 2706 Et
1524 2651 1808 2722 separabit
1857 2666 1944 2705 eos
1974 2651 2042 2706 ab

383 2742 621 2795 invicem
665 2739 744 2811 (ά)
793 2756 908 2795 non
969 2740 1245 2795 continuo
1288 2739 1445 2795 credi
1478 2740 1653 2795 debet
1682 2740 1837 2795 Deus
1870 2740 2043 2797 istius

388 2833 592 2884 auctor
621 2844 751 2884 esse
784 2827 1171 2900 separationis
1233 2846 1267 2883 a
1311 2829 1739 2899 peccatoribus,
1810 2829 1909 2900 qui
1968 2829 2039 2882 ad

391 2918 695 2974 sinistram
728 2918 1122 2973 constituendi
1173 2921 1343 2971 sunt:
1378 2918 1573 2972 verius
1604 2918 1659 2972 hi
1695 2918 1807 2972 sibi
1841 2921 2038 2972 aucto-

394 3023 484 3063 res
517 3012 657 3061 sunt
687 3006 815 3075 ejus
848 3004 985 3060 mali
1020 3009 1373 3077 peccatores,
1406 3006 1624 3077 quippe
1679 3007 1778 3077 qui
1812 3006 2043 3078 selpsos

394 3111 634 3168 prorsus
687 3093 937 3149 ultronei
992 3099 1441 3165 sequestrarunt
1499 3113 1531 3150 a
1580 3095 1677 3151 Dei
1724 3096 2038 3151 consortio.

386 3183 898 3249 Quemadmodum
930 3184 1041 3255 ipsi
1071 3183 1217 3239 alios
1250 3184 1665 3257 perspicimus,
1696 3186 1847 3255 quod
1876 3184 2041 3257 probi

388 3274 509 3330 sint
538 3278 831 3328 amatores
864 3290 1060 3327 rerum
1095 3289 1196 3344 per
1225 3290 1285 3327 se
1310 3274 1707 3338 honestarum,
1734 3274 1848 3329 Deo
1869 3274 2039 3329 fami-

393 3362 598 3418 liarius
624 3361 795 3433 jungi
825 3377 838 3418 :
864 3362 1107 3433 jamque
1140 3363 1286 3418 29]
1345 3379 1412 3416 ex
1445 3363 1716 3434 praesenti
1752 3364 2044 3435 primitias

396 3451 683 3525 quasdam
718 3456 1005 3506 secuturae
1052 3466 1184 3506 mox
1238 3451 1370 3505 vita:
1404 3468 1780 3523 praecerpere,
1840 3456 1902 3507 ut
1948 3453 2044 3524 qui

391 3542 545 3597 inter
592 3540 861 3595 homines
892 3541 962 3595 ad
1020 3540 1293 3612 angelicae
1343 3541 1801 3597 conversationis
1844 3542 2049 3616 imagi-

392 3648 527 3688 nem
593 3648 733 3687 suos
794 3630 905 3703 ipsi
963 3647 1155 3687 mores
1214 3633 1486 3687 decenter
1523 3638 1883 3705 componunt
1911 3650 2046 3689 cum

391 3721 553 3778 omni
585 3719 768 3775 divini
795 3720 1055 3776 nominis
1086 3721 1491 3777 obsecratione
1522 3728 1578 3777 et
1610 3724 2045 3778 sanctitate.Dei

393 3809 635 3881 quidem
662 3809 1199 3865 denominationem
1220 3827 1285 3865 eo
1305 3810 1531 3867 inducit
1562 3812 1729 3868 Pater
1750 3812 1871 3867 sive
1893 3813 2046 3883 quod

388 3900 655 3955 actiones
682 3914 823 3953 suas
873 3914 1079 3955 omnes
1129 3900 1187 3955 in
1226 3899 1321 3955 Dei
1354 3917 1585 3972 semper
1618 3902 1854 3956 nomine
1887 3919 2049 3973 pera-

394 3992 574 4062 gant;
609 3992 712 4043 aut
744 3988 878 4058 quia
910 4004 943 4043 a
966 3990 1390 4058 Deo,nimirum
1424 3991 1677 4057 Christo,
1710 3990 2050 4045 nomencla-

398 4082 595 4133 turam
629 4077 841 4143 sortiti,
876 4076 1093 4132 Christi
1127 4078 1301 4133 vitam
1335 4079 1513 4149 digna
1545 4079 1883 4150 exprimunt
1914 4095 2050 4133 con-

394 4166 753 4222 versatione.
788 4167 916 4222 Jam
944 4173 1000 4222 te
1040 4168 1277 4239 quidem
1316 4186 1620 4241 nunquam
1654 4169 1896 4224 dixerim
1931 4169 2054 4224 ulla

399 4256 552 4313 afﬁci
586 4255 885 4327 passione;
921 4258 1019 4311 sed
1054 4261 1110 4311 et
1141 4258 1188 4311 si
1216 4258 1356 4329 quid
1378 4259 1612 4314 interim
1648 4258 1891 4313 afflictat
1922 4275 2054 4313 cor-

398 4362 587 4418 poreis
622 4345 939 4415 passionis,
970 4350 1212 4401 eatenus
1237 4347 1353 4417 pati
1384 4352 1440 4402 te
1467 4348 1821 4416 censuerim,
1849 4352 2051 4418 quate-

398 4450 839 4505 nus,seusuque
872 4435 999 4505 ipso
1032 4435 1286 4507 percipis
1319 4436 1599 4501 dolorem,
1632 4440 1697 4489 ut
1720 4452 1793 4491 ne
1814 4454 2053 4493 maneas

396 4524 796 4578 incoronatus.
834 4524 1082 4579 Proinde
1116 4541 1229 4579 non
1286 4524 1503 4595 injuria
1539 4524 1657 4580 illis
1716 4542 2053 4596 succenseo,

401 4613 503 4685 qui
537 4629 598 4667 se
621 4613 925 4667 conﬁdunt
956 4630 1128 4685 posse
1157 4618 1234 4684 te,
1286 4613 1836 4685 Splendidissimum
1870 4616 2052 4672 solem

2153 692 2281 761 γοῦν
2311 689 2338 743 6
2369 692 2570 767 πατὴρ,
2621 693 2754 766 πρὸς
2805 693 2897 747 τὸν
2931 691 3315 766 εὐαγγελιστὴν
3351 695 3498 767 ἅγιον
3546 694 3804 761 Ἰωάννην

2150 776 2243 831 τὸν
2275 776 2553 855 θεολόγον,
2608 781 2738 853 μεθὸ
2801 780 3087 855 ἐγγράφως
3147 782 3310 835 αὐτὸν
3371 779 3804 856 προσηγόρευσε·

2151 866 2213 921 Τί
2273 868 2575 940 θαυμαστὸν
2637 868 2681 923 εἷ
2741 870 2970 936 Χριστὸς
3030 868 3327 939 ἀληθεύει,
3387 868 3477 923 καὶ
3539 866 3805 922 διώκουσι

2148 954 2275 1017 τοὺς
2339 958 2529 1031 ἁγίους
2590 958 2640 1011 οἱ
2699 955 2899 1029 ἄδικοι,
2931 957 3093 1028 ἀξίως
3152 963 3431 1019 ποιοῦντες
3488 961 3651 1011 τοῦτο
3711 957 3801 1011 καὶ

2150 1044 2362 1108 ἑαυτοῖς
2409 1048 2497 1101 καὶ
2535 1053 2650 1110 τοῖς
2696 1047 2910 1122 ἀγῖοις;
2955 1048 3165 1113 ἑαυτοῖς
3217 1049 3334 1120 μὲν,
3393 1047 3475 1101 ὅτι
3510 1046 3608 1100 οὐκ
3662 1045 3806 1116 ἄξιοί

2151 1135 2252 1189 εἰσι
2284 1142 2382 1204 τῆς
2412 1134 2581 1189 αὐτῶν
2618 1135 2861 1209 ὁμιλίας’
2922 1142 3039 1198 τοῖς
3098 1136 3278 1211 ἁγίοις
3338 1134 3415 1203 δὲ,
3476 1133 3557 1189 ὅτι
3592 1134 3806 1212 φυλάσ-

2150 1227 2327 1279 σεσθαι
2365 1229 2581 1280 ποιοῦσι
2628 1225 2694 1279 τὰ
2741 1226 2863 1302 ἅγια
2913 1225 3158 1301 ἄχραντα
3208 1225 3313 1279 ἀπὸ
3344 1228 3443 1290 τῆς
3474 1225 3653 1278 αὐτῶν
3682 1245 3806 1277 κοι-

2149 1312 2367 1376 νωνίας.
2423 1312 2597 1369 Ταῦτα
2644 1317 2707 1368 τὰ
2740 1316 2907 1390 ὁρατά
2965 1313 3165 1376 εῗκὸνες
3220 1313 3319 1367 εἰσι
3377 1318 3481 1366 τῶν
3536 1313 3807 1388 ἀοράτων,

2148 1403 2237 1458 καὶ
2292 1400 2440 1477 εἷ’περ
2501 1402 2552 1457 ἐν
2615 1408 2690 1475 τῷ
2747 1415 2874 1475 θειῳ
2935 1402 3255 1479 Εὐαγγελίῳ
3313 1401 3586 1474 ἀκοῦομεν
3623 1446 3637 1471 ,
3699 1400 3806 1457 Καὶ

2150 1492 2365 1571 ἀφοριεῖ
2419 1492 2613 1555 αὐτοὺς
2672 1494 2760 1547 ἀπε
2808 1490 3101 1563 ἀλλήλων,
3164 1493 3227 1546 οὐ
3274 1494 3385 1567 χρὴ
3422 1489 3623 1545 θ’ίεσθαι
3658 1489 3745 1544 ὅτι
3780 1489 3807 1543 6

2148 1582 2277 1644 Θεὸς
2337 1579 2508 1645 αἴτιός
2539 1582 2648 1637 ἐστι
2677 1587 2773 1636 τοῦ
2805 1581 3113 1660 ἀφορισμοῦ
3144 1602 3173 1636 τ
3193 1586 3274 1642 οῖς
3304 1577 3683 1654 ἁμαρτωλοῖς,
3707 1585 3813 1647 τῆς

2149 1672 2200 1726 ἒν
2235 1672 2487 1746 ἀριστερᾷ
2546 1674 2805 1734 στάσεως·
2868 1669 2994 1725 ἀλλ’
3026 1670 3179 1725 αὐτοὶ
3229 1670 3441 1731 ἑαυτοῖς
3475 1667 3641 1723 αἴτιοι
3674 1666 3811 1722 τού-

2147 1781 2255 1815 των
2315 1761 2365 1815 οἱ
2411 1758 2765 1833 ἁμαρτωλοὶ,
2822 1758 3107 1821 παντελῶς
3166 1758 3389 1822 ἑαυτοὺς
3444 1757 3812 1832 ἀφορίσαντες

2148 1852 2244 1902 τοῦ
2313 1853 2464 1904 Θεοῦ·
2529 1849 2707 1922 ὥσπερ
2754 1848 2843 1902 καὶ
2904 1845 3111 1912 ἄλλους
3167 1849 3381 1924 ὁρῶμεν
3442 1848 3515 1907 ὡς
3576 1844 3811 1920 ἐραστάς

2148 1942 2255 1992 τῶν
2315 1937 2496 1992 καλῶν
2564 1939 2696 2012 μετά
2756 1942 2892 1992 Θεοῦ
2946 1936 3266 2012 γινομένους
3300 1984 3315 2009 ,
3370 1934 3421 1989 o'i
3477 1932 3543 2003 δὴ
3603 1934 3693 1988 καὶ
3749 1933 3811 1987 ἐκ

2148 2033 2247 2096 τῆς
2277 2028 2553 2103 παρούσης
2607 2031 2749 2096 ζωῆς
2808 2032 2909 2095 τῆς
2958 2024 3275 2098 μελλούσης
3304 2023 3644 2100 ἀπάρχονται,
3707 2024 3813 2095 ἀγ-

2146 2116 2503 2193 γελοπρεπῶς
2562 2116 2611 2171 ἐν
2677 2118 2824 2190 μὲσῳ
2853 2120 2959 2169 τῶν
2990 2114 3174 2170 ἀλλων
3236 2114 3535 2187 ἀνθρώπων
3570 2110 3811 2184 ἐμπολι-

2148 2206 2429 2280 τευόμενοι
2464 2207 2555 2261 σὺν
2613 2208 2757 2279 πάσῃ
2809 2204 3083 2277 θεωνυμίᾳ
3129 2204 3217 2258 καὶ
3278 2204 3552 2278 ἁγιότητι.
3585 2209 3813 2256 Θεωνυ-

2154 2296 2277 2369 μίαν
2317 2295 2372 2351 δὲ
2403 2294 2545 2370 λέγει
2605 2297 2640 2366 ἢ
2682 2295 2745 2349 τὸ
2789 2295 3019 2349 πάντοτε
3072 2293 3123 2347 ἐν
3161 2298 3240 2365 τῷ
3281 2290 3634 2365 ὀνόματιτοῦ
3668 2294 3810 2345 Θεοῦ

2149 2386 2323 2441 πάντα
2372 2388 2625 2459 πράττειν
2666 2384 2882 2445 αὐτοὺς·
2943 2382 2976 2451 ἢ
3032 2382 3093 2437 τὸ
3150 2382 3383 2437 ἀπὸτοῦ
3424 2385 3579 2449 Θεοῦ,
3634 2376 3817 2453 ἤγουν

2149 2479 2246 2529 τοῦ
2280 2477 2517 2550 Χριστοῦ
2551 2472 3011 2546 ὀνομαζομένους,
3058 2478 3172 2525 κατ’
3202 2470 3357 2525 αὐτὸν
3406 2468 3823 2533 πολιτεύεσθαι.

2150 2565 2315 2636 Ὑμᾶς
2370 2565 2461 2618 οὗν
2515 2564 2611 2617 οὐκ
2658 2562 2717 2616 ἃν
2773 2583 2905 2616 ποτε
2963 2560 3175 2633 ε’ίποιμι
3222 2561 3480 2634 πάσχειν,
3514 2556 3672 2613 ἀλλὰ
3731 2558 3827 2611 καὶ

2151 2652 2198 2708 ε’ί
2254 2675 2308 2708 τι
2360 2652 2419 2707 ἄν
2484 2651 2751 2727 πάσχοιτε
2809 2651 3145 2724 σωματικὸν,
3177 2649 3314 2704 κατᾶ
3366 2652 3625 2703 τοσοῦτον
3663 2646 3820 2721 λέγω

2149 2741 2378 2817 πάσχειν
2440 2741 2619 2813 ὑμᾶς,
2676 2739 2907 2805 καθόσον
2969 2737 3265 2815 διακρίνετε
3326 2740 3416 2793 καὶ
3469 2735 3818 2803 αἰσθάνεσθε,

2150 2831 2237 2884 ἱνα
2270 2832 2345 2903 μὴ
2406 2826 2773 2905 ἀστεφάνωτοι
2828 2829 3065 2902 μείνητε.
3125 2828 3424 2906 Μὲμφομαι
3476 2825 3532 2882 δὲ
3583 2826 3824 2890 δικαίως

2147 2924 2274 2980 τοὺς
2302 2919 2623 2993 νομίζοντάς
2653 2940 2708 2973 σε
2734 2919 2823 2973 τὸν
2857 2924 2951 2973 τοῦ
2991 2917 3328 2993 Εὐαγγελίου
3377 2916 3541 2986 ἥλιον
3604 2936 3825 2991 περιο-

2152 3010 2337 3084 ρίζειν.
2376 3007 2629 3083 Εὕχομαι
2663 3007 2719 3063 δὲ
2768 3007 2923 3081 ὅμως
2967 3008 3238 3081 ἀνανῆψαι
3287 3007 3376 3062 καὶ
3431 3003 3824 3080 προσδραμεῖν

2150 3097 2375 3168 σοι,⁹ίνα
2440 3097 2793 3175 φωτισθέντες
2824 3102 3089 3160 σωθῶσινο
3154 3098 3336 3172 ὥσπερ
3395 3096 3497 3171 γάρ
3563 3096 3819 3166 μέμηνεν

2150 3190 2178 3243 6
2239 3186 2489 3260 οἶόμενος
2527 3188 2619 3242 τὸν
2680 3186 2840 3255 ἥλιον
2897 3191 3089 3241 τοῦτον
3140 3185 3470 3260 περικλείειν
3523 3182 3574 3238 ἐν
3629 3184 3817 3255 τόπῳ,

2156 3276 2297 3332 οὕτω
2328 3277 2417 3331 καί
2475 3278 2623 3331 οὗτοι
2683 3278 2953 3349 μεμήνασι
2986 3274 3302 3348 νομίζοντες
3334 3274 3395 3328 τὸ
3427 3278 3544 3350 φῶς
3575 3276 3676 3326 τοῦ
3712 3272 3821 3328 Εὗ-

2073 3337 2118 3406 C
2158 3366 2419 3441 αγγελίου
2466 3337 2947 3439 περιορίιζείννσὺν
3005 3337 3089 3419 σοὶ
3129 3337 3178 3418 tv
3242 3337 3449 3436 Πάτμῷ
3503 3365 3574 3435 τῇ
3634 3363 3818 3433 νήσῳ·

2154 3457 2327 3527 Ἡμᾶς
2361 3452 2417 3508 δὲ
2475 3452 2599 3508 οὐδε
2649 3455 2712 3508 τὸ
2770 3453 3030 3525 ἐναντίον,
3090 3454 3331 3507 τουτέστι
3364 3453 3424 3506 τὸ
3463 3452 3554 3505 καὶ
3584 3450 3820 3525 πορῥωο

2155 3543 2295 3619 τέρω
2353 3541 2639 3619 ἀφεστάναι
2670 3544 2802 3615 (49),
2838 3544 3083 3616 στερήσει
3142 3545 3239 3595 τοῦ
3271 3544 3366 3595 σοῦ
3425 3537 3632 3616 φωτός·
3691 3536 3831 3593 ἀλλ’

2158 3631 2209 3687 ἐν
2273 3632 2367 3704 μὲν
2425 3636 2504 3703 τῷ
2563 3630 2775 3684 ἀπεῖναί
2831 3651 2908 3698 σε,
2958 3632 3020 3685 τὸ
3072 3631 3162 3684 σὸν
3193 3628 3519 3705 Εὐαγγὲλιω
3572 3628 3829 3701 ἀναγνω-

2159 3723 2385 3793 σὸμεθα,
2432 3720 2562 3796 ὅπερ
2615 3723 2841 3793 μνήμην
2896 3723 2993 3784 τῆς
3045 3716 3287 3789 ἀληθοῦς
3318 3719 3480 3773 αὐτοῦ
3527 3716 3826 3790 θεολογίας

2161 3806 2470 3873 εὐθυϐόλως
2504 3810 2780 3881 ὀνομάζει.
2817 3810 2963 3863 Μετά
2996 3808 3174 3883 βραχὺ
3209 3806 3288 3875 δὲ,
3347 3806 3437 3862 ὅτε
3468 3804 3826 3878 ἀνακληθῇς,

2157 3900 2293 3954 κατὰ
2323 3895 2615 3974 πρόσωπον
2642 3897 2915 3968 ἀλλήλοις
2949 3898 3316 3970 ἐντευξόμεθα·
3369 3898 3397 3951 6
3450 3896 3542 3951 καὶ
3570 3896 3648 3958 ὡς
3676 3895 3825 3949 ἀπο-

2158 3986 2454 4063 καλυφθεὶς
2503 3987 2560 4041 ἐκ
2589 3992 2722 4041 Θεοῦ
2766 3986 3118 4062 προφητεύω,
3151 3988 3233 4041 δτι
3286 3984 3413 4040 εἵσω
3468 3982 3829 4059 βραχυτάτοο

2161 4076 2365 4151 χρόνου
2417 4074 2769 4149 ἀνακληθήσῃ
2798 4083 2895 4143 τῆς
2925 4074 3158 4150 ἐξορίας.
3216 4074 3343 4151 Περὶ
3396 4074 3499 4150 γὰρ
3530 4074 3592 4128 τὸ
3624 4073 3827 4128 τελευ-

2160 4170 2311 4219 ταῖον
2343 4163 2465 4226 ἔτος
2498 4168 2596 4229 τῆς
2630 4169 2962 4237 Δομετιανοῦ
3017 4163 3292 4240 βασιλείας
3330 4164 3385 4218 ἐι
3446 4164 3656 4235 Πάτμῳ
3690 4162 3830 4239 ἐφυ-

2162 4252 2423 4330 γαδεύθη,
2474 4253 2716 4329 διωγμὸν
2768 4257 3091 4325 κινήσαντος
3148 4259 3244 4309 τοῦ
3300 4257 3651 4327 Δομετιανοῦ.
3687 4254 3834 4310 Εἶτα

2161 4345 2284 4417 περὶ
2316 4346 2411 4412 τήν
2443 4343 2700 4413 τελευτήν
2734 4345 2901 4399 αὐτοῦ
2928 4348 3026 4399 τοῦ
3075 4342 3366 4421 βασιλέως,
3412 4345 3511 4418 όρᾷ
3539 4344 3643 4411 τὴν
3676 4344 3835 4398 θείαν

2165 4433 2531 4506 ἀποκάλυψιν.
2566 4434 2662 4487 Καὶ
2702 4434 2834 4507 μετὰ
2857 4438 3024 4488 ταῦτα
3067 4433 3340 4508 βασιλεύει
3403 4431 3671 4506 Νερούας’
3740 4433 3837 4487 καὶ

2165 4522 2323 4587 εὐθὺς
2354 4522 2698 4578 ἂνακαλεῖται
2731 4522 2931 4585 πάντας
2959 4522 3087 4585 τοὺς
3121 4523 3511 4596 ἐξορισθέντας,
3544 4521 3637 4577 ὅτε
3677 4525 3773 4577 καὶ
3809 4522 3837 4576 6

2165 4614 2313 4689 ἅγιος
2348 4612 2604 4681 Ἰωάννης
2636 4614 2662 4665 6
2692 4611 2946 4686 θεολόγος
2994 4612 3297 4681 ἐπανῆλθεν
3329 4612 3405 4673 εἷς
3443 4613 3702 4687 ’Ἐφεσον.
3743 4617 3839 4666 Δεῖ

401 4701 695 4774 Evangelii
740 4702 797 4756 in
830 4702 1103 4757 exsilium
1142 4704 1523 4774 proscribere.
1567 4706 1629 4759 In
1662 4704 1811 4759 votis
1844 4705 2044 4762 nihilo-

2166 4700 2220 4757 δὲ
2246 4703 2525 4776 γινώσκειν
2561 4700 2641 4755 ὅτι
2676 4703 2709 4771 ἡ
2741 4700 2827 4756 ἐπὶ
2860 4703 2957 4770 τὴν
2989 4709 3153 4771 νῆσον
3179 4700 3359 4775 ἐξορία
3382 4701 3837 4773 παρᾶῬωμαῖος

406 4792 627 4859 minus,
662 4795 726 4845 ut
757 4790 841 4846 vel
872 4791 931 4845 hi
964 4792 1201 4847 demum
1244 4793 1314 4847 ad
1368 4792 1624 4848 sobriam
1668 4799 1727 4848 et
1755 4794 2053 4851 meliorem

406 4886 664 4937 mentem
701 4881 958 4947 redeant,
996 4885 1051 4937 et
1100 4882 1169 4935 ad
1204 4886 1255 4936 te
1286 4888 1566 4938 accurant
1595 4883 1761 4939 ocius
1790 4901 1801 4937 :
1864 4890 1929 4939 ut
1956 4890 2058 4940 tuo

404 4970 715 5042 splendore
749 4970 1296 5034 illustrati,zeternaa
1332 4970 1542 5027 salutis
1574 4972 1716 5027 fiant
1746 4974 2059 5046 participes

405 5060 915 5127 Quemadmodum
950 5060 1105 5114 enim
1139 5059 1189 5115 is
1220 5060 1466 5116 insaniae
1532 5063 1736 5118 morbo
1803 5064 2058 5136 percitus

403 5148 664 5203 creditur
715 5148 813 5219 qui
847 5164 910 5203 se
950 5152 1117 5219 putat
1143 5147 1328 5203 solem
1370 5149 1523 5204 hunc
1557 5150 1856 5207 includere
1890 5158 2060 5225 posse

2166 4790 2467 4869 κεφαλικήν
2500 4792 2775 4867 τιμωρίαν
2806 4791 3079 4864 ἐμιμεῖτο·
3132 4792 3219 4845 καὶ
3279 4790 3491 4865 λέγεται
3555 4787 3839 4865 δεπορτα-

2165 4881 2318 4936 τίων.
2355 4882 2452 4934 Καὶ
2481 4879 2540 4933 οὐ
2576 4878 2793 4935 δύναται
2826 4880 2852 4933 6
2885 4878 3074 4954 ἄρχων
3133 4881 3233 4947 τήν
3277 4887 3439 4949 νῆσον
3500 4880 3837 4951 ὀνομάζειν,

2169 4970 2213 5025 εἰ
2251 4973 2325 5042 μὴ
2360 4971 2386 5024 6
2423 4967 2675 5045 βασιλεὺς
2711 4969 2896 5041 μόνος.
2931 4971 2991 5025 Ὁ
3022 4974 3149 5045 γοῦν
3176 4970 3473 5045 ἀγιώτατος
3506 4967 3836 5030 ἀπόστολος

2166 5060 2255 5115 καὶ
2287 5058 2676 5132 εὐααίγελιστῆς
2708 5058 2967 5126 Ἰωάννης
2996 5058 3022 5111 6
3051 5056 3311 5131 θεολόγος
3342 5055 3675 5133 δεπορτάτος
3709 5056 3837 5133 ἐγέ-

2168 5171 2314 5217 νετο,
2345 5145 2516 5222 ἤγουν
2550 5146 2626 5209 εἷς
2657 5153 2822 5216 νῆσον
2853 5146 3145 5222 ἰξόριστος.

404 5236 517 5291 1οοὶ
550 5238 884 5308 cujuspiam
920 5237 1255 5309 angustiis:
1292 5238 1444 5294 haud
1498 5255 1669 5295 secus
1724 5240 1803 5295 illi
1854 5242 1998 5297 mihi
2048 5242 2305 5297 insanire
2361 5240 2655 5303 videntur,
2717 5240 2817 5310 qui
2880 5237 3372 5293 micantissimam
3406 5236 3711 5309 Evangelii
3745 5238 3846 5294 lu-

408 5341 533 5379 cem
600 5326 961 5379 arbitrantur
1021 5343 1084 5381 se
1142 5344 1313 5397 pcsse
1356 5335 1550 5383 tecum
1600 5330 1753 5384 intra
1802 5331 2092 5386 cancellos
2138 5330 2329 5387 Patmi
2390 5328 2595 5384 insulas
2641 5327 3145 5383 circumscribere.
3208 5327 3325 5382 Nos
3384 5331 3579 5383 autem
3640 5343 3844 5400 neque

412 5414 800 5479 contrarium,
837 5414 944 5469 hoc
975 5420 1081 5483 est,
1116 5415 1461 5487 longissimo
1511 5419 1643 5473 licet
1690 5419 2007 5475 interstitio
2063 5438 2097 5476 a
2148 5419 2317 5475 nobis
2377 5417 2730 5488 sejungaris,
2793 5418 3017 5486 privare
3052 5418 3262 5488 poterit
3316 5422 3433 5472 tua
3464 5415 3693 5485 fulgore
3746 5435 3846 5474 sa-

412 5502 681 5575 pientiae:
730 5504 870 5574 quin
922 5506 1160 5561 absente
1211 5507 1535 5563 etiamnum
1582 5514 1659 5573 te,
1724 5514 1891 5564 tuum
1945 5509 2331 5565 nihilominus
2364 5507 2683 5561 identidem
2735 5505 3113 5562 recitabimus
3139 5505 3540 5578 Evangelium.
3599 5505 3672 5560 Et
3731 5506 3849 5562 hoc

409 5592 670 5666 profecto
729 5594 1072 5649 memoriam
1127 5595 1445 5652 verissimae
1502 5597 1693 5669 ipsius
1760 5597 2068 5671 theologiaa
2136 5596 2279 5653 scite
2328 5596 2647 5651 admodum
2708 5594 3006 5650 nominat.
3067 5595 3207 5651 Post
3258 5610 3394 5650 vero
3452 5592 3843 5665 aliquantum

475 5807 551 5882 (ἀ)
589 5807 796 5865 Matth.
829 5825 965 5878 xxv,
997 5810 1084 5866 32.
