4062 6366
450 392 555 445 527
1265 393 1631 445 APPENDIX
1671 394 1771 443 AD
1813 390 2058 443 OPERA
2098 387 2158 437 S.
2202 383 2523 437 DIONYSII
2568 380 3074 435 AREOPAGITE.
3760 387 3856 443 528

914 674 1394 849 ΤΟΥ
1518 668 2233 845 ΑΓΙΟΥ
2364 666 3454 840 ΜΑΞΙΜΟΥ

1850 969 2511 1102 ΣΧΟΛΙΑ

649 1238 847 1330 ΕΙΣ
932 1233 1165 1328 ΤΑΣ
1249 1231 1498 1328 ΤΟΥ
1577 1231 1958 1327 ΑΓΙΟΥ
2037 1229 2726 1327 ΔΙΟΝΥΣΙΟΥ
2803 1225 3699 1325 ΑΡΕΟΠΑΓΙΤΟΥ

1670 1453 2677 1585 ΕΠΙΣΤΟΛΑΣ

1188 1851 2066 2020 SANCTI
2236 1849 2752 2015 MAX

1575 1851 2066 2020 iCTI
2236 1846 3179 2015 ΜΑΧΙΜΙ

1772 2140 2614 2266 SGHOLIA

854 2383 988 2479 IN
1055 2380 1751 2477 EPISTOLAS
1821 2382 1915 2476 S.
1990 2377 2557 2475 DIONYSII
2620 2377 3523 2475 AREOPAGITjE.

1047 2578 1398 2657 Interprete
1426 2575 1795 2637 Balthasare
1828 2571 2147 2648 Corderio,
2181 2572 2510 2633 Societatis
2538 2572 2684 2633 Jesu
2716 2571 2974 2634 doctore
3005 2572 3324 2653 theologo.

908 2892 1062 2948 808
1095 2891 1166 2946 IN
1206 2890 1615 2947 EPISTOLAM
1657 2890 1699 2945 Ι.
2156 2888 2211 2953 Α

2156 2888 2211 2953 Α
2650 2888 2771 2944 EiT
2798 2891 2936 2944 ΤΗΝ
2966 2888 3379 2947 ΕΠΙΣΤΟΛΗΝ
3408 2891 3485 2946 Α’.

553 2982 814 3053 Conjicio
846 2980 1048 3036 Caium
1081 2980 1237 3035 hunc
1270 2995 1418 3049 esse,
1453 2980 1524 3035 ad
1579 2993 1752 3050 quem
1786 2977 1848 3032 D.
1882 2975 2142 3031 Joannes

2324 2968 2645 3030 Ἐπιόάλλω
2689 2977 2848 3031 Γάϊον
2892 2981 3084 3032 τοῦτον
3138 2978 3293 3049 εἶναι,
3338 2978 3387 3050 ᾦ
3430 2978 3528 3046 τήν
3556 2976 3730 3053 τρίτην
3764 2975 3860 3032 ἔπι-

486 3069 851 3139 evangelista
882 3069 1116 3125 tertiam
1159 3084 1328 3124 suam
1362 3068 1600 3139 scripsit
1632 3065 1966 3138 epistolam,
2000 3080 2090 3119 cor

2258 3061 2451 3132 στολὴν
2503 3062 2730 3138 ἔγραψεν
2764 3064 2794 3119 8
2844 3070 2989 3130 θεῖος
3036 3063 3432 3142 εὖαγγελιστής
3479 3068 3742 3137 Ἰωάννης,
3790 3084 3862 3120 τι·

483 3162 773 3231 jecturam
835 3158 985 3214 hanc
1040 3174 1271 3229 quoque
1328 3157 1572 3211 ﬁrmans
1630 3172 1698 3211 ex
1738 3154 1889 3220 aliis,
1923 3153 2087 3225 quibi

2261 3153 2619 3227 ιμαιρόμενος
2661 3155 2748 3209 καὶ
2799 3153 2859 3209 ἐκ
2898 3158 3006 3210 τῶν
3058 3152 3268 3223 ἄλλων,
3304 3156 3388 3218 οἷς
3440 3154 3723 3231 συγγέγονε
3753 3152 3865 3228 una

481 3250 716 3305 divinus
746 3248 840 3304 hic
870 3248 956 3303 vir
990 3264 1106 3303 una
1136 3264 1267 3302 cun)
1302 3245 1585 3317 apostolis
1617 3245 1888 3300 convixit.
1921 3243 2085 3298 Ther:

2261 3244 2356 3295 τῶν
2402 3241 2725 3297 ἀποστόλων
2777 3244 2804 3297 ὁ
2856 3249 2999 3307 Θεῖος
3046 3244 3202 3305 οὗτος
3246 3244 3409 3320 ἀνήρ.
3463 3243 3776 3319 Θεραπιυτὰς
3817 3239 3865 3297 δὲ

483 3342 694 3412 peutas
728 3342 945 3406 autem,
980 3336 1169 3407 capite
1200 3340 1361 3391 sexto
1394 3337 1469 3391 De
1498 3334 1869 3391 ecclesiastica
1919 3332 2087 3388 hiem:

2260 3327 2351 3407 ἔφη
2408 3330 2687 3386 καλεῖσθαι
2748 3332 2800 3387 ἐν
2852 3337 2930 3405 τῷ
2989 3333 3119 3407 Περὶ
3174 3339 3276 3403 τῆς
3327 3331 3770 3404 ἐκκλησιαστικῆς
3804 3332 3864 3387 to

481 3428 629 3498 chz'a,
688 3427 835 3482 dixit
890 3424 1172 3497 appellari
1233 3423 1577 3490 monachos,
1640 3422 1860 3478 ibidem
1920 3423 2085 3476 docet

2263 3418 2483 3492 >αρχίας
2532 3420 2815 3493 κεφαλαίῳ
2873 3423 2921 3483 ς’
2966 3422 3097 3483 τοὺς
3174 3422 3480 3497 μοναχοὺς,
3551 3423 3707 3478 εἷ’πὼν
3775 3420 3867 3477 ἰκιῖ

476 3532 733 3589 quanam
762 3516 987 3571 ratione
1011 3514 1425 3584 instituantur,
1461 3528 1597 3568 cum
1628 3528 1745 3567 non
1771 3512 1891 3567 sint
1921 3509 2080 3567 cleric

2263 3508 2335 3562 ιαὶ
2365 3512 2485 3569 πῶς
2513 3509 2857 3564 καθίστανται
2893 3510 2969 3583 μὴ
3021 3506 3170 3573 ὄντες
3209 3509 3497 3585 κληρικοὶ,
3531 3510 3668 3567 αλλᾶ
3696 3510 3867 3565 ἀνώτε-

478 3604 694 3678 pOpulo
725 3610 921 3660 tamen
964 3602 1357 3659 sublimiores.
1396 3602 1513 3657 Hos
1566 3606 1761 3657 autem
1814 3600 1979 3655 Philo
2025 3600 2082 3655 Jt

2258 3616 2333 3650 >οι
2372 3601 2467 3651 τοῦ
2498 3596 2659 3653 λαοῦ.
2718 3597 2961 3661 Τούτους
3012 3596 3069 3653 δὲ
3122 3598 3265 3655 ἔοικε
3313 3602 3603 3674 θαυμάζειν
3644 3598 3862 3655 Φίλωνὸ

474 3696 633 3749 daaus
684 3693 959 3748 admirari
1012 3693 1174 3747 visus
1224 3696 1313 3745 est
1354 3691 1413 3744 in
1459 3690 1608 3745 libro
1649 3692 1723 3746 De
1751 3692 1867 3745 vita
1893 3693 2078 3745 conten

2260 3683 2507 3748 Ιουδαῖος
2538 3684 2591 3740 ἐν
2616 3690 2696 3759 τῷ
2743 3689 2879 3762 Περὶ
2926 3693 3265 3765 θεωρητικοῦ
3314 3689 3354 3760 ἢ
3404 3692 3610 3747 Ἱκετῶν
3659 3688 3861 3762 συντάγ-

475 3783 704 3855 plativa,
739 3782 859 3836 sive
889 3783 963 3836 De
992 3780 1361 3851 suppliczbm,
1396 3779 1772 3850 therapeutas
1816 3778 1973 3849 ipsos
2031 3795 2079 3833 ν(

2254 3796 2395 3847 uati,
2457 3774 2784 3849 θεραπευτὰς
2844 3777 3041 3839 αὐτοὺς
3099 3776 3325 3845 καλῶν,
3386 3779 3478 3834 καὶ
3533 3781 3629 3849 τὴν
3686 3775 3858 3833 δίαιταν

476 3886 639 3937 cans,
672 3873 730 3924 et
776 3884 978 3923 eorum
1025 3869 1156 3921 vita:
1212 3866 1551 3921 institutum
1602 3866 1900 3937 explicans
1960 3865 2080 3935 paul

2250 3864 2413 3919 ιύτῶν
2447 3862 2805 3939 διηγούμενος
2829 3865 2936 3941 πρὸ
2967 3863 3163 3941 ὀλίγου
3194 3871 3291 3921 τοῦ
3320 3866 3515 3930 τέλους
3542 3872 3635 3923 τοῦ
3668 3862 3854 3943 βιϐλίου

479 3962 612 4014 ante
642 3958 819 4013 finem
852 3956 1025 4011 istius
1058 3955 1216 4010 libri.
1254 3955 1402 4026 Lege
1433 3955 1503 4010 de
1535 3954 1683 4025 ipsis
1715 3954 1888 4009 verba
1934 3954 2083 4009 Phiit

1934 3954 2130 4010 Philo-
2237 3952 2453 4007 τούτου.
2488 3953 2783 4028 Ἀνάγνωθι
2815 3953 2880 4008 τὰ
2906 3958 3002 4008 τοῦ
3029 3954 3193 4009 αὐτοῦ
3225 3954 3505 4019 Φίλωνος.

480 4064 596 4103 D18.

550 4135 656 4191 Sed
683 4152 793 4191 non
831 4134 1133 4191 secundum
1181 4135 1570 4205 privationem.
1602 4136 1737 4200 Hoc,
1772 4130 1979 4201 inquit,
2013 4148 2129 4187 non

2311 4126 2486 4184 Ἀλλὰ
2536 4132 2611 4203 μὴ
2658 4131 2793 4186 κατᾶ
2840 4131 3110 4208 στέρησιν.
3163 4134 3366 4202 Τοῦτο,
3417 4135 3573 4212 φησὶ,
3624 4134 3695 4207 μή
3741 4129 3855 4187 κατᾶ

481 4225 807 4282 secundum
838 4239 1182 4279 communes
1213 4239 1427 4279 sensus
1475 4219 1753 4291 accipias,
1790 4220 1943 4291 quod
1977 4219 2085 4275 siet

2252 4218 2330 4278 τὰς
2380 4220 2565 4281 κοινὰς
2613 4219 2819 4282 ἐννοίας
2873 4216 3175 4295 ὑπολάϐῃς,
3208 4222 3314 4295 ὅτι,
3350 4220 3534 4298 ὥσπερ
3582 4223 3642 4278 τὸ
3691 4220 3856 4281 σκότος

2252 4304 2415 4329 l.’__,_,
2595 4307 2608 4329 λ
2758 4309 2771 4329 \
2867 4307 2909 4329 I‘
3170 4309 3278 4329 ΝΚ·
3352 4313 3377 4329 |\
3422 4307 3451 4329 ,Ι
3649 4313 3663 4329 Ι
3718 4310 3731 4329 Ί

479 4314 733 4370 tenebris
765 4312 1077 4368 abolentur
1107 4311 1354 4380 lumine,
1387 4314 1445 4365 et
1495 4308 1819 4380 praesertim
1872 4308 2083 4378 copiosi

2251 4304 2421 4361 hieran
2472 4307 2634 4384 φωτὶ,
2685 4309 2774 4364 καὶ
2809 4307 3045 4382 μάλιστα
3093 4309 3313 4383 πολλῷ,
3342 4313 3377 4382 ἢ
3412 4307 3591 4386 ὥσπερ
3640 4313 3672 4380 ἡ
3709 4310 3855 4384 ἀγνω-

477 4405 564 4461 vel
597 4405 749 4460 sicut
780 4401 1129 4475 ignorantia,
1164 4416 1290 4470 quis
1323 4399 1588 4470 quaedam
1622 4397 1861 4452 tenebra
1889 4401 1997 4463 est,
2031 4414 2081 4453 cc

2248 4392 2344 4463 ria,
2402 4393 2526 4465 ἥτις
2582 4396 2671 4451 καὶ
2726 4396 2860 4467 αὐτή
2914 4398 3103 4461 σκότος
3154 4398 3287 4472 ἐστὶ,
3338 4400 3563 4456 παύεται
3610 4399 3852 4476 γνώσεων,

478 4493 845 4563 gnitionibus
876 4490 1047 4555 cedit,
1073 4489 1327 4543 maxime
1350 4486 1701 4553 luculentis;
1734 4485 1814 4541 ita
1843 4487 2017 4541 etiam
2040 4503 2082 4542 e:

2248 4485 2321 4537 (αἱ
2358 4482 2594 4557 μάλιστα
2642 4484 2869 4541 πολλῶν
2922 4486 3341 4563 ἐπιγενομένων·
3379 4488 3522 4544 οὕτω
3565 4489 3647 4543 καὶ
3680 4490 3711 4557 ἡ
3739 4485 3852 4541 κατὰ

480 4598 608 4652 quae
640 4580 963 4635 secundum
991 4582 1170 4632 Deum
1190 4582 1299 4645 est,
1319 4574 1609 4647 ignoratio
1630 4574 1839 4629 similis
1870 4575 1947 4630 sit
1969 4575 2084 4647 igni

2250 4572 2361 4627 956v
2412 4574 2647 4647 ἀγνωσία
2697 4572 2838 4630 ἔοικε
2880 4579 2950 4649 τῇ
3000 4576 3134 4631 κατᾶ
3190 4577 3427 4650 ἀμαθίαν
3474 4578 3705 4653 ἆγνωσίᾳ
3734 4618 3747 4643 ,
3792 4573 3854 4633 ὡς

479 4668 711 4735 rationi,
740 4684 867 4737 quas
898 4683 1000 4737 per
1032 4665 1331 4721 inscitiam
1362 4664 1612 4733 exsistit,
1649 4663 1731 4717 uti
1762 4664 2083 4719 dicebamu:

2249 4658 2461 4737 ἔφημεν·
2513 4662 2639 4717 ἀλλ’
2671 4662 2781 4737 ὅσῳ
2832 4664 3120 4734 φωτίζεται
3163 4687 3246 4730 τις
3292 4667 3418 4743 περὶ
3467 4671 3619 4737 Θεοῦ,
3649 4665 3730 4721 καί
3759 4663 3853 4733 ὅσῳ

478 4759 577 4814 sed
627 4761 843 4826 quanto
887 4754 1077 4826 magis
1128 4754 1263 4825 quis
1296 4770 1328 4808 a
1359 4753 1474 4809 Deo
1504 4752 1856 4822 illustratur,
1889 4753 2082 4809 uberic

2244 4770 2313 4811 τις
2342 4751 2558 4826 συνάγει
2587 4756 2784 4827 γνῶσιν
2816 4758 2922 4807 τῶν
2974 4749 3163 4824 ὄντων,
3196 4754 3443 4811 τουτέστι
3473 4758 3573 4825 τήν
3616 4752 3730 4829 περὶ
3757 4753 3848 4805 τῶν

478 4863 720 4917 remque
748 4862 944 4901 rerum
976 4843 1199 4915 colligit
1225 4842 1643 4914 cognitionem,
1679 4841 1901 4897 scilicet
1948 4841 2082 4898 intel

2243 4843 2445 4908 νοητῶν
2472 4839 2561 4893 καὶ
2588 4846 2813 4913 νοερῶν,
2843 4841 3087 4915 τοσούτῳ
3135 4841 3375 4915 μᾶλλον,
3422 4838 3707 4898 ἀναϐαίνων
3743 4834 3847 4909 περῖ

476 4936 762 4993 lectilium
792 4940 849 4989 et
873 4932 1358 5004 intelligentium,
1390 4936 1555 4985 tanto
1590 4933 1778 5001 magis
1838 4931 1907 4985 ad
1970 4948 2080 4985 ean

2245 4928 2329 4995 τὴν
2379 4932 2579 5001 γνῶσιν
2624 4930 2723 4997 τὴν
2772 4930 2895 5006 περὶ
2947 4932 3098 4999 Θεὸν,
3141 4933 3407 5006 γνώσεται
3454 4932 3552 5001 τήν
3601 4924 3849 4992 ἀκαταλη-

479 5044 603 5098 ιιυω
636 5026 707 5081 de
734 5029 845 5079 Deo
876 5022 1144 5091 habetur,
1170 5020 1561 5091 cognitionem
1596 5020 1937 5086 ascendens,
1973 5020 2083 5075 divi

2243 5014 2379 5088 μίαν,
2426 5013 2553 5084 ἤτοι
2599 5017 2699 5085 τὴν
2746 5017 3005 5091 ἀγνωσίαν
3054 5021 3153 5087 τὴν
3205 5020 3331 5095 περὶ
3378 5021 3531 5091 Θεὸν,
3584 5022 3691 5095 φῶς
3734 5013 3847 5069 εἶναι

479 5132 617 5170 nam
647 5110 1406 5184 incomprehensibilitatem
1450 5113 1793 5179 cognoscet;
1828 5108 1886 5162 id
1918 5114 2028 5175 est,
2060 5109 2074 5162 i

2242 5104 2318 5158 ιαὶ
2364 5109 2561 5179 γνῶσιν
2613 5106 2743 5181 ὑπὲρ
2796 5108 2969 5162 πάντα
3024 5108 3091 5162 τὰ
3148 5108 3479 5183 γνωσθέντα·
3538 5107 3624 5162 καὶ
3677 5101 3846 5159 λοιπὸν

476 5204 592 5259 lam
635 5202 729 5257 Dei
757 5201 1206 5274 ignorationem,
1247 5198 1432 5252 lucem
1471 5213 1592 5252 esse
1633 5201 1809 5267 atque
1836 5196 2080 5267 cognitio

2246 5197 2358 5269 τιγῇ
2398 5199 2532 5267 τιμᾷ
2578 5196 2676 5263 τὴν
2724 5196 2847 5269 περὶ
2900 5196 3028 5251 Θεὸν
3072 5196 3318 5273 ἀφασίαν.
3370 5196 3579 5254 Οὐκοῦν
3632 5193 3689 5249 οὗ
3734 5188 3850 5246 κατά

477 5309 610 5347 nem
658 5308 787 5363 quae
836 5295 1049 5345 cuncta
1078 5286 1498 5360 cognoscibilia
1531 5286 1926 5352 transcendat,
1960 5290 2081 5343 casti

2237 5283 2475 5359 στέρησιν
2538 5285 2791 5358 γνώσεως
2864 5282 3077 5359 λέγεται
3134 5288 3169 5355 ἡ
3226 5288 3350 5361 περὶ
3422 5289 3553 5341 Θεοῦ
3609 5278 3841 5359 ἀγνωσία,

471 5397 721 5452 rumque
753 5379 905 5433 hanc
938 5394 1107 5434 suam
1140 5379 1212 5432 de
1243 5376 1359 5431 Deo
1392 5374 1788 5447 eloquentiam
1838 5376 1993 5429 804
2037 5375 2075 5430 si

2234 5371 2374 5427 ἀλλὰ
2428 5374 2545 5426 καθ’
2604 5374 2879 5449 ὑπεροχὴν
2926 5375 3015 5428 καὶ
3082 5370 3395 5450 ὑπερϐολὴν
3454 5373 3669 5448 [πάσης]
3717 5366 3838 5452 γνώξ

468 5451 649 5527 lentio
680 5468 946 5525 honorat.
984 5466 1190 5537 Itaque
1224 5482 1339 5521 non
1374 5466 1698 5521 secundum
1734 5463 2072 5536 privatione]

2237 5483 2383 5530 σεως,
2416 5463 2498 5517 ὅτι
2531 5459 2667 5538 ἔγνω
2696 5483 2779 5524 τις
2828 5463 2918 5518 τὸν
2970 5468 3100 5518 πᾶσι
3144 5462 3233 5519 καὶ
3279 5464 3451 5536 ἔαυτῷ
3481 5460 3741 5539 ἄγνωστον
3766 5451 3841 5511 καὶ

471 5559 689 5615 dicitur
720 5556 824 5613 illa
852 5556 953 5612 Dei
988 5554 1340 5627 ignorantia,
1376 5554 1476 5609 sed
1502 5570 1603 5624 per
1631 5551 2032 5608 excellentiam
2065 5571 2075 5608 ι

2237 5550 2635 5622 ἰκατάληπτον.
2687 5554 2867 5610 Ταῦτα
2910 5553 2999 5607 καὶ
3050 5552 3102 5607 ἐν
3144 5558 3225 5626 τῷ
3274 5552 3403 5628 Περὶ
3457 5556 3705 5627 μυστικῆς
3740 5547 3841 5599 θεο-

470 5664 773 5706 excessum
810 5644 1048 5717 [omnis]
1080 5642 1455 5714 cognitionis,
1490 5641 1767 5712 quoniam
1818 5656 2068 5713 cognosc

2234 5636 2428 5714 λογίας
2483 5639 2765 5715 κεφαλαίῳ
2812 5641 2858 5695 α’
2905 5639 3138 5717 εἷ’ρηται,
3173 5644 3263 5697 καὶ
3313 5640 3364 5696 ἐν
3416 5646 3494 5714 τῷ
3540 5636 3665 5715 Περὶ
3704 5630 3838 5690 θείων

474 5738 607 5810 quis
641 5738 697 5791 id
750 5734 905 5808 quod
955 5732 1232 5789 omnibus
1262 5736 1320 5787 et
1358 5730 1474 5787 sibi
1520 5731 1632 5802 ipsi
1670 5730 2078 5802 incognitumt

1312 5749 1320 5787 ;
1358 5730 1474 5787 sibi
1520 5731 1632 5802 ipsi
1670 5730 2037 5802 incognitum
2065 5734 2125 5787 et
2235 5730 2514 5801 ὀνομάτων
2542 5727 2821 5807 κεφαλαίῳ
2851 5731 2916 5805 β’.

470 5808 1067 5897 incomprehensibile
1121 5820 1371 5879 exsistit.
1419 5820 1547 5878 Ηωο
1592 5818 1769 5876 etiam
1822 5818 1981 5876 dicta
2028 5822 2170 5877 sunt
2212 5834 2265 5877 ο.
2316 5817 2556 5893 Mysticae
2624 5820 2929 5894 theologia,
2978 5823 3037 5879 et
3085 5821 3382 5894 cap.2Dc
3424 5818 3628 5878 divini:
3677 5808 3835 5872 nomi-

470 5916 651 5976 nibus.
