4062 6366
230 465 337 523 529

1192 472 1251 525 S.
1292 472 1562 529 ΜΔΧῙΜῙ
1597 472 1902 529 SCHOLIA
1938 476 2014 529 IN
2051 477 2206 533 EPP.
2248 481 2306 534 Β.
2341 480 2676 536 DIONYSII.

3528 483 3638 537 530

300 590 480 650 Ἀλλά
507 614 562 647 τι
608 595 717 649 τῶν
763 593 928 649 αὐτοῦ
973 597 1082 648 τῶν
1132 590 1328 652 ὄντων.
1378 598 1544 654 ’Όσον
1604 617 1688 660 τις
1740 592 1882 672 ἔχει,

2068 603 2185 659 Sed
2212 604 2428 676 aliquid
2458 623 2487 662 ε
2514 607 2675 663 rebus
2721 608 2860 679 ejus.
2893 610 3119 673 Quanto
3168 609 3329 665 enim
3379 608 3534 680 quis,
3567 609 3653 665 in-

230 682 385 761 φησὶ,
417 685 527 737 τῶν
559 678 730 736 ὄντων
778 683 878 751 τήν
931 686 1154 758 γνῶσιν,
1187 686 1277 738 καὶ
1306 685 1369 740 τὸ
1400 686 1456 739 ’ὀν
1488 689 1535 723 ⁸³
1564 690 1703 761 φῶς,
1724 707 1881 742 τουτ-

234 772 341 827 έστι
384 771 607 844 [αὐτὴν]
655 776 757 839 τῆς
805 768 1062 841 ἀληθείας
1108 774 1208 842 τὴν
1255 776 1466 844 νοήσιν,
1516 779 1775 831 τοσοῦτον
1821 778 1887 830 τὰ

233 858 355 934 περὶ
405 863 540 914 Θεοῦ
589 858 775 933 ὄψεται
827 857 1099 934 ἄγνωστα·
1154 860 1214 915 οὐ
1264 862 1368 938 γὰρ
1415 868 1494 935 τῷ
1544 864 1683 941 φωτὶ
1734 866 1769 935 ἢ
1816 868 1884 938 τῇ

230 950 431 1024 γνώσει
463 953 839 1027 φανεροῦνται,
870 948 1017 1005 ἀλλὰ
1052 949 1267 1023 μᾶλλον
1296 952 1423 1015 τοὺς
1464 958 1628 1009 ταῦτα
1658 949 1885 1029 ἔχοντας

236 1037 511 1095 λανθάνει.
544 1039 642 1095 Καὶ
671 1041 706 1108 ἡ
741 1038 793 1093 ἐν
841 1038 1059 1103 τούτοις
1108 1038 1352 1104 ἐπίδοσίς
1400 1063 1459 1097 τε
1511 1044 1598 1097 καὶ
1644 1040 1884 1114 αὔξησις,

230 1131 308 1199 τῷ
339 1126 481 1203 φωτί
514 1149 657 1205 φημι
689 1129 777 1182 καὶ
810 1130 881 1200 τῇ
912 1131 1132 1204 γνώσει,
1164 1131 1226 1185 τὸ
1262 1136 1416 1186 Θεῖον
1451 1129 1679 1188 δεικνύει
1730 1128 1886 1196 ἀθέα-

231 1215 323 1270 τόν
368 1236 427 1270 τε
463 1217 554 1270 καὶ
585 1217 888 1291 ἄγνωστον·
928 1218 1013 1272 ὅτι
1046 1220 1073 1272 6
1104 1219 1231 1273 Θεὸν
1284 1220 1610 1294 θεασάμενος
1641 1222 1731 1277 καὶ
1756 1224 1890 1292 νοή-

233 1325 325 1367 σας
376 1302 405 1358 ὃ
456 1302 613 1377 εἶδεν,
663 1306 825 1361 αὐτὸν
878 1307 975 1379 μέν
1033 1309 1144 1383 οὐχ
1193 1309 1448 1381 ἑώρακεν,
1488 1309 1635 1366 ἀλλά
1680 1332 1731 1365 τι
1779 1315 1885 1366 τῶν

231 1393 398 1449 αὐτοῦ
428 1398 535 1448 τῶν
571 1390 744 1450 ὄντων
779 1396 869 1451 καὶ
900 1395 1341 1473 γινωσκομένων.

309 1669 473 1742 Αὐτῷ
499 1675 579 1743 τῷ
609 1671 868 1735 καθόλου.
902 1678 1286 1747 Προσεπινοεῖν
1320 1672 1403 1729 δεῖ
1424 1675 1513 1730 καὶ
1545 1675 1632 1731 ἐπὶ
1678 1676 1893 1740 τούτοις

246 1760 305 1814 τὸ
359 1760 497 1814 κατὰ
537 1759 605 1815 τὰ
654 1756 781 1815 ὄντα
834 1763 922 1816 καὶ
974 1762 1375 1836 γινωσκόμενα.
1423 1765 1493 1819 Τὸ
1542 1762 1599 1820 δὲ
1650 1767 1726 1838 μὴ
1759 1767 1893 1822 εἶναι

245 1850 585 1923 πρόσκειται,
617 1847 805 1918 ὶπειδη
850 1850 913 1904 τὸ
963 1850 1075 1905 ἐστὶ
1127 1856 1233 1906 τῶν
1289 1857 1520 1908 κτιστῶν
1566 1852 1724 1909 ἐστιν’
1760 1856 1788 1909 6
1836 1852 1893 1909 δὶ

244 1936 374 1999 Θεὸς
397 1936 488 1991 xui
525 1938 657 2012 ὑπὶρ
688 1937 751 1993 τὸ
785 1938 942 2007 εἶναι,
977 1936 1118 1995 διότι
1149 1937 1416 2004 ἄκτιστος.

630 2147 743 2198 ΕΙΣ
788 2145 937 2202 ΤΗΝ
987 2145 1395 2203 ΕΠΙΣΤΟΛΗΝ
1434 2148 1510 2204 B'.

319 2250 443 2311 Πῶς
499 2249 528 2304 6
583 2250 800 2305 πάντων
879 2250 1126 2307 ἐπέκεινα
1160 2295 1173 2308 .
1232 2256 1407 2308 Ταῦτα
1468 2251 1743 2319 πολλάκις
1798 2256 1893 2328 μὶν

248 2339 336 2392 καὶ
368 2336 422 2393 ἐν
469 2341 550 2410 τῷ
600 2338 731 2412 Περὶ
790 2338 947 2403 θείων
1012 2340 1296 2413 ὀνομάτων
1354 2338 1628 2420 διαφόρως
1662 2343 1891 2416 εἷ’ρηται·

246 2426 359 2480 κατ’
388 2424 658 2502 ἐξαίρετον
706 2423 765 2481 δὲ
813 2426 949 2482 αὐτὰ
990 2430 1332 2504 ἡρμήνευσεν
1361 2428 1414 2485 ἐν
1447 2431 1593 2503 αὐτῷ
1633 2436 1712 2504 τῷ
1744 2432 1896 2506 λόγῳ

245 2514 528 2593 κεφαλαίῳ
563 2522 648 2587 ια’,
698 2516 820 2592 περί
864 2518 926 2571 τὸ
975 2517 1159 2587 τέλος,
1191 2517 1390 2592 λέγων’
1425 2524 1550 2582 Πῶς
1601 2520 1629 2574 6
1680 2522 1893 2576 πάντων

144 2614 147 2615 ⁷
246 2602 415 2666 αἴτιος
458 2604 549 2659 καὶ
603 2606 795 2676 θεότης
844 2607 934 2660 καὶ
985 2606 1277 2682 ἀγαθότης,
1332 2609 1424 2663 καὶ
1473 2609 1727 2680 θεότητος
1770 2611 1898 2665 ὑπο-

254 2694 476 2765 στάτης,
551 2695 638 2749 xui
713 2695 845 2771 ὑπὲρ
913 2699 1102 2753 ταῦτα.
1163 2695 1321 2753 Οὕτω
1377 2694 1434 2752 δὲ
1503 2699 1893 2775 ἀναγνωστέονο

248 2784 489 2856 Ἐρωτᾷς
539 2787 659 2847 πῶς
714 2785 742 2838 ὁ
802 2785 932 2848 Θεὸς
993 2786 1123 2861 ὑπὲρ
1185 2785 1440 2857 θεότητος
1498 2788 1723 2864 ἀρχήν;
1767 2789 1897 2843 Εἶτα

244 2871 614 2947 ἀποκρίνεται·
650 2872 714 2929 Ei
763 2874 977 2943 νοήσεις
1029 2873 1112 2929 ὅτι
1163 2874 1354 2946 θεότης
1407 2875 1535 2931 αὐτὸ
1572 2877 1635 2931 τὸ
1676 2876 1736 2932 ἐκ
1766 2881 1897 2932 Θεοῦ

246 2958 421 3037 δῶρόν
474 2960 586 3016 ἐστι
638 2963 754 3015 καθ’
787 2962 815 3016 ὃ
860 2962 1145 3036 θεούμεθα,
1182 2964 1243 3019 οὐ
1296 2965 1405 3037 μὴν
1460 2965 1619 3027 αὐτὸς
1669 2967 1696 3020 6
1747 2966 1896 3034 Θεὸς,

244 3045 394 3125 ἔχεις
439 3052 542 3120 τήν
594 3050 771 3106 λύσιν·
806 3054 834 3107 6
863 3052 964 3129 γὰρ
1014 3054 1166 3122 Θεὸς,
1195 3054 1325 3109 αὐτό
1375 3077 1519 3133 φημι
1548 3056 1637 3110 καὶ
1670 3057 1900 3131 6118906-

247 3160 365 3202 σιος
400 3141 570 3195 οὐσία
600 3139 733 3215 ὑπὲρ
785 3141 885 3208 τὴν
912 3143 1040 3217 παρ’
1070 3140 1234 3196 αὐτοῦ
1279 3140 1631 3217 δωρουμένην
1676 3145 1764 3199 καὶ
1794 3165 1900 3220 χα-

246 3228 552 3304 ριζομένην
615 3228 894 3305 θεαρχίαν,
950 3229 1194 3285 τουτέστι
1247 3233 1438 3295 θέωσιν
1497 3231 1631 3305 ἐστι,
1690 3234 1778 3288 καὶ
1835 3235 1903 3288 τὰ

1993 692 2144 763 quit,
2178 695 2459 765 majorem
2494 696 2673 751 habet
2703 714 2899 752 rerum
2932 698 3299 765 notitiam,ac
3328 714 3523 754 veram
3553 697 3650 753 lu-

1993 797 2142 847 cem,
2186 782 2241 837 id
2304 790 2392 839 est
2448 786 2717 841 veritatis
2774 787 3192 858 cognitionem,
3242 791 3404 843 tanto
3456 786 3648 858 magis

1995 871 2194 941 ignota
2226 880 2422 929 cernet
2452 891 2580 931 esse
2629 876 2731 930 illa
2762 892 2889 946 quae
2920 876 2993 931 de
3023 876 3135 931 Deo
3178 877 3494 945 dicuntur;
3528 893 3645 932 non

1995 960 2153 1015 enim
2187 961 2274 1014 vel
2307 962 2531 1017 lumine
2561 965 2861 1036 qu0piam,
2897 965 2986 1019 vel
3018 964 3348 1036 cognitione
3398 965 3646 1020 manife-

1998 1054 2254 1119 stantur,
2287 1053 2384 1106 sed
2440 1054 2639 1124 potius
2688 1054 2870 1108 latent
2905 1068 3275 1125 possessores
3322 1070 3482 1108 suos.
3516 1056 3651 1125 Ipsa

1996 1156 2230 1211 quoque
2280 1142 2647 1211 quantalibet
2698 1144 3010 1214 promotio,
3046 1148 3100 1197 et
3131 1143 3560 1198 incrementum
3590 1142 3650 1197 in

1997 1228 2112 1298 his,
2138 1228 2358 1285 lumine
2390 1231 2521 1286 dico
2554 1235 2611 1286 et
2641 1231 2995 1303 cognitione,
3020 1232 3199 1286 Deum
3233 1231 3537 1286 declarant
3567 1231 3659 1285 in-

1996 1316 2289 1373 visibilem
2325 1334 2452 1374 esse
2484 1323 2541 1374 et
2599 1320 3139 1389 incognoscibilem,
3169 1319 3441 1391 quoniam
3494 1319 3656 1389 quis-

1999 1406 2133 1477 quis
2165 1407 2288 1463 viso
2321 1408 2435 1463 Deo
2488 1408 2769 1481 intelligit
2798 1409 2855 1464 id
2889 1410 3043 1480 quod
3077 1409 3242 1478 vidit,
3278 1424 3659 1481 nequaquam

1957 1570 1975 1587 .
1999 1496 2194 1567 ipsum
2225 1497 2391 1569 vidit,
2424 1498 2524 1554 sed
2556 1498 2859 1570 quidpiam
2893 1515 3095 1554 eorum
3129 1516 3258 1570 quae
3286 1498 3582 1554 exsistunt
3602 1502 3660 1553 et

2000 1593 2459 1656 cognoscuntur.

2072 1677 2178 1730 Hoc
2206 1677 2322 1741 ipso
2351 1675 2493 1745 quod
2523 1677 2835 1731 omnino.In
2870 1675 2963 1731 his
2992 1676 3170 1731 etiam
3203 1675 3655 1744 subintelligen-

2000 1765 2142 1819 dum
2174 1770 2283 1833 est,
2317 1766 2643 1820 secundum
2693 1782 2761 1819 ea
2811 1781 2938 1835 quae
2987 1764 3278 1819 exsistunt
3320 1770 3377 1819 et
3407 1780 3653 1835 cognos-

2003 1857 2236 1908 cuntur.
2272 1853 2488 1907 Verum
2538 1853 2683 1907 illud
2718 1869 2831 1907 non
2866 1870 2993 1908 esse
3024 1853 3137 1924 ipsi
3168 1853 3475 1923 convenit;
3509 1868 3656 1923 quo-

1922 1973 1972 2040 B
2004 1942 2162 1998 niam
2196 1942 2252 1997 id
2309 1942 2489 2013 quod,
2538 1946 2943 1998 creaturarum
2988 1946 3116 2009 est;
3148 1947 3300 1998 Deus
3340 1945 3537 1998 autem
3569 1944 3659 1997 est

2004 2049 2186 2104 supra
2214 2032 2645 2100 exsistentiam,
2679 2032 2896 2103 quippe
2926 2031 3241 2086 increatus.

2515 2148 2589 2206 IN
2633 2147 3038 2203 EPISTOLAM
3082 2150 3149 2203 II.

2077 2256 2349 2326 Quomodo
2399 2257 2494 2327 qui
2543 2259 2621 2310 est
2668 2271 2837 2326 supra
2886 2256 3099 2309 omnia.
3152 2254 3283 2309 Haec
3334 2252 3570 2323 quidem
3605 2252 3661 2305 in

2004 2346 2154 2400 libro
2186 2348 2261 2400 De
2288 2347 2499 2400 divinis
2546 2344 2869 2399 nominibus
2917 2344 3307 2398 diversimode
3356 2341 3660 2411 explicuit,

2006 2433 2352 2490 excellenter
2401 2438 2596 2488 autem
2649 2432 2771 2487 haec
2804 2432 2935 2503 ipsa
2983 2431 3171 2503 capite
3204 2429 3516 2485 undecimo
3550 2428 3661 2483 sub

2008 2526 2179 2578 tinem
2218 2525 2632 2592 interpretatus
2663 2522 2993 2588 est,dicens
3030 2536 3043 2574 :
3076 2519 3378 2583 Quomodo
3407 2517 3507 2588 qui
3542 2533 3663 2572 om-

2006 2613 2169 2669 nium
2204 2616 2292 2665 est
2322 2615 2546 2678 auctor,
2579 2611 2695 2665 imo
2725 2610 2855 2681 ipsa
2900 2609 3086 2665 deitas
3116 2613 3173 2663 et
3203 2608 3459 2675 bonitas,
3490 2606 3664 2662 effec-

2006 2706 2094 2757 tor
2124 2702 2203 2756 sit
2232 2704 2352 2755 tam
2380 2700 2658 2756 bonitatis
2682 2716 2857 2770 quam
2883 2698 3137 2765 deitatis,
3166 2704 3225 2752 et
3248 2696 3341 2752 his
3381 2696 3660 2750 emineat.

2008 2790 2345 2862 Legendum
2380 2794 2573 2843 autem
2607 2788 2716 2843 hoc
2739 2788 2909 2843 modo
2936 2803 2948 2842 :
2976 2787 3168 2857 Rogas
3192 2784 3486 2855 quomodo
3509 2782 3664 2838 Deus

2008 2881 2086 2936 sit
2103 2896 2279 2951 supra
2301 2878 2657 2950 principium
2686 2876 3011 2932 divinitatis
3029 2876 3282 2931 ?Deindc
3307 2873 3661 2945 respondet:

2010 2969 2069 3026 Si
2101 2969 2467 3023 divinitatem
2522 2965 2815 3038 intelligas
2862 2982 2991 3021 esse
3043 2966 3262 3019 donum
3315 2962 3512 3034 ipsum
3562 2976 3666 3032 per

2011 3058 2169 3129 quod
2201 3057 2563 3126 deiﬁcamur,
2599 3073 2715 3112 non
2768 3060 2961 3110 tamen
2988 3054 3186 3126 ipsum
3228 3053 3436 3119 Deum,
3489 3050 3669 3105 habes

2012 3146 2364 3202 solutionem
2391 3165 2404 3200 :
2437 3150 2589 3200 Deus
2638 3144 2817 3213 enim,
2850 3144 3179 3198 secundum
3211 3141 3570 3212 se,inquam,
3602 3146 3667 3193 ut

2014 3233 2527 3307 superessentialis
2548 3234 2923 3295 essentia,est
2943 3247 3124 3295 supra
3145 3229 3502 3302 principium
3527 3226 3673 3281 illud

245 3318 369 3389 ἑξῆς
407 3317 644 3389 ὁμοίως.
676 3318 808 3372 Εἶτα
852 3315 1049 3373 λοιπὸν
1090 3317 1469 3395 συλλογίζεται
1519 3323 1759 3397 φάσκων,
1794 3320 1899 3391 ὅτι,

2017 3322 2567 3392 divinitatis;quod
2615 3321 2739 3391 ipse
2786 3322 2887 3375 dat
2935 3324 3109 3390 atque
3156 3316 3577 3381 communicat,
3612 3315 3667 3369 id

247 3406 295 3462 εἴ
322 3407 387 3461 τὸ
420 3405 482 3461 ἐκ
510 3409 644 3461 Θεοῦ
677 3403 852 3483 δῶρον
886 3407 1033 3483 ἀρχὴ
1064 3408 1268 3484 γίνεται
1309 3414 1405 3464 τοῦ
1451 3412 1699 3474 θεοῦσθαι
1732 3412 1899 3483 ἡμᾶς,

247 3493 445 3565 δῆλον,
480 3492 563 3549 ὅτι
596 3496 670 3568 [6]
701 3497 881 3565 πάσης
916 3496 1095 3571 ἀρχῆς
1126 3494 1320 3569 αἴτιος,
1351 3498 1442 3552 xui
1468 3499 1615 3574 ἀρχὴ
1647 3497 1900 3572 ὣν,μᾶλ-

247 3583 345 3641 λον
382 3582 441 3640 δὲ
468 3584 821 3659 ὑπεράρχιος,
857 3584 998 3639 οὕτω
1028 3585 1118 3640 xui
1150 3594 1249 3656 τῆς
1292 3585 1589 3663 λεγομένης
1624 3589 1897 3659 θεότητος,

246 3675 279 3743 ἢ
308 3675 384 3737 ὡς
416 3673 677 3749 θεαρχίας
711 3673 955 3729 ἐπέκεινά
982 3673 1142 3732 ἐστιν.
1175 3677 1236 3733 Ὁ
1271 3676 1367 3749 μὲν
1390 3677 1490 3751 γὰρ
1522 3676 1652 3739 Θεὸς
1682 3677 1744 3732 οὐ
1766 3677 1904 3733 κατὰ

246 3762 546 3839 σχέσιν,ὡς
576 3764 959 3834 ἡμεῖς,κτᾶται
989 3764 1051 3818 τὸ
1083 3764 1299 3840 ἀγαθὸν,
1332 3763 1458 3820 ἀλλ’
1484 3765 1730 3840 ἀσχέτως
1760 3763 1897 3840 ἔχειν

246 3855 413 3925 ἡμεῖς
448 3848 508 3907 δὲ
535 3854 745 3927 σχετῶς
778 3854 843 3922 “,
876 3852 1098 3925 τρεπτοὶ
1127 3852 1250 3929 γὰρ,
1284 3852 1484 3916 ἐκεῖνος
1514 3851 1570 3909 δὲ
1618 3850 1900 3930 ἄτρεπτος.

2014 3418 2122 3477 est,
2159 3427 2338 3481 supra
2381 3410 2834 3472 deiﬁcalionem,
2866 3413 2924 3463 et
2955 3408 3039 3463 sic
3071 3408 3142 3462 de
3171 3405 3415 3461 caeteris.
3448 3404 3669 3459 Deinde

2009 3502 2092 3557 sic
2121 3499 2590 3572 argumentando
2640 3498 2743 3565 ait,
2774 3497 2931 3568 quod
2963 3496 3013 3552 si
3069 3496 3178 3550 hoc
3209 3512 3240 3548 a
3273 3495 3388 3550 Deo
3430 3508 3664 3564 proma-

2010 3607 2157 3645 nans
2188 3590 2430 3654 donum,
2464 3586 2818 3657 principium
2871 3589 2962 3640 est
3004 3589 3184 3639 notras
3242 3580 3656 3647 deificationis,

2012 3678 2215 3749 utique
2246 3678 2419 3732 etiam
2453 3678 2659 3732 auctor
2690 3675 2843 3729 idem
2877 3678 2967 3729 cst
2994 3673 3178 3729 totius
3210 3670 3504 3745 principii,
3537 3669 3658 3724 imo

2013 3766 2208 3839 potius
2235 3783 2413 3837 supra
2446 3764 2802 3838 principium
2826 3762 3220 3834 est,atqueita
3239 3761 3455 3816 dictam
3487 3759 3664 3815 etiam

2013 3855 2376 3911 divinitatem
2409 3853 2968 3909 transcendit.Deus
2999 3850 3157 3906 enim
3190 3866 3304 3905 non
3336 3848 3668 3905 secundum

248 3942 560 4012 habitum,
595 3941 681 3997 uti
712 3958 839 4012 nos,
876 3943 1024 4000 805
1062 3944 1384 3999 bonitatem
1419 3945 1667 4013 obtinet,
1698 3947 1799 4002 sed
1831 3945 1959 4002 sine
1989 3945 2192 4001 habitu
2242 3943 2454 4012 habet;
2481 3960 2586 3999 nos
2638 3947 2831 3998 autem
2877 3957 2979 4014 per
3025 3938 3454 4007 habitudinem,
3488 3935 3670 4007 siqui-

251 4033 386 4095 dem
420 4047 533 4087 nos
564 4031 883 4087 mutabiles
909 4048 1139 4104 sumus,
1173 4033 1301 4105 ipse
1331 4050 1465 4089 vero
1496 4034 1910 4105 immutabilis.

322 4127 391 4184 Ei
423 4128 656 4200 θεότητο,
703 4129 792 4183 καὶ
838 4128 1168 4206 ἂγαθότητα.
1202 4130 1317 4187 Ούκ
1366 4130 1554 4205 αὐτὴν,
1600 4131 1756 4210 φησὶ,
1806 4133 1904 4201 τὴν

251 4220 366 4272 κατ’
423 4215 609 4272 οὐσίαν
660 4216 889 4288 θεότητα
936 4219 1025 4273 καὶ
1071 4218 1404 4294 ἀγαθότητα,
1450 4222 1479 4275 6'
1525 4241 1577 4275 τι
1625 4221 1757 4276 ποτέ
1796 4219 1909 4276 ἐστι

254 4304 423 4383 λέγω,
456 4304 604 4361 ἀλλά
645 4308 743 4376 τήν
798 4308 1131 4382 ἀγαθοποιὸν
1177 4309 1267 4363 καὶ
1297 4310 1548 4373 θεοποιὸν
1579 4307 1784 4385 δωρεὰν
1812 4314 1908 4365 τοῦ

256 4390 413 4457 ὄντος
461 4398 595 4450 Θεοῦ
649 4396 739 4449 καὶ
789 4397 1009 4473 ἀγαθοῦ’
1043 4402 1207 4452 τοῦτο
1255 4398 1359 4473 γὰρ
1390 4401 1425 4467 ἡ
1458 4398 1606 4474 ἀρχῆ
1640 4398 1729 4453 καὶ
1764 4397 1910 4452 αἰτία

253 4489 352 4540 τοῦ
405 4485 655 4539 θεοῦσθαι
710 4485 801 4540 xui
849 4487 1222 4561 ἀγαθύνεσθαι,
1269 4489 1358 4541 xui
1408 4487 1544 4542 κατὰ
1594 4491 1786 4543 τοῦτον
1816 4489 1907 4542 τὸν

252 4573 461 4650 τρόπον
514 4574 648 4651 φησὶ
704 4572 960 4650 λέγεσθαι
1024 4576 1155 4652 ὑπὲρ
1207 4575 1466 4653 θεαρχίαν
1526 4577 1613 4631 καὶ
1674 4576 1910 4653 ἀγαθαρ-

254 4664 413 4739 χίαν,
443 4664 543 4733 τὴν
578 4660 721 4717 οὕτω
754 4660 971 4733 δηλαδὴ
1016 4664 1342 4738 νοουμένην.
1389 4664 1704 4738 Σημείωσαι
1738 4662 1795 4720 δὲ
1822 4666 1911 4719 xui

256 4751 527 4819 ἰντεῦθεν,
559 4750 642 4807 ὅτι
673 4753 708 4821 ἡ
743 4753 936 4823 θεότης
963 4753 1053 4809 xui
1093 4755 1128 4824 ἡ
1162 4754 1433 4830 ἀγαθότης
1479 4754 1578 4809 οὐκ
1622 4755 1916 4810 αὐτοουσία

258 4840 373 4895 ἆστὶ
418 4844 517 4896 τοῦ
548 4844 703 4896 Θεοῦ·
734 4840 824 4895 xui
872 4843 977 4917 γὰρ
1021 4842 1110 4897 καὶ
1161 4847 1321 4897 τοῦτο
1374 4846 1418 4880 ⁸⁵
1450 4842 1695 4900 ἐπέκεινα
1726 4844 1753 4899 6
1785 4845 1916 4907 Θεὸς

261 4928 481 5004 [μόνος]
542 4927 594 4983 ἐν
648 4933 729 5002 τῷ
787 4930 918 5005 Περὶ
974 4930 1131 4986 θείων
1190 4931 1475 5006 ὀνομάτων
1514 4932 1798 5010 κεφαλαίῳ
1848 4934 1914 4987 ια’

260 5016 600 5092 πλατύτερον
630 5019 865 5094 εἴρηται.
1323 5058 1326 5062 λ

332 5106 647 5181 Ἀμίμητος
678 5109 769 5162 xui
822 5106 1073 5184 ἄσχετος.
1107 5111 1167 5168 Ὀ
1214 5109 1347 5165 κατὰ
1399 5110 1582 5185 σχέσιν
1635 5108 1732 5164 οὐκ
1768 5103 1912 5185 ἔχων

264 5216 340 5266 τι,
368 5194 492 5250 ἀλλ’
526 5194 577 5268 ἐξ
626 5196 819 5251 ἑαυτοῦ
852 5198 1087 5270 μίμησις
1123 5199 1213 5253 καὶ
1260 5199 1444 5274 σχέσις
1484 5198 1617 5252 αὐτά
1646 5197 1713 5251 τὰ
1740 5197 1909 5272 πράγ-

272 5305 428 5357 ματα,
464 5283 781 5360 μετέχοντες
834 5282 891 5339 δέ
935 5286 1021 5340 xui
1080 5286 1437 5360 μιμούμενοι,
1467 5287 1588 5359 περὶ
1624 5285 1717 5347 οὓς
1746 5289 1913 5340 ταῦτα

272 5374 519 5446 ὁρῶνται.
552 5374 863 5446 Ἀμίμητον
894 5372 951 5429 δὲ
980 5376 1069 5430 xui
1102 5363 1329 5451 ἄσλχετον
1359 5374 1459 5452 ἔφη
1491 5375 1553 5429 τὸ
1591 5379 1772 5442 Θεῖον,
1804 5372 1887 5429 ὅτι

272 5461 380 5535 ὅσῳ
433 5483 516 5526 τις
574 5463 713 5540 πρὸς
746 5462 975 5538 μίμησιν
1034 5463 1125 5518 καὶ
1180 5463 1365 5539 σχέσιν
1417 5467 1549 5519 Θεοῦ
1588 5462 1908 5539 προκόπτει,

2086 4134 2149 4189 Si
2176 4134 2529 4189 divinitatem
2574 4140 2628 4186 et
2678 4132 2999 4186 bonitatem.
3026 4129 3151 4183 Non
3196 4128 3406 4199 ipsam,
3456 4124 3669 4195 inquit,

2019 4224 2347 4279 secundum
2394 4219 2785 4276 substantiam
2835 4217 3202 4272 divinitatem
3236 4221 3293 4270 et
3322 4214 3669 4281 bonitatem,

2018 4313 2148 4368 dico
2181 4311 2320 4383 quid
2355 4311 2593 4366 tandem
2626 4308 2755 4381 ipsa
2784 4308 2881 4371 sit,
2914 4306 3013 4361 sed
3048 4304 3367 4361 boniﬁcum
3418 4307 3475 4357 et
3504 4301 3669 4356 deiﬁ-

2019 4419 2152 4457 cum
2185 4402 2405 4456 donum
2462 4399 2582 4454 veri
2620 4398 2713 4453 Dei
2765 4414 2831 4452 ac
2865 4396 3022 4451 boni.
3059 4395 3173 4450 Hoc
3206 4393 3362 4449 enim
3394 4395 3484 4447 est
3513 4390 3671 4462 prin-

1982 4486 1997 4503 ’
2019 4491 2235 4563 cipium
2269 4494 2325 4545 et
2372 4505 2550 4544 causa
2596 4485 2986 4542 deificationis
3017 4501 3083 4539 ac
3113 4479 3578 4545 boniﬁcationis;
3613 4482 3671 4533 et

2020 4581 2129 4636 hoc
2160 4580 2329 4634 modo
2361 4578 2439 4633 ait
2471 4578 2665 4649 ipsum
2716 4576 2827 4630 dici
2862 4591 3041 4645 supra
3074 4570 3427 4644 principium
3467 4566 3674 4623 divini-

2019 4669 2158 4725 tatis
2205 4686 2272 4725 ac
2320 4667 2623 4733 bonitatis,
2675 4665 2760 4721 sic
2807 4680 3019 4735 nempe
3077 4662 3461 4717 intellectum.
3521 4655 3671 4722 Quin

2021 4757 2199 4813 etiam
2233 4757 2368 4811 hinc
2397 4761 2531 4809 nota
2559 4754 2924 4810 divinitatem
2944 4767 3009 4806 ac
3036 4750 3357 4806 bonitatem
3381 4746 3539 4801 illam
3558 4760 3674 4799 non

2024 4862 2155 4902 esse
2186 4845 2374 4916 ipsam
2424 4844 2523 4899 Dei
2572 4842 2913 4908 essentiam,
2965 4839 3243 4910 quoniam
3299 4851 3479 4906 supra
3523 4831 3677 4887 hanc

2023 4936 2197 4991 etiam
2247 4934 2401 4990 Deus
2452 4935 2564 4998 est,
2606 4936 2672 4986 ut
2718 4932 2791 4986 De
2838 4929 3045 4985 divinis
3087 4926 3429 4989 nominibus,
3484 4920 3676 4993 capite

2023 5024 2357 5091 undecimo,
2391 5021 2577 5077 fusius
2608 5025 2698 5076 est
2728 5018 3103 5090 explicatum.

2091 5112 2181 5168 Est
2212 5111 2565 5167 inimitabilis
2613 5114 2664 5165 et
2705 5108 2920 5165 habitus
2951 5120 3167 5177 expers.
3201 5101 3309 5167 Qui
3341 5098 3671 5156 secundum

2020 5201 2289 5257 habitum
2324 5218 2439 5255 non
2471 5199 2648 5255 habet
2684 5198 3031 5270 quidquam,
3066 5194 3167 5249 sed
3199 5209 3267 5247 ex
3298 5188 3511 5261 seipsis
3540 5187 3676 5241 imi-

2019 5290 2162 5345 tatio
2194 5294 2251 5345 et
2279 5289 2517 5343 habitus
2549 5292 2688 5344 sunt
2719 5304 2809 5341 res
2840 5281 3427 5356 ipsae,participantes
3454 5293 3591 5333 vero
3621 5280 3678 5332 et

2022 5379 2341 5447 imitantes,
2397 5379 2550 5433 circa
2598 5394 2745 5448 quos
2796 5375 2934 5431 talia
2981 5371 3447 5443 conspiciuntur.
3490 5367 3675 5423 Deum

2022 5473 2217 5523 autem
2251 5467 2397 5522 dixit
2420 5464 2828 5521 inimitabilem
2848 5468 2904 5519 et
2930 5462 3167 5519 habitus
3194 5462 3678 5532 expertemzquo-

1246 5667 1481 5727 VARIE
1517 5669 1913 5730 LECTIONES
1950 5668 2044 5728 ET
2083 5667 2661 5727 CORREGTIONES.-

345 5803 475 5879 “‘16
504 5801 697 5872 ὅντως.
773 5807 817 5846 ⁸⁸
848 5805 1137 5883 σχετικῶς.
1214 5805 1258 5845 ⁸⁵
1287 5804 1515 5867 τούτων.
