4062 6366
386 432 495 490 531

1229 439 1602 495 APPENDIX
1640 440 1741 492 AD
1783 436 2027 491 OPERA
2061 437 2120 489 S'
2158 434 2473 490 DIONYSII
2510 437 2988 494 AREOPAGITE

3711 436 3823 493 532

394 561 559 618 niam
592 566 813 635 quanto
847 564 979 636 quis
1014 566 1087 621 ad
1120 566 1510 622 imitationem
1544 569 1601 620 et
1628 564 1729 620 Dei
1755 560 2053 619 habitudi-

2185 562 2420 613 ςοσοῦτον
2468 557 2880 633 καταλαμϐάνει
2926 563 2989 616 τὸ
3038 560 3321 640 ἀνέφικτον
3374 569 3475 633 τῆς
3525 565 3822 638 μιμήσεως

394 668 534 708 nem
568 654 900 719 accesserit,
930 659 1092 710 tanto
1125 654 1314 726 magis
1341 654 1635 726 intelligit,
1660 654 1855 724 ipsum
1891 649 2053 705 nulla

388 740 480 797 vel
512 742 839 798 imitatione
870 743 959 800 vel
988 744 1336 799 habitudine
1365 744 1571 815 attingi
1611 758 1799 815 posse.

896 861 968 915 IN
1011 860 1413 915 EPISTOLAM
1454 860 1551 914 III.

466 965 706 1036 Repente
733 974 812 1019 est
838 965 895 1020 id
924 966 1067 1037 quod
1092 975 1295 1036 prater
1324 982 1492 1036 spem.
1510 964 1789 1019 Existimo
1823 962 2055 1035 potissi-

396 1067 558 1108 mum
610 1052 771 1108 istud
829 1054 1237 1125 propheticum
1296 1056 1517 1108 dictum
1577 1052 1870 1107 Malaohiaa
1928 1068 2056 1122 pro-

395 1140 581 1211 phetis
602 1142 804 1197 Caium
829 1144 1244 1215 interrogasse,
1279 1144 1434 1214 quod
1475 1143 1558 1198 sic
1580 1143 1791 1197 habet:
1823 1143 2056 1213 Repente

394 1233 573 1286 veniet
601 1232 671 1286 ad
700 1234 966 1304 templum
996 1249 1158 1287 suum
1193 1235 1465 1288 Dominus
1486 1249 1643 1303 quem
1667 1248 1758 1288 vos
1779 1232 2052 1303 quaeritis,

393 1328 447 1375 et
477 1321 715 1389 angelus
763 1324 1075 1377 testamenti
1103 1338 1258 1393 quem
1307 1338 1398 1377 vos
1422 1323 1752 1377 desideratis
1783 1322 1872 1393 (e).
1910 1320 2052 1375 Mihi

399 1415 594 1466 autem
626 1411 789 1467 visus
820 1417 909 1467 est
936 1412 1052 1467 haec
1085 1414 1501 1484 interrogasse,
1526 1429 1591 1467 eo
1624 1412 1778 1483 quod
1812 1412 2053 1482 subjun-

393 1505 539 1573 gat:
582 1505 697 1557 Hoc
743 1502 986 1556 arbitror
1035 1504 1385 1573 Seripturam
1443 1503 1753 1567 insinuare,
1812 1502 1912 1555 ubi
1964 1518 2079 1568 ea,.

398 1606 526 1662 quae
557 1591 629 1645 de
659 1589 903 1645 Domino
952 1590 1091 1645 Jesu
1141 1591 1376 1648 Christo
1409 1597 1568 1659 sunt,
1602 1590 1847 1644 miriﬁce
1878 1606 2055 1660 expo-

398 1679 505 1734 nit.
540 1678 795 1733 Observa
843 1696 1001 1747 vero,
1037 1682 1332 1751 quomodo
1384 1680 1543 1735 vocis
1596 1676 1847 1754 ἐξαίφνης
1881 1677 2056 1749 origi-

399 1783 533 1822 nem
579 1767 927 1839 investiget;
962 1768 1305 1839 ibidemque
1333 1773 1470 1823 nota
1518 1768 1817 1826 Christum
1854 1767 2058 1822 huma-

403 1873 541 1911 nam
574 1857 967 1914 substantiam
1004 1859 1424 1927 assumpsisse.

478 1946 727 2002 Oceultus
757 1954 939 2001 autem
987 1954 1081 2001 est.
1118 1902 1371 2001 Oec‘ultus
1418 1946 1491 2000 ab
1538 1944 1664 2017 ipso
1716 1961 1864 2017 saepe
1896 1944 2060 2016 poni-

2246 1903 2485 1981 Κρύφιος
2545 1902 2601 1958 δὲ,
2650 1903 2782 1960 ἐστι.
2842 1905 2910 1958 Τὸ

2185 1994 2267 2017 Λ-ἒ
2295 2014 2307 2017 Α
2344 1996 2453 2017 _?_-
2524 1992 2609 2017 ..-Α
2650 1992 2907 2017 __-_,,,.I_A,

409 2037 507 2088 tur
536 2050 640 2104 pro
689 2049 828 2089 voce
858 2034 1020 2099 Deus,
1054 2038 1109 2088 et
1159 2049 1440 2088 arcanum
1484 2049 1587 2104 pro
1640 2032 1968 2099 divinitate,
2004 2038 2069 2088 ut

409 2137 479 2176 ex
510 2121 975 2193 przecedentibus
1006 2121 1173 2176 libris
1205 2126 1385 2193 patet.
1408 2121 1661 2177 Occultus
1690 2121 1871 2193 igitur
1891 2122 2067 2179 etiam

411 2208 507 2266 hic
538 2226 643 2282 pro
675 2215 819 2266 Deus
849 2210 1109 2283 ponitur,
1143 2214 1209 2265 ut
1239 2210 1339 2281 qui
1372 2210 1688 2265 invisibilis
1717 2214 1824 2266 est.

911 2325 987 2380 IN
1026 2323 1433 2381 EPISTOLAM
1464 2329 1560 2379 IV.

479 2432 781 2502 Quomodo,
835 2433 1042 2504 inquis,
1074 2433 1243 2488 Iesus.
1302 2431 1545 2501 Quaeris,
1579 2431 1793 2502 inquit,
1825 2447 2065 2503 quomo-

415 2519 488 2575 do
519 2518 666 2575 hoc?
696 2519 842 2575 Nota
872 2525 1065 2576 autem
1114 2521 1224 2585 hic,
1255 2521 1314 2575 id
1365 2525 1452 2576 est
1496 2521 1553 2575 in
1605 2520 2061 2592 dispensatione,

412 2609 685 2679 quoniam
714 2609 841 2665 sine
887 2609 1017 2675 hac,
1054 2613 1117 2663 ut
1157 2608 1466 2664 hominum
1500 2613 1702 2664 auctor
1731 2611 1902 2678 atque
1934 2609 2061 2679 opi-

404 2697 518 2763 fex,
550 2698 727 2753 etiam
760 2697 937 2753 homo
969 2697 1205 2754 dicitur.

477 2788 630 2843 306
659 2787 777 2842 Non
824 2788 975 2842 enim
1026 2790 1086 2841 ut
1137 2793 1329 2841 auctor
1380 2787 1688 2842 hominum.
1737 2786 1852 2841 Hoc
1884 2785 2059 2841 etiam

405 2875 586 2931 tradit
632 2876 942 2931 Africanus
997 2876 1057 2930 in
1112 2877 1237 2931 suis
1292 2876 1796 2946 Chronographiis;
1846 2875 2064 2931 dicitur

406 2964 566 3020 enim
615 2965 818 3019 eodem
870 2963 1107 3019 nomine
1155 2965 1309 3020 Deus
1358 2966 1634 3019 omnibus
1665 2981 1791 3035 quae
1840 2964 2061 3034 exipso

409 3059 572 3119 sunt,
603 3052 885 3123 quoniam
918 3053 979 3107 in
1026 3054 1302 3108 omnibus
1332 3053 1582 3110 exsistit.
1619 3054 1682 3108 In
1726 3053 1833 3108 hac
1865 3056 2059 3108 autem

407 3142 872 3213 dispensatione,
900 3146 1180 3214 tanquam
1236 3144 1559 3198 secundum
1593 3144 1771 3195 totam
1805 3140 2061 3197 hominis

408 3230 801 3286 substantiam
828 3231 1238 3287 substantialis
1263 3232 1436 3287 homo
1460 3232 1693 3298 dicitur,
1710 3232 1881 3301 juxta
1903 3232 2057 3302 quod

406 3319 625 3375 dictum
659 3324 749 3375 est
782 3337 794 3374 :
827 3323 889 3375 In
918 3337 1021 3392 quo
1052 3321 1396 3376 inhabitavit
1426 3320 1604 3374 omnis
1648 3319 1937 3389 plenitudo
1968 3320 2059 3375 di-

402 3408 651 3465 vinitatis
678 3410 1041 3480 corporaliter
1069 3410 1428 3481 (f).0bserva
1459 3414 1653 3463 autem
1686 3414 1873 3463 totum
1906 3408 2060 3480 epis-

402 3498 533 3556 tolae
565 3503 927 3567 contextum,
973 3500 1255 3572 quoniam
1306 3505 1395 3555 est
1426 3504 1629 3555 contra
1678 3515 1915 3554 omnem
1946 3500 2063 3555 hae-

406 3588 608 3659 resim,
639 3593 762 3644 tam
795 3590 1105 3659 antiquam
1139 3606 1315 3659 quam
1349 3605 1579 3643 novam.

478 3682 587 3734 Nos
615 3682 797 3733 autem
825 3682 1036 3736 Iesum.
1062 3678 1186 3733 Non
1220 3695 1322 3748 per
1357 3678 1815 3744 humanitatem,
1848 3678 2065 3750 inquit,

409 3766 628 3822 Christi
672 3766 872 3837 ipsum
903 3767 1242 3835 definimus,
1276 3766 1396 3821 sive
1444 3784 1624 3837 supra
1654 3766 1953 3822 hominem
1986 3768 2068 3821 di.

413 3855 623 3926 cimus,
657 3856 825 3927 quasi
874 3857 1208 3928 prodigium
1262 3855 1370 3911 hoc
1415 3857 1740 3911 secundum
1783 3856 2067 3912 rationem

413 3945 760 4001 substantiae
785 3946 1119 4001 communis
1145 3950 1365 4000 naturae
1390 3945 1799 4011 definiremus;
1825 3949 1924 4001 sed
1951 3962 2071 4001 ma-

414 4037 625 4092 nifeste
672 4036 997 4091 secundum
1052 4035 1331 4089 rationem
1368 4033 1714 4089 divinitatis.
1749 4034 1894 4089 Nam
1928 4036 2068 4091 sub-

405 4124 648 4195 junxit:
683 4124 879 4194 Neque
928 4124 1084 4178 enim
1138 4123 1312 4177 homo
1354 4128 1606 4191 tantum,
1638 4139 1841 4177 verum
1893 4125 2069 4179 etiam

412 4214 589 4269 Deus.
623 4212 768 4278 Etsi,
802 4211 1016 4283 inquit,
1053 4217 1234 4265 totam
1272 4212 1529 4266 hominis
1565 4211 1955 4268 substantiam
1986 4230 2073 4269 as-

413 4299 855 4373 sumpsit,haud
888 4304 1085 4354 tamen
1109 4316 1455 4370 separamus
1480 4301 1673 4370 ipsum
1694 4317 1727 4356 a
1747 4301 2068 4371 divinitate;

414 4388 693 4463 quoniam
752 4386 1107 4458 subjungit:
1161 4386 1287 4442 Non
1350 4386 1504 4440 enim
1566 4387 1741 4441 homo
1799 4392 2066 4459 tantum;

414 4478 627 4535 deinde
658 4492 790 4531 cum
823 4475 933 4529 hoc
964 4473 1311 4538 dixit,int‘ert
1347 4491 1359 4528 :
1393 4475 1591 4545 Neque
1622 4478 2071 4546 suprasubstan-

413 4565 573 4621 tialis
604 4563 819 4629 solum,
853 4567 1147 4633 quatenus
1176 4564 1349 4616 etiam
1386 4563 1582 4619 homo.

489 4653 674 4723 Supra
701 4652 974 4705 homines.
1007 4655 1195 4720 Supra
1246 4650 1516 4707 homines
1549 4656 1806 4725 quidem,
1840 4656 1977 4727 quia
2005 4674 2074 4713 ex
2098 4666 2148 4730 ι)

418 4740 696 4814 Virgine;
728 4739 1054 4793 secundum
1088 4738 1357 4794 homines
1385 4756 1539 4805 vero,
1575 4748 1808 4814 propter
1837 4748 2073 4817 tempus

420 4831 478 4886 in
511 4835 699 4899 utero,
732 4843 943 4899 nempe
973 4828 1297 4882 secundum
1352 4832 1746 4902 conceptionis
1790 4833 1945 4905 leges
1976 4851 2071 4889 ex-

420 4919 668 4991 pletum.
704 4916 784 4971 Ex
815 4916 1078 4971 humana
1112 4932 1246 4970 vero
1290 4918 1641 4985 substantia,
1676 4922 1975 4993 quoniam,
2010 4928 2074 4978 ut

420 5009 575 5065 idem
609 5011 853 5065 sanctus
883 5006 1055 5062 Pater
1084 5006 1337 5076 dicebat,
1370 5023 1437 5061 ex
1471 5008 1745 5079 virgineis
1771 5013 2073 5083 sanguini-

419 5098 532 5154 bus
561 5102 831 5153 sanctum
864 5095 1081 5153 Christi
1114 5111 1328 5166 corpus
1358 5100 1680 5153 constabat.

486 5192 669 5258 Supra
699 5187 1089 5253 substantiam,
1122 5185 1491 5241 substantiam
1534 5192 1852 5261 assumpsit.
1888 5192 2074 5247 Etiam

420 5281 551 5350 post
582 5276 1050 5331 incarnationem
1104 5277 1844 5345 suprasubstantialiiatom
1876 5280 2075 5352 appel-

490 5457 564 5530 (ο)
597 5455 734 5513 Mal.
771 5471 857 5525 ιιι,
890 5455 941 5509 1.
1024 5455 1087 5525 (Ι)
1119 5454 1337 5514 Coloss.
1372 5474 1436 5529 ιι,
1464 5460 1519 5514 9.

2164 649 2253 701 καὶ
2285 648 2521 723 σχέσεως
2533 692 2544 704 .

2572 840 2683 893 ΕΙΣ
2718 840 2856 894 ΤΗΝ
2890 840 3298 896 ΕΠΙΣΤΟΛΗΝ
3328 841 3400 897 l“.

2236 942 2524 1019 Ἐξαίφνης
2581 944 2689 998 ἐστὶ
2745 946 2806 999 τὸ
2863 947 2989 1020 παρ’
3049 943 3274 1004 ἐλπίδα.
3336 945 3629 1022 Ἐφίστημι
3667 987 3682 1013 ,
3745 945 3821 1007 ὡς

2164 1032 2247 1084 δτι
2314 1032 2526 1104 μᾶλλον
2588 1032 2760 1087 ἐκεῖνο
2811 1034 2873 1088 τὸ
2922 1035 3259 1112 προφητικὸν
3308 1038 3405 1088 τοῦ
3456 1036 3750 1111 προφήτου
3778 1037 3823 1070 ⁴⁸

2164 1118 2460 1194 Μαλαχίου
2511 1123 2793 1197 ἠρώτησεν
2841 1124 2867 1176 6
2916 1124 3096 1189 Γαῖος,
3128 1124 3191 1177 τὸ
3235 1119 3384 1198 ἕχον
3419 1123 3517 1177 Καὶ
3568 1122 3826 1199 ἐξαίφνης

2162 1208 2277 1280 ἥξει
2311 1210 2384 1272 εἷς
2414 1211 2503 1264 τὸν
2536 1212 2661 1264 ναὸν
2704 1211 2867 1265 αὐτοῦ
2921 1213 2948 1265 ὁ
3002 1212 3223 1286 Κύριος,
3266 1213 3321 1265 δν
3368 1211 3524 1284 ὑμεῖς
3588 1217 3826 1282 ζητεῖτε,

2162 1297 2250 1352 καὶ
2316 1301 2342 1353 ὁ
2400 1296 2626 1376 ἅγγελος
2678 1306 2776 1368 τῆς
2830 1298 3120 1372 διαθήκης,
3176 1299 3233 1355 ὃν
3287 1300 3442 1374 ὑμεῖς
3484 1300 3820 1365 ἐπιποθεῖτε.

2174 1385 2363 1457 ’Έδοξε
2421 1386 2477 1442 δέ
2538 1411 2632 1462 μιι
2684 1394 2845 1444 τοῦτο
2896 1390 3213 1464 ἠρωτῆσθαι
3268 1388 3327 1443 ἐκ
3370 1394 3468 1443 τοῦ
3507 1387 3823 1464 ἐπαγαγεῖν·

2165 1480 2333 1530 Τοῦτο
2391 1480 2545 1549 οἶμαι
2602 1480 2700 1547 τὴν
2755 1477 3042 1553 θεολογίαν
3095 1478 3440 1533 αἷ’νίττεσθαι’
3494 1478 3818 1550 θαυμασίως

2168 1565 2385 1620 ἐνταῦθα
2417 1566 2663 1642 Οεολογεῖ
2690 1569 2755 1622 τὰ
2802 1568 2924 1641 περὶ
2954 1572 3049 1620 τοῦ
3092 1567 3289 1642 Κυρίου
3323 1569 3503 1637 Ἰησοῦ
3552 1569 3818 1640 Χριστοῦ.

2168 1656 2487 1727 Σημείωσαι
2521 1653 2577 1709 δὲ
2607 1660 2721 1717 πῶς
2754 1656 3081 1730 ἐτυμολογεῖ
3128 1656 3189 1709 τὸ
3230 1654 3470 1731 ἐξαίφης·
3506 1656 3823 1728 σημείωσαι

2166 1743 2256 1797 καὶ
2288 1744 2349 1797 τὸ
2380 1744 2728 1819 ἀνθρωπίνως
2760 1743 3091 1813 οὗσιωθῆναι
3124 1745 3360 1818 Χριστόν
3393 1747 3457 1800 ⁴“¹.

2968 1903 3196 1982 κρύφιος
3251 1901 3523 1967 πολλάκις
3571 1903 3690 1958 ἀντὶ
3731 1908 3835 1958 τοῦ

2178 1994 2307 2055 Θεὸς
2342 1996 2478 2059 εἷπε,
2523 1992 2611 2047 καὶ
2650 1992 2987 2067 κρυφιότητα
3032 1992 3129 2060 τήν
3181 1991 3431 2063 θεότητα,
3481 1992 3557 2055 ὡς
3606 1992 3660 2046 ἐν
3710 1997 3835 2053 τοῖς

2177 2080 2288 2137 ἅνω
2322 2080 2532 2156 λόγοις.
2566 2084 2640 2139 Τὸ
2670 2081 3007 2159 κρύφιότητα
3050 2084 3151 2151 τὴν
3199 2080 3449 2150 θεότητα,
3483 2080 3558 2142 ὡς
3602 2081 3657 2135 ἓν
3712 2086 3839 2144 τοῖς

2178 2174 2288 2225 ἅνω
2320 2170 2529 2246 λόγοις.
2560 2172 2630 2225 Τὸ
2678 2170 2903 2248 κρύφιος
2957 2169 3045 2224 οὖν
3080 2168 3305 2233 ἐνταῦθα
3354 2170 3467 2224 ἀντὶ
3510 2173 3606 2224 τοῦ
3636 2170 3664 2224 6
3696 2168 3838 2232 Θεὸς

2177 2258 2409 2335 εἷ’ρηται,
2442 2261 2515 2321 ὡς
2550 2261 2797 2335 ἀόρατος.

2568 2378 2681 2432 ΕΙΣ
2732 2378 2878 2431 ΤΗΝ
2922 2375 3325 2431 ΕΙΙΙΣΤΟΛΗΝ
3356 2380 3426 2431 Δ¹.

2244 2486 2390 2551 Πῶς,
2443 2481 2569 2555 φῄς,
2613 2483 2844 2551 Ἰησοῦς,
2897 2482 3223 2555 Ἐπερωτᾷς,
3268 2479 3422 2557 φησὶ,
3455 2483 3572 2541 πῶς
3618 2482 3831 2549 τοῦτο;

2176 2571 2495 2644 Σημείωσαι
2545 2568 2601 2625 δὲ
2639 2570 2701 2624 τὸ
2754 2567 2957 2637 ἐνθάδε,
3002 2569 3276 2624 τουτέστιν
3322 2569 3374 2624 ἐν
3406 2572 3473 2642 τῇ
3505 2568 3830 2641 οἰκονομίᾳ,

2174 2659 2287 2715 ἐπεὶ
2323 2657 2451 2734 δίχα
2492 2658 2717 2729 ταύτης,
2768 2658 2856 2711 καὶ
2906 2658 2977 2719 ὡς
3028 2655 3202 2721 αἷίτιος
3247 2657 3575 2732 ἀνθρώπων,
3606 2657 3832 2735 λίγεται

2173 2747 2477 2823 ἄνθρωπος,
2509 2749 2583 2810 ὡς
2614 2749 2853 2817 ποιητὴς
2881 2747 3204 2823 ἀνθρώπων.

2243 2838 2319 2894 Οὐ
2376 2838 2477 2912 γὰρ
2538 2838 2613 2900 ὡς
2670 2836 2841 2898 α’ίτιος
2918 2837 3239 2912 ἀνθρώπων.
3306 2836 3476 2891 Τοῦτό
3543 2858 3674 2911 φησι
3734 2837 3834 2891 καὶ

2172 2927 2494 3004 Ἀφρικανὸς
2566 2925 2617 2980 ἐν
2696 2932 2815 2988 ταῖς
2900 2924 3354 3002 Χρονογραφίαις·
3434 2923 3648 3000 λέγεται
3726 2926 3835 2999 γὰρ

2172 3016 2483 3089 ὁμωνύμως
2516 3018 2542 3070 ὁ
2576 3015 2703 3077 Θεὸς
2752 3020 2881 3074 πᾶσι
2924 3020 3041 3076 τοῖς
3076 3014 3127 3084 ἐξ
3173 3014 3361 3084 αὐτοῦ,
3393 3012 3580 3084 ἐπειδὴ
3634 3012 3686 3068 ἐν
3723 3020 3836 3069 πᾶ-

2172 3105 2249 3160 σίν
2304 3105 2469 3160 ἐστιν.
2506 3106 2589 3160 Ἐν
2644 3102 2797 3176 δὲτῇ
2850 3103 3140 3176 οἰκονομίᾳ
3171 3104 3245 3165 ὡς
3299 3104 3436 3158 κατά
3479 3104 3577 3172 τήν
3636 3102 3835 3157 οὐσίαν

2171 3192 2309 3265 ὅλην
2365 3194 2648 3254 οὖσιωθεῖς
2704 3190 2989 3268 ἄνθρωπος
3042 3192 3283 3267 λέγεται,
3332 3192 3468 3248 κατά
3507 3193 3568 3247 τὸ
3600 3192 3837 3265 εἰρημε-

2092 3297 2135 3363 C
2174 3304 2285 3339 νον·
2321 3284 2405 3339 Ἐν
2454 3284 2499 3355 ᾦ
2548 3288 2790 3336 κατοικεῖ
2831 3286 2933 3336 πᾶν
2983 3288 3083 3351 τῆς
3134 3280 3390 3351 θεότητος
3438 3283 3501 3336 τὸ
3541 3279 3841 3355 πλήρωμα

2172 3376 2522 3446 σωματικῶς.
2557 3375 2733 3426 ΙΙᾶσαν
2766 3368 2823 3424 δὲ
2855 3370 2997 3440 λέξιν
3026 3377 3127 3438 τῆς
3160 3369 3456 3440 ἐπιστολῆς
3494 3372 3837 3443 σημείωσαι·

2170 3457 2281 3517 ἔστι
2320 3461 2420 3535 γὰρ
2470 3462 2608 3514 κατὰ
2653 3461 2833 3529 πάσης
2880 3460 3157 3533 αἱρέσεως,
3212 3454 3577 3535 πρεσϐυτέρας
3626 3479 3687 3513 τε
3740 3459 3839 3513 καὶ

2171 3552 2458 3622 νεωτέρας.

2246 3694 2437 3765 Ἡμεῖς
2498 3690 2555 3747 δὲ
2610 3691 2701 3745 τὸν
2755 3691 3003 3761 Ἰησοῦν.
3066 3689 3143 3747 Οὐ
3203 3690 3292 3745 διὰ
3346 3690 3408 3745 τὸ
3460 3689 3836 3765 ἀνθρώπινον,

2178 3782 2333 3860 φησὶ,
2383 3786 2477 3837 τοῦ
2536 3784 2776 3853 Χριστοῦ
2831 3779 2992 3834 αὐτὸν
3051 3778 3406 3853 ἀφορίζομεν,
3462 3776 3636 3853 ἤγουν
3698 3779 3833 3854 ὑπὲρ

2179 3869 2458 3945 ἄνθρωπον
2494 3869 2750 3944 λὲγομεν,
2784 3870 2857 3931 ὡς
2908 3868 3052 3941 ξένον
3102 3872 3263 3923 τοῦτο
3311 3868 3449 3923 κατά
3476 3867 3568 3922 τὸν
3599 3873 3705 3937 τῆς
3737 3867 3836 3922 οὗ·

2180 3960 2293 4022 σίας
2332 3959 2499 4036 λόγον
2531 3963 2626 4014 τοῦ
2672 3963 2857 4013 κοινοῦ
2905 3965 3004 4027 τῆς
3056 3956 3265 4034 φύσεως
3315 3956 3652 4030 ὁριζόμενοι,
3686 3954 3838 4011 ἀλλὰ

2179 4046 2477 4123 προδήλως
2531 4048 2666 4102 κατὰ
2715 4047 2805 4101 τὸν
2863 4054 2961 4115 τῆς
3014 4045 3268 4117 θεότητος
3322 4044 3507 4121 λόγον.
3557 4047 3840 4121 Ἐπήγαγε

2178 4140 2299 4214 γάρ·
2334 4135 2473 4194 Οὐδὲ
2514 4137 2612 4211 γὰρ
2664 4133 2948 4211 ἄνθρωπος
2999 4135 3185 4207 μόνος,
3236 4133 3380 4189 ἀλλά
3427 4134 3515 4188 καὶ
3571 4134 3727 4196 Θεός.
3770 4132 3836 4189 Εἰ

2180 4227 2269 4282 καὶ
2319 4226 2454 4296 ὅλην
2500 4225 2684 4280 οὐσίαν
2736 4225 3025 4299 ἀνθρώπου
3074 4218 3328 4290 ἀνέλαϐε,
3379 4223 3567 4301 φησὶν,
3608 4221 3740 4277 ἀλλ’
3772 4221 3837 4276 οὐ

2179 4313 2493 4390 διαιροῦμεν
2540 4312 2701 4369 αὐτὸν
2755 4314 2858 4367 ἀπὸ
2905 4315 3004 4381 τῆς
3036 4312 3317 4381 θεότητος·
3352 4311 3540 4385 ἐπάγει
3589 4312 3719 4385 γάρ’
3755 4310 3835 4367 Οὐ

2177 4406 2277 4481 γάρ
2330 4402 2613 4479 ἅνθρωπος
2665 4402 2851 4475 μόνον·
2906 4402 3042 4469 εἶτα,
3091 4405 3252 4455 τοῦτο
3313 4400 3502 4469 εἷ’πὼν,
3564 4398 3835 4476 ἐπιφέρει,

2179 4490 2320 4550 Οὐδὲ
2353 4491 2672 4567 ὑπερούσιος
2706 4491 2893 4562 μόνον,
2925 4490 3045 4553 καθ’
3076 4490 3104 4543 ὃ
3134 4490 3223 4543 καὶ
3252 4486 3563 4563 ἄνθρωπος.

2248 4654 2404 4728 Ὑπὲρ
2455 4652 2770 4725 ἀνθρώπους
2808 4694 2819 4706 .
2868 4650 3025 4722 Ὑπὲρ
3088 4649 3405 4722 ἀνθρώπους
3464 4650 3556 4721 μὲν
3622 4646 3715 4703 διὰ
3774 4671 3837 4704 το

2185 4742 2244 4798 ἐκ
2299 4740 2587 4817 παρθένου·
2638 4742 2755 4793 κατ’
2816 4740 3132 4814 ἀνθρώπους
3179 4735 3235 4792 δὲ
3285 4736 3372 4792 διὰ
3418 4739 3507 4792 τὸν
3560 4738 3611 4793 ἐν
3649 4741 3839 4814 μήτρᾳ

2180 4834 2403 4909 χρόνον,
2433 4830 2467 4899 ἢ
2501 4829 2575 4892 ὠς
2620 4829 2745 4891 τοὺς
2799 4828 3002 4902 νόμους
3051 4834 3150 4896 τῆς
3182 4829 3449 4898 κυήσεως.
3492 4829 3586 4883 Ἐκ
3609 4835 3714 4897 τῆς
3750 4832 3838 4883 ἁν-

2182 4921 2413 4997 θρώπων
2448 4917 2504 4973 δὲ
2553 4917 2757 4986 οὐσίας,
2789 4916 2871 4972 ὅτι
2904 4917 2977 4981 ὠς
3024 4916 3186 4980 αὐτὸς
3216 4917 3242 4969 ὁ
3276 4917 3433 4983 ἅγιος
3486 4917 3671 4993 Πατὴρ
3704 4912 3836 4995 ἔφη,

2182 5010 2242 5067 ἐκ
2296 5015 2403 5065 τῶν
2445 5010 2780 5084 παρθενικῶν
2832 5005 3077 5080 αἱμάτων
3136 5006 3198 5060 τὸ
3261 5006 3413 5081 ἅγιον
3470 5010 3630 5078 σῶμα
3687 5011 3839 5082 Χρι-

2186 5104 2334 5157 στοῦ.

2255 5190 2411 5264 Ὑπὲρ
2471 5184 2654 5241 οὐσίαν
2712 5184 2975 5253 οὐσιώθη.
3038 5185 3135 5238 Καὶ
3213 5185 3346 5256 μετά
3403 5185 3504 5253 τὴν
3563 5182 3840 5259 ἐνανθρώ-

2186 5299 2349 5349 πησιν
2398 5276 2829 5350 ὑπερουσιότητα
2886 5272 3137 5345 ᾡνόμασε
3187 5274 3287 5342 τὴν
3342 5272 3593 5344 θεότητα.
3651 5274 3725 5329 Τὸ
3785 5272 3838 5329 δὲ

1424 5611 1669 5675 χνΑιιιΑι
1705 5613 2091 5673 LECTIONES
2128 5615 2219 5671 ET
2258 5607 2807 5671 CORRECTIONES.

497 5742 542 5779 ⁸⁸
566 5736 664 5793 τοῦ
695 5732 1001 5792 δωδεκάτου
1031 5739 1337 5816 προφήτου.
1414 5742 1457 5777 ‘7
1490 5740 1815 5806 οὑσιωθὲντα
1844 5738 2279 5819 προεληλυθέναι
2308 5741 2399 5799 τὸν
2430 5736 2691 5817 Χριστόν.
