4062 6366
208 436 322 493 533

207 558 417 630 ταύτης
474 562 795 637 ὑπερούσιον
842 568 904 622 τὸ
967 566 1313 646 ὑπερϐάλλον
1364 583 1464 646 τῆς
1523 577 1725 653 οὐσίας,

208 648 427 726 σοφίας,
461 652 554 705 καὶ
593 649 899 726 δυνάμεως.

282 827 388 882 Καὶ
454 828 588 904 ὑπὲρ
648 834 954 907 ἄνθρωπον.
1017 838 1338 913 Ἀνθρώπου
1398 844 1491 915 μὲν
1543 844 1607 900 10‘
1666 847 1726 902 ἐκ
1770 870 1865 924 γυ-

207 914 417 976 ναικός·
458 917 591 993 ὑπὲρ
641 918 924 996 ἄνθρωπον
977 922 1054 994 δὲ,
1088 926 1149 979 τὸ
1196 927 1254 983 ἐκ
1300 914 1586 1006 παρθένου.
1618 914 1861 1009 Σημείωι

207 1022 293 1055 σαι
344 1001 423 1075 δὲ,
461 1006 545 1059 ὅτι
598 1010 786 1082 γήϊνον
832 1011 892 1065 τὸ
941 1017 1101 1085 σῶμα
1147 1022 1243 1070 τοῦ
1295 1025 1547 1095 Χριστοῦ,
1594 1027 1679 1080 καὶ
1735 1028 1863 1103 οὐχὶ

206 1092 487 1167 οὐράνιον,
522 1095 595 1159 ὥς
626 1117 767 1160 τινες
799 1100 1054 1171 ᾠήθησαν
1088 1104 1152 1160 ⁸⁸.

276 1181 521 1254 Δύναμιν
594 1185 953 1262 ὑπεροχικῆς.
1014 1189 1155 1248 Ἰδοὺ
1229 1194 1319 1248 καὶ
1379 1197 1603 1254 ἐνταῦθα
1662 1202 1863 1278 ὑπερο-

203 1275 383 1344 χικῶς
434 1273 551 1327 εἶπε
598 1276 733 1348 πρὸς
794 1276 1211 1350 ἀντιδιαστολήν
1265 1289 1372 1339 τῶν
1425 1291 1560 1343 κατὰ
1611 1273 1859 1367 στερη-σιν

201 1354 671 1451 λαμϐανομένων.
706 1363 879 1428 Εὐθὺς
932 1365 989 1422 δὲ
1042 1367 1129 1424 διὰ
1176 1376 1281 1427 τῶν
1333 1354 1858 1451 ἐπαγομένωνέάυ-

196 1447 286 1501 τὸν
354 1447 739 1525 ἐφερμηνεύει.
799 1454 865 1509 Τί
938 1454 994 1511 δὲ
1060 1458 1169 1513 ἐστι
1227 1462 1573 1540 κατάφασις,
1632 1469 1856 1543 εἷ’πομεν

196 1533 307 1589 ἅνω
362 1536 417 1635 ἐν
460 1545 542 1611 τῷ
595 1542 722 1615 Περὶ
782 1550 1048 1615 μυστικῆς
1094 1533 1403 1625 θεολογίας,
1454 1533 1854 1635 κεφαλαίῳ1γ2

194 1630 320 1687 Πῶς
370 1624 431 1681 δὶ
497 1628 585 1682 ἐπὶ
656 1635 752 1685 τοῦ
826 1634 1023 1706 Κυρίου
1081 1639 1214 1710 ἡμῖν
1275 1642 1454 1711 Ἰησοῦ
1508 1624 1746 1720 Χριστοῦ
1799 1624 1855 1703 αἱ

192 1716 526 1792 καταφάσεις
575 1715 801 1791 δύναμιν
856 1718 1047 1796 ἔχουσι
1097 1726 1471 1802 ὑπερεχούσης
1508 1715 1853 1811 ἀποφάσεως,

190 1803 255 1857 τὰ
318 1805 461 1859 κατᾶ
522 1806 843 1882 ἀνθρώπους
899 1811 1186 1889 ἐξηγεῖται.
1241 1816 1306 1871 Εἴ
1358 1818 1458 1894 γὰρ
1515 1803 1852 1900 καταφάσκο-

194 1914 285 1965 μεν
326 1895 585 1969 Χριστοῦ,
638 1895 886 1972 λέγοντες
933 1897 1216 1978 ἄνθρωπον
1269 1908 1426 1977 εἶναι,
1480 1911 1567 1964 καὶ
1619 1895 1679 1966 ἐκ
1708 1934 1850 1988 παρ-

188 1978 349 2035 θένου
403 1984 610 2056 μητρὸς
658 1988 772 2040 κατ’
823 1987 1005 2043 οὐσίαν
1061 1993 1242 2064 ἡμῶν.
1296 1994 1443 2051 ἀλλὰ
1471 1978 1851 2074 κεκρυμμένην

189 2066 308 2144 ἔχει
375 2072 466 2125 καὶ
532 2073 663 2148 ὑπὲρ
722 2080 847 2130 νοῦν
907 2080 1007 2146 τὴν
1057 2082 1153 2151 τῇς
1222 2084 1539 2161 ἀποφάσεως
1600 2086 1846 2163 δύναμιν.

189 2159 347 2232 Ἐρεῖ
395 2160 498 2236 γὰρ
548 2162 575 2215 6
623 2162 860 2233 ἀκούων,
908 2168 1009 2220 οὐκ
1054 2159 1358 2245 ἄνθρωπος,
1401 2171 1588 2244 ἐπειδὴ
1621 2176 1679 2231 ἐκ
1708 2159 1852 2255 παρ-ς

187 2248 373 2317 θὲνου,
426 2247 551 2305 ἀλλ’
605 2252 737 2328 ὑπὲρ
792 2255 1101 2328 ἄνθρωπον,
1152 2258 1197 2313 εἷ
1254 2260 1343 2314 καὶ
1402 2265 1537 2318 κατὰ
1587 2267 1655 2320 τὰ
1706 2247 1849 2324 ἄλλα

182 2334 502 2412 ἅνθρωπος.
553 2342 861 2417 Ἐξηγεῖται
913 2342 971 2399 δὲ
1018 2346 1107 2399 καὶ
1156 2352 1338 2419 τοῦτο,
1390 2350 1626 2428 φάσκων,
1660 2357 1741 2410 ὅτι
1785 2360 1847 2412 τὸ

183 2423 371 2499 λέγειν
434 2428 596 2483 αὐτὸν
656 2428 940 2505 ἄνθρωπον
994 2442 1392 2513 καταφατικῶς,
1452 2445 1610 2497 τοῦτο
1657 2441 1846 2517 δηλοῖ,

183 2513 285 2567 οὐκ
321 2517 457 2606 εἶναι
509 2518 794 2606 ἄνθρωπον
858 2522 1233 2598 ἀποφατικῶς,
1280 2524 1407 2582 ἀλλ’
1457 2530 1591 2606 ὐπὶρ
1639 2513 1845 2606 ἅνθρωέ

182 2623 315 2674 πον,
349 2601 607 2675 δηλονότι
638 2605 726 2663 διὰ
755 2609 821 2664 τὰ
851 2617 1054 2685 σημεῖα
1093 2616 1159 2668 τὰ
1189 2616 1455 2691 γενόμενα
1495 2601 1623 2695 παρ’
1653 2601 1841 2681 αὐτοῦ.

250 2799 337 2857 Οὐ
396 2801 533 2856 κατὰ
591 2804 718 2859 Θεὸν
778 2808 847 2861 τὰ
904 2808 1019 2863 Θεῖα
1068 2807 1309 2886 δράσας.
1374 2816 1452 2871 Οὐ
1520 2819 1655 2872 κατὰ
1712 2821 1841 2875 Θεὸν

184 2889 283 2961 μὲν
324 2886 514 2963 δρᾶσαι
541 2892 608 2945 τὰ
639 2898 755 2956 θεῖα
812 2893 954 2969 λέγει
1006 2899 1096 2953 τὸν
1128 2902 1391 2976 Χριστὸν,
1431 2903 1512 2959 ὅτι
1549 2908 1683 2978 μετὰ
1712 2929 1841 2983 σαρη

180 2979 277 3040 κὸς
311 2978 403 3033 καὶ
436 2980 497 3035 οὐ
530 2987 710 3057 γυμνῇ
741 2987 809 3058 τῇ
861 2985 1099 3057 θεότητι·
1136 2988 1290 3061 ὅμως
1322 2989 1367 3045 δ⁶
1416 2991 1508 3049 06v
1549 2997 1683 3050 θεῖα·
1720 2978 1842 3053 οὕτε

181 3068 247 3121 τὰ
305 3066 621 3159 ἀνθριίξπινα
668 3074 784 3159 κατῗ
836 3071 1138 3151 ἄνθρωπον·
1172 3077 1223 3132 ἐν
1276 3079 1488 3153 ἐξουσίᾳ
1526 3084 1628 3159 γὰρ
1662 3087 1838 3154 θεῖκῆ,

183 3154 275 3209 ὅτε
333 3151 642 3227 ἐϐούλετο,
704 3157 888 3224 διδοὺς
944 3165 1131 3236 καιρὸν
1182 3166 1252 3241 τῇ
1309 3151 1476 3245 σαρκὶ.
1520 3151 1609 3226 τὰ.
1642 3151 1839 3244 ἑαυτῆς

178 3243 442 3337 ἐνεργεῖν-⁸
497 3245 650 3320 ὅμως
706 3246 751 3337 δ’
802 3249 891 3304 οὖν
941 3251 1273 3329 ἀνθρώπινα.
1321 3243 1395 3312 T6
1447 3256 1503 3314 δὲ
1543 3243 1837 3337 ἀνδρωθέν-

1181 454 1237 505 s.
1278 458 1545 512 MAXIMI
1580 460 1884 518 scaeua
1918 466 1993 520 IN
2031 470 2191 526 EPP.
2231 475 2290 527 s.
2330 436 2666 529 DIONYSII.

3530 481 3637 536 534

1774 581 1863 636 καὶ
1890 593 1940 655 Α
1974 589 2120 646 lavit
2144 593 2533 650 divinitatem.
2558 596 2747 665 Hujus
2769 603 2961 651 aulem
2990 600 3637 668 supersubstantialitas

1978 683 2069 734 est
2090 682 2411 739 eminentia
2434 686 2777 739 substantiae
2802 691 2857 740 et
2880 688 3180 757 sapientiae
3205 706 3269 743 ac
3300 693 3631 760 potestatis-

2047 769 2112 824 Et
2142 787 2315 842 supra
2346 774 2638 829 hominem.
2678 773 2944 829 Hominis
2976 776 3238 845 quidem,
3272 781 3425 849 quod
3460 781 3535 836 sit
3565 799 3634 837 ex

1979 857 2258 929 muliere;
2296 879 2475 933 supra
2524 863 2827 917 hominem
2872 880 3029 931 vero,
3064 867 3218 935 quod
3253 883 3321 921 ex
3368 868 3626 941 Virgine.

1976 950 2119 1002 Nota
2150 955 2344 1005 autem
2378 951 2594 1007 Christi
2626 969 2836 1023 corpus
2867 958 3162 1008 terrenum
3199 957 3627 1029 exsistere,n0n

1974 1044 2166 1094 autem
2201 1043 2456 1109 caeleste,
2486 1050 2551 1098 ut
2581 1045 2823 1114 quidam
2857 1046 3319 1101 exsistimarunt.

2051 1130 2164 1183 Vim
2192 1133 2530 1187 excellentis.
2566 1134 2713 1188 Ecce
2736 1134 2911 1188 etiam
2934 1134 3028 1188 hic
3069 1135 3417 1192 excellenter
3461 1140 3624 1206 dixit,

1971 1218 2041 1272 ad
2087 1220 2473 1276 dill‘erentiam
2526 1239 2726 1278 eorum
2762 1240 2888 1293 quae
2934 1232 3249 1279 sumuntur
3297 1229 3623 1285 secundum

1972 1307 2590 1377 privationem.Statim
2625 1317 2820 1365 autem
2858 1328 2960 1383 per
2990 1329 3055 1366 ea
3086 1329 3211 1382 quze
3244 1316 3624 1386 subjungun-

1968 1401 2083 1462 tur,
2110 1399 2488 1470 semetipsum
2516 1400 2784 1471 explicat.
2819 1400 2966 1463 Quid
2992 1418 3161 1471 porro
3184 1404 3260 1457 sit
3283 1404 3621 1476 afﬁrmatio,

1968 1485 2222 1542 diximus
2272 1505 2451 1559 supra
2480 1491 2552 1543 De
2598 1493 2826 1561 mystica
2874 1490 3139 1561 theologia
3193 1493 3380 1562 capite
3426 1495 3617 1549 tertio.

1966 1572 2075 1627 Sed
2101 1577 2394 1644 quomodo
2429 1576 2485 1630 in
2523 1577 2770 1633 Domino
2799 1582 2995 1633 nostro
3024 1578 3163 1633 Jesu
3195 1579 3425 1634 Christo
3457 1582 3617 1635 afﬁr-

1966 1662 2250 1718 mationes
2284 1665 2395 1719 vim
2442 1665 2697 1721 habeant
2751 1666 3089 1721 excellentis
3140 1668 3489 1736 negationis,
3524 1686 3616 1725 res

1962 1750 2233 1807 humanm
2284 1754 2598 1810 declarant.
2634 1756 2758 1810 Etsi
2811 1756 2968 1811 enim
3024 1756 3324 1813 Christum
3356 1759 3612 1815 afﬁrme-

1961 1856 2116 1907 mus,
2150 1843 2291 1896 dum
2342 1860 2470 1898 esse
2519 1844 2815 1899 hominem
2868 1845 3142 1911 dicimus,
3178 1851 3233 1899 et
3262 1864 3329 1901 ex
3375 1847 3612 1919 Virgine

1883 1961 1929 2026 B
1960 1935 2146 1985 matre
2178 1934 2503 1987 secundum
2537 1934 2929 1987 substantiam
2971 1939 3254 2004 nostram,
3286 1940 3483 1992 tamen
3517 1955 3610 1993 oc-

1960 2018 2176 2073 cultam
2208 2038 2438 2092 quoque
2489 2022 2679 2085 habet,
2712 2024 2859 2077 307
2897 2039 3145 2092 eamque
3195 2030 3389 2078 mente
3429 2027 3609 2081 subli-

1960 2109 2200 2165 miorem
2235 2112 2564 2182 negationis
2598 2112 2738 2166 vim.
2773 2112 3052 2182 Quisquis
3084 2113 3239 2166 enirn
3284 2114 3391 2169 hoc
3422 2117 3608 2182 audit,

1958 2198 2332 2270 dicet,ipsum
2368 2218 2482 2256 non
2516 2201 2845 2272 simplicem
2878 2217 3005 2257 esse
3039 2202 3509 2272 h0minem,cum
3543 2224 3611 2260 ex

1958 2287 2195 2357 Virgine
2224 2294 2396 2343 natus
2427 2290 2628 2355 sit,sed
2661 2290 2899 2345 homine
2929 2290 3609 2359 sublimiorem,etiamsi

1958 2386 2163 2430 caetera
2212 2379 2288 2431 sit
2336 2377 2532 2432 homo.
2589 2378 2848 2449 Explicat
2899 2382 3093 2433 autem
3141 2378 3271 2447 hoc,
3326 2397 3456 2435 cum
3506 2384 3608 2448 ait,

1955 2466 2106 2535 quod
2146 2466 2333 2535 ipsum
2369 2466 2559 2521 dicere
2577 2467 2872 2522 hominem
2919 2468 3286 2532 aflirmative,
3320 2469 3609 2541 significet

1953 2554 2146 2625 ipsum
2180 2571 2294 2610 non
2323 2572 2451 2611 esse
2481 2557 2777 2611 hominem
2822 2557 3110 2627 negative,
3147 2558 3246 2611 sed
3280 2575 3461 2628 supra
3504 2561 3606 2616 h0-

1954 2643 2197 2713 minem,
2233 2661 2443 2716 nempe
2476 2651 2710 2716 propter
2742 2644 2910 2715 signa
2942 2662 3068 2715 quae
3101 2646 3174 2699 ab
3207 2646 3333 2717 ipso
3366 2648 3604 2706 fiebant.

2022 2734 2139 2788 Non
2171 2751 2275 2806 qua
2310 2735 2445 2789 Deus
2492 2734 2681 2789 divina
2708 2735 2983 2804 patrabat.
3034 2734 3183 2789 Dicit
3212 2742 3405 2791 autem
3437 2738 3605 2794 Chri—

1953 2826 2111 2877 stum
2162 2840 2275 2878 non
2310 2840 2425 2893 qua
2475 2828 2658 2878 Deum
2707 2822 2903 2877 divina
2954 2824 3251 2894 perficere,
3284 2825 3423 2894 quia
3467 2844 3601 2882 cum

1950 2927 2145 2979 carne,
2178 2916 2233 2966 et
2265 2928 2377 2966 non
2424 2911 2547 2966 sola
2578 2911 2901 2966 divinitate.
2936 2913 3437 2977 Quemadmodum
3494 2915 3601 2987 igi-

1948 3004 2048 3054 tur
2077 3000 2293 3066 divina,
2328 3001 2411 3056 sic
2460 3017 2563 3055 nec
2598 3000 2856 3055 humana
2900 3001 3226 3056 secundum
3282 3001 3601 3074 hominem,

1949 3090 2231 3160 quoniam
2262 3090 2321 3143 in
2348 3094 2635 3161 potestate
2661 3090 3118 3159 divina,quando
3150 3090 3598 3156 volebat,dando

1949 3182 2184 3249 tempus
2216 3179 2373 3233 carni
2406 3178 2640 3249 propria
2684 3179 2962 3248 operandi
2998 3179 3174 3233 simul
3207 3186 3263 3234 et
3294 3181 3596 3251 humana;

1946 3266 2089 3321 illud
2123 3272 2319 3323 autem
2352 3270 2439 3321 vir
2462 3272 2659 3337 factus,
2687 3267 2843 3321 idem
2877 3267 3189 3339 significat,
3215 3270 3368 3340 quod
3402 3271 3598 3325 incar-

172 3352 265 3395 τος
341 3330 512 3404 δηλοῖ
576 3337 640 3391 τὸ
700 3336 1246 3412 ἐνανθρωπήσαντος.
1306 3348 1370 3404 Ἡ
1424 3346 1479 3402 δὲ
1537 3330 1827 3428 θεανδρική

1949 3362 2137 3411 natus.
2173 3356 2461 3411 Deivirilis
2511 3362 2705 3410 autem
2741 3356 2998 3427 operatio
3040 3357 3311 3428 designat
3338 3359 3596 3415 divinam

172 3420 418 3497 ἐνέργεια
451 3424 704 3516 σημαίνει
760 3427 901 3490 θείαν
956 3430 1045 3484 καὶ
1098 3433 1462 3509 ἀνθρωπίνην.
1519 3420 1826 3516 Οὕτω-γὰρ

166 3512 328 3583 ἡμῖν,
362 3512 528 3587 ἤγουν
584 3511 653 3568 δι’
704 3517 876 3588 ἡμᾶς,
927 3516 1015 3572 ἐπὶ
1062 3528 1167 3595 γῆς
1214 3521 1453 3595 δηλαδὴ,
1496 3511 1823 3585 πεπολιτευξ

170 3599 355 3671 μίνος,
393 3598 634 3674 ἔδρασεν,
687 3603 762 3666 ὡς
807 3606 1110 3681 πρόκειται,
1144 3613 1208 3666 τὰ
1258 3620 1374 3677 θεῖα
1398 3616 1487 3670 καὶ
1516 3618 1583 3671 τὰ
1613 3619 1822 3694 ἀνθρώ-

166 3708 314 3743 πινα.
371 3690 689 3763 Σημείωσαι
744 3691 800 3748 δὲ
846 3697 947 3765 τὴν
994 3698 1238 3774 ὑπερφυῆ
1288 3705 1378 3757 καὶ
1422 3704 1693 3782 ἄφραστον
1723 3714 1819 3763 106

168 3777 367 3852 Κυρίου
420 3777 633 3853 ἕνωσιν,
677 3780 757 3836 ὅτι
808 3783 869 3838 οὐ
927 3789 1065 3841 κατὰ
1122 3790 1250 3845 Θεὸν
1300 3792 1365 3846 τὰ
1407 3795 1523 3849 θεῖα
1572 3794 1815 3870 ἔδρασεν,

169 3868 254 3938 (ἦν
307 3867 415 3942 γὰρ
475 3870 774 3962 ἅνθρωπος)
832 3870 955 3962 061s
1011 3878 1147 3932 κατὰ
1196 3878 1480 3955 ἄνθρωπον
1512 3886 1578 3938 τὰ
1606 3867 1816 3962 ἀίνθρώξ

169 3975 286 4009 πινα
343 3957 434 4029 (ἦν
494 3958 599 4033 γὰρ
644 3959 734 4013 καὶ
789 3961 961 4036 Θεός).
1007 3966 1167 4030 ’Ὁθεν
1231 3976 1554 4042 θαυμαστῶς
1606 3975 1633 4027 6
1674 3957 1817 4040 θεῖος

169 4044 466 4119 Γρηγόριος
523 4047 550 4099 6
609 4046 870 4138 ριιολόγος
926 4055 1081 4129 φησὶ,
1138 4058 1474 4131 κιρναμένων
1532 4061 1711 4138 ὥσπερ
1772 4068 1816 4102 ’⁵³

169 4136 265 4187 τῶν
298 4133 537 4208 φύσεων,
585 4133 728 4191 οὕτω
791 4136 857 4207 δὴ
915 4142 1004 4195 καὶ
1061 4150 1165 4198 τῶν
1220 4146 1469 4219 κλήσεων
1520 4152 1609 4205 καὶ
1658 4174 1811 4229 παρι-

170 4227 463 4313 γῗωρουσῶν
506 4223 585 4313 εἷς
638 4224 889 4297 ἀλλήλας
916 4235 995 4302 τῷ
1036 4231 1190 4308 λόγῳ
1219 4243 1318 4306 τῆς
1355 4238 1648 4313 συμφυΐας.
1687 4223 1809 4306 Πῶς

170 4306 219 4363 δὲ
268 4311 328 4366 οὗ
390 4312 528 4367 κατά
584 4315 712 4368 Θεὸν
772 4318 839 4369 τὰ
895 4319 1011 4373 Θεῖα
1080 4318 1212 4397 ἔργα
1268 4326 1536 4397 πεποίηκε
1568 4374 1581 4399 ,
1644 4328 1811 4399 δηλοῖ

164 4397 221 4452 τὸ
272 4404 600 4473 σωματικῶς
656 4403 815 4457 ποσὶν
875 4405 961 4460 ἐπὶ
1024 4408 1295 4483 θαλάσσης
1356 4397 1611 4489 βαδίσαι·
1674 4397 1806 4475 Θεοῦ

168 4486 252 4557 μὲν
282 4490 383 4565 γὰρ
432 4490 493 4543 τὸ
550 4489 898 4564 ωμπιλῆσαι
946 4493 1112 4572 ὕδωρ·
1167 4500 1228 4554 οὐ
1261 4486 1394 4557 Θεοῦ
1440 4501 1585 4561 δὲτὸ
1613 4528 1803 4583 σαρκι-

165 4580 271 4639 κοῖς
318 4578 449 4631 ποσὶ
508 4586 900 4655 περιπατῆσαι.
958 4583 1097 4641 Οὑδὲ
1144 4590 1401 4661 θεότητος
1452 4595 1578 4667 σὰρξ
1620 4594 1800 4650 ποδῶν

1939 3444 2116 3500 simul
2149 3451 2203 3500 et
2248 3445 2592 3499 humanam.
2644 3445 2734 3499 Sic
2784 3445 2937 3499 enim
2986 3445 3179 3512 nobis,
3212 3446 3331 3501 sive
3363 3453 3598 3519 propter

1935 3552 2062 3601 nos,
2089 3534 2144 3588 in
2173 3539 2328 3590 terra
2357 3534 2661 3597 nimirum,
2686 3546 3086 3602 conversatus,
3120 3534 3202 3589 uti
3226 3536 3592 3607 propositum

1932 3622 2255 3690 est,divina
2284 3626 2345 3677 et
2370 3622 2631 3676 humana
2664 3623 2865 3693 gessit.
2905 3622 3145 3677 Adverte
3177 3627 3372 3678 autem
3405 3625 3592 3680 admi-

1930 3711 2176 3767 rabilem
2209 3716 2265 3766 et
2296 3710 2765 3782 inexplicabilem
2818 3711 3046 3765 Domini
3093 3712 3369 3767 unionem
3398 3730 3410 3780 ;
3443 3731 3588 3784 quo-

1930 3801 2086 3856 niam
2118 3818 2234 3855 non
2266 3805 2327 3855 ut
2362 3805 2509 3854 Deus
2543 3799 2737 3855 divina
2782 3800 2967 3871 gessit
2997 3805 3142 3868 (erat
3172 3801 3327 3856 enim
3362 3801 3586 3875 homo),

1927 3906 2031 3945 nec
2056 3894 2113 3944 ut
2138 3889 2313 3945 homo
2339 3889 2763 3959 humana(erat
2787 3889 2943 3945 enim
2978 3889 3175 3960 Deus).
3213 3892 3374 3946 Unde
3408 3891 3583 3948 mira-

1926 3978 2120 4033 biliter
2150 3980 2319 4034 divus
2345 3980 2659 4049 Gregorius
2686 3978 3011 4050 Theologus
3043 3979 3143 4045 ait,
3176 3981 3404 4035 naturis
3437 3997 3582 4051 quo-

1924 4068 2238 4122 dammodo
2258 4066 3088 4137 permistis,dcnominationes
3104 4084 3335 4137 quoque
3351 4075 3584 4140 propter

1925 4162 2165 4211 mutuas
2191 4155 2783 4210 circuminsessiones
2808 4160 3089 4226 cognatas
3111 4173 3241 4211 esse
3279 4160 3404 4225 (seu
3428 4174 3584 4213 com-

1922 4249 2178 4313 munes).
2215 4246 2518 4308 Quomodo
2551 4259 2684 4298 vero
2736 4260 2851 4298 non
2888 4248 2951 4298 ut
2996 4249 3147 4299 Deus
3180 4245 3376 4300 divina
3407 4264 3583 4319 opera

1919 4335 2183 4405 patrarit,
2221 4334 2481 4388 declarat
2510 4332 2760 4403 id,quod
2792 4332 3090 4402 corporeis
3123 4334 3371 4404 pedibus
3402 4352 3581 4406 supra

1918 4439 2077 4477 mare
2111 4422 2472 4476 ambularit:
2507 4420 2607 4475 Dei
2641 4421 2795 4475 enim
2828 4425 2916 4475 est
2946 4437 3159 4492 aquam
3194 4422 3575 4493 consolidare,

1916 4528 2029 4567 non
2063 4511 2163 4566 Dei
2196 4514 2392 4565 autem
2426 4509 2719 4581 corporeis
2752 4510 2997 4581 pedibus
3020 4509 3344 4566 ambulare.
3378 4511 3579 4584 Neque

1914 4617 2046 4656 caro
2081 4601 2293 4669 pedum
2323 4604 2379 4653 et
2410 4615 2545 4652 ossa
2575 4598 2902 4653 divinitatis
2950 4606 3109 4654 sunt.
3146 4604 3402 4656 Rursum
3434 4602 3572 4658 item

165 4663 244 4717 καὶ
300 4667 452 4721 ὀστᾶ.
514 4672 646 4721 Θεοῦ
703 4668 868 4724 πάλιν
929 4677 1188 4749 παρθένον
1249 4682 1309 4734 τὸ
1358 4682 1503 4736 κύειν
1550 4691 1798 4754 ποιῆσαν

170 4750 281 4777 ὶῚῚν
317 4754 367 4777 Α)
425 4754 510 4777 με]
762 4759 775 4777 \
837 4757 861 4777 ᾗ
1162 4771 1188 4777 ,ρ
1379 4765 1430 4777 ιι-
1621 4774 1631 4777 -

1949 4690 2012 4745 ἐἰ
2045 4663 2133 4744 est
2157 4690 2406 4751 efﬁcere,
2442 4690 2506 4741 ut
2534 4686 2715 4758 Virgo
2748 4687 2973 4759 pariat;
3001 4689 3145 4743 facie
3178 4695 3373 4745 autem
3411 4697 3574 4747 caete-

168 4750 281 4844 αλλ’
312 4754 374 4808 οὐ
423 4754 680 4822 θεότητος
720 4759 783 4813 τὸ
833 4757 1324 4840 διαμεμορφῶσθαι
1376 4765 1494 4844 ὄψει
1546 4774 1636 4827 καὶ
1672 4750 1803 4837 ’τοῖς

167 4837 372 4906 λοιποῖς
404 4844 781 4918 ἀνθρωπίνοις.
802 4847 1045 4920 μέλεσιν.
1081 4837 1237 4911 Οῧτω
1287 4858 1376 4912 καὶ
1411 4837 1470 4914 ἔκ
1515 4866 1612 4915 τοῦ
1656 4862 1804 4917 ἐναν-

168 4929 277 4983 τίου
320 4932 387 4985 τὰ
430 4930 585 4986 161a”
621 4935 685 4988 οὐ
737 4935 840 5011 γὰρ
891 4941 1026 4995 κατᾶ
1072 4942 1360 5019 ἄνθρωπον
1407 4948 1475 5001 τὰ
1506 4950 1805 5024 ἀνθρώπων

168 5014 429 5107 ξποίησενο
474 5018 757 5095 ἅνθρωπος
811 5028 905 5099 μὶν
963 5030 1065 5104 γὰρ
1240 5032 1300 5088 ἐκ
1350 5038 1449 5100 τῆς
1509 5014 1803 5107 Παρθένου,

169 5103 369 5161 ἀλλὀὐ
413 5110 551 5165 κατά
601 5112 886 5186 ἄνθρωπον
938 5122 1119 5173 τοῦτο·
1174 5127 1332 5183 ποῖος
1381 5124 1481 5199 γὰρ
1523 5122 1804 5201 ἅνθρωπος

166 5190 219 5247 ἐκ
243 5200 507 5272 παρθένου
543 5227 557 5269 ;
589 5199 761 5257 Πάλιν
792 5205 853 5259 τὸ
887 5208 1013 5260 ποσὶ
1049 5207 1285 5281 βαδίζειν
1320 5211 1609 5288 ἀνθρώπου
1654 5215 1793 5270 ἐστί’

164 5282 218 5336 τὸ
245 5283 298 5339 δὲ
326 5285 414 5341 ἐπὶ
446 5286 665 5359 ὕδατος,
699 5291 799 5348 οὐκ
828 5294 1138 5370 ἀνθρώπου·
1174 5305 1333 5363 ποῖος
1363 5282 1462 5378 γὸιρ
1514 5301 1804 5378 ἅνθρωπος

166 5376 313 5431 τοῦτο
342 5378 611 5449 πεποίηκε
645 5403 659 5451 ;

1917 4778 2115 4848 risque
2166 4776 2449 4831 membris
2481 4775 2759 4831 humanis
2810 4777 3125 4844 eii‘ormari,
3166 4796 3279 4833 non
3312 4788 3397 4834 est
3427 4780 3571 4835 divi-

1918 4867 2138 4922 nitatis.
2175 4865 2265 4921 Sic
2297 4865 2469 4921 etiam
2502 4882 2530 4919 e
2564 4865 2791 4919 diverso
2826 4864 3086 4920 vicissim
3120 4867 3243 4922 haec
3274 4869 3477 4923 eadem
3509 4886 3572 4925 se

1916 4955 2173 5022 habent;
2207 4971 2320 5008 non
2354 4954 2508 5008 enim
2538 4970 2650 5024 qua
2676 4953 2849 5008 homo
2894 4955 3078 5025 gessit
3107 4972 3173 5009 ea
3217 4972 3347 5025 quae
3378 4957 3569 5012 homi-

1916 5061 2058 5097 num
2093 5043 2552 5114 sunt,siquidem
2588 5043 2762 5097 homo
2792 5048 2914 5097 erat
2945 5059 3012 5097 ex
3046 5044 3275 5115 Virgine
3302 5048 3436 5113 ;sed
3463 5046 3571 5102 hoc

1917 5149 2033 5187 non
2083 5138 2172 5187 est
2219 5132 2545 5186 secundum
2594 5131 2853 5187 hominis
2906 5132 3321 5188 conditionem.
3373 5135 3572 5199 Qualis

1915 5221 2068 5275 enim
2102 5221 2277 5276 homo
2310 5226 2483 5276 natus
2522 5238 2589 5276 ex
2618 5220 2900 5291 Virgine?
2933 5222 3159 5276 Rursus
3201 5224 3450 5294 pedibus
3483 5225 3572 5280 in-

1914 5311 2119 5365 cedere
2151 5315 2239 5365 est
2288 5311 2584 5377 hominis;
2621 5315 2677 5365 at
2708 5327 2888 5381 supra
2918 5327 3154 5381 aquam,
3191 5330 3305 5369 non
3354 5318 3444 5369 est
3475 5314 3576 5371 ho-

1914 5400 2131 5469 minis;
2168 5400 2361 5472 qualis
2393 5400 2548 5455 enim
2581 5400 2757 5455 homo
2787 5399 2895 5455 hoc
2928 5399 3111 5454 fecit?

1170 5626 1403 5687 VARle
1439 5630 1828 5691 LECTIONES
1866 5634 1958 5694 ET
1993 5635 2553 5694 CORRECTIONES.

235 5740 275 5774 ⁴⁸
308 5737 522 5820 ἔφασαν.
598 5744 643 5779 ⁴⁹
667 5740 832 5807 ὅλως.
