4062 6366
388 417 499 475 535

1216 416 1590 471 APPENDIX
1628 417 1727 472 AD
1766 416 2011 473 OPERA
2049 418 2107 471 Β.
2148 415 2462 473 DIONYSII
2498 418 3000 475 AREOPAGITE.

3711 410 3822 467 536

466 544 675 600 Novam
701 541 1017 613 quamdam.
1064 540 1243 596 Nemo
1273 540 1333 594 in
1384 539 1819 612 stultiloquium
1851 555 2044 595 erum-
2074 580 2087 606 λ

2230 540 2438 610 Καινήν
2496 560 2638 596 τινα.
2698 537 2943 610 Μηδείς.
3003 538 3080 603 εἰς
3137 536 3483 612 μωρολογίαν
3541 534 3771 608 τραπεὶς
3805 578 3822 605 ,

398 648 548 706 pons
577 630 734 686 dicat
762 629 961 701 ipsum
996 628 1309 684 Dominum
1363 629 1567 684 Jesum
1601 626 1913 700 θεανδρίτην
1961 645 2058 699 ap-

398 720 649 793 pellasse
681 736 694 774 :
731 736 847 774 non
880 718 1037 773 enim
1074 714 1448 791 θεανδριτικήν
1480 735 1512 772 a
1542 713 1855 791 θεανδρίτης
1888 717 2055 770 eii‘or-

400 809 637 877 mando,
665 808 761 863 sed
794 803 1113 880 θεανδρικήν
1151 823 1254 861 seu
1308 806 1625 861 deivirilem
1660 806 2055 877 operationem

401 897 567 966 dixit,
586 897 751 968 quasi
783 914 817 951 a
846 896 961 951 Deo
994 912 1058 950 ac
1088 896 1210 950 viro
1245 897 1651 967 compositam.
1688 894 1850 949 Unde
1880 896 2056 950 etiam

401 986 581 1041 Deum
631 989 800 1041 vocat
848 980 1206 1058 ἀνδρωθέντα,
1240 984 1297 1038 id
1333 990 1420 1039 est
1462 985 1644 1039 Deum
1695 984 1885 1039 virum
1938 984 2058 1038 fac-

401 1079 553 1129 tum.
587 1075 754 1129 Nunc
805 1077 998 1129 autem
1050 1074 1202 1129 308
1236 1073 1399 1128 illam
1453 1072 1888 1128 miscellaneam
1922 1089 2060 1142 ope-

403 1163 689 1219 rationem
746 1161 932 1217 solam
984 1161 1310 1216 deivirilem
1362 1161 1712 1233 appellavit:
1766 1161 2060 1232 siquidem

403 1257 468 1308 ut
498 1251 652 1307 Deus
687 1255 921 1306 tantum
954 1251 1326 1321 operabatur,
1360 1252 1617 1321 quando,
1650 1251 1886 1316 absens,
1920 1250 2061 1305 Cen-

402 1341 658 1396 turionis
708 1340 897 1394 filium
951 1340 1242 1405 sanabat;
1278 1339 1336 1393 in
1387 1344 1674 1409 quantum
1724 1355 1862 1395 vero
1888 1339 2062 1396 homo

400 1434 632 1485 tantum
666 1427 795 1499 (etsi
842 1427 1017 1483 etiam
1073 1428 1227 1482 Deus
1278 1432 1424 1495 erat)
1456 1428 1693 1499 quando
1724 1428 2065 1484 comedebat

404 1522 462 1573 et
489 1517 856 1573 tristabatur.
892 1516 1111 1571 Mistim
1145 1522 1338 1571 autem
1373 1519 1727 1589 operabatur
1758 1518 2063 1590 miracula,

405 1606 573 1663 cacis
616 1605 817 1662 oculos
867 1604 1177 1660 illiniendo
1229 1605 1567 1673 restituens,
1610 1607 2064 1664 haemorrhousas

409 1696 630 1751 ﬂuxum
662 1694 787 1751 solo
817 1698 976 1751 tactu
1009 1694 1245 1750 sistens.

921 1801 993 1856 IN
1035 1801 1432 1856 EPISTOLAM
1473 1802 1539 1858 V.

478 1897 546 1950 In
579 1891 677 1948 hoc
719 1892 957 1947 exsistit.
990 1890 1075 1944 Ad
1111 1889 1560 1961 intelligendum
1591 1892 1647 1947 id
1700 1893 1855 1963 quod
1911 1891 2005 1947 hic
2038 1909 2070 1948 a
2100 1913 2148 1977 Β

410 1982 581 2037 Patre
611 1981 838 2035 dictum
871 1983 982 2047 est,
1015 1996 1185 2034 sume
1234 1979 1567 2051 exemplum
1618 1982 1689 2036 ab
1740 1985 1906 2037 oculo
1939 1998 2069 2037 cor-

410 2071 588 2142 poris.
622 2070 782 2134 Quod
816 2069 971 2124 enim
1004 2069 1184 2124 efﬁcit
1215 2069 1481 2124 absentia
1528 2070 1796 2139 luminis,
1848 2072 2073 2127 scilicet

408 2159 775 2214 vacationem
808 2174 1022 2213 sensus
1056 2156 1387 2226 oculorum,
1425 2158 1534 2213 hoc
1564 2160 1741 2214 efﬁcit
1769 2160 2073 2217 intendere

414 2249 523 2304 ﬁxe
553 2246 738 2303 aciem
783 2247 1091 2303 oculorum
1146 2247 1429 2302 adversus
1460 2247 1603 2304 solis
1653 2248 1847 2304 radios
1899 2250 2073 2305 meri-

415 2338 532 2392 die.

918 2424 991 2479 IN
1030 2424 1438 2480 EPISTOLAM
1479 2425 1571 2480 VI.

494 2514 643 2571 Fieri
671 2515 822 2569 enim
871 2518 1059 2584 potest.
1096 2517 1315 2582 Potest,
1350 2514 1562 2584 inquit,
1611 2515 1906 2586 quispiam
1937 2516 2079 2572 dum

427 2605 581 2660 inter
613 2602 799 2658 multa
828 2601 1205 2674 splendidum
1241 2602 1475 2673 aliquod
1513 2604 1885 2659 mendacium
1920 2621 2081 2659 coar-

427 2694 579 2766 guit,
630 2692 1106 2764 ipsemetavero
1162 2693 1454 2761 aberrare,
1511 2694 1664 2763 quod
1722 2710 1903 2749 unum
1953 2700 2083 2763 est;

432 2782 609 2838 unica
640 2779 797 2835 enim
843 2778 1079 2845 veritas,
1113 2794 1326 2832 arcana
1372 2784 1569 2833 tamen
1601 2786 1837 2851 propter
1880 2783 2085 2853 mysti-

433 2887 562 2927 cam
621 2870 965 2939 dogmatum
1019 2866 1489 2937 intelligentiam,
1536 2868 1837 2939 multaque
1894 2871 2087 2926 adhuc

435 2976 570 3015 cum
627 2957 728 3012 Dei
788 2956 977 3028 gratia
1035 2972 1183 3025 opus
1243 2956 1415 3010 habet
1470 2956 2088 3028 indagatione;veluti

438 3045 767 3110 Nestorius,
810 3045 951 3098 dum
982 3044 1103 3097 Arii
1138 3042 1593 3116 Apollinariique
1627 3046 1841 3117 placita
1872 3048 2091 3104 convel-

436 3134 526 3203 lit;
564 3132 650 3189 vel
683 3131 782 3188 alii
815 3131 1039 3188 similes
1092 3130 1341 3187 aliorum
1376 3134 1687 3199 similium,
1723 3136 1821 3207 qui
1855 3136 1913 3191 in
1946 3137 2091 3193 alias

435 3223 547 3295 ipsi
581 3238 743 3293 aeque
774 3221 1063 3276 absurdas
1096 3221 1345 3277 haereses
1381 3222 1735 3280 inciderunt.
1770 3226 1951 3282 Nemo
1992 3245 2089 3282 au-

432 3318 547 3369 tem
581 3312 720 3367 hinc
750 3310 1102 3378 offendatur,
1126 3310 1469 3367 existimans
1496 3312 1814 3385 improbari
1847 3320 2089 3372 Patrum

435 3400 633 3460 studia
661 3399 720 3455 in
753 3398 1040 3454 haereticis
1072 3401 1396 3457 refutandis
1426 3402 1707 3459 collocata
1735 3422 1747 3471 ;
1783 3422 1898 3460 non
1932 3406 2089 3461 enim

436 3491 547 3547 hoc
596 3490 758 3558 dicit,
791 3488 962 3561 quasi
997 3506 1112 3544 non
1164 3490 1494 3546 refellenda:
1525 3496 1582 3547 et
1621 3495 1942 3549 evertenda;
1974 3495 2095 3549 sint

440 3579 749 3651 Opiniones
782 3577 1122 3649 impiorum,
1155 3579 1473 3650 (quomodo
1524 3582 1681 3636 enim
1714 3582 1974 3653 alioquin
2008 3584 2096 3653 ip-

440 3673 627 3723 semet
658 3668 716 3721 in
742 3666 891 3721 libro
924 3672 1002 3721 De
1019 3667 1224 3721 divinis
1248 3671 1565 3724 nominibus
1588 3670 1797 3742 Elyma:
1821 3672 2099 3743 dogmata

442 3758 527 3812 sic
576 3756 961 3825 exagitaret?)
991 3757 1090 3810 sed
1142 3774 1257 3810 non
1291 3757 1351 3811 in
1402 3758 1509 3812 hoc
1557 3761 1913 3830 praecipuum
1965 3770 2096 3815 stu-

445 3846 608 3899 dium
643 3846 979 3914 ponendum
1013 3851 1236 3908 esse,ut
1264 3850 1465 3900 contra
1496 3847 1638 3903 alios
1656 3848 2012 3914 dicatur,sed
2038 3853 2102 3904 ut

444 3933 675 3989 erudite
705 3937 761 3987 et
790 3936 989 3986 exacte
1020 3933 1280 3987 veritatis
1314 3934 1460 3988 ratio
1504 3941 1846 4006 exponatur,
1881 3938 2101 3992 refuta-

446 4022 528 4076 tio
560 4025 757 4075 autem
791 4019 1142 4075 adhibeatur
1172 4026 1377 4076 contra
1410 4023 1839 4093 Oppositionem
1873 4026 2105 4081 instan-

446 4110 538 4164 tiaa
586 4108 929 4180 impiorum.
964 4110 1150 4164 Aliter
1183 4129 1194 4165 :
1231 4111 1353 4165 Non
1390 4119 1657 4182 Oportere
1699 4112 1946 4169 aliorum
1981 4116 2104 4186 opi-

2170 625 2370 701 λεγέτω
2430 628 2513 683 ὅτι
2572 625 2885 703 θεανδρίτην
2948 628 3039 682 τὸν
3101 628 3299 703 Κύριον
3358 627 3567 696 Ἰησοῦν
3630 641 3816 701 φησιν’

2169 718 2233 771 οὐ
2291 717 2392 791 γὰρ
2452 714 2823 791 θεανδριτικὴν
2888 718 3029 771 εἶπεν
3088 716 3194 770 ἀπὸ
3262 719 3357 769 τοῦ
3411 716 3439 769 ὁ
3497 709 3822 787 θεανδρίτης

2169 805 2539 881 σχηματίσας,
2589 804 2735 861 ἀλλά
2790 802 3109 879 θεανδρικὴν
3163 804 3454 879 ἐνέργειαν,
3507 804 3626 856 οἷον
3687 804 3819 855 Θεοῦ

2166 896 2256 949 καὶ
2314 894 2507 968 ἀνδρὸς
2579 893 3073 969 συμπεπλεγμένην
3145 892 3409 967 ἐνέγρειαν
3444 935 3457 947 .
3510 891 3674 947 ’Ὀθεν
3733 890 3819 943 καὶ

2172 981 2510 1058 ἀνδρωθέντα
2540 985 2671 1061 φησί
2727 984 2851 1039 Θεὸν
2894 983 3011 1037 ἀντὶ
3061 987 3179 1050 τοῦ,
3210 982 3335 1036 Θεὸν
3392 976 3561 1055 ἄνδρα
3590 978 3819 1053 γενόμεο

2169 1094 2278 1128 νον.
2318 1076 2427 1131 Νῦν
2461 1070 2517 1127 δὶ
2560 1074 2658 1141 τὴν
2717 1074 2914 1145 μικτὴν
2958 1072 3227 1147 ἐνέργειαν
3286 1070 3457 1143 μόνην
3500 1065 3819 1140 θεανδρικήν

2170 1160 2444 1216 ἐκάλεσεν
2507 1161 2772 1237 ἐνήργησε
2832 1168 2925 1234 μὲν
2987 1162 3088 1235 γὰρ
3152 1160 3225 1223 ὡς
3299 1159 3423 1220 Θεὸς
3486 1158 3678 1229 μόνον,
3737 1155 3824 1209 ὅτε

2172 1251 2322 1305 ἀπὼν
2383 1253 2472 1306 τὸν
2530 1255 2626 1305 τοῦ
2685 1250 3090 1326 ἱκατοντάρχου
3137 1246 3306 1303 παῖδα
3367 1248 3572 1301 ἰάσατο·
3626 1246 3701 1307 ὡς
3742 1245 3827 1298 ἆν-

2174 1340 2394 1414 θρωπος
2444 1337 2501 1393 δὲ
2553 1339 2741 1412 μόνον,
2774 1339 2819 1393 εἰ
2871 1340 2961 1392 καὶ
3010 1340 3137 1400 Θεὸς
3184 1341 3269 1405 ἦν,
3304 1337 3354 1390 ἐν
3400 1340 3479 1407 τῷ
3510 1335 3706 1398 ἐσθίειν
3738 1333 3825 1388 καὶ

2174 1427 2478 1484 λυπεῖσθαι.
2543 1432 2761 1489 Μικτῶς
2820 1425 2875 1481 δὲ
2941 1427 3207 1503 ἐνήργησε
3261 1427 3329 1481 τὰ
3382 1426 3674 1497 θαύματα,
3735 1443 3825 1476 τυ-

2175 1514 2341 1594 φλοῖς
2393 1516 2713 1594 ὀφθαλμοὺς
2768 1514 2857 1571 διὰ
2900 1537 3137 1591 χρισεως
3190 1512 3568 1589 δημιουργῶν,
3601 1512 3691 1567 καὶ
3731 1518 3828 1581 τῆς

2175 1604 2584 1681 αἱμορῥοούσης
2615 1610 2683 1679 τῇ
2714 1607 2821 1683 ἁφῇ
2854 1602 3167 1660 συστέλλων
3197 1604 3295 1672 τὴν
3330 1602 3502 1680 ῥύσιν.

2579 1809 2693 1861 ΕΙΣ
2723 1805 2859 1860 ΤΗΝ
2891 1802 3302 1859 ΕΠΙΣΤΟΛΙΙΝ
3335 1801 3410 1857 Ε’.

2247 1895 2336 1950 Ἐν
2399 1892 2577 1963 τούτῳ
2633 1892 2915 1966 γίγνεται.
2976 1892 3054 1947 Τὸ
3125 1888 3413 1964 εἷρημὲνον
3476 1887 3705 1951 ἐνταῦθα
3756 1891 3833 1958 τῷ

2182 1981 2351 2055 Πατρῖ
2384 1976 2518 2037 λαϐέ
2554 2001 2643 2053 μοι
2696 1980 2801 2035 ἀπὸ
2851 1977 3248 2055 ὑποδείγματος
3275 1981 3372 2031 τοῦ
3415 1978 3552 2031 κατὰ
3598 1976 3693 2031 τὸν
3728 1997 3832 2029 σω-

2185 2071 2409 2144 ματικὸν
2458 2069 2763 2147 ὀφθαΛμόν.
2796 2072 2968 2139 ’Όπερ
3018 2068 3121 2142 γὰρ
3170 2072 3318 2121 ποιεῖ
3348 2066 3528 2140 φωτὸς
3575 2063 3833 2135 ἀπουσία,

2182 2157 2559 2234 ἀνενεργησίαν
2626 2162 2735 2212 τῶν
2814 2159 3052 2211 ὸπτικῶν
3113 2153 3394 2228 δυνάμεων
3449 2152 3832 2229 ἐργαζομένη,

2181 2252 2343 2303 τοῦτο
2383 2246 2471 2301 καὶ
2520 2250 2554 2316 ἡ
2605 2248 2743 2321 πρὸς
2790 2244 2952 2315 ἥλιον
3002 2245 3052 2299 ἐν
3107 2238 3428 2318 μεσημϐρίᾳ
3457 2242 3652 2311 ἀτενὴς
3698 2241 3837 2296 ἀπό-

2185 2332 2381 2411 ϐλεψις
2413 2335 2689 2391 ἀποτελεῖ.

2596 2427 2711 2481 ΕΙΣ
2746 2430 2879 2478 ΤΠΝ
2913 2425 3324 2481 ΕΙΙΙΣΤΟΑΗΝ
3354 2424 3419 2487 ς’.

2261 2514 2491 2568 Δυνατὸν
2541 2513 2639 2587 γὰρ
2689 2513 2798 2569 καί.
2852 2512 3100 2582 Δύναται,
3152 2516 3316 2590 φησὶ,
3370 2512 3453 2575 τὶς
3500 2508 3556 2565 ἐτ
3604 2506 3841 2570 πολλοῖς

2188 2604 2456 2680 προφανὲς
2505 2599 2699 2676 ψεῦδος
2762 2600 3033 2678 ἐλέγχων,
3086 2603 3245 2664 αὑτὸς
3308 2598 3691 2676 διαμαρτάνειν
3746 2602 3841 2653 τοῦ

2191 2692 2453 2761 ἀληθοῦς,
2513 2690 2645 2765 ὅπερ
2719 2690 2772 2745 ’ἐν
2846 2694 2993 2764 [οὐκ]
3068 2690 3199 2746 ἔστι·
3278 2690 3375 2763 μία
3450 2688 3548 2764 γάρ
3607 2687 3750 2743 ἐστιν
3807 2689 3840 2755 ἠ

2194 2779 2445 2850 ἀλήθεια,
2504 2780 2730 2856 κρύφιον
2794 2777 2851 2834 δὶ
2905 2778 2993 2834 διὰ
3050 2780 3110 2834 τὸ
3172 2778 3429 2851 μυστικὸν
3488 2782 3597 2831 τῶν
3638 2774 3843 2853 δογμά-

2192 2890 2324 2935 των,
2372 2868 2461 2922 καὶ
2514 2866 2735 2936 πολλῆς
2792 2867 3011 2941 ἐρεύνης
3072 2868 3205 2939 μετά
3252 2874 3354 2936 τῆς
3404 2866 3547 2927 θείας
3588 2861 3843 2937 δεόμενον

2200 2960 2446 3033 χάριτος·
2483 2957 2595 3011 οἷον
2630 2956 2919 3032 Νεστόριος
2951 2957 3018 3011 τὰ
3051 2956 3265 3032 Ἀρείου
3296 2957 3385 3010 καὶ
3418 2952 3848 3025 ’Δπολλιναρίου

2200 3045 2473 3114 διασείων,
2505 3046 2539 3114 ἢ
2572 3044 2751 3119 ἕτεροι
2780 3050 3023 3100 τοιοῦτοι
3058 3044 3264 3118 ὁμοίων
3299 3045 3519 3115 ἐτέρων,
3551 3042 3629 3104 είς
3667 3043 3850 3116 ἑτέρας

2201 3135 2435 3196 ἀτόπους
2489 3135 2719 3207 αἱρέσεις
2779 3133 3026 3189 ἐνέπεσον
3064 3178 3076 3191 .
3139 3131 3350 3203 Μηδεὶς
3410 3130 3469 3187 δὶ
3524 3130 3583 3187 ἐκ
3638 3131 3847 3186 τούτων

2201 3226 2669 3301 παρακρουέσθω,
2720 3219 3132 3287 ἀποϐάλλεσθαι
3184 3225 3250 3277 τὰ
3307 3222 3445 3276 κατά
3500 3226 3606 3276 τῶν
3669 3220 3851 3295 ἑτερο-

2203 3311 2370 3384 δόξων
2425 3315 2720 3385 πονήματα
2766 3317 2872 3367 τῶν
2929 3314 3201 3385 Πατέρων·
3263 3311 3324 3366 οὐ
3356 3312 3461 3387 γὰρ
3498 3309 3661 3364 τοῦτό
3719 3328 3848 3383 φησι

2197 3402 2261 3458 τὸ
2323 3404 2398 3475 μὴ
2433 3398 2707 3477 ἐιλέγχειν
2770 3401 2859 3455 καί
2906 3400 3221 3475 ἀνατρέπειν
3292 3401 3389 3461 τὰς
3462 3404 3567 3453 τῶν
3642 3392 3847 3451 ἀσεϐῶν

2204 3490 2382 3562 δόξας,
2434 3490 2572 3565 (ἐπεὶ
2620 3495 2736 3552 πῶς
2789 3490 2947 3552 αὐτὸς
2980 3489 3031 3544 ἐν
3077 3494 3157 3562 τῷ
3183 3489 3311 3563 Περὶ
3364 3490 3521 3553 θείων
3566 3486 3850 3558 ὀνομάτων

2205 3580 2443 3659 φαίνεται
2501 3580 2568 3633 τὰ
2616 3584 2712 3633 τοῦ
2767 3578 2979 3651 Ἑλύμα
3027 3576 3360 3633 διασαλεύων
3395 3583 3435 3647 ;)
3465 3575 3592 3632 ἀλλ’
3649 3574 3734 3629 ὅτι
3789 3572 3852 3627 οὗ

2207 3671 2319 3745 χρὴ
2352 3670 2487 3723 κατά
2516 3669 2932 3743 προηγούμενον
2990 3666 3155 3743 λόγον
3210 3667 3285 3728 εἷς
3329 3671 3491 3721 τοῦτο
3536 3663 3855 3738 ἐνασχολεῖ-

2210 3762 2349 3826 σθαι,
2381 3758 2442 3812 τὸ
2474 3760 2589 3822 καθ’
2638 3759 2830 3833 ἑτέρων
2889 3757 3091 3832 λέγειν,
3124 3754 3268 3811 ἀλλὰ
3318 3752 3723 3815 διδασκαλικῶς
3769 3753 3854 3805 τὸν

2208 3855 2308 3916 τῆς
2368 3846 2629 3917 ἀληθείας
2700 3846 2991 3909 ἐκτίθεσθαι
3070 3846 3238 3919 λόγον
3312 3839 3737 3919 ἠκριϐωμένως,
3792 3840 3859 3914 τῇ

2213 3936 2523 4013 ἀντιρῥήσει
2586 3934 2642 3990 δὲ
2698 3937 2833 3990 κατὰ
2878 3935 3189 4009 περίστασιν
3252 3936 3297 3970 ⁸9
3353 3935 3453 4001 τῆς
3495 3935 3605 3986 τῶν
3659 3924 3865 3985 ἀσεϐῶν

2215 4026 2621 4086 ἐπαναστάσεως
2676 4028 2937 4100 χρῆσθαι.
2999 4022 3265 4083 Ἀλλως·
3319 4024 3441 4079 ’Ὁτι
3512 4020 3574 4074 οὐ
3636 4016 3719 4073 δεῖ
3775 4018 3869 4080 τὰς

2212 4115 2323 4167 τῶν
2354 4114 2546 4188 ἐτέρων
2579 4112 2735 4184 δόξας
2786 4108 3129 4183 διαϐάλλειν,
3181 4108 3325 4165 ἀλλά
3361 4111 3461 4178 τήν
3495 4105 3637 4162 ἰδίαν
3665 4104 3867 4181 κρατό-

448 4197 656 4253 niones
687 4198 963 4267 refutare,
1000 4200 1099 4253 sed
1134 4217 1303 4255 suam
1347 4201 1609 4255 stabilire
1638 4221 1651 4269 ;
1688 4219 1876 4272 neque
1906 4215 2087 4259 contra

2215 4222 2341 4257 νειν·
2386 4200 2443 4257 ἀ)
2463 4202 2512 4257 λ’
2545 4202 2668 4257 οὐδὲ
2716 4203 2853 4257 κατὰ
2901 4199 3060 4271 δόξης
3092 4200 3126 4269 ἢ
3179 4200 3467 4274 θρησκείας
3518 4198 3620 4252 οὐκ
3663 4195 3867 4271 ἀγαθῆς

446 4286 789 4358 opinionem
841 4292 943 4342 aut
992 4288 1243 4355 cultum,
1275 4289 1375 4361 qui
1410 4289 1565 4344 haud
1622 4291 1813 4347 bonus
1843 4297 2106 4364 apparet,

448 4376 551 4432 sed
587 4392 692 4447 pro
724 4376 970 4431 veritate
999 4376 1372 4432 scribendum
1406 4394 1552 4433 esse.
1587 4381 1881 4442 Quomodo
1912 4386 2108 4438 autem

452 4464 563 4520 hoc
596 4464 907 4536 intelligat,
935 4464 1183 4535 epistola
1213 4466 1489 4537 deinceps
1520 4467 1795 4523 declarat.

525 4554 639 4607 Pro
670 4554 929 4607 veritate.
960 4553 1206 4608 Adverte
1234 4570 1371 4609 vero
1421 4571 1525 4609 cur
1574 4572 1676 4624 pro
1727 4556 1964 4612 veritate
2015 4574 2107 4612 so-

457 4642 581 4696 lum
615 4640 995 4697 scribendum
1028 4642 1124 4707 sit,
1156 4647 1215 4697 et
1244 4659 1356 4697 non
1390 4652 1593 4699 contra
1624 4644 1791 4700 alios.

845 4749 997 4804 809
1040 4750 1113 4803 IN
1153 4750 1564 4808 EPISTOLAM
1605 4754 1727 4808 VII.

530 4838 559 4906 §
590 4839 633 4893 Ι.
667 4836 900 4893 Sanctus
934 4835 1026 4891 hic
1059 4836 1412 4909 Polycarpus
1463 4840 1722 4911 Smyrnae
1751 4841 1807 4897 in
1845 4844 1980 4899 Asia
2009 4844 2119 4901 fuit

460 4925 795 5000 episcopus,
822 4931 878 4983 et
900 4925 1227 4999 discipulus
1250 4928 1437 4982 sancti
1458 4928 1703 4985 Joannis
1724 4933 2115 5005 cvangelistae,

471 5015 556 5070 uti
590 5020 840 5072 testatur
870 5017 1124 5073 lrenaaus
1156 5014 1305 5072 libro
1339 5018 1506 5072 tertio
1560 5020 1823 5075 Adversus
1851 5023 1987 5090 falsi
2014 5040 2115 5078 ηο-

459 5104 1304 5177 γηίηίεδίτὶεηείανηειηαιυιγνὶυω
1322 5110 1513 5159 autem
1535 5124 1630 5176 per
1646 5108 1836 5177 ignem
1854 5126 2117 5166 consum-

467 5194 668 5248 mavit.
701 5193 943 5249 Divinus
974 5194 1070 5249 hic
1102 5194 1450 5266 Polycarpus
1484 5198 1723 5266 scripsit
1752 5198 1927 5253 etiam
1960 5201 2115 5270 epis-

463 5282 615 5339 tolas
674 5285 746 5339 ad
807 5284 1233 5355 Philippenses.
1267 5285 1537 5341 Continet
1589 5292 1783 5343 autem
1832 5290 1950 5345 haec
1995 5292 2117 5362 epi-

462 5371 616 5428 stola
661 5372 819 5427 beati
869 5373 1127 5443 Dionysii
1192 5373 1375 5430 multa
1432 5375 1781 5432 admiranda
1826 5379 2115 5451 prodigia,

2218 4292 2548 4369 φαινομένης
2578 4291 2827 4366 γράφειν,
2850 4288 2976 4344 ἀλλ’
3002 4289 3133 4362 ὑπὲρ
3160 4286 3441 4357 ἀληθείας.
3476 4291 3596 4346 Πῶς
3630 4282 3687 4339 δὶ
3707 4282 3867 4339 τοῦτό

2219 4402 2407 4458 φησιν,
2440 4383 2474 4450 ἡ
2504 4382 2625 4453 ἑξῆς
2655 4378 2917 4449 ἐπιστολή
2949 4377 3250 4452 σαφηνίζει.

2296 4561 2453 4635 Ὑπὶρ
2486 4532 2767 4631 ἀληθείας.
2802 4558 3117 4631 Σημείωσαι
3149 4555 3206 4611 δὶ
3237 4554 3326 4610 διὰ
3352 4556 3404 4610 τί
3448 4554 3580 4629 ὑπὲρ
3610 4552 3869 4623 ἀληθείας

2142 4635 2191 4701 D
2225 4652 2391 4724 μόνον
2426 4651 2813 4725 συγγραπτέον,
2847 4648 2907 4702 οὗ
2944 4650 3051 4720 μὴν
3083 4648 3201 4710 καθ’
3234 4646 3449 4719 ἑτέρων.

2635 4758 2747 4813 ΕΙΣ
2780 4760 2923 4813 ΤΗΝ
2957 4754 3357 4811 ΕΗΙΣΤΟΛΙΙΝ
3390 4752 3458 4808 Z'.

2300 4853 2326 4917 §
2358 4850 2398 4904 Ι.
2421 4847 2485 4904 Ὁ
2504 4848 2652 4923 ἅγιος
2677 4844 2832 4907 οὗτος
2858 4843 3218 4917 Πολύκαρπος
3248 4842 3505 4915 Σμύρνης
3522 4844 3623 4907 τῆς
3643 4837 3695 4893 ἐν
3722 4836 3874 4908 Ἀσίᾳ

2227 4938 2440 5010 γέγονεν
2500 4934 2818 5005 ἐπίσκοπος,
2876 4933 3148 5006 ἀκροατὴς
3206 4932 3498 5005 γενόμενος
3552 4931 3649 4982 τοῦ
3722 4925 3872 5001 ἁγίου

2224 5024 2482 5082 Ἰωάννου
2537 5029 2633 5079 τοῦ
2682 5020 3089 5097 εὐαγγελιστοῦ,
3143 5019 3215 5081 ὥς
3273 5039 3436 5097 φησιν
3488 5015 3781 5092 Εἰρηναῖος
3822 5014 3871 5068 ἐν

2226 5120 2307 5186 τῷ
2334 5115 2506 5188 τρίτῳ
2569 5108 2770 5188 βιϐλίῳ
2823 5116 2930 5165 τῶν
2991 5111 3143 5165 Κατά
3188 5116 3289 5178 τῆς
3337 5104 3702 5181 ψευδωνύμου
3730 5104 3870 5178 γνώ⁶

2228 5223 2381 5265 σεως·
2466 5202 2553 5257 καὶ
2644 5200 2927 5276 μαρτυρίῳ
3014 5197 3070 5253 δὲ
3156 5196 3449 5265 ἐτελειώθη
3530 5192 3619 5250 διὰ
3687 5192 3869 5268 πυρός.

2227 5294 2386 5366 Ἔχει
2447 5289 2504 5346 δὶ
2559 5292 2648 5345 καὶ
2708 5287 2997 5353 ἐπιστολὰς
3050 5290 3077 5343 ὁ
3108 5286 3269 5349 αὐτὸς
3320 5287 3463 5347 θεῖος
3513 5283 3871 5357 Πολύκαρπος

2226 5381 2361 5455 πρὸς
2393 5378 2823 5451 Φιλιππησίους.
2858 5378 3108 5453 Περιέχεί
3142 5374 3199 5431 δὲ
3226 5378 3260 5445 ἡ
3300 5378 3395 5430 τοῦ
3452 5370 3724 5447 μακαρίου
3754 5379 3869 5426 Διο-

1467 5600 1710 5659 VARLE
1750 5602 2142 5663 LECTIONES
2182 5604 2270 5662 ET
2306 5604 2871 5663 CORRECTIONES.

540 5723 587 5759 ⁸ο
613 5724 966 5802 παράστασιν.
