4062 6366
230 444 332 501 537

1178 448 1240 501 S.
1280 445 1557 501 ΜΔΧῙΜΙ
1597 445 1904 501 SCHOLIA
1940 443 2017 499 IN
2051 444 2208 497 EPP.
2253 445 2313 498 Β.
2355 443 2699 498 DIONYSII.

3536 443 3647 501 538

231 564 416 621 νυσίου
447 564 582 636 αὕτη
616 565 881 635 ἐπιστολή
921 564 1110 621 πολλὰ
1159 567 1442 638 Θαυμαστὰ
1487 565 1577 619 καὶ
1626 565 1745 635 ξὲνα
1791 563 1880 620 ἐπὶ

2007 581 2123 637 qua
2173 565 2232 618 in
2288 564 2496 636 eclipsi
2544 563 2648 621 illa
2696 564 2873 622 solari
2930 570 3191 640 tempore
3249 568 3648 627 cruciﬁxionis

226 658 295 729 τῇ
320 656 460 710 κατά
488 656 578 711 τὸν
612 656 840 730 σταυρὸν
872 655 967 710 τοῦ
1003 659 1235 730 Χριστοῦ
1268 653 1475 728 ἡλιακῇ
1513 650 1772 727 ἐκλείψει.

300 743 786 819 Ἐξελεγχθήσεται
820 788 834 801 .
893 744 1043 801 Κατὰ
1116 747 1301 798 κοινοῦ
1347 743 1410 797 τὸ
1468 739 1880 817 ἐξελεγχθήσε-

229 852 313 888 ται
344 834 408 869 ⁵⁸·
449 832 591 888 οὕτω
630 832 731 908 γὰρ
778 832 870 887 καὶ
919 835 953 901 ἡ
1012 832 1275 902 σύνταξις.
1322 829 1591 905 [Εἴδωλον
1646 829 1763 885 ἀντί
1784 834 1882 885 τοῦ

238 920 517 995 μίμημα-1

298 1014 327 1080 §
356 1014 423 1067 II.
458 1011 562 1068 Τὸν
596 1012 856 1088 σοφιστὴν
892 1008 1307 1087 Ἀπολλοφάνη.
1349 1010 1480 1081 Περὶ
1529 1007 1881 1086 Ἀπολλοφά-

228 1119 357 1161 νους
405 1103 503 1153 τοῦ
549 1104 826 1168 σοφιστοῦ,
878 1099 1095 1173 ἑταίρου
1141 1097 1428 1174 γεγονότος
1478 1103 1576 1153 τοῦ
1632 1097 1882 1172 μεγάλου

233 1187 540 1257 Διονυσίου,
586 1189 678 1243 καὶ
738 1185 1123 1261 λοιδοροῦντος
1184 1188 1369 1257 αὑτὸν,
1430 1187 1504 1249 ὠς
1562 1193 1881 1262 Χριστιανὸν

225 1272 541 1353 γενόμενον,
574 1280 663 1333 καὶ
693 1280 813 1341 καθ’
841 1276 1123 1347 Ἑλλήνων
1176 1276 1424 1350 λέγονταί
1468 1276 1557 1331 καὶ
1589 1276 1693 1352 γὰρ
1724 1277 1811 1331 καὶ
1845 1279 1879 1346 ἡ

226 1366 543 1442 ἀνθρωπίνη
576 1365 736 1445 σοφία
761 1367 821 1421 ἐκ
850 1370 981 1422 Θεοῦ
1009 1366 1168 1423 ἐστιν.

302 1457 405 1512 Καὶ
461 1455 522 1510 οὗ
576 1457 676 1525 τὴν
728 1459 837 1512 τῶν
887 1453 1139 1511 πολλῶν.
1182 1454 1259 1510 Τὸ
1306 1454 1468 1529 ῥητὸν
1519 1452 1662 1509 οὕτω
1696 1475 1881 1509 συντα-

223 1545 407 1600 κτὲον·
443 1544 547 1602 Καὶ
578 1546 641 1600 οὐ
671 1544 769 1613 τήν
799 1548 905 1599 τῶν
937 1541 1170 1598 πολλῶν
1203 1537 1370 1619 ἔγωγε
1401 1543 1549 1619 λέγω
1581 1541 1733 1614 δόξαν
1774 1548 1884 1598 τῶν

226 1633 531 1709 προσύλως
585 1633 675 1689 καὶ
737 1633 997 1705 ἐμπαθῶς
1057 1632 1497 1707 ἔναπομενόντων
1582 1638 1699 1695 τοῖς
1773 1638 1882 1688 τῶν

225 1725 479 1793 ποιητῶν
512 1720 696 1798 λόγοις
723 1724 757 1793 ἢ
790 1722 1005 1780 πάθεσι.

301 1814 389 1884 Τῇ
420 1811 526 1886 γὰρ
572 1816 681 1866 τῶν
729 1807 898 1866 ὄντων
951 1813 1171 1886 γνώσει.
1219 1815 1343 1869 Τῶν
1393 1808 1563 1866 ὄντων
1604 1812 1803 1885 γνῶσιν
1836 1813 1882 1847 ⁸²

227 1898 480 1971 ἐκάλεσε,
528 1901 591 1955 τὸ
638 1900 1099 1975 ἐπιτετηρημὲνον
1144 1908 1244 1969 τῆς
1298 1902 1567 1972 κινήσεως
1622 1904 1727 1956 τῶν
1791 1899 1881 1955 οὐ·

226 1989 454 2065 ρανίων,
512 1989 601 2043 καὶ
655 1991 755 2059 τὴν
817 1990 1043 2064 θεωρίαν
1100 1994 1208 2045 τῶν
1269 1987 1455 2044 ἄλλων
1501 1993 1602 2054 τῆς
1656 1989 1884 2051 κτίσεως

229 2082 441 2153 μερῶν,
502 2079 638 2133 κατὰ
688 2080 780 2133 τὸν
838 2077 934 2133 ἕνα
986 2081 1081 2135 τὸν
1134 2083 1234 2144 τῆς
1281 2078 1469 2158 σοφίας
1516 2082 1562 2116 ⁵³
1614 2077 1739 2153 ὅρον
1789 2078 1882 2133 τὸν

226 2164 485 2242 λέγοντα,
535 2171 728 2243 γνῶναι
777 2168 845 2222 τὰ
895 2164 1023 2223 ὄντα
1070 2168 1108 2242 ᾖ
1152 2164 1280 2222 ὄντα
1327 2166 1456 2225 ἐστί.
1487 2171 1593 2221 Τοῦ
1633 2165 1883 2223 δὲἈπο-

226 2255 434 2311 στόλου
464 2259 499 2326 ἡ
551 2258 732 2335 φωνή,
760 2262 839 2329 τῷ
887 2256 1058 2312 εἷ’πεῖν
1107 2256 1160 2311 ἐν
1191 2260 1259 2331 τῇ
1292 2264 1336 2311 α’
1365 2256 1499 2331 πρὸς
1537 2258 1882 2329 Κορινθίους·

225 2342 457 2414 Ἐπειδή
516 2346 619 2422 γὰρ
680 2345 732 2400 ἐν
791 2350 861 2421 τῇ
923 2345 1084 2424 σοφίᾳ
1137 2350 1235 2400 τοῦ
1311 2344 1445 2401 Θεοῦ
1503 2346 1601 2401 οὐκ
1656 2339 1797 2420 ἔγνω
1856 2347 1884 2399 ὁ

234 2433 441 2508 κόσμος
515 2433 604 2490 διὰ
678 2438 778 2504 τῆς
844 2435 1032 2513 σοφίας
1106 2436 1198 2490 τὸν
1258 2437 1426 2491 Θεόν’
1488 2437 1729 2491 τουτέστι
1786 2438 1887 2499 τῆς

236 2523 644 2601 ἐμφαινομένης
718 2529 799 2597 τῷ
873 2523 1182 2599 ἐναρμονίῳ
1256 2524 1346 2579 καὶ
1411 2527 1727 2599 τεταγμένῳ
1784 2527 1885 2589 τῆς

237 2612 480 2681 κτίσεως,
513 2617 675 2668 τοῦτο
734 2620 948 2683 συνῆκε.
1012 2612 1330 2687 Σημείωσαι
1391 2612 1502 2682 οῦν,
1560 2612 1643 2668 ὅτι
1692 2615 1726 2681 ἡ
1775 2616 1883 2666 τῶν

238 2697 405 2756 ὄντων
458 2706 658 2776 γνῶσις
717 2701 1013 2779 φιλοσοφία
1064 2701 1301 2777 λέγεται,
1362 2704 1451 2757 καὶ
1503 2702 1625 2757 τίνα
1669 2700 1885 2757 καλεῖὸ

237 2787 569 2852 ’Δπόστολος
643 2790 695 2845 ἐν
772 2795 839 2864 τῇ
926 2792 972 2846 α’
1051 2791 1191 2867 πρὸς
1284 2791 1606 2868 Κορινθίους
1694 2792 1883 2869 σοφίαν

234 2884 387 2935 θεοῦ.
424 2880 581 2952 [Eine
607 2881 708 2954 γὰρ
742 2880 793 2935 ἐν
826 2882 974 2955 ἀρχῆ
1017 2882 1108 2937 τὸν
1142 2882 1367 2952 σκοπὸν,
1401 2880 1471 2937 δι’
1518 2882 1576 2937 ὃν
1620 2880 1741 2937 οὕτε
1768 2882 1887 2946 καθ’

229 2965 543 3039 Ἑλλήνων,
578 2966 700 3024 οὔτε
729 2972 846 3035 καθ’
888 2972 1083 3048 ἑτέρων
1117 2973 1492 3047 συνέγραψενλ

302 3144 456 3201 Ἔδει
541 3145 773 3203 συνιδεῖν
856 3149 949 3203 τὸν
1033 3146 1425 3226 Ἀπολλοφάνη
1474 3191 1486 3204 .
1570 3149 1706 3205 Ἀπὸ
1778 3152 1885 3203 τῶν

236 3238 364 3313 παρ’
412 3235 684 3306 ’ἘΛλησιν
720 3235 1184 3311 ὁμολογουμένων
1216 3238 1315 3306 τήν
1348 3235 1583 3307 διάταξιν
1624 3241 1721 3291 τοῦ
1752 3238 1888 3292 πάν-

232 3345 341 3379 των
402 3324 580 3379 αῗτίου
639 3330 772 3380 Θεοῦ
831 3326 1230 3398 παρατίθεται,

231 3414 379 3484 ἄξιον
443 3413 729 3489 ἐπιγνῶναι
776 3416 868 3469 τὸν
920 3418 1134 3469 πάντων
1189 3416 1448 3488 ὁροθὲτην
1496 3416 1647 3487 Θεὸν,
1698 3415 1756 3469 ἐκ
1791 3419 1889 3469 τοῦ

229 3503 329 3559 τὸν
361 3503 530 3573 ἥλιον
578 3505 667 3560 καὶ
710 3506 811 3574 τὴν
867 3503 1104 3575 σελήνην
1152 3503 1280 3567 τοὺς
1321 3502 1764 3579 διατεταγμένους
1790 3510 1890 3572 τῆς

232 3592 452 3668 ἡμέρας
483 3587 631 3667 ἔχειν
664 3592 846 3669 ὅρους,
878 3592 966 3647 καὶ
1014 3597 1094 3664 τῷ
1123 3592 1283 3647 παντὶ
1313 3596 1410 3646 τοῦ
1441 3591 1668 3665 οὐρανοῦ
1704 3591 1892 3664 κύκλῳ

237 3681 647 3753 ωμπεριθὲειν,
703 3683 982 3737 τουτέστιν
1042 3681 1092 3751 ἐξ
1152 3680 1431 3735 ἀνατολῶν
1493 3680 1579 3735 ἐπὶ
1634 3679 1840 3753 δυσμάς
1875 3722 1891 3738 .

232 3767 364 3827 Εἴτε
398 3771 476 3843 μή
528 3771 1017 3848 συμπεριφέροιντο
1048 3775 1128 3843 τῷ
1157 3771 1471 3844 περιέχοντι
1504 3768 1698 3831 αὐτοὺς
1730 3769 1892 3845 οὐρα-

235 3864 337 3931 νῷ,
367 3863 467 3914 τοῦ
498 3860 593 3931 μὲν
628 3859 859 3934 ούρανοῦ
891 3859 980 3914 καὶ
1027 3866 1129 3929 τῆς
1157 3859 1432 3921 ἀπλανοῦς
1482 3862 1588 3913 τῶν
1623 3859 1889 3929 ἀκινήτων

238 3949 478 4023 ἀστέρων
514 3949 759 4026 σφαίρας,
793 3948 898 4005 ἀπὸ
948 3948 1228 4004 ἀνατολῶν
1258 3949 1335 4011 εἰς
1380 3945 1588 4021 δυσμὰς
1616 3947 1891 4010 κυκλικῶς

238 4037 647 4113 στρεφομένων,
692 4036 867 4093 αὐτῶν
918 4035 975 4092 δὲ
1022 4036 1188 4106 ἡλίου
1219 4037 1309 4091 καὶ
1338 4035 1576 4107 σελήνης
1624 4037 1718 4105 τήν
1752 4036 1895 4091 ἐναν-

237 4126 354 4181 τίαν
411 4129 495 4197 τῷ
546 4128 710 4180 παντὶ
756 4146 1064 4201 τρεχοντων
1116 4126 1174 4180 ἐκ
1219 4124 1439 4199 δυσμῶν
1489 4125 1566 4187 εἰς
1605 4125 1891 4188 ἀνατολάς·

235 4216 325 4270 καὶ
383 4214 531 4269 οὕτω
592 4212 827 4287 μάλιστα
874 4215 1228 4289 γνωρίζεσθαι
1268 4216 1357 4270 καὶ
1406 4216 1765 4289 θαυμάζεσθαι
1816 4214 1894 4270 δί-

242 4323 393 4367 καιος
423 4305 453 4358 ὁ
484 4307 580 4358 τοῦ
620 4304 820 4367 παντὸς
869 4301 1211 4379 δημιουργὸς
1258 4305 1345 4359 καὶ
1399 4301 1690 4373 διατάκτης
1740 4303 1892 4366 Θεός.

241 4398 413 4448 Ταῦτα
457 4392 887 4467 ἡρμηνεύσαμεν
959 4394 1098 4447 κατὰ
1173 4391 1598 4470 Ἀπολλοφάνην
1656 4393 1747 4449 τὸν
1805 4392 1894 4448 λὲ-

242 4502 428 4556 γοντα,
468 4483 544 4553 μὴ
578 4480 669 4535 σὺν
700 4485 781 4553 τῷ
806 4479 953 4553 ἡλίῳ
983 4480 1071 4535 καὶ
1102 4481 1193 4536 τὸν
1242 4481 1472 4554 οὐρανὸν
1506 4481 1718 4535 ἑστάναι
1750 4480 1894 4549 τότε,

242 4568 356 4625 ὶπεὶ
389 4569 441 4624 ἓν
482 4573 551 4643 τῇ
601 4571 709 4643 πρὸ
756 4570 963 4639 ταύτης
1010 4574 1300 4647 προγραφῇ
1332 4570 1395 4624 τὸ
1445 4566 1661 4644 ἀκριϐὲς
1711 4591 1898 4646 προει-

246 4661 514 4735 ρήκαμεν.
575 4660 728 4735 [Περὶ
791 4665 891 4728 τῆς
943 4662 1052 4714 τῶν
1111 4660 1347 4735 ἀστέρων
1400 4656 1687 4730 διατάξεως
1738 4660 1899 4715 ἑστώ-

244 4768 345 4818 σης
427 4745 605 4824 βουλῇ
662 4748 817 4817 Θεοῦ,
878 4748 969 4803 καὶ
1029 4749 1105 4821 μὴ
1175 4750 1638 4822 μετακινουμένης
1696 4750 1845 4812 αὖθις
1880 4793 1895 4820 ,

249 4838 375 4892 ὅταν
430 4835 617 4912 ἐθέλῃ,
678 4838 751 4900 ὡς
810 4836 897 4891 ἐπὶ
948 4839 1127 4908 Ἰησοῦ
1201 4842 1301 4892 τοῦ
1377 4844 1531 4908 Ναυῆ
1586 4839 1676 4893 καὶ
1734 4840 1895 4908 Ἰεζε-

245 4924 428 5000 κιήλ.]

312 5018 478 5070 Ὅταν
549 5013 714 5085 ἥλιος
790 5016 877 5070 ὑπ’
954 5016 1143 5073 αὐτοῦ.
1223 5018 1301 5071 Τὰ
1373 5020 1469 5071 τοῦ
1545 5017 1724 5085 Ἰησοῦ
1799 5021 1895 5071 τοῦ

248 5109 400 5174 Ναυῆ
436 5104 489 5159 ἂν
533 5104 751 5167 τούτοις
798 5104 1170 5179 παρατίθεται,
1216 5106 1306 5159 καὶ
1352 5104 1753 5177 ἀναμιμνήσκει
1801 5107 1893 5159 τὸν

250 5194 397 5268 ἅγιον
449 5193 810 5268 Πολύκαρπον
862 5202 963 5264 τῆς
1011 5194 1253 5269 ἱστορίας
1300 5192 1528 5263 ταύτης,
1555 5191 1644 5247 ’ίνα
1697 5194 1896 5265 ταύτην

253 5282 435 5357 ἀντιθῇ
489 5287 568 5356 τῷ
629 5281 1061 5362 ’Δπολλοφάνει.
1125 5285 1301 5354 Φησίν
1360 5280 1472 5337 οῦν·
1534 5281 1669 5338 Εἰπὲ
1725 5282 1892 5355 αὐτῷ·

323 5455 401 5528 (g)
429 5459 565 5529 Cap.
600 5473 643 5524 ι,
669 5473 725 5513 v.
756 5458 847 5513 21.

1990 654 2203 709 Christi
2235 656 2626 725 contigerunt.

2062 745 2365 815 Arguetur.
2410 743 2896 799 Subaudiendum
2951 745 3092 800 illud
3144 746 3530 817 redarguetur,
3561 748 3647 803 sic

1991 832 2147 888 enim
2177 833 2354 903 exigit
2394 834 2777 889 constructio.
2831 835 3069 905 [Idolum
3110 836 3349 907 ponitur
3378 853 3480 909 pro
3512 839 3646 893 imi-

1990 923 2181 993 tatio].

2064 1011 2198 1079 §II.
2258 1012 2569 1083 Sophistam
2620 1012 3076 1085 Apollophanem.
3127 1012 3208 1067 De
3250 1014 3647 1087 Apollophane

1993 1100 2277 1171 sophista,
2311 1100 2407 1171 qui
2440 1101 2629 1156 fuerat
2662 1102 2857 1157 socius
2892 1103 3085 1173 magni
3119 1102 3401 1175 Dionysii,
3429 1109 3485 1158 et
3506 1120 3645 1159 con-

1994 1189 2317 1244 vitiabatur
2348 1190 2564 1261 ipsum,
2590 1191 2742 1260 quod
2777 1190 3147 1246 Christianus
3174 1191 3363 1247 factus
3394 1197 3565 1257 esset,
3590 1196 3647 1248 et

1991 1278 2275 1334 adversus
2305 1278 2554 1349 gentiles
2580 1279 2817 1335 diceret.
2849 1280 3015 1351 [Nam
3048 1285 3103 1334 et
3134 1280 3393 1335 humana
3422 1281 3649 1352 sapien-

1994 1367 2074 1422 tia
2104 1385 2138 1423 a
2166 1368 2281 1423 Deo
2308 1369 2442 1438 est.]

2061 1461 2246 1528 Neque
2276 1458 2367 1512 hic
2392 1457 2456 1513 de
2504 1457 2907 1513 multitudinis.
2961 1457 3191 1513 Dictum
3244 1458 3354 1514 hoc
3393 1458 3478 1514 sic
3506 1474 3651 1514 con-

1992 1546 2341 1602 struendum
2392 1551 2483 1602 est
2516 1563 2527 1601 :
2561 1551 2761 1618 Neque
2812 1563 2918 1618 ego
2969 1548 3040 1602 de
3090 1546 3492 1603 multitudinis
3524 1547 3651 1619 opi-

1992 1635 2168 1690 nione
2198 1634 2426 1706 loquor,
2468 1652 2595 1706 quae
2643 1639 2949 1706 poetarum
2982 1635 3196 1690 fabulis
3227 1640 3330 1690 aut
3358 1636 3649 1707 passioni-

1989 1724 2103 1779 bus
2135 1722 2518 1780 materialiter
2547 1724 2944 1796 tenaciterque
2970 1724 3249 1781 adhaeret.

2062 1813 2206 1869 Nam
2259 1829 2357 1885 per
2405 1814 2547 1869 hanc
2594 1817 2772 1885 ipsam
2828 1831 3018 1870 rerum
3062 1816 3371 1871 scientiam.
3424 1815 3641 1871 Rerum

1993 1903 2295 1959 scientiam
2327 1903 2555 1959 vocavit
2603 1903 3067 1959 observationem
3116 1908 3311 1959 motus
3342 1903 3642 1973 caelorum,

1993 1998 2050 2048 et
2066 1992 2313 2048 aliarum
2330 1997 2609 2048 creaturae
2630 1993 2886 2063 partium
2909 1993 3458 2061 considerationem,
3478 1993 3651 2063 juxta

1993 2082 2309 2153 quamdam
2343 2081 2647 2152 sapientiae
2679 2080 3099 2147 deﬁnitionem,
3137 2098 3256 2153 qua
3281 2096 3648 2152 cognoscun-

1991 2174 2089 2225 tur
2119 2187 2211 2226 res
2243 2174 2533 2242 quatenus
2563 2186 2657 2226 res
2687 2174 2843 2225 sunt.
2880 2170 2980 2225 Est
3009 2174 3204 2226 autem
3228 2168 3327 2225 illa
3356 2187 3462 2226 vox
3492 2175 3648 2241 Apo-

1994 2258 2127 2314 stoli
2178 2260 2236 2313 in
2290 2259 2479 2331 prima
2526 2261 2595 2313 ad
2646 2259 3001 2325 Corinthios,
3054 2259 3302 2314 dicentis
3336 2261 3414 2330 (g)
3458 2276 3470 2313 :
3507 2260 3647 2314 Nam

1995 2350 2127 2419 quia
2157 2350 2218 2403 in
2253 2350 2526 2420 sapientia
2553 2350 2652 2403 Dei
2696 2364 2809 2403 non
2835 2350 3085 2419 cognovit
3136 2348 3390 2417 mundus,
3420 2364 3521 2418 per
3547 2364 3646 2403 sa-

1989 2439 2271 2509 pientiam
2299 2440 2471 2493 Deum
2489 2454 2511 2499 ;
2541 2437 2599 2492 id
2631 2442 2721 2493 est
2749 2454 2851 2507 per
2881 2436 3234 2507 sapientiam
3266 2436 3327 2490 in
3359 2437 3649 2491 concinna

1995 2526 2321 2598 decoraque
2379 2530 2656 2581 creaturae
2716 2526 3140 2597 compositione
3198 2528 3576 2596 apparentem
3630 2541 3644 2593 ;

1995 2629 2122 2687 quae
2148 2615 2258 2671 hoc
2287 2614 2596 2670 intellexit.
2628 2614 2779 2670 Nota
2806 2614 2989 2686 igitur
3026 2629 3220 2670 rerum
3253 2613 3521 2668 notitiam
3549 2628 3647 2668 vo-

1995 2704 2114 2760 cari
2159 2704 2616 2776 philosophiam,
2651 2720 2827 2776 quam
2863 2704 3040 2759 etiam
3086 2701 3401 2774 Apostolus
3433 2701 3491 2756 in
3524 2701 3645 2773 pri-

1996 2809 2093 2849 ma
2122 2794 2194 2849 ad
2227 2793 2556 2849 Corinthios
2591 2793 2688 2849 Dei
2725 2792 3077 2864 sapientiam
3111 2790 3439 2864 appellavit.
3470 2789 3648 2859 [Dixit

1996 2883 2152 2939 enim
2185 2882 2255 2947 in,
2278 2883 2588 2955 principio,
2621 2882 2897 2954 quisnam
2930 2897 3144 2953 scopus
3177 2880 3290 2935 sibi
3321 2880 3646 2949 esset,jux-

1995 2978 2055 3028 ta
2086 2988 2259 3044 quem
2291 2987 2479 3044 neque
2527 2980 2728 3028 contra
2779 2972 3009 3027 Graecos
3042 2984 3223 3041 neque
3267 2972 3475 3025 contra
3504 2967 3647 3024 alios

1997 3061 2280 3132 scripsit].

2063 3149 2220 3204 Scire
2248 3150 2476 3205 debebat
2522 3151 2941 3221 Apollophanes.
2992 3150 3071 3204 Ex
3119 3163 3185 3204 eo
3235 3163 3445 3219 nempe
3493 3147 3650 3218 quod

1997 3239 2152 3310 apud
2185 3238 2432 3310 gentiles
2463 3239 2525 3295 in
2557 3240 2825 3294 confesso
2856 3242 2964 3308 est,
2988 3254 3181 3293 rerum
3209 3237 3475 3293 omnium
3499 3236 3654 3292 ordi-

1292 3328 1468 3402 φήσας
1503 3370 1520 3393 ,
1578 3326 1636 3380 ἐκ
1691 3327 1885 3380 τούτου

2007 3343 2130 3382 nem
2157 3328 2495 3383 earumdem
2523 3328 2741 3383 auctori
2762 3332 2874 3383 Deo
2896 3328 3277 3382 tribuendum
3300 3326 3653 3394 esse,docet,

2001 3432 2072 3472 ex
2104 3416 2212 3471 hoc
2244 3416 2513 3489 cognosci
2544 3433 2715 3488 posse
2746 3417 2930 3472 Deum
2966 3417 3140 3471 rebus
3171 3414 3446 3470 omnibus
3466 3412 3655 3486 legem

2000 3522 2237 3576 ponere,
2269 3506 2424 3577 quod
2458 3505 2547 3561 sol
2575 3509 2631 3561 et
2658 3505 2801 3560 luna
2826 3505 3113 3560 terminos
3157 3503 3267 3562 diei
3301 3502 3657 3559 constitutos

2000 3594 2276 3661 habeant,
2335 3599 2392 3649 et
2440 3594 2619 3650 simul
2677 3609 2810 3650 cum
2868 3594 3137 3649 universo
3185 3590 3467 3648 caelorum
3516 3589 3657 3646 orbe

2001 3682 2568 3753 circumvolvantur;
2618 3682 2845 3739 scilicet
2896 3699 2965 3737 ex
3009 3682 3233 3737 oriente
3278 3679 3337 3734 in
3385 3678 3656 3735 occiden-

2000 3775 2144 3827 tem.
2202 3772 2365 3837 Quod
2410 3772 2457 3825 si
2492 3788 2608 3826 non
2642 3773 2795 3827 3l0
2826 3771 3319 3826 circumferantur
3367 3784 3483 3823 una
3520 3782 3656 3822 cum

2002 3860 2145 3916 caalo
2177 3878 2290 3930 quo
2322 3861 2720 3930 continentur,
2752 3861 2835 3917 ita
2867 3864 2931 3915 ut
2973 3860 3180 3917 caelum
3207 3858 3448 3930 quidem
3478 3860 3534 3912 et
3563 3856 3659 3911 in-

2003 3949 2326 4005 errantium
2376 3955 2554 4021 atque
2600 3949 2905 4004 stabilium
2956 3949 3259 4005 stellarum
3305 3946 3549 4019 spherae
3591 3960 3660 4000 ex

2001 4039 2227 4095 oriente
2257 4039 2314 4093 in
2363 4038 2722 4094 occidentem
2775 4038 3140 4095 circulariter
3184 4041 3504 4106 vertantur,
3535 4034 3663 4105 ipse

2005 4132 2200 4183 autem
2253 4127 2337 4183 sol
2388 4134 2446 4182 et
2500 4128 2639 4182 luna
2686 4128 3045 4182 contrarium
3098 4125 3370 4181 universo
3418 4138 3659 4178 cursum

2004 4221 2244 4272 teneant
2274 4233 2341 4272 ex
2368 4216 2669 4272 occidente
2699 4217 2757 4271 in
2809 4215 3091 4270 orientem
3117 4234 3130 4283 ;
3165 4214 3367 4285 utique
3392 4213 3482 4267 vel
3523 4211 3660 4267 hinc

2005 4306 2259 4361 maxime
2298 4304 2714 4378 cognoscibilis
2763 4308 2819 4360 et
2850 4303 3236 4359 admiratione
3282 4301 3499 4374 dignus
3530 4316 3662 4357 cen-

2005 4394 2234 4450 sebitur
2268 4395 2523 4451 universi
2576 4398 2801 4449 creator
2848 4398 3027 4465 atque
3076 4393 3433 4466 gubernator
3479 4389 3658 4446 Deus.

2006 4483 2137 4538 Hinc
2168 4500 2530 4555 exponemus
2581 4487 2783 4539 contra
2828 4482 3291 4554 Apollophanem
3343 4479 3658 4548 dicentem,

2008 4589 2122 4628 non
2157 4591 2273 4628 una
2302 4590 2434 4628 cum
2469 4573 2590 4629 sole
2621 4573 2831 4629 coelum
2877 4574 2984 4627 hoc
3026 4569 3387 4639 constitisse,
3420 4567 3663 4624 tametsi

2006 4662 2063 4717 id
2101 4662 2157 4716 in
2195 4664 2372 4733 priori
2425 4663 2744 4733 scriptione
2792 4668 3061 4717 accurate
3113 4659 3511 4732 probavimus.
3558 4657 3661 4726 [De

2009 4756 2300 4806 astrorum
2347 4753 2753 4823 dispositione,
2787 4768 2911 4820 quae
2948 4751 3185 4823 quidem
3237 4747 3435 4803 divina
3463 4744 3661 4801 volun-

2005 4846 2125 4896 tate
2154 4843 2322 4896 ﬁrma
2353 4846 2479 4910 est;
2514 4846 2794 4907 attamen,
2831 4858 2962 4896 cum
2998 4842 3121 4912 ipse
3170 4837 3436 4905 voluerit,
3473 4836 3659 4893 varia-

2006 4933 2124 4999 tur,
2158 4935 2223 4986 ut
2251 4936 2510 5001 tempore
2538 4931 2718 4986 Josue
2750 4935 2805 4986 et
2835 4929 3198 5000 Ezechielis.]

2079 5021 2306 5089 Quando
2334 5020 2413 5075 sol
2462 5020 2528 5075 ab
2578 5022 2711 5092 ipso.
2763 5021 3043 5092 Proponit
3092 5019 3186 5074 hic
3217 5034 3343 5090 qua;
3374 5016 3486 5072 sub
3515 5014 3657 5071 Jesu

2006 5108 2161 5164 Nave
2191 5110 2584 5182 contigerunt,
2630 5114 2686 5165 et
2731 5110 2786 5164 Β.
2822 5109 3137 5181 Polycarpo
3171 5108 3319 5163 hanc
3348 5104 3659 5162 historiam

2007 5197 2067 5251 in
2092 5200 2431 5253 memoriam
2460 5203 2709 5265 revocat,
2734 5203 2797 5253 ut
2818 5215 2944 5253 eam
2970 5196 3356 5269 Apollophani
3380 5196 3657 5268 opponat.

2008 5286 2097 5341 Ait
2129 5285 2364 5357 itaque:
2390 5287 2491 5343 Dic
2524 5288 2607 5343 illi
2643 5306 2656 5344 :
2694 5287 2856 5344 Disce
2883 5286 3177 5357 quomodo
3211 5291 3360 5342 Deus
3392 5283 3573 5342 solem
3603 5287 3662 5339 et

1259 5627 1502 5687 VARIE
1540 5627 1931 5689 LEGTIONES
1970 5629 2059 5688 Ἠ
2090 5630 2641 5691 GORRECTIONES.

328 5771 367 5807 ⁵¹
398 5767 804 5846 ἐλεγχθήσεται.
882 5773 927 5808 ⁸³
949 5771 1221 5845 γνὼσεων.
1299 5773 1344 5809 ³³
1374 5769 1720 5851 φιλοσοφίας.
