4062 6366
371 388 479 445 539

1193 394 1559 449 APPENDIX
1596 392 1696 446 AD
1732 389 1974 448 OPERA
2010 390 2072 442 S.
2111 389 2430 445 DIONYSII
2468 391 2971 448 AREOPAGITE.

3682 391 3799 447 540

374 518 574 575 lunam
601 538 614 588 ;
650 536 784 576 cum
819 521 1145 576 secundum
1174 520 1580 575 diametralem
1612 517 1830 574 lineam
1876 535 1906 573 e
1936 533 2025 571 re-

2165 515 2289 577 Ᾰάθε
2319 518 2434 577 πῶς
2467 516 2494 569 6
2525 516 2655 579 Θεὸς
2702 516 2794 571 τὸν
2850 514 3011 585 ἥλιον
3066 516 3156 571 καὶ
3201 519 3299 586 τήν
3357 514 3593 589 σελήνην
3653 516 3800 572 κατᾶ

376 610 547 679 gione
576 626 705 665 sese
758 614 1176 680 respectarent,
1210 608 1329 665 sole
1378 610 1615 680 quidem
1661 610 1784 678 jam
1834 610 2029 662 dever-

376 704 547 769 gente
576 699 635 753 in
667 715 964 764 occasum,
990 698 1307 753 luminaria
1328 698 1431 753 illa
1461 698 1676 754 stiterit
1697 698 1755 751 in
1781 696 2032 751 statione

378 804 505 855 sua,
539 789 745 859 utique
776 789 989 843 virtute
1010 787 1289 842 ineffabili
1319 788 1574 842 auctoris
1596 802 1795 842 eorum
1818 785 1940 841 Dei.
1966 785 2033 841 Et

377 878 679 932 immobile
702 877 1030 932 etiamtum
1056 876 1322 932 substitit
1348 877 1684 931 universum
1708 891 1839 930 cum
1867 878 2032 929 utro—

376 982 488 1036 que
518 965 794 1020 luminari
825 984 839 1033 ;
872 966 1085 1021 etenim
1138 982 1251 1020 non
1286 965 1493 1020 caelum
1526 966 1743 1035 ipsum,
1778 980 1889 1018 non
1925 980 2034 1017 caa-

377 1060 501 1110 tera
522 1054 715 1109 sidera
735 1054 1473 1110 circumvolvebantur.sed
1502 1071 1618 1108 una
1645 1070 1777 1108 cum
1805 1053 2035 1107 duobus

380 1144 511 1200 istis
542 1143 938 1199 luminaribus
969 1145 1193 1215 absque
1218 1149 1379 1198 motu
1404 1143 1813 1198 substiterunt.
1838 1143 2037 1213 Neque

383 1250 560 1305 parvo
593 1234 876 1288 duntaxat
906 1238 1165 1305 tempore
1198 1250 1407 1289 cursus
1438 1233 1695 1288 universi
1742 1249 1807 1287 ac
1842 1236 2037 1287 motus

380 1322 691 1390 inhibitus,
724 1324 822 1377 sed
856 1322 1083 1394 integro
1110 1322 1321 1387 die,ita
1353 1326 1415 1376 ut
1446 1323 1555 1377 sub
1579 1321 1711 1376 Jesu
1738 1322 1890 1375 Nave
1913 1321 2038 1376 dies

384 1411 558 1467 fuerit
588 1410 907 1483 duplicata,
942 1428 1153 1483 nempe
1202 1413 1271 1466 ad
1318 1411 1525 1482 viginti
1556 1414 1808 1481 quatuor
1840 1410 2037 1479 horas,

383 1501 884 1571 quemadmodum
936 1500 1086 1556 clare
1119 1502 1287 1555 docet
1332 1500 1506 1555 Jesus
1556 1500 1712 1554 ﬁlius
1744 1500 1945 1555 Sirach
1980 1501 2036 1553 in

383 1589 600 1662 hymno
635 1590 893 1644 Patrum.
951 1590 1171 1646 Deinde
1221 1590 1531 1660 subjungit
1567 1605 1578 1643 :
1611 1589 1668 1643 Si
1717 1605 1852 1644 vero
1884 1589 2042 1643 dicat

381 1678 811 1750 Apollophanes
837 1679 891 1733 id
915 1695 1043 1735 esse
1060 1679 1643 1749 impossibile,utuna
1665 1694 1792 1733 cum
1810 1678 2039 1733 duobus

383 1767 777 1822 luminaribus
806 1770 1044 1832 ccnlum,
1076 1773 1133 1823 et
1182 1768 1411 1837 reliqua
1456 1772 1614 1822 astra
1644 1768 2037 1835 substiterint,

385 1859 487 1913 sed
520 1856 621 1912 illa
653 1861 809 1912 mota
834 1857 1016 1912 fuisse
1039 1856 1158 1913 sole
1190 1857 1571 1924 subsistente,
1598 1857 1880 1927 responde
1902 1857 2037 1928 ipsi,
2074 1888 2119 1952 Β

384 1945 469 2002 vel
502 1946 610 2001 hoc
644 1948 896 2000 maxime
943 1946 1013 2000 ad
1048 1962 1250 2000 verum
1286 1950 1465 2001 Deum
1498 1946 1881 2017 ejusdemque
1912 1962 2040 2017 cog-

386 2036 671 2091 nitionem
703 2034 900 2106 ipsum
935 2039 1275 2097 convertere,
1317 2035 1612 2105 debuisse,
1645 2035 1801 2106 quod
1834 2052 2044 2106 nempe

385 2124 577 2197 polus,
611 2124 711 2195 qui
758 2123 1075 2180 luminaria
1124 2124 1483 2191 continebat,
1524 2112 2042 2196 circumageretur,

384 2213 702 2270 luminaria
718 2230 871 2281 vero,
888 2229 1014 2284 quae
1038 2214 1227 2284 ipsius
1248 2213 1549 2285 complexu
1567 2214 2042 2284 continebantur,

385 2303 632 2358 immota
656 2302 1057 2357 consisterint.
1084 2303 1201 2358 Hoc
1233 2304 1388 2358 enim
1416 2304 1659 2373 majoris
1689 2308 1774 2359 est
1807 2303 2043 2358 virtutis

387 2391 530 2447 ccelo
561 2391 899 2462 caterisque
931 2391 1119 2446 stellis
1153 2392 1347 2455 motis,
1381 2392 1565 2447 solem
1597 2397 1655 2447 et
1685 2393 1883 2447 lunam
1917 2392 2045 2447 sine

391 2484 550 2535 motu
584 2480 925 2548 consistere,
951 2486 1006 2535 et
1039 2498 1154 2536 non
1177 2482 1380 2536 eodem
1417 2486 1579 2536 motu
1614 2498 1747 2536 cum
1770 2482 2043 2537 universo

391 2570 630 2637 moveri,
663 2586 796 2624 cum
831 2586 947 2641 quo
973 2587 1208 2641 semper
1238 2570 1557 2641 circumagi
1592 2575 2042 2626 consueverunt.

457 2663 729 2730 Statuque
757 2659 1021 2715 mirabili
1048 2662 1215 2715 simul
1255 2676 1380 2715 cum
1408 2661 1519 2715 hac
1547 2661 1923 2715 universitate.
1952 2660 2045 2714 Ait

390 2764 620 2820 nempe,
680 2748 975 2818 quomodo
1030 2746 1208 2801 simul
1260 2747 1387 2817 ipso
1446 2745 1577 2817 polo
1627 2747 1868 2801 immoto
1921 2762 2043 2800 ma-

387 2840 561 2892 nente
592 2835 769 2905 (hunc
799 2836 957 2891 enim
990 2835 1435 2890 universitatem
1461 2833 1789 2906 appellavit)
1826 2834 1966 2889 solis
1990 2838 2046 2889 et

387 2924 539 2979 lunae
590 2924 760 2979 statio
811 2924 964 2978 facta
1014 2924 1111 2980 sit.
1162 2923 1312 2989 Quin
1362 2923 1576 2994 potius,
1629 2923 1772 2977 an
1832 2921 2043 2992 inquit,

391 3013 575 3069 multo
608 3014 796 3083 magis
830 3012 1187 3081 mirandum,
1223 3012 1271 3066 si
1306 3012 1474 3083 polus
1520 3011 1756 3083 quidem
1790 3011 2042 3065 circum-

392 3101 675 3173 agebatur
704 3101 881 3171 (bunc
918 3102 1074 3156 enim
1098 3100 1472 3172 signiﬁcavit,
1499 3101 1720 3169 dicens,
1742 3102 2043 3168 universis,

392 3195 449 3246 et
476 3190 802 3261 potioribus,
856 3195 912 3245 et
939 3191 1413 3258 continentibus);
1464 3190 1551 3245 sol
1582 3194 1777 3245 autem
1820 3196 1875 3244 et
1904 3188 2046 3243 luna

397 3240 448 3246 --
860 3240 910 3245 --
1400 3240 1413 3257 ,
1464 3240 1551 3245 η-
1584 3240 1777 3245 __--__
1827 3240 1873 3244 --
1910 3240 2045 3243 mw

392 3280 536 3351 (l1ch
565 3279 724 3333 enim
762 3280 1219 3346 continebantur)
1270 3296 1385 3334 non
1432 3296 1552 3334 una
1584 3278 1761 3334 simul
1793 3295 1927 3333 cum
1958 3294 2046 3346 eo,
2079 3240 2123 3309 α

394 3369 568 3439 cujus
601 3368 906 3439 complexu
939 3369 1314 3436 tenebantur,
1348 3368 1924 3439 circumagebantur.

467 3457 898 3513 Continuatione
926 3458 1045 3527 fere
1094 3458 1259 3527 triplo
1310 3458 1527 3527 longior
1553 3457 1771 3526 effectus
1818 3458 1908 3510 sit.
1943 3458 2056 3525 Ap-

401 3546 601 3618 posuit
624 3547 765 3615 fere,
798 3547 955 3617 quod
989 3546 1112 3602 dies
1136 3546 1232 3602 ille
1264 3563 1379 3601 non
1403 3561 1829 3615 usquequaque
1853 3546 2061 3615 plenus

403 3635 579 3690 fuerit
612 3634 823 3705 triplici
846 3635 1534 3705 dimensione:(duarum
1558 3634 1713 3689 enim
1743 3638 1798 3687 et
1821 3633 2065 3703 triginta

404 3722 513 3777 fuit
542 3722 845 3793 horarum)
881 3724 952 3777 ab
986 3724 1208 3777 oriente
1238 3721 1463 3777 scilicet
1494 3722 1563 3776 ad
1595 3737 1728 3775 eum
1761 3738 1950 3791 usque
1980 3720 2061 3776 lo-

404 3827 563 3873 cum,
597 3810 656 3864 in
692 3826 807 3881 quo
841 3810 926 3865 sol
959 3816 1084 3865 tum
1116 3810 1397 3865 inventus
1427 3814 1535 3876 est,
1569 3810 1805 3880 quando
1838 3810 2064 3864 editum

400 3903 490 3955 est
545 3897 707 3953 istud
761 3897 1021 3970 signum,
1076 3898 1273 3954 decem
1328 3898 1482 3953 horae
1533 3898 1952 3969 praeterierant,
2011 3902 2068 3953 et

400 3988 612 4043 iterum
649 3988 875 4056 decem,
899 3988 1040 4042 dum
1074 3987 1236 4042 illinc
1263 3988 1375 4044 iter
1405 3986 1627 4042 reflexit
1657 3988 1728 4042 ad
1761 3987 2064 4053 orientem,

399 4082 458 4133 et
488 4076 798 4132 duodecim
830 4076 967 4131 inde
1002 4094 1190 4149 usque
1214 4078 1283 4132 ad
1318 4076 1704 4132 occidentem.
1730 4076 1947 4131 Eadem
1972 4094 2069 4130 au-

404 4170 520 4219 tem
558 4164 837 4236 loquendi
888 4166 1140 4221 formula
1192 4166 1284 4221 hic
1319 4182 1463 4221 usus
1495 4169 1605 4231 est,
1656 4166 1813 4236 quod
1860 4179 2067 4234 nempe

402 4252 573 4324 polus
606 4271 723 4309 una
755 4271 887 4310 cum
912 4254 1034 4310 sole
1062 4255 1269 4325 viginti
1294 4260 1546 4326 quatuor
1577 4254 1855 4309 horarum
1881 4255 2067 4325 spatio

403 4343 813 4398 admirandam
847 4343 1022 4399 istam
1058 4346 1582 4417 retrogressionem
1618 4343 1838 4415 fecerit,
1863 4343 1947 4399 vel
1980 4343 2067 4399 sol

400 4431 527 4503 ipse
558 4431 745 4488 solus.

481 4520 574 4576 Vel
625 4523 951 4577 universum
1004 4524 1219 4595 aequali
1274 4525 1535 4594 temporis
1586 4525 1781 4595 spatio.
1836 4522 2069 4578 Dictum

2141 601 2429 678 διάμετρον
2485 600 2643 667 ὄντας
2699 604 2822 660 τότε
2877 606 3095 681 ἀντικρὺ
3152 604 3459 677 ἀλλήλων,
3520 604 3797 679 δυομένου

2139 689 2249 761 ἤδη
2294 697 2391 747 τοῦ
2441 692 2627 764 ἡλίου,
2673 693 2889 765 ἔστησεν
2951 694 3039 750 ἐπὶ
3097 697 3268 750 τόπου
3314 695 3440 757 τοὺς
3469 702 3794 773 φωστῆρας,

2142 802 2323 834 στασιν
2384 782 2504 836 τινὰ
2561 784 2696 837 κατά
2756 780 2981 856 δύναμίν
3033 805 3155 839 τινα
3210 784 3410 863 ἄφατον
3465 789 3561 839 τοῦ
3609 784 3795 839 αίτίου

2144 870 2320 923 αὑτῶν
2356 876 2508 929 Θεοῦ.
2546 873 2641 926 Καὶ
2688 868 2813 943 ἔστη
2845 875 2907 928 τὸ
2936 880 3037 928 πᾶν
3070 874 3323 945 ἀκίνητον
3377 876 3511 946 μετά
3547 878 3655 928 τῶν
3690 872 3793 928 δύο

2144 962 2469 1035 φωστήρων·
2504 958 2628 1016 οὕτε
2656 963 2760 1037 γάρ
2793 962 3041 1036 οὐρανὸς,
3074 960 3201 1017 οὔτε
3244 964 3295 1018 οἱ
3336 961 3521 1017 λοιποὶ
3572 961 3797 1038 ἀστέρες

2144 1050 2528 1121 περιεπόλουν,
2561 1048 2707 1105 ἀλλὰ
2748 1055 3178 1122 συνειστήκεισαν
3209 1057 3327 1113 τοῖς
3379 1050 3498 1106 δυσὶ
3530 1059 3796 1128 φωστῆρ-

2147 1158 2226 1189 σιν
2260 1137 2533 1208 ἀκίνητοι.
2566 1139 2670 1194 Καὶ
2704 1138 2825 1195 οὔτε
2874 1140 2961 1195 ἐπὶ
2994 1140 3184 1216 ὀλίγον
3215 1144 3242 1196 6
3274 1137 3479 1216 δρόμος
3506 1147 3604 1196 τοῦ
3653 1162 3797 1196 παν-

2145 1227 2257 1293 τὸς,
2290 1226 2379 1279 καὶ
2410 1230 2444 1296 ἡ
2477 1227 2685 1299 κίνησις
2732 1226 2858 1300 ἔστη
2898 1231 3085 1302 μόνον,
3134 1230 3261 1285 ἀλλ’
3304 1229 3384 1305 ἐφ’
3418 1232 3625 1305 ἡμέραν
3660 1228 3799 1285 ὁλὸ-

2146 1317 2378 1390 κληρον,
2422 1318 2497 1378 ὡς
2551 1316 2795 1391 γενέσθαι
2842 1318 2929 1373 ἐπὶ
2981 1321 3163 1389 Ἰησοῦ
3217 1323 3315 1373 τοῦ
3374 1326 3523 1388 Ναυῆ
3584 1320 3801 1395 ἡμέραν

2148 1402 2347 1473 διπλῆν
2381 1404 2459 1460 κδ’
2508 1407 2688 1481 ὡρῶν,
2721 1406 2795 1469 ὠς
2853 1413 3033 1483 σαφῶς
3083 1409 3245 1463 τοῦτό
3298 1430 3459 1486 φησιν
3500 1410 3715 1479 Ἰησοῦς
3774 1410 3802 1462 6

2146 1495 2241 1548 τοῦ
2276 1495 2481 1570 Σειράχ
2512 1495 2563 1551 ἐν
2606 1500 2687 1567 τῷ
2733 1497 2886 1569 ὕμνῳ
2936 1502 3043 1551 τῶν
3096 1498 3372 1571 Πατέρων.
3406 1500 3540 1552 Εἶτα
3584 1496 3800 1571 ἐπάγει·

2149 1584 2210 1638 Εἰ
2244 1581 2299 1637 δὲ
2347 1582 2488 1638 εἷ’ποι
2542 1584 2990 1663 Ἀπολλοφάνης,
3047 1584 3361 1657 Ἀδύνατον,
3404 1586 3465 1642 οὗ
3514 1587 3617 1661 γὰρ
3665 1583 3799 1655 ἔστη

2151 1673 2284 1745 μετά
2312 1678 2419 1726 τῶν
2452 1671 2547 1727 δύο
2568 1677 2871 1751 φωστήρων
2894 1674 3119 1751 οὐρανὸς
3148 1675 3236 1731 καὶ
3261 1677 3312 1729 οἱ
3344 1675 3534 1730 λοιποὶ
3552 1675 3801 1750 ἀστέρες,

2148 1760 2274 1817 ἀλλ’
2305 1761 2499 1816 ἐκεῖνοι
2538 1763 2631 1835 μὲν
2678 1763 2971 1833 ἐκινοῦντο,
3021 1764 3182 1827 οὗτος
3229 1762 3286 1820 δὶ
3319 1763 3531 1819 ἵστατο·
3564 1763 3803 1837 ἀπόκρι-

2150 1871 2233 1904 ναι
2267 1852 2415 1922 αὐτῷ
2445 1851 2551 1919 ὅτι,
2584 1852 2838 1909 Μάλιστα
2866 1858 3026 1909 τοῦτο
3059 1856 3171 1929 χρή
3204 1875 3262 1908 σε
3310 1853 3625 1929 ἰπιστρέψαι
3658 1854 3805 1928 πρὸς

2148 1940 2237 1993 ¹ιὸν
2291 1940 2470 2011 ἀληθῆ
2504 1941 2631 1996 Θεὸν
2682 1940 2772 1996 καί
2815 1943 2911 2012 τήν
2958 1942 3122 1997 αὐτοῦ
3166 1948 3390 2020 γνῶσιν,
3439 1944 3530 1997 καὶ
3575 1941 3672 1997 τοῖ’)
3712 1964 3806 1997 κι-

2148 2033 2369 2092 νοῦντος
2405 2031 2500 2104 μὲν
2531 2031 2623 2085 τὸν
2678 2032 3005 2107 περιέχοντα
3049 2031 3176 2094 τοὺς
3211 2039 3502 2110 φωστῆρας
3545 2032 3807 2108 οὐρανὸν,

2151 2119 2395 2181 ἱστάντος
2442 2118 2499 2175 δὲ
2528 2122 2822 2191 ἀκινήτους
2866 2122 2996 2184 τοὺς
3025 2122 3453 2198 περιεχομένους
3483 2129 3807 2198 φωστῆρας.

2151 2212 2318 2262 Τοῦτο
2366 2209 2466 2283 γὰρ
2527 2209 2773 2281 μείζονός
2821 2209 2930 2265 ἐστι
2982 2208 3288 2283 δυνάμεως,
3339 2212 3426 2283 τὸ,
3476 2210 3813 2285 κινουμένου

2154 2295 2384 2371 ούρανοῦ
2412 2298 2499 2352 καὶ
2549 2302 2658 2353 τῶν
2711 2296 2921 2353 λοιπῶν
2967 2300 3229 2373 ἀστέρων,
3280 2307 3471 2370 στῆναι
3517 2298 3680 2369 ἥλιον
3714 2300 3812 2354 καὶ

2153 2386 2387 2457 σελήνην
2434 2387 2744 2459 ἀκινήτους,
2776 2389 2865 2443 καὶ
2919 2390 2994 2461 μὴ
3042 2391 3140 2457 τήν
3184 2390 3350 2459 αὐτὴν
3400 2389 3566 2467 φοράν
3619 2410 3815 2465 συγκι-

2156 2478 2378 2547 νηθῆναι
2411 2482 2488 2549 τῷ
2517 2479 2698 2549 παντὶ,
2737 2480 2852 2551 μεθ’
2885 2479 2947 2532 οὗ
2975 2479 3057 2533 ἀεὶ
3088 2480 3533 2553 συμπεριήγοντο
3564 2481 3630 2534 ⁸⁸.

2224 2654 2689 2732 Ὑπερφυεστάτην
2750 2656 2862 2727 ἅμα
2901 2660 2981 2727 τῷ
3038 2655 3196 2710 παντί
3231 2700 3244 2712 .
3305 2656 3459 2731 Λέγει
3523 2657 3618 2729 μὶν
3653 2698 3667 2724 ,
3730 2660 3815 2720 ὡς

2155 2746 2295 2817 ὁμοῦ
2319 2749 2397 2816 τῷ
2427 2742 2585 2816 πόλῳ
2615 2746 2857 2817 ἀκινήτῳ
2904 2744 3139 2818 μείναντι
3188 2748 3370 2819 (τοῦτο
3418 2746 3520 2821 γὰρ
3554 2744 3814 2818 ὠνόμασε

2151 2834 2214 2888 τὸ
2263 2836 2391 2906 πᾶν)
2417 2836 2450 2903 ἡ
2482 2838 2579 2888 τοῦ
2624 2832 2796 2903 ἡλίου
2827 2835 2915 2889 καὶ
2944 2841 3045 2904 τῆς
3087 2832 3323 2905 σελήνης
3354 2834 3561 2911 ἐγένετο
3592 2835 3807 2898 στάσις.

2154 2920 2380 2979 Μᾶλλον
2457 2920 2513 2977 δὲ
2547 2969 2560 2995 ,
2616 2923 2747 3001 φησὶ
2784 2967 2797 2992 ,
2856 2922 3057 2996 πολλῷ
3106 2925 3587 2999 θαυμασιώτερον,
3648 2922 3806 3000 εἷ’περ

2154 3013 2182 3067 6
2217 3014 2312 3085 μὲν
2342 3009 2516 3074 πόλος
2558 3015 2870 3090 περιήγετο,
2902 3016 3113 3086 (τοῦτον
3162 3014 3263 3087 γὰρ
3296 3011 3593 3085 ἐδήλωσεν,
3629 3013 3798 3068 εἰπὼν

2151 3106 2256 3155 τῶν
2305 3099 2472 3171 ὅλων,
2523 3104 2613 3157 καὶ
2653 3102 2998 3179 κρειττόνων,
3046 3100 3133 3155 καὶ
3182 3102 3598 3177 περιεχόντων),
3631 3100 3801 3171 ἥλιος

2163 3188 2219 3245 δὶ
2249 3192 2336 3245 καὶ
2369 3190 2571 3262 σελήνη
2620 3193 2707 3266 (τά
2744 3192 2849 3268 γὰρ
2898 3192 3269 3265 περιεχόμενα
3313 3194 3503 3265 ταυτα)
3554 3190 3614 3246 οὐ
3666 3213 3811 3265 συμ-

2163 3283 2451 3355 περιήγετο
2481 3286 2561 3353 τῴ
2590 3282 2925 3358 περιέχοντι.

2241 3463 2386 3518 Κατά
2473 3461 2753 3535 συνέχειαν
2856 3459 3051 3536 σχεδὸν
3148 3460 3611 3536 τριπλασιάζηται
3648 3501 3663 3517 .
3748 3461 3824 3515 Τὸ

2173 3550 2366 3628 σχεδὸν
2424 3552 2756 3625 προσέθηκεν
2794 3594 2808 3619 ,
2852 3549 3039 3619 ἐπειδὴ
3093 3548 3303 3623 τριπλῆ
3360 3551 3497 3605 κατά
3551 3550 3614 3604 τὸ
3668 3548 3829 3618 πλῆ-

2175 3664 2262 3718 ρες
2311 3642 2412 3696 οὐκ
2450 3640 2659 3715 ἐγένετο
2710 3642 2744 3709 ἡ
2796 3640 2979 3713 ἡμέρα
3030 3639 3207 3709 ἐκείνη
3240 3634 3348 3712 (ΛΘ
3396 3640 3501 3714 γάρ
3542 3639 3699 3714 ὡρῶν
3732 3638 3827 3711 γέ-

2172 3733 2337 3805 γονε.)
2390 3730 2451 3784 τὸ
2499 3729 2605 3783 ἀπὸ
2655 3728 2925 3798 ἀνατολῆς
2978 3730 3145 3803 μέχρι
3187 3732 3284 3783 τοῦ
3328 3728 3499 3783 τόπου
3551 3727 3602 3782 έν
3654 3728 3699 3799 ᾦ
3730 3728 3824 3797 ἦν,

2176 3822 2265 3875 ὅτε
2315 3820 2377 3873 τὸ
2428 3824 2657 3892 σημεῖον
2710 3816 2897 3889 ἐδόθη,
2928 3818 3018 3873 καὶ
3069 3815 3196 3873 δέκα
3243 3817 3439 3872 ἰκεῖθεν
3488 3816 3578 3871 ἐπὶ
3628 3816 3828 3871 ἀνατο-

2176 3908 2297 3980 λάς,
2347 3908 2437 3962 καὶ
2486 3905 2696 3962 δώδεκα
2750 3905 2915 3982 μέχρι
2964 3914 3064 3977 τῆς
3110 3906 3423 3968 τελευταίας
3476 3903 3700 3967 δύσεως.
3736 3909 3827 3976 Τῷ

2176 3998 2323 4064 αύτῷ
2356 3995 2413 4051 δὲ
2461 3998 2710 4071 σχήματι
2754 4000 2851 4049 τοῦ
2902 3994 3074 4070 λόγου
3120 3994 3211 4050 καὶ
3261 3994 3484 4050 ἐνταῦθα
3523 3994 3827 4069 ἐχρήσατο,

2177 4088 2261 4141 ὅτι
2301 4088 2334 4156 ἢ
2382 4087 2409 4140 6
2454 4083 2628 4145 πόλος
2686 4084 2842 4144 αὐτὸς
2898 4085 2993 4138 σὺν
3048 4089 3127 4155 τῷ
3178 4083 3328 4156 ἡλίῳ
3377 4083 3427 4138 ἐν
3475 4104 3557 4155 τῳ
3599 4087 3709 4138 τῶν
3747 4081 3829 4137 κδ’

2178 4177 2335 4249 ὡρῶν
2390 4171 2723 4244 διαστήματι
2770 4172 2871 4239 τήν
2931 4173 3177 4248 ὑπερφυῆ
3238 4171 3446 4241 ἐκείνην
3514 4171 3829 4245 ἀντιπερια-

2177 4264 2360 4339 γωγήν
2396 4262 2721 4331 ἐποιήσατο,
2755 4260 2790 4329 ἢ
2826 4261 2989 4334 μόνος
3021 4262 3048 4315 6
3079 4260 3262 4330 ἥλιος.

2249 4520 2313 4568 Ἠ
2368 4513 2430 4568 τὸ
2457 4517 2559 4567 πᾶν
2594 4510 2857 4566 τοσούτου
2892 4512 3119 4585 χρόνου.
3150 4510 3221 4564 Τὸ
3254 4508 3415 4587 ῥητὸν
3452 4507 3594 4563 οὕτω
3645 4508 3833 4573 σύνθες

404 4610 515 4666 hoc
547 4612 630 4667 ita
660 4616 938 4667 construe
973 4629 985 4667 :
1016 4612 1161 4667 Cum
1211 4612 1287 4667 sit
1317 4630 1418 4684 per
1448 4613 1877 4683 trajectionem,
1911 4629 2047 4683 quo<

2178 4605 2296 4668 καθ’
2352 4597 2643 4678 ὑπέρϐασιν
2704 4596 2805 4654 ἕν’
2868 4602 2935 4655 Ἢ
2986 4601 3048 4655 τὸ
3107 4605 3210 4654 πᾶν
3291 4598 3677 4676 έπαναστρὲφει
3736 4598 3833 4661 τὰς

403 4715 615 4771 nempe
674 4700 1016 4756 universum
1091 4718 1193 4773 per
1270 4702 1597 4757 contrarias
1656 4701 1763 4757 has
1820 4701 2069 4757 lationes

405 4789 616 4859 equali
651 4789 891 4845 omnino
922 4791 1207 4863 temporis
1248 4790 1439 4861 spatio
1470 4790 1757 4847 mirandis
1788 4790 1913 4845 istis
1943 4808 2067 4845 ver-

406 4877 692 4950 tiginibus
754 4881 1175 4936 retrocesserit.
1238 4880 1365 4935 Haec
1422 4880 1598 4935 etiam
1658 4880 1806 4935 libro
1861 4885 2069 4951 quarto

409 4969 613 5035 Regum
646 4967 1043 5037 declarantur,
1077 4973 1136 5024 et
1168 4967 1491 5040 praesertim
1525 4968 1583 5022 in
1617 4968 1873 5024 editione
1904 4970 2069 5040 Sym-

407 5056 622 5122 machi,
655 5061 715 5113 et
745 5058 892 5114 libro
927 5059 1187 5113 secundo
1221 5058 1709 5128 Paralipomenon.

473 5146 563 5201 Sol
597 5148 656 5200 in
686 5150 913 5219 praprio
956 5164 1143 5203 cursu.
1197 5146 1649 5202 Anniversarius
1701 5145 1842 5201 solis
1874 5149 2069 5201 motus

404 5236 666 5305 quinque
698 5236 837 5292 facit
890 5237 1328 5306 conversiones,
1380 5235 1621 5301 scilicet,
1666 5235 2066 5289 ascensionem

404 5323 727 5391 borealem,
780 5342 957 5395 quam
1009 5325 1245 5381 conﬁcit
1295 5343 1328 5381 a
1380 5341 1555 5381 verno
1604 5323 1947 5394 aequinoctio
1998 5324 2067 5377 ad

403 5412 672 5468 aestivum
726 5430 915 5486 usque
973 5415 1295 5471 solstitium
1353 5419 1411 5471 et
1466 5414 1815 5469 descensum
1869 5412 2071 5468 borea-

2180 4691 2420 4753 ἐναντίας
2471 4692 2665 4751 ταύτας
2716 4689 2884 4767 φοράς
2919 4731 2933 4756 ,
2982 4693 3238 4742 τοσοῦτον
3298 4685 3571 4760 διάστημα
3623 4687 3835 4763 χρόνου

2179 4779 2499 4849 ἀναποδίζον
2548 4784 2666 4841 ταῖς
2719 4779 2847 4851 ὑπὲρ
2903 4775 3071 4853 λόγον
3130 4778 3350 4839 ταύταις
3406 4774 3783 4850 περιδινήσεσι
3818 4821 3831 4834 .

2178 4874 2356 4928 Ταῦτα
2410 4868 2468 4923 δὲ
2522 4868 2615 4923 καὶ
2671 4868 2721 4923 έν
2782 4870 2851 4941 τῇ
2922 4863 2963 4920 δ’
3018 4870 3126 4920 τῶν
3184 4864 3483 4921 Βασιλειῶν
3540 4862 3833 4935 δηλοῦται,

2178 4961 2267 5016 καὶ
2323 4960 2559 5033 μάλιστα
2605 4957 2655 5011 ἐν
2705 4960 2773 5029 τῇ
2823 4954 2959 5011 κατά
3011 4953 3321 5028 Σύμμαχον
3374 4950 3603 5022 ἐκδόσει,
3646 4954 3740 5009 καὶ
3779 4953 3831 5010 έν

2177 5054 2244 5124 τῇ
2355 5052 2461 5103 τῶν
2494 5046 3013 5123 Ιιαραλειπομένων.

2248 5140 2313 5195 Ἠ
2345 5139 2372 5192 ὁ
2419 5134 2583 5206 ἥλιος
2634 5135 2685 5189 ἐν
2732 5131 2859 5207 ῗδίῳ
2909 5131 3121 5206 δρόμῳ.
3171 5133 3234 5188 Ἣ
3283 5136 3381 5187 τοῦ
3430 5130 3598 5200 ἡλίου
3648 5130 3833 5186 ένιαύ-

2180 5250 2295 5290 σιος
2350 5228 2563 5296 κίνησις
2618 5223 2775 5279 πέντε
2823 5227 3057 5278 ποιεῖται
3112 5222 3351 5294 τροπὰς,
3412 5215 3669 5276 ἀνάϐασιν
3735 5222 3828 5297 βο-

2178 5317 2345 5393 ρείαν,
2397 5315 2667 5370 τουτέστιν
2716 5312 2820 5367 ἀπὸ
2870 5311 3193 5386 ἴσημερινῆς
3245 5310 3296 5366 ἰν
3337 5316 3418 5383 τῷ
3466 5307 3582 5386 ἔαρι
3614 5309 3689 5371 εἷς
3732 5309 3825 5365 τὸν

2180 5407 2386 5483 θερινὸν
2434 5404 2715 5479 τροπικὸν,
2760 5403 2849 5458 καὶ
2900 5397 3195 5458 κατάϐασιν
3250 5400 3465 5479 βοριίαν
3512 5401 3603 5457 ἀπ’
3660 5398 3825 5456 αὐτοῦ

1420 5605 1657 5663 VARle
1700 5604 2087 5663 LECTIONES
2124 5604 2215 5663 ET
2254 5597 2806 5661 CORRECTIONES.

476 5731 523 5768 ⁸⁸
558 5730 986 5810 συμπεριήγετο.
