4062 6366
228 398 326 455 541

1195 402 1252 453 S.
1296 399 1566 453 MAXIMI
1604 398 1911 454 SCHOLIA
1946 402 2021 455 IN
2057 403 2214 457 EPP.
2253 405 2311 460 8.
2350 404 2687 460 DIONYSII.

3536 407 3646 464 542

234 521 315 578 ἐπὶ
371 521 464 575 τὸν
533 520 851 594 ἱσημερινὸν
908 523 988 591 τῷ
1048 521 1375 595 μετοπώρῳ,
1433 520 1519 574 καὶ
1585 514 1867 575 κατάϐασιν

1990 521 2126 593 lem,
2162 526 2234 582 ab
2265 528 2467 583 eodem
2499 545 2688 599 usque
2720 529 2789 584 ad
2823 530 3239 601 aequinoctium
3270 532 3635 604 autumnale,

224 610 397 666 νοτίαν
477 609 585 664 ἀπὸ
655 613 754 663 τοῦ
831 609 1154 683 ῖσημερινοῦ
1234 607 1323 662 ἐπὶ
1397 609 1486 662 τὸν
1565 610 1877 684 χειμερινὸν

221 700 502 774 τροπικὸν,
552 699 641 753 καὶ
693 698 783 752 ἀπ’
835 697 1000 753 αὐτοῦ
1052 695 1219 752 πάλιν
1274 691 1530 751 ἀνάϐασιν
1575 698 1757 753 νοτίαν
1792 697 1879 752 ἐπὶ

220 790 308 845 τὸν
385 787 752 862 ἰσημερινὸν,
806 788 893 841 καὶ
978 786 1233 859 πέμπτην
1303 788 1406 854 τὴν
1484 786 1724 841 ἐναντίαν
1799 788 1879 860 τῷ

222 877 400 933 παντί.
443 876 631 934 Εἰπὼν
694 874 784 931 οῦν
849 875 1013 930 αὐτοῦ
1068 877 1167 943 τὴν
1223 877 1597 949 πεντάτροπον
1642 876 1876 949 κίνησιν,

228 966 311 1022 διὰ
349 974 451 1036 τῆς
501 968 823 1041 προσθήκης
877 969 971 1020 τοῦ
1025 963 1247 1039 ἄρθρου,
1302 968 1516 1019 καὶτοῦ
1564 968 1877 1041 προσθεῖναι

222 1054 409 1125 αὐτοῦ,
454 1056 556 1123 τὴν
610 1056 894 1130 γνώριμον
940 1054 1030 1108 καὶ
1084 1056 1288 1124 συνήθη
1343 1054 1597 1131 ὑπέφηνε.
1630 1054 1704 1109 Τὸ
1736 1051 1793 1108 δὶ
1825 1055 1875 1109 ἐν

217 1144 433 1205 τούτοις
492 1143 791 1218 Αεγόμενον
861 1144 963 1197 ὑπὸ
1020 1146 1118 1196 τοῦ
1175 1142 1389 1216 ΙΙατρὸς
1448 1144 1735 1215 νοήσωμεν
1792 1143 1878 1197 οὕ-

218 1255 345 1296 τως·
400 1233 765 1305 ’Υποθώμεθα
815 1232 906 1286 τὸν
960 1230 1121 1299 ἥλιον
1174 1231 1307 1285 εἶναι
1358 1231 1493 1285 κατὰ
1540 1233 1638 1301 τὴν
1672 1231 1878 1305 ἡμέραν

218 1324 426 1393 ἐκείνην
480 1326 548 1395 τῇ
601 1320 717 1396 ὥρᾳ
759 1328 860 1390 τῆς
913 1319 1181 1389 ἀνατολῆς
1230 1321 1281 1373 ἐν
1332 1321 1523 1395 πρώτῃ
1579 1320 1745 1396 μοίρᾳ
1781 1326 1878 1375 τοῦ

219 1416 387 1485 Κριοῦ
446 1409 675 1485 πλήρει,
736 1411 812 1483 μὴ
874 1409 1077 1484 ἐχούσῃ
1137 1409 1307 1463 λεπτά
1342 1428 1353 1440 ·
1420 1409 1498 1471 εἷς
1554 1410 1651 1478 τὴν
1709 1409 1875 1479 αὐτὴν

218 1504 306 1557 οὖν
340 1506 543 1574 μοῖραν
594 1499 753 1554 αὐτὸν
808 1496 1121 1554 ἐπανελθεῖν
1168 1499 1266 1552 οὐκ
1319 1502 1406 1567 ἦν,
1463 1501 1538 1572 μή
1587 1498 1879 1554 τελέσαντα

215 1593 311 1659 τήν
342 1595 712 1665 προταγεῐσαν
757 1589 859 1657 τὴν
911 1589 1283 1663 πεντάτροπον
1332 1587 1563 1657 κίνησιν,
1595 1590 1629 1658 ἢ
1683 1588 1756 1650 ὡς
1808 1586 1876 1641 δι’

215 1682 442 1753 ἡμερῶν
490 1678 610 1749 τξε’,
682 1676 773 1731 καὶ
850 1675 1306 1751 τεταρτημορίου.
1372 1677 1459 1732 Ἐν
1513 1681 1630 1738 ταῖς
1695 1679 1723 1729 ι’
1784 1675 1873 1731 οὖν

217 1768 385 1844 ὥραις
444 1773 568 1829 ταῖς
631 1767 735 1821 ἀπὸ
800 1760 865 1820 ιϐ’
918 1768 962 1801 ⁸⁸
1015 1765 1067 1820 ἐν
1117 1765 1153 1840 ᾖ
1196 1764 1284 1833 ἦν,
1338 1764 1502 1840 μέχρι
1552 1770 1648 1819 τοῦ
1703 1766 1875 1819 τόπου

214 1855 338 1928 ἐνῷ
397 1858 501 1925 τὴν
561 1854 834 1925 ἀνατολὴν
895 1855 1060 1910 αὐτοῦ
1124 1854 1444 1924 ἐποιήσατο,
1494 1853 1736 1909 τουτέστι
1775 1862 1874 1925 τῆς

211 1947 443 2021 πρώτης
506 1946 700 2020 μοίρας
754 1949 849 1998 τοῦ
908 1948 1075 2016 Κριοῦ
1113 1990 1126 2013 ,
1184 1940 1513 2004 ἀναποδίσας
1576 1942 1628 1997 ἐν
1688 1943 1823 2016 αὐτῇ
1860 1988 1873 2013 ,

209 2033 274 2088 τὰ
330 2040 438 2103 τῆς
497 2032 873 2108 πεντατρόπου
936 2034 1202 2102 κινήσεως
1236 2075 1249 2100 ,
1310 2031 1480 2107 ἤγουν
1534 2038 1633 2099 τῆς
1700 2030 1874 2086 ἐνιαυ-

214 2123 393 2177 σιαίου
452 2120 737 2195 περιόδου,
790 2121 1104 2197 ἐπλήρωσε·
1170 2121 1258 2175 καὶ
1316 2120 1369 2175 ἐν
1427 2125 1545 2183 ταῖς
1593 2119 1787 2183 ἄλλαις
1846 2122 1877 2175 ι’

213 2217 333 2274 ταῖς
403 2214 539 2285 μετὰ
596 2213 689 2266 τὸν
745 2208 1119 2283 άναποδισμὸν
1170 2211 1306 2263 κατὰ
1360 2211 1450 2264 τὸν
1498 2205 1665 2264 τόπον
1720 2208 1873 2284 γενό-

219 2322 381 2375 μενος
425 2300 478 2356 ἐν
529 2302 575 2373 ᾧ
605 2302 671 2369 ἦν
725 2299 813 2355 ὅτε
860 2301 921 2354 τὸ
965 2304 1193 2372 σημεῖον
1228 2296 1413 2369 ἐδόθη,
1449 2298 1523 2359 ὡς
1575 2297 1625 2353 ἐν
1677 2298 1871 2362 ὑποθὲ-

213 2411 291 2445 σει
327 2390 501 2445 εἰπεῖν
535 2388 587 2444 ἐν
639 2393 707 2463 τῇ
762 2393 858 2463 μιᾷ
906 2389 995 2443 καὶ
1050 2387 1278 2461 ἡμισείᾳ
1328 2407 1494 2462 μοιρᾳ
1540 2391 1636 2441 τοῦ
1686 2392 1871 2463 Κριοῦ,

213 2479 431 2553 ὁμοίως
482 2479 549 2533 τὰ
594 2485 694 2548 τῆς
754 2480 925 2548 αὐτῆς
984 2478 1355 2551 πεντατρόπου
1404 2479 1669 2547 κινήσεως
1700 2475 1871 2547 ἐπλή-

214 2589 361 2643 ρωσε
426 2568 563 2623 κατὰ
643 2567 921 2635 ἀνάλυσιν,
982 2565 1114 2641 ὅπερ
1173 2563 1513 2627 ἀναλυτικῶς
1573 2563 1819 2620 ἐκάλεσεν
1855 2583 1868 2597 °

210 2659 317 2713 οὐκ
372 2662 439 2727 ἦν
496 2659 601 2733 γὰρ
661 2658 825 2712 αὐτὸν
880 2654 1045 2711 πάλιν
1104 2656 1154 2710 ἐν
1216 2660 1285 2730 τῇ
1349 2660 1446 2728 μιᾷ
1499 2655 1588 2709 καί
1647 2654 1873 2728 ἡμισείᾳ

213 2747 389 2821 μοίρᾳ
417 2746 587 2821 ταύτῃ
616 2751 711 2801 τοῦ
765 2750 929 2821 Κριοῦ
961 2746 1227 2821 γενέσθαι,
1263 2746 1398 2815 ἅπαξ
1450 2745 1751 2799 ἀποστάντα
1781 2745 1872 2799 ἀπ’

205 2836 406 2906 αὐτῆς,
445 2837 520 2911 μὴ
554 2834 645 2890 διὰ
682 2840 789 2891 τῶν
813 2841 910 2890 τοῦ
942 2835 1186 2890 ἐνιαυτοῦ
1217 2837 1463 2911 ἡμερῶν,
1498 2836 1572 2896 ὡς
1600 2832 1830 2909 εἷ’ρηται.

290 2928 617 3004 Ἐμφὲρεται
669 2928 906 3003 φήμαις.
948 2925 1094 2980 Ἀντῖ
1142 2929 1239 2980 τοῦ
1296 2924 1580 3001 ἱστορίαις.

290 3016 507 3087 Μίθρου
552 3014 773 3069 τελοῦσι
809 3058 820 3070 .
884 3014 1089 3084 Μίθραν
1150 3015 1240 3069 τὸν
1301 3012 1462 3082 ἥλιον
1517 3012 1715 3087 Πέρσαι
1770 3034 1865 3067 κα-

202 3102 395 3161 λοῦσι.
456 3104 531 3161 Τὸ
579 3104 899 3179 παρὲκταμα
949 3101 1039 3156 οὖν
1097 3110 1196 3172 τῆς
1248 3105 1457 3177 ἡμέρας
1512 3102 1720 3172 ἐκείνης
1780 3099 1868 3155 διὰ

1989 619 2048 670 et
2078 616 2426 672 descensum
2459 617 2778 673 australem
2813 618 2884 672 ab
2928 618 3037 673 hoc
3068 618 3414 690 mquinoctio
3445 623 3515 677 ad
3552 622 3639 677 bi-

1990 702 2231 759 bernum
2263 722 2449 775 usque
2481 706 2824 775 solstitium,
2856 711 2913 761 et
2950 708 3022 761 ab
3054 706 3163 762 hoc
3196 726 3400 764 rursus
3432 727 3637 766 ascen-

1990 809 2120 846 sum
2154 794 2473 849 australem
2506 796 2576 849 ad
2612 794 3065 866 aequinoctium;
3100 801 3156 850 et
3186 799 3475 868 quintam,
3510 800 3640 855 uni-

1988 898 2155 937 verso
2197 883 2573 938 contrariam.
2628 885 2869 950 Quando
2900 884 3082 954 igitur
3126 885 3638 957 quinqueformem

1988 971 2116 1040 ejus
2149 977 2373 1026 motum
2402 972 2738 1044 appellavit,
2775 974 3138 1045 appositione
3170 975 3399 1029 articuli
3433 978 3637 1032 subin-

1987 1059 2201 1114 dicavit
2230 1060 2397 1115 illum
2452 1067 2674 1116 motum
2727 1067 2781 1116 et
2831 1067 3178 1117 consuetum
3213 1063 3354 1119 solis
3388 1069 3639 1122 motum.

1987 1148 2081 1203 Sic
2114 1149 2309 1220 itaque
2342 1151 2742 1221 expendamus
2767 1151 2907 1222 quid
2937 1169 2967 1205 a
2994 1152 3163 1206 Patre
3196 1169 3299 1223 per
3321 1153 3442 1208 haec
3464 1156 3640 1210 verba

1987 1238 2209 1293 dictum
2243 1239 2338 1294 sit.
2388 1240 2806 1311 Supponamus
2859 1239 3041 1296 solem
3076 1240 3177 1296 illa
3226 1241 3339 1309 die,
3374 1242 3517 1299 hora
3548 1244 3641 1300 sui

1988 1335 2173 1395 ortus,
2205 1330 2387 1383 fuisse
2435 1330 2489 1382 in
2526 1330 2715 1399 prima
2750 1336 2912 1401 parte
2960 1330 3195 1397 Arietis,
3230 1348 3359 1402 quae
3394 1350 3510 1388 non
3539 1333 3644 1388 ha-

1986 1417 2118 1471 beat
2152 1418 2419 1482 minuta;
2455 1434 2568 1472 non
2606 1424 2831 1489 poterat
2862 1419 3059 1489 itaque
3092 1420 3162 1474 ad
3194 1420 3346 1475 hanc
3383 1423 3639 1492 primum

1986 1512 2212 1578 partem
2248 1507 2459 1562 Arietis
2484 1508 2693 1575 redire,
2713 1507 2825 1561 nisi
2860 1508 3143 1574 confecta,
3164 1526 3336 1578 quam
3373 1512 3639 1580 praescri-

1988 1596 2239 1666 psimus,
2270 1596 2705 1666 quinqueformi
2756 1596 3031 1665 motione,
3068 1614 3169 1667 per
3218 1597 3341 1651 dies
3374 1598 3643 1657 videlicet

1985 1688 2276 1741 trecentos
2318 1685 2620 1757 sexaginta
2671 1686 2932 1757 quinque
2981 1690 3036 1741 et
3085 1692 3355 1756 quartam
3388 1693 3638 1758 partem-

1987 1775 2050 1828 In
2083 1774 2282 1828 decem
2316 1773 2495 1843 igitur
2542 1774 2719 1840 boris,
2755 1792 2787 1828 a
2834 1774 3203 1841 duodecima,
3255 1774 3313 1828 in
3348 1792 3465 1847 qua
3493 1780 3637 1845 erat,

1986 1879 2173 1934 usque
2203 1863 2274 1917 ad
2325 1862 2517 1917 locum
2544 1863 2603 1918 in
2648 1880 2760 1933 quo
2792 1868 2985 1918 ortum
3017 1880 3192 1918 suum
3222 1864 3374 1934 fecit,
3398 1863 3457 1919 id
3490 1870 3579 1921 est
3608 1884 3642 1922 a

1985 1950 2175 2021 prima
2207 1955 2368 2019 parte
2398 1950 2632 2017 Arietis,
2656 1951 2727 2005 ad
2762 1950 2951 2021 ipsam
2985 1948 3438 2021 retrogradiens,
3464 1952 3639 2023 quin-

1983 2040 2347 2111 queformem
2398 2045 2647 2104 motum,
2681 2039 2801 2093 sive
2852 2055 3115 2094 annuum
3149 2038 3505 2095 curriculum
3536 2058 3549 2107 ;
3582 2044 3641 2097 et

1982 2128 2042 2183 in
2076 2128 2206 2184 aliis
2233 2129 2430 2184 decem
2467 2133 2599 2199 post
2648 2128 3232 2199 retrogradationem,
3264 2129 3418 2185 312
3450 2130 3508 2184 in
3540 2146 3640 2186 eo-

1984 2219 2112 2272 dem
2147 2218 2315 2290 signo
2348 2218 2480 2283 fuit,
2514 2218 2571 2272 in
2606 2234 2721 2288 quo
2754 2222 2898 2283 erat,
2936 2218 3172 2287 quando
3203 2217 3439 2288 signum
3472 2218 3641 2275 exhi-

1983 2307 2214 2377 beatur,
2249 2312 2312 2361 ut
2341 2306 2780 2378 quodammodo
2813 2306 3005 2360 dicam
3038 2321 3106 2360 ex
3137 2305 3541 2377 suppositione
3574 2306 3633 2362 in

1983 2396 2172 2466 prima
2202 2401 2258 2450 et
2289 2395 2536 2450 dimidia
2568 2399 2730 2467 parte
2775 2394 3013 2459 Arietis,
3049 2392 3321 2449 similiter
3352 2394 3410 2449 in
3444 2395 3634 2451 reditu

1982 2486 2153 2556 (quod
2192 2484 2532 2540 resolutorie
2582 2483 2746 2555 dixit)
2792 2484 3063 2539 eumdem
3120 2483 3633 2554 quinqueformem

1982 2578 2206 2630 motum
2241 2572 2508 2645 explevit,
2543 2573 2821 2645 quoniam
2856 2589 2970 2627 non
3003 2576 3231 2644 poterat
3262 2572 3477 2627 iterum
3510 2574 3631 2644 pri-

1980 2680 2137 2720 mam
2171 2668 2227 2719 et
2255 2663 2563 2718 dimidiam
2606 2662 2768 2717 illam
2825 2661 3034 2717 Arietis
3066 2665 3288 2733 partem
3322 2660 3630 2733 attingere,

1978 2758 2293 2825 postquam
2328 2752 2509 2808 semel
2541 2752 2612 2807 ab
2644 2768 2711 2807 ea
2745 2754 3087 2822 recesserat,
3122 2749 3233 2805 nisi
3264 2766 3368 2821 per
3395 2750 3625 2806 dierum

1978 2842 2115 2898 anni
2150 2842 2432 2914 spatium,
2473 2841 2555 2895 uti
2587 2840 2807 2895 dictum
2840 2845 2947 2894 est.

2046 2937 2333 2988 Feruntur
2360 2932 2530 3000 fama.
2567 2931 2630 2984 Id
2663 2933 2751 2984 est
2781 2927 3065 2984 historiis.

2046 3021 2229 3076 Mithri
2260 3021 2554 3075 celebrant.
2602 3018 2877 3074 Mithram
2926 3020 3139 3072 vocant
3185 3020 3371 3071 Perses
3420 3015 3626 3073 solem.

1975 3111 2094 3165 Diei
2114 3115 2309 3165 autem
2329 3109 2489 3163 illius
2507 3107 2904 3163 extensionem
2923 3124 3023 3178 per
3044 3106 3367 3177 ritus,quos
3390 3110 3630 3178 propter

198 3198 309 3248 τοῦ
353 3192 684 3268 τριπλασίου
734 3192 992 3265 ἐσήμανε.
1044 3191 1361 3263 Σημείωσαι
1413 3189 1469 3245 δὲ
1520 3192 1655 3266 πρὸς
1687 3190 1865 3263 τούτῳ

1983 3199 2318 3255 memoriam
2369 3196 2649 3267 triplicati
2698 3196 2839 3251 solis
2887 3196 3218 3263 observant,
3250 3193 3624 3265 signiﬁcavit.

197 3282 299 3337 mi
358 3282 484 3357 περὶ
540 3286 638 3337 τοῦ
694 3282 799 3336 ἀπὸ
858 3280 1001 3356 ὥρας
1056 3278 1216 3349 ἕκτης
1274 3278 1377 3342 ἕως
1437 3280 1581 3355 ὥρας
1631 3281 1673 3333 0'
1711 3300 1861 3354 γενο-

1983 3288 2125 3343 Nota
2156 3288 2398 3359 insuper
2422 3286 2560 3356 quid
2597 3286 2749 3339 dicat
2772 3284 2868 3338 hic
2898 3284 3067 3338 Pater
3097 3284 3167 3336 de
3196 3283 3455 3338 tenebris
3485 3282 3626 3349 illis,

204 3372 381 3443 μένου
441 3371 667 3432 σκότους
721 3369 808 3425 ἐπὶ
865 3376 1034 3424 πᾶσαν
1092 3372 1190 3438 τήν
1250 3377 1353 3444 γῆν
1403 3375 1483 3441 τῷ
1538 3374 1711 3444 καιρῷ
1766 3375 1866 3438 τῆς

200 3464 303 3516 τεοῦ
342 3460 541 3535 Κυρίου
573 3459 943 3534 σταυρώσεως,
971 3460 1022 3513 τί
1057 3458 1207 3531 λέγει
1239 3461 1265 3513 ὁ
1296 3460 1505 3532 Πατήρ.

281 3550 433 3603 Κατὰ
529 3550 632 3617 τήν
732 3546 1126 3604 Ἡλιούπολιν.
1229 3550 1344 3616 Τὴν
1449 3547 1499 3601 ἐν
1602 3546 1864 3622 Αἰγύπτῳ

207 3636 574 3694 Ἡλιούπολιν
629 3635 764 3699 “ίσως
823 3636 1007 3711 φησίψ
1066 3634 1141 3692 ἔτι
1198 3638 1300 3711 γάρ
1356 3636 1712 3712 ἀνεγίνωσκον
1755 3635 1866 3690 ἐκεῖ

210 3729 344 3801 ἅμα.

280 3811 631 3890 Παραδόξως.
694 3814 835 3868 Φασὶ
892 3813 1020 3888 γὰρ,
1086 3814 1160 3886 μή
1225 3813 1418 3888 ἑτέρως
1470 3812 1709 3887 γίνεσθαι
1759 3813 1897 3882 τὴνσ

210 3899 476 3977 ἔκλειψιν,
510 3903 555 3957 εί
592 3905 667 3977 μή
703 3904 1033 3976 συνεμπέσοι
1056 3905 1089 3972 ἡ
1122 3902 1321 3972 σελήνη
1354 3907 1433 3973 τῷ
1464 3900 1634 3973 ἡλίῳ.

277 3993 448 4058 Αὖθίς
503 4014 562 4048 τε
619 3992 809 4062 αὐτήν.
882 3993 1198 4065 Σημείωσαι
1255 3993 1489 4047 ἐντεῦθεν
1545 3992 1644 4061 τὴν
1707 3990 1859 4047 λύσιν

209 4087 299 4137 τοῦ
331 4082 479 4157 παρὰ
509 4086 587 4153 τῷ
619 4079 981 4155 εὐαγγελιστῇ
1025 4086 1205 4152 Λουκᾷ
1252 4082 1632 4156 ἀπορήματος.
1667 4078 1861 4143 Οὐδεὶς

214 4168 265 4225 δὲ
319 4172 382 4226 τὸ
445 4171 589 4240 ξένον
643 4174 739 4223 τοῦ
789 4169 995 4243 τρόπου
1052 4170 1139 4224 καὶ
1196 4174 1293 4224 τοῦ
1339 4170 1612 4244 θαύματος
1664 4167 1860 4245 διηγή-

214 4281 357 4328 σατο,
414 4259 459 4313 εἷ
520 4260 595 4331 μή
659 4258 823 4331 μόνος
882 4259 1037 4319 οὗτος
1082 4304 1094 4315 .
1155 4261 1266 4315 Τοῦ
1317 4260 1416 4332 γὰρ
1477 4259 1621 4322 θείου
1678 4265 1862 4313 Λουκᾶ

215 4348 480 4419 εἰπόντος,
540 4347 645 4401 ἀπὸ
706 4348 748 4411 ς’
810 4346 953 4422 ὥρας
1014 4348 1205 4407 σκότος
1262 4348 1312 4401 ἐν
1360 4351 1439 4418 τῷ
1497 4351 1709 4423 σταυρῷ
1763 4351 1859 4402 τοῦ

216 4438 410 4513 Κυρίου
490 4437 782 4511 γενέσθαι,
838 4437 936 4490 τοῦ
1020 4434 1185 4504 ἡλίου
1268 4433 1639 4502 ἐκλείποντος,
1716 4438 1860 4511 παρὰ

215 4530 366 4580 πᾶσιν
427 4520 854 4600 ἀμφεϐάλλετο,
904 4528 1021 4586 πῶς
1069 4522 1312 4598 ἓκλειψιν
1360 4524 1581 4579 ἐκάλεσε
1635 4524 1858 4593 ταύτην,

215 4622 305 4684 τῆς
366 4614 604 4685 σελήνης
662 4611 1297 4686 τεσσαρεσκαιδεκαταίοις
1359 4613 1566 4685 οὔσης,
1623 4613 1684 4669 οὐ
1750 4615 1934 4710 μὴνῡ

219 4703 437 4760 συνόδου
465 4703 631 4775 οὕσης
677 4702 841 4773 ἡλίου
889 4702 977 4757 καὶ
1034 4703 1299 4773 σελήνης.
1341 4704 1407 4759 Οἱ
1455 4703 1555 4779 γὰρ
1600 4702 1855 4778 ἐξηγηταὶ

220 4791 409 4868 σχεδὸν
469 4794 665 4854 πάντες
724 4792 1163 4867 μεταγενέστεροι
1222 4791 1426 4864 πολλῷ
1478 4797 1585 4847 τῶν
1640 4793 1853 4868 χρόνων

217 4882 413 4937 τούτων
443 4878 617 4951 ὄντες,
667 4875 939 4936 ὑπέλαϐον
991 4881 1082 4935 τὸν
1138 4878 1301 4949 ἥλιον
1351 4881 1509 4937 αὐτὸν
1556 4881 1853 4937 ἀποοαλεῖν

217 4970 299 5032 τὰς
360 4970 582 5031 ἀκτῖνας
639 4971 735 5030 τὰς
792 4975 939 5044 τρεῖς
989 4968 1132 5045 ὥρας
1178 4966 1281 5032 ἕως
1313 4977 1415 5038 τῆς
1465 4969 1707 5039 ἐννάτης.
1743 4972 1855 5026 Ἐν-

216 5063 373 5124 ταῦθα
420 5060 605 5133 μέντοι
654 5059 743 5113 καὶ
776 5059 802 5113 ὁ
836 5059 981 5129 ξένος
1028 5060 1233 5133 τρόπος
1278 5057 1490 5133 εἷ’ρηται
1532 5066 1634 5125 τῆς
1680 5058 1855 5114 ἐκλεί-

219 5148 373 5219 ψεως.
410 5148 585 5218 Φησίν
637 5146 727 5202 οῦν
780 5147 865 5201 ὅτι
895 5148 985 5202 ἀπ’
1018 5148 1299 5203 ἀνατολῶν
1346 5146 1855 5223 τεσσαρεσκαιδεκα-

218 5239 328 5292 ταία
396 5236 531 5292 οὖσα
604 5236 690 5307 (οὐ
748 5236 847 5313 γὰρ
926 5238 991 5305 ἦν
1055 5234 1282 5291 συνόδου
1341 5236 1578 5312 καιρός·)
1632 5236 1853 5305 ἔφθασεν

222 5324 350 5401 ὥραν
385 5330 427 5392 ς’
455 5328 548 5384 τὸν
606 5325 794 5397 ⁴ἥλιον,
852 5327 943 5382 καὶ
1001 5326 1311 5400 ἐμπεσοῦσα
1368 5328 1445 5391 εἰς
1503 5328 1663 5384 αὐτὸν
1727 5328 1853 5383 ὺπέ-

223 5408 435 5491 δραμεν,
496 5414 654 5472 αὐτὸν
720 5410 1086 5471 εἶσϐάλλουσα
1143 5416 1218 5480 εἷς
1276 5417 1339 5472 τὸ
1397 5417 1533 5493 πρὸς
1590 5415 1855 5479 ἀνατολὰς

1976 3394 2102 3448 quae
2136 3384 2397 3447 tempore
2420 3373 2814 3429 cruciﬁxionis
2846 3372 3079 3427 Domini
3102 3372 3265 3425 facta
3288 3376 3429 3426 sunt
3449 3388 3628 3442 super

1975 3464 2309 3519 universam
2335 3468 2573 3530 terram,
2599 3462 2670 3517 ab
2704 3462 2847 3516 hora
2871 3464 3035 3515 sexta
3066 3476 3252 3530 usque
3283 3460 3354 3514 ad
3383 3475 3624 3515 nonam.

2041 3556 2221 3609 Juxta
2248 3552 2609 3623 Heliopolim.
2660 3549 3066 3605 Verisimiliter
3112 3546 3493 3619 intelligenda
3522 3547 3627 3602 He-

1972 3641 2228 3713 liopolis,
2263 3658 2391 3712 qua;
2424 3645 2512 3696 est
2544 3640 2601 3694 in
2624 3640 2888 3711 j‘Egyplo,
2916 3638 2997 3693 ibi
3029 3637 3185 3693 enim
3218 3637 3412 3692 adhuc
3442 3635 3623 3693 simul

1972 3732 2280 3803 degebant.

2044 3820 2377 3890 Prodigiose.
2409 3818 2587 3873 Aiunt
2616 3819 2792 3888 enim,
2833 3833 2945 3873 non
2982 3816 3149 3872 aliter
3178 3813 3447 3887 eclipsim
3478 3814 3626 3887 ﬁeri,

1971 3907 2086 3964 nisi
2118 3908 2260 3963 luna
2294 3924 2428 3963 cum
2460 3907 2580 3963 sole
2611 3906 2907 3962 inciderit.

2045 4002 2107 4054 Et
2136 3998 2380 4053 eamdem
2410 4012 2621 4051 rursus.
2679 3995 2937 4050 Observa
2968 3994 3106 4049 hinc
3137 3992 3487 4049 solutionem
3514 3993 3625 4048 du-

1969 4086 2052 4141 bii
2084 4087 2237 4157 apud
2281 4087 2499 4141 Lucam
2550 4084 2991 4155 evangelistam.
3026 4083 3205 4137 Nemo
3236 4083 3390 4136 enim
3423 4082 3622 4153 prodi-

1968 4176 2197 4248 giosum
2234 4175 2413 4231 istum
2466 4172 2733 4228 miraculi
2787 4173 3025 4226 modum
3061 4170 3385 4241 explicavit,
3422 4174 3627 4242 praeter

1968 4264 2127 4320 hunc
2156 4264 2361 4319 solum.
2416 4268 2557 4317 Cum
2606 4261 2761 4316 enim
2813 4261 2884 4316 D.
2926 4265 3111 4315 Lucas
3159 4259 3332 4325 dicat,
3375 4259 3447 4313 ab
3479 4259 3625 4315 hora

1968 4359 2131 4409 sexta
2162 4353 2431 4408 tenebras
2479 4352 2539 4406 in
2590 4367 2760 4406 cruce
2806 4350 3038 4406 Domini
3090 4350 3272 4405 factas
3318 4364 3469 4420 esse,
3501 4347 3623 4404 sole

1968 4442 2295 4507 deﬁciente,
2326 4442 2398 4497 ab
2447 4441 2724 4496 omnibus
2775 4440 2993 4512 passim
3044 4438 3442 4503 dubitabatur,
3478 4453 3622 4510 quo-

1970 4532 2142 4586 modo
2175 4531 2325 4585 hanc
2356 4529 2601 4601 eclipsin
2636 4530 2965 4600 appellarit,
3001 4546 3134 4583 cum
3168 4532 3321 4583 esset
3349 4526 3492 4583 luna
3524 4527 3622 4582 de-

1969 4619 2123 4673 cima
2152 4623 2383 4688 quarta,
2436 4617 2671 4688 quando
2724 4634 2834 4671 non
2869 4622 2957 4671 est
3005 4615 3344 4687 conjunctio
3395 4614 3537 4670 solis
3567 4618 3624 4670 et

1966 4706 2140 4761 lunze.
2174 4708 2675 4761 Commentatores
2728 4709 2905 4759 ferme
2938 4721 3164 4774 omnes,
3202 4708 3404 4775 utpote
3447 4704 3622 4773 longo

1969 4801 2230 4866 tempore
2285 4796 2636 4866 posteriores
2688 4795 3145 4865 suspicabantur
3188 4792 3370 4848 solem
3424 4792 3621 4864 ipsum

1967 4903 2067 4956 per
2096 4892 2214 4940 tres
2239 4885 2412 4939 boras
2436 4884 2632 4938 radios
2656 4882 2955 4937 abdidisse
2976 4899 3160 4954 usque
3182 4883 3253 4936 ad
3286 4882 3490 4937 horam
3515 4898 3621 4937 no-

1967 4990 2125 5028 nam.
2161 4973 2262 5028 Hic
2293 4977 2446 5027 certe
2472 4988 2653 5027 novus
2683 4972 2780 5027 ille
2811 4972 3133 5041 eclipsandi
3163 4971 3375 5025 modus
3405 4974 3495 5025 est
3522 4986 3623 5024 ex-

1965 5062 2238 5133 plicatus.
2290 5061 2383 5115 Ait
2436 5061 2634 5132 itaque
2685 5061 2839 5132 quod
2892 5061 2963 5115 ab
3012 5060 3258 5124 oriente,
3303 5074 3435 5113 cum
3470 5063 3625 5114 esset

1965 5151 2107 5205 luna
2138 5152 2362 5205 decima
2404 5156 2616 5220 quarta
2663 5154 2871 5219 (neque
2904 5149 3059 5203 enim
3106 5153 3341 5220 tempus
3373 5147 3623 5218 conjun-

1965 5239 2177 5294 ctionis
2210 5239 2353 5309 erat)
2385 5240 2495 5294 sub
2529 5239 2732 5293 horam
2768 5244 2987 5293 sextam
3015 5238 3195 5295 solem
3226 5240 3494 5294 assecuta
3523 5236 3621 5308 sit,

1966 5332 2023 5383 et
2052 5329 2389 5384 coincidens
2424 5329 2533 5382 sub
2566 5328 2694 5399 ipso
2727 5345 2965 5383 cursum
2998 5328 3271 5394 tenuerit,
3304 5329 3499 5400 ipsum
3525 5343 3621 5381 us-

1967 5433 2081 5489 que
2111 5420 2183 5474 ad
2217 5416 2558 5473 orientalem
2590 5417 2749 5473 orbis
2799 5418 3009 5474 solaris
3040 5423 3263 5491 partem
3296 5416 3622 5474 invadendo

1216 5615 1455 5675 νΑΒιιΕ
1489 5616 1881 5677 LECTIONES
1920 5616 2011 5674 ET
2048 5613 2609 5673 CORRECTIONES.

289 5732 329 5765 ⁵⁸
360 5726 605 5801 δεκάτης.
