4062 6366
443 449 551 506 543

1267 449 1632 504 ΔΡΡΕΝΒῙΧ
1669 448 1767 502 AD
1801 444 2049 502 OPERA
2083 448 2143 503 Β.
2181 448 2497 506 DIONYSII
2534 450 3040 507 AREOPAGITE.

3756 445 3860 501 544

450 575 610 633 Unde
639 573 813 629 etiam
848 572 1003 629 venit
1024 572 1165 627 luna
1194 575 1251 627 et
1271 571 1538 643 ingressa
1568 568 1678 625 sub
1701 570 1823 641 ipso
1854 585 2092 624 cursum

2241 574 2303 625 οῦ
2333 570 2567 639 ἡλιακοῦ
2620 568 2808 626 δίσκου
2860 571 3046 644 μέρος·
3082 566 3201 633 ὅθεν
3234 567 3324 623 καὶ
3363 565 3525 638 ἦλθεν
3560 569 3595 638 ἡ
3632 565 3863 640 σελήνη,

446 664 656 730 tenuit,
690 681 753 718 ac
787 667 1144 733 retrogressa
1176 667 1265 717 est
1306 662 1487 715 donec
1520 663 1705 733 totum
1739 660 1867 729 ejus
1899 659 2099 714 orbem

2236 658 2294 713 ,αὶ
2352 654 2533 717 ετσέϐη
2598 660 2978 734 ὑποτρέχουσα
3047 657 3205 712 αὐτὸν
3266 658 3351 711 καὶ
3412 655 3861 729 ἀναποδίζουσα,

448 752 803 809 obscuravit.
866 752 1181 823 Oportebat
1241 751 1463 821 utique,
1525 751 1573 803 si
1630 748 1847 803 usitata
1896 748 2103 803 fuisset

2238 770 2310 809 ως
2370 748 2432 802 οὗ
2486 746 2614 803 ὅλον
2665 750 2755 803 τὸν
2806 749 2973 803 αὐτοῦ
3027 745 3207 801 δίσκον
3260 745 3520 804 έσκίασεν,
3564 743 3716 802 Ἔδει
3750 746 3863 815 οὗν,

448 842 789 914 eclipsis,ex
819 842 1021 895 eadem
1058 844 1215 910 parte
1238 844 1294 894 et
1325 839 1705 893 defectionem
1738 842 1793 891 et
1826 853 2101 908 repurga-

447 933 664 987 tionem
700 931 999 995 exsistere,
1037 934 1101 984 ut
1133 930 1367 1000 quando
1401 928 1540 981 luna
1572 927 1680 982 sub
1711 927 1830 981 sole
1862 943 2101 981 cursum

452 1038 625 1078 suum
652 1018 1058 1091 peragit,verbi
1087 1018 1275 1089 gratia
1296 1033 1362 1071 ex
1385 1016 1886 1087 oriente,primam
1911 1015 2103 1070 orien-

450 1110 625 1165 talem
653 1108 860 1164 solaris
883 1108 1029 1163 disci
1055 1112 1276 1179 partem
1302 1107 1454 1161 813
1478 1106 1767 1173 obfuscat,
1792 1106 1902 1160 sub
1925 1122 2100 1176 quam

453 1200 631 1255 etiam
662 1212 896 1252 currere
944 1199 1156 1267 erepit;
1210 1196 1347 1250 inde
1380 1193 1562 1265 igitur
1610 1194 1785 1249 etiam
1818 1210 1885 1248 ex
1916 1194 2104 1249 orien-

453 1288 557 1344 tali
591 1291 752 1358 parte
782 1286 1039 1358 primum
1091 1283 1297 1356 incipit
1342 1283 1484 1339 solis
1534 1283 1733 1338 discus
1778 1283 2103 1355 repurgari,

453 1380 592 1432 dum
623 1376 764 1431 luna
780 1375 971 1429 tendit
994 1376 1064 1429 ad
1086 1374 1467 1437 occidentem,
1485 1378 1541 1427 et
1558 1373 1746 1444 prima
1763 1390 1899 1443 pars
1923 1373 2105 1443 (nem-

454 1483 525 1538 pe
575 1464 899 1532 orientalis,
946 1478 1121 1534 quam
1170 1465 1351 1518 etiam
1405 1462 1653 1533 primam
1701 1460 2107 1533 occultaverat)

454 1556 920 1626 detegitur,dum
954 1554 1065 1607 sub
1097 1552 1278 1607 solem
1315 1553 1570 1623 praeterit
1599 1557 1774 1623 atque
1806 1556 2107 1606 transcur-

456 1644 552 1700 rit.
610 1643 729 1699 Sub
785 1642 1103 1699 salutarem
1164 1645 1358 1696 autem
1412 1640 1767 1712 passionem,
1822 1656 1938 1695 non
1997 1639 2108 1695 hoc

459 1732 633 1787 modo
665 1731 974 1801 contingit,
1010 1731 1109 1786 sed
1161 1730 1473 1785 contrario.
1523 1730 1667 1784 Nam
1698 1729 1839 1784 luna
1870 1729 2110 1784 veniens

458 1822 531 1877 ab
564 1822 786 1876 oriente
834 1821 943 1875 sub
994 1819 1173 1875 solem
1209 1819 1488 1886 cucurrit,
1534 1824 1589 1873 et
1636 1822 1822 1874 totum
1856 1820 1983 1888 ejus
2016 1835 2110 1873 or-

2212 838 2255 892 εί
2286 839 2351 907 ἦν
2412 839 2549 893 κατά
2598 838 2661 893 τὸ
2704 838 2930 908 σύνηθες
2982 834 3244 910 ἔκλειψις,
3299 836 3357 890 ἐκ
3415 839 3511 890 τοῦ
3560 834 3729 890 αὐτοῦ
3782 836 3867 906 μι-

2213 947 2336 1003 ρους
2369 928 2458 982 καὶ
2488 929 2584 996 τὴν
2639 922 2880 1000 ἔκλειψιν
2927 926 3016 981 καὶ
3066 926 3167 994 τὴν
3215 924 3570 999 ἀνακάθαρσιν
3602 922 3862 1000 γενέσθαι·

2212 1018 2322 1071 οἷον
2357 1017 2443 1071 ὅτε
2478 1017 2769 1092 ὑποτρέχει
2801 1018 2835 1086 ἡ
2873 1015 3079 1085 σελήνη
3131 1015 3223 1069 τὸν
3264 1011 3448 1086 ἥλιον,
3501 1015 3631 1089 φέρε
3673 1012 3864 1081 εἰπεῖν,

2213 1105 2262 1176 ἐξ
2295 1106 2573 1161 ἀνατολῶν
2621 1111 2837 1180 πρῶτον
2872 1103 3213 1183 ἀντιφράττει
3270 1103 3431 1177 μέρος
3480 1108 3576 1157 τοῦ
3628 1100 3869 1172 ἡλιακοῦ

2212 1193 2398 1250 δίσκου
2444 1198 2506 1250 τὸ
2551 1195 2895 1267 ἀνατολικὸν,
2941 1193 3072 1269 ὅπερ
3119 1193 3208 1248 καὶ
3254 1191 3456 1266 ἤρξατο
3517 1193 3865 1267 ὑποτρέχειν·

2213 1285 2411 1348 ἐκεῖθεν
2443 1286 2532 1340 οὖν
2581 1286 2640 1340 ἐκ
2684 1290 2781 1339 τοῦ
2826 1283 3151 1339 ἀνατολικοῦ
3207 1285 3404 1358 μέρους
3451 1282 3545 1337 καὶ
3578 1282 3872 1336 ἀνακαθαί-

2216 1386 2397 1449 ρεσθαι
2426 1372 2650 1450 ἄρχεται
2681 1376 2708 1428 6
2741 1371 2929 1435 δίσκος
2974 1376 3071 1427 τοῦ
3119 1371 3304 1442 ἡλίου,
3358 1378 3459 1438 τῆς
3511 1368 3755 1441 σελήνης
3789 1368 3873 1424 ἐπὶ

2216 1462 2422 1536 δυσμὰς
2471 1462 2800 1540 τρεχοόσης,
2850 1462 2938 1517 καὶ
2989 1466 3204 1533 πρῶτον
3259 1458 3751 1530 ἀνακαλυπτούσης
3786 1461 3877 1532 μέ-

2222 1574 2313 1628 ρος
2344 1554 2395 1607 ἐν
2445 1558 2524 1624 τῷ
2573 1552 2820 1628 παριέναι
2869 1553 2959 1606 καὶ
3006 1552 3371 1627 παρατρέχειν
3402 1552 3471 1587 ⁸⁸”
3501 1550 3593 1604 τὸν
3622 1547 3820 1618 ἥλιον,
3851 1549 3879 1603 ’ὀ

2216 1643 2306 1697 καὶ
2360 1647 2578 1716 πρῶτον
2634 1640 2891 1716 ἐκάλυψε,
2952 1640 3198 1696 τουτέστι
3250 1641 3312 1695 τὸ
3361 1638 3711 1694 ἀνατολικόν.
3756 1638 3876 1693 Ἐπί

2219 1730 2276 1787 δὲ
2330 1736 2426 1786 τοῦ
2496 1734 2773 1805 σωτηρίου
2832 1730 3037 1795 πάθονς
3094 1729 3204 1804 οὐχ
3257 1728 3399 1784 οὕτω
3445 1728 3688 1803 γέγονεν,
3734 1724 3883 1782 ἀλλὰ

2637 1820 2720 1891 Ἐξ
2779 1818 3059 1876 ἀνατολῶν
3120 1818 3224 1895 γὰρ
3280 1816 3511 1873 ἐλθοῦσα
3566 1818 3601 1886 ἡ
3665 1813 3881 1885 σελήνη

2217 1820 2529 1876 τούναντίον
2563 1863 2574 1875 .

455 1911 589 1965 bem
640 1909 922 1977 obduxit;
975 1909 1185 1963 deinde
1236 1924 1353 1963 non
1413 1906 1566 1963 ultra
1624 1908 1693 1962 ad
1744 1908 2103 1963 occidentem

2236 1908 2499 1984 ὂπέδραμε
2546 1912 2636 1964 τὸν
2694 1907 2882 1981 ἥλιον,
2941 1909 3030 1965 καὶ
3090 1903 3308 1985 ἔφραξεν
3371 1906 3500 1963 ὅλον
3559 1905 3653 1960 τὸν
3704 1902 3885 1960 δίσκον

456 2000 715 2071 transiit,
749 2000 850 2054 sed
883 1999 1057 2054 rediit
1088 2014 1291 2053 rursus
1322 1998 1390 2053 ad
1425 1998 1732 2067 orientem,
1765 2000 1821 2052 et
1852 1997 2110 2069 primum

457 2088 755 2144 denudata
785 2092 874 2144 est
906 2086 1117 2143 solaris
1151 2086 1298 2143 disci
1330 2104 1465 2159 pars
1496 2086 1896 2157 occidentalis,
1930 2085 2117 2157 siqui-

460 2177 593 2233 dem
618 2176 958 2233 retrocessit
983 2193 1188 2232 versus
1219 2176 1501 2233 orientem
1526 2177 1597 2231 ad
1629 2176 1984 2231 diamatrum
2006 2176 2117 2231 soli

460 2266 820 2338 oppositum,
855 2268 935 2322 ita
958 2270 1034 2333 fut
1062 2266 1398 2336 conjunctio
1430 2271 1487 2321 et
1534 2266 1863 2337 repurgatio
1899 2282 2012 2321 non
2045 2264 2116 2320 ab

462 2356 667 2410 eadem
699 2361 861 2426 parte
912 2356 1063 2409 facta
1110 2355 1243 2409 sint.
1295 2354 1553 2426 Phlegon
1602 2354 1835 2425 gentilis
1867 2353 2116 2408 chrono-

462 2443 723 2515 graphus
755 2444 904 2499 libro
935 2442 1161 2498 decimo
1210 2448 1418 2514 quarto
1449 2441 1938 2513 Chronographizs
1972 2458 2112 2510 suae,

460 2534 522 2589 in
582 2532 925 2606 Olympiade
994 2533 1314 2588 centesima
1388 2532 1580 2599 tertia,
1641 2531 1821 2603 hujus
1879 2531 2114 2600 quidem

461 2622 749 2694 eclipseos
778 2622 954 2676 etiam
1011 2622 1302 2683 meminit,
1335 2620 1534 2675 dicens
1583 2637 1708 2675 eam
1753 2637 1909 2675 more
1941 2620 2116 2677 solito

462 2712 774 2777 accidisse,
828 2711 928 2766 sed
978 2711 1215 2766 modum
1270 2709 1397 2780 ejus
1445 2726 1560 2764 non
1617 2710 1917 2780 expressit.
1964 2711 2114 2774 Quin

467 2803 643 2857 etiam
692 2800 1001 2855 Africanus
1059 2802 1259 2854 noster
1306 2797 1455 2853 libro
1504 2797 1707 2868 quinto
1756 2798 2117 2870 Chronogra-

465 2890 641 2962 phiae,
673 2893 730 2944 et
760 2888 1047 2943 Eusebius
1098 2884 1446 2958 Pamphilus
1478 2885 1695 2942 ibidem
1726 2887 1989 2957 ejusdem
2025 2888 2116 2943 de-

470 2978 739 3034 fectionis
772 2976 1127 3032 mentionem
1161 2976 1313 3031 fecit.

934 3182 1006 3237 IN
1047 3181 1457 3238 EPISTOLAM
1497 3182 1642 3239 VIII.

2226 2002 2413 2055 αὐτοῦ.
2448 1998 2582 2055 Εέτα
2630 1998 2811 2054 οὐκέτι
2857 1998 2944 2053 ἰπὶ
2995 1996 3203 2071 δυσμὰς
3242 1994 3543 2071 παρῆλθεν,
3583 1994 3713 2051 ἀλλ’
3757 1993 3881 2049 ἆνε-

2224 2088 2417 2144 πόδισε
2468 2088 2630 2144 πάλιν
2691 2088 2779 2144 ἐπὶ
2836 2085 3129 2159 ἀνατολὰς,
3190 2085 3281 2142 καὶ
3326 2085 3606 2160 ἐγύμνωσε
3656 2088 3879 2160 πρῶτον

2231 2176 2392 2252 μέρος
2438 2177 2501 2230 τὸ
2562 2174 2775 2231 δυτικὸν
2824 2180 2920 2230 τοῦ
2966 2175 3206 2245 ἡλιακοῦ
3254 2171 3463 2229 δίσκου’
3522 2172 3598 2236 εἷς
3634 2170 3883 2228 τούπίσω

2224 2266 2323 2341 γὰρ
2355 2263 2651 2341 ἀνέδραμεν
2699 2263 2787 2319 ἐπὶ
2834 2264 2897 2319 τὸ
2948 2263 3185 2319 ἰναντίον
3238 2261 3530 2338 διάμετρον
3579 2266 3677 2317 τοῦ
3718 2261 3885 2332 ἡλίου

2224 2353 2311 2409 ἐπὶ
2371 2354 2657 2415 ἀνατολάς·
2694 2353 2831 2408 ὥστε
2894 2354 3089 2426 μηκέτι
3141 2354 3240 2421 τὴν
3302 2351 3580 2424 ἔμπτωσιν
3635 2351 3728 2406 καί
3784 2351 3885 2417 τὴν

2224 2442 2581 2517 ἀνακάθαρσιν
2633 2441 2693 2497 ἐκ
2739 2446 2836 2497 τοῦ
2877 2441 3041 2496 αὐτοῦ
3092 2443 3289 2515 μέρους
3339 2441 3604 2516 γενέσθαι.
3653 2440 3886 2511 Μέμνη-

2224 2555 2311 2588 ται
2364 2534 2459 2606 μῖεν
2506 2534 2596 2587 καὶ
2651 2531 2878 2609 Φλέγων
2926 2534 2953 2587 6
3003 2531 3335 2602 Ἑλληνικὸς
3390 2529 3777 2607 χρονογράφος
3835 2528 3888 2583 ἐν

2223 2620 2654 2699 τρισκαιδεκάτῳ
2704 2623 3133 2699 Χρονογραφιῶν
3186 2620 3238 2675 ἐν
3291 2623 3360 2695 τῇ
3412 2622 3494 2697 κγ’
3526 2615 3888 2692 Ὀλυμπιάδι,

2224 2718 2323 2781 τῆς
2383 2710 2682 2784 ἐκλείψεως
2733 2710 2959 2781 ταύτης,
3020 2708 3164 2785 παρὰ
3214 2710 3276 2764 τὸ
3322 2709 3515 2770 εἰωθὸς
3566 2707 3737 2777 αὐτὴν
3793 2704 3891 2761 λε’-

2226 2822 2351 2885 ⁹γων
2394 2799 2658 2875 γενέσθαι’
2720 2798 2781 2853 οὖ
2838 2801 2945 2872 μήν
3004 2798 3095 2853 τὸν
3153 2799 3355 2872 τρόπον
3414 2796 3677 2873 ἀνέγραψε
3710 2839 3725 2854 .
3776 2794 3890 2854 Καὶ

2244 2890 2558 2968 Αφρικανὸς
2621 2885 2679 2942 δὲ
2720 2890 2747 2942 6
2804 2887 3074 2962 ἡμέτερος
3134 2886 3185 2942 έν
3247 2888 3485 2960 πέμπτῳ
3544 2889 3891 2961 Χρονογρα-

2230 2986 2393 3060 φιῶν,
2444 2981 2535 3034 καὶ
2578 2975 2844 3041 Εὐσέϐιος
2894 2980 2922 3034 ὁ
2952 2977 3248 3057 Παμφίλου
3300 2977 3351 3033 ἐν
3408 2983 3527 3040 ταῖς
3574 2977 3764 3040 αὐταῖς
3794 2977 3892 3049 μέ-

2238 3091 2439 3143 μνηται
2470 3076 2570 3139 τῆς
2603 3068 2769 3138 αὐτῆς
2800 3066 3113 3142 ἐκλείψεως.

2642 3192 2756 3242 ΕΙΣ
2792 3186 2934 3243 ΤΗΝ
2960 3185 3360 3241 ΕΠΙΣΤΟΛΗΝ
3392 3184 3472 3239 Π’.

538 3291 566 3357 §
599 3290 643 3345 Ι.
667 3288 1047 3360 Demophilus
1070 3288 1161 3343 hic
1183 3289 1503 3345 monachus
1528 3293 1672 3357 erat,
1701 3294 1767 3345 ut
1792 3290 2009 3346 indicat
2030 3291 2118 3345 in-

2306 3300 2408 3365 §I.
2472 3292 2794 3367 Δημόφιλος
2848 3293 3005 3354 οὗτος
3070 3293 3313 3365 μοναχὸς
3364 3292 3455 3361 ἦν,
3513 3289 3587 3350 ὡς
3638 3285 3811 3377 δηλοῖ
3857 3290 3893 3357 ἠ

471 3379 755 3452 scriptio;
788 3379 1165 3452 therapeutas
1199 3379 1353 3434 enim
1385 3380 1703 3435 monachos
1726 3380 2118 3452 appellabant.

474 3472 526 3528 Is
545 3474 741 3526 autem
760 3468 1086 3524 insultabat
1101 3468 1438 3540 presbytero
1460 3486 1589 3538 suo,
1614 3469 1755 3541 quin
1780 3470 1953 3525 etiam
1978 3471 2125 3526 indi-

474 3560 786 3632 gnabatur,
817 3558 972 3629 quod
1026 3558 1340 3629 quemdam
1393 3574 1423 3613 e
1471 3558 1892 3629 paenitentibus
1925 3576 2124 3616 susce-

477 3652 681 3720 pisset.
743 3646 1124 3703 Pcenitentem
1172 3649 1371 3717 itaque
1422 3647 1762 3703 verberibus
1820 3656 2127 3721 exceptum

475 3738 864 3804 exsturbarat,
888 3738 1293 3809 presbyterum
1323 3753 1457 3791 vero
1480 3736 1902 3805 eliminaverat,
1926 3744 1984 3793 et
2004 3740 2130 3811 ipse

476 3831 753 3896 tanquam
787 3843 821 3880 a
849 3841 911 3879 se
956 3825 1262 3896 presbyter
1307 3830 1561 3892 creatus,
1594 3826 1829 3882 resedit.
1861 3829 2129 3894 Adverte,

476 3914 658 3987 igitur
712 3913 887 3968 etiam
948 3912 1079 3968 istis
1132 3913 1496 3984 temporibus
1554 3913 1729 3969 istius
1787 3914 1942 3970 mala
1994 3932 2130 3971 con-

476 4003 701 4076 tigisse.
752 4002 955 4058 Merito
988 4002 1187 4074 itaque
1237 4003 1381 4057 dicit
1428 4001 1571 4056 illud
1609 4018 1622 4056 :
1659 4004 1697 4059 0
1746 4020 2005 4072 generose
2031 4006 2130 4060 De-

477 4092 738 4163 moplule,
756 4093 1117 4162 exprobrans
1148 4091 1258 4163 ipsi
1284 4091 1688 4147 fortitudinem
1712 4094 2130 4162 inordinatam,

481 4188 536 4237 et
569 4181 841 4254 pietatem
891 4180 1130 4236 minime
1178 4180 1460 4251 divinam,
1494 4185 1558 4236 ut
1590 4181 1699 4237 hoc
1730 4184 1903 4239 modo
1934 4200 2134 4240 mona-

482 4272 661 4327 chum
697 4270 1073 4343 perstringat.

554 4361 626 4416 Ac
655 4358 951 4431 siquando
1002 4360 1182 4430 ipsum
1229 4366 1413 4414 extra.
1467 4358 1526 4414 Id
1562 4363 1653 4415 est
1701 4362 1936 4431 quando
1980 4363 2131 4417 Scri-

482 4455 666 4522 ptum
698 4449 961 4513 tradunt,
1004 4448 1203 4519 ipsum
1251 4447 1311 4501 in
1344 4448 1445 4503 Dei
1494 4448 1950 4521 indignationem
1987 4452 2131 4507 inci-

483 4541 662 4604 disse,
694 4543 752 4594 et
781 4540 840 4593 in
865 4539 1225 4593 eversionem
1270 4539 1470 4595 vultus
1510 4542 1660 4609 eius.
1693 4542 1882 4611 Prius,
1916 4543 2131 4614 inquit,

484 4627 785 4683 declarant
804 4627 1000 4699 ipsum
1025 4644 1057 4683 a
1079 4629 1533 4685 mansuetudine
1564 4631 1903 4704 descivisse,
1927 4636 1984 4689 et
2004 4638 2130 4689 tum

484 4716 723 4772 demum
756 4731 789 4770 a
820 4714 1017 4771 divina
1047 4715 1268 4771 visione
1300 4717 1609 4773 excidisse.

554 4894 594 4949 Α
624 4895 1040 4965 praeminente.
1076 4896 1323 4950 Adverte
1354 4894 1755 4966 praestantiam
1786 4900 1844 4952 et
1875 4898 2137 4954 eminen-

484 4982 626 5038 tiam
662 4981 1138 5038 mansuetudinis
1169 4981 1226 5036 in
1270 4982 1385 5037 Deo
1416 4982 1721 5049 imitando,
1757 4988 1814 5038 et
1843 4986 2138 5054 quomodo

483 5075 709 5143 Moyses
737 5077 968 5144 propter
998 5071 1511 5127 mansuetudinem
1556 5071 1653 5126 Dei
1684 5072 1945 5129 famulus
1980 5091 2141 5129 nun-

484 5166 754 5231 cupetur.

554 5251 709 5304 814
739 5250 1070 5305 Ambitione.
1123 5249 1379 5306 Ambitio
1432 5252 1668 5323 proprie
1718 5256 1806 5307 est
1846 5253 2145 5323 appetitus

485 5342 542 5395 et
570 5356 737 5395 amor
780 5340 1042 5396 honoris.
1095 5340 1372 5415 Θεοκρίτῳ
1425 5346 1645 5413 autem,
1700 5359 1817 5399 non
1849 5341 2027 5398 alicui
2058 5347 2143 5405 sic

2165 4684 2212 4748 D

2236 3384 2513 3460 ἰπιγραφή
2550 3400 2563 3413 ⁸
2627 3382 2952 3454 θεραπευτὰς
3023 3381 3128 3456 γὰρ
3206 3378 3336 3443 τοὺς
3416 3376 3695 3454 μοναχοὺς
3770 3376 3896 3431 έκά-

2238 3472 2391 3529 λουν.
2437 3474 2780 3547 Τυραννήσας
2834 3469 2892 3525 δὲ
2947 3471 3084 3525 κατᾶ
3139 3464 3509 3545 πρεσϐυτέρου
3567 3466 3757 3535 αὐτοῦ,
3802 3465 3895 3521 καί

2236 3562 2654 3638 ἀγανακτήσας,
2715 3559 2797 3614 ὅτι
2849 3558 3061 3630 ἐδέξατό
3113 3580 3235 3614 τινα
3306 3558 3360 3613 έν
3438 3556 3689 3630 μετανοίᾳ
3766 3554 3923 3610 ὅντα

2240 3649 2672 3724 ἁμαρτημάτων,
2731 3644 2968 3721 ἐξέϐαλε,
3026 3650 3306 3718 τυπτήσας
3359 3646 3452 3702 τὸν
3503 3649 3893 3719 μετανοοῦντα,

2238 3742 2330 3795 τὸν
2388 3738 2445 3794 δὲ
2501 3734 2864 3814 πρεσϐύτερον
2923 3738 3159 3808 ἐξώθησε
3194 3780 3208 3805 ,
3263 3736 3352 3791 καὶ
3420 3734 3663 3798 ἐκάθισεν
3728 3734 3894 3788 αὖτο-

2241 3829 2631 3904 χειροτόνητος
2688 3823 3074 3903 πρεσϐύτερος.
3138 3828 3455 3897 Σημείωσαι
3514 3825 3633 3893 οὖν,
3688 3821 3775 3877 ὅτι
3829 3824 3895 3877 τὰ

2239 3919 2378 3973 κακᾶ
2424 3922 2594 3973 ταῦτα
2646 3916 2737 3971 καὶ
2792 3914 2879 3971 ἐπὶ
2942 3915 3159 3970 ἐκείνων
3218 3918 3327 3968 τῶν
3389 3912 3602 3988 χρόνων
3661 3912 3892 3987 ἐγένετο.

2242 4002 2487 4071 Εἰκότως
2563 4006 2653 4060 οὗν
2725 4005 2808 4060 τό·
2888 4009 2953 4058 Ὢ
3019 4008 3228 4080 γενναῖε
3309 4001 3597 4080 Δημόφιλε
3632 4046 3645 4071 ,
3705 4000 3892 4077 φησὶν,

2246 4096 2401 4170 ἰσχὺν
2462 4094 2687 4150 ἄτακτον
2748 4093 2839 4148 καὶ
2898 4092 2996 4148 οὐκ
3048 4087 3334 4147 εὐλάϐειαν
3386 4089 3563 4155 ἔνθεον
3612 4087 3891 4159 ὀνειδίζων

2244 4185 2412 4257 αὐτῷ,
2444 4184 2533 4239 καὶ
2564 4183 2732 4257 ταύτῃ
2767 4180 3033 4257 διασύρων
3065 4181 3156 4235 τὸν
3193 4181 3455 4257 μοναχόν.

2316 4364 2421 4420 Καὶ
2507 4359 2689 4417 εἷίποτε
2770 4359 2930 4416 αὐτὸν
3011 4356 3132 4430 ἔξω.
3215 4359 3503 4416 Τουτέστιν
3535 4401 3549 4426 ,
3636 4355 3764 4412 ὅταν
3843 4354 3895 4409 αἱ

2244 4452 2451 4529 Γραφαὶ
2485 4450 2745 4526 λέγωσιν,
2796 4448 2848 4504 ἰν
2894 4449 3255 4526 ἀγανακτήσει
3304 4451 3437 4503 Θεοῦ
3494 4446 3769 4523 γεγονέναι
3806 4444 3898 4500 αὖ·

2243 4544 2359 4611 τὸν,
2391 4542 2481 4597 καὶ
2515 4540 2568 4596 ἐν
2599 4540 2920 4618 ἀποστροφῇ
2950 4544 3045 4594 τοῦ
3076 4539 3374 4614 προσώπου
3403 4535 3588 4593 αὐτοῦ.
3628 4533 3898 4611 Πρότερον

2246 4631 2321 4688 δῖε⁴
2360 4631 2517 4709 φησὶ,
2564 4628 2897 4684 δεικνύουσιν
2950 4628 3108 4684 αὐτὸν
3159 4634 3261 4697 τῆς
3308 4626 3617 4702 πραότητος
3660 4620 3763 4696 ἔξω
3808 4643 3897 4700 γε·

2244 4724 2485 4798 γονέναι,
2518 4718 2608 4775 καὶ
2660 4720 2753 4774 εἶθ’
2797 4716 2939 4774 οὕτω
2981 4719 3170 4773 παθεῖν
3212 4716 3274 4772 τὸ
3304 4716 3412 4771 ἀπὸ
3452 4712 3632 4789 ὅψεως
3659 4713 3895 4791 γενέσθαι

2243 4815 2341 4868 τοῦ
2373 4813 2528 4867 Θεοῦ.

2319 4902 2413 4957 Ἐκ
2478 4904 2579 4967 τῆς
2656 4895 3034 4974 προύχούσης.
3097 4894 3416 4969 Σημείωσαι
3491 4895 3574 4949 δτι
3638 4892 3899 4966 ἐξαίρετον

2247 4990 2341 5045 καὶ
2410 4988 2655 5063 προῦχον
2736 4986 2812 5048 είς
2875 4985 3106 5059 μίμησιν
3182 4988 3321 5040 Θεοῦ
3374 4986 3408 5053 ἡ
3485 4981 3756 5059 πραότης,
3813 4978 3896 5036 καὶ

2253 5082 2335 5135 δτι
2397 5075 2486 5133 διὰ
2539 5078 2640 5147 τὴν
2694 5074 2977 5149 πραότητα
3054 5080 3293 5143 Μωυσῆς
3366 5071 3578 5149 λέγεται
3655 5070 3895 5147 θεράπων

2254 5172 2407 5224 Θεοῦ.

2328 5257 2680 5331 Φιλοτιμίας.
2726 5252 3030 5328 Φιλοτιμία
3079 5255 3283 5329 κυρίως
3335 5252 3398 5307 τὸ
3450 5257 3622 5325 τιμῆς
3670 5249 3896 5329 ἐφίεσθαι

2256 5348 2346 5403 καὶ
2396 5345 2536 5419 έρᾷν,
2599 5343 2872 5420 Θεοκρίτῳ
2919 5342 2977 5399 δὶ
3033 5342 3143 5417 οὐχ
3196 5341 3340 5397 οὕτω
3396 5342 3504 5396 τινὶ
3556 5339 3897 5414 καλουμένῳ,

488 5427 801 5501 appellato,
853 5429 955 5485 sed
1006 5446 1040 5484 a
1086 5434 1200 5486 Deo
1254 5431 1325 5486 ad
1374 5430 1688 5503 imperium
1750 5431 2040 5490 destinato
2095 5455 2119 5495 e

2260 5434 2407 5491 ἀλλὰ
2457 5435 2519 5489 τὸ
2576 5434 2636 5489 ἐκ
2686 5437 2819 5489 Θεοῦ
2868 5432 2945 5497 είς
2988 5430 3052 5488 τὸ
3098 5428 3287 5508 ἄρχειν
3329 5431 3641 5508 κρινομένῳ
3664 5430 3756 5487 καὶ
3785 5427 3898 5486 ἔπι-

492 5518 724 5575 idoneo.

2259 5522 2483 5597 τηδείῳ.

1496 5676 1736 5734 VARUE
1775 5677 2165 5739 LECTIONES
2205 5678 2296 5739 ET
2333 5676 2895 5739 GORRECTIONES.

565 5774 637 5812 ⁶⁸⁶
667 5793 765 5850 περ
776 5772 1030 5851 ιτρέχειν.
