4062 6366
205 386 303 443 545

1141 389 1201 441 S.
1244 388 1515 442 MAXIMI
1553 386 1862 441 SCHOLIA
1899 388 1974 440 IN
2014 388 2170 440 EPP.
2212 391 2271 443 S.
2312 390 2651 444 DIONYSII.

3497 386 3608 444 546

266 510 331 568 Τί
406 509 464 566 δὶ
530 512 623 565 τὸν
702 509 1031 585 θεοπάτορα.
1089 511 1213 568 ’Ὁτι
1283 509 1587 584 θεοπάτορα
1661 507 1844 582 καλεῖν,

2033 512 2172 579 Quid
2201 530 2367 585 porro
2399 515 2562 570 illum
2609 515 2704 569 Dei
2742 515 3166 585 progenitorem.
3204 511 3477 570 Davidem
3506 530 3605 570 vo-

203 599 283 657 διά
307 601 402 657 τὸν
455 600 712 675 Χριστὸν,
744 601 837 656 τὸν
886 597 1071 656 Δαυίδ.
1124 600 1265 669 Φησὶ
1315 599 1414 675 γὰρ
1448 600 1475 654 6
1509 603 1653 663 θεῖος
1699 602 1842 653 Παῦ-

202 690 307 753 λος·
379 688 795 768 Ἀφωρισμὲνος
870 688 947 754 εἷς
1023 687 1405 766 Εὐαγγὲλιον,
1463 688 1491 743 ὃ
1565 708 1845 764 προεπηγ-

201 777 415 855 γείλατο
465 776 517 833 ἐν
564 783 799 854 Γραφαῖς
843 778 1018 852 ἁγίαις
1068 778 1320 853 περὶτοῦ
1369 777 1498 832 Υἲοῦ
1527 776 1717 845 αὐτοῦ,
1748 779 1845 830 τοῦ

201 868 487 946 γενομένου
519 866 580 922 ἔκ
621 866 930 943 σπέρματος
976 863 1141 922 Δαυὶδ
1198 871 1334 923 κατά
1382 866 1572 942 σάρκα.
1605 865 1847 927 Εῗκότως

206 957 288 1012 οῦν
318 954 603 1031 θεοπάτωρ
633 956 661 1010 6
693 953 873 1013 Δαυίδ.

270 1044 465 1103 Καίτοι
516 1043 608 1100 καὶ
645 1044 867 1117 θεσμός.
917 1043 1218 1121 Γέγραπται
1270 1046 1376 1121 γὰρ
1433 1044 1485 1099 ἰν
1532 1049 1614 1117 τῷ
1667 1043 1846 1117 νόμῳ,

205 1130 336 1190 ὥστε
364 1133 553 1189 καὶτὸ
595 1137 693 1189 τοῦ
740 1131 941 1209 ἐχθροῦ
982 1133 1272 1211 ὑποζύγιον
1328 1139 1663 1190 καταπῖπτον
1709 1131 1846 1208 ἐγεί-

206 1245 308 1300 ρειν
340 1226 412 1281 ⁸⁸.

269 1312 429 1371 Ἀλλ’
460 1311 548 1369 ἐπὶ
597 1313 659 1368 τὸ
712 1313 950 1375 ἄναντες.
1002 1311 1124 1367 Ἐπὶ
1180 1313 1242 1368 τὸ
1313 1308 1674 1388 ὑψηλότερον.
1735 1318 1846 1383 Ση-

207 1400 434 1474 μείωσαι
490 1399 546 1456 δὲ
590 1402 652 1456 τὸ
701 1400 1088 1480 φιλάνθρωπον
1137 1405 1246 1455 τῶν
1294 1400 1566 1477 ἀγγέλων,
1622 1401 1712 1456 καὶ
1762 1399 1847 1455 ὅτι

203 1488 407 1547 δέονται
461 1492 594 1565 ὑπὶρ
645 1491 809 1557 ἐθνῶν
852 1496 950 1546 τοῦ
995 1494 1149 1559 Θεοῦ,
1181 1490 1270 1546 καὶ
1324 1491 1406 1547 ὅτι
1452 1497 1571 1555 ταῖς
1609 1492 1848 1547 ἀποστα-

200 1586 372 1644 τικαῖς
455 1579 751 1655 ἐπιτιμῶσι
838 1577 1141 1655 δυνάμεσι,
1207 1582 1452 1638 τουτέστι
1525 1587 1643 1645 τοῖς
1739 1578 1851 1636 δαί-

207 1690 387 1744 μοσιν.

268 1758 455 1815 Ἀλλὰ
537 1763 635 1814 τοῦ
719 1754 890 1823 ὅντως
966 1758 1217 1834 ἀγαθοῦ.
1304 1760 1433 1837 Περὶ
1510 1759 1849 1835 ἀγαθότητος

1959 605 2052 657 cat
2078 601 2178 657 Dei
2223 602 2655 675 progenitorem
2707 606 2944 675 propter
2971 601 3289 659 Christum.
3320 602 3417 658 Ait
3447 602 3606 659 enim

1961 691 2025 745 D.
2059 690 2273 746 Paulus
2294 692 2375 764 (h)
2400 709 2412 745 :
2452 692 2777 763 Segregalus
2807 693 2867 746 in
2898 692 3279 762 Evangelium,
3308 691 3451 763 quod
3472 706 3606 763 pro-

1958 781 2109 835 misit
2147 783 2209 836 in
2240 780 2537 852 Scripturis
2577 783 2783 838 sanctis
2834 780 2897 836 de
2943 782 3081 835 Filio
3128 796 3245 851 suo,
3277 782 3375 852 qui
3416 780 3605 852 facta:

1958 879 2037 925 est
2063 887 2133 925 ea:
2159 872 2365 926 semine
2411 872 2580 927 David
2627 871 2921 927 secundum
2965 886 3209 925 carnem.
3244 870 3444 927 Merito
3488 869 3601 944 igi-

1959 961 2057 1011 tur
2086 958 2265 1012 David
2296 963 2386 1014 est
2420 959 2515 1014 Dei
2550 963 2733 1031 pater.

2031 1047 2174 1115 Quin
2202 1049 2370 1103 etiam
2417 1048 2531 1118 lege
2557 1050 2862 1104 sancitum.
2894 1048 3190 1120 Scriptum
3238 1047 3395 1104 enim
3424 1052 3515 1105 est
3542 1047 3602 1103 in

1959 1135 2191 1208 lege(i),
2225 1141 2289 1192 ut
2334 1137 2510 1193 etiam
2561 1137 2785 1192 inimici
2833 1136 3143 1209 subjugale
3190 1138 3403 1194 cadens
3452 1136 3608 1194 leva-

1961 1230 2140 1281 retur.

2034 1316 2303 1372 Caeterum
2334 1316 2410 1371 ad
2438 1315 2673 1372 altiora.
2705 1317 2791 1371 Ad
2823 1316 2903 1383 id,
2923 1317 3075 1387 quod
3105 1314 3610 1371 sublimius.Nota

1963 1408 2160 1461 autem
2210 1404 2671 1478 benignissimos
2702 1404 2943 1478 angelos
2991 1405 3168 1461 etiam
3202 1421 3306 1478 pro
3336 1405 3611 1477 gentibus

1963 1493 2147 1549 Deum
2178 1495 2498 1566 deprecari,
2530 1498 2587 1551 et
2617 1494 2973 1567 apostaticas
3002 1495 3268 1565 virtutes,
3292 1495 3348 1550 id
3381 1497 3472 1551 est
3499 1494 3613 1551 daa-

1965 1600 2169 1639 mones
2197 1584 2520 1656 increpare.

2036 1762 2138 1818 Sed
2165 1779 2289 1819 vere
2321 1763 2466 1820 boni.
2498 1764 2578 1819 De
2612 1763 2832 1819 Domini
2866 1763 3050 1819 nostri
3074 1763 3212 1818 Jesu
3244 1761 3461 1819 Christi
3491 1762 3612 1819 veri

200 1852 297 1903 τοῦ
349 1846 558 1923 Κυρίου
625 1851 783 1921 ἡμῶν
860 1850 1041 1919 Ἰησοῦ
1114 1854 1349 1923 Χριστοῦ
1410 1850 1512 1904 τοῦ
1586 1848 1851 1919 ἀληθινοῦ

204 1941 331 1960 11,-"
396 1938 619 1960 r'n,__,._
678 1937 801 1960 ,νληΔ
846 1957 902 1960 --
947 1942 990 1960 ,⁸⁸
1065 1940 1207 1960 ᾼκνγι
1256 1936 1304 1960 2',
1417 1935 1440 1960 ᾖ
1507 1959 1511 1960 ,
1552 1943 1691 1960 ,H7,‘
1729 1938 1815 1960 7,,5
1846 1958 1854 1960 Α

1983 1853 2065 1907 )ei
2100 1853 2481 1925 benignitate.
2513 1854 2683 1923 [Vere
2707 1868 2836 1909 esse
2860 1853 3021 1923 facit,
3048 1852 3152 1908 hoc
3175 1856 3265 1908 est
3285 1857 3611 1921 conservat,

202 1941 358 1996 Θεοῦ.
394 1938 620 2010 [Ὄντως
673 1937 808 1992 εἶναι
840 1942 1009 2006 ποιεῖ,
1058 1940 1207 1993 τοῦτ’
1256 1936 1368 1993 ἔστι
1412 1935 1691 2015 διακρατεῖ
1718 1938 1856 2013 πρὸς

1983 1947 2032 1998 η
2062 1944 2487 2014 permaneant]

203 2023 528 2099 διαμονήν.]

272 2115 380 2175 Καὶ
432 2118 603 2172 πάντα
655 2114 911 2192 βούλεται
959 2117 1041 2172 ἀεὶ
1091 2118 1364 2193 γενέσθαι.
1420 2113 1643 2187 Ἔπειδή
1687 2116 1859 2173 πάντα

202 2207 373 2274 εἶπεν,
408 2204 461 2261 ἓν
492 2203 549 2260 δὲ
577 2211 692 2269 τοῖς
724 2210 853 2261 πᾶσι
903 2205 994 2261 καὶ
1028 2205 1216 2282 ἄψυχα
1245 2207 1334 2262 καὶ
1379 2206 1573 2283 ἄλογα,
1604 2206 1861 2282 προσθεὶς

200 2295 341 2349 κατὰ
391 2296 493 2364 τήν
545 2295 781 2351 ἑκάστων
842 2290 1308 2367 ἆπιτηδειότητα,
1364 2297 1463 2367 τὴν
1528 2298 1856 2375 ὑφορμῶσαν

198 2381 474 2439 ἀντίθεσιν
503 2384 950 2460 προεθεράπευσε.

271 2474 382 2529 Καὶ
445 2472 768 2551 φιλονεικεῖ.
830 2478 954 2538 Πῶς
1010 2473 1104 2550 ἐρᾷ
1160 2476 1375 2530 πάντων
1431 2476 1458 2529 6
1508 2475 1726 2551 Κύριος,
1771 2474 1861 2530 καὶ

201 2560 521 2636 παρακαλεῖ
567 2564 715 2635 ἡμᾶς
772 2564 849 2636 μὴ
900 2562 1142 2619 ἐκπεσεῖν
1190 2563 1375 2634 αὐτοῦ,
1426 2562 1547 2627 ὅθεν
1602 2566 1691 2619 καὶ
1753 2570 1862 2618 Πα-

204 2650 489 2727 ροὶκλητος
523 2651 728 2708 ἀκούει.

280 2739 383 2794 Καὶ
456 2739 845 2814 Θρυπτομίνων
881 2784 894 2796 .
954 2739 1287 2813 Θρύπτεσθαι
1363 2741 1564 2818 κυρίως
1634 2742 1699 2797 τὸ
1764 2762 1860 2797 κα-

201 2827 533 2893 τακλεισθαι·
594 2826 812 2903 λέγεται
870 2827 927 2885 δὲ
974 2833 1010 2900 ἡ
1062 2828 1203 2904 λέξις
1248 2830 1338 2886 καὶ
1387 2829 1475 2887 ἐπὶ
1504 2835 1612 2887 τῶν
1652 2830 1862 2907 ὶρωμὲ-

202 2948 345 2994 νων,
378 2926 454 2998 οἳ,
477 2929 577 2997 τὴν
623 2928 759 3003 πρὸς
808 2926 934 2990 τοὺς
984 2927 1220 3003 ἐρῶντας
1268 2924 1706 3003 ἀναϐαλλόμενοι
1737 2950 1860 2983 συν-

201 3016 434 3092 τυχίαν,
491 3016 727 3091 τοιούτῳ
793 3022 872 3090 τῷ
920 3023 1218 3091 σωματικῷ
1253 3063 1268 3089 ,
1319 3018 1562 3074 τουτέστι
1632 3039 1864 3073 κατακε-

198 3104 530 3179 κλεισμένῳ,
589 3108 887 3181 κέχρηνται
945 3104 1085 3176 ἤθει.
1153 3110 1313 3166 ’Όθεν
1378 3104 1713 3183 λαμϐάνεται
1770 3108 1863 3163 καὶ

194 3194 300 3249 ἰπὶ
329 3192 517 3251 ἀλλων
551 3195 935 3272 ὁμοιοτρόπων
967 3195 1326 3272 πραγμάτων.

258 3380 472 3452 ’ίὌμως
553 3382 840 3452 προσιοῦσι
920 3378 1310 3455 προστρέχει.
1373 3381 1457 3437 Τά
1531 3383 1630 3450 τῆς
1709 3381 1862 3456 εὐαγ-

191 3466 440 3542 γελικῆς
490 3463 810 3542 παραϐολῆς
860 3472 956 3523 τοῦ
1007 3468 1218 3523 ἀσώτου
1281 3469 1591 3533 ὑποτίθεται
1647 3470 1698 3525 ἐν
1738 3491 1864 3524 του-

191 3577 353 3627 τοες,
405 3556 497 3611 καὶ
546 3558 615 3610 τὰ
657 3554 842 3629 ὅμοια.
876 3557 1200 3630 Θαυμασίως
1225 3554 1283 3612 δὲ
1326 3558 1417 3613 καὶ
1446 3559 1509 3613 τὸ
1541 3556 1672 3621 ὅλος
1702 3557 1866 3621 ὅλους

195 3668 267 3723 φη
294 3645 365 3715 σέ,
400 3645 778 3720 καταισχύνων
826 3644 958 3709 τοὺς
1006 3646 1132 3702 τότε
1178 3647 1507 3723 αἱρετικοὺς,
1540 3646 1735 3710 οἴεσινες
1764 3652 1864 3723 ψυ-

200 3736 317 3811 χὴν
380 3734 552 3807 μόνην
603 3736 864 3804 σώζεσθαι
900 3735 1001 3791 ὑπὸ
1029 3740 1182 3805 Θεοῦ,
1215 3737 1306 3791 καὶ
1350 3737 1412 3791 οὑ
1444 3741 1621 3810 σῶμα,
1656 3735 1860 3813 ἔλεγον.

203 3824 379 3887 Ὅλος
430 3822 544 3894 οῦν,
596 3825 783 3899 φησὶν,
811 3826 839 3880 6
872 3824 1091 3899 Κύριος,
1121 3825 1197 3889 ὡς
1243 3828 1428 3900 ψυχήν
1456 3827 1545 3880 καὶ
1576 3831 1735 3899 σῶμα
1767 3826 1865 3880 λα-

200 3906 341 3982 ϐὼν,
378 3912 546 3976 ὅλους
596 3916 745 3985 ἡμᾶς
790 3912 917 3976 τοὺς
951 3914 1011 3968 ἐκ
1040 3917 1227 3989 ψυχῆς
1276 3914 1365 3969 καὶ
1406 3916 1660 3987 σώματος
1692 3916 1866 3969 σέσω-

198 4022 311 4059 κεν.
372 4002 543 4057 Ἦσαν
599 3998 657 4056 δὴ
701 4002 824 4057 τότε
866 4003 1129 4078 αἱρετικοὶ
1173 4003 1278 4057 ἀπὸ
1330 4003 1604 4075 Σίμωνος,
1659 4005 1735 4065 ὡς
1766 4001 1864 4074 δη-

200 4091 399 4145 λοῦσιν
438 4090 732 4166 Εῗρηναῖος
779 4092 870 4146 καὶ
926 4091 1274 4155 Ἱππόλυτος.
1309 4094 1408 4149 Καὶ
1460 4094 1511 4147 οἱ
1552 4094 1619 4148 τὰ
1649 4094 1861 4168 Ὠριγὲ-

199 4201 328 4243 νους
375 4177 437 4235 δὲ
484 4177 903 4254 δογματίζοντες
954 4182 1021 4236 τὰ
1050 4180 1187 4236 αὐτὰ
1235 4186 1514 4259 φρονοῦσι.
1548 4182 1782 4261 Περιφὺς
1807 4179 1864 4237 ὃὶ

199 4267 317 4325 ἀντὶ
348 4272 451 4324 τοῦ
480 4288 581 4343 περ
591 4268 840 4332 ιπλακείς
854 4312 865 4327 .

272 4444 507 4519 Δηλαδή
580 4445 708 4510 τοὺς
790 4446 1042 4523 ἀγαθούς.
1124 4446 1442 4520 Σημείωσαι
1511 4448 1659 4513 τίνας
1727 4450 1861 4527 φησὶ

202 4540 244 4573 ⁵⁷
300 4536 433 4599 τοὺς
487 4534 962 4611 συγκαλουμένους
1002 4533 1213 4614 φίλους
1250 4538 1364 4609 μετ’
1418 4536 1583 4611 ὀλίγα
1634 4535 1692 4592 ὃὶ
1732 4538 1859 4602 τοὺς

2038 2127 2101 2180 Et
2129 2125 2318 2180 omnia
2352 2124 2471 2180 vult
2510 2140 2722 2195 semper
2748 2124 2892 2194 ﬁeri.
2926 2126 3073 2179 Cum
3125 2122 3366 2179 dixisset
3396 2121 3615 2190 omnia,

1967 2214 2121 2270 inter
2149 2214 2349 2270 omnia
2378 2217 2575 2269 autem
2607 2213 2783 2270 etiam
2808 2213 2929 2269 sint
2954 2212 3281 2269 inanimata
3309 2215 3366 2269 et
3393 2211 3621 2269 irratio-

1970 2304 2147 2373 nalia,
2198 2305 2421 2360 addens
2478 2302 2805 2359 secundum
2864 2304 3155 2373 cujusque
3200 2301 3616 2373 aptitudinem,

1970 2392 2367 2450 suborientem
2400 2393 2828 2465 oppositionem
2857 2393 3194 2448 moderatus
3226 2396 3333 2448 est.

2039 2486 2103 2538 Et
2156 2498 2340 2538 amore
2387 2481 2686 2537 contendit.
2735 2482 3035 2547 Quomodo
3085 2480 3370 2535 Dominus
3414 2496 3621 2537 omnes

1971 2581 2146 2641 amet,
2180 2582 2237 2630 et
2266 2575 2532 2631 hortetur
2571 2591 2700 2641 nos,
2731 2591 2802 2630 ne
2832 2575 2903 2630 ab
2934 2574 3063 2645 ipso
3093 2574 3454 2641 excidemus,
3485 2589 3623 2645 pro-

1971 2676 2097 2739 pter
2126 2666 2281 2736 quod
2314 2664 2489 2720 etiam
2521 2662 2854 2718 Paraoletus
2881 2662 3229 2733 appellatur.

2042 2756 2219 2810 Etiam
2278 2753 2586 2808 deliciosos.
2634 2751 2901 2807 Deliciari
2964 2768 3066 2807 seu
3124 2750 3379 2807 molliter
3431 2749 3625 2806 vivere

1970 2842 2201 2916 proprie
2232 2846 2320 2897 est
2350 2840 2614 2896 enervari
2654 2856 2757 2896 seu
2807 2839 3117 2911 confringi.
3151 2839 3376 2895 Dicitur
3422 2843 3619 2895 autem

1971 2935 2093 2989 hac
2122 2932 2297 2987 dictio
2329 2932 2506 2987 etiam
2552 2931 2622 2985 de
2667 2930 2742 2985 iis
2772 2930 2871 3001 qui
2905 2929 3205 2985 amoribus
3233 2932 3462 2996 vacant,
3495 2928 3620 3000 qui,

1973 3031 2300 3079 amatorum
2367 3020 2736 3091 adeptionem
2800 3019 3319 3091 procrastinantes,
3375 3022 3625 3074 utuntur

1972 3113 2081 3167 hac
2130 3127 2427 3181 corporea,
2461 3110 2518 3164 id
2550 3113 2640 3165 est
2684 3108 2985 3180 przsfracla
3013 3113 3071 3163 et
3102 3106 3265 3163 molli
3309 3111 3623 3165 consuetu-

1972 3203 2128 3257 dine.
2151 3199 2311 3255 Unde
2341 3199 2519 3253 etiam
2553 3198 2624 3253 ad
2659 3214 2750 3253 res
2779 3196 3072 3268 quaslibet
3090 3197 3426 3254 consimiles
3459 3201 3625 3253 tran—

1974 3290 2249 3347 sumitur.

2044 3379 2318 3434 Similiter
2348 3376 2764 3431 adventantibus
2794 3376 3051 3430 occurrit.
3084 3373 3488 3447 Evangelicam
3524 3391 3623 3446 pa-

1975 3467 2233 3524 rabolam
2270 3465 2495 3537 prodigi
2544 3464 2602 3518 in
2640 3464 2734 3519 his
2765 3464 3059 3536 proponit,
3092 3467 3150 3518 et
3198 3479 3328 3534 qua)
3375 3469 3515 3517 sunt
3544 3462 3622 3518 si-

1974 3556 2157 3612 milia.
2187 3556 2340 3623 Quin
2373 3554 2548 3609 etiam
2580 3556 2740 3608 totus
2769 3557 2945 3617 totos,
2979 3551 3195 3622 inquit,
3219 3551 3309 3607 sui
3340 3552 3625 3622 temporis

1973 3645 2279 3701 haereticos
2306 3642 2694 3708 confundens,
2720 3641 2821 3713 qui
2851 3641 3089 3711 quidem
3124 3640 3382 3696 animam
3410 3639 3626 3696 salvari

1975 3752 2008 3790 a
2058 3736 2194 3803 Deo,
2237 3750 2351 3788 non
2400 3731 2540 3787 item
2590 3747 2827 3802 corpus,
2877 3728 3292 3801 praedicabant.
3324 3728 3418 3784 Ait
3464 3744 3625 3801 ergo,

1972 3827 2133 3878 totus
2167 3821 2472 3889 Dominus,
2506 3824 2569 3874 ut
2600 3819 2700 3891 qui
2728 3820 2990 3874 animam
3023 3822 3081 3874 et
3110 3834 3327 3890 corpus
3359 3832 3627 3889 assump.

1974 3912 2069 3979 sit,
2105 3929 2211 3967 nos
2256 3915 2432 3980 totos,
2466 3909 2568 3980 qui
2621 3908 2821 3964 anima
2867 3912 2924 3963 et
2969 3924 3210 3980 corpore
3258 3911 3623 3974 constamus,

1973 4001 2166 4058 salvos
2199 4001 2351 4055 fecit.
2387 4000 2565 4054 Erant
2607 3997 2764 4053 enim
2808 4003 2950 4052 tunc
2980 3998 3040 4051 in
3072 4014 3267 4053 errore
3296 3997 3409 4053 isto
3438 3996 3625 4051 Simo-

1972 4091 2067 4146 nis
2097 4089 2394 4161 discipuli,
2428 4089 2511 4143 uti
2546 4090 2800 4143 Ireneeus
2831 4092 2889 4141 et
2918 4085 3267 4157 Hippolytus
3297 4085 3620 4141 declarant.

1970 4180 2303 4245 Quinetiam
2336 4177 2672 4248 Origenistaa
2722 4175 2926 4229 eadem
2967 4176 3177 4229 docent
3224 4191 3290 4228 ac
3337 4174 3621 4231 sentiunt.

1970 4265 2206 4343 Περιφύς
2253 4282 2387 4321 vero
2445 4264 2610 4330 dixit,
2658 4280 2762 4334 pro
2823 4260 3204 4337 περιπλακείς,
3254 4262 3313 4317 id
3365 4266 3456 4318 est
3500 4278 3619 4317 am-

1970 4358 2226 4427 plectens.

2049 4446 2312 4501 Videlicet
2357 4444 2539 4498 bonos.
2575 4442 2723 4499 Nota
2767 4458 2916 4512 quos
2971 4440 3192 4496 amicos
3223 4439 3379 4494 dicat
3409 4455 3622 4494 convo-

1969 4539 2160 4603 catos;
2213 4537 2345 4605 post
2395 4548 2585 4603 pauca
2612 4546 2746 4586 vero
2792 4529 3052 4601 intelligo
3098 4529 3207 4585 hos
3258 4543 3389 4585 esse
3436 4529 3622 4584 bonos

207 4626 447 4701 ἀγαθοὺς
495 4624 763 4700 ἀγγέλους
816 4625 951 4680 εἶναι
993 4624 1220 4687 τούτους
1268 4630 1404 4684 νοεῖ.
1456 4628 1596 4701 "Ope:
1639 4623 1696 4681 δὲ
1743 4632 1856 4690 πῶς

1983 4624 2234 4696 angelos.
2259 4624 2349 4679 3|
2366 4624 2408 4680 5
2433 4622 2577 4677 Vide
2608 4626 2813 4677 autem
2835 4620 3129 4691 quomodo
3159 4618 3270 4675 hoc
3294 4616 3619 4690 intelligat:

198 4720 317 4770 νοεῖ
378 4716 467 4786 τὸ,
527 4716 640 4770 Ἵνα
713 4715 751 4787 ᾗ
822 4715 1039 4769 πάντων
1098 4712 1534 4793 εὐφραινομένων
1611 4718 1647 4786 ἡ
1730 4738 1858 4773 κατ-

205 4805 377 4861 οικία.

280 4893 358 4947 Σῦ
390 4891 472 4962 δί,
505 4894 580 4954 ὡς
608 4892 677 4947 τά
720 4890 1022 4967 γράμματά
1068 4912 1163 4946 σου
1210 4889 1397 4962 δηλοῖ.
1432 4893 1509 4947 Σὺ
1556 4890 1633 4962 δὲ,
1669 4895 1854 4971 φησὶν,

206 4982 255 5035 ὦ
301 4981 611 5059 Δημόφιλε,
642 4981 731 5037 καὶ
759 4982 851 5036 τὸν
885 4981 1031 5057 ἱερέα
1078 4976 1321 5057 ὕϐρισας,
1364 4981 1584 5037 εἰπόντα
1631 4981 1854 5049 ἐλεητὸν

206 5072 419 5144 [sint],
449 5071 723 5126 τουτέστιν
772 5068 958 5132 ἐλέους
1008 5067 1176 5140 ἄξιον,
1206 5071 1298 5124 τὸν
1351 5066 1517 5139 ἀσεϐῆ
1568 5072 1654 5125 καὶ
1694 5092 1856 5143 μετα-

202 5164 459 5215 νοοῦντα.
496 5165 651 5214 Δοκεῖ
685 5156 741 5213 δὲ
774 5180 871 5231 μοι
904 5160 931 5211 6
964 5155 1286 5235 Δημόφιλος
1314 5153 1673 5232 πρεσϐύτερον
1708 5155 1856 5233 ὑϐρι-

201 5249 379 5303 κέναι·
439 5247 568 5311 τοῦς
615 5249 715 5323 γὰρ
773 5248 946 5322 ἱερέας
995 5241 1397 5321 πρεσϐυτέρους
1448 5244 1607 5311 εἷ’ωθε
1643 5246 1853 5318 καλεῖν,

205 5336 287 5398 ὡς
341 5337 391 5393 ἐν
450 5341 529 5409 τῷ
580 5336 707 5411 Περὶ
763 5338 861 5405 τῆς
907 5332 1365 5405 ἐκκλησιαστικῆς
1422 5335 1703 5413 ἱεραρχίας
1744 5333 1856 5390 διε-

278 5478 360 5551 (h)
392 5478 559 5534 Rom.
589 5494 628 5544 ι,
665 5478 773 5533 1-3.
855 5477 918 5548 (ἱ)
948 5476 1118 5532 Deut.
1150 5492 1290 5544 xxn,
1323 5476 1376 5530 4.

1973 4716 2035 4773 Ut
2063 4716 2136 4770 sit
2164 4715 2411 4769 omnium
2442 4712 2759 4769 laetantium
2788 4710 3084 4767 habitatio.

2038 4895 2111 4948 Tu
2138 4908 2289 4957 vero,
2320 4901 2382 4947 ut
2411 4900 2524 4947 tuae
2569 4893 2773 4947 litterae
2814 4888 3117 4946 declarant.
3151 4889 3238 4944 Tu
3270 4892 3491 4956 autem,
3524 4887 3616 4943 in-

1965 4983 2113 5053 quit,
2154 4999 2186 5036 o
2236 4980 2594 5050 Demophile,
2623 4979 2800 5036 etiam
2856 4977 3145 5034 sacerdoti
3194 4974 3617 5032 contumeliam

1966 5071 2175 5137 iecisti,
2200 5071 2356 5140 quod
2388 5070 2607 5124 diceret
2637 5068 3061 5132 miserandum,
3084 5066 3144 5121 id
3175 5071 3265 5121 est
3294 5064 3619 5119 misericor-

1965 5160 2060 5214 dia
2077 5160 2320 5230 dignum
2339 5174 2467 5213 esse
2491 5157 2735 5228 impium
2756 5172 2819 5209 ac
2840 5155 3237 5227 poenitentem.
3258 5151 3401 5207 Mihi
3419 5156 3615 5208 autem

1962 5250 2191 5304 videtur
2213 5246 2596 5317 Demophilus
2618 5246 2960 5317 presbytero
2992 5242 3275 5314 injuriam
3304 5239 3615 5310 intulisse;

1964 5337 2113 5395 solet
2161 5336 2318 5393 enim
2369 5335 2741 5407 presbyteros
2790 5348 2994 5389 vocare
3043 5332 3394 5399 sacerdotes,
3428 5329 3514 5386 uti
3554 5330 3617 5386 in

1198 5623 1439 5681 VARIIE
1478 5626 1876 5686 LEGTIONES
1912 5627 2004 5685 ET
2042 5624 2606 5685 CORRECTIONES.

285 5725 335 5761 ⁸⁸
363 5722 670 5803 ἀνεγείρειν.
746 5725 789 5761 ⁸⁷
819 5726 951 5781 νοεῖ.
