4062 6366
452 415 560 470 547

1284 420 1648 474 APPENDIX
1686 422 1781 472 AD
1817 418 2056 472 OPERA
2095 417 2154 468 S.
2195 414 2510 472 DIONYSII
2552 414 3050 472 AREOPAGITE.

3773 414 3881 469 548

453 543 829 598 Ecclesiastica
889 542 1208 598 hierarchia
1265 542 1420 598 clare
1468 542 1688 597 docuit.
1722 540 1871 607 Quin
1926 537 2096 593 etiam

2224 539 2475 611 τράνωσε.
2514 539 2608 594 Καὶ
2655 537 2873 592 ἐκιεαῦϐα
2926 535 2984 592 δὲ
3040 537 3172 609 μετᾶ
3207 538 3418 613 βραχὲα
3471 538 3786 592 ὑποκατιῶν
3816 538 3882 592 τὸ

453 629 552 686 hic
585 631 759 701 infra,
791 629 966 703 paulo
1011 637 1144 702 post
1173 632 1375 686 eodem
1411 632 1582 687 modo
1614 629 1928 685 dictionem
1961 627 2110 680 hanc

455 718 756 792 intelligit.
779 720 1150 776 Constructio
1188 725 1382 775 autem
1414 719 1536 774 hac
1567 723 1657 774 est
1686 734 1788 789 per
1817 716 2108 786 trajectio-

456 824 590 864 nem
607 809 759 880 (cum
784 809 887 880 ait)
909 826 920 863 :
942 809 1308 865 Convitiatus
1325 826 1386 865 es
1405 805 2111 878 sacerdotemjustiﬁcan-

463 903 610 968 tem,
632 899 715 953 uti
748 903 802 952 et
836 896 981 952 illud
1016 917 1028 952 :
1072 896 1323 969 impium
1372 898 1775 952 miserandum
1824 909 1974 959 esse,
2007 909 2110 948 seu

456 987 870 1042 misericordia
905 987 1171 1059 dignum.

526 1075 728 1130 Sancta
768 1081 1091 1131 sanctorum
1143 1077 1439 1131 sustulisti.
1472 1073 1776 1130 Sustulisti
1830 1089 1934 1146 pro
1979 1070 2108 1125 vili-

455 1164 710 1237 pendisti
742 1170 799 1220 et
828 1165 1190 1233 extenuasti;
1222 1165 1313 1220 vel
1349 1165 1398 1220 si
1430 1165 1538 1220 hoc
1571 1181 1710 1233 non,
1740 1168 1940 1218 tamen
1973 1178 2108 1216 sus-

453 1253 664 1322 tulisti,
711 1270 816 1326 pro
867 1253 1306 1320 contemerasti,
1359 1254 1529 1325 quasi
1585 1253 1776 1308 dicat:
1811 1251 2108 1316 Quodam-

457 1343 633 1398 modo
684 1342 1006 1413 abstulisti,
1040 1347 1097 1398 et
1143 1359 1172 1398 e
1221 1343 1476 1399 sacrario
1523 1342 1736 1412 tulisti,
1760 1357 1893 1396 cum
1944 1340 2003 1395 id
2053 1343 2112 1393 et

455 1430 717 1486 diaconis
747 1436 805 1486 et
835 1432 1194 1503 presbyteris
1226 1431 1348 1501 lege
1377 1433 1622 1486 vetitum
1655 1431 1753 1500 sit,
1778 1447 1906 1502 quae
1927 1428 2069 1484 dicit
2095 1453 2110 1492 ;

451 1523 517 1576 Et
544 1521 853 1576 sacerdotes
897 1522 1153 1576 vetabunt
1185 1527 1398 1583 sancta,
1429 1522 1511 1576 uti
1540 1521 1716 1576 etiam
1767 1521 1981 1592 pagina
2015 1535 2109 1573 se-

455 1611 657 1681 quenti
689 1609 789 1665 ait.

520 1701 685 1770 Ne/as
712 1699 1078 1755 sacerdotem.
1112 1699 1400 1763 Quoniam
1435 1717 1548 1754 non
1580 1704 1807 1770 oportet
1837 1698 2112 1754 sacerdo-

452 1791 598 1852 tem,
656 1787 790 1843 licet
857 1794 1218 1859 peccantem,
1277 1806 1310 1844 a
1367 1789 1612 1844 diacono
1674 1788 1761 1844 vel
1820 1787 2107 1843 monacho

2220 624 2506 700 εἰρημένον
2563 649 2655 699 μοι
2705 627 3005 696 συνίστησι.
3041 627 3172 690 Καθ’
3228 621 3530 702 ὑπερϐατὸν
3583 623 3641 682 δὲ
3680 625 3718 700 ᾖ
3755 625 3879 680 σύν-

2215 713 2388 784 ταξις,
2439 711 2686 790 Ὕϐριζες
2736 717 2828 770 τὸν
2881 716 3025 792 ἱερέα
3075 713 3439 770 δικαιώσαντα
3492 715 3584 771 xui
3635 717 3724 782 τὸ,
3785 715 3878 771 τὸν

2217 799 2383 874 ἀσεϐῆ
2417 801 2638 874 ἐλεητὸν
2676 804 2939 880 ὑπάρχειν
2971 803 3142 880 ἤγουν
3181 803 3364 868 ἐλέους
3396 802 3565 876 ἄξιον.

2290 1073 2373 1131 Τὰ
2425 1075 2586 1148 ’Ἀγια
2658 1077 2764 1127 τῶν
2824 1073 2992 1148 ἁγίων
3063 1071 3456 1134 συνέστειλας.
3521 1070 3877 1136 Συνὲστειλας

2220 1163 2335 1218 ἀντὶ
2379 1167 2475 1218 τοῦ
2527 1162 2911 1231 ἐταπείνωσας,
2961 1163 3046 1216 καὶ
3101 1161 3456 1236 ἐσμίκρυνας·
3487 1163 3522 1231 ἢ
3577 1161 3641 1216 οὑ
3691 1165 3871 1232 τοῦτο,

2220 1251 2364 1307 ἀλλὰ
2395 1250 2751 1322 συνέστειλας,
2784 1251 2899 1306 ἀντὶ
2929 1255 3026 1306 τοῦ
3057 1251 3311 1322 σανῆξας,
3347 1252 3425 1314 ὡς
3455 1249 3871 1326 εἷ’ρηται,οἷ”ονεὶ

2219 1343 2443 1416 ἐπῆρας,
2494 1339 2552 1396 ἐκ
2598 1341 2694 1395 τοῦ
2745 1340 3130 1415 θυσιαστηρίου
3188 1341 3480 1416 βαστάσας,
3525 1341 3708 1395 καίτοι
3760 1337 3871 1394 δια-

2218 1433 2390 1488 κόνων
2440 1430 2531 1486 καὶ
2583 1424 2960 1505 πρεσϐυτέρων
3018 1434 3181 1486 τοῦτο
3233 1434 3409 1484 ποιεῖν
3469 1428 3870 1505 ἰπιτετραμμέ·

2216 1544 2324 1576 νων
2355 1525 2451 1576 τοῦ
2475 1520 2649 1592 νόμου
2680 1517 2960 1592 λὲγοντοςο
2994 1520 3102 1575 Καὶ
3150 1520 3314 1594 ἱερεῖς
3369 1516 3754 1594 περιπελοῦσι
3805 1516 3872 1572 τὰ

2219 1614 2366 1687 ἅγια,
2400 1612 2473 1672 ὡς
2507 1609 2596 1664 καὶ
2631 1609 2675 1664 ἐκ
2712 1609 2792 1680 τῷ
2825 1607 2946 1682 ἑξῆς
2976 1608 3176 1686 φύλλῳ
3207 1609 3390 1686 φησίν.

2288 1701 2360 1754 Οὐ
2407 1700 2624 1772 θεμιτὸν
2685 1698 2850 1772 ἱερέα.
2898 1701 3022 1755 ’Ότι
3075 1700 3140 1752 οὐ
3202 1696 3284 1752 δεῖ
3330 1693 3723 1774 πρεσϐύτερον,
3772 1696 3866 1751 κᾶν

2215 1790 2518 1864 ἁμαρτάνῃ,
2554 1789 2657 1844 ὑπὸ
2707 1786 2960 1842 διακόνου
3008 1789 3043 1858 ἢ
3081 1789 3414 1859 μονάζοντος
3457 1786 3772 1850 εὐθύνεσθαι
3802 1789 3867 1858 ⁸⁸,

449 1874 690 1946 corrigi,
723 1877 945 1930 nedum
977 1894 1010 1931 a
1040 1875 1230 1946 laicis,
1284 1879 1604 1949 praesertim
1660 1882 1820 1932 extra
1869 1877 2099 1932 electio-

2224 1881 2293 1953 μή
2325 1881 2377 1933 τί
2409 1901 2470 1953 γε
2523 1879 2626 1933 ὑπὸ
2677 1876 2907 1941 λαϊκῶν,
2948 1881 3117 1930 ταῦτα
3167 1873 3224 1930 δὲ
3256 1874 3389 1952 δίχα
3421 1875 3697 1951 αἱρέσεως·
3737 1875 3866 1949 ὑπὲρ

2265 1969 2276 1978 .
2397 1971 2407 1978 .
2529 1967 2569 1978 ,μ
2695 1971 2721 1978 _
3009 1970 3036 1978 -
3141 1964 3166 1978 ..
3238 1969 3266 1978 ..
3359 1965 3379 1978 ς
3625 1969 3653 1978 ..
3753 1961 3779 1978 ν

449 1979 616 2029 nem;
665 1980 800 2018 nam
855 1970 944 2019 est
996 1981 1176 2036 supra
1225 1967 1490 2021 ordinem
1543 1967 1988 2031 monachorum,
2021 1981 2110 2049 vel

448 2051 859 2108 ministrorum
911 2069 1012 2108 seu
1058 2053 1458 2111 diaconorum.
1493 2056 1656 2120 Quod
1691 2073 1826 2112 cum
1873 2056 1955 2110 ita
2007 2053 2107 2140 sit,

448 2139 635 2196 multo
685 2143 880 2212 majus
931 2144 1093 2199 nefas
1127 2143 1204 2198 sit
1247 2145 1589 2216 episcopum
1624 2162 1658 2200 a
1687 2145 1965 2218 quopiam
2013 2139 2108 2198 in;

448 2229 666 2284 cusarL

491 2317 833 2374 Sacerdotes
873 2327 1059 2375 autem
1107 2323 1304 2391 angeli
1348 2328 1497 2378 sunt.
1533 2323 1680 2380 Nota
1724 2323 1877 2394 quod
1927 2323 2104 2378 etiam

445 2407 783 2462 sacerdotes
815 2410 1004 2480 angeli
1029 2415 1088 2464 et
1119 2411 1494 2482 interpretes,
1523 2412 1580 2466 id
1607 2418 1695 2467 est
1717 2417 2104 2484 praeceptores

444 2495 1166 2567 divinorumjudiciorum
1213 2500 1331 2555 sint
1378 2506 1512 2572 post
1559 2503 1894 2573 episcopos;
1925 2506 1982 2556 et
2011 2507 2101 2561 vel

440 2582 580 2639 hinc
613 2586 866 2642 maxime
897 2592 1078 2658 patet,
1115 2589 1437 2660 Epistolam
1480 2591 1632 2645 hanc
1663 2592 1941 2663 scriptam
1973 2608 2102 2646 esse

441 2673 514 2728 de
564 2675 918 2746 presbytero,
966 2676 1067 2747 qui
1116 2694 1148 2732 a
1199 2679 1488 2733 monacho
1540 2680 2008 2751 persecutionem
2043 2683 2101 2735 et

438 2761 719 2832 injuriam
752 2779 966 2834 passus
997 2765 1205 2820 fuerat.

506 2849 870 2906 Mediantibus
898 2853 1194 2908 ministris.
1229 2854 1378 2908 Nota
1423 2856 1578 2926 quod
1613 2855 1708 2926 qui
1742 2871 1834 2911 res
1866 2856 2096 2912 divinas

437 2955 471 2993 a
502 2939 859 3011 presbyteris
900 2941 1049 2996 scire
1081 2941 1304 3007 volunt,
1340 2961 1454 2998 non
1506 2961 1607 3016 per
1658 2961 1719 2998 se
1771 2945 1878 3000 hoc
1927 2962 2096 3017 agere

437 3027 713 3096 debeant,
760 3029 990 3083 tametsi
1041 3031 1312 3085 monachi
1364 3033 1506 3101 sint,
1542 3034 1641 3088 sed
1694 3034 2095 3089 mediantibus

439 3115 729 3186 diaconis;
763 3116 937 3188 idque
966 3120 1202 3189 quando
1248 3124 1482 3192 tempus
1522 3121 1776 3178 adfuerit
1806 3128 2093 3195 opportu-

444 3220 610 3260 num.

505 3298 620 3348 Per
663 3309 794 3365 quos
843 3296 1009 3350 etiam
1049 3299 1108 3350 ut
1155 3313 1316 3354 esses.
1369 3298 1442 3354 Ut
1488 3299 1746 3355 diximus
1795 3317 1976 3372 supra
2033 3303 2089 3356 in
2123 3279 2167 3348 α

432 3381 812 3438 Ecclesiastica
877 3385 1210 3452 hierarchia,
1273 3387 1462 3459 capite
1529 3390 1600 3444 de
1653 3391 2090 3445 consecratione

434 3471 880 3542 monachorum,
914 3490 948 3529 a
990 3477 1400 3532 sacerdotibus
1450 3478 1596 3548 ipsis
1645 3479 1771 3534 dari
1820 3479 2090 3535 habitum

436 3561 874 3618 monachicum.

505 3651 816 3707 Distinctio.
851 3652 984 3723 Agit
1027 3654 1096 3707 de
1145 3654 1558 3711 ecclesiasticis
1590 3657 2088 3725 distinctionibus,

435 3743 494 3791 et
523 3740 678 3809 quod
725 3741 803 3795 sit
851 3741 1245 3798 ministerium
1293 3745 1712 3800 monachorum
1751 3765 1763 3802 :
1799 3748 2088 3817 siquidem

435 3826 544 3880 hos
572 3828 826 3884 cultores
859 3835 1041 3886 vocat.
1079 3831 1207 3887 Haec
1235 3834 1410 3887 etiam
1445 3835 1623 3888 tradit
1675 3836 1733 3888 in
1787 3838 2088 3891 Ecclesias-

433 3918 550 3970 tica
581 3917 920 3975 hierarchia.

509 4007 664 4061 316
696 4008 998 4079 Adytorum
1027 4017 1222 4080 postes.
1273 4011 1543 4065 Diaconis
1593 4013 1752 4067 enim
1809 4015 2092 4071 attributa

433 4099 525 4148 est
556 4100 858 4166 portarum
891 4098 1153 4153 ecclesiae
1197 4099 1486 4168 custodia,
1520 4107 1585 4154 ut
1616 4100 1672 4154 in
1707 4102 2090 4159 Ecclesiaslica

435 4183 772 4249 lucrare/tia,
804 4188 993 4257 capite
1038 4188 1114 4242 De
1145 4191 1685 4246 consecrationibus
1716 4193 2089 4248 sacerdotali-

434 4273 568 4342 bus,
603 4274 776 4344 paulo
809 4287 941 4345 post
969 4276 1205 4331 initium
1239 4277 1446 4347 capitis
1475 4280 1674 4337 tradit.

503 4455 835 4509 Divinarum
880 4457 1332 4513 velamentorum.
1390 4459 1672 4524 Quoniam
1726 4462 1903 4518 etiam
1956 4469 2084 4520 tum

430 4541 762 4597 velamenta
791 4549 956 4598 erant
987 4544 1210 4599 circum
1243 4545 1450 4602 altare.

2217 1969 2320 2044 γὰρ
2350 1971 2449 2038 τήν
2481 1967 2623 2039 τάξιν
2656 1971 2762 2020 τῶν
2819 1970 3100 2040 μοκιαχῶν,
3198 1969 3309 2019 τῶν
3359 1965 3694 2041 λειτουργῶν
3742 1961 3866 2032 ἤτοι

2219 2055 2503 2112 διακόνων.
2539 2055 2641 2112 Καὶ
2691 2056 2737 2110 εἴ
2764 2060 2949 2123 τοῦτο,
2981 2052 3183 2127 πολλῷ
3230 2051 3446 2127 μᾶλλον
3491 2051 3622 2109 οὐδὲ
3653 2053 3869 2108 ἐπίσκο-

2217 2169 2317 2202 πον
2347 2150 2768 2222 κατηγορεῖσθαι
2799 2147 2956 2218 θέμις
2989 2143 3092 2199 ὑπό
3123 2164 3295 2206 τινος.

2285 2327 2353 2383 Oi
2412 2322 2469 2379 δὲ
2517 2326 2678 2397 ἱερεῖς
2737 2320 2985 2397 ἄγγελοι.
3049 2321 3368 2394 Σημείωσαι
3430 2320 3514 2376 ὅτι
3563 2321 3655 2376 xui
3705 2323 3869 2392 ἱερεῖς

2213 2410 2434 2488 ἄγγελοι
2466 2413 2555 2466 καὶ
2589 2413 2886 2485 ὑποφῆται,
2918 2409 3161 2466 τουτέστι
3195 2407 3514 2465 διδάσκαλοι
3554 2415 3664 2465 τῶν
3705 2409 3866 2464 θείων

2211 2499 2488 2576 κριμᾶτων
2524 2500 2625 2555 εἰσί
2672 2504 2806 2573 μετὰ
2848 2501 2974 2564 τοὺς
3007 2499 3288 2575 ἱεράρχαςο
3330 2499 3420 2554 xui
3453 2498 3536 2555 ὅτι
3564 2499 3689 2575 περὶ
3738 2519 3868 2575 πρε-

2211 2585 2472 2666 σϐυτέρου
2505 2588 2836 2664 διιυχθέντος
2883 2588 2975 2642 καὶ
3029 2583 3377 2661 ὑϐρισθέντος
3406 2589 3552 2662 παρᾶ
3601 2588 3866 2660 μονάζον-

2207 2700 2298 2741 τος
2330 2682 2364 2748 ἡ
2398 2678 2661 2748 ἐπιστολὴ
2696 2677 2922 2755 ἐγράφη,
2957 2677 3194 2741 ἐντεῦθεν
3233 2676 3469 2750 μάλιστα
3500 2674 3791 2746 δηλοῦται.

2280 2857 2376 2911 Διὰ
2429 2855 2605 2930 μέσων
2652 2861 2757 2910 τῶν
2812 2854 3164 2931 λειτουργῶν.
3210 2855 3534 2928 Σημείωσαι
3581 2855 3664 2908 ὅτι
3716 2854 3769 2908 οἱ
3799 2855 3866 2909 τὰ

2207 2952 2323 3009 θεῖα
2382 2951 2666 3016 ζητοῦντες
2720 2945 2866 3019 παρὰ
2923 2940 3300 3019 πρεσϐυτέρων
3378 2944 3588 3016 μαθεῖν,
3668 2941 3730 2996 οὑ
3794 2939 3863 2996 δι’

2204 3036 2404 3089 ἑαυτῶν
2438 3040 2599 3090 τοῦτο
2649 3035 2909 3109 πράττειν
2961 3032 3266 3108 ὀφείλουσι,
3299 3030 3395 3086 κᾶν
3437 3029 3729 3107 ὑπάρχωσι
3765 3052 3864 3103 μο-

2201 3123 2384 3199 ναχοὶ,
2417 3122 2561 3178 ἀλλᾶ
2593 3120 2682 3178 διὰ
2714 3124 2890 3195 μὲσων
2914 3119 3201 3188 διακόνων,
3224 3119 3314 3175 καὶ
3343 3123 3504 3174 τοῦτο
3535 3118 3660 3174 ὅταν
3687 3117 3861 3194 ἁρμό-

2207 3211 2323 3275 διος
2353 3218 2501 3286 παρῇ
2533 3212 2743 3286 καιρός.

2277 3304 2355 3356 Δι’
2402 3303 2473 3355 ὧν
2531 3301 2620 3356 καὶ
2668 3301 2730 3354 τὸ
2773 3303 2931 3356 εἶναι.
2983 3302 3187 3374 ’Ὠσπερ
3237 3297 3461 3372 εἴπομεν
3513 3295 3621 3352 ἄνω
3671 3296 3726 3352 ἐν
3780 3301 3855 3370 τῇ

2201 3389 2660 3462 Ἐκκλησιαστικῇ
2742 3388 3017 3463 ἱεραρχίᾳ,
3077 3386 3130 3441 ἐν
3204 3385 3284 3459 τῷ
3351 3387 3476 3462 περὶ
3539 3393 3855 3460 μοναχικῆς

2197 3480 2532 3540 τελειώσεως
2566 3476 2870 3555 κεφαλαίῳ,
2905 3473 2992 3530 διὰ
3022 3469 3402 3551 πρεσϐυτέρων
3427 3475 3615 3538 αὐτοῖς
3646 3471 3857 3529 δίδοται

2196 3570 2260 3623 τὸ
2296 3569 2598 3642 μοναχικὸν
2626 3573 2735 3642 σχῇ
2747 3586 2841 3638 μα.

2267 3659 2329 3714 ἸΙ
2390 3655 2752 3729 διακόσμησις
2787 3697 2799 3708 .
2861 3653 2990 3728 Περὶ
3049 3657 3154 3707 τῶν
3215 3650 3679 3723 ἐκκλησιαπικῶν
3744 3649 3860 3706 δια-

2196 3748 2442 3819 κόσμων,
2465 3746 2552 3800 καὶ
2584 3745 2664 3806 τίς
2695 3746 2728 3812 ἡ
2761 3747 2866 3797 τῶν
2905 3743 3250 3814 μοναζόντων
3286 3741 3622 3816 λειτουργία·
3651 3739 3854 3802 αὐτοὺς

2195 3837 2295 3910 γὰρ
2340 3834 2500 3890 καλεῖ
2547 3834 2894 3908 θεραπευτάς.
2946 3835 3120 3885 Ταῦτα
3163 3829 3253 3885 καὶ
3298 3829 3350 3885 ἐν
3401 3833 3470 3904 τῇ
3520 3828 3852 3899 Ἐκκλησια-

2197 3929 2351 3996 στικῇ
2385 3922 2643 3998 ἱεραρχίᾳ
2669 3922 2852 3999 φησίν.

2272 4015 2337 4068 Ai
2395 4011 2564 4066 πύλαι
2612 4017 2719 4066 τῶν
2779 4008 3007 4065 ἀδύτων.
3063 4009 3343 4069 Διακόνοις
3393 4007 3493 4084 γὰρ
3547 4010 3586 4086 ἡ
3629 4004 3850 4085 φυλακή

2193 4107 2299 4156 τῶν
2354 4110 2452 4171 τῆς
2518 4098 2844 4168 Ἐκκλησίας
2903 4095 3092 4152 πυλῶν
3154 4097 3480 4174 ἀφώρισται,
3541 4096 3615 4158 ὡς
3667 4094 3722 4150 ὲν

2197 4189 2656 4261 Ἐκκλησιαστικῇ
2705 4186 2985 4262 ἱεραρχίᾳ,
3019 4185 3071 4240 ἐν
3120 4191 3199 4258 τῷ
3230 4185 3354 4258 περὶ
3400 4189 3507 4239 τῶν
3551 4185 3846 4259 ἱερατικῶν

2193 4279 2526 4334 τελειώσεων
2559 4277 2842 4353 κεφαλαίῳ
2874 4275 3030 4354 φησὶ,
3066 4276 3179 4348 μετ’
3213 4272 3374 4348 ὀλίγα
3400 4280 3502 4343 τῆς
3539 4273 3721 4347 ἀρχῆς
3751 4275 3850 4328 τοῦ

2193 4368 2514 4446 κεφαλαίου.

2267 4461 2388 4514 Τῶν
2448 4456 2603 4510 θείων
2664 4453 3191 4530 παραπετασμάτων.
3255 4451 3377 4508 Ὀτι
3432 4450 3523 4505 καὶ
3573 4448 3699 4505 τότε
3742 4470 3848 4506 πα-

2195 4547 2580 4622 ραπετάσματι
2609 4544 2674 4613 ἦν
2704 4543 2830 4615 περὶ
2860 4543 2922 4597 τὸ
2954 4541 3360 4614 θυσιαστήριον.

501 4629 682 4700 Neque
710 4633 1012 4702 quidquam
1060 4633 1259 4689 habeas
1299 4651 1488 4691 eorum
1517 4654 1638 4707 quae
1665 4639 1878 4695 decent.
1913 4640 2084 4713 Nota,

2264 4635 2397 4691 Οὔτε
2449 4634 2594 4710 ἔχεις
2644 4654 2696 4688 τι
2749 4636 2856 4687 τῶν
2906 4628 3321 4706 προσηκόντων.
3384 4628 3706 4701 Σημείωσαι
3761 4626 3843 4683 ὅτι

431 4716 716 4788 quoniam
749 4723 959 4790 preter
989 4722 1255 4779 ordinem
1286 4727 1343 4778 et
1372 4741 1569 4781 sacros
1595 4727 1765 4798 ritus,
1789 4729 1848 4784 in
1882 4737 2084 4786 sancta

430 4804 743 4874 involaret,
776 4807 921 4863 nihil
953 4825 1021 4865 ex
1055 4811 1194 4876 illis,
1228 4829 1417 4884 neque
1448 4816 1661 4888 videre,
1694 4835 1882 4890 neque
1913 4821 2081 4875 audi-

432 4912 514 4966 re,
549 4911 741 4968 neque
789 4899 1004 4956 habere
1052 4903 1344 4974 credatur,
1377 4907 1612 4962 tametsi
1667 4911 1938 4967 manibus
1983 4913 2083 4968 illa

429 4989 841 5043 contrectaret.

504 5075 895 5145 Prasumeret,
937 5078 1160 5146 nedum,
1193 5084 1282 5134 etc
1336 5081 1840 5159 Subaudiendum,
1873 5091 2081 5148 merito

430 5163 763 5236 puniretur,
797 5167 1305 5238 quemadmodum
1337 5174 1394 5226 et
1423 5171 1538 5230 hic.

503 5253 729 5320 Quando
757 5256 882 5324 quis
929 5258 1139 5326 majora
1188 5261 1402 5315 meritis
1449 5266 1761 5320 attentarei.
1793 5267 2079 5331 Quoniam

432 5337 481 5393 si
515 5339 650 5410 quis
677 5341 855 5396 etiam
885 5357 953 5398 ea
999 5359 1127 5415 quae
1159 5352 1552 5406 consentanea
1582 5361 1719 5410 sunt
1749 5355 1946 5425 faciat,
1976 5359 2080 5416 sed

433 5431 641 5498 praeter
669 5429 943 5572 lordinem
974 5437 1031 5488 et
1060 5433 1426 5511 dignitatem,
1459 5438 1552 5496 hic
1602 5445 1799 5500 tamen
1825 5445 1925 5518 jus
1955 5447 2079 5504 fas-

435 5531 548 5572 aue
577 5515 666 5572 vio
692 5524 769 5572 at.

435 5531 548 5588 que
577 5515 769 5575 violat.

2195 4729 2222 4781 ὁ
2253 4726 2494 4786 ἀτάκτως
2525 4725 2614 4778 xui
2665 4721 2813 4796 παρᾶ
2853 4719 2981 4783 τοὺς
3023 4717 3204 4792 ἱεροὺς
3237 4716 3472 4792 θεσμοὺς
3516 4722 3636 4780 τοῖς
3666 4717 3848 4794 ἁγίοις

2193 4812 2559 4884 ἐπεισπηδῶν,
2592 4811 2744 4867 οὐδὲν
2779 4811 2828 4883 ἐξ
2860 4809 3034 4864 αὐτῶν
3065 4805 3189 4864 οὕτε
3223 4804 3382 4878 ἲδεῖν,
3419 4804 3544 4862 οὕτε
3592 4806 3845 4875 ἀκοῦσαι,

2193 4904 2314 4960 οὔτε
2345 4902 2490 4978 ἔχειν
2540 4902 2871 4974 πιστεύεται,
2904 4899 2947 4952 εἷ
2979 4897 3069 4952 καὶ
3106 4901 3228 4959 ταῖς
3262 4897 3449 4973 χερσὶν
3478 4895 3658 4952 αὐτῶν
3694 4897 3851 4952 ἅπτε-

2189 5016 2299 5051 ται.

2262 5082 2621 5156 Ἐτόλμησεν·
2673 5080 2826 5136 οὕπω
2877 5076 3001 5153 γάρ·
3055 5077 3200 5131 Κατᾶ
3243 5079 3431 5131 κοινοῦ
3479 5076 3542 5132 τὸ
3586 5073 3845 5138 Ἐνδίκως

2189 5174 2532 5249 ἐτιμωρεῖτο,
2565 5170 2759 5224 ὡσανεὶ
2785 5169 2875 5223 καὶ
2907 5167 3086 5228 οὗτος.

2257 5266 2419 5318 Ὅταν
2465 5262 2598 5336 ὑπερ
2647 5259 2794 5329 ἀξίαν
2844 5278 2927 5318 τις
2973 5255 3262 5330 ἐγχειρῶν.
3322 5255 3469 5325 ”Οτι,
3524 5255 3572 5310 εἱ
3628 5255 3722 5310 καὶ
3766 5253 3832 5309 τὰ

2189 5352 2373 5410 είκότα
2416 5373 2500 5414 τις
2549 5354 2717 5419 ποιεῖ,
2767 5357 2913 5422 παρα
2959 5347 3059 5416 τὴν
3111 5342 3312 5399 οἰκείαν
3364 5339 3422 5399 δὲ
3472 5343 3622 5416 τάξιν
3663 5364 3722 5399 τε
3748 5342 3836 5399 xui

2187 5446 2356 5518 ἀξίαν,
2379 5442 2469 5497 καὶ
2503 5443 2656 5501 οὗτος
2685 5439 2747 5493 τὸ
2778 5437 2993 5513 ἐφικτὸν
3031 5428 3368 5509 ὑπερϐαίνει.

1423 5627 1666 5690 νΑῑιυΕ
1713 5634 2104 5697 LECTIONES
2143 5637 2234 5695 ET
2272 5631 2838 5694 CORRECTIONES.

506 5703 552 5744 ⁸⁸
577 5707 1016 5783 κατηγορεῖσθαι.
