4062 6366
163 385 251 441 549
1074 384 1134 436 S.
1175 382 1445 435 ΜΔΧΙΜΙ
1487 382 1789 437 SCHOLIA

1945 385 2097 436 EPP.
2142 386 2196 437 S.
2238 387 2572 441 DIONYSII.

3432 391 3540 444 550

223 508 459 580 Δαίμονες
510 504 731 576 ἀληθῶς
783 503 1187 581 θεολογοῦντες.
1236 505 1365 580 Περὶ
1411 508 1521 560 τῶν
1573 504 1767 567 θεολο-

1956 510 2233 566 Daemones
2274 527 2396 567 vere
2440 514 2611 568 Deum
2656 513 2991 584 proﬁtentes.
3044 520 3124 571 De
3172 516 3540 575 daemonibus

162 600 372 678 γούντων
400 599 489 653 τὸν
524 600 735 671 Ἰησοῦν
771 595 1073 655 δαιμόνων.

222 686 362 745 Ἀλλ’
388 686 739 762 ἐκκῆρυκτος.
772 689 897 744 ’Ότι
926 686 1260 764 ἐκκήρυκτος
1288 691 1357 761 τῇ
1389 685 1649 762 θεολογίᾳ
1677 692 1780 749 πᾶς

163 777 688 854 ἀλλοτριεπίσκοπος.

224 956 310 1010 Καὶ
363 956 411 1009 οἱ
462 956 624 1029 ἱερεῖς
672 954 1130 1031 περιστέλλουσι.
1180 955 1335 1017 Τίνες
1389 956 1632 1028 συνάγειν
1691 952 1779 1007 καὶ

166 1044 370 1121 ἐπαίρειν
432 1041 684 1100 δύνανται
743 1047 812 1100 τὰ
870 1047 1019 1120 ἅγια,
1074 1042 1164 1099 καὶ
1225 1044 1307 1098 ὅτι
1358 1042 1420 1097 οὐ
1467 1047 1626 1097 πᾶσιν
1661 1041 1780 1119 ἐφι-

163 1135 286 1192 κτόν.

222 1224 313 1279 Καὶ
339 1224 566 1298 Μαριὰμ
607 1221 923 1299 λεπροῦται.
978 1222 1294 1296 Σημείωσαι
1345 1223 1443 1291 τὴν
1495 1222 1669 1276 αἰτίαν
1713 1217 1782 1275 δι’

164 1317 213 1383 ἣν
241 1312 517 1387 ἐλεπρώθη
552 1312 737 1387 Μαρία
768 1315 802 1382 ἡ
835 1317 931 1367 τοῦ
966 1310 1247 1375 Μωϋσέως
1274 1309 1481 1389 ἀδελφή
1501 1354 1511 1369 .

219 1404 259 1458 Κ
294 1400 359 1456 δὲ
406 1401 418 1418 ε
522 1402 533 1417 ι
761 1407 780 1417 υ
870 1401 884 1421 9
938 1402 951 1422 I
1061 1403 1073 1422 ι
1168 1402 1181 1419 \
1302 1400 1313 1417 ε
1500 1399 1510 1417 π
1604 1396 1648 1419 'M
1752 1403 1778 1413 ~

261 1424 309 1455 αι
360 1422 421 1457 πι
451 1424 582 1466 τους
611 1409 784 1457 Σκευα
835 1423 1009 1464 υιους.
1078 1404 1185 1459 Επι
1232 1423 1361 1465 τους
1408 1402 1558 1462 υἱους
1602 1416 1659 1454 οε
1686 1420 1782 1454 του

162 1496 309 1546 Σκευᾶ
334 1491 398 1544 τὰ
429 1489 683 1563 δαιμόνια
713 1490 978 1564 ἐφήλατο,
1009 1492 1091 1545 ὅτι
1135 1493 1274 1563 μήτε
1321 1491 1661 1550 πιστεύοντες
1706 1489 1782 1550 εἰς

160 1582 381 1654 Χριστὸν,
417 1583 561 1653 μήτε
611 1581 1133 1656 κεχειροτονημένοι
1184 1578 1475 1654 ἐξώρκιζον
1514 1578 1639 1640 τοὺς
1675 1575 1784 1632 δαί-

161 1691 325 1742 μονας,
380 1669 518 1745 ὅπερ
572 1676 688 1731 τοῖς
747 1669 1120 1739 ἐπιορκισταῖς
1183 1669 1372 1742 μόνοις
1433 1668 1652 1741 θεμιτὸν
1697 1666 1779 1733 ἦν.

155 1760 307 1814 Τοῦτο
336 1758 385 1812 ἐν
416 1764 540 1819 ταῖς
574 1760 799 1834 Πράξεσι
829 1762 938 1812 τῶν
970 1756 1293 1813 ἀποστόλων
1327 1762 1523 1812 κεῖται.

217 1845 341 1903 Οὐδὲ
394 1846 465 1902 τὰ
536 1845 716 1902 δίκαια
794 1849 869 1921 μή
928 1848 1045 1901 κατ’
1100 1846 1244 1917 ἀξίαν
1283 1887 1295 1901 .
1357 1844 1674 1918 Σημείωσσι
1731 1842 1783 1898 τί

157 1934 268 1992 ἐστι.
314 1937 550 1998 Δικαίως
599 1934 845 2006 διώξεται
894 1935 958 1991 τὸ
1009 1933 1241 2005 δίκαιον,
1275 1935 1304 1990 6'
1349 1956 1483 2013 φησι
1524 1935 1781 2006 Μωϋσῆς,

154 2024 226 2078 καὶ
255 2022 331 2079 ὅτι
358 2023 491 2080 οὐδὲ
521 2028 590 2079 τὰ
620 2023 804 2080 δίκαια
836 2026 1055 2099 θεμιτὸν
1092 2027 1167 2097 μὴ
1200 2028 1314 2080 κατ’
1349 2024 1499 2094 ἀξίαν
1541 2021 1781 2078 διώκειν.

152 2116 313 2188 Ἔχεις
344 2112 399 2169 δὲ
428 2120 600 2170 τοῦτο
631 2116 721 2169 καὶ
770 2115 821 2169 ἐν
865 2121 981 2177 τοῖς
1016 2115 1159 2185 έξῆς.
1200 2110 1456 2175 Πλατέως
1488 2110 1545 2167 δὲ
1576 2114 1783 2185 [τοῦτο]

155 2199 480 2277 διαγυμνάζει
514 2203 802 2279 Ὠριγένης
832 2203 884 2258 ἐν
914 2208 994 2275 τῷ
1029 2210 1057 2257 ι’
1085 2208 1194 2258 τῶν
1241 2202 1317 2267 εἷς
1358 2202 1486 2264 τοὺς
1518 2200 1782 2276 Ἱερεμίου

151 2294 386 2367 Θρήνους.

207 2470 323 2543 §lI.
353 2470 411 2525 Τί
467 2472 562 2527 οὖν
596 2471 700 2548 φῄς
736 2492 748 2543 ;
787 2474 1080 2534 Ἀντίθεσις
1123 2473 1197 2535 ὡς
1230 2471 1290 2527 ἐκ
1319 2470 1667 2548 Δημοφζλου,
1701 2468 1783 2523 ὅτι

158 2557 284 2613 ἐστὶν
315 2554 545 2615 ἀσέϐεια
573 2559 628 2614 ἐν
653 2567 769 2623 τοῖς
802 2560 1001 2637 ἱερεῦσι
1039 2562 1115 2635 μὴ
1149 2560 1499 2634 εὐθυνομένη.

203 2739 337 2813 Ἐγὼ
385 2736 443 2794 δὲ
503 2738 934 2813 ἀπολογήσομαί
987 2760 1093 2796 σοι.
1146 2738 1449 2813 Ἀπολογία
1497 2738 1635 2813 πρὸς
1685 2737 1785 2804 τήν

147 2826 384 2891 ἀντίθεσιν
415 2828 559 2904 περὶ
593 2825 956 2905 ἷδιοπραγίας.

205 2917 273 2989 [α]
299 2919 398 2973 Καὶ
434 2918 520 2990 μὴ
573 2921 837 2979 τοπικῶς.
890 2920 1014 2974 ’Ὁτι
1061 2918 1130 2972 τὰ
1177 2916 1439 2991 περὶτῶν
1483 2906 1785 2992 ἀγγελὶκῶν

152 3001 443 3060 ὗποϐἀσεων
476 3005 572 3060 καὶ
620 3005 819 3076 τάξεων
873 3005 935 3059 οὐ
984 3009 1227 3067 τοπικῶς
1277 3002 1359 3059 δεῖ
1398 3002 1671 3079 δέχεσθαι,
1705 3002 1787 3057 ὅτι

151 3091 491 3163 πλησιάζουσι
549 3099 688 3167 Θεῷ,
722 3092 868 3149 ἀλλά
912 3094 1049 3168 πρὸς
1077 3095 1175 3162 τὴν
1220 3092 1445 3148 ἑκάστου
1477 3089 1788 3162 ἐπιτηδειό-

150 3200 282 3251 τητα·
442 3182 509 3237 οὐ
544 3203 646 3259 γαρ
680 3182 731 3236 ἐν
763 3182 917 3255 τόπῳ
943 3182 971 3236 ὁ
1003 3181 1151 3243 Θεός·
1188 3181 1413 3243 εἰκότως
1446 3180 1538 3237 οὖν
1579 3179 1693 3235 οὐδ’
1734 3178 1788 3232 αἱ

150 3271 315 3342 νοηταὶ
346 3270 637 3346 δυνάμεις.

212 3452 275 3525 [γ]
336 3446 617 3525 Σύμϐολα
693 3447 1097 3526 Χριστοειδῶς.
1176 3450 1435 3506 Τουτέστι
1506 3449 1604 3517 τὴν
1684 3454 1791 3504 τῶν

156 3540 447 3614 μυστηρίων
495 3537 936 3615 τελεσιουργίαν.
996 3535 1363 3615 Χριστοειδῶς
1418 3534 1495 3611 δὶ,
1554 3534 1694 3592 διότι
1744 3539 1796 3593 οἱ

153 3627 317 3701 ἱερεῖς,
347 3636 468 3693 τοῖς
500 3629 676 3692 θείοις
706 3627 1065 3703 ἐπευχόμενοι
1090 3625 1289 3702 δώροις
1309 3625 1436 3696 ἤτοι
1467 3622 1796 3699 συμϐόλοις,

154 3718 234 3784 τὴν
258 3723 351 3772 τοῦ
382 3720 631 3793 Χριστοῦ
660 3718 806 3788 τάξιν
841 3716 1152 3792 ἐπέχουσιν.

210 3810 353 3875 §lIL
387 3806 462 3881 [δ]
495 3805 662 3865 Ἀλλ’
704 3806 765 3860 οὐ
799 3806 1126 3884 Δημοφίλῳ.
1164 3805 1240 3862 Οὐ
1284 3806 1385 3880 γὰρ
1417 3800 1605 3875 ἔξεστι,
1638 3806 1794 3882 φησί,

157 3896 439 3973 Δημοφίλῳ
472 3900 786 3971 θεραπευτῇ
837 3892 974 3964 ὄντι,
1023 3899 1189 3950 ταῦτα
1237 3893 1474 3949 εὐθύνειν
1507 3894 1572 3949 τὰ
1620 3896 1795 3970 ἁμαρ-

155 3986 206 4053 τις
212 4006 369 4057 ματα.

212 4075 396 4129 Δίκαια
444 4073 506 4130 δέ
555 4074 692 4130 ἐστι.
740 4075 807 4130 Τί
860 4074 994 4141 ἐστι,
1027 4071 1250 4135 δικαίως
1289 4072 1355 4127 τὰ
1403 4070 1581 4127 δίκαια
1637 4093 1796 4145 μετα-

161 4155 371 4233 διώκειν,
405 4164 501 4219 καὶ
540 4163 628 4218 ὅτι
659 4162 913 4237 ἀγγέλοις
938 4162 1000 4217 τὸ
1035 4159 1242 4217 δίκαιον
1278 4163 1627 4235 ἀπονέμεται.

216 4253 283 4325 [ε’]
342 4252 681 4331 Δημόφιλος
744 4250 803 4306 δὲ
856 4251 1009 4327 λόγῳ
1043 4292 1055 4306 .
1115 4250 1374 4307 Τουτέστι
1447 4252 1545 4320 τὴν
1606 4252 1797 4305 ἑαυτοῦ

163 4335 376 4416 ἀλογίαν,
421 4343 516 4397 καὶ
564 4339 660 4395 τὸν
695 4342 889 4413 θυμὸν,
920 4340 1013 4395 καὶ
1052 4341 1152 4409 τὴν
1187 4337 1475 4411 ἐπιθυμίαν
1524 4338 1624 4405 τῆς
1675 4340 1796 4391 ἑαυ-

160 4432 236 4480 τοῦ
261 4430 569 4507 φιλαρχίας
602 4428 882 4499 κολαζέτω
917 4431 944 4484 6
976 4426 1321 4506 Δημόφιλος.
1480 4425 1798 4501 Σημείωσαι

160 4510 223 4584 δὲ,
251 4519 320 4581 ὡς
348 4518 400 4574 ἐν
434 4526 573 4575 πᾶσι
608 4524 726 4579 τοῖς
758 4519 874 4572 οὖσι
909 4516 998 4572 διὰ
1025 4521 1134 4571 τῶν
1180 4517 1413 4592 πρώτων
1460 4520 1578 4577 τοῖς
1621 4513 1797 4569 δευτέ-

158 4623 257 4677 ροις
284 4608 620 4683 ἀπονέμεται
648 4608 717 4662 τὰ
743 4608 861 4661 κατ’
894 4606 1063 4679 ἀξίαν.

218 4696 288 4767 [ζ]
337 4698 495 4753 Ἀλλ’
558 4697 872 4772 ἐπαρχέτω.
933 4697 1247 4772 Κρατείτω,
1303 4694 1490 4771 φησὶν,
1546 4694 1573 4748 6
1632 4690 1797 4769 λόγος

157 4789 315 4855 θυμοῦ
363 4788 454 4841 καὶ
502 4787 825 4857 ἐπιθυμίας·
858 4789 1026 4840 ταῦτα
1071 4786 1172 4861 γὰρ
1219 4786 1287 4840 τὰ
1331 4785 1608 4862 ὑφειμένα·
1643 4782 1694 4837 ἐν
1726 4787 1795 4856 τῇ

156 4870 344 4927 τούτων
394 4877 501 4949 γὰρ
558 4875 744 4949 ἐποχῇ
796 4877 830 4943 ἡ
879 4873 1077 4948 λογική
1138 4874 1381 4950 φαίνεται
1442 4873 1654 4943 ἐξουσία
1708 4873 1798 4927 καὶ

157 4955 393 5034 δύναμις,
438 4959 581 5018 ὥστε
618 4966 692 5037 μὴ
726 4962 944 5033 ἀπλῶς,
979 4961 1125 5018 ἀλλὰ
1154 4964 1291 5036 πρός
1322 4983 1374 5016 τι
1405 4964 1683 5037 χρήσιμον
1711 4982 1798 5017 κε-

158 5054 383 5122 χρῆσθαι
415 5053 631 5113 αὐτοῖς.

219 5139 310 5195 Ἐκ
337 5145 472 5196 Θεοῦ
502 5142 829 5214 νομοθέτης.
868 5141 976 5198 Τὸν
1010 5142 1153 5196 θεῖον
1182 5139 1402 5197 Παῦλόν
1434 5161 1621 5216 φησιν.

222 5227 328 5284 Οὐκ
357 5230 505 5300 ἀξιοῖ
532 5233 635 5295 τῆς
682 5228 1027 5301 Ἐκκλησίας.
1062 5232 1154 5284 Ἐκ
1200 5236 1301 5299 τῆς
1349 5230 1487 5304 πρὸς
1533 5227 1799 5302 Τιμόθεον

160 5312 467 5389 ἐπιπολῆς.

224 5406 389 5479 §IV.
448 5408 532 5462 Τὰ
588 5408 703 5461 καθ’
760 5407 909 5478 ἀξίαν
967 5406 1213 5483 ἀφόριζε.
1277 5404 1593 5479 Σημείωσαι
1650 5405 1797 5474 τάξιν

163 5490 544 5570 ἐπαινουμένην
602 5493 1077 5567 έκκλησιαστικήν,
1130 5493 1225 5549 τίνιπι
1279 5499 1395 5556 τοῖς
1479 5492 1799 5567 μονάζουσιν

1887 597 2089 654 Jesum
2126 602 2221 655 Dei
2256 599 2468 656 Filium
2504 602 2942 658 conﬁtentibus.

1964 693 2172 744 Verum
2212 686 2566 761 ἐκκήρυκτος.
2600 691 2885 754 Quoniam
2938 690 3268 765 ἐκκήρυκτος
3311 711 3416 752 seu
3447 713 3539 752 re-

1881 777 2177 848 jiciendus
2220 795 2253 832 a
2302 778 2595 852 theologia
2643 781 2837 835 omnis
2891 779 3219 838 alienorum
3269 783 3538 839 curiosus

1894 866 2223 937 indagator.

1960 960 2035 1009 1ιί
2064 956 2371 1012 sacerdotes
2398 959 2816 1026 circumtegunt.
2848 960 3096 1025 Quinam
3140 960 3369 1033 possint
3405 978 3541 1018 san-

1891 1049 1984 1099 cta
2016 1062 2365 1116 componere
2412 1056 2465 1101 et
2512 1047 2755 1117 elevare,
2792 1048 2969 1119 idque
3002 1066 3115 1105 non
3147 1050 3424 1106 omnibus
3469 1050 3540 1105 li-

1891 1135 2046 1190 bere.

1963 1226 2027 1277 Et
2058 1225 2232 1278 Maria
2284 1225 2496 1295 leprosa
2532 1226 2612 1295 ﬁt.
2647 1225 2904 1281 Observa
2946 1243 3188 1282 causam
3238 1229 3310 1283 ob
3360 1244 3540 1301 quam

1893 1312 2097 1380 Maria,
2132 1331 2296 1368 soror
2327 1315 2561 1386 Moysis,
2592 1314 2822 1386 leprosa
2855 1317 3002 1371 facta
3036 1318 3130 1371 sit.

1964 1406 2026 1459 El
2062 1405 2121 1457 in
2149 1404 2293 1471 ﬁlios
2321 1409 2526 1460 Scevae.
2557 1407 2620 1459 In
2650 1404 2800 1460 ﬁlios
2829 1411 3014 1461 autem
3043 1410 3231 1462 Scevze
3254 1407 3541 1463 daemonia

1893 1491 2251 1558 insilierunt,
2282 1494 2433 1562 quod
2488 1510 2618 1547 cum
2650 1494 2709 1548 in
2742 1494 3037 1549 Christum
3073 1513 3185 1549 non
3217 1498 3542 1566 crederent,

1894 1598 2083 1651 neque
2122 1580 2356 1636 ordines
2403 1581 2819 1653 suscepissent,
2852 1583 3147 1637 daemones
3179 1584 3543 1654 adjurarent,

1894 1671 2043 1741 quod
2080 1669 2221 1725 solis
2270 1670 2574 1725 exorcistis
2606 1672 2991 1742 competebat.
3028 1671 3297 1727 Refertur
3343 1673 3451 1728 hoc
3482 1672 3543 1727 in

1891 1760 2051 1815 Actis
2089 1759 2424 1831 apostoloru
2437 1777 2489 1814 m
2524 1759 2616 1829 (k).

1966 1850 2144 1920 Neque
2174 1865 2236 1903 ea
2269 1865 2388 1919 qua:
2408 1850 2564 1920 jusla
2610 1856 2753 1916 sunt,
2805 1867 2912 1903 non
2964 1852 3263 1905 secundum
3296 1850 3546 1919 dignita-

1894 1940 2019 1992 tem.
2058 1942 2221 2007 Nota,
2256 1938 2397 2008 quid
2430 1938 2541 1993 sibi
2572 1938 2709 1993 velit
2738 1937 2883 1993 illud
2920 1955 2933 1994 :
2964 1941 3133 2011 Iuste,
3166 1939 3306 2011 quod
3333 1941 3552 2011 justum

1894 2032 1990 2097 est,
2037 2029 2376 2099 exsequeris,
2413 2028 2568 2098 quod
2620 2029 2844 2099 Moyses
2886 2029 2966 2083 ait
2994 2029 3055 2099 (ι)
3092 2045 3104 2083 :
3140 2034 3197 2084 et
3232 2045 3347 2085 non
3376 2027 3552 2085 licere

1895 2116 2073 2171 etiam
2108 2134 2173 2171 ea
2202 2134 2330 2188 quae
2366 2116 2526 2185 justa
2574 2122 2735 2187 sunt,
2769 2134 2884 2173 non
2935 2118 3265 2173 secundum
3297 2117 3551 2190 dignita-

1892 2212 2008 2261 tem
2043 2206 2301 2275 exsequi.
2326 2205 2475 2268 Quin
2509 2206 2684 2261 etiam
2716 2206 2824 2262 hoc
2855 2206 3040 2264 habes
3070 2208 3129 2262 in
3161 2206 3550 2279 sequentibus

1893 2295 2104 2349 Fusius
2138 2300 2333 2350 autem
2361 2295 2417 2350 id
2447 2295 2697 2366 explicat
2729 2295 3011 2367 Origenes
3049 2296 3293 2352 homilia
3322 2297 3550 2353 decima

1894 2386 1955 2440 in
1991 2384 2220 2439 Threnos
2248 2386 2518 2440 Jeremiz.

1966 2475 1993 2540 §
2025 2476 2093 2528 ll.
2130 2474 2270 2540 Quid
2303 2474 2477 2543 igitur
2515 2474 2748 2545 inquis?
2795 2473 3095 2547 Oppositio
3130 2474 3297 2545 quasi
3331 2490 3397 2530 ex
3426 2491 3549 2545 per-

1894 2578 2040 2617 sona
2077 2561 2398 2633 Demophili
2446 2562 2719 2630 dicentis,
2752 2565 2907 2635 quod
2958 2564 3234 2635 impietas
3260 2563 3320 2618 in
3355 2579 3545 2619 sacer-

1895 2652 2131 2705 dotibus
2163 2652 2241 2705 sit
2272 2651 2397 2705 sine
2429 2651 2806 2706 correctione.

1969 2742 2076 2808 Ego
2105 2744 2289 2795 autem
2333 2740 2438 2794 tibi
2480 2741 2830 2812 respondebo.
2861 2741 3184 2813 Responsio
3234 2742 3306 2797 ad
3352 2742 3545 2812 objec-

1896 2829 2115 2884 tionem
2148 2830 2218 2884 de
2253 2829 2423 2884 rebus
2450 2830 2702 2900 pr0priis
2733 2830 3032 2886 curandis.

1967 2918 2029 2971 Al
2061 2918 2156 2988 qui
2188 2934 2299 2972 non
2332 2918 2607 2972 localiter.
2643 2918 2928 2982 Quoniam
2974 2917 3096 2989 illa,
3130 2935 3257 2989 quaa
3308 2921 3448 2973 sunt
3476 2917 3547 2973 de

1898 3005 2484 3062 subordinationibus
2513 3009 2570 3060 et
2610 3006 2919 3061 ordinibus
2968 3006 3269 3078 angelicis,
3302 3011 3406 3062 aut
3451 3023 3549 3062 se-

1899 3094 2159 3148 cundum
2197 3094 2291 3147 31
2309 3095 2345 3147 7
2385 3092 2580 3148 locum
2613 3092 2955 3163 accipienda
2974 3094 3131 3163 quod
3154 3098 3315 3162 sunt,
3341 3108 3555 3164 nempe

1900 3187 2015 3238 Deo
2047 3182 2544 3253 appropinquent,
2576 3184 2674 3237 sed
2724 3183 2796 3236 de
2827 3180 3144 3253 cujuslibet
3193 3184 3552 3253 capacitate;

1817 3260 1860 3327 C
1901 3288 2091 3344 neque
2140 3270 2296 3327 enim
2348 3271 2406 3325 in
2458 3271 2581 3326 loco
2616 3271 2771 3326 Deus
2803 3275 2914 3337 est,
2946 3275 3124 3343 atque
3171 3272 3314 3326 adeo
3364 3286 3556 3341 neque

1902 3362 2148 3417 virtutes
2180 3359 2627 3415 intellectuales.

1977 3447 2244 3521 Symbola
2286 3447 2769 3521 Christi/ormiter.
2804 3449 2860 3503 Id
2914 3452 3004 3503 est
3051 3452 3554 3503 sacramentorum

1907 3539 2427 3595 consecrationem.
2465 3537 2616 3592 Dicit
2658 3541 2853 3592 autem
2888 3537 3396 3607 Christitormiter,
3420 3536 3560 3607 quia

1906 3628 2237 3684 sacerdotes
2267 3628 2408 3682 dum
2459 3626 2657 3681 divina
2690 3642 2937 3681 munera
2968 3626 3086 3682 sive
3138 3626 3309 3697 signa
3355 3641 3559 3682 conse-

1907 3724 2094 3783 crant,
2126 3715 2337 3770 Christi
2376 3716 2558 3771 vicem
2598 3716 2915 3771 sustinent.

1978 3810 2005 3875 §
2039 3806 2131 3860 IlI.
2168 3805 2231 3860 At
2265 3821 2372 3860 non
2422 3806 2755 3876 Demophilo.
2790 3806 2916 3860 Non
2972 3806 3126 3860 enim
3172 3804 3307 3860 licet
3356 3806 3554 3860 Demo-

1908 3895 2089 3968 philo,
2123 3912 2255 3949 cum
2292 3895 2621 3950 monachus
2667 3895 2768 3963 sit,
2803 3895 3142 3950 istiusmodi
3174 3898 3409 3965 peccata
3438 3910 3565 3949 cor-

1908 3986 2113 4052 rigere.

1977 4075 2133 4128 Iusta
2160 4089 2284 4128 vero
2314 4076 2462 4127 sunt.
2499 4073 2647 4138 Quid
2683 4072 2779 4140 sit,
2810 4072 2971 4142 jusle
2995 4074 3163 4141 justa
3192 4073 3566 4143 exsequenda

1907 4177 2057 4229 esse,
2091 4167 2264 4227 atque
2298 4161 2518 4232 angelis
2541 4160 2840 4231 justitiam
2871 4161 3073 4215 tribui.

1977 4251 2332 4321 Demophilus
2364 4252 2548 4320 itaque
2577 4251 2842 4305 sermoni.
2881 4249 2940 4304 Id
2974 4253 3084 4317 est,
3119 4265 3288 4304 suam
3328 4248 3561 4305 temeri-

1905 4343 2105 4407 tatem,
2138 4344 2195 4394 et
2239 4340 2519 4405 furorem,
2552 4342 2609 4393 et
2640 4338 3024 4407 cupiditatem
3068 4336 3409 4392 ambitionis
3440 4352 3563 4392 suae

1907 4428 2292 4499 Demophilus
2324 4426 2549 4498 puniat.
2583 4426 2839 4482 Observa
2867 4443 3023 4493 vero,
3059 4427 3350 4498 quomodo
3383 4425 3440 4479 in
3471 4442 3559 4481 re-

1907 4518 2018 4572 bus
2052 4516 2329 4572 omnibus
2362 4532 2461 4587 per
2494 4515 2741 4587 priores,
2775 4515 3202 4587 posterioribus
3232 4514 3561 4570 secundum

1827 4631 1874 4697 D
1908 4606 2136 4697 merita
2152 4606 2506 4697 tribuantur:

1975 4695 2083 4751 Sed
2103 4694 2443 4750 dominetur.
2477 4694 2846 4764 Compescat,
2880 4692 3097 4765 inquit,
3125 4692 3274 4748 ratio
3304 4692 3561 4748 furorem

1907 4790 1963 4841 et
1993 4783 2402 4855 cupiditatem;
2431 4782 2553 4836 haec
2584 4782 2740 4837 enim
2774 4782 3052 4837 inferiora
3075 4787 3247 4849 sunt;
3280 4780 3561 4852 quoniam

1907 4874 1967 4929 in
2001 4873 2209 4928 horum
2246 4870 2613 4940 subiectione
2654 4870 2959 4926 rationalis
2990 4875 3248 4941 potestas
3280 4886 3346 4925 ac
3375 4870 3562 4924 virtus

1909 4967 2169 5035 apparet,
2203 4965 2267 5015 ut
2300 4977 2415 5015 non
2465 4958 2835 5032 simpliciter,
2868 4960 2971 5016 sed
3026 4960 3098 5015 ad
3144 4958 3362 5030 aliquid
3417 4955 3563 5012 utile

1911 5051 1984 5107 iis
2017 5055 2240 5104 utatur.

1981 5141 2213 5195 Divinus
2246 5139 2460 5209 legi/er.
2494 5136 2562 5192 D.
2594 5136 2843 5193 Paulum
2876 5135 3174 5207 intelligit.

1980 5231 2098 5284 Non
2128 5228 2355 5299 dignum
2395 5234 2579 5282 censet
2620 5228 2897 5283 Ecclesiae.
2931 5227 3033 5282 Est
3079 5241 3149 5281 ex
3198 5222 3461 5299 Epistola
3490 5222 3564 5280 ad

1909 5318 2285 5373 Timotheum
2310 5317 2428 5388 (m).

1982 5406 2011 5478 §
2044 5407 2129 5462 IV.
2161 5408 2267 5460 Pro
2297 5406 2515 5459 mentis
2560 5405 2869 5474 praescribe.
2903 5405 3152 5461 Adverte
3200 5402 3561 5460 laudabilem

1910 5494 2176 5551 ordinem
2228 5491 2719 5563 ecclesiasticum,
2749 5497 2817 5549 ut
2867 5492 3173 5550 monachis
3222 5489 3475 5560 diaconi,
3505 5493 3563 5547 et

230 5714 307 5789 (Ic)
336 5719 467 5778 Act.
497 5732 619 5786 nx,
654 5718 738 5775 14.
811 5718 877 5793 (ι)
906 5718 1072 5775 Deut.
1103 5733 1218 5788 xvr,
1247 5717 1339 5774 20.
1418 5716 1519 5789 (ιη)
1550 5717 1575 5774 Ι
1604 5714 1758 5773 Tim.
1790 5731 1852 5789 ιι,
1882 5714 1940 5773 5.
