4062 6366
540 397 645 453 551

1358 386 1726 442 APPENDIX
1766 388 1861 440 AD
1899 384 2138 439 OPERA
2175 384 2233 437 S.
2275 385 2589 443 DIONYSII
2627 392 3127 451 AREOPAGITE.
3827 395 3922 449 552

542 522 636 580 his
676 517 1021 595 presbyteri,
1057 519 1112 572 et
1160 513 1515 588 presbyteris
1564 511 1821 585 episcopi
1873 508 2189 564 adhibeant

2319 506 2353 559 >1
2414 506 2674 580 διάκονοι,
2724 516 2812 569 καὶ
2867 516 3085 580 τούτοις
3143 515 3193 570 οἱ
3250 510 3622 590 πρεσϐύτεροι,
3680 518 3765 571 καὶ
3819 526 3923 583 τοῖς

543 610 1002 675 correctionem;
1050 604 1341 677 episcopis
1386 619 1520 658 vero
1572 599 1841 673 apostoli,
1875 602 1931 654 et
1980 597 2192 652 horum

542 714 935 757 successores.
973 693 1388 768 Apostolorum
1437 693 1693 762 denique
1740 702 2112 744 successores
2161 703 2194 740 a

544 789 671 846 suis
701 785 1033 859 aequalibus
1063 782 1463 854 corriguntur.

614 966 679 1020 Et
706 964 972 1037 episcopis
1003 962 1257 1033 apostoli.
1290 960 1458 1027 Nota,
1493 957 1645 1029 quod
1690 955 1868 1011 etiam
1900 950 2192 1024 episcopis

541 1056 795 1125 majores
818 1054 936 1109 sint
961 1050 1231 1124 apostoli,
1258 1047 1774 1120 apostolorumque
1796 1058 2190 1105 successores,

541 1147 599 1198 et
629 1144 787 1215 quod
838 1140 1085 1214 quilibet
1116 1140 1188 1195 ab
1232 1136 1437 1194 ordine
1486 1152 1592 1191 suo
1643 1133 1932 1189 sanctiore
1978 1130 2191 1201 corrigi

541 1232 769 1289 debeat.
804 1229 1213 1302 Apostolorum
1264 1231 1461 1281 autem
1510 1238 1879 1279 successores
1919 1219 2189 1276 existimo

542 1337 701 1378 nunc
732 1336 857 1376 esse
888 1317 1274 1392 patriarchas.

607 1410 796 1466 Nescio
824 1424 929 1480 quo
960 1409 1109 1463 statu
1135 1407 1419 1477 plangam.
1456 1398 1945 1467 Amaritudinem,
1968 1398 2056 1455 vel
2090 1416 2189 1470 po-

540 1499 660 1554 tius
692 1497 1162 1569 compassionem
1196 1494 1406 1550 Patris.

613 1589 833 1644 Etenim
860 1588 979 1641 nisi
1008 1585 1163 1640 illius
1193 1584 1339 1639 boni.
1373 1582 1622 1648 Etenim,
1657 1579 1876 1651 inquit,
1906 1577 2021 1633 nisi
2053 1576 2190 1633 boni

546 1678 645 1733 Dei
692 1675 883 1731 cultor
910 1692 944 1730 a
975 1674 1145 1729 nobis
1197 1672 1483 1738 babearis,
1519 1686 1759 1743 prorsus
1790 1673 1845 1723 et
1874 1685 1907 1721 a
1936 1667 2106 1722 nobis
2136 1669 2193 1720 et

541 1766 614 1823 ab
647 1766 920 1821 universa
949 1762 1205 1818 Ecclesia
1236 1761 1465 1816 alienus
1505 1758 1759 1814 exsistis.
1793 1757 1941 1812 Nota
1969 1759 2188 1820 autem,

541 1863 839 1929 peccatum
876 1854 983 1908 hoc
1015 1852 1285 1907 fortassis
1311 1849 1596 1905 accidisse
1626 1849 1685 1902 in
1711 1845 1964 1919 parcncia
1993 1843 2189 1916 magni

540 1943 818 2017 Dionysii,
852 1942 1169 2014 ipsumque
1216 1938 1573 1995 monachum
1624 1934 2038 2007 Demophilum
2087 1934 2187 1990 isti

538 2032 799 2092 ecclesiis
832 2030 1183 2104 prafecisse.

615 2212 768 2270 818
806 2211 893 2267 Vel
923 2210 1135 2279 duplici
1178 2216 1412 2279 peccato.
1456 2207 1624 2277 Nota,
1658 2204 1832 2278 quale
1878 2206 2040 2260 vocet
2086 2202 2189 2257 du-

541 2301 672 2374 plex
702 2305 1027 2373 peccatum,
1051 2298 1283 2369 quando
1316 2296 1596 2351 nimirum
1627 2293 1842 2366 aliquis
1874 2297 2188 2365 postquam

543 2390 821 2462 peccavit,
855 2405 969 2443 non
1011 2386 1279 2458 agnoscit
1310 2403 1370 2441 se
1400 2401 1695 2457 peccasse.
1730 2384 1846 2439 Hoc
1876 2389 2069 2437 autem
2098 2382 2191 2436 est

538 2478 828 2548 Jeremiaz,
880 2478 1034 2532 sicut
1082 2475 1357 2545 deinceps
1405 2474 1709 2530 declarat:
1762 2472 2035 2541 Quoniam
2081 2469 2190 2524 duo

536 2568 784 2640 peccavit
812 2566 1043 2640 papulas
1072 2582 1090 2619 .·
1120 2580 1209 2620 me
1244 2564 1657 2635 dereliquerunt
1686 2564 1889 2633 fontem
1930 2561 2063 2617 vitae
2085 2558 2188 2631 (η),

578 2660 601 2711 ι
642 2698 655 2711 .

545 2672 772 2814 ecQuod
825 2742 1178 2814 Demophilus
1236 2742 1557 2796 arbitretur.
1610 2740 1823 2811 Ingens
1873 2743 1931 2795 et
1980 2754 2191 2808 magna

547 2832 881 2905 compassio
917 2848 982 2886 ac
1011 2830 1331 2886 consolatio
1363 2832 1752 2900 peccatorum.

617 2924 685 2978 At
713 2922 900 2977 divino
928 2920 1257 2992 principalis
1302 2919 1398 2972 ille
1446 2918 1720 2989 pontifex.
1757 2915 2066 2971 Dominum
2098 2918 2189 2970 in-

545 3010 787 3082 telligit,
849 3009 1129 3080 quoniam
1189 3024 1304 3063 non
1360 3006 1522 3077 paria
1576 3007 1805 3077 reponit
1860 3004 2188 3076 Demophili

542 3101 735 3155 factis.

611 3190 675 3244 Et
704 3188 821 3243 haec
852 3189 981 3259 quia
1021 3185 1413 3258 peccatoribus.
1448 3184 1647 3240 Citans
1699 3183 1845 3239 illud
1878 3182 2137 3256 Apostoli
2169 3200 2182 3237 :

540 3280 831 3334 Peccatum
859 3277 1006 3331 enim
1033 3293 1144 3331 non
1168 3278 1320 3345 fecit,
1350 3291 1523 3344 neque
1552 3275 1803 3329 inventus
1834 3278 1912 3328 est
1938 3273 2096 3327 dolus
2126 3274 2186 3327 in

540 3384 634 3424 ore
660 3368 778 3438 ejus
798 3367 893 3436 (ο).
927 3365 1031 3419 Cui
1080 3369 1364 3419 consonat
1410 3362 1552 3417 illud
1590 3379 1602 3416 :
1636 3363 1966 3435 Segregatus
1995 3379 2028 3416 a
2054 3378 2184 3434 pec-

542 3455 837 3526 catoribus,
868 3455 1138 3510 excelsior
1158 3454 1305 3508 caelis
1332 3454 1518 3522 factus
1547 3452 1645 3523 (p).

615 3639 676 3693 Et
704 3638 843 3705 iuste
882 3652 1008 3691 eum
1052 3634 1295 3705 propriis
1342 3634 1459 3703 frui
1499 3632 1669 3702 iubet.
1706 3632 1767 3687 Id
1818 3636 1907 3687 est
1954 3632 2191 3704 propria

540 3725 925 3798 benignitate,
958 3730 1015 3779 et
1047 3740 1161 3777 non
1194 3720 1447 3777 tenebris
1480 3737 1546 3775 ac
1576 3720 1885 3792 supplicio.

613 3904 821 3974 Quippe
849 3903 966 3957 suis
1002 3901 1193 3956 etiam.
1224 3898 1496 3955 Refertur
1528 3899 1633 3953 hoc
1666 3900 1724 3953 in
1756 3897 2067 3969 Evangelio
2099 3915 2187 3955 se-

542 3993 802 4049 cundum
837 3992 1052 4046 Lucam
1086 3990 1181 4059 (q).

610 4081 733 4151 §V.
765 4081 937 4148 Absit,
971 4095 1079 4134 non
1120 4078 1405 4133 habemus.
1438 4076 1622 4131 Multa
1670 4074 1774 4131 tibi
1824 4076 1976 4131 bona
2026 4077 2187 4146 ﬁant,

543 4177 706 4244 pater
737 4170 991 4224 maxime
1020 4182 1146 4223 com
1159 4168 1406 4239 patiens.

613 4261 755 4329 Quin
789 4263 840 4315 et
868 4258 1269 4312 divinissimus.
1302 4254 1451 4309 Nota
1482 4254 1635 4325 quod
1672 4253 1899 4308 Domini
1932 4253 2189 4323 discipu-

538 4351 628 4406 los
659 4351 925 4421 expertes
950 4348 1106 4401 dicat
1134 4344 1388 4415 Spiritus
1416 4343 1627 4407 sancti,
1652 4342 1885 4413 quando
1918 4343 2193 4413 petebant

543 4443 610 4495 ut
639 4438 794 4510 ignis
826 4437 885 4491 in
918 4435 1322 4490 Samaritanos
1354 4432 1675 4499 detonaret,
1709 4435 1881 4502 prout
1913 4431 1973 4485 in
2005 4431 2192 4487 Evan-

544 4528 692 4599 gelio
725 4525 1071 4596 reperimus.
1098 4521 1398 4587 Quomodo
1427 4520 1605 4591 igitur
1627 4520 1697 4576 ad
1728 4520 1883 4591 ipsos
1905 4520 2191 4576 Dominus

2300 598 2688 676 πρεσϐυτέροις
2746 606 2799 658 οἱ
2847 603 3137 660 ἐπίσκοποι
3196 604 3510 676 ἆπιτιμῶσυ
3556 608 3670 667 τοῖς
3720 602 3774 660 δὲ
3819 604 3921 662 ἐπι-

2301 691 2523 755 σκόποις
2556 693 2607 747 οἱ
2657 692 2958 748 ἀπόστολοι
3007 694 3095 749 καὶ
3129 696 3180 749 οἱ
3217 694 3422 749 τούτων
3461 690 3731 769 διάδοχοι.
3760 697 3842 752 Ἐν
3872 694 3921 752 δὲ

2298 786 2417 844 τοῖς
2444 786 2551 834 τῶν
2586 782 2907 838 ἀποστόλων
2965 781 3247 859 διαδόχοις
3279 785 3423 857 παρά
3449 786 3557 838 τῶν
3592 784 3917 859 ὁμοταγῶνὴ

2301 869 2638 942 ἐπιτίμησις.

2372 959 2470 1013 Καὶ
2500 965 2616 1022 τοῖς
2672 961 2955 1038 ἱεράρχαις
3006 962 3059 1016 οἱ
3106 958 3406 1016 ἀπόστολοι
3484 960 3793 1033 Σημείωσαι
3845 960 3917 1017 ὅτι

2299 1048 2388 1103 καὶ
2418 1048 2726 1104 ἐπισκόπων
2765 1050 2978 1123 μείζους
3013 1051 3063 1104 οἱ
3093 1048 3414 1121 ἀπόστολοι,
3445 1048 3537 1103 καὶ
3573 1050 3623 1103 οἱ
3650 1054 3753 1104 τῶν
3794 1050 3916 1104 ἀπο-

2300 1137 2509 1193 στόλων
2545 1136 2820 1214 διάδοχοι,
2852 1140 2941 1194 καὶ
2974 1138 3055 1194 ὅτι
3081 1136 3305 1201 ἕκαστος
3337 1137 3483 1215 παρὰ
3522 1142 3617 1193 τοῦ
3645 1138 3915 1215 άγιωτέρου

2299 1231 2395 1292 τῆς
2426 1227 2589 1282 αὐτοῦ
2634 1228 2832 1299 τάξεως
2877 1228 3188 1293 εὐθύνεσθαι
3241 1228 3474 1306 ὀφείλει.
3504 1226 3839 1284 Ἀποστόλων
3867 1225 3916 1282 δὲ

2301 1313 2595 1391 διαδόχους
2624 1316 2749 1379 τοὺς
2779 1321 2869 1371 νῦν
2894 1318 3238 1391 πατριάρχας
3270 1318 3513 1392 ἠγοῦμαι
3546 1315 3699 1372 εἶναι.

2369 1405 2483 1463 Οὐκ
2509 1403 2607 1460 οἷδ’
2640 1406 2788 1468 ὅπως
2837 1405 3169 1479 κλαύσομαι.
3202 1412 3280 1476 Ση
3294 1403 3524 1478 μείωσαὶ
3570 1406 3669 1473 τὴν
3698 1403 3914 1477 πικρίαν,

2298 1494 2334 1564 ἢ
2370 1493 2580 1567 μᾶλλον
2616 1494 2949 1567 συμπάθειαν
2980 1500 3076 1549 τοῦ
3107 1494 3339 1571 Πατρός.

2373 1584 2468 1639 Καὶ
2497 1584 2598 1658 γὰρ
2650 1583 2698 1639 εἴ
2748 1585 2824 1657 μὴ
2871 1584 2967 1639 τοῦ
3006 1584 3231 1659 ἀγαθοῦ.
3279 1582 3380 1638 Καὶ
3426 1581 3532 1658 γὰρ
3582 1581 3628 1637 εἰ
3679 1582 3749 1656 μὴ
3782 1582 3915 1655 νομί-

2303 1678 2429 1740 ζεις,
2488 1672 2642 1749 φησὶ,
2687 1677 2783 1727 τοῦ
2832 1674 3034 1749 ἀγαθοῦ
3091 1678 3225 1728 Θεοῦ
3281 1674 3419 1727 εἶναι
3469 1676 3567 1726 τοῦ
3610 1674 3730 1744 παρ’
3772 1673 3909 1744 ἡμῶν

2298 1764 2651 1837 θεραπευτής,
2684 1761 2897 1824 πάντως
2928 1762 3018 1816 καὶ
3068 1764 3229 1835 ἡμῶν
3285 1762 3376 1816 καὶ
3408 1760 3546 1831 ὅλης
3573 1767 3670 1829 τῆς
3712 1760 3912 1830 Ἐκκλη-

2300 1851 2416 1913 σίας
2466 1849 2762 1925 ἀλλότριος
2812 1851 3100 1926 ὑπάρχεις.
3136 1850 3460 1923 Σημείωσαι
3493 1847 3572 1918 δὲ,
3604 1850 3685 1903 ὅτι
3710 1847 3843 1925 τάχα
3866 1847 3908 1903 ἐν

2298 1939 2554 2016 παροικίᾳ
2578 1944 2736 1995 τοῦτο
2763 1944 2858 1995 τοῦ
2911 1939 3151 2017 μεγάλου
3183 1941 3473 1995 Διονυσίου
3503 1939 3809 2013 ἡμαρτήθη,
3834 1937 3908 1992 καὶ

2297 2028 2380 2084 ὅτι
2438 2031 2528 2085 τὸν
2581 2029 2901 2108 Δημόφιλον
2950 2030 3111 2094 αὐτὸς
3163 2028 3410 2103 μοναχὸν
3462 2034 3563 2098 τῆς
3618 2025 3912 2098 Ἐκκλησίας

2298 2114 2472 2189 ἔταξεν
2483 2162 2497 2177 .

2368 2210 2435 2265 Ἠ
2518 2210 2617 2277 τὴν
2701 2206 2897 2277 διπκῆν
2980 2209 3249 2282 ἁμαρτίαν
3287 2250 3301 2265 .
3387 2203 3701 2278 Σημείωσαι
3769 2204 3911 2260 ποίαν

2297 2296 2456 2352 καλεῖ
2502 2295 2704 2365 διπλῆν
2738 2296 3020 2370 ἁμαρτίαν,
3080 2296 3206 2351 ὅταν
3260 2297 3588 2372 ἁμαρτάνων
3639 2315 3718 2359 τις
3763 2294 3905 2367 ἀγνοῇ

2299 2388 2381 2439 ὅτι
2411 2384 2645 2461 ἥμαρτε.
2678 2390 2844 2440 Τοῦτο
2895 2383 2950 2439 δὲ
2998 2388 3096 2440 τοῦ
3139 2385 3403 2459 Ἱερεμίου
3453 2383 3616 2455 ἐστὶν,
3648 2383 3716 2444 ὡς
3742 2381 3904 2455 ἐφεξῆς

2300 2475 2598 2551 σαφηνίζει·
2625 2476 2747 2531 ’Ὁτι
2781 2472 2876 2528 δύο
2915 2472 3155 2548 ἥμαρτεν
3184 2475 3213 2528 6
3245 2472 3403 2537 λαός·
3444 2472 3543 2546 ἐμὲ
3589 2468 3902 2548 ἑγκατίλιπον

2298 2566 2486 2639 πηγὴν
2523 2568 2690 2633 ζωῆς,
2722 2562 2813 2618 καὶ
2842 2563 2908 2618 τὰ
2937 2563 3082 2632 ἑξῆς.

2369 2745 2490 2798 Ὅτι
2549 2741 2871 2819 Δημόφιλος
2930 2739 3119 2797 οἶέται.
3182 2739 3382 2810 Πολλὴ
3442 2743 3531 2797 καὶ
3592 2738 3783 2817 μεγάλη
3830 2738 3905 2792 καὶ

2301 2834 2592 2904 συμπαθὴς
2628 2830 2974 2905 παράκλησις
3005 2837 3123 2893 τοῖς
3153 2830 3534 2906 ἁμαρτωλοῖς.

2375 2916 2533 2976 ’Ᾰλλ’
2602 2921 2630 2974 6
2711 2920 3003 2995 θεαρχικὸς
3066 2917 3497 2995 ἱεροτελεστής.
3563 2920 3663 2976 Τὸν
3744 2917 3908 2991 Κύριον

2303 3010 2468 3086 λέγει,
2501 3008 2583 3065 ὅτι
2616 3009 2723 3085 οὐχ
2755 3008 2921 3081 ὅμοια
2948 3007 3281 3065 διατάττεται
3310 3015 3433 3072 τοῖς
3466 3009 3568 3064 ὑπὸ
3622 3004 3912 3083 Δημοφίλου

2299 3102 2700 3176 γεγενημένοις.

2374 3189 2473 3245 Καὶ
2530 3192 2696 3243 ταῦτα
2743 3192 2848 3242 τῶν
2910 3187 3279 3260 ἁμαρτωλῶν.
3340 3186 3636 3263 Ἀμαρτίαν
3682 3185 3775 3260 γὰρ
3823 3180 3912 3236 οὐκ
4022 3226 4025 3263 ᾧ

2298 3276 2568 3347 ἐποίησεν,
2627 3275 2752 3331 οὐδὲ
2809 3278 3002 3351 εὑρέθη
3066 3274 3229 3337 δόλος
3261 3274 3311 3329 ἐν
3346 3281 3430 3349 τῷ
3478 3274 3699 3349 στόματι
3745 3271 3907 3337 αὐτοῦ,

2295 3368 2356 3422 τὸ
2397 3370 2493 3421 τοῦ
2540 3364 2883 3421 Ἀποστόλου
2933 3364 3128 3438 λέγων’
3181 3366 3438 3441 ἄντικρυς
3481 3366 3564 3433 τὸ,
3606 3358 3912 3440 ’Λφωρισμὲ-

2296 3476 2387 3516 νος
2432 3456 2536 3509 ἀπὸ
2581 3458 2689 3508 τῶν
2740 3450 3110 3527 ἁμαρτωλῶν,
3163 3454 3252 3508 καὶ
3307 3452 3647 3529 ὑψηλότερος
3684 3455 3781 3506 τῶν
3826 3447 3909 3503 οὐ·

2300 3548 2472 3620 ρανῶν
2502 3543 2815 3618 γενόμενος.

2370 3637 2585 3687 Δικαιοῖ
2640 3628 2697 3685 δὲ
2751 3635 2858 3685 τῶν
2911 3629 3126 3686 οἰκείων
3187 3629 3510 3687 ἀπολαύειν.
3558 3629 3793 3685 Τουτέστι
3826 3627 3911 3687 τῆς

2300 3722 2500 3783 οἷκείας
2553 3718 2983 3798 φιλανθρωπίας,
3023 3719 3114 3776 καί
3174 3722 3251 3794 μή
3308 3726 3410 3777 τοῦ
3468 3720 3685 3783 σκότους
3734 3717 3815 3771 καὶ
3849 3734 3912 3768 τι·

2304 3812 2537 3887 μωρίας.

2371 3901 2471 3958 Καὶ
2495 3901 2598 3975 γὰρ
2630 3901 2720 3955 καὶ
2751 3906 2866 3963 τοῖς
2899 3901 2972 3962 εἷς
3002 3899 3183 3957 αὐτόν.
3218 3901 3303 3954 Ἐν
3332 3901 3415 3973 τῷ
3443 3901 3577 3956 κατὰ
3604 3900 3691 3954 τὸν
3726 3897 3909 3951 Λοδκᾶν

2298 3996 2471 4045 κεῖται
2504 3988 2844 4063 Εὐαγγελίῳ.

2371 4085 2397 4149 §
2440 4083 2497 4137 V.
2531 4082 2763 4151 υΑπσιγε,
2787 4080 2892 4133 οὐκ
2915 4074 3141 4153 ἔχομεν.
3166 4077 3365 4134 Πολλά
3398 4099 3482 4134 σοι
3513 4076 3681 4154 ἀγαθά
3703 4075 3908 4151 γίνοιτο,

2298 4171 2465 4239 πάτερ
2497 4169 2905 4240 συμπαθὲστατε
2930 4170 2941 4223 l

2372 4257 2474 4313 Καὶ
2525 4256 2627 4331 γὰρ
2676 4257 2765 4311 καὶ
2825 4258 2852 4310 6
2904 4257 3197 4320 θειότατος.
3247 4256 3564 4329 Σημείωσαι
3612 4253 3690 4309 ὅτι
3740 4248 3912 4324 ἀμετό-

2300 4367 2435 4422 χους
2469 4347 2613 4421 Λέγει
2660 4345 2785 4408 τοὺς
2841 4347 3083 4419 μαθητὰς
3134 4350 3231 4401 τοῦ
3262 4346 3465 4423 Κυρίου
3510 4343 3807 4417 Πνεόματος
3831 4336 3913 4391 τοῦ

2302 4435 2473 4509 ἁγίου,
2510 4439 2804 4505 ζητοῦντας
2849 4439 2954 4509 πῦρ
3001 4430 3353 4510 ἐπομϐρῆσαι
3396 4439 3516 4497 τοῖς
3564 4428 3911 4506 Σαμαρείταις,

2301 4524 2377 4586 ὡς
2408 4523 2459 4578 ἐν
2487 4528 2566 4595 τῷ
2594 4522 2905 4597 Εὐαγγελίῳ
2938 4524 3277 4598 εὑρίσκομεν.
3309 4527 3433 4585 Πῶς
3467 4524 3556 4578 οὖν
3588 4521 3719 4594 πρὸς
3746 4511 3915 4572 αὐτοὺς

545 4615 626 4671 ait
658 4632 671 4670 :
707 4615 937 4669 Nescitis
965 4613 1127 4677 cuius
1168 4612 1397 4681 spiritus
1430 4610 1559 4663 estis
1581 4608 1696 4680 (r)?
1746 4610 1857 4664 Sed
1892 4610 2037 4665 forte
2086 4609 2189 4666 hoc

2319 4616 2333 4668 5
2384 4612 2576 4686 Κύριός
2623 4632 2809 4689 φησιν·
2843 4612 2953 4667 Οὐκ
3000 4611 3181 4668 οἷ’δατε
3224 4613 3385 4668 ποίου
3433 4610 3730 4685 πνεύματός
3774 4605 3915 4667 id“;

545 4705 717 4759 Pater
740 4701 908 4766 dixit,
927 4705 989 4755 ut
1015 4700 1346 4755 ostenderet
1372 4698 1530 4769 quali
1553 4702 1742 4768 gratia
1762 4699 1833 4754 ad
1858 4699 2195 4754 ministran-

547 4794 689 4848 dum
722 4790 887 4847 electi
910 4794 1137 4856 essent;
1166 4789 1308 4859 quin
1331 4788 1503 4842 etiam
1530 4788 1673 4842 forte
1702 4787 1813 4843 hoc
1835 4788 1981 4843 dixit
2005 4788 2191 4855 Pater,

543 4883 615 4939 ad
649 4878 982 4937 absolutam
1015 4876 1172 4932 illam
1224 4876 1543 4947 respiciens
1572 4880 1769 4946 gratiae
1810 4877 2192 4947 int'usionem,

542 4986 723 5042 quam
771 4973 904 5040 post
951 4964 1438 5021 resurrectionem
1487 4970 1865 5037 acceperunt;
1918 4966 2192 5037 quoniam

544 5059 828 5131 scriptum
861 5060 952 5111 est
984 5072 997 5110 :
1034 5054 1280 5109 Nondum
1329 5055 1477 5107 enim
1514 5058 1635 5107 erat
1666 5054 1902 5124 Spiritus
1949 5063 2189 5121 sanctus,

544 5150 682 5219 quia
711 5148 863 5201 Iesus
894 5144 1136 5200 nondum
1164 5149 1282 5197 erat
1312 5142 1647 5211 gloriﬁcatus
1669 5143 1756 5213 (s).
1781 5146 2018 5198 Sacrum
2055 5161 2192 5215 praa-

544 5239 836 5307 ceptorem
862 5236 1026 5288 vocat
1046 5235 1313 5287 sanctum
1339 5229 1671 5301 apostolum
1699 5231 2193 5305 Paulum,quippe

618 5386 697 5459 (η)
722 5386 849 5459 ᾄσει.
894 5403 957 5455 ιι,
1006 5385 1089 5441 13.

544 5472 644 5523 vn,
675 5458 761 5513 39.

1168 5384 1235 5456 (0)
1288 5387 1308 5436 Ι
1359 5388 1513 5439 Petr.
1566 5402 1630 5452 ιι,
1680 5385 1769 5441 22.

1847 5387 1921 5459 (ρ)
1956 5389 2128 5447 Hebr.
2160 5409 2263 5462 vn,

2306 4700 2457 4760 Ἀλλ’
2494 4702 2621 4762 ἴσως
2665 4706 2825 4755 τοῦτο
2858 4702 2972 4756 εἶπε
3017 4699 3226 4764 δεικνὺς
3274 4701 3409 4773 ποίᾳ
3446 4702 3632 4776 χάριτι
3677 4694 3916 4752 διακονεῖ·

2306 4793 2427 4845 σθαι
2470 4789 2812 4864 ἐξελὲγησαν·
2843 4789 2973 4852 ἴσως
3002 4788 3059 4845 δὲ
3077 4790 3165 4844 καθ
3200 4792 3228 4845 ὁ
3253 4790 3465 4865 Πατὴρ,
3483 4788 3618 4865 πρὸς
3646 4788 3706 4841 τὸ
3731 4780 3912 4838 τέλειον

2301 4886 2401 4947 τῆς
2432 4876 2635 4952 δωρεᾶς
2686 4875 2916 4945 ἀπιδὼν,
2962 4879 3031 4946 ἧς
3078 4872 3275 4932 ἔλαϐον
3331 4878 3466 4950 μετὰ
3507 4878 3605 4945 τήν
3635 4874 3909 4931 ἀνάστασιν,

2300 4972 2461 5022 τοῦτο
2486 4966 2690 5043 εἶ’ρηκε,
2723 4964 2810 5021 διὰ
2836 4966 2899 5021 τὸ
2928 4967 3248 5041 γεγράφθαιο
3294 4965 3464 5023 Οὔπω
3491 4965 3590 5041 γὰρ
3620 4966 3683 5031 ἦν
3722 4961 3912 5043 Πνεῦμα

2304 5060 2476 5133 ἅγιον,
2536 5060 2617 5112 ὅτι
2678 5061 2887 5126 Ἰησοῦς
2946 5055 3158 5111 οὐοέπω
3215 5054 3498 5128 ἐδοξάσθη,
3554 5051 3832 5129 Ἱεροθὲτην
3865 5042 3912 5097 δὶ

2301 5146 2460 5201 καλεῖ
2499 5148 2586 5201 τὸν
2613 5148 2763 5220 ἅγιον
2798 5145 3103 5200 ἀπόστολον
3129 5143 3368 5212 Παῦλον,
3392 5146 3465 5206 ὡς
3486 5140 3911 5219 χειροτονήσαντα

2302 5238 2346 5273 ⁸9
2404 5236 2549 5308 αὐτῷ
2612 5236 2711 5304 τήν
2774 5233 3186 5309 ἀρχιερωσύνην
3262 5237 3362 5299 τῆς
3439 5230 3755 5299 Ἐκκλησία(
3818 5226 3909 5278 τῶν

2302 5393 2391 5448 26.
2467 5390 2544 5463 (q)
2578 5394 2709 5444 Luc.
2743 5405 2903 5455 xxiii,
2934 5388 3024 5444 33.
3105 5388 3169 5460 (r)
3201 5388 3335 5445 Luc.
3387 5405 3465 5459 Ix,
3514 5387 3602 5443 55.
3674 5382 3910 5456 (s)Joan.

1534 5583 1775 5641 VARUE
1823 5587 2215 5648 LECTIONES
2254 5591 2346 5647 ET
2389 5586 2952 5647 CORREGTIONES.

615 5709 660 5748 ⁸⁹
688 5707 981 5786 χειροθετή
991 5728 1174 5765 σαντα.
