4062 6366
222 419 317 475 553

1175 417 1234 470 S.
1274 414 1543 468 ΜΔΧΙΜΙ
1580 411 1885 466 SCHOLIA
1920 412 1997 465 IN
2032 413 2190 465 EPP.
2233 413 2292 465 Β.
2337 413 2672 469 DIONYSII.

3518 411 3621 465 55:3

219 541 490 611 Ἀθηνῶν,
552 536 732 600 καθὼς
783 534 837 589 ὲν
884 539 1001 596 ταῖς
1044 535 1219 612 ἱεφαῖς
1265 536 1371 588 τῶν
1422 530 1743 586 ἀποστόλων
1774 531 1857 606 γὲ-

1984 534 2073 604 qui
2108 535 2303 605 ipsum
2354 518 2623 590 EcClesiae
2662 533 3039 591 Atheniensis
3087 536 3430 608 episcopum
3464 536 3626 591 ordi—

222 648 447 705 γραπται
481 630 796 701 Διαταγαῖς.

292 803 653 867 Λιδάσκεσθαι
704 804 830 877 γὰρ,
890 800 950 856 οὗ
996 804 1355 876 τιμωρεῖσθαι
1412 800 1547 873 χρή.
1606 799 1865 870 Σημείω-

224 918 302 952 σαι
337 897 539 969 ὡραῖον
573 896 668 947 καῖ
728 890 962 964 μάλιστα
1019 893 1110 943 νῦν
1169 891 1475 963 χρήσιμον,
1508 886 1588 941 ὅτι
1624 883 1864 941 διδάσκε-

222 988 333 1041 σθαι
366 986 507 1059 χρή,
536 982 627 1037 καὶ
660 981 721 1036 ού
762 980 1105 1050 κολάζεσθαι,
1137 978 1264 1042 τοὺς
1306 975 1646 1052 ἀγνοούντας,
1682 976 1863 1048 ὥσπερ

220 1073 304 1129 καί
331 1073 461 1136 τοὺς
518 1070 760 1145 τυφλοὺς
819 1067 1144 1143 ὀδηγοῦμεν,
1206 1067 1267 1122 οὐ
1310 1066 1638 1138 κολάζομεν.
1689 1064 1766 1121 Τὸ
1809 1062 1864 1118 δὲ

219 1165 350 1218 κατά
379 1160 586 1236 κόρῥης
624 1160 766 1220 τινες
823 1160 917 1229 μὲν
973 1158 1063 1211 τὸν
1120 1156 1387 1233 κρόταφόν
1434 1176 1612 1232 φασιν,
1642 1150 1774 1207 ἔνιοι
1807 1150 1865 1207 δὲ

215 1252 310 1319 τήν
349 1252 573 1325 γνάθον,
610 1248 772 1303 ἄλλοι
806 1244 863 1300 δὶ
914 1247 1076 1320 μέρος
1106 1267 1157 1299 τι
1197 1247 1297 1309 τῆς
1335 1241 1600 1321 κεφαλῆς.
1635 1242 1860 1298 Βέλτιον

219 1337 274 1395 δὲ
302 1338 532 1415 κόῤῥην,
566 1338 641 1399 ὡς
694 1331 849 1413 ἔφην,
899 1335 991 1390 τὸν
1039 1334 1304 1410 κρόταφον
1351 1331 1523 1405 λέγειν
1560 1350 1571 1363 ·
1616 1333 1863 1404 Ὅμηρος

218 1429 406 1501 μέντοι
456 1422 660 1500 κόρσην
722 1424 885 1492 αὐτὴν
956 1422 1133 1479 καλεῖ.
1212 1421 1653 1495 Παροξυτονεῖται
1714 1416 1771 1473 δὲ
1826 1422 1860 1487 ἡ

215 1516 413 1594 κόῤῥη.
446 1516 541 1578 Εἷς
570 1517 663 1570 τὸν
694 1512 961 1590 κρόταφον
997 1512 1086 1566 οὗν
1132 1509 1317 1584 ἔτυψεν
1349 1511 1376 1564 ὁ
1408 1505 1732 1585 Δημόφιλος
1761 1508 1851 1561 τὸν

220 1610 609 1680 μετανοοῦντα.

289 1875 355 1931 Oi
398 1872 492 1945 μὲν
532 1871 635 1946 γὰρ
684 1866 910 1923 ἀδικεῖν.
976 1864 1292 1939 Σημείωσαι
1354 1864 1440 1919 οἷά
1498 1884 1658 1942 φησιν
1727 1862 1860 1918 ἐπα-

226 1961 504 2017 κολουθεῖν
552 1963 670 2021 τοῖς
717 1955 920 2013 ἀδικεῖν
970 1952 1005 2024 ἤ
1053 1954 1342 2030 εὐεργετεῖν
1391 1974 1540 2017 τινας
1588 1951 1863 2028 βουλομέ-

230 2071 368 2121 νους,
388 2048 481 2104 κᾶν
515 2050 591 2121 μὴ
621 2047 757 2121 πρὸς
790 2041 947 2121 ἔργον
978 2042 1212 2118 ἤνεγκαν
1245 2043 1277 2097 ἃ
1307 2038 1719 2097 ἐϐουλεύσαντο.

300 2229 756 2301 Ἐπιχειροῦντες.
813 2221 1084 2283 Ἐκιίνους
1141 2217 1358 2289 δηλαδὴ
1410 2216 1501 2281 οὓς
1550 2217 1865 2293 προῃρέθη-

232 2338 318 2371 σαν
353 2317 605 2383 ἀοικῆσαι
654 2313 691 2381 ἤ
736 2312 1109 2387 εὐεργετῆσαι,
1161 2309 1221 2363 ού
1271 2310 1507 2376 πάντως⁹
1554 2307 1709 2381 φησὶ,
1755 2304 1862 2361 διὲ-

226 2407 407 2475 θηκαν,
439 2404 621 2466 καθὼς
668 2396 1069 2470 ἐϐουλήθησαν.
1120 2395 1406 2473 Πρόδηλον
1451 2394 1527 2464 δὲ,
1561 2396 1643 2450 ὅτι
1672 2397 1733 2451 τὸ
1768 2397 1859 2468 μὲν

224 2489 525 2565 ἀϐούλητον
555 2496 660 2546 τῶν
695 2489 1179 2565 εὐεργετουμένων,
1228 2488 1290 2541 τὸ
1335 2483 1391 2540 δὲ
1423 2486 1568 2559 παρὰ
1595 2486 1657 2539 τὸ
1697 2482 1862 2560 ἀδρα-

219 2582 303 2644 νὲς
324 2586 426 2637 τῶν
461 2578 793 2634 ἀδικούντων
805 2622 815 2633 .

295 2759 393 2814 Καὶ
425 2754 605 2813 ἐνθάδε
629 2757 718 2810 καὶ
774 2755 903 2809 ἐκεῖ.
953 2755 1078 2810 ’Ὁτι
1137 2754 1191 2807 οἱ
1250 2749 1448 2806 δίκαιοι
1507 2752 1571 2805 οὐ
1606 2753 1769 2823 μόνον
1807 2750 1857 2805 ἐν

218 2851 301 2917 τῷ
335 2844 592 2919 μέλλοντι
625 2844 806 2912 αἰῶνι,
840 2840 984 2897 ἀλλά
1031 2842 1122 2896 καὶ
1166 2840 1217 2895 ἐν
1249 2845 1326 2913 τῷ
1355 2845 1444 2894 νῦν
1480 2840 1582 2916 βίῳ
1614 2840 1858 2915 ἀγγέλων

216 2937 430 3009 ἀγαθῶν
487 2931 706 3002 ὀπαδοὶ,
749 2929 918 3008 ἤγουν
964 2929 1280 3000 ἀκόλουθοι,
1331 2929 1421 2984 καὶ
1472 2927 1861 3003 συνοδοιπόροι

217 3024 344 3080 εἶσί.

284 3129 358 3186 Τό
412 3128 627 3185 πάντων
706 3127 916 3202 ἀγαθῶν
997 3125 1273 3201 μέγιστον.
1351 3128 1475 3182 "Ott
1524 3126 1586 3178 τὸ
1647 3123 1856 3178 πάντων

204 3223 321 3273 τῶν
402 3219 609 3294 ἀγαθῶν
696 3213 945 3291 μέγιστόν
1018 3212 1126 3269 ἐστι
1201 3214 1264 3268 τὸ
1331 3213 1412 3267 ἀεὶ
1498 3214 1633 3267 εἶναι
1726 3214 1858 3285 μετά

210 3311 367 3363 Θεοῦ.

282 3396 375 3449 Καὶ
408 3390 612 3463 ἐνθᾶδε,
671 3393 760 3448 καὶ
823 3392 956 3466 μετά
1015 3390 1260 3456 θάνατον.
1319 3392 1444 3447 ’Ότι
1495 3392 1546 3444 οἱ
1598 3392 1855 3466 ἁμαρτω-

213 3482 307 3538 λοὶ
339 3484 426 3538 καὶ
460 3482 511 3538 ἐν
545 3487 623 3555 τῷ
659 3484 763 3557 βίῳ
790 3481 996 3553 τούτῳ,
1044 3482 1135 3535 καὶ
1188 3480 1240 3534 ἐν
1269 3484 1349 3551 τῷ
1393 3477 1653 3552 μέλλοντι
1681 3501 1859 3550 τιμω-

212 3576 453 3645 ροῦνται,
514 3571 649 3643 μετὰ
703 3575 810 3625 τῶν
883 3567 1156 3642 δαιμόνων
1214 3570 1346 3624 εἶναι
1401 3568 1856 3643 κατακρινόμενοι

211 3660 318 3715 ὑπὸ
347 3665 452 3715 τῶν
488 3657 641 3714 ἰδίων
676 3661 859 3713 παθῶν
893 3658 926 3712 ’ὰ
961 3657 1355 3732 προετίμησαν.

287 3753 826 3825 Ἐπιμνησθήσομαι.
913 3749 1231 3821 Σημείωσαι
1313 3750 1412 3816 τὴν
1500 3747 1683 3821 ὅρασιν
1764 3752 1858 3803 τοῦ

207 3839 362 3916 ἁγίου
432 3840 677 3915 Κάρπου,
764 3837 939 3908 πόσης
1023 3838 1222 3913 φρίκης
1292 3836 1380 3892 καὶ
1465 3835 1859 3910 παρακλήσεως

205 3929 392 4002 γέμει.

279 4021 307 4086 §
338 4019 434 4072 VI.
471 4014 765 4089 Γενόμενόν
803 4016 868 4087 με
915 4035 1067 4069 ποτε.
1129 4014 1391 4086 Διήγημα
1445 4012 1645 4087 ὠραῖον
1680 4010 1759 4065 ὅτι
1793 4013 1857 4066 ού

202 4108 319 4179 χρὴ
352 4110 470 4166 τοῖς
507 4105 931 4177 ἁμαρτάνουσιν,
993 4101 1043 4155 εἷ’
1091 4102 1179 4155 καὶ
1227 4103 1362 4176 πρὸς
1395 4102 1524 4156 Θεὸν
1555 4100 1857 4169 πταίουσιν,

200 4192 529 4268 ἐπαρᾶσθαι.
582 4190 927 4265 Σημειωτέον
985 4189 1074 4244 οὖν
1120 4192 1219 4259 τὴν
1272 4190 1533 4265 ἱστορίαν,
1566 4191 1856 4263 περιεχου-

198 4305 297 4337 σαν
346 4279 721 4350 ἀνεκλάλητον
790 4278 1189 4354 εὐσπλαγχνίαν
1274 4276 1370 4333 τοῖ’)
1451 4279 1646 4351 Κυρίου
1695 4281 1855 4351 ἡμῶν

195 4375 390 4441 Ἰησοῦ
454 4373 711 4441 Χριστοῦ,
768 4368 857 4422 καὶ
916 4368 1038 4443 περὶ
1105 4366 1533 4439 μετανοούντων.
1596 4370 1754 4440 Λὲγει
1802 4365 1858 4420 δὲ

194 4461 288 4516 καὶ
322 4460 580 4533 περὶτῆς
639 4457 933 4532 ἁγιότητος
980 4460 1076 4511 τοῦ
1138 4455 1285 4519 θείου
1334 4455 1575 4530 Κάρπου.
1627 4457 1769 4510 Ἐστι
1802 4454 1858 4509 δὲ

196 4547 367 4609 οὗτος
400 4548 428 4601 ὁ
462 4546 681 4619 Κάρπος
741 4544 802 4599 οὗ
860 4550 1131 4617 μέμνηται
1187 4544 1214 4597 ὁ
1257 4542 1593 4605 Ἀπόστολος
1628 4543 1680 4597 ἐν
1710 4547 1777 4617 τῇ

195 4639 343 4713 πρὸς
373 4636 648 4709 Τιμόθεον
683 4632 1005 4707 Ἐπιστολῇ.

274 4742 423 4798 Κατά
500 4742 598 4803 τὰς
680 4739 1033 4815 προτελείους
1110 4739 1301 4812 εὐχάς.
1375 4736 1701 4814 Προτελείας
1760 4739 1854 4811 μὶν

194 4833 439 4889 ἐκάλουν
472 4832 751 4900 Ἀθηναῖοι
808 4828 903 4892 τὰς
962 4827 1112 4904 [πρὸ]
1169 4831 1277 4881 τῶν
1336 4828 1525 4902 γάμων
1590 4828 1853 4900 μετὰτῶν

200 4924 408 4975 Θυσιῶν
448 4918 615 4993 εὐχάς
648 4938 660 4951 ⁸
694 4918 786 4972 τὸν
818 4918 918 4993 γὰρ
966 4915 1142 4991 γάμον
1195 4913 1356 4977 τέλος
1387 4914 1636 4983 ἐκάλουν,
1672 4917 1745 4978 ὡς
1775 4937 1854 4970 τε·

200 5008 391 5064 ὶειοῦν
422 5008 490 5062 τά
517 5007 653 5081 πρὸς
675 5008 766 5061 τὸν
805 5005 923 5082 βίον
967 5008 1056 5059 τὸν
1103 5006 1391 5080 ἄνθρωπον
1425 5024 1436 5036 ·
1486 5005 1575 5058 καὶ
1606 5009 1770 5059 τοῦτο
1800 5005 1857 5060 ἐκ

198 5096 435 5153 πολλῶν
471 5094 794 5170 κωμῳδίαις
838 5115 851 5127 ·
886 5099 1129 5163 ποιητῶν
1160 5092 1425 5148 δεικνύναι
1460 5091 1704 5149 δυνάτον.
1741 5102 1856 5149 Μυ-

199 5189 430 5259 στήριον
463 5191 593 5260 γοῦν
627 5187 777 5260 εἶχον
826 5185 917 5238 τὸν
980 5186 1178 5258 γάμον.
1238 5182 1463 5257 Ἒλεγον
1516 5180 1572 5236 δὲ
1600 5181 1855 5255 προτελί-

202 5282 387 5345 ζεσθαι
446 5276 535 5329 καὶ
597 5275 658 5328 τὸ
704 5274 1089 5348 προμυὲἷσθαι,
1146 5272 1236 5325 καὶ
1296 5270 1856 5345 οἱονεῖπροκαοαίρε-

197 5366 319 5418 σθαι
382 5361 458 5425 εἵς
527 5362 840 5435 ἓτοιμασίαν
918 5360 1242 5435 μυσνηρίου,
1310 5360 1382 5421 ὡς
1443 5365 1702 5433 Κρατῖνος
1758 5358 1855 5430 δη-

198 5450 344 5521 λαδὴ
380 5452 433 5506 ἐν
494 5450 709 5522 Πυλαίᾳ
768 5448 1024 5525 δράματι.
1084 5447 1336 5505 Μάλιστα
1385 5449 1487 5523 γὰρ
1536 5450 1602 5503 τὰ
1648 5451 1853 5522 μυστή-

198 5542 289 5619 ριά
341 5561 491 5602 τινος
562 5545 667 5594 τῶν
728 5538 1063 5613 ψευωνύμων
1118 5538 1291 5591 αὐτῶν
1343 5541 1475 5601 θεῶν
1554 5537 1685 5607 τέλη
1766 5540 1850 5592 καὶ

192 5629 422 5691 τελετὰς
488 5626 735 5697 ἐκάλουν,
799 5628 871 5689 ὡς
931 5624 1246 5687 τελειούσας
1296 5627 1385 5680 καὶ
1428 5627 1502 5689 εἰς
1553 5627 1613 5681 τὸ
1643 5625 1852 5681 τέλειον

192 5719 436 5798 ἀγούσας
486 5718 612 5781 τοὺς
659 5716 1044 5791 τελουμένους.
1107 5716 1182 5773 Τὸ
1232 5721 1362 5792 γοῦν
1408 5718 1534 5793 παρ’
1582 5714 1852 5789 Ἕλλησιν

483 5851 747 5913 Ρλιυιιοι.
792 5850 903 5910 Gn.
946 5848 1051 5911 ιν.

1975 628 2232 691 naverat,
2250 624 2751 695 quemadmodum
2776 624 2833 677 in
2860 624 3045 680 sacris
3065 624 3463 696 apostolorum
3482 624 3627 681 Con-

1976 710 2385 767 stitutionibus
2417 713 2703 784 scriptum
2738 711 3045 782 reperitur.

2048 805 2247 856 Docere
2292 803 2464 867 enim,
2514 817 2621 855 non
2665 802 2875 871 punire
2919 805 3145 871 oportet.
3191 801 3446 856 Observa
3492 801 3626 873 pul-

1974 890 2179 944 chrum
2212 895 2267 943 et
2295 890 2617 944 etiamnum
2652 889 3036 945 utilissimum
3065 890 3309 955 dictum,
3333 892 3627 946 docendos

1975 993 2123 1047 esse,
2147 982 2202 1032 et
2234 979 2478 1032 minime
2509 979 2836 1049 puniendos
2867 978 3226 1049 ignorantes,
3248 980 3630 1048 quemadmo-

1976 1067 2117 1120 dum
2150 1067 2316 1121 cmcis
2349 1068 2627 1122 ducatum
2663 1072 3033 1139 praestamus,
3062 1083 3177 1121 non
3215 1066 3507 1138 supplicia
3536 1069 3627 1122 in-

1974 1156 2233 1226 figimus.
2279 1156 2425 1210 Illud
2489 1163 2683 1211 autem
2733 1154 2867 1208 κατά
2917 1153 3140 1229 κόῤῥης,
3195 1155 3376 1226 aliqui
3423 1156 3627 1212 dicunt

1974 1244 2306 1314 significare
2347 1244 2613 1319 κρόταφον
2649 1261 2751 1299 seu
2799 1248 3032 1315 tempus
3083 1243 3314 1315 capitis,
3346 1244 3441 1298 alii
3494 1262 3625 1301 vero

1972 1348 2175 1403 genas,
2210 1334 2307 1387 alii
2341 1334 2591 1405 denique
2641 1339 2862 1404 partem
2916 1333 3175 1404 aliquam
3208 1333 3439 1405 capitis.
3478 1334 3626 1388 Prm-

1975 1426 2092 1476 stat
2141 1426 2336 1477 autem
2384 1421 2611 1497 κόρῥην,
2647 1422 2730 1477 uti
2778 1422 3067 1491 dicebam,
3103 1439 3206 1493 pro
3259 1423 3627 1494 temporibus

1974 1512 2256 1582 accipere,
2326 1529 2461 1566 nam
2533 1517 2589 1566 et
2653 1512 2943 1567 Homerus
3010 1510 3109 1565 illa
3172 1508 3375 1584 κόρσην
3438 1518 3625 1568 vocat.

1977 1597 2159 1673 Κόρῥη
2214 1604 2407 1654 autem
2458 1599 2515 1653 in
2570 1599 2898 1671 penultima
2937 1599 3185 1655 acuitur.
3220 1601 3372 1655 319
3424 1600 3628 1671 Itaque

1974 1688 2356 1758 Demophilus
2412 1689 2791 1760 poenitentem
2854 1687 2913 1742 in
2969 1688 3334 1758 temporibus
3384 1706 3627 1760 percus-

1974 1780 2151 1831 serat.

2048 1864 2326 1935 Siquidem
2377 1867 2479 1935 quz’
2508 1866 2743 1936 injuriis
2772 1866 3012 1935 afﬁcere.
3050 1865 3197 1921 Nota
3245 1866 3442 1937 qualia
3473 1866 3627 1923 dicat

1974 1969 2072 2009 eos
2104 1954 2411 2026 sequi,qui
2457 1953 2692 2024 injuriis
2748 1954 2837 2008 vel
2888 1953 3187 2008 beneficiis
3237 1954 3466 2026 aliquos
3496 1956 3624 2010 affi-

1974 2060 2101 2099 cere
2132 2048 2438 2109 conantur,
2473 2042 2706 2099 etiamsi
2740 2044 2932 2114 reipsa
2964 2059 3079 2098 non
3110 2042 3367 2098 inferant
3397 2061 3464 2100 ea
3495 2061 3621 2115 quas

1972 2132 2265 2188 volebant.

2044 2223 2453 2292 Aggredientes.
2490 2221 2609 2276 Illis
2642 2237 2851 2291 nempe
2883 2220 3100 2291 quibus
3130 2220 3379 2291 injurias
3409 2219 3498 2277 vel
3530 2222 3626 2276 be-

1974 2310 2178 2365 neficia
2198 2311 2460 2365 conferre
2481 2314 2830 2374 statuerant,
2846 2327 2957 2364 non
2984 2326 3430 2381 usquequaque,
3449 2314 3625 2381 prout

1973 2400 2428 2468 destinaverant,
2472 2403 2880 2470 reposuerunt.
2912 2399 3123 2469 Liquet
3166 2398 3482 2469 imprimis,
3516 2398 3625 2453 hoc

1972 2488 2310 2558 contingere
2342 2505 2444 2558 per
2475 2487 2919 2553 incogitantiam
2948 2503 3150 2542 eorum
3184 2488 3241 2541 in
3275 2504 3424 2558 quos
3452 2488 3627 2542 bene-

1973 2576 2206 2630 ﬁcentia
2228 2576 2545 2642 confertur,
2570 2576 2712 2630 illud
2739 2592 2872 2631 vero
2904 2592 3018 2646 praa
3052 2576 3401 2647 impotentia
3422 2592 3624 2632 eorum

1971 2664 2070 2735 qui
2104 2664 2316 2718 inferre
2350 2669 2561 2736 parant
2590 2664 2865 2734 injurias.

2044 2753 2225 2808 Elh‘ie
2254 2762 2305 2808 et
2344 2754 2443 2807 ibi.
2480 2754 2762 2819 Quoniam
2808 2753 2955 2823 justi
3012 2770 3126 2807 non
3180 2752 3370 2809 solum
3425 2755 3482 2809 in
3534 2756 3626 2809 fu-

1970 2847 2101 2897 turo
2133 2842 2368 2910 saeculo,
2400 2844 2500 2897 sed
2546 2842 2721 2897 etiam
2774 2842 2834 2896 in
2885 2841 2993 2896 hac
3023 2841 3165 2912 vita,
3198 2843 3487 2898 bonorum
3523 2860 3626 2898 an-

1970 2930 2233 3003 gelorum
2293 2932 2463 2999 socii,
2524 2931 2643 2987 sive
2698 2930 2954 2995 asseclae,
3005 2947 3070 2986 ac
3121 2937 3423 2987 consortes
3473 2932 3624 2988 exsi-

1972 3024 2159 3075 stunt.

2042 3127 2191 3195 Quod
2240 3127 2549 3181 maximum
2598 3136 2677 3182 est
2726 3127 2991 3181 bonorum
3037 3129 3304 3183 omnium.
3338 3128 3624 3191 Quoniam

1974 3216 2259 3271 bonorum
2288 3216 2552 3270 omnium
2588 3216 2911 3270 maximum
2944 3220 3053 3285 est,
3079 3233 3212 3271 cum
3246 3217 3358 3273 Deo
3392 3234 3626 3290 semper

1973 3320 2125 3359 8886.

2043 3393 2176 3447 Cum
2207 3394 2317 3459 hic,
2351 3397 2467 3447 tum
2506 3397 2625 3464 post
2672 3401 2918 3448 mortem.
2953 3393 3239 3458 Quoniam
3291 3398 3626 3465 peccatores

1969 3487 2024 3538 et
2070 3484 2128 3536 in
2169 3482 2275 3537 hac
2314 3482 2433 3536 vita
2482 3486 2537 3537 et
2588 3482 2645 3535 in
2697 3483 2894 3537 futura
2933 3482 3273 3553 punientur,
3325 3500 3459 3537 cum
3512 3484 3625 3537 da:-

1969 3572 2245 3627 monibus
2277 3571 2597 3626 damnandi
2648 3574 2885 3643 propter
2931 3571 3234 3643 passiones
3267 3587 3416 3643 quas
3466 3588 3624 3628 ama-

1970 3665 2127 3715 runt.

2039 3751 2359 3806 Memorabo.
2394 3751 2542 3805 Nota
2592 3750 2875 3806 visionem
2904 3755 2959 3806 S.
2997 3750 3189 3824 Carpi,
3230 3756 3449 3823 quanto
3489 3750 3624 3807 hor-

1969 3856 2096 3895 rore
2125 3857 2190 3895 ac
2221 3838 2617 3895 consolatione
2649 3840 2823 3911 plena
2855 3841 2953 3897 sit.

2040 4018 2188 4085 §VI.
2225 4018 2359 4073 Cum
2390 4020 2656 4074 venissem
2694 4018 3011 4090 aliquando.
3049 4018 3293 4074 Pulchra
3339 4019 3620 4087 narratio,

1970 4107 2122 4177 quod
2157 4124 2273 4161 non
2316 4112 2580 4178 Oporteat
2623 4108 3021 4177 peccatoribus
3074 4105 3229 4161 mala
3279 4106 3616 4178 imprecari,

1968 4196 2205 4251 tametsi
2258 4202 2459 4251 contra
2510 4201 2686 4249 Deum
2742 4200 3002 4266 peccent.
3037 4196 3372 4249 Notandum
3425 4201 3621 4251 autem

1970 4284 2271 4339 historiam
2297 4285 2446 4339 hanc
2469 4284 2742 4339 exhibere
2774 4283 3129 4338 ineffabilem
3159 4284 3620 4339 misericordiam

1969 4373 2199 4427 Domini
2235 4373 2416 4427 nostri
2446 4374 2588 4427 Jesu
2632 4372 2850 4427 Christi
2889 4389 3026 4443 erga
3069 4373 3438 4443 pcenitentes.
3474 4373 3621 4437 Quin

1968 4460 2144 4514 etiam
2192 4462 2314 4532 agit
2352 4465 2422 4516 rio
2467 4463 2778 4517 sanctitate
2830 4462 3015 4516 sancti
3047 4461 3257 4532 gCarpi.
3294 4465 3393 4516 Est
3424 4466 3623 4517 autem

1968 4548 2062 4603 hic
2093 4550 2338 4618 Carpus,
2382 4553 2553 4619 cujus
2596 4550 2869 4605 meminit
2913 4550 3230 4622 Apostolus
3260 4551 3318 4607 in
3366 4551 3627 4623 Epistola

1885 4630 1931 4693 D
1964 4638 2224 4692 secunda
2255 4639 2325 4692 ad
2361 4639 2760 4693 Timotheum.

2036 4746 2186 4798 Inter
2223 4747 2666 4815 praeparatoria:
2697 4745 2991 4799 orationes.
3028 4744 3357 4818 Προτιλείας
3386 4747 3621 4818 quidem

1966 4832 2341 4904 appellabant
2362 4833 2774 4901 Athenienses,
2792 4849 2993 4903 preces
3018 4833 3150 4888 illas
3174 4852 3321 4905 quas
3350 4853 3463 4890 una
3487 4852 3622 4889 cum

1966 4921 2177 4976 hostiis
2212 4921 2437 4992 nuptiis
2478 4921 2937 4991 praemittebant;
2989 4922 3226 4992 nuptias
3276 4923 3432 4979 enim
3460 4922 3622 4984 τέλος

1965 5009 2363 5080 appellabant,
2391 5014 2453 5063 ut
2478 5026 2605 5079 quae
2628 5009 2927 5065 hominem
2956 5010 3265 5081 perficiant
3295 5013 3352 5065 in
3389 5012 3461 5067 iis
3494 5029 3621 5083 qum

1966 5100 2036 5153 ad
2072 5098 2223 5153 hanc
2255 5100 2432 5153 vitam
2488 5104 2778 5170 spectant,
2814 5100 2894 5154 uti
2946 5117 3013 5154 ex
3065 5099 3269 5155 multis
3321 5102 3621 5156 comoediis

1966 5193 2269 5259 poetarum
2330 5188 2611 5242 declarari
2668 5192 2880 5259 potest.
2918 5192 3105 5255 Quare
3155 5189 3331 5244 etiam
3384 5191 3624 5261 nuptias

1967 5294 2069 5346 pro
2103 5282 2472 5331 sacramento
2496 5276 2811 5331 habebant.
2839 5278 3124 5333 Dicebant
3146 5283 3339 5333 autem
3373 5278 3627 5353 προτελί-

1969 5364 2146 5431 ζεσΟαι
2181 5370 2237 5418 et
2267 5365 2652 5435 προμυεῖσθαι,
2687 5381 2752 5419 ac
2785 5365 2831 5419 si
2867 5367 3164 5421 dicerent:
3200 5371 3349 5422 Ante
3383 5385 3501 5423 rem
3538 5387 3626 5425 sa-

1967 5470 2123 5507 cram
2159 5453 2394 5507 lustrari
2431 5471 2530 5507 seu
2568 5453 2805 5523 purgari
2849 5455 2916 5507 ad
2954 5456 3215 5527 mysterii
3248 5463 3621 5528 apparatum,

1966 5541 2139 5607 sicut,
2189 5542 2348 5595 verbi
2408 5543 2615 5613 gratia,
2670 5542 2945 5598 Cratinus
2998 5544 3055 5597 in
3111 5546 3281 5617 Pylea
3332 5548 3617 5604 dramate.

1966 5630 2215 5685 Maxime
2245 5630 2400 5685 enim
2437 5631 2717 5705 mysteria
2758 5630 3009 5702 alicujus
3058 5650 3088 5689 e
3138 5634 3303 5691 falsis
3352 5635 3613 5709 ipsorum

1966 5720 2080 5777 diis
2109 5717 2242 5789 τὲλη
2278 5724 2334 5777 et
2362 5719 2581 5782 τελετάς
2612 5720 3011 5795 appellabant,
3044 5724 3213 5796 quasi
3245 5726 3614 5799 perﬁcerent,

3258 5854 3335 5913 18
