4062 6366
416 370 523 425 555

1248 367 1612 420 APPENDIX
1647 366 1747 418 AD
1784 364 2026 419 OPERA
2061 363 2119 415 Β.
2159 362 2474 419 DIONYSII
2516 367 3016 425 ABEOPAGITE.

3720 371 3827 427 556

418 500 476 551 et
506 496 574 550 ad
610 493 931 565 perfectum
974 491 1331 547 adducerent
1368 488 1650 543 initiatos.
1683 487 1846 551 Quod
1882 484 2063 557 igitur

2194 478 2387 546 ἱσεϐῶς
2439 482 2730 559 λεγόμενον
2790 510 2867 553 εις
2914 492 2975 545 τὸ
3028 499 3131 562 τῆς
3200 493 3459 563 ἀληθείας
3519 496 3825 570 μυστήριον

418 603 451 640 a
479 582 801 655 gentilibus
824 582 895 635 ad
927 581 1289 650 impietatem
1316 578 1695 641 referebatur,
1723 576 1779 629 id
1817 589 2068 646 magnus

415 672 731 743 Dionysius
764 671 832 725 ad
864 668 1125 723 veritatis
1159 667 1503 738 mysterium
1537 665 1815 729 traduxit,
1849 667 1901 717 et
1930 679 2069 734 προ-

417 758 663 820 τελείους
693 761 847 815 320
879 755 1043 830 εὐχάς
1085 757 1229 811 dixit
1274 772 1374 809 eas
1424 770 1626 825 preces
1674 769 1804 823 quas
1852 750 2067 805 vivifici

418 849 772 907 sacramenti
804 846 1302 902 consecrationem
1338 843 1693 914 praecedunt,
1730 857 1831 912 pro
1866 840 2065 911 expia-

418 941 578 994 tione
608 954 673 992 ac
716 936 1141 1005 deprecatione,
1175 950 1246 987 ne
1296 930 1647 987 sacramenti
1698 927 2066 999 participatio

422 1029 589 1083 cedat
618 1028 677 1080 in
702 1023 994 1093 judicium
1026 1019 1511 1084 communicanti,
1542 1024 1598 1072 et
1630 1034 1733 1089 pro
1767 1016 2067 1088 perfectis-

423 1116 574 1172 simo
613 1130 680 1169 ac
730 1112 1068 1184 perficiente
1113 1108 1537 1164 sacrificiorum
1587 1120 1829 1161 munere
1877 1106 2066 1177 impe-

421 1203 654 1259 trando.
688 1198 1092 1273 Ἐξεναγώγησε
1140 1202 1335 1253 autem
1386 1196 1604 1268 posuit,
1640 1212 1765 1266 pro,
1812 1193 2067 1266 hospitio

423 1292 669 1363 excepit.

495 1380 630 1435 Cum
657 1380 835 1434 adhuc
862 1377 976 1431 dies
1009 1376 1211 1430 hilarii
1247 1390 1340 1428 seu
1383 1373 1713 1428 Hilarimtis.
1748 1372 1926 1426 Erant
1956 1370 2068 1426 ali-

421 1469 521 1541 qui
553 1469 679 1523 dies
726 1465 1070 1534 idololatris,
1106 1480 1254 1534 quos
1300 1462 1551 1517 Hilarios
1581 1461 1888 1527 vocabant,
1922 1465 1977 1514 et
2007 1459 2067 1513 hi

418 1558 657 1629 quidem
682 1559 849 1611 erant
878 1552 1083 1625 privati
1111 1558 1166 1607 et
1192 1552 1409 1615 bilarii,
1434 1555 1498 1604 ut
1519 1566 1645 1604 cum
1672 1549 1805 1619 quis
1830 1565 2065 1603 uxorem

417 1647 683 1711 duxerat,
716 1643 802 1698 vel
856 1643 1041 1696 ﬁlium
1092 1646 1401 1713 genuerat;
1455 1654 1800 1693 communes
1830 1653 1961 1691 vero
2002 1653 2067 1691 ao

416 1734 661 1805 publici,
700 1738 761 1787 ut
788 1748 920 1786 cum
955 1729 1249 1801 quispiam
1283 1746 1380 1783 rex
1412 1730 1800 1796 inauguratus
1832 1742 1933 1779 seu
1966 1725 2067 1779 de-

416 1824 695 1891 claratus,
731 1820 998 1891 publicos
1051 1818 1299 1872 Hilarios
1330 1817 1455 1870 dies
1487 1815 1802 1869 indicebat.
1837 1812 2065 1868 Nemini

419 1929 521 1983 per
557 1928 655 1966 eos
705 1910 831 1963 dies
889 1908 1103 1961 licebat
1150 1905 1474 1975 quidquam
1528 1902 1771 1971 lugubre
1819 1907 2068 1973 gestare,

420 2002 523 2055 sed
556 1998 891 2070 spectacula
932 1995 1333 2064 sacriﬁciaque
1378 1995 1434 2046 in
1468 1994 1593 2048 dies
1626 1991 1892 2062 singulos
1923 1990 2069 2045 cele-

423 2089 771 2155 brabantur,
802 2090 859 2140 et
902 2085 1169 2155 lugentes
1200 2088 1329 2137 tum
1362 2082 1472 2137 sibi
1503 2098 1535 2135 a
1566 2080 1727 2136 luctu
1776 2086 2071 2150 tempera-

423 2177 588 2242 bant,
621 2178 797 2245 atque
842 2171 1191 2243 spectaculis
1224 2172 1564 2235 intererant,
1599 2169 1777 2239 inque
1821 2167 2071 2238 publicis

426 2264 707 2319 conviviis
741 2262 1075 2318 istiusmodi
1109 2261 1231 2314 dies
1262 2259 1508 2313 Hilarios
1540 2257 1962 2327 transigebant.
1986 2257 2070 2310 Ad

424 2354 547 2408 hazc
579 2352 751 2407 etiam
792 2355 917 2407 erat
963 2349 1243 2404 Romanis
1291 2347 1605 2419 peculiaris
1656 2346 1895 2417 quidam
1948 2346 2073 2399 dies

423 2443 611 2498 festus
630 2440 885 2496 Ililarius
909 2440 967 2493 in
988 2438 1268 2492 honorem
1294 2436 1501 2491 matris
1521 2436 1761 2489 deorum
1784 2434 2072 2504 ipsorum,

426 2531 568 2601 quin
601 2529 801 2601 potius
826 2528 1351 2591 dazmoniorum,ut
1380 2524 1575 2595 inquit
1602 2521 1984 2594 Demophilus
2016 2522 2075 2576 in

421 2620 571 2675 libro
604 2621 681 2674 De
709 2619 999 2688 sacriﬁciis
1028 2633 1095 2671 ac
1122 2614 1523 2686 festivitatibus
1554 2615 1928 2683 antiquorum.

498 2716 604 2765 Per
634 2717 805 2763 totam
832 2708 1024 2763 vitam.
1063 2708 1120 2761 Id
1150 2712 1240 2761 est
1271 2704 1532 2775 quandiu
1564 2705 1621 2758 in
1657 2701 1926 2774 praesenti
1958 2700 2077 2755 vita

426 2798 608 2868 degit.
644 2798 979 2852 Notandum
1020 2800 1214 2849 autem
1262 2794 1481 2849 amicos
1516 2793 1616 2846 Dei
1648 2808 1748 2861 per
1777 2794 1957 2844 totam
1985 2789 2075 2842 vi-

426 2893 549 2942 tam
585 2887 794 2940 debere
844 2889 1105 2939 errantes
1157 2882 1488 2946 instituere,
1522 2886 1578 2934 et
1621 2878 1956 2951 pertrahere
2006 2878 2076 2932 ad

431 2974 793 3045 agnitionem
828 2972 1111 3027 veritatis.
1146 2970 1265 3024 Hoc
1308 2970 1500 3040 ipsum
1553 2968 1751 3037 itaque
1797 2967 2073 3032 observa;

433 3062 673 3131 quidam
704 3062 859 3115 enim
900 3058 1171 3130 imperite
1202 3057 1561 3112 contrarium
1611 3059 1901 3117 asserunt,
1936 3070 2076 3125 apo-

436 3148 639 3205 stolico
670 3148 907 3204 oraculo
939 3149 1270 3213 abutentes,
1296 3163 1411 3217 quo
1456 3144 1674 3199 dicitur
1706 3160 1719 3198 :
1757 3142 2078 3198 Hmreticum

2178 570 2453 643 ὠνόμασεν
2490 577 2516 629 6
2561 578 2727 649 μέγας
2778 578 3075 652 Διονύσιος,
3127 582 3216 636 καὶ
3264 582 3624 657 προτελείους
3676 588 3826 639 εἶπεν

2175 660 2339 734 εὐχὰς
2395 663 2488 724 τὰς
2544 667 2649 740 πρὸ
2702 671 2800 721 τοῦ
2887 673 3159 735 ζωοποιοῦ
3254 672 3557 743 μυστηρίου
3615 672 3830 728 τελειο-

2173 748 2333 811 τάτας
2385 748 2597 821 δεήσεις
2646 754 2777 830 ὑπὲρ
2819 759 3131 833 καθάρσεως
3176 760 3267 813 καὶ
3312 761 3678 833 ἀκατακρίτου
3730 782 3828 834 με-

2173 838 2463 911 ταλήψεως
2502 846 2599 896 τοῦ
2648 842 2993 900 τελειοτάτου
3038 846 3128 902 καί
3175 848 3527 904 τελειοποιοῦ
3584 854 3692 904 τῶν
3729 862 3822 913 θυ-

2177 930 2307 1083 ἔιῶν
2340 924 2539 1003 δώρου.
2570 933 2990 1008 θΕζεναγώγησε
3035 932 3092 990 δὲ
3119 936 3235 990 ἀντὶ
3262 940 3382 1008 τοῦ⁹
3415 938 3489 998 ὡς
3523 938 3677 1010 ξένον
3711 935 3825 992 ἐδε-

2210 1035 2426 1071 ιωσατο.

2210 1016 2426 1071 ιώσατο.

2245 1373 2362 1425 ’Έτι
2419 1374 2526 1425 τῶν
2579 1371 2826 1445 Ἰλαρίων
2884 1376 3130 1447 ἡμερῶν.
3188 1376 3355 1432 Ἦσαν
3413 1375 3559 1439 τινὶς
3615 1375 3817 1450 ἡμέραι

2174 1466 2292 1521 τοῖς
2325 1458 2775 1533 εἰδωλολάτραις,
2808 1460 2867 1522 ἃς
2917 1460 3156 1533 Ἱλαρίας
3202 1462 3429 1519 ἐκάλουν
3464 1484 3478 1496 ·
3511 1464 3601 1519 καὶ
3634 1466 3689 1518 αἱ
3727 1466 3820 1537 μὶν

2176 1550 2309 1617 ἦσαν
2344 1545 2592 1602 ἷ’διαικαὶ
2645 1548 2871 1621 ἱλάριοι,
2923 1552 2998 1613 ὡς
3052 1552 3175 1607 ὅταν
3230 1574 3315 1617 τις
3369 1550 3597 1628 ἔγημεν,
3630 1552 3665 1622 ἤ
3700 1554 3814 1607 υἱόν

2177 1636 2365 1691 ἐκτᾶτο
2396 1656 2407 1668 '
2438 1637 2492 1690 αἱ
2524 1634 2581 1690 δὲ
2609 1638 2783 1692 κοιναὶ
2821 1638 2909 1692 καὶ
2966 1636 3225 1712 δημόσιαι
3259 1639 3469 1715 ἱλάριαι
3503 1642 3823 1712 ἐκαλοῦντο,

2178 1727 2251 1787 ὡς
2307 1723 2429 1779 ὅταν
2498 1725 2751 1797 βασιλεὺς
2826 1727 3315 1802 ἀναγορευόμενος,
3392 1732 3487 1792 τὰς
3548 1727 3817 1802 δημοσίας

2180 1813 2421 1888 Ἱλαρίας
2454 1820 2706 1888 παρεῖχε.
2758 1815 2855 1868 Καὶ
2904 1815 3028 1870 οὕτε
3070 1819 3308 1890 πένθιμα
3365 1818 3416 1873 ἐν
3444 1820 3665 1880 ταύταις
3721 1840 3819 1896 φοι

2183 1908 2292 1979 ρεῖν
2348 1900 2489 1972 ἐξῆν,
2549 1902 2693 1957 ἀλλᾶ
2739 1902 2827 1957 καί
2886 1906 2999 1958 θεαι
3058 1906 3146 1959 καὶ
3195 1908 3372 1961 θυσίαι
3418 1909 3537 1961 καθ’
3589 1905 3818 1977 ἐκάστην

2181 1992 2391 2063 ἡμέραν
2451 1987 2786 2047 διετελοῦντο
2866 1990 3149 2066 δημόσιαι,
3226 1994 3314 2049 καὶ
3391 1996 3443 2049 οἱ
3500 2000 3821 2059 πενθοῦντες

2182 2078 2464 2149 ἐπαύοντο,
2496 2083 2583 2132 καί
2641 2078 2928 2153 ἐθεώρουν,
2979 2082 3066 2135 καὶ
3122 2081 3173 2136 ἐν
3230 2083 3491 2157 εὐωχίαις
3522 2084 3823 2147 ἀπαύστοις

2183 2164 2375 2241 διῆγον
2428 2168 2521 2230 τὰς
2572 2169 2874 2243 ὡρισμένας
2924 2171 3133 2243 ἡμέρας
3190 2176 3309 2235 ταῖς
3364 2172 3643 2234 τοιαύταις
3684 2173 3827 2230 Ἱλα-

2186 2257 2345 2331 ρίαις.
2405 2261 2500 2310 Ἠν
2558 2253 2615 2310 δὲ
2669 2257 2759 2311 καὶ
2818 2258 3051 2332 Ἱλαρία,
3110 2261 3270 2335 ἑορτὴ
3332 2259 3479 2329 ἷδικὴ
3538 2263 3827 2334 Ῥωμαίων

2183 2345 2258 2407 εἷς
2303 2346 2469 2415 τιμὴν
2524 2352 2623 2414 τῆς
2686 2347 2891 2419 μητρὸς
2935 2352 3041 2401 τῶν
3094 2352 3228 2411 θεῶν
3284 2349 3485 2418 αὐτῶν,
3518 2347 3735 2421 μᾶλλον
3774 2348 3833 2405 δὶ

2183 2428 2479 2504 δαιμόνων,
2512 2431 2585 2494 ὥς
2630 2433 2760 2507 φησῖ
2816 2433 3138 2513 Δημόφιλος
3189 2439 3240 2491 ὲν
3290 2441 3370 2509 τῷ
3401 2439 3531 2513 Περὶ
3561 2442 3671 2493 τῶν
3703 2440 3831 2514 παρ’

2183 2519 2434 2595 ἀρχαίοις
2465 2522 2660 2576 θυσιῶν
2691 2522 2780 2577 καὶ
2812 2523 3031 2599 ἑορτῶν.

2256 2699 2351 2751 Διά
2383 2699 2505 2772 βίου
2536 2700 2756 2761 παντός.
2806 2702 3060 2756 Τουτέστι
3125 2704 3290 2777 μέχρι
3345 2702 3413 2757 τὰ
3469 2709 3569 2772 τῆς
3620 2704 3833 2779 παρού-

2186 2807 2284 2855 σης
2342 2785 2589 2858 ἐνέστηκε
2652 2794 2818 2858 ζωῆς.
2901 2792 3249 2862 Σημειωτέον
3309 2788 3367 2846 δὶ
3419 2791 3502 2846 ὅτι
3563 2789 3644 2845 δεῖ
3696 2792 3832 2851 τοὺς

2187 2874 2459 2952 Θεοφιλεῖς
2491 2874 2579 2930 διά
2640 2877 2759 2952 βίου
2818 2880 3017 2940 παντὸς
3058 2885 3327 2941 νουθετεῖν
3386 2879 3513 2941 τοὺς
3544 2878 3831 2948 πεπλανη-

2191 2962 2406 3035 μένους,
2440 2966 2529 3017 καὶ
2564 2966 2639 3028 εἷς
2677 2965 2965 3040 ἐπίγνωσιν
3014 2966 3272 3035 ἀληθείας
3318 2962 3515 3023 ἕλκειν.
3570 2966 3828 3039 Σημείω-

2188 3072 2273 3105 σαι
2302 3050 2391 3105 οὖν
2420 3052 2547 3107 αύτό
2582 3074 2593 3086 ·
2626 3055 2764 3117 τινὲς
2805 3057 2908 3129 γὰρ
2954 3056 3176 3127 ἀμαθῶς
3221 3055 3284 3109 τὸ
3317 3056 3549 3110 ἐναντίον
3583 3054 3828 3131 λέγουσι,

2186 3141 2525 3216 κεχρημένοι
2557 3146 2636 3213 τῷ
2676 3141 3028 3215 ἀποστολικῷ
3080 3144 3230 3219 ῥητῷ
3260 3148 3339 3216 τῷ
3370 3143 3583 3220 λέγοντι
3619 3163 3631 3177 ·
3668 3146 3835 3218 Αἱρε-

439 3239 722 3295 hominem
750 3246 864 3308 post
890 3240 1138 3308 primam
1179 3238 1229 3291 et
1271 3236 1503 3290 alteram
1532 3233 1962 3288 admonitionem
1990 3232 2076 3287 de-

2194 3230 2341 3284 τικὺν
2401 3227 2682 3303 ἄνθρωπον
2746 3232 2879 3303 μετὰ
2950 3232 3174 3305 πρώτην
3252 3232 3340 3286 καὶ
3401 3230 3647 3306 δευτέραν
3708 3253 3836 3286 νου-

434 3329 549 3382 vita
576 3328 669 3398 (t);
705 3327 819 3381 vim
871 3326 1158 3381 dictorum
1215 3323 1458 3378 minime
1507 3321 1921 3392 intelligentes,
1955 3337 2080 3392 quae

434 3432 539 3487 per
564 3415 870 3486 sequentia
892 3415 1067 3469 verba
1091 3414 1341 3467 maxime
1363 3410 1711 3467 declaratur.
1738 3411 1903 3464 Tunc
1924 3409 2081 3463 enim

433 3509 567 3576 post
625 3504 875 3575 primam
927 3508 984 3558 et
1031 3504 1348 3557 secundam
1401 3500 1809 3569 monitionem,
1851 3497 2081 3552 evilatio

420 3594 585 3663 justa
616 3592 841 3648 censeri
893 3592 1085 3657 debet,
1110 3591 1346 3662 quando
1398 3589 1496 3660 qui
1549 3592 1766 3656 monet,
1801 3588 1872 3642 ad
1904 3588 2082 3642 evita-

424 3683 647 3737 tionem
709 3682 993 3752 procedit,
1041 3684 1407 3749 compertum
1458 3678 1680 3732 habens
1729 3677 1905 3731 talem
1955 3678 2082 3747 jam

428 3770 781 3824 subversum
818 3785 966 3836 esse,
988 3768 1219 3822 etiamsi
1253 3767 1307 3820 id
1354 3766 1551 3831 lateat,
1577 3782 1710 3819 cum
1742 3765 1819 3819 sit
1850 3764 2083 3835 preprio

419 3856 647 3929 judicio
678 3857 1126 3911 condemnatus.
1160 3854 1532 3909 Manifestum
1583 3853 1736 3907 enim
1771 3852 1910 3923 quia
1941 3869 2083 3906 san--

429 3946 544 4001 ctis
574 3946 913 4000 doctoribus
946 3943 1234 3998 revelatur
1265 3946 1457 3997 status
1480 3940 1806 3996 conditiove
1839 3956 2087 4010 praesen-

429 4034 601 4089 tium.
635 4033 747 4087 Alii
777 4050 911 4088 vero
944 4033 1165 4087 dictum
1209 4032 1337 4097 hoc,
1368 4034 1488 4101 post
1517 4046 1687 4083 unam
1739 4032 1789 4083 et
1837 4029 2083 4083 alteram

430 4125 816 4187 monitionem,
841 4122 923 4177 sic
955 4121 1390 4185 intellexerunt,
1416 4136 1481 4173 ac
1512 4118 1559 4173 si
1585 4118 1805 4172 dictum
1831 4117 1925 4183 sit,
1952 4123 2084 4188 post

435 4213 761 4268 doctrinam
792 4228 860 4267 ex
889 4210 1079 4267 Veteri
1112 4211 1386 4279 Novoque
1410 4210 1785 4263 Testamento
1817 4207 2084 4279 deprom-

434 4306 616 4374 piam.

505 4392 871 4447 Consueverai
920 4388 1069 4443 enim
1121 4396 1270 4442 tunc.
1322 4390 1467 4439 Nota
1519 4385 1894 4439 traditionem
1944 4402 2081 4456 apo-

432 4479 699 4535 stolicam
725 4483 1041 4532 nocturnas
1074 4474 1414 4547 psalmodiae
1447 4472 1679 4545 regulas
1710 4474 2043 4529 tradidisse.

500 4656 707 4727 Absque
748 4653 1323 4745 perturbationerllla
1353 4651 1641 4724 particula
1675 4653 1942 4723 negativa
1971 4669 2079 4709 non
2112 4682 2157 4745 Ι)

435 4763 569 4801 cum
603 4747 714 4800 isto
746 4745 948 4815 absque
993 4743 1400 4807 perturbatione
1447 4744 1846 4795 construenda
1873 4747 1983 4808 est,
2018 4748 2081 4797 ut

431 4836 509 4892 sit
540 4851 789 4891 sensus:
816 4837 1199 4905 Experrectus
1233 4830 1508 4889 surrexit.
1542 4846 1676 4884 cum
1711 4846 1949 4885 somnos
1981 4848 2082 4902 pa-

432 4942 563 4982 rum
599 4926 828 4998 quietos
859 4926 930 4979 ob
964 4939 1164 4978 eorum
1217 4920 1708 4991 interruptionem
1759 4921 2084 4987 habuisset,

432 5032 625 5087 neque
665 5016 889 5087 absque
940 5012 1377 5084 perturbatione
1410 5010 1555 5065 32]
1594 5013 1770 5079 esset,
1802 5010 1875 5064 ob
1925 5028 2084 5067 som-

432 5107 599 5160 nioru
612 5123 665 5159 m
699 5102 1181 5175 interruptiones.

500 5195 849 5249 Precabalur
880 5195 1047 5248 Deum
1078 5196 1139 5247 ut
1166 5190 1409 5261 fulgetro
1441 5188 1720 5259 quopiam.
1752 5188 1969 5260 Fulgur
2000 5196 2090 5247 est

427 5282 667 5354 obliqua
700 5284 850 5338 aeris
884 5279 1233 5336 inflammati
1270 5278 1450 5339 motio
1502 5292 1753 5348 superne
1786 5279 2084 5339 deorsum.

500 5447 567 5520 (ι)
601 5446 715 5501 Tit.
752 5464 835 5514 III,
877 5446 960 5499 10.

2193 3320 2368 3382 θεσίαν
2422 3324 2708 3392 παραιτοῦ,
2772 3322 2848 3392 μὴ
2900 3324 3147 3382 νοοῦντες
3202 3325 3311 3374 τῶν
3370 3320 3676 3395 εἲρημένων
3730 3322 3835 3390 τὴν

2194 3405 2442 3479 δύναμιν,
2484 3408 2543 3461 ἐκ
2596 3412 2699 3462 τῶν
2756 3409 3037 3480 ἑπομένων
3097 3408 3276 3484 ῥητῶν
3332 3409 3567 3482 μάλιστα
3611 3430 3840 3487 σαφηνι-

2195 3496 2448 3567 ζομένην.
2482 3497 2621 3551 Τότε
2661 3498 2763 3571 γὰρ
2802 3496 3033 3570 εὕλογοσ
3078 3500 3112 3566 ἡ
3168 3499 3299 3569 μετὰ
3342 3499 3566 3573 πρώτην
3593 3498 3681 3551 καὶ
3716 3495 3837 3551 δευ-

2188 3587 2345 3659 τέραν
2375 3586 2652 3639 νουθεσίαν
2713 3584 3061 3658 παραίτησις,
3121 3585 3247 3640 ὅταν
3312 3587 3338 3640 ὁ
3398 3583 3667 3641 διδάσκων
3697 3586 3839 3660 πρὸς

2191 3675 2289 3741 τὴν
2321 3672 2641 3748 παραίτησιν
2678 3671 2834 3747 ἔλθῃ,
2878 3671 3034 3735 εἰδὼς
3086 3672 3170 3727 δτι
3218 3674 3566 3749 ἐξέστραπται
3599 3676 3626 3729 ὁ
3656 3679 3838 3729 τοιοῦ-

2190 3781 2304 3830 τος,
2362 3761 2451 3816 καὶ
2512 3761 2758 3826 λανθάνει
2805 3759 2875 3815 ὢν
2933 3761 3407 3839 αὐτοκανᾶκριτοςο
3465 3762 3643 3834 Δῆλον
3702 3766 3837 3840 γὰρ,

2192 3850 2266 3911 ὡς
2298 3850 2349 3905 ἐν
2398 3850 2512 3913 τοὶς
2573 3852 2744 3926 ἱεροῖς
2802 3848 3151 3913 διδασκάλοις
3202 3850 3646 3908 ἀποκαλύπτεται
3676 3853 3769 3907 καὶ
3802 3855 3835 3921 ἡ

2190 3944 2297 3994 τῶν
2330 3944 2663 4015 προσιόντων
2730 3940 3077 4004 κακάστασις.
3156 3945 3372 4017 ’Έτεροι
3445 3940 3523 4011 δὲ,
3580 3943 3642 3997 τὸ
3702 3944 3840 4016 μετά

2190 4031 2415 4103 πρώτην
2459 4030 2547 4084 καὶ
2596 4028 2840 4105 δευτέραν
2902 4030 3198 4097 νουθεσίαν,
3251 4031 3423 4095 οὕτως
3474 4030 3729 4104 ἐνόμισαν
3771 4035 3841 4097 ⁵ο,

2191 4117 2303 4172 ἀντὶ
2331 4123 2447 4188 τοῦ,
2485 4121 2616 4191 μετά
2644 4120 2741 4188 τήν
2784 4118 2843 4173 ἐκ
2888 4122 2985 4188 τῆς
3036 4118 3278 4182 Παλαιᾶς
3328 4121 3417 4176 καὶ
3462 4119 3601 4184 Νέας
3635 4122 3843 4191 Διαθη-

2191 4226 2290 4275 κης
2323 4203 2691 4263 διδασκαλίαν.

2263 4293 2457 4349 Εἰώθει
2516 4296 2614 4370 γὰρ
2673 4295 2749 4357 εἷς
2792 4295 2969 4352 τόνδε.
3012 4296 3329 4368 Σημείωσαι
3384 4298 3467 4351 ὅτι
3526 4299 3561 4366 ἠ
3596 4298 3843 4353 ἀποστο-

2192 4382 2321 4451 λικὴ
2354 4381 2651 4458 παράδοσις
2682 4384 2809 4447 τοὺς
2852 4384 3194 4461 νυκτερινοὺς
3218 4390 3326 4440 τῶν
3360 4383 3706 4460 ψαλμῳδιῶν
3740 4408 3842 4441 κα-

2190 4472 2277 4527 νόν
2287 4495 2346 4535 ας
2378 4472 2706 4550 παρέδωκεν.

2260 4564 2401 4633 Ἐξω
2447 4570 2717 4637 ταραχῆς.
2779 4564 2855 4619 Τὸ
2913 4562 2973 4617 οὐ
3008 4564 3294 4638 ἀρνητικὸν
3355 4564 3546 4640 μόριον
3602 4566 3738 4641 πρὸς
3778 4565 3843 4620 τὸ

2192 4648 2291 4720 ἔξω
2320 4658 2567 4726 ταραχῆς
2623 4652 2962 4721 συντακτέον,
3016 4650 3105 4707 ’ἱνα
3161 4652 3197 4728 ᾗ
3251 4654 3311 4707 τὸ
3365 4652 3495 4709 δλον
3540 4658 3790 4709 τοιοῦτον
3822 4675 3836 4689 ·

2191 4740 2551 4807 Διανίσταται,
2581 4738 2703 4795 οὐδὲ
2744 4746 2850 4795 τῶν
2910 4740 3089 4795 ὕπνων
3150 4740 3377 4798 πολλῶν
3431 4738 3625 4811 ὅντων,
3661 4740 3747 4798 διὰ
3774 4744 3836 4798 τὸ

2195 4832 2543 4908 ἐγκόπτεσθαι
2601 4831 2793 4895 αὐτοὺς
2860 4831 3195 4903 ἀπολαύσας,
3250 4831 3375 4888 οὐδὲ
3434 4830 3533 4904 ἔξω
3590 4841 3840 4910 ταραχῆς

2197 4922 2480 4996 ὑπάρχων,
2510 4918 2598 4976 διὰ
2626 4923 2687 4976 τὸ
2718 4921 2807 4976 καὶ
2833 4920 2959 4984 τοὺς
2988 4922 3187 4984 ὕπνους
3220 4921 3595 4997 ἐγκόπτεσθαι.

2269 5187 2473 5244 Ἐδεῖτο
2520 5194 2617 5243 τοῦ
2670 5194 2803 5245 Θεοῦ
2857 5191 3135 5265 πρηστῆρί
3188 5211 3315 5245 τινι.
3380 5193 3640 5265 Πρηστήρ
3704 5189 3854 5244 ἐστιν

2199 5277 2506 5347 ἑλικοειδής
2564 5279 2773 5350 κίνησις
2854 5277 3052 5334 ἄνωθεν
3140 5281 3286 5334 κάτω
3338 5279 3499 5353 ἀέρος
3562 5279 3851 5356 διαπύρου.

1432 5541 1669 5597 VARI/E
1709 5542 2103 5602 LECTIONES
2143 5547 2232 5603 ET
2272 5544 2833 5601 CORBECTIONES.

512 5666 557 5702 ⁸ο
588 5660 832 5733 ἐνόησαν.
