4062 6366
150 365 249 421 557
1094 366 1154 418 S.
1196 366 1460 419 ΜΑΧΙΜΙ
1499 365 1786 420 SCHOLIA

1953 368 2110 420 EPP.
2149 371 2209 423 Β.
2248 369 2585 423 DIONYSII.
3438 367 3544 421 558

151 487 287 545 Καίει
321 484 378 541 δὲ
421 487 483 541 τὸ
536 489 808 554 τοιοῦτον,
842 484 961 540 ὅθεν
993 487 1083 541 καὶ
1115 486 1260 560 παρᾶ
1314 486 1375 541 τὸ
1406 491 1652 561 πιμπρᾷν
1690 486 1778 541 Λὲ-

1916 489 2105 546 ιάυτίι
2154 496 2373 559 autem,
2416 491 2571 547 unde
2618 492 2794 547 etiam
2847 509 2879 547 a
2927 493 3175 565 πιμπρᾷν
3227 490 3545 547 derivatur.

151 597 305 652 γεται.

1970 670 2032 723 1η
2068 672 2322 725 numeris
2362 671 2606 725 humana
2652 672 2857 741 forma.
2892 670 3039 724 Nota
3086 669 3259 725 etiam
3309 669 3548 743 angelos

1900 756 2160 812 humana
2191 758 2379 814 forma
2411 760 2631 815 sanctis
2664 774 2961 830 apparere.

1970 852 2100 903 Prae
2126 847 2325 917 pedum
2360 865 2604 903 suorum.
2637 848 2786 903 Nota
2815 847 2981 917 illud,
3008 862 3131 918 prae
3170 848 3381 918 pedum
3421 865 3548 903 suo-

216 663 474 738 Ἀπείρων
504 660 942 738 ἀνθρωποειδῶς.
988 662 1305 735 Σημείωσαι
1351 662 1433 719 ὅτι
1463 665 1549 718 καὶ
1587 664 1792 739 ἀνθρω-

152 751 371 814 ποειδῶς
401 757 518 815 τοῖς
547 752 721 827 ἁγίοις
752 752 969 828 ἄγγελοι
1003 751 1395 829 ἐπιφαίνονται.

217 842 336 896 Ὑπὸ
392 842 493 910 τῆς
540 844 647 895 τῶν
700 840 913 895 οἰκείων
962 839 1167 898 ποδῶν.
1226 840 1541 913 Σημείωσαι
1590 842 1652 895 τὸ
1684 841 1788 896 ὐπὸ

152 940 240 1001 τῆς
267 935 373 984 τῶν
416 929 629 984 οἷ’κείων
680 926 864 983 ποδῶν
896 929 1172 996 ἀστασίας,
1216 930 1243 984 ὃ
1291 927 1455 999 δηλοῖ
1506 930 1567 985 τὸ
1617 932 1788 984 εὐπα-

155 1023 377 1098 ράφορον
403 1025 504 1089 τῆς
546 1017 933 1093 προαιρέσεως·
996 1020 1071 1091 μή
1125 1018 1452 1094 βουλόμενοι
1500 1021 1630 1094 γὰρ,
1687 1020 1789 1073 οὐκ

152 1111 382 1165 ἔπιπτον.

212 1198 298 1259 Εἷς
354 1197 415 1251 τὸ
466 1195 694 1271 ἀχανὲς.
755 1196 1071 1269 Σημείωσαι
1122 1200 1239 1257 πῶς
1299 1197 1325 1250 6
1384 1190 1643 1258 διάϐολος
1698 1195 1785 1271 ῥί-

148 1307 253 1341 πτει
306 1284 431 1349 τοὺς
490 1286 806 1359 ἀνθρώπους
866 1284 939 1340 εἰς
994 1284 1057 1339 τὸ
1116 1285 1305 1345 σκότος
1359 1285 1420 1339 τὸ
1468 1284 1725 1359 ἐξώτερον
1768 1329 1781 1351 ,

150 1375 265 1450 ὅπερ
318 1373 545 1429 ἰνταῦθα
604 1374 801 1448 ἀχανὲς
857 1372 1035 1440 καλεῖ,
1088 1374 1334 1427 τουτὲστι
1393 1372 1686 1449 βάραθρον,
1747 1376 1781 1443 ἢ

152 1466 376 1530 ἀπατῶν,
434 1462 470 1531 ἢ
532 1462 688 1516 ὠθῶν
738 1461 865 1524 τοὺς
919 1459 1270 1534 πειθομένους
1327 1460 1492 1533 αὐτῷ.
1542 1463 1691 1516 Ἒστι
1725 1461 1783 1517 δὲ

150 1556 226 1608 ὅτε
268 1552 357 1607 καὶ
406 1549 656 1625 ἀσελγεῖς
719 1550 1035 1625 ἀνθρώπους
1091 1549 1379 1625 συνεργοὺς
1439 1550 1604 1604 αὐτοῦ
1646 1548 1784 1622 λαμ-

152 1638 283 1696 ϐάνει
318 1640 394 1702 εὶς
423 1641 521 1708 τὴν
573 1640 768 1711 ἐτέρων
802 1640 1035 1708 ἀπάτην,
1091 1640 1164 1700 ὡς
1213 1639 1302 1693 καὶ
1347 1641 1438 1693 τὸν
1473 1636 1781 1694 εἰδωλολά-

149 1753 265 1805 τρην
296 1729 381 1783 ἐπὶ
410 1731 501 1783 τὸν
534 1733 624 1781 νῦν
654 1727 1015 1796 ἀπατηθέντα,
1042 1729 1162 1801 περὶ
1195 1726 1256 1781 οὗ
1288 1729 1315 1781 ὁ
1346 1726 1534 1801 λόγος.
1570 1728 1661 1781 Διὸ
1692 1727 1781 1781 καὶ

150 1821 196 1874 ἐν
219 1823 280 1892 τῇ
315 1818 547 1888 ὀπτασίᾳ
578 1817 772 1890 ἄνδρας
806 1818 905 1891 ὁρᾷ
934 1816 1125 1889 μεταξὺ
1156 1820 1261 1870 τῶν
1309 1810 1505 1892 ὄφεων,
1536 1817 1782 1870 τουτέστι

147 1915 241 1963 τῶν
272 1906 568 1979 δαιμόνων,
601 1902 859 1967 ἕλκοντας
889 1905 1012 1966 τοὺς
1057 1906 1157 1960 ὑπὸ
1187 1909 1283 1960 τοῦ
1315 1901 1578 1960 διαϐόλου
1622 1926 1780 1973 νικη-

148 2000 338 2061 θέντας,
371 1998 446 2051 ὧν
478 1999 624 2067 ἡμᾶς
658 1996 685 2048 ὁ
715 1994 914 2068 Κύριος
948 1993 1326 2068 ἐλευθερώσοι.

207 2087 328 2140 Ὑπὸ
395 2089 493 2139 τοῦ
563 2086 749 2138 κακοῦ.
800 2083 1116 2153 Σημείωσαι
1174 2084 1235 2136 τὸ
1288 2082 1390 2136 ὑπὸ
1440 2086 1536 2136 τοῦ
1585 2085 1776 2149 κακοῦ,

143 2176 368 2229 τουτέστι
416 2177 514 2241 τῆς
558 2171 845 2245 ἁμαρτίας,
901 2173 1031 2245 ὅπερ
1082 2170 1279 2247 κυρίως
1328 2171 1489 2225 κακὸν
1542 2170 1596 2224 ἐν
1641 2190 1777 2244 προ-

144 2266 326 2335 αιρέσει
358 2262 675 2333 τικτόμενον
704 2282 900 2339 φαμεν.
951 2262 1025 2316 Τὸ
1070 2258 1125 2314 δὲ
1174 2258 1393 2320 ἄκοντες
1446 2259 1532 2312 καὶ
1591 2258 1776 2333 βιαζό-

148 2375 284 2426 μενοι
347 2354 420 2425 μὴ
482 2352 876 2426 ἀναγκαστικήν
926 2370 1047 2404 τινα
1095 2348 1343 2421 δύναμιν,
1384 2347 1624 2402 τουτέστι
1682 2346 1773 2401 τὸν

145 2438 386 2497 διάϐολον
442 2444 693 2508 νοητὲον,
751 2440 827 2501 ὡς
885 2439 1213 2513 Μανιχαίοις
1270 2436 1359 2491 καὶ
1410 2436 1775 2497 Μεσαλιανοῖς

146 2530 306 2586 δοκεῖ·
336 2529 462 2585 ἀλλ’
509 2530 592 2584 ὅτι
630 2528 944 2600 πειθόμενοι
992 2526 1052 2580 τὸ
1100 2526 1263 2580 κακὸν
1286 2526 1501 2599 πρᾶξαι,
1530 2529 1607 2595 τῷ
1637 2524 1773 2578 ἀπα-

140 2625 293 2675 τῶντι
348 2620 536 2695 χώραν
593 2611 847 2689 διδόαμεν
909 2619 1152 2690 συνεχῶς
1198 2617 1332 2687 ἡμῖν
1410 2612 1775 2684 ἐπιτίθεσθαι,

143 2711 185 2780 ἐξ
230 2713 387 2782 ἡμῶν
443 2709 559 2771 καθ’
616 2708 775 2777 ἡμῶν
831 2698 1181 2776 λαμϐάνοντα
1233 2704 1331 2771 τὴν
1367 2702 1548 2775 ἰσχῦνο
1582 2698 1774 2754 ἀδυνα-

140 2801 280 2868 τήσει
337 2795 415 2865 δὲ,
480 2797 555 2868 μὴ
610 2792 949 2866 πειθομένων
999 2794 1182 2866 ἡμῶν,
1225 2789 1411 2859 ἐπειδὴ
1443 2789 1601 2865 ἐγγυς
1633 2788 1773 2844 ἐστιν

139 2890 287 2959 ἡμῶν
336 2889 369 2954 ἡ
426 2886 652 2957 βοήθεια
692 2886 789 2937 τοῦ
841 2885 974 2936 Θεοῦ
1032 2874 1636 2953 συνεπιλαμϐανομὲνη,
1699 2879 1773 2938 ὡς

142 2974 294 3039 δηλοῖ
320 2976 387 3030 τὰ
417 2975 559 3044 ἑξῆς.

201 3063 294 3117 Καὶ
327 3068 488 3136 χεῖρα
515 3060 719 3136 ἀγαθὴν
757 3059 989 3133 ὁρὲγειν.
1042 3056 1358 3129 Σημείωσαι
1412 3057 1512 3125 τὴν
1572 3053 1772 3129 ἄφατον

141 3157 223 3205 τοῦ
254 3150 454 3225 Κυρίου
488 3147 910 3223 ιύσπλαγγνίαν.

201 3248 307 3310 Τῆς
338 3239 526 3315 χειρὸς
554 3235 665 3308 ἤδη
696 3236 1125 3310 προτεταμὲνης.
1157 3241 1265 3304 Τῆς
1292 3234 1478 3309 χειρὸς
1506 3237 1603 3288 τοῦ
1630 3234 1772 3308 Κάρ·
1808 3227 1850 3295 C

147 3350 239 3383 που
269 3327 550 3398 δηλονότι.

1898 952 2022 989 rum
2053 937 2390 1004 lubricilate,
2422 938 2573 1009 quod
2622 936 2942 991 voluntatis
2988 935 3416 1007 proclivitatem
3449 938 3548 993 de-

1897 1025 2123 1095 signat;
2160 1042 2292 1081 nam
2324 1026 2374 1080 si
2406 1025 2756 1091 noluissent,
2793 1041 2907 1079 non
2943 1024 3313 1079 cecidissent.

1964 1204 2027 1257 In
2060 1203 2402 1273 voraginem.
2436 1201 2583 1258 Nota
2615 1202 2909 1272 quomodo
2962 1198 3235 1255 diabolus
3283 1199 3553 1258 homines

1896 1293 2171 1346 detrudat
2193 1293 2249 1345 in
2279 1292 2548 1346 tenebras
2572 1292 3075 1360 exteriores,quas
3102 1290 3195 1343 hic
3217 1290 3553 1360 voraginem

1895 1380 2169 1451 appellat,
2204 1380 2262 1433 id
2297 1386 2387 1435 est
2416 1380 2790 1445 barathrum,
2824 1380 2945 1433 sive
2978 1378 3256 1450 decipiat,
3291 1378 3409 1433 sive
3441 1378 3555 1433 im-

1896 1469 2072 1537 pellat
2104 1486 2136 1522 a
2168 1485 2229 1523 se
2256 1485 2587 1537 persuasos.
2617 1468 2918 1522 Interdum
2946 1467 3121 1521 etiam
3158 1466 3426 1521 homines
3458 1467 3556 1521 ﬂa-

1893 1557 2136 1627 gitiosos
2168 1557 2278 1611 sibi
2310 1556 2742 1611 commilitones
2774 1556 3009 1610 asciscit
3048 1555 3105 1608 in
3148 1555 3550 1626 deceptionem

1894 1647 2167 1713 aliorum,
2194 1652 2256 1699 ut
2287 1645 2657 1699 idololatram
2688 1645 2855 1698 illum
2882 1646 2951 1698 ad
2984 1644 3388 1699 seductionem
3421 1645 3549 1714 ejus

1892 1734 1963 1788 de
1994 1750 2109 1804 quo
2144 1734 2314 1788 modo
2346 1750 2538 1788 sermo
2563 1738 2671 1788 est.
2696 1734 3062 1803 Quapropter
3092 1732 3151 1785 in
3183 1732 3407 1787 visione
3438 1732 3547 1787 hac

1892 1823 2035 1877 vidit
2064 1823 2238 1876 etiam
2273 1822 2427 1877 viros
2469 1823 2525 1875 in
2580 1822 2768 1876 modio
2822 1825 3182 1891 serpentum,
3217 1822 3271 1874 id
3308 1825 3397 1875 est
3428 1822 3544 1874 daa-

1892 1927 2156 1978 monum,
2185 1910 2586 1981 pertrahentes
2612 1928 2709 1965 eos
2735 1910 2835 1981 qui
2867 1926 2899 1963 a
2932 1908 3163 1964 diabolo
3187 1909 3321 1963 victi
3354 1912 3544 1979 erant,

1890 2017 1922 2054 a
1954 2000 2171 2070 quibus
2206 2018 2312 2055 nos
2340 1999 2546 2054 liberet
2577 2000 2884 2054 Dominus.

1958 2090 1995 2143 Α
2030 2091 2193 2144 malo.
2230 2090 2375 2143 Nota
2416 2088 2585 2154 illud,
2616 2106 2649 2143 a
2682 2089 2846 2159 malo,
2880 2088 2937 2141 id
2976 2091 3066 2142 est
3096 2089 3353 2158 peccato,
3388 2087 3542 2157 quod

1889 2177 2111 2231 malum
2144 2178 2401 2248 {proprie
2435 2178 2492 2230 in
2526 2177 2825 2231 voluntate
2876 2176 3034 2247 gigni
3089 2176 3363 2230 dicimus.
3400 2174 3547 2229 Illud

1888 2272 2104 2331 autem,
2141 2268 2309 2320 inviti
2341 2271 2397 2320 et
2428 2266 2633 2329 coacti,
2668 2282 2779 2319 non
2815 2266 2886 2319 de
2918 2264 3037 2319 ulla
3070 2263 3440 2318 necessitatis
3471 2262 3547 2329 vi,

1887 2355 1942 2408 id
1969 2359 2058 2408 est
2080 2355 2149 2407 de
2176 2353 2428 2422 diabolo,
2454 2354 2901 2424 intelligendum
2928 2358 3038 2421 est,
3059 2354 3213 2407 sicut
3241 2350 3548 2407 Manichzei

1887 2452 1944 2501 et
1976 2446 2307 2500 Messaliani
2356 2448 2653 2513 sentiunt;
2689 2446 2784 2499 sed
2821 2444 2979 2516 quia,
3006 2443 3273 2514 persuasi
3307 2446 3371 2496 ut
3402 2440 3545 2495 mali

1888 2534 2547 2606 quidpiamgoperemur,
2576 2532 2881 2604 impostori
2908 2533 3102 2587 locum
3129 2532 3361 2597 damus,
3388 2529 3545 2583 unde

1889 2640 1995 2678 nos
2027 2624 2264 2677 assidue
2296 2624 2619 2687 adoriatur,
2655 2638 2723 2676 ex
2765 2622 2933 2677 nobis
2975 2621 3124 2691 ipsis
3156 2621 3306 2674 vires
3336 2620 3545 2674 adver-

1888 2729 1989 2766 sus
2021 2728 2125 2766 nos
2159 2711 2471 2781 colligens;
2506 2726 2692 2780 neque
2738 2709 2919 2777 enim,
2954 2725 3065 2763 non
3106 2706 3403 2789 persuasis
3436 2723 3544 2761 no-

1888 2800 1998 2869 bis,
2032 2803 2242 2871 poterit
2263 2799 2566 2871 quidpiam
2599 2799 2879 2853 adversus
2903 2814 3031 2864 nos,
3058 2796 3540 2867 quandoquidem

1884 2890 1944 2945 in
1980 2893 2248 2960 promptu
2286 2889 2451 2943 adest
2500 2888 2669 2943 nobis
2704 2886 2987 2942 auxilium
3034 2886 3157 2952 Dei,
3192 2902 3297 2940 nos
3330 2884 3543 2940 sufful-

1887 2978 2069 3043 ciens,
2105 2977 2189 3030 uti
2222 2976 2530 3047 sequentia
2562 2975 2885 3030 declarant.

1956 3067 2019 3119 Et
2049 3082 2285 3119 manum
2319 3066 2621 3133 benignam
2647 3069 2954 3134 porrigere.
2986 3063 3235 3117 Adverte
3276 3059 3539 3115 ineffabi-

1888 3153 2002 3209 lem
2036 3155 2266 3210 Domini
2304 3154 2790 3209 misericordiam.

1959 3246 2121 3298 Manu
2144 3244 2267 3314 jam
2297 3246 2539 3298 extenta.
2577 3244 2753 3297 Manu
2788 3258 2998 3313 nempe
3029 3240 3225 3311 Carpi.

208 3417 292 3483 Μὴ
326 3414 535 3473 ἄλλων.
585 3416 708 3470 Τῶν
764 3410 1134 3487 σταυρούντων
1179 3407 1419 3481 δηλαδὴ,
1467 3414 1547 3481 τῷ
1578 3411 1781 3484 Κάρπῳ

154 3505 300 3579 φησὶν
334 3507 361 3559 6
392 3504 607 3577 Κύριος.

214 3596 445 3667 Ἀγαθῶν
507 3592 595 3647 καὶ
662 3589 1082 3667 φιλανθρώπων.
1168 3586 1484 3661 Σημείωσαι
1562 3589 1645 3642 ὅτι
1692 3586 1780 3641 καὶ

154 3682 298 3744 αὐτὸς
329 3685 356 3736 6
391 3682 585 3757 Κύριος
618 3678 846 3755 ἀγαθοὺς
878 3679 965 3732 καὶ
1000 3676 1423 3756 φιλανθρώπους
1454 3674 1613 3731 καλεῖ
1656 3676 1780 3738 τοὺς

152 3770 421 3847 ἀγγέλους.

543 3860 657 3915 ΕΙΣ
695 3857 831 3912 ΤΗΝ
871 3856 1273 3911 ΕΙΙΙΣΤΟΛΗΝ
1314 3854 1367 3908 Θ¹

214 3986 243 4056 ἒ
272 3989 312 4039 Ι.
344 3984 406 4040 Ὁ
438 3984 591 4056 ἅγιος
620 3979 783 4041 Τίτος
808 3977 960 4039 οὗτός
985 3977 1125 4033 ἐστιν
1146 3979 1172 4032 6
1201 3982 1281 4049 τῷ
1302 3976 1785 4051 Ἀποστόλῳγνώ-

158 4093 323 4147 ριμος,
356 4073 413 4126 ’ὀν
459 4071 549 4124 καὶ
591 4071 815 4143 Κρήτης
857 4066 1178 4136 κατέστησεν
1230 4064 1523 4121 ἐπίσκοπον
1554 4108 1568 4133 ,
1629 4067 1702 4127 ὡς
1748 4068 1783 4134 ἡ

157 4162 279 4235 πρὸς
310 4162 470 4216 αὐτὸν
502 4160 654 4213 Τίτον
686 4162 950 4233 γραφεῖσα
980 4154 1275 4225 Ἐπιστολή
1321 4156 1463 4230 παρὰ
1491 4161 1587 4210 τοῦ
1621 4155 1784 4218 θείου.

159 4248 360 4305 Παύλου
386 4248 566 4327 φησίν.

221 4339 369 4395 Ἀλλ’
398 4338 449 4392 ἐν
476 4341 545 4410 τῇ
577 4330 923 4408 Συμϐολικῇ.
974 4333 1033 4387 Τί
1082 4329 1327 4409 περιέχει
1374 4335 1408 4401 ἡ
1462 4328 1787 4404 Συμϐολική

163 4427 400 4504 θεολογία
423 4430 520 4482 τοῦ
555 4423 794 4500 μεγάλου
826 4423 1129 4478 Διονυσίου.

223 4516 780 4590 Ἐναπομόργνυνται.
862 4512 1338 4586 Ἀπομόρξασθαι,
1423 4508 1531 4563 ἐστῖ
1599 4510 1662 4564 τὸ
1712 4508 1792 4562 ἐν-

1962 3425 2043 3477 Ne
2083 3419 2205 3476 alii.
2260 3419 2490 3475 Scilicet
2546 3419 2977 3491 crucifigentes,
3033 3418 3316 3473 Dominus
3360 3418 3543 3488 Carpo

1894 3509 1995 3563 ait.

1963 3599 2243 3652 Bonorum
2280 3606 2330 3653 et
2368 3598 2947 3652 clementissimorum.
2979 3595 3126 3651 Nota
3155 3595 3311 3666 quod
3363 3593 3539 3649 etiam

1892 3684 2019 3757 ipse
2050 3688 2332 3741 Dominus
2364 3687 2546 3742 bonos
2578 3691 2633 3741 et
2664 3685 2948 3756 benignos
2977 3688 3143 3741 vocet
3172 3682 3430 3755 angelos.

2392 3865 2465 3919 IN
2505 3864 2913 3920 EPISTOLAM
2953 3863 3041 3919 IX.

1966 3994 1993 4058 ἓ
2024 3992 2065 4047 l.
2101 3990 2203 4045 Hic
2236 3990 2333 4045 ille
2385 3991 2443 4045 S.
2479 3990 2645 4045 Titus
2693 3988 2954 4061 Apostoli
3005 3986 3336 4053 familiaris,
3370 4000 3546 4055 quem

1897 4087 1952 4135 et
1978 4081 2155 4135 Creta:
2190 4079 2444 4150 praefecit
2473 4078 2842 4150 episcopum;
2879 4082 2942 4131 ut
2964 4076 3225 4147 Epistola
3249 4092 3280 4130 a
3302 4080 3365 4130 D.
3394 4075 3547 4130 822

1899 4169 2078 4225 Paulo
2111 4170 2182 4224 ad
2212 4168 2408 4240 ipsum
2441 4168 2637 4222 Titum
2670 4166 2893 4237 scripta
2922 4164 3200 4221 declarat.

1971 4348 2072 4403 Sed
2102 4347 2164 4401 in
2194 4346 2526 4417 Symbolz’ca.
2556 4344 2703 4409 Quid
2736 4345 3031 4399 contineat
3060 4342 3377 4414 Symbolz'ca
3408 4339 3552 4395 theo-

1902 4438 2055 4509 logia
2088 4435 2284 4505 magni
2321 4433 2601 4503 Dionysii.

1973 4523 2323 4594 Imprimunt.
2358 4519 2813 4594 Ἀπομὸρξασθαι,
2848 4522 3001 4576 idem
3049 4524 3138 4576 est
3170 4520 3325 4592 quod
3358 4516 3551 4570 ἐναπο-

163 4606 540 4677 απομᾶξασθαι,
571 4603 660 4657 καὶ
703 4596 963 4674 ἐμϐαλεῖν
992 4621 1043 4654 τι
1074 4599 1148 4660 εἷς
1175 4602 1274 4667 τὴν
1306 4600 1495 4653 ἑαυτοῦ
1527 4596 1786 4665 διάνοιαν,

1916 4612 2160 4681 ιάξασθαι
2192 4610 2280 4663 καὶ
2315 4603 2597 4681 ἐμϐαλεῖν,
2631 4612 2684 4664 id
2719 4615 2807 4665 est
2862 4612 3140 4666 instillare
3169 4613 3223 4665 et
3254 4606 3555 4663 immittere

166 4691 215 4747 ix
245 4699 545 4772 μεταφορᾶς
573 4696 681 4746 τῶν
708 4688 1028 4767 ζωγράφων,
1063 4686 1134 4742 o'i.
1167 4687 1535 4763 προσέχοντες
1565 4690 1634 4760 τῇ
1663 4686 1795 4757 ἀλη-

168 4781 283 4852 θείᾳ,
315 4781 583 4859 γράφουσι
615 4780 708 4840 τὰς
741 4778 968 4839 εἰκόνας.
1002 4780 1113 4846 Τῆς
1155 4774 1470 4851 ἀπορρήτου
1516 4774 1571 4830 δὲ
1603 4777 1791 4853 σοφίας

167 4872 374 4945 πατέρας
397 4870 525 4931 τοὺς
558 4870 842 4944 προφήτας
872 4866 1050 4942 φησίν.

228 4960 370 5014 Οὕτω
441 4960 542 5034 γὰρ
610 4956 672 5010 ἂν
743 4957 1003 5026 θεώμενοι
1059 4954 1402 5031 σεφθείημεν.
1464 4953 1793 5029 Σεφθείημεν

170 5046 266 5102 ἀντὶ
312 5054 406 5104 τοῦ
459 5047 509 5102 ὲν
559 5041 816 5117 σεϐασμῷ
846 5043 1231 5115 ποιησοίμεθα,
1288 5044 1640 5114 τιμήσοιμεν,
1672 5045 1796 5096 0:10-

175 5138 437 5210 μάσοιμεν,
528 5133 954 5209 ἐκπλαγείημεν,
1047 5132 1360 5205 Σημείωσαι
1438 5129 1495 5185 δὲ
1566 5131 1651 5185 ἐπὶ
1702 5138 1801 5199 τῆς

174 5225 311 5298 ἁγίας
354 5226 443 5281 καὶ
493 5229 875 5298 προσκυνητῆς
907 5219 1134 5296 Τριάδος
1179 5220 1259 5274 τό·
1324 5222 1515 5293 Πηγήν
1548 5226 1689 5288 ζωῆς
1725 5220 1802 5281 εἷς

174 5312 348 5383 ἑαυτὴν
410 5314 709 5390 χεομὲνην,
776 5311 865 5365 καὶ
931 5309 1011 5369 ἐφ’
1088 5311 1281 5377 ἑαυτῆς
1349 5310 1618 5364 ἑστῶσαν
1692 5307 1800 5362 δεί-

175 5422 337 5458 κνυται
384 5404 484 5478 γὰρ
530 5403 762 5457 ἐντεῦθεν
796 5399 976 5453 καὶτὸ
1032 5398 1344 5470 ὁμοούσιον,
1393 5398 1483 5452 καὶ
1517 5397 1598 5453 ὅτι
1630 5400 1663 5466 ἡ
1702 5420 1799 5469 μο-

176 5491 255 5551 vi;
295 5491 368 5553 εἷς
418 5487 626 5565 Τριάδα
700 5485 1057 5562 προελθοῦσα,
1110 5486 1303 5560 μέχρις
1352 5486 1517 5554 αὐτῆς
1563 5484 1798 5540 ἵσταται.

180 5586 319 5644 Οὕτω
364 5590 452 5644 καὶ
498 5589 525 5642 6
567 5586 828 5662 θεολόγος
880 5584 1177 5661 Γρηγόριος
1207 5583 1260 5638 ἐν
1294 5588 1371 5655 τῷ
1411 5584 1612 5659 πρώτῳ
1676 5586 1798 5659 Περὶ

180 5675 296 5731 Υἱοῦ
341 5676 488 5755 λόγῳ
535 5676 687 5756 φησὶ,
734 5674 823 5730 καὶ
874 5673 926 5729 ἐν
958 5679 1037 5746 τῷ
1082 5672 1313 5750 διυτὲρῳ
1351 5672 1647 5749 Εἰρηνικῷ.
1698 5679 1802 5744 Ση-

1905 4701 2124 4772 aliquid
2158 4699 2336 4754 menti
2362 4716 2502 4769 suae,
2528 4700 2871 4770 metaphora
2903 4716 2934 4753 ε.
2967 4698 3286 4770 pictoribus
3308 4695 3557 4752 deducta

1907 4790 2028 4861 qui,
2062 4789 2432 4844 attendentes
2461 4788 2709 4853 veritati,
2744 4788 3065 4859 depingunt
3109 4786 3417 4857 imagines.
3453 4788 3557 4839 Ar-

1907 4896 2062 4933 canzs
2096 4882 2290 4931 autem
2324 4875 2623 4947 sapientim
2659 4880 2849 4945 patres
2881 4881 3047 4930 vocat
3080 4874 3414 4945 prophetas.

1982 4969 2115 5035 Quae
2146 4968 2290 5020 enim
2335 4970 2394 5019 in
2436 4967 2556 5035 ipsa
2601 4966 2959 5019 extrinsecus.
2984 4962 3419 5023 Venerahimur,
3455 4974 3560 5030 pro

1912 5057 1967 5109 in
2011 5056 2383 5110 veneratione
2430 5053 2797 5120 habebimus,
2832 5053 3276 5119 honorabimus,
3308 5047 3561 5104 admira-

1911 5145 2127 5210 bimur,
2180 5145 2684 5213 obstupescemus.
2725 5142 2867 5197 Nota
2917 5147 3135 5207 autem,
3172 5142 3241 5195 de
3274 5141 3477 5193 sancta
3506 5138 3565 5191 et

1912 5233 2209 5287 adoranda
2240 5232 2522 5285 Trinitate
2566 5230 2677 5283 dici
2706 5249 2717 5285 :
2750 5232 2884 5287 Vita:
2912 5234 3136 5301 fontem,
3171 5231 3232 5283 in
3278 5244 3332 5283 se
3381 5228 3565 5297 ipsum

1912 5324 2164 5392 effusum,
2199 5326 2249 5375 et
2282 5323 2335 5373 in
2371 5322 2548 5389 seipse
2578 5318 3002 5374 consistentem:
3037 5320 3173 5373 hinc
3199 5318 3352 5372 enim
3386 5313 3565 5369 etiam

1912 5408 2501 5464 consubstantialitas
2533 5409 2994 5473 demonstratur,
3020 5408 3251 5479 etquod
3281 5404 3477 5460 unitas
3506 5402 3568 5456 in

1910 5499 2258 5551 Trinitatem
2294 5496 2673 5567 progrediens
2731 5497 2797 5549 ad
2846 5497 3033 5568 ipsam
3069 5513 3259 5569 usque
3289 5494 3567 5559 sistatur;

1914 5588 1997 5642 uti
2031 5586 2349 5658 Gregorius
2386 5601 2615 5656 quoque
2645 5584 2975 5661 Theologus
3010 5588 3189 5643 tradit
3217 5585 3273 5640 in
3308 5580 3571 5639 oratione

1914 5679 2107 5749 prima
2137 5676 2207 5731 de
2238 5672 2401 5741 Filio,
2432 5678 2488 5730 et
2509 5672 2569 5730 in
2602 5676 2864 5733 secunda
2884 5678 2955 5733 de
2986 5682 3154 5734 Pace.
3186 5675 3338 5731 Nota
3368 5673 3566 5729 autem
