4020 6358
460 379 569 433 559

1283 377 1648 431 APPENDIX
1685 378 1781 430 AD
1818 376 2060 429 ΟΡΕΒΔ
2093 376 2154 427 8.
2194 374 2513 429 DIONYBII
2551 375 3053 431 AREOPAGITB.

3756 378 3854 435 560

463 503 609 559 illud
645 519 658 558 :
700 504 773 558 Ac
826 517 1041 571 semper
1094 516 1149 555 se
1200 516 1297 571 per
1342 500 1581 571 seipsam
1626 498 2105 570 contemplantem,

2236 496 2452 549 ιείωσαι
2486 492 2542 549 δὲ
2572 495 2653 553 τό.
2686 497 2794 553 Ἀεὶ
2826 494 2895 550 δι’
2918 497 3110 567 εαυτῆς
3140 497 3332 565 ἑαυτὴν
3386 497 3682 571 θεωμένην·
3738 505 3848 577 περὶ

464 594 638 649 etiam
672 592 741 645 de
773 593 977 645 sancta
1006 587 1290 643 Trinitate
1322 588 1563 642 dictum.

537 682 662 748 Quae
692 679 844 733 enim
874 679 932 732 in
955 679 1071 747 ipsa
1092 676 1455 732 extrinsecus.
1480 677 1543 730 In
1568 676 1699 746 ipsa
1719 690 1928 745 nempe
1959 662 2112 744 sym-

462 769 654 824 bolica
684 768 934 822 fictione.
960 767 1219 820 Positum
1255 770 1449 820 autem
1474 765 1567 819 hic
1589 764 1765 819 etiam
1788 769 1877 818 est
1907 761 2111 829 ὁπόσης

462 874 568 929 pro
599 852 816 922 πολλῆς
850 872 861 908 :
896 853 1042 909 illud
1076 854 1232 908 enim
1277 854 1618 909 extrinsecus
1668 854 1787 907 sive
1817 852 1987 907 obvio
2019 851 2109 905 di-

462 945 669 1001 ctionis
701 961 876 999 sensu
911 943 1299 1014 signiﬁcatur.

539 1036 760 1090 Uterum
816 1031 916 1086 Dei
970 1030 1352 1102 corporaliter.
1414 1030 1653 1086 Uterum
1711 1030 1809 1084 Dei
1876 1033 2112 1101 propter

460 1121 605 1177 illud
660 1138 671 1174 :
729 1123 820 1175 Ea:
875 1129 1031 1175 utero
1088 1128 1219 1175 ante
1268 1119 1585 1187 Luciferum
1608 1119 1708 1191 (u).
1741 1119 1998 1173 Verbum
2050 1119 2109 1173 in

463 1227 680 1277 aerem,
714 1214 951 1281 propter
980 1209 1126 1263 illud
1162 1225 1175 1264 :
1210 1207 1491 1262 Eructavit
1517 1224 1609 1262 cor
1654 1224 1836 1263 meum
1880 1208 2109 1261 verbum

464 1301 662 1356 bonum
685 1300 781 1370 (v).
829 1298 1112 1367 Spiritum
1162 1298 1576 1368 exspirantem,
1627 1301 1864 1367 propter
1909 1294 2055 1349 illud
2094 1313 2107 1351 :

460 1391 527 1443 Et
548 1388 752 1459 spiritu
779 1389 896 1442 oris
939 1388 1056 1453 eius
1078 1388 1180 1457 (ac).
1214 1386 1389 1439 Sinus
1436 1402 1594 1451 vero,
1628 1374 1864 1455 propter
1911 1383 2056 1437 illud
2094 1399 2106 1437 :

466 1476 788 1549 Unigem'tus
834 1478 929 1546 qui
973 1480 1049 1530 est
1097 1477 1156 1529 in
1204 1477 1333 1529 sinu
1383 1473 1570 1529 Patris
1604 1474 1703 1544 (y).
1754 1473 1817 1527 In
1867 1473 2109 1527 modum

458 1583 595 1622 vero
626 1582 728 1620 seu
783 1564 1029 1619 formam
1083 1564 1304 1634 stirpis,
1342 1567 1576 1634 propter
1625 1562 1768 1616 illud
1811 1578 1823 1615 :
1871 1564 2112 1630 Lignum

460 1654 588 1710 vita:
621 1654 728 1726 (2;);
775 1658 831 1708 et
861 1652 1005 1707 illud
1059 1669 1071 1707 :
1127 1654 1197 1706 De
1246 1653 1502 1723 virgulto,
1553 1652 1662 1707 Fili
1707 1652 1807 1719 mi,
1854 1650 2111 1707 ascendi-

461 1746 535 1798 sti
564 1743 670 1813 (a);
723 1746 780 1797 et
827 1740 973 1795 illud
1009 1758 1023 1797 :
1057 1741 1297 1796 Florebit
1345 1746 1397 1797 et
1444 1742 1776 1811 germinabit
1823 1741 1982 1796 Jacob
2010 1739 2109 1810 (ὁ),

462 1850 565 1905 pro
614 1831 843 1886 Christo
893 1835 1221 1901 acceptum,
1264 1831 1436 1900 cujus
1484 1830 1711 1885 fructus
1761 1828 1948 1883 salute
1998 1828 2110 1881 im-

462 1921 645 1993 plevit
694 1925 937 1984 terram,
989 1924 1047 1972 et
1095 1918 1334 1973 similia.
1386 1918 1534 1972 Nota
1583 1918 1785 1988 igitur,
1820 1917 2112 1988 quomodo

465 2011 536 2064 de
570 2010 685 2063 Deo
719 2007 913 2062 dictus
948 2006 1024 2061 sit
1057 2012 1280 2074 uterus,
1314 2012 1372 2062 et
1417 2006 1699 2061 eructatio
1729 2005 1911 2073 verbi,
1943 2010 2000 2059 et
2032 2004 2113 2059 si-

468 2097 655 2151 milia.

538 2187 646 2240 Aut
674 2188 851 2255 fontes
881 2200 1175 2256 aquarum.
1201 2184 1410 2238 Fontes
1434 2199 1723 2253 aquarum
1748 2184 1918 2251 juxta
1939 2180 2115 2236 illud:

469 2274 626 2344 Apud
654 2276 707 2328 te
733 2282 814 2329 est
839 2275 965 2339 fons
994 2276 1120 2328 vitm
1142 2273 1241 2343 (c);
1274 2274 1331 2325 et
1372 2271 1520 2325 illud
1549 2288 1561 2325 :
1603 2272 1679 2327 Me
1709 2268 2120 2342 dereliquerunt

469 2365 681 2433 fontem
712 2379 867 2433 aqum
902 2364 1130 2418 viventis
1163 2361 1270 2433 (d);
1305 2366 1362 2416 et
1392 2377 1756 2432 quacunque
1786 2366 1926 2415 sunt
1955 2360 2119 2415 simi-

468 2451 569 2505 lia.
602 2451 954 2523 Splendores
1002 2467 1133 2505 vero
1186 2455 1424 2521 propter
1470 2450 1661 2504 illud:
1711 2452 1824 2518 Qui
1873 2466 1999 2504 cum
2048 2449 2121 2504 sit

468 2540 726 2611 splendor
770 2540 968 2610 gloriae
998 2539 1100 2609 (e);
1132 2542 1229 2593 et:
1268 2540 1523 2603 Domine,
1570 2538 1632 2592 in
1677 2539 1886 2593 lumine
1940 2539 2123 2593 vultus

470 2630 557 2682 tui
585 2627 975 2693 ambulabunt,
1008 2630 1067 2681 in
1112 2628 1323 2681 lumine
1349 2637 1443 2682 tuo
1472 2626 1774 2682 videbimus
1822 2628 2011 2681 lumen
2034 2627 2122 2697 (ί),

475 2722 533 2773 et
564 2717 656 2772 his
688 2716 927 2772 similia.

542 2807 616 2859 De
646 2805 1061 2860 iutellectilibus
1104 2813 1308 2858 autem.
1344 2803 1479 2866 Quae
1521 2802 1760 2873 quidem
1812 2803 2122 2874 providen-

472 2894 585 2948 tias
617 2894 949 2964 designant,
972 2895 1144 2963 juxta
1174 2892 1318 2945 illud
1353 2908 1365 2944 :
1414 2892 1566 2947 823
1599 2891 1749 2945 Sicut
1781 2892 1967 2962 aquila
1999 2908 2124 2962 pro-

469 2985 609 3051 teget
636 2982 832 3035 nidum
860 2998 1023 3035 suum
1045 2981 1141 3051 (g),
1165 2984 1297 3046 etc.,
1323 2979 1560 3034 ibidem.
1586 2981 1745 3035 Bona
1777 2980 2127 3051 item,juxta

472 3070 620 3124 illud
656 3087 668 3124 :
706 3072 905 3141 Aperis
933 3072 993 3123 tu
1027 3085 1251 3123 manum
1281 3069 1570 3139 tuam(h);
1596 3073 1652 3123 et
1682 3068 1823 3123 illud
1855 3086 1867 3123 :
1898 3070 2004 3136 Qui
2030 3068 2125 3123 dat

470 3175 651 3214 escam
672 3160 827 3213 omni
855 3158 1016 3212 carni
1038 3159 1125 3228 (ἰ),
1156 3162 1213 3213 et
1244 3156 1619 3225 providentiae
1666 3157 1775 3212 hoc
1819 3158 2005 3228 magis
2036 3161 2124 3213 est

2218 589 2317 650 τῆς
2351 584 2505 657 ἀγιας
2540 580 2596 636 δὲ
2628 581 2863 657 Τριάδος
2890 584 2978 638 καί
3008 584 3170 638 τοῦτό
3202 605 3355 661 φησι.

2287 672 2361 725 Τὰ
2389 672 2489 746 γὰρ
2521 672 2670 733 ἐκτὸς
2696 672 2884 742 αὐτῆς.
2918 676 3031 741 Τῆς
3059 671 3247 741 αὐτῆς,
3294 670 3551 742 δηλονότι
3607 670 3855 747 συμϐολι-

2217 763 2320 824 κῆς
2350 760 2621 823 πλάσεως.
2685 766 2865 815 Κεῖται
2915 758 2970 814 δὲ
3019 763 3109 815 καὶ
3166 760 3389 815 ἐνταῦθα
3435 762 3496 815 τὸ
3526 762 3625 835 μὲν
3659 764 3854 835 ὁπόσης

2218 850 2335 903 ἀντὶ
2365 854 2459 902 τοῦ
2490 848 2731 914 πολλῆς·
2757 850 2826 904 τὸ
2859 847 2915 904 δὲ
2933 851 2998 903 τὰ
3028 849 3203 919 ἐκτὸς,
3246 847 3369 920 ἤτοι
3417 851 3484 905 τὰ
3524 852 3850 928 προχείρως,

2219 935 2278 992 ἐκ
2304 941 2403 1007 τῆς
2435 937 2630 1011 λέξεως
2665 939 3120 1015 ὑπαγορευόμενα.

2289 1029 2524 1103 Γαστὲρα
2586 1033 2719 1083 Θεοῦ
2794 1033 3161 1102 σωματικῶς.
3242 1028 3479 1104 Γαστὲρα
3569 1035 3702 1084 Θεοῦ
3780 1029 3859 1087 διὰ

2219 1117 2300 1171 τό·
2357 1118 2448 1171 Ἐκ
2516 1118 2739 1192 γαστρὶς
2784 1118 2889 1191 πρὸ
2943 1115 3281 1194 Ἑωσφόρου.
3346 1119 3522 1194 Λόγον
3586 1118 3664 1180 εἰς
3718 1119 3855 1192 ἀὲρα,

2221 1203 2309 1259 διὰ
2377 1206 2460 1259 τό·
2530 1207 2880 1281 Ἐξηρεύξατο
2946 1210 2980 1276 ἠ
3033 1204 3227 1281 καρδία
3280 1228 3385 1280 μου
3435 1206 3599 1281 λόγον
3651 1208 3858 1282 ἀγαθόν.

2221 1299 2438 1368 Πνεῦμα
2481 1294 2859 1369 ἐκπνεόμενον,
2910 1293 3000 1350 διὰ
3044 1291 3128 1351 τό’
3175 1298 3269 1350 Καὶ
3321 1301 3402 1370 τῷ
3452 1297 3717 1369 πνεύματι
3774 1304 3858 1353 τοῦ

2220 1384 2486 1455 στόματος
2532 1384 2695 1438 αὐτοῦ
2730 1429 2742 1440 .
2785 1382 3041 1447 Κόλπους
3098 1382 3154 1438 δὲ
3181 1427 3194 1452 ,
3247 1382 3336 1439 διὰ
3394 1383 3496 1439 τό·
3552 1387 3852 1460 Μονογενὴς

2220 1474 2247 1526 ὁ
2308 1473 2380 1527 ὥν
2441 1473 2515 1534 εἷς
2574 1474 2664 1527 τὸν
2720 1472 2927 1527 κόλπον
2988 1477 3083 1526 τοῦ
3138 1473 3344 1549 Πατρός
3379 1517 3392 1531 .
3468 1474 3708 1535 Φυτικὸς
3762 1471 3858 1558 δὲ,

2219 1559 2389 1634 ἤγουν
2448 1559 2581 1615 κατὰ
2630 1561 2729 1629 τήν
2787 1564 2893 1615 τῶν
2953 1565 3132 1635 φυτῶν
3186 1558 3354 1631 ἰδέαν,
3417 1558 3505 1615 διὰ
3550 1563 3635 1616 τό·
3682 1560 3858 1617 Ξῦλον

2223 1653 2369 1717 ζωῆς
2426 1647 2536 1703 ἐστι
2572 1668 2584 1681 ·
2647 1648 2735 1703 καὶ
2794 1651 2876 1703 τό·
2931 1650 3022 1703 Ἐκ
3085 1648 3323 1723 βλαστοῦ
3356 1692 3371 1719 ,
3429 1648 3517 1704 Tit
3581 1670 3692 1721 μου
3749 1649 3865 1704 ἀνά-

2221 1732 2345 1807 6ης·
2405 1739 2491 1792 καὶ
2543 1736 2625 1792 τό’
2690 1740 2937 1808 Ἀνθήσει
2985 1739 3074 1792 καὶ
3108 1733 3466 1808 ἐκϐλαστήσει
3523 1732 3745 1806 Ἰακὼϐ,
3783 1738 3860 1793 ἐπὶ

2220 1830 2460 1900 Χριστοῦ
2510 1825 2736 1903 ληφθὲν,
2798 1827 2858 1881 οὗ
2914 1828 2941 1881 ὁ
3000 1827 3204 1901 καρπὸς
3230 1833 3331 1897 τῆς
3390 1827 3664 1902 σωτηρίας
3704 1826 3863 1895 ἐπλέ-

2226 1934 2364 1990 ρωσε
2413 1916 2511 1983 τὴν
2562 1922 2686 1988 γῆν,
2733 1914 2820 1969 καὶ
2844 1915 2911 1969 τὰ
2950 1916 3135 1988 ὅμοια.
3198 1915 3517 1988 Σημείωσαι
3579 1914 3704 1984 οὗν,
3758 1919 3865 1977 πῶς

2225 1999 2435 2079 εἷ’ρηται
2494 2003 2581 2058 ἐπὶ
2640 2008 2774 2059 Θεοῦ
2832 2005 3065 2079 γαστήρ,
3122 2004 3212 2058 καὶ
3244 2004 3408 2080 ἑρυγὴ
3451 2007 3549 2058 τοῦ
3580 2001 3758 2058 λόλου
3785 2002 3863 2057 καὶ

2225 2113 2291 2147 τα
2319 2113 2563 2149 τοιαυτα.

2300 2184 2365 2235 Ἥ
2419 2182 2595 2257 πηγὰς
2647 2179 2877 2237 ὑδάτων.
2929 2182 3117 2257 Πηγὰς
3151 2179 3363 2236 ὑδάτων
3416 2180 3552 2236 κατὰ
3580 2180 3661 2236 τό·
3736 2184 3875 2256 Παρά

2231 2292 2315 2324 σοι
2364 2272 2515 2344 πηγή
2565 2276 2737 2339 ζωῆς⁶
2798 2270 2887 2324 καὶ
2946 2271 3026 2324 τό’
3092 2272 3224 2343 Ἐμὲ
3278 2270 3629 2346 ἆγκατὲλιπον
3704 2271 3871 2346 πηγὴν

2235 2364 2379 2428 ζωῆς
2439 2357 2631 2422 ὕδατος
2690 2363 2912 2427 ζῶντος,
2967 2358 3055 2413 καὶ
3107 2358 3205 2413 ὅσα
3282 2363 3524 2416 τοιαῦτα.
3606 2359 3874 2433 Ἀπαυγά-

2234 2469 2410 2520 σματα
2463 2445 2543 2517 δὲ,
2602 2445 2691 2503 διὰ
2748 2448 2829 2502 τό·
2881 2451 2974 2508 ’Ός
3028 2447 3100 2502 ὣν
3148 2447 3482 2523 ἀπαύγασμα
3535 2454 3635 2517 τῆς
3708 2446 3872 2518 δόξης·

2232 2536 2341 2592 καί·
2404 2536 2594 2610 Κύριε,
2651 2535 2702 2592 ἐν
2757 2541 2837 2609 τῷ
2895 2537 3033 2613 φωτὶ
3085 2541 3181 2591 τοῦ
3237 2538 3529 2611 προσώπον
3563 2558 3657 2591 σου
3700 2538 3878 2612 πορεύ-

2236 2646 2441 2698 σονται,
2490 2626 2580 2680 καὶ
2623 2625 2673 2680 ἐν
2704 2626 2784 2697 τῷ
2816 2627 2954 2703 φωτὶ
2998 2625 3244 2699 ὀψόμεθα
3275 2632 3408 2704 φῶς,
3452 2626 3541 2680 καὶ
3589 2626 3655 2681 τὰ
3720 2646 3877 2703 παρα-

2234 2711 2466 2782 πλήσια.

2306 2804 2426 2857 Ἐπὶ
2478 2801 2534 2857 δὲ
2583 2807 2690 2857 τῶν
2747 2807 2981 2872 νοητῶν.
3042 2802 3373 2875 Δηλωτικά,
3428 2806 3537 2858 τῶν
3599 2806 3704 2877 μὲν
3752 2825 3879 2879 προ-

2234 2897 2416 2963 νοιῶν,
2474 2891 2556 2947 τό·
2615 2893 2703 2953 Ὠς
2758 2892 2909 2953 ἀετὸς
2970 2892 3223 2946 σκεπάσει
3254 2892 3351 2959 τὴν
3407 2891 3620 2946 νοσσιὰν
3672 2894 3874 2957 ἑαυτοῦ,

2234 2980 2323 3034 καὶ
2351 2980 2417 3034 τὰ
2448 2979 2538 3034 σὺν
2573 2981 2739 3051 αὐτῷ.
2765 2980 2842 3036 Τὸ
2866 2977 3083 3055 δωρεῶν
3106 2977 3363 3051 δὶ,ὡςτό’
3396 2979 3661 3054 Ἀνοίγεις
3697 2980 3755 3034 σὺ
3786 2981 3875 3047 τὴν

2237 3070 2395 3145 χεῖρά
2423 3090 2540 3140 σου,
2592 3070 2677 3124 καὶ
2727 3069 2809 3123 τό⁶
2872 3070 2932 3125 Ὁ
2994 3066 3177 3132 διδοὺς
3230 3071 3439 3144 τροφὴν
3501 3070 3645 3142 πάσῃ
3710 3069 3873 3142 σαρκί·

2237 3157 2448 3231 μᾶλλον
2529 3155 2586 3211 δὲ
2654 3159 2741 3211 καὶ
2796 3160 2959 3211 τοῦτο
3030 3163 3131 3225 τῆς
3188 3156 3447 3231 προνοίας
3502 3158 3875 3231 γνωριστικόν.

472 3247 779 3303 indicium.
806 3248 875 3302 Et
898 3247 1286 3313 ostensiones,
1314 3251 1376 3301 ut
1405 3262 1539 3301 cum
1563 3246 1619 3300 in
1647 3246 1835 3319 ﬁgura
1865 3247 2119 3302 hominis

2237 3247 2573 3322 Ἑκφάνσεων
2604 3242 2681 3311 δὲ,
2734 3244 2823 3298 διὰ
2860 3246 2921 3299 τὸ
2953 3242 3003 3298 ἐν
3066 3246 3312 3318 σχήματι
3365 3245 3653 3319 ἀνθρώπου
3720 3244 3878 3323 ὀφθῆ-

472 3336 793 3408 apparebat
808 3335 1034 3391 Veteris
1052 3335 1409 3391 Testamenti
1429 3335 1650 3390 sanctis
1665 3335 1764 3407 (lc),
1778 3339 1833 3391 et
1854 3336 1911 3390 in
1932 3336 2123 3406 specie

473 3425 778 3491 columbae,
808 3426 1061 3495 Spiritus
1094 3430 1355 3480 sanctus.
1382 3426 1460 3479 Ad
1513 3425 1939 3495 providentiam
1973 3442 2124 3495 quo-

472 3531 583 3585 que
616 3514 867 3585 pertinet
902 3514 1126 3585 punitio
1176 3514 1496 3585 impiorum
1528 3531 1539 3568 :
1571 3514 1793 3568 dictum
1848 3530 2058 3584 nempe
2091 3531 2126 3569 θ.

470 3603 759 3674 prOpbeta
794 3620 806 3656 :
843 3604 994 3658 Sicut
1026 3620 1158 3658 ursa
1198 3604 1473 3673 indigens,
1504 3610 1556 3658 et
1587 3605 1728 3658 sicut
1757 3603 2007 3673 pardalis
2038 3603 2119 3674 (ι).

469 3692 769 3745 Potentius
802 3697 999 3747 autem
1044 3696 1459 3763 repraesentant
1489 3692 1663 3759 oculi,
1698 3697 1752 3747 et
1784 3697 2123 3746 casterarum

472 3779 727 3851 partium
750 3797 1161 3851 corporearum
1187 3781 1709 3837 denominationes.
1738 3782 2123 3849 Proprietates

472 3885 630 3933 vero,
668 3873 731 3921 ut
762 3870 915 3938 apud
951 3873 1148 3938 Amos,
1180 3870 1437 3923 Adamas
1464 3869 1583 3940 (m),
1608 3869 1886 3939 quoniam
1919 3870 2123 3923 divinas

475 3960 699 4011 natura:
725 3956 1025 4028 proprium
1055 3963 1143 4012 est
1169 3974 1281 4011 non
1308 3973 1479 4028 posse
1508 3956 1647 4025 pati,
1666 3972 1854 4026 neque
1878 3956 2121 4012 domari.

476 4045 980 4109 Quemadmodum
998 4046 1172 4100 etiam
1189 4046 1453 4116 quiavim
1478 4044 1648 4099 habet
1666 4061 1873 4114 pravos
1889 4044 2125 4100 habitus

475 4136 861 4189 consumendi
883 4134 1127 4189 dicitur:
1152 4136 1291 4188 Deus
1310 4137 1496 4188 noster
1519 4134 1660 4203 ignis
1678 4148 1999 4187 consumens
2019 4134 2123 4204 (η).

476 4222 693 4277 Cretera
716 4228 936 4289 autem,
961 4240 1088 4293 quae
1113 4223 1271 4277 dicta
1313 4226 1473 4289 sunt,
1499 4221 1777 4276 studiosis
1809 4221 2126 4276 lectoribus

478 4311 792 4366 manifesta
818 4312 1128 4375 exsistunt,
1154 4311 1247 4365 his
1279 4311 1455 4364 etiam
1486 4309 1803 4380 anagogica
1825 4315 1881 4364 et
1912 4310 2126 4381 allego-

474 4400 595 4455 rica
617 4400 1031 4471 contemplatio
1066 4400 1309 4453 minime
1332 4398 1621 4452 dissentit.
1643 4398 1789 4461 Quin
1823 4399 1999 4453 etiam
2032 4415 2125 4453 ac-

474 4488 663 4557 cipere
696 4488 867 4542 liceat
897 4494 1085 4542 sortes
1109 4492 1164 4541 et
1185 4486 1523 4540 mansiones
1547 4503 1650 4556 pro
1674 4487 1880 4541 divinae
1906 4492 2125 4541 natura:

2234 3356 2317 3389 ναι
2348 3340 2463 3395 τοῖς
2507 3333 2558 3387 ἐν
2606 3337 2674 3406 τῇ
2726 3332 2942 3403 Παλαιᾷ
2972 3332 3163 3407 ἁγίοις,
3220 3332 3310 3386 καὶ
3363 3333 3415 3388 ἐν
3464 3331 3592 3388 εἷ’δει
3636 3354 3879 3409 περιστε-

2235 3430 2352 3493 ρᾶς,
2405 3424 2467 3477 τὸ
2529 3425 2751 3494 Ηνεῦμα
2776 3423 2837 3477 τὸ
2894 3418 3064 3497 ἅγιον.
3125 3421 3389 3496 Προνοίας
3442 3419 3519 3491 δὲ,
3552 3423 3640 3477 καὶ
3693 3425 3752 3478 τὸ
3781 3427 3879 3477 τῶν

2235 3506 2441 3565 ἀσεϐῶν
2495 3510 2910 3585 τιμωρητικόν·
2974 3508 3184 3585 εἷ’ρηται
3227 3515 3360 3585 γοῦν
3408 3511 3554 3585 παρὰ
3611 3517 3697 3583 τῷ
3757 3515 3881 3587 Προ-

2235 3602 2377 3678 φήτῃ
2416 3619 2428 3632 δ
2481 3601 2569 3661 Ὠς
2630 3596 2825 3671 ἄρκτος
2878 3597 3271 3672 ἀπορουμένη,
3316 3598 3406 3653 καὶ
3465 3600 3538 3662 ὡς
3591 3598 3879 3674 πάρδαλις.

2233 3692 2353 3745 Τῶν
2416 3689 2508 3762 μὲν
2566 3689 2655 3742 οὗν
2724 3686 3003 3761 δυνάμεων
3060 3688 3404 3765 ὑπογραφικά
3460 3687 3746 3766 ὀφθαλμοὶ
3800 3689 3881 3742 καὶ

2235 3777 2431 3852 ἐτέρων
2490 3781 2815 3850 σωματικῶν
2873 3776 3056 3851 μελῶν
3119 3776 3395 3850 ὀνόματα.
3458 3774 3777 3847 Ἰδιοτήτων
3808 3775 3879 3846 δὶ,

2236 3868 2309 3928 ὡς
2359 3868 2505 3943 παρά
2558 3868 2619 3921 τὸ
2676 3868 2859 3937 Ἀμὼς
2919 3864 3167 3939 ἁδάμας’
3230 3864 3369 3920 ἴδιον
3430 3866 3533 3941 γὰρ
3589 3873 3697 3935 τῆς
3750 3866 3883 3930 θείας

2235 3955 2447 4033 φύσεως
2503 3957 2565 4009 τὸ
2617 3955 2814 4019 ἀπαθὲς
2862 3957 2951 4010 καὶ
2995 3953 3326 4027 ἀδάμαστον.
3379 3957 3581 4022 ’Ὠσπερ
3640 3956 3737 4009 οὖν
3798 3954 3879 4007 καὶ

2234 4046 2295 4099 τὸ
2354 4044 2689 4099 ἀναλωτικὸν
2719 4048 2826 4098 τῶν
2881 4046 3178 4119 μοχθηρῶν
3207 4041 3389 4113 ἕξεων,
3437 4047 3552 4097 καθ’
3588 4043 3617 4097 ὕ
3651 4043 3879 4118 εἷ’ρηται·

2234 4125 2287 4187 ⁴0
2341 4134 2467 4193 Θεὸς
2515 4137 2675 4204 ἡμῶν
2723 4138 2829 4206 πῦρ
2878 4132 3287 4188 καταναλίσκον.
3349 4131 3447 4186 Καὶ
3498 4133 3565 4186 τὰ
3613 4132 3786 4187 λοιπά
3835 4129 3885 4185 δὶ

2235 4227 2341 4276 τῶν
2377 4220 2963 4297 εἷρημὲνων,πρόδηλα
2995 4221 3471 4297 τοῖςφιλοπόνοις·
3504 4221 3592 4275 καὶ
3617 4224 3651 4290 ἡ
3685 4221 3884 4276 τούτων

2236 4310 2545 4385 ἀναγωγική
2577 4333 2634 4364 τε
2662 4310 2750 4365 καὶ
2783 4309 3128 4383 ἀλληγορικὴ
3154 4312 3373 4385 θεωρία,
3409 4310 3509 4365 οὐκ
3538 4310 3882 4387 ἀσύμφωνον.

2238 4400 2257 4417 ν
2445 4397 2484 4415 Νκ
2612 4400 2625 4417 \
2817 4405 2838 4414 -
3214 4400 3229 4416 ἱ
3404 4400 3415 4417 \
3600 4399 3613 4415 \
3748 4400 3759 4414 1
3829 4404 3856 4414 .-

2261 4402 2389 4455 Εστι
2441 4414 2497 4452 οε
2539 4421 2627 4453 και
2679 4394 2887 4466 λαϐειν,
2938 4397 3119 4469 λήξεις
3174 4421 3267 4472 μεν
3332 4420 3419 4453 και
3485 4420 3672 4472 μονας,
3704 4420 3770 4454 το
3793 4418 3889 4466 της

2237 4488 2368 4542 θείαι
2430 4488 2636 4563 φύσεως
2696 4486 3092 4559 ἀναλλοίωτον,
3151 4489 3237 4543 καὶ
3309 4488 3696 4562 ἀμετάστατον,
3760 4487 3887 4560 ὅπερ

473 4575 957 4629 immutabilitate
999 4581 1173 4645 atque
1205 4576 1555 4641 constantia,
1590 4592 1715 4645 quae
1764 4592 1865 4646 per
1914 4577 2119 4630 funda-

2238 4575 2325 4632 διά
2354 4582 2459 4631 τῶν
2494 4575 2901 4649 θεμελιωτικῶν
2952 4577 3115 4631 λίθων
3169 4576 3567 4648 ὑποδηλοῦται·
3619 4573 3885 4651 προόδους

476 4662 759 4718 mentales
793 4663 1016 4732 lapides
1054 4663 1408 4717 insinuatur.
1443 4663 1849 4719 Emanationes
1881 4682 2012 4719 vero
2046 4670 2130 4721 at-

477 4767 591 4822 que
632 4752 1007 4820 secretiones,
1043 4751 1243 4805 dicunt
1294 4752 1882 4808 communicationem
1916 4754 2126 4809 divinae

476 4838 756 4894 bonitatis
817 4839 929 4910 ipsi
987 4839 1334 4893 naturaliter
1390 4839 1817 4910 inexsistentis;
1879 4844 2126 4913 exempli

483 4929 673 5000 gratia
704 4946 807 5000 per
839 4927 947 4983 lilii
980 4929 1387 4997 fragrantiam,
1412 4930 1568 4983 unde
1592 4934 1764 4984 etiam
1786 4930 2000 4985 dicitur
2028 4935 2128 5001 ﬂos

477 5019 674 5087 campi,
701 5022 758 5072 et
781 5018 963 5071 lilium
985 5018 1321 5073 convallium
1339 5018 1436 5088 (0).
1466 5020 1549 5072 lta
1570 5018 1744 5073 etiam
1774 5020 2021 5075 uniones
2043 5022 2128 5075 in-

477 5106 827 5177 telligendas,
854 5108 1010 5177 quod
1045 5107 1326 5160 nimirum
1364 5108 1511 5161 Deus
1544 5108 1707 5161 uniat
1739 5125 1937 5163 secum
1973 5126 2127 5165 crea-

477 5200 663 5265 turas,
684 5200 739 5250 et
770 5197 840 5249 ad
877 5212 935 5250 se
966 5200 1283 5259 convertat,
1313 5200 1380 5250 ut
1419 5212 1549 5249 cum
1595 5196 1810 5251 dicitur
1840 5197 1987 5269 lapis
2020 5217 2122 5253 an-

475 5282 715 5353 gularis.
746 5284 1001 5339 Ornatus
1030 5285 1170 5340 item
1206 5284 1543 5353 muliebres,
1565 5285 1767 5356 quales
1800 5293 1939 5342 sunt
1968 5289 2121 5359 apud

549 5460 628 5535 (u)
661 5461 808 5517 Psal.
844 5478 953 5527 cur,
986 5464 1072 5535 3.7
1119 5466 1186 5533 (v)
1220 5466 1367 5521 Psal.
1403 5484 1553 5535 XLIV,
1592 5470 1636 5522 1.

586 5534 908 5610 I_sa._xxv11,
941 5536 995 5589 6.
1043 5534 1125 5610 _(c)
1158 5536 1309 5593 Psal.
1344 5556 1494 5604 xx1v,
1529 5532 1615 5592 10.
1676 5532 1750 5610 (ά)
1781 5532 1899 5596 Jer.
1934 5560 1994 5609 II,
2030 5544 2113 5597 13.

1715 5470 1794 5547 (te)
1832 5469 1980 5526 Psal.
2014 5488 2192 5539 xxxn,
2224 5474 2277 5526 6.

1715 5542 1750 5597 li
1782 5542 1899 5596 Jer.
1934 5560 1994 5597 II.
2030 5544 2113 5597 13.
2175 5543 2249 5597 (e)
2280 5543 2359 5597 He

2175 5543 2249 5613 (e)
2280 5543 2419 5598 Heb.
2456 5561 2494 5610 ι,
2526 5545 2579 5598 3.

2240 4665 2297 4721 δὲ
2326 4667 2414 4720 καὶ
2438 4664 2731 4738 διακρίσεις
2759 4668 2858 4735 τὴν
2880 4669 2988 4720 τῶν
3014 4670 3254 4741 φυσικῶς
3288 4667 3436 4739 αὐτῷ
3469 4660 3883 4741 ἐνυπαρχόντων

2238 4756 2443 4831 ἀγαθῶν
2489 4753 2798 4828 μετάδοσιν,
2853 4755 3033 4828 ὥσπερ
3085 4756 3138 4809 ἐν
3189 4754 3568 4829 ὑποδείγματι,
3608 4759 3642 4825 ἡ
3704 4755 3765 4809 ἐκ
3790 4756 3885 4807 τοῦ

2236 4845 2420 4919 κρίνου
2448 4845 2695 4919 εὐοσμία,
2726 4847 2851 4921 παρ’
2883 4847 2911 4899 ’ὀ
2962 4846 3048 4899 καὶ
3077 4845 3292 4920 λέγεται
3323 4843 3485 4908 ἄνθος
3542 4850 3638 4900 τοῦ
3666 4841 3884 4911 πεδίου,

2234 4934 2417 5008 κρίνον
2470 4939 2577 4988 τῶν
2648 4932 2947 4990 κοιλάδων.
3002 4933 3186 4997 Οὕτως
3247 4932 3339 4987 οὖν
3370 4936 3594 5004 νοητέον
3644 4932 3733 4987 καὶ
3794 4932 3889 4993 τας

2234 5022 2449 5084 ἐνώσεις
2495 5023 2557 5077 τὸ
2606 5024 2741 5096 πρὸς
2784 5022 2940 5076 αὐτὸν
2995 5022 3406 5097 ἑπιστρεπτικὸν
3458 5023 3546 5076 καὶ
3581 5018 3889 5075 συνδετικὸν

2232 5116 2339 5166 τῶν
2392 5113 2728 5183 κτισμάτων,
2778 5109 2864 5165 διὰ
2907 5116 3003 5166 τοῦ
3046 5110 3445 5185 ἀκρογωνιαίου
3492 5110 3643 5166 λίθου
3672 5106 3885 5179 δηλού-

2238 5221 2418 5271 μενον.
2471 5201 2721 5272 Κόσμους
2755 5197 2811 5253 δὲ
2868 5200 3211 5272 γυναικείους
3260 5200 3327 5253 τὰ
3372 5200 3522 5273 παρά
3566 5204 3644 5270 τῷ
3691 5195 3888 5265 Ἠσαίᾳ

2231 5289 2470 5363 κείμενα,
2520 5290 2582 5343 τὸ
2616 5287 2959 5344 παντοδαπὸν
2991 5296 3089 5358 τῆς
3138 5288 3282 5351 θείας
3332 5289 3591 5363 προνοίας
3645 5286 3887 5359 ὑπογρά-

3434 5472 3506 5541 (α)
3534 5474 3641 5526 Isa.
3674 5485 3800 5532 Lm,
3827 5468 3878 5541 2.

2380 5473 2433 5543 y)
2466 5473 2635 5527 Joan.
2670 5490 2709 5541 ι,
2748 5473 2831 5525 18.
2912 5472 2982 5543 (z)
3014 5474 3188 5541 Apoc.
3214 5489 3276 5539 II,
3299 5471 3353 5524 7.

3384 5539 3545 5598 Deut.
3580 5556 3756 5603 xxxn,
3790 5539 3877 5592 11.

2640 5543 2706 5613 (ί)
2738 5543 2889 5599 Psal.
2922 5561 3092 5607 xxxv,
3129 5544 3211 5597 10.
3272 5543 3347 5614 (g)

503 5602 561 5688 h‘)
589 5603 745 5688 fsal.
780 5621 962 5688 σχειν,
1002 5602 1083 5661 16⁷.
1110 5602 1115 5606 ’
1145 5609 1209 5679 (i)
1241 5610 1390 5666 Psal.
1424 5602 1627 5681 (δέων,
1660 5602 1746 5668 25ξ
1810 5613 1891 5684 (Iit)
1925 5602 2067 5670 Gen.
2098 5632 2119 5669 ξ

2236 5602 2255 5670 ’.
2300 5602 2524 5684 (1)0sé.
2558 5602 2745 5684 xui'ﬂ,
2777 5617 2831 5671 8.
2892 5616 2989 5688 (τη)
3020 5602 3217 5671 Amos.
3252 5602 3352 5669 vir.
3416 5614 3497 5685 (τι)
3529 5602 3876 5679 Deut.1v,2:'n.

504 5674 555 5745 0)
586 5673 747 5730 Cant.
784 5693 844 5743 ιι,
882 5679 930 5732 1.
