4020 6358
178 463 275 520 561
1130 465 1187 518 S.
1229 464 1500 520 MAXIM!
1537 462 1844 520 SCHOLIA
1880 464 1957 516 IN
1994 464 2151 518 EPP.
2191 466 2249 518 Β.
2292 465 2630 522 DIONYSII.

3488 467 3599 523 562

176 607 362 665 φοντα.
394 587 601 659 ’Ὠσπερ
625 584 713 638 οὗν
746 583 835 638 καὶ
880 583 977 651 τῆν
1024 585 1255 659 χωνείαν
1305 584 1394 640 καὶ
1443 586 1505 640 τὸ
1538 597 1817 661 χωνευτη-

1937 586 2169 653 Isaiam,
2196 586 2410 657 quibus
2444 589 2799 645 describitur
2828 607 3001 646 omne
3019 607 3207 662 genus
3228 590 3440 648 divinae
3464 609 3597 665 pro-

175 696 289 749 ριον
328 671 676 744 ὑποληπτέον
719 674 816 741 τήν
869 671 1277 741 ἀναπλαστικήν
1328 675 1610 749 πρόνοιαν,
1657 671 1693 742 ἤ
1725 675 1822 743 τὴν

177 762 520 837 διακριτικήν
566 784 624 816 τε
669 762 756 815 καὶ
807 763 1134 836 καθαρτικήν
1189 760 1436 835 δύναμιν.
1488 764 1563 816 Τὰ
1605 763 1702 837 γὰρ
1728 769 1826 832 τῆς

178 852 475 916 ὁπλιτικῆς
506 848 790 919 διασκευῆς
838 848 1094 925 πρόδηλα
1137 851 1230 922 μὲν
1282 850 1401 905 ἔνθα
1441 857 1643 906 κεῖνται
1680 872 1691 885 ·
1729 849 1824 921 δη-

175 940 332 998 λοῦσι
368 938 425 994 δὲ
476 942 537 994 τὸ
585 940 960 1013 καθαιρετικὸν
1013 939 1100 993 καὶ
1158 940 1480 1017 ἀφανιστικὰ
1526 946 1633 995 τῶν
1677 940 1825 995 ἐναν-

178 1030 329 1085 τίων.
367 1024 713 1103 Βαρϐαρικας
748 1025 806 1082 δὲ
849 1027 1177 1091 ὁπλοποιίας
1226 1027 1355 1090 ἴσως
1399 1030 1571 1084 ἐκεῖνο
1602 1030 1664 1083 τό
1692 1049 1703 1062 ·
1739 1032 1824 1086 Ἐν

172 1121 494 1192 ἱμαστισμῷ
546 1115 850 1192 διαχρύσῳ,
896 1116 1005 1174 καί.
1062 1117 1358 1192 Περίζωσαι
1406 1121 1505 1187 τὴν
1554 1118 1825 1195 ῥομφαίαν

173 1228 268 1261 σου
291 1207 380 1261 ἐπὶ
400 1207 496 1261 τὸν
552 1207 725 1281 μηρόν
778 1227 895 1275 σου,
945 1203 1154 1260 δυνατέ.
1187 1208 1250 1263 Ἡ
1283 1206 1381 1281 γὰρ
1416 1207 1659 1285 ῥομφαία
1695 1208 1826 1283 βαρ-

174 1290 398 1369 ϐαρικόν
434 1297 575 1350 ἐστιν
602 1293 796 1366 ὅπλον,
830 1295 903 1357 ὠς
935 1295 1141 1370 ἱστορεῖ
1162 1294 1480 1370 Φύλαρχος.
1504 1297 1746 1368 Ὁμοίως
1772 1294 1829 1350 δὲ

175 1383 262 1438 καὶ
299 1383 566 1457 βαναυσός
600 1383 707 1439 ἐστι
730 1388 834 1445 πᾶς
855 1383 1112 1458 τεχνίτης
1138 1382 1226 1438 διὰ
1250 1385 1415 1459 πυρὸς
1440 1384 1823 1459 ἐργαζόμενος.

1933 674 2816 746 videntiae(p).Quemadmodum
2836 681 3009 734 etiam
3032 698 3134 735 con
3147 680 3433 736 {latoriam
3455 683 3597 753 ﬁgu.

1935 762 2116 818 linam
2150 766 2445 820 ofﬁcinam
2478 768 2738 839 accipere
2768 772 3016 839 oportet,
3040 773 3102 822 ut
3126 769 3595 839 signiﬁcenthaac

1935 853 1993 906 in
2026 853 2140 908 Deo
2174 856 2596 923 providentiam
2630 859 3046 911 reformantem
3092 874 3156 911 ac
3189 860 3590 930 reﬁngentem,

1936 947 2038 995 aut
2085 942 2199 996 vim
2250 949 2305 997 et
2356 944 2690 999 facultatem
2726 945 3067 1000 secernendi
3117 951 3172 1000 et
3218 948 3591 1017 repurgandi.

1937 1031 2097 1095 Quod
2131 1031 2285 1087 enim
2316 1033 2385 1087 ad
2420 1050 2717 1089 armorum
2753 1035 3149 1089 instrumenta
3180 1035 3593 1107 pertinet,quaa

1938 1120 2034 1175 hic
2084 1120 2274 1190 palam
2328 1128 2725 1192 recensentur,
2777 1124 3088 1195 designant
3129 1124 3245 1177 vim
3306 1124 3596 1179 contraria

1938 1209 2277 1263 destruendi
2311 1216 2367 1266 et
2397 1212 2689 1267 abolendi.
2718 1212 3061 1267 Barbaricas
3106 1216 3300 1268 autem
3333 1217 3595 1267 armatu-

1938 1314 2031 1352 ras
2061 1298 2202 1353 forte
2235 1298 2423 1354 illud:
2480 1303 2539 1355 In
2588 1304 2793 1356 vestitu
2849 1302 3131 1369 deaurato,
3182 1308 3258 1369 et,
3309 1304 3599 1373 Accingere

1937 1388 2119 1456 gladio
2150 1404 2315 1458 super
2340 1392 2526 1459 femur
2556 1394 2737 1456 tuum,
2758 1391 3131 1461 potentissime
3152 1392 3246 1461 (q).
3270 1392 3371 1447 Est
3400 1395 3597 1447 autem

175 1475 517 1546 rhomphaaa
547 1475 919 1530 barbaricum
969 1473 1175 1543 telum,
1209 1478 1274 1530 ut
1300 1475 1380 1530 ait
1409 1475 1765 1547 Phylarchus
1813 1474 2154 1532 historicus.
2186 1477 2471 1533 Similiter
2517 1483 2573 1534 et
2623 1480 2987 1535 fornacarius
3017 1485 3107 1535 est
3153 1481 3347 1536 omnis
3394 1480 3602 1537 artifex

173 1563 272 1634 qui
304 1580 410 1634 per
440 1568 632 1633 ignem
663 1569 957 1635 operatur.

241 1652 339 1705 Καὶ
384 1648 569 1712 δαιτάς
617 1672 789 1713 τινας.
851 1654 1045 1712 Δαῖτάς
1101 1672 1246 1712 τινας
1292 1649 1387 1715 τὰς
1437 1650 1679 1725 εὐωχίας
1709 1672 1818 1727 φη-

176 1740 271 1805 σὶν,
304 1740 380 1800 ὡς
421 1738 473 1793 ἐν
526 1745 604 1811 τῷ
652 1738 992 1815 Εὐαγγελίῳ,
1042 1738 1130 1793 ὅτε
1179 1740 1206 1793 6
1257 1739 1467 1813 μόσχος
1499 1740 1526 1794 ὁ
1558 1739 1818 1810 σιτευτὸς,

174 1826 257 1882 καὶ
286 1828 357 1881 τὰ
388 1826 578 1896 λοιπὰ,
610 1829 809 1903 γίνεται
842 1828 891 1881 ἐν
924 1827 1004 1899 τῷ
1034 1827 1230 1900 ἀσώτῳ
1261 1829 1383 1900 υἱῷ.

2001 1654 2064 1708 Ει
2122 1656 2377 1709 convivia
2435 1655 2707 1725 quaedam.
2767 1657 3041 1712 Convivia
3108 1659 3373 1729 quaedam
3432 1662 3597 1713 vocat

1930 1741 2134 1812 epulas
2167 1748 2231 1797 ut
2260 1748 2350 1799 est
2382 1744 2439 1797 in
2468 1745 2774 1815 Evangelio
2801 1748 3034 1815 (r),cum
3051 1746 3273 1803 vitulus
3291 1746 3592 1817 saginatus

1936 1830 2247 1901 occiditur,
2281 1837 2416 1898 etc.,
2440 1832 2496 1886 in
2532 1833 2716 1887 reditu
2750 1833 2852 1887 filii
2885 1834 3134 1905 prodigi.

236 1918 320 1972 Τὰ
357 1913 626 1985 πολυειδῆ
676 1917 766 1971 καὶ
817 1915 970 1986 λοξά.
1028 1918 1322 1991 Ἀμαρτίας
1374 1916 1717 1991 ἐπαγγελιῶν
1766 1915 1816 1969 έν

1999 1919 2329 1985 Multiplices
2376 1926 2427 1975 et
2469 1921 2742 1992 obliquas.
2778 1924 3210 1977 Frustrationes
3247 1923 3588 1995 promissio-

170 2004 389 2067 τούτοις
425 2005 558 2082 φησὶ
586 2006 649 2059 τὸ
680 2000 731 2059 ἕν
757 2027 863 2060 τισι
894 2010 1002 2060 τῶν
1036 2005 1418 2082 προρρήσεων,
1451 2007 1587 2060 κατᾶ
1615 2006 1678 2060 τὸ
1696 2006 1827 2081 πρό-

176 2113 365 2168 χειρον
401 2093 602 2163 δοκεῖν,
640 2094 717 2165 μή
747 2094 904 2155 τέλος
938 2090 1122 2149 λαϐεῖν
1155 2094 1222 2149 τὰ
1254 2093 1647 2169 έπαγγελθέντα
1670 2113 1683 2126 ·
1712 2093 1823 2148 οἷόν

180 2181 341 2248 ἐστιν,
377 2182 453 2242 ὡς
484 2181 543 2236 ἐκ
591 2180 820 2237 πολλῶν
871 2180 1030 2256 ὀλίγα
1079 2183 1431 2258 παραθέσθαι,
1475 2188 1537 2236 τὸ
1568 2183 1703 2255 πρὸς
1734 2181 1823 2236 τὸν

176 2265 373 2327 Ἰακὼϐ
436 2269 627 2346 λεχθέν
662 2291 676 2304 ’
749 2270 907 2325 Γίνου
978 2271 1166 2346 κύρίος
1223 2276 1318 2325 τοῦ
1386 2268 1625 2348 ἀδελφοῦ
1680 2292 1775 2325 σου
1809 2288 1822 2304 ⁸

175 2357 365 2412 καὶτὰ
392 2359 518 2432 περὶ
548 2366 649 2428 τῆς
698 2356 964 2432 διαμονῆς
1014 2366 1114 2428 τῆς
1167 2360 1241 2422 εἷς
1285 2361 1382 2428 τὴν
1422 2359 1696 2434 βασιλείαν
1724 2362 1825 2413 τοῦ

177 2447 493 2522 σπέρματος
540 2446 727 2519 Δαυίδ,
787 2449 919 2525 ἅπερ
970 2448 1021 2503 έν
1079 2453 1158 2521 τῷ
1205 2454 1473 2523 προφανεῖ
1522 2445 1821 2523 διήμαρτον

171 2543 271 2605 τῆς
305 2531 603 2605 ἐκϐάσεως,
635 2537 773 2591 κατὰ
823 2534 879 2591 δὲ
932 2538 1028 2605 τὴν
1057 2533 1254 2609 ἀκριϐῆ
1289 2536 1514 2612 θεωρίαν
1544 2534 1822 2609 οὐδαμῶς.

174 2626 246 2680 Τὸ
281 2625 380 2697 μὶν
415 2626 515 2698 γὰρ
544 2629 641 2679 τοῦ
682 2620 878 2682 ’[ακὼϐ
929 2624 1017 2680 διὰ
1062 2633 1160 2695 τῆς
1187 2630 1290 2679 τῶν
1326 2624 1376 2696 ἐξ
1407 2625 1569 2679 αὐτοῦ
1601 2625 1825 2697 ἐπικρα-

169 2712 315 2775 τείας
378 2714 469 2767 καὶ
524 2720 625 2783 τῆς
685 2714 777 2775 εἷς
813 2715 1042 2788 Χριστὸν
1102 2716 1386 2789 ἀναγωγῆς
1438 2713 1821 2788 πεπλήρωται,

172 2801 360 2877 ὥσπερ
390 2801 481 2856 καὶ
513 2803 569 2856 αἱ
599 2804 733 2877 πρὸς
782 2804 875 2858 τὸν
922 2798 1174 2878 Ἀϐραὰμ
1225 2802 1541 2879 ἐπαγγελίαι
1570 2802 1692 2876 περὶ
1722 2808 1823 2871 τῆς

169 2892 560 2965 κατασχέσεως
588 2898 687 2961 τῆς
725 2898 827 2966 γῆς
876 2892 965 2946 καὶ
1022 2900 1122 2961 τῆς
1178 2896 1285 2947 τῶν
1339 2891 1506 2947 ἐθνῶν
1548 2890 1822 2965 εὐλογίας.

170 2980 250 3037 Τὰ
283 2977 348 3034 δὲ
390 2981 530 3055 πρὸς
566 2979 729 3035 Δαυίδ
779 2982 959 3054 μόνως
993 2981 1068 3043 εἰς
1098 2982 1187 3035 τὸν
1222 2982 1447 3057 Χριστὸν
1484 2979 1822 3058 ἀναφέρεται.

165 3067 421 3141 Ὁμοίως
469 3064 527 3122 δὲ
575 3069 663 3122 καὶ
722 3066 789 3123 τὰ
844 3068 966 3144 περὶ
1030 3067 1396 3142 Σολομῶντος
1456 3065 1717 3123 δοκοῦντα
1771 3065 1823 3121 ἐν

165 3161 247 3229 τῷ
283 3155 382 3230 μδ⁹
426 3155 670 3232 εἰρῆσθαι
722 3155 948 3231 ψαλμῷ·
1000 3159 1108 3219 Τὰς
1157 3156 1251 3211 οὖν
1298 3156 1349 3212 ἂν
1377 3155 1592 3219 τούτοις
1625 3156 1824 3230 ἐξηγη-

165 3245 327 3307 τικᾶς
359 3242 672 3315 ἀποδόσεις,
704 3245 766 3301 τὸ
813 3244 1067 3303 ποικίλον
1116 3245 1371 3322 ἐχούσας,
1406 3243 1672 3314 πολυειδῆ
1707 3245 1823 3299 ἐκά-

162 3332 291 3389 λεσε
350 3332 678 3409 σοφίσματα,
730 3334 836 3410 οὐχ
900 3336 975 3397 ὡς
1033 3333 1509 3411 παραλογιστικῶς
1564 3332 1823 3408 τεχναζό-

166 3444 307 3496 μενα
338 3423 442 3491 τὴν
494 3420 776 3494 ἀλήθειαν,
827 3422 952 3479 ἀλλ’
995 3424 1069 3488 ὡς
1118 3428 1299 3502 σαφῶς
1331 3422 1733 3479 ἀναπτύσσοντα
1760 3421 1824 3477 τὸ

165 3511 507 3585 ζητούμενον
518 3554 531 3568 .

233 3600 401 3675 [Περὶ
433 3604 530 3655 τοῦ
568 3603 847 3674 ’Ἀσματος
893 3604 1001 3656 τῶν
1047 3601 1326 3675 ᾀσμάτων,
1376 3598 1458 3656 ὅτι
1506 3602 1656 3675 ἅγιον
1688 3602 1824 3657 κατὰ

159 3687 293 3751 τοὺς
328 3689 518 3763 ἁγίους
548 3688 771 3751 τούτους
798 3707 810 3721 ⁸
836 3687 1115 3765 Θεόδωρος
1144 3692 1244 3765 γὰρ
1278 3692 1305 3745 6
1334 3691 1677 3764 Μοψυεστίας
1712 3688 1825 3745 διέ-

165 3771 339 3832 ϐαλεν
364 3777 496 3831 αὐτὸ
526 3775 763 3847 ἠλιθίως
793 3779 977 3851 πάνυ.]

233 3869 366 3924 Τῶν
411 3863 793 3938 συνθημάτων.
844 3864 1215 3939 Συνθημάτων
1260 3864 1392 3943 φησὶ
1442 3870 1549 3920 τῶν
1611 3860 1819 3939 συμϐο-

161 3949 345 4017 λικῶς
396 3955 724 4027 γινομένων,
783 3954 815 4009 ἃ
888 3955 1017 4028 ὑπὲρ
1073 3955 1298 4022 ἑαυτῶν,
1351 3952 1626 4008 τουτέστιν
1687 3954 1817 4028 ὑπὲρ

158 4048 255 4099 τοῦ
287 4040 467 4104 οὕτως
508 4045 553 4079 ⁰¹
602 4053 838 4107 νοεῖσθαι
884 4042 1037 4112 αὐτὰ,
1087 4044 1159 4104 ὡς
1209 4044 1271 4097 τὸ
1312 4041 1637 4120 φαινόμενον
1672 4040 1817 4118 ἔχειν

157 4132 249 4186 καὶ
313 4130 379 4185 τὸ
434 4131 663 4207 γράμμα
718 4130 896 4205 ψιλῶς
956 4131 1273 4207 ὑπαγορεύει
1308 4150 1319 4162 ·
1382 4130 1441 4185 οὐ
1500 4132 1817 4200 τυπωθῆναι

160 4241 358 4297 φησιν,
392 4216 543 4274 ἀλλὰ
572 4218 948 4295 προκάλυμμα
996 4220 1127 4273 εἶναι
1176 4218 1265 4273 καὶ
1308 4218 1476 4273 τύπον
1509 4222 1617 4273 τῶν
1653 4220 1818 4294 βαθυ-

157 4307 337 4385 τέρων
371 4308 616 4377 νοήσεων
670 4307 759 4361 καὶ
810 4306 1163 4380 ὑπολήψεων.
1218 4311 1391 4361 Τοῦτο
1433 4305 1489 4361 δέ
1520 4328 1704 4384 φησιν,
1736 4307 1819 4363 ὅτι

158 4396 225 4451 τὰ
260 4388 524 4469 σύμϐολα
572 4394 678 4470 οὐχ
729 4395 859 4470 ὑπὲρ
915 4396 1114 4451 ἑαυτῶν
1160 4398 1226 4451 τὰ
1272 4398 1590 4468 συνθήματα
1626 4397 1691 4450 τὰ
1718 4419 1819 4470 μυ-

162 4482 326 4539 στικὰ
376 4481 692 4554 ἰπενόησαν,
754 4482 899 4539 ἀλλὰ
956 4482 1044 4538 διὰ
1099 4482 1231 4547 τοὺς
1284 4483 1557 4556 ἀναξίους,
1592 4481 1683 4539 τίνα
1718 4486 1817 4557 μή,

162 4571 506 4648 προκείμενα
537 4571 739 4643 αὐτοῖς,
773 4570 1214 4650 εὐκαταφρόνητα
1244 4569 1460 4642 δοκοίη.

1935 2024 2074 2062 num
2110 2012 2274 2063 vocat
2303 2008 2420 2074 hic,
2454 2026 2585 2065 cum
2635 2026 2722 2077 ea,
2757 2026 2884 2080 quae
2934 2011 3226 2081 promissa
3277 2016 3439 2077 sunt,
3473 2028 3589 2066 non

1934 2095 2204 2151 videntur
2236 2097 2305 2151 ad
2340 2098 2558 2152 exitum
2592 2099 2895 2169 producta,
2930 2104 3222 2169 quatenus
3255 2099 3455 2154 sensui
3486 2117 3590 2169 ap-

1936 2190 2117 2255 paret,
2137 2186 2295 2239 verbi
2338 2187 2635 2257 gratia,ut
2677 2204 2743 2242 ex
2785 2189 2939 2242 324
2982 2187 3185 2242 multis
3225 2205 3411 2258 pauca
3452 2187 3592 2242 refe-

1936 2289 2078 2339 ram,
2129 2274 2283 2343 quod
2336 2276 2695 2345 promissum
2747 2275 2857 2329 fuit
2902 2276 3122 2331 Jacob:
3168 2277 3293 2331 Esto
3340 2276 3593 2331 dominus

1930 2363 2134 2431 fratris
2166 2362 2251 2416 tui
2280 2365 2380 2434 (s);
2412 2368 2467 2418 et
2497 2364 2567 2418 de
2600 2364 2982 2435 perpetuitate
3014 2364 3177 2435 regni
3202 2364 3446 2419 seminis
3476 2365 3590 2419 Da-

1933 2451 2049 2515 vid,
2088 2468 2214 2521 quaa
2244 2452 2519 2507 videntur
2549 2453 2705 2507 exitu
2739 2454 3020 2507 frustrata
3052 2453 3374 2507 secundum
3407 2469 3590 2523 appa-

1934 2540 2204 2608 rentiam,
2238 2543 2341 2595 sed
2374 2558 2749 2613 nequaquam
2782 2542 3104 2596 secundum
3154 2542 3468 2611 perfectam
3499 2541 3588 2595 in-

1932 2628 2316 2698 telligentiam
2358 2630 2621 2700 spiritus.
2654 2630 2815 2692 Quod
2868 2629 3023 2683 enim
3072 2629 3433 2700 promissum
3482 2629 3591 2683 fuit

1934 2718 2110 2771 Jacob
2131 2718 2203 2772 de
2236 2718 2561 2787 dominatu,
2587 2717 2890 2788 impletum
2931 2722 3021 2773 est
3050 2717 3109 2771 in
3142 2718 3368 2773 Christo
3400 2734 3468 2772 ex
3497 2734 3587 2772 se-

1936 2806 2091 2860 mine
2113 2807 2278 2875 ejus;
2310 2806 2462 2861 sicut
2487 2807 2664 2861 etiam
2699 2806 3121 2877 promissiones
3155 2807 3313 2861 factas
3345 2804 3586 2860 Abrahte

1933 2894 2002 2948 de
2060 2894 2433 2965 possessione
2489 2900 2676 2962 terrae,
2723 2898 2779 2950 et
2836 2895 3244 2950 benedictione
3296 2894 3585 2966 gentium.

1933 2986 2066 3047 Qua
2099 2988 2293 3038 autem
2334 2983 2407 3037 ad
2448 2983 2625 3038 David
2658 2988 2818 3049 sunt,
2844 2984 2913 3038 ad
2948 2983 3139 3039 solum
3169 2984 3465 3040 Christum
3497 2997 3588 3035 re-

1935 3071 2223 3126 feruntur.
2258 3071 2541 3127 Similiter
2570 3071 2747 3127 etiam
2777 3089 2904 3144 quae
2955 3073 3025 3127 de
3074 3070 3401 3137 Salomone,
3436 3070 3590 3126 Psal.

1934 3178 2081 3231 XLIV,
2116 3161 2272 3215 dicta
2302 3164 2463 3215 sunt.
2495 3160 2701 3216 Varias
2736 3160 2934 3231 itaque
2977 3160 3036 3214 in
3085 3161 3179 3215 his
3227 3160 3594 3231 acceptiones

1938 3248 2225 3303 diversam
2259 3248 2706 3320 explicationem
2737 3249 3115 3304 admittentes
3134 3248 3485 3320 multiplicia
3508 3265 3598 3304 so-

1938 3337 2236 3408 phismata
2265 3337 2508 3403 vocavit,
2531 3354 2647 3392 non
2680 3338 2849 3408 quasi
2881 3341 3084 3408 argute
3116 3354 3182 3392 ac
3211 3338 3472 3408 captiose
3493 3354 3593 3392 ve-

1932 3425 2167 3482 ritatem
2202 3425 2507 3497 deludant,
2540 3428 2640 3482 sed
2692 3426 2846 3483 clare
2889 3426 2947 3481 id
2992 3426 3147 3497 quod
3180 3426 3462 3497 quaeritur
3492 3441 3590 3481 ex-

1931 3514 2169 3585 plicent.

2003 3604 2101 3675 [De
2130 3604 2367 3660 Cantico
2404 3603 2792 3675 canticorum,
2824 3604 2980 3674 quod
3013 3619 3248 3658 sacrum
3301 3602 3379 3657 sit
3416 3602 3589 3672 juxta

1930 3696 2165 3748 sanctos
2188 3693 2370 3748 istos:
2406 3692 2749 3748 Theodorus
2780 3692 2936 3747 enim
2969 3692 3418 3763 Mopsuestenus
3440 3689 3587 3744 illud

1930 3780 2168 3835 omnino
2200 3781 2408 3836 insane
2435 3781 2788 3851 contempsit
2818 3784 2875 3835 et
2903 3780 3146 3837 infamia
3176 3779 3443 3849 notavit.]

2002 3869 2483 3941 Compositionum.
2517 3868 2979 3940 Compositiones
3017 3867 3298 3940 intelligit
3328 3884 3426 3924 eas
3459 3882 3587 3938 qum

1929 3957 2246 4030 symbolice
2275 3959 2444 4024 fiunt,
2473 3958 2573 4030 qui
2617 3976 2719 4031 pro
2775 3976 2887 4013 non
2940 3958 3155 4029 seipsis
3210 3957 3373 4011 factae
3423 3959 3587 4023 sunt,

1929 4047 2038 4102 hoc
2096 4052 2204 4115 est,
2240 4052 2305 4102 ut
2336 4049 2420 4103 sic
2452 4047 2594 4119 ipsae
2622 4048 3051 4118 concipiantur,
3086 4044 3587 4117 quemadmodum

1928 4136 2161 4207 signum
2194 4136 2561 4206 propositum
2596 4136 2869 4198 continet,
2900 4140 2957 4191 et
2995 4135 3154 4189 nuda
3202 4134 3396 4189 littera
3442 4132 3589 4187 insi-

1929 4229 2111 4292 nuat;
2146 4225 2247 4278 sed
2283 4223 2631 4292 velamenta,
2663 4222 2879 4293 inquit,
2905 4225 3124 4277 suntet
3156 4222 3341 4292 figura
3369 4219 3588 4275 intelli-

1928 4313 2261 4384 gentiarum
2310 4329 2374 4367 ac
2423 4328 2708 4367 sensuum
2740 4310 3211 4382 profundiorum.
3237 4311 3353 4365 Hoc
3385 4314 3585 4364 autem

1929 4402 2027 4471 ait,
2052 4401 2201 4469 quod
2230 4399 2497 4472 symbola
2529 4418 2643 4455 non
2672 4404 2911 4472 propter
2932 4400 3207 4472 mysticae
3236 4398 3396 4470 ipsas
3428 4414 3587 4453 com-

1928 4489 2248 4560 positiones
2290 4488 2696 4560 excogitarint,
2730 4489 2832 4543 sed
2878 4493 3115 4561 propter
3161 4487 3459 4559 indignos,
3493 4501 3586 4556 ne,

1931 4577 1980 4631 si
2010 4577 2083 4631 iis
2115 4576 2281 4631 obvia
2311 4576 2523 4643 forent,
2547 4576 2716 4632 facile
2747 4576 3107 4648 contemptui
3136 4576 3515 4632 haberentur.

232 4662 357 4731 Τὴν
426 4660 519 4733 μὲν
578 4659 911 4736 ἀπόρρητον.
984 4648 1108 4729 ήΤὴν
1199 4661 1291 4734 μὲν
1365 4658 1674 4735 ἀπόρρητον
1730 4660 1819 4715 καὶ

2004 4668 2176 4723 Unam
2207 4666 2433 4737 quidam
2466 4682 2753 4722 arcanam.
2786 4672 3078 4723 Arcanam
3114 4667 3355 4737 quidem
3387 4669 3444 4720 et
3475 4681 3591 4736 my-

171 4749 443 4823 μυστικὴν
477 4746 775 4825 παράδοσιν
834 4756 934 4818 τῆς
994 4756 1211 4827 Γραφῆς
1262 4750 1431 4819 αὐτὴν
1456 4748 1817 4825 έπεξηγεῖται,

164 4838 356 4895 καλῶν
390 4832 759 4909 ωμϐολικήν,
814 4840 905 4893 ἅτε
952 4835 1039 4892 διὰ
1091 4834 1384 4911 συμϐόλων
1422 4836 1820 4913 χρησμοδοτη-

167 4930 349 4983 θεῖσαν
387 4944 399 4958 ·
450 4925 594 4982 ἀλλὰ
648 4926 737 4981 καὶ
788 4925 1121 4997 τελεστικὴν,
1182 4926 1255 4988 ὠς
1308 4928 1401 4988 τὰς
1450 4924 1671 4990 τελετὰς
1712 4932 1815 4981 τῶν

177 5016 498 5091 μυστηρίων
534 5013 585 5069 ἐν
634 5010 937 5088 συμϐόλοις
982 5013 1380 5091 παραδιδοῦσαν
1432 5013 1517 5069 διὰ
1548 5022 1646 5085 τῆς
1675 5016 1819 5089 ἱερα-

166 5108 330 5174 τικῆς
380 5100 753 5179 παραδόσεως.
813 5102 1028 5175 Ταύτην
1089 5102 1144 5159 δὲ
1189 5106 1288 5174 τήν
1351 5104 1660 5181 ἀπόρρητον
1693 5102 1818 5173 ἤτοι

166 5190 518 5269 συμϐολικην
561 5214 722 5271 φησιν
773 5190 917 5267 ἔχειν
972 5193 1468 5268 συμπεπλεγμένην
1518 5198 1597 5265 τῷ
1646 5193 1817 5269 ῥητῷ,

164 5283 412 5341 τουτέστι
468 5286 549 5356 τῷ
609 5280 840 5359 ῥηθῆναι
889 5280 1335 5361 ἐπιτετραμμένῳ
1394 5277 1681 5357 συμϐόλῳ,
1729 5281 1819 5336 καὶ

166 5376 258 5433 τὸν
294 5372 532 5453 ἄρρητον
584 5370 708 5444 ἤτοι
763 5376 1041 5447 μυστικόν.
1096 5373 1478 5430 Συνεσκίασται
1527 5375 1628 5450 γὰρ
1660 5372 1712 5429 ἐν
1742 5377 1822 5447 τῷ

242 5531 326 5605 (p)
352 5533 468 5591 Isa.
504 5548 588 5591 In.
668 5531 747 5605 (q)
775 5530 929 5591 Psal.
960 5548 1110 5599 κων,
1145 5532 1231 5603 10,
1266 5531 1320 5588 4.
1397 5530 1469 5603 (ν)
1503 5530 1642 5587 Luc.
1674 5545 1767 5587 xv.

1931 4755 2139 4811 sticam
2164 4755 2475 4825 Scriptura
2502 4755 2880 4811 traditionem
2904 4755 3173 4826 explicat,
3196 4757 3336 4809 dum
3360 4754 3591 4824 symbo-

1929 4843 2101 4898 licam
2142 4848 2334 4910 vocat,
2365 4847 2563 4915 utpote
2613 4860 2717 4914 per
2763 4843 3028 4915 symbola
3076 4845 3391 4909 traditam;
3426 4857 3589 4895 eam-

1932 4933 2181 5003 demque
2200 4927 2518 4999 τελεστικήν
2544 4932 2821 5003 appellat,
2851 4940 2915 4986 ut
2937 4950 3062 5003 quae
3084 4936 3590 4987 sacramentorum

1931 5021 2292 5076 caerimonias
2344 5020 2404 5075 in
2454 5021 2740 5093 symbolis
2773 5021 2967 5074 tradat
3016 5037 3118 5091 per
3166 5017 3589 5075 sacerdotalem

1928 5109 2502 5166 traditionem.Hanc
2531 5115 2725 5165 autem
2758 5125 3029 5165 arcanam
3049 5108 3169 5163 sive
3204 5105 3589 5179 symbolicam

1933 5199 2075 5254 dicit
2105 5198 2365 5254 oratione
2396 5198 2709 5270 implexam
2761 5215 2911 5264 esse,
2944 5198 3001 5252 id
3051 5205 3137 5252 est
3183 5195 3428 5268 proferri
3472 5212 3591 5251 una

1932 5304 2066 5342 cum
2098 5286 2362 5360 symbolo
2395 5288 2507 5343 sibi
2538 5286 3168 5357 accommodato,quod
3194 5290 3391 5341 tamen
3413 5285 3590 5341 etiam

1938 5392 2222 5433 arcanum
2254 5380 2345 5433 est
2375 5392 2476 5433 seu
2508 5376 2844 5449 mysticum.
2872 5373 3105 5431 Veritas
3136 5374 3293 5431 enim
3330 5373 3389 5430 in
3432 5390 3591 5446 sym-

1845 5528 1911 5602 (s)
1944 5528 2086 5585 Gen.
2118 5546 2297 5598 xxvn,
2324 5529 2416 5584 29.

1187 5686 1434 5747 VARUE
1472 5681 1866 5745 LECTIONES
1903 5683 1993 5741 ET
2031 5680 2593 5740 CORRECTIONES.

248 5779 298 5824 ‘1
326 5773 523 5847 ὅντως.
