4020 6358
538 473 643 526 563

1357 482 1717 535 APPENDIX
1754 482 1852 535 AD
1891 481 2130 535 OPERA
2166 480 2222 532 Β.
2263 477 2577 532 DIONYSII
2618 479 3125 535 ARBOPAGITE.
3820 476 3906 531 564

539 595 672 649 bolo
722 600 810 651 est
856 598 1225 666 adumbrata,
1262 617 1362 655 nec
1412 602 1584 673 vulgo
1628 602 2004 674 propalanda,
2038 604 2101 656 ut
2131 602 2188 655 in

2317 592 2571 669 τυμϐόλῳ
2622 599 2684 651 τὸ
2751 597 2952 669 ἀληθὲς
3002 599 3090 652 καὶ
3147 595 3570 669 ἀδημοσίευτον,
3630 597 3700 657 ὡς
3754 594 3799 651 tv
3842 604 3907 669 τῷ

541 684 819 754 paschate
860 686 1055 757 legali,
1080 705 1276 743 verum
1316 690 1554 760 pascha,
1577 692 1729 746 sicut
1751 692 2028 762 scriptum
2062 694 2149 745 est
2178 707 2190 744 :

537 773 749 827 Pascha
788 784 1037 830 nostrum
1072 779 1385 833 immolatus
1415 788 1490 834 est
1520 781 1770 835 Christus
1804 782 1882 850 (ι).
1927 780 2030 835 illa
2062 796 2193 834 vero

540 860 724 917 altera
752 863 1051 935 theologia:
1086 884 1219 936 pars
1250 867 1484 922 evidens
1517 874 1624 935 est,
1660 873 1715 922 et
1754 874 1909 934 nota,
1945 886 2058 924 non
2092 886 2193 922 au-

536 955 655 1005 tem
689 969 789 1022 per
819 954 1114 1024 symbols;
1151 956 1297 1009 hanc
1322 966 1479 1010 vocat
1511 957 1977 1028 philosophicam
2012 964 2069 1011 et
2096 958 2194 1011 de-

537 1046 991 1108 monstrantem,
1021 1043 1213 1113 qualis
1244 1050 1331 1099 est
1364 1044 1483 1110 illa,
1514 1062 1639 1115 quae
1675 1046 1919 1100 moralia
1950 1050 2005 1100 et
2029 1050 2197 1099 natu-

538 1128 681 1182 ralia
697 1133 873 1200 atque
889 1148 1063 1202 opera
1096 1134 1242 1189 325
1271 1134 1582 1188 creationis
1600 1139 1879 1189 recenset.
1900 1136 2023 1189 Haec
2040 1134 2197 1189 enim

539 1217 1001 1274 manifestiorem
1035 1222 1352 1290 quamdam
1386 1222 1499 1276 vim
1535 1223 2202 1293 persuadendihabet,et

544 1305 854 1362 veritatem
913 1310 1289 1379 conjunctam
1352 1327 1484 1365 cum
1545 1311 1615 1366 iis
1666 1329 1791 1383 qua:
1853 1318 2197 1376 narrantur;

549 1408 731 1463 quare
761 1396 935 1451 etiam
967 1402 1055 1452 est
1083 1399 1861 1470 demonstrans.Symbolica
1890 1417 2024 1455 vero
2057 1398 2204 1461 nihil

551 1483 728 1539 habet
757 1502 872 1557 quo
904 1489 1278 1557 persuadeat,
1310 1489 1409 1543 sed
1443 1488 1617 1543 habet
1646 1489 1967 1545 efﬁcaciam
2001 1506 2205 1559 quam-

540 1572 675 1627 dam
694 1573 973 1641 divinam,
999 1593 1127 1647 qua:
1149 1578 1379 1632 animas
1404 1578 1784 1648 mysticarum
1809 1593 2002 1632 rerum
2029 1581 2203 1646 atque

540 1663 1055 1733 contemplationis
1086 1667 1524 1735 studiosas,per
1545 1666 1813 1737 mystica,
1838 1666 1894 1720 id
1918 1670 2007 1721 est
2036 1682 2201 1737 sym-

544 1748 735 1806 bolice.
784 1752 1099 1825 aenigmata
1146 1755 1490 1820 communit,
1538 1759 1596 1809 et
1645 1755 1702 1808 in
1752 1754 1983 1810 Christo
2035 1753 2202 1824 quasi

544 1838 755 1893 fundat
784 1857 885 1911 per
916 1843 1212 1914 mysteria,
1248 1860 1371 1913 quae
1406 1843 1564 1897 nullo
1599 1860 1867 1898 sermone
1898 1844 2201 1913 docentur,

2300 691 2513 757 νομικῷ
2542 687 2727 761 πάσχα
2784 688 2843 740 τὸ
2901 686 3122 757 ἀληθὲς,
3186 686 3316 761 ὅπερ
3362 683 3571 760 εἶ’ρηται
3607 704 3619 716 ⁸
3653 684 3718 737 Τὸ
3748 684 3906 759 πάσχα

2302 777 2462 847 ἡμῶν
2509 776 2639 850 ὑπὲρ
2694 778 2853 847 ἡμῶν
2914 775 3073 845 ἐτύθη
3138 776 3388 850 Χριστός.
3456 775 3529 828 Τὸ
3585 771 3639 827 δὲ
3693 772 3907 849 δεύτερον

2310 862 2499 936 μόριον
2558 864 2659 931 τὴς
2732 862 3054 940 θεολογικῆς
3127 861 3478 939 παραδόσεως
3546 862 3766 940 ἐμφανές
3818 863 3907 917 ἐστι

2304 952 2391 1004 καὶ
2425 951 2720 1024 γνώριμον,
2762 953 2823 1007 οὐ
2878 955 2982 1025 μὴν
3031 951 3119 1007 διὰ
3168 948 3461 1025 συμϐόλων
3500 971 3511 984 ·
3564 951 3689 1023 ὅπερ
3730 952 3813 1006 καὶ
3838 974 3907 1029 φι-

2307 1038 2541 1117 λόσοφον
2598 1041 2777 1112 καλεῖ,
2835 1042 2923 1095 καὶ
2984 1039 3381 1113 ἀποδεικτικὸν,
3437 1040 3549 1095 οἶόν
3607 1039 3709 1095 ἐστι
3761 1042 3815 1094 τὸ
3858 1042 3910 1094 τὰ

2306 1129 2473 1195 ἠθικᾶ
2526 1130 2615 1181 καὶ
2671 1132 2890 1205 φυσικὰ,
2946 1132 3031 1183 καὶ
3105 1131 3374 1205 πρακτικὰ
3428 1129 3527 1195 τῆς
3583 1126 3908 1203 δημιουργίας

2307 1214 2626 1290 παραδιδόν.
2685 1222 2857 1272 Τοῦτο
2937 1216 2993 1271 δὲ
3075 1219 3137 1271 τὸ
3220 1217 3611 1294 ἐμφανέστερον
3667 1214 3772 1291 ἔχει
3811 1218 3908 1270 τινὰ

2310 1304 2501 1373 πειθὼ,
2534 1304 2622 1359 καί
2672 1304 3059 1378 συνδεδεμένην
3109 1307 3206 1374 τὴν
3257 1308 3513 1377 ἀλήθειαν
3560 1311 3671 1367 τοῖς
3710 1304 3905 1379 λεγομέ-

2310 1414 2424 1454 νοις
2457 1414 2468 1425 °
2499 1395 2636 1447 κατᾶ
2680 1400 2839 1449 τοῦτο
2893 1395 2995 1470 γάρ
3046 1395 3157 1449 ἐστι
3214 1395 3302 1449 καὶ
3360 1392 3744 1450 ἀποδεικτινόν.
3772 1394 3837 1450 Τὸ
3862 1393 3907 1447 δὲ

2312 1478 2649 1554 συμϐολικὸν
2692 1485 2792 1539 οὐκ
2834 1482 2951 1558 ἔχει
3007 1486 3069 1538 τὸ
3112 1484 3337 1551 πείθειν,
3384 1482 3512 1537 ἀλλ’
3538 1483 3780 1558 ἑνέργειάν
3811 1504 3907 1536 τινα

2313 1572 2455 1634 θείαν
2490 1571 2661 1644 ἀφανῆ
2716 1573 2806 1625 καὶ
2857 1571 3203 1647 δραστήριον,
3257 1571 3380 1640 ἥτις
3432 1569 3809 1645 μυστηριώδεις
3834 1572 3905 1624 καὶ

2314 1661 2647 1735 θεωρητικὰς
2681 1661 2859 1735 ψυχὰς
2908 1658 2995 1714 διὰ
3039 1666 3145 1715 τῶν
3183 1664 3480 1733 μυστικῶν,
3534 1660 3653 1729 ἤτοι
3684 1655 3907 1732 συμϐολι-

2310 1753 2419 1801 κῶν
2482 1748 2813 1822 αἰνιγμάτων
2874 1747 3126 1823 ένιδρύει,
3183 1750 3272 1802 καὶ
3333 1749 3499 1803 οἱονεὶ
3557 1748 3788 1820 Θεμελιοῖ
3845 1748 3904 1808 εἷς

2312 1836 2563 1908 Χριστὸν,
2598 1834 2685 1890 διὰ
2712 1842 2819 1891 τῶν
2855 1838 2928 1909 μὴ
2978 1833 3127 1910 λόγῳ
3178 1834 3581 1908 διδασκομένων
3617 1835 3903 1909 μυστηρίων,

542 1927 645 1982 sed
675 1927 907 1985 silentio
925 1937 981 1985 et
998 1931 1326 1986 divinarum
1362 1932 1824 1986 illustrationum
1859 1931 2197 1986 revelatione

2317 1924 2459 1978 ἀλλὰ
2491 1929 2615 1999 σιγῇ
2670 1927 2757 1979 καὶ
2808 1925 3148 1997 ἀποκαλύψει
3197 1925 3527 1998 ἐλλάμψεων
3569 1929 3694 1980 Θεοῦ
3723 1924 3902 1997 φωτίζει

2351 2015 2362 2029 η
2501 2018 2527 2027 η
2625 2014 2637 2032 ,
2759 2014 2772 2032 ς
2896 2020 2918 2028 ..
3019 2016 3037 2032 ,.
3063 2014 3073 2032 ρ
3097 2014 3109 2032 ι
3137 2016 3148 2032 ,
3548 2014 3558 2032 1
3868 2015 3879 2032 1

545 2015 972 2085 percipiuntur,
992 2036 1097 2073 nec
1121 2037 1234 2075 non
1268 2026 1519 2075 mentem
1545 2022 1615 2075 ad
1643 2020 1962 2075 ineffabilia
1998 2026 2205 2091 myste-

546 2103 636 2157 ria
683 2106 1057 2175 percipienda
1105 2108 1428 2164 collustrat.
1480 2109 1735 2164 Observa
1792 2114 1985 2164 autem
2046 2110 2201 2179 quod

545 2192 761 2263 duplex
787 2194 863 2249 sit
893 2196 1297 2268 theologorum
1330 2197 1585 2266 traditio,
1615 2202 1671 2252 et
1718 2214 1845 2269 quae
1895 2196 2203 2269 qualisqu‘3

546 2279 645 2335 sit.

616 2370 679 2423 Et
728 2374 1087 2443 symbolicam
1134 2375 1376 2447 quidem.
1410 2375 1798 2447 Symbolicam
1848 2381 1903 2431 et
1951 2377 2022 2431 ad
2075 2393 2202 2447 my-

541 2459 721 2513 steria
747 2463 1134 2532 pertinentem
1188 2470 1355 2519 vocat
1404 2464 1590 2535 illam,
1624 2483 1749 2536 quae
1803 2481 1869 2520 ex
1917 2464 2200 2536 symbolis

538 2548 868 2618 conﬁcitur,
898 2554 1229 2622 cujusmodi
1262 2558 1401 2608 sunt
1432 2554 1710 2624 mysteria
1742 2554 1936 2608 cultus
1972 2552 2199 2625 legalis,

537 2640 595 2690 et
638 2640 915 2709 mysteria
970 2643 1152 2697 nostri
1208 2642 1357 2697 sacri
1416 2641 1630 2708 cultus,
1692 2642 1928 2696 tametsi
1993 2640 2202 2696 altiora

538 2730 700 2794 sunt,
750 2731 807 2781 et
864 2729 1054 2800 magis
1113 2729 1424 2800 Spiritalia,
1471 2729 2194 2799 nostra.Philosophicam

537 2818 732 2868 autem
764 2832 829 2870 ac
860 2819 1364 2871 demonstrantem
1398 2822 1565 2872 vocat
1596 2833 1748 2883 eam,
1782 2834 1909 2887 quae
1969 2817 2203 2871 exsistit

541 2898 604 2954 in
647 2904 1063 2974 perspicientia
1108 2910 1533 2972 creaturarum,
1586 2905 1913 2976 divinaeque
1969 2905 2027 2959 in
2080 2904 2204 2977 qui-

544 2990 798 3045 busdam
831 2995 1005 3047 rebus
1037 2994 1434 3065 providentiaa,
1459 3000 1515 3049 et
1545 2995 1906 3064 expositione
1939 2995 2202 3065 specula-

544 3078 688 3133 trice
717 3096 918 3135 eorum
964 3098 1091 3152 quae
1141 3084 1212 3137 de
1261 3083 1377 3138 Deo
1422 3083 1479 3137 in
1532 3083 1850 3153 Scripturis
1903 3084 2197 3139 dicuntur.

616 3169 924 3224 Persuadet
955 3176 1004 3225 et
1034 3171 1317 3242 astringit.
1351 3172 1671 3225 Persuadet
1714 3176 1772 3226 et
1819 3173 2111 3243 astringit,
2142 3173 2202 3227 id

545 3260 634 3309 est
657 3273 856 3311 eorum
888 3276 1014 3329 quae
1047 3260 1325 3314 dicuntur
1354 3258 1657 3314 veritatem
1691 3264 1970 3331 tanquam
2006 3260 2198 3331 sigillo

2310 2015 2401 2067 τὸν
2432 2018 2560 2067 νοῦν
2596 2014 2671 2075 εἷς
2716 2014 2809 2076 τὰς
2855 2020 2960 2069 τῶν
3014 2014 3263 2089 ἄρῥήτων
3324 2014 3631 2089 μυστηρίων
3680 2015 3903 2078 κατανοή-

2312 2123 2443 2162 σεις.
2480 2109 2555 2170 Ση
2572 2103 2796 2173 μείωσαι
2854 2100 2929 2172 δὲ,
2981 2105 3054 2164 ὡς
3105 2100 3274 2170 διπλῆ
3330 2103 3441 2157 ἐστι
3471 2108 3576 2158 τῶν
3610 2101 3901 2176 θεολογωνὴ

2310 2188 2629 2268 παράδοσις,
2664 2192 2752 2246 καὶ
2782 2197 2923 2262 πῶς,
2958 2194 3048 2247 καὶ
3086 2191 3218 2247 ποία
3250 2191 3384 2248 ἐστί.

2383 2371 2479 2426 Καὶ
2522 2373 2622 2439 τήν
2681 2372 2774 2443 μὲν
2816 2366 3184 2443 συμϐολικήν.
3242 2366 3602 2443 Συμϐολικὴν
3656 2370 3738 2424 καὶ
3785 2368 3904 2423 τελε-

2310 2463 2498 2529 στικὴν
2531 2462 2628 2528 τὴν
2660 2458 2747 2514 διὰ
2796 2455 3090 2532 συμϐόλων
3135 2459 3501 2533 τελουμένην,
3535 2459 3616 2512 οἶα
3642 2459 3703 2512 τὰ
3728 2465 3812 2527 τῆς
3838 2478 3906 2509 νο·

2315 2552 2480 2621 μίκῆς
2516 2550 2787 2626 λατρείας,
2820 2550 2909 2604 καὶ
2954 2551 3021 2604 τά
3066 2557 3166 2618 τῆς
3222 2557 3491 2623 μυστικῆς
3534 2554 3631 2613 τῆς
3666 2549 3778 2622 παρ’
3806 2550 3904 2618 ἡμῖν

2311 2637 2613 2713 ἱερουργίας
2679 2640 2971 2712 μυστήρια,
3031 2638 3075 2692 εἰ
3131 2638 3219 2692 καὶ
3287 2637 3504 2711 μᾶλλον
3554 2634 3727 2711 ὑψηλά
3758 2656 3807 2689 τε
3839 2634 3904 2688 καὶ

2308 2727 2649 2799 πνευματικὰ
2705 2727 2772 2780 τά
2844 2727 3102 2800 ἡμέτερα.
3167 2726 3487 2804 Φιλόσοφον
3559 2724 3613 2780 δὲ
3672 2724 3751 2779 καὶ
3802 2724 3905 2777 ἀπο-

2312 2813 2585 2881 δεικτικήν
2616 2817 2715 2883 τὴν
2752 2812 2841 2868 διὰ
2894 2822 2992 2883 τῆς
3047 2817 3282 2885 κατανοή
3302 2837 3437 2878 σεως
3484 2819 3589 2869 τῶν
3616 2812 3899 2885 κτισμάτων,

2308 2903 2397 2957 καὶ
2454 2908 2617 2957 τινῶν
2666 2904 2824 2966 θείων
2905 2902 3235 2974 οἰκονομιῶν
3322 2904 3411 2958 καὶ
3471 2907 3564 2971 τῆς
3618 2901 3905 2975 θεωρητικῆς

2311 2992 2615 3066 ἐξηγήσεως
2639 2995 2747 3045 τῶν
2776 2992 2897 3063 περὶ
2947 2990 3080 3045 Θεοῦ
3127 2990 3442 3066 λεγομένων
3494 2992 3543 3045 ἐν
3571 2996 3679 3052 ταῖς
3711 2991 3900 3063 Γραφαῖς

2310 3084 2721 3152 συνισταμένην.

2380 3170 2557 3233 Ηείθει
2588 3169 2676 3223 καὶ
2725 3166 3053 3238 καταδεῖται,
3102 3168 3279 3232 Πείθει
3325 3170 3413 3224 καὶ
3442 3166 3750 3234 καταδεῖ-ται,
3779 3166 3899 3219 οἱον-

2311 3261 2355 3315 εὶ
2416 3258 2610 3332 δεσμόν
2668 3281 2789 3313 τινα
2844 3260 2933 3313 καὶ
2995 3257 3268 3336 σφραγῖδα
3317 3259 3581 3329 ἐπιτίθησι
3625 3263 3731 3318 τοῖς
3774 3253 3898 3327 λεγο-

541 3346 798 3414 quodam
858 3328 1146 3417 obsignat,
1181 3354 1237 3403 et
1284 3349 1461 3403 efﬁcit
1515 3354 1578 3402 ut
1627 3349 1727 3419 qui
1774 3328 2022 3404 audiunt
2064 3328 2194 3404 cre-

2317 3350 2492 3421 μένοις
2522 3349 2621 3415 τήν
2680 3347 2961 3418 ἀλήθειαν,
3018 3347 3108 3401 καὶ
3166 3348 3230 3401 τὸ
3284 3349 3471 3402 πιστὸν
3531 3350 3640 3407 τοῖς
3687 3344 3899 3399 ἀκούουσι

540 3434 699 3488 dant.
725 3435 1055 3506 Symbolica
1083 3454 1358 3507 vero,per
1389 3454 1453 3491 ea
1482 3454 1609 3508 quae
1646 3438 1795 3491 ﬁunt
1826 3438 2091 3508 adjungil
2124 3439 2192 3491 ad

536 3527 723 3580 Deum
754 3527 1004 3596 quodam
1062 3527 1250 3599 ipsius
1302 3527 1381 3581 rei
1432 3527 1636 3581 habitu
1669 3531 1726 3581 et
1759 3527 2192 3593 informatione,

540 3614 696 3683 quod
729 3615 901 3669 etiam
933 3617 1156 3670 vocavit
1184 3611 1504 3673 ἀοιδάκτους
1563 3613 1960 3688 μυσταγωγίας,
2000 3617 2057 3670 id
2110 3621 2199 3671 est

540 3716 845 3756 sacrorum
876 3702 1237 3758 initiationes
1269 3720 1299 3757 a
1334 3702 1568 3756 nemine
1600 3704 1856 3758 edoctae.

618 3792 727 3842 Aut
753 3790 945 3860 legalis
963 3790 1588 3854 traditionisﬂuoniam
1614 3808 1727 3845 non
1751 3792 1937 3846 solum
1962 3795 2197 3851 traditio

546 3875 775 3949 legalis,
810 3896 1009 3933 verum
1043 3879 1213 3933 etiam
1254 3883 1585 3933 nostrorum
1644 3880 2055 3950 mysteriorum
2084 3882 2197 3936 ini-

544 3964 731 4035 tiatio,
784 3967 967 4023 sacris
1017 3964 1302 4039 symbolis
1350 3982 1497 4036 opus
1553 3965 1777 4021 habuit.
1828 3968 1897 4022 Et
1945 3969 2089 4023 nihil
2138 3971 2195 4024 id

545 4057 763 4110 mirum
796 4060 904 4124 est,
928 4072 1059 4111 cum
1093 4055 1270 4109 etiam
1303 4054 1490 4125 angeli
1527 4070 1629 4123 per
1657 4056 1973 4125 enigmata
2003 4055 2198 4109 divina

541 4144 821 4216 mysteria
858 4148 1148 4216 promunt.
1184 4142 1331 4210 Quin
1364 4148 1421 4197 ot
1451 4142 1577 4213 ipse
1610 4142 1893 4197 Dominus
1926 4160 2019 4199 res
2050 4143 2195 4197 divi-

539 4250 647 4289 nas
676 4234 734 4288 in
768 4234 1063 4305 parabolis
1092 4232 1403 4287 tradidisse
1434 4232 1719 4286 cernitur.

1057 4338 1409 4409 Theologica
1440 4337 1678 4392 traditio

538 4428 655 4483 alia
698 4429 935 4501 quidem
985 4432 1073 4483 est
1118 4442 1332 4481 arcana
1406 4425 1521 4479 alia
1585 4442 1718 4479 vero
1780 4427 2090 4496 perspicua
2140 4432 2196 4481 et

610 4522 666 4572 et
716 4517 981 4588 mystica,
1026 4533 1152 4587 quas
1201 4514 1338 4569 item
1487 4519 1782 4583 nota,quae
1816 4519 1904 4569 est
1936 4514 2193 4585 philoso-

612 4604 953 4676 symbolica,
996 4609 1052 4660 et
1098 4603 1340 4658 initians
1488 4602 1737 4673 pbica,et
1758 4604 2193 4668 demonstrans,

614 4697 671 4747 et
700 4692 940 4762 efﬁcax;
1488 4696 1546 4746 et
1577 4692 1962 4762 persuadens.

613 4798 917 4870 Symbolis.
969 4797 1202 4855 Naturae
1261 4797 1575 4853 conformis
1636 4798 1806 4863 ratio,
1850 4814 1953 4851 cur
1995 4797 2194 4871 aliqua

542 4889 783 4960 quidem
815 4888 1128 4961 Scripturee
1158 4886 1286 4943 loca
1318 4887 1641 4959 symbolica
1669 4886 1808 4952 sint,
1836 4886 2035 4957 aliqua
2066 4904 2196 4943 vero

542 4996 713 5051 pura.

612 5074 719 5128 Per
763 5071 1094 5143 wnigmala.
1129 5075 1231 5125 Per
1279 5070 1611 5141 aenigmata,
1663 5072 1729 5123 ut
1777 5070 1932 5139 apud
1980 5069 2195 5125 Zacha-

539 5162 687 5218 riam
720 5163 794 5232 (u)
827 5162 1068 5231 angelus
1100 5160 1200 5231 qui
1233 5160 1304 5215 de
1336 5160 1489 5215 326
1519 5161 1653 5213 Jesu
1688 5157 1808 5212 ﬁlio
1845 5160 2105 5225 Josedec,
2139 5164 2195 5213 et

539 5251 612 5305 de
642 5252 792 5305 stola
823 5252 951 5321 ejus
983 5250 1040 5304 in
1072 5250 1377 5319 aenigmate
1426 5248 1726 5318 loquitur:
1780 5253 1835 5301 et
1879 5248 2033 5316 apud
2082 5247 2192 5299 Da-

539 5340 755 5397 nielem
804 5338 1055 5405 Gabriel,
1084 5338 1185 5408 qui
1236 5339 1307 5391 de
1354 5336 1581 5391 Christo
1636 5334 1894 5401 disserit,
1929 5340 1987 5389 et
2017 5334 2193 5389 simul

535 5428 651 5501 ipsi
710 5428 959 5499 mystica
1018 5426 1345 5497 denuntiat,
1398 5424 1629 5495 aliaque
1688 5424 1924 5478 similia.
1976 5424 2193 5478 Deiﬁca

536 5523 736 5574 autem
766 5521 931 5571 vocat
967 5515 1055 5570 vel
1105 5515 1259 5585 quod
1313 5514 1405 5570 sui
1454 5516 1755 5569 consortes
1785 5512 2077 5579 deiﬁcent,
2102 5510 2192 5567 vel

538 5608 695 5681 quod
734 5607 829 5661 Dei
860 5621 1034 5677 opera
1066 5605 1227 5659 ﬁant.

606 5792 669 5863 (ι)
704 5790 723 5843 Ι
756 5790 881 5844 Cor.
914 5802 969 5853 v,
1000 5787 1054 5839 7.
1132 5784 1213 5856 (ιι)
1243 5787 1377 5855 Cap.
1414 5800 1494 5839 ιιι.

2228 4686 2274 4749 D
2375 4694 2464 4747 καὶ
2496 4691 2753 4767 δραστική
2788 4712 2799 4723 ·

2307 3436 2518 3494 δίδωσι.
2550 3438 2623 3491 Τὸ
2656 3434 2712 3491 δὲ
2743 3432 3077 3509 συμϐολικὸν
3112 3434 3201 3490 διᾶ
3243 3442 3352 3491 τῶν
3379 3434 3737 3507 τελουτμένων
3762 3450 3900 3503 προσ-

2306 3532 2501 3580 οικειοῖ
2554 3529 2633 3596 τῷ
2692 3530 2829 3596 Θεῷ,
2889 3528 3243 3599 πραγματικῇ
3294 3523 3398 3597 ἕξει
3445 3546 3501 3579 τε
3547 3524 3631 3577 καὶ
3684 3520 3898 3584 τυπώσει,

2308 3613 2441 3689 ὅπερ
2474 3613 2562 3668 καὶ
2594 3611 2916 3677 ἀδιδάκτους
2952 3613 3335 3688 μυσταγωγίας
3367 3611 3628 3669 ἐκάλεσεν.

2377 3795 2443 3847 Ἦ
2500 3800 2601 3861 τῆς
2646 3798 2883 3863 νομικῆς
2948 3787 3322 3865 παραδόσεως.
3392 3792 3509 3845 Ὅτι
3568 3787 3625 3843 οὐ
3683 3783 3895 3859 μόνονὴ

2306 3882 2509 3954 νομικὴ
2535 3878 2856 3955 παράδοσις,
2891 3877 3035 3934 ἀλλὰ
3078 3878 3167 3933 καὶ
3212 3882 3247 3948 ἡ
3302 3878 3493 3947 τελετὴ
3524 3882 3627 3932 τῶν
3652 3876 3756 3930 καθ’
3787 3875 3897 3941 ἡμᾶς

2310 3968 2619 4043 μυστηρίων
2651 3972 2760 4023 τῶν
2808 3969 2967 4041 ἰερῶν
3026 3964 3221 4036 ἐδεήθη
3284 3961 3593 4039 συμϐόλων.
3645 3963 3732 4017 Καὶ
3774 3956 3894 4014 οὐδὲν

2307 4058 2635 4129 Θαυμαστὸν,
2661 4055 2797 4110 ὅπου
2818 4054 2905 4109 καὶ
2930 4056 2980 4109 οἱ
3013 4052 3231 4131 ἄγγελοι
3268 4052 3338 4109 δι’
3370 4055 3687 4130 αἰνιγμάτων
3725 4049 3781 4102 τὰ
3807 4050 3894 4109 θεῖα

2309 4148 2580 4218 μυστήρια
2609 4146 2929 4220 προάγουσι.
2994 4144 3096 4199 Καὶ
3145 4143 3311 4207 αὐτὸς
3361 4145 3389 4198 6
3446 4142 3634 4219 Κύριος
3670 4138 3716 4195 ἐν
3756 4153 3896 4210 παρα-

2306 4228 2500 4295 ϐολαῖς
2534 4232 2775 4308 φαίνεται
2810 4233 3113 4307 θεολογῶν.

2644 4341 2760 4408 Τῆς
2792 4342 2899 4393 τῶν
2938 4337 3208 4411 θεολόγων
3242 4335 3603 4413 παραδόσεως.

2302 4430 2337 4498 ἡ
2374 4431 2465 4499 μὶν
2500 4427 2809 4504 ἀπόρρητος
2856 4428 2945 4481 καὶ
2981 4449 3081 4499 μυ-
3154 4429 3189 4496 ἡ
3243 4425 3301 4482 δὶ
3348 4426 3585 4503 ἐμφανὴς
3628 4416 3897 4494 καὶγνώρι·

2375 4516 2681 4584 στική,ἥτις
2701 4514 2809 4569 ἔστὶ
2832 4516 2921 4569 καὶ
2944 4536 3085 4587 συμ-
3235 4536 3355 4587 μος,
3405 4513 3525 4584 ἥτις
3570 4510 3673 4567 ἐστὶ
3710 4506 3896 4585 φιλόσο-

2376 4601 2598 4673 ϐολικὴ,
2626 4602 2715 4657 καὶ
2758 4601 3078 4673 τελεπικὴ-
3224 4624 3324 4681 φος
3426 4601 3514 4657 καὶ
3592 4590 3893 4655 ἀποδεικτική

3022 4698 3025 4703 ’
3194 4692 3284 4746 καὶ
3316 4692 3537 4761 πιθανή.

2384 4795 2714 4873 Συμϐόλων.
2775 4796 3091 4874 Φυσολογία
3159 4798 3259 4865 τὴν
3330 4796 3500 4852 αίνίαν
3560 4792 3765 4868 ἔχουσα,
3814 4782 3886 4839 διᾶ

2305 4888 2357 4941 τί
2402 4886 2469 4942 τᾶ
2519 4887 2612 4958 μὶν
2668 4880 3001 4959 συμϐολικὰ,
3056 4885 3122 4940 τὰ
3178 4882 3233 4939 ὃὶ
3277 4881 3519 4960 ἄχραντα
3565 4888 3659 4951 τῆς
3710 4877 3892 4951 Γραφῆς

2305 4974 2692 5049 παραδέδοται.

2379 5068 2457 5119 Δι’
2512 5062 2874 5138 αἴνιγμᾶἱτων.
2926 5063 3004 5117 Δι’
3059 5062 3415 5137 αἰνιγμάτων,
3475 5061 3548 5121 ὡς
3602 5058 3627 5112 6
3678 5049 3893 5138 nupsit?)

2304 5154 2548 5229 Ζαχαρία
2593 5141 2823 5227 ἄγγελος
2880 5152 2946 5204 τὰ
3002 5151 3125 5225 περί
3181 5154 3277 5204 τοῦ
3334 5152 3511 5219 Ἰησοῦ
3564 5149 3653 5201 τοῦ
3682 5134 3893 5229 Ἰοσιδὲκὶι

2304 5244 2522 5312 καὶτῆς
2572 5240 2775 5310 στολῆς
2832 5238 2995 5293 αὐτοῦ
3044 5243 3226 5293 τυπῶν
3274 5237 3363 5292 καὶ
3416 5238 3581 5310 λέγῶν
3613 5252 3624 5265 ·
3673 5220 3893 5297 καὶπαιρά

2302 5337 2383 5404 τῷ
2414 5329 2617 5399 Δανιὴλ
2652 5330 2679 5383 6
2735 5323 2999 5402 Γαϐριὴλ,
3030 5326 3096 5379 τὰ
3140 5326 3265 5398 περὶ
3298 5328 3528 5399 Χριστοῦ
3560 5317 3889 5404 διηγούμενος.

2300 5420 2391 5476 καὶ
2447 5421 2515 5472 τὰ
2572 5417 2662 5471 σὺν
2714 5416 2862 5486 αὐτῷ
2925 5413 3153 5489 μυστικὰ
3213 5411 3581 5490 ὑπαγορεύων,
3636 5405 3718 5461 καὶ
3769 5399 3890 5469 ἔτερα

2301 5512 2544 5565 τοιαῦτα.
2602 5505 2840 5578 Θεουργὰ
2886 5501 2944 5557 δέ
2993 5524 3154 5578 φησιν
3200 5502 3233 5571 ἥ
3282 5502 3350 5556 τὰ
3394 5501 3518 5555 Θεὸν
3570 5492 3887 5578 ἀποτελοῦντα

2300 5599 2390 5655 τὸν
2426 5576 2746 5671 μετέχοντα
2773 5576 2969 5661 αὐτῶν,
3108 5591 3175 5645 τὰ
3219 5587 3366 5663 παρὰ
3408 5590 3535 5643 Θεοῦ
3576 5576 3875 5659 εὶργασμένα.
