4020 6358
244 383 359 439 565

1210 386 1269 436 S.
1313 381 1587 437 ΜΔΧΙΜΙ
1628 376 1936 434 SCHOLIA
1971 378 2047 431 IN
2085 378 2243 432 EPP.
2281 381 2341 433 Β.
2382 378 2721 433 DIONYSII.

3563 378 3672 433 566

322 506 431 561 Διὰ
480 512 717 574 τυπικῆς
779 505 1191 577 τραπεζώσεως.
1253 501 1594 578 Τραπέζωσίν
1651 520 1778 575 φησι
1851 496 1918 551 τὰ

2101 501 2206 556 Per
2235 500 2480 572 typicam
2527 517 2793 555 mensam.
2843 498 3195 571 Τραπέζωσιν
3247 504 3413 555 vocat
3459 517 3526 556 ea
3573 518 3670 557 sa-

156 664 157 667 η
245 595 301 649 έν
363 599 435 668 τῇ
498 594 614 664 θείᾳ
667 594 907 669 τραπέζῃ
965 590 1054 647 διὰ
1108 596 1204 645 τοῦ
1250 591 1406 665 ἁγίου
1456 592 1622 665 ἄρτου
1671 588 1759 642 καὶ
1817 589 1913 640 τοῦ

244 682 523 757 ποτηρίου
552 690 652 751 τῆς
685 680 937 756 εὐλογίας
976 679 1278 753 τελούμενα
1330 681 1623 753 μυστήρια.
1658 674 1915 748 Σημείω-

247 793 335 826 σαι
372 770 432 845 δε
462 770 547 824 ὅτι
574 771 664 824 καὶ
694 774 728 840 ἡ
761 768 971 823 παλαιὰ
1001 769 1089 822 καὶ
1122 770 1156 837 ἡ
1196 769 1288 822 νέα
1347 768 1531 845 Γραφὴ
1589 764 1777 820 πολλὰ
1825 760 1915 817 διὰ

244 854 548 933 συμϐόλων
578 856 944 935 παραδίδωσι,
974 857 1064 911 καὶ
1097 854 1186 911 διὰ
1210 857 1287 912 τί.

320 951 399 1021 [α]
489 950 606 1017 Τὴν
686 946 1033 1022 ἀνθρωπίνην
1124 949 1293 1016 ζωήν.
1351 946 1671 1020 Ἀμέριστον
1757 942 1912 1013 οἶμαι

245 1037 523 1113 εἰρηκέναι
557 1035 719 1091 αὐτὸν
747 1038 849 1105 τὴν
905 1034 1247 1109 ἀνθρωπίνην
1281 1034 1423 1102 ζωήν
1475 1032 1563 1087 καὶ
1628 1031 1907 1105 μεριστὴν,

240 1127 303 1180 τὸ
353 1127 449 1198 μὲν
510 1122 601 1179 διά
651 1125 713 1179 τὸ
771 1131 869 1193 τῆς
902 1126 1091 1198 ψυχῆς
1125 1123 1320 1197 ἀμερὲς
1369 1122 1462 1177 καὶ
1506 1121 1816 1193 ἀσώματον,
1847 1118 1909 1171 τὸ

250 1212 307 1269 Si
340 1211 433 1269 διὰ
462 1216 524 1269 τὸ
560 1218 655 1268 τοῦ
714 1214 970 1286 σώματος
1028 1211 1283 1267 ποικίλον
1333 1232 1391 1265 τε
1438 1210 1527 1265 καὶ
1576 1208 1907 1284 πολυμερὲς.

246 1306 386 1379 Ὅρα
439 1300 518 1371 δὲ,
552 1307 670 1365 πῶς
730 1303 1045 1375 θαυμασίως
1096 1302 1164 1355 τὰ
1195 1307 1295 1369 τῆς
1328 1303 1512 1375 ψυχῆς
1545 1294 1907 1372 παραδίδωσι.

243 1394 316 1447 Τὸ
370 1392 470 1465 μὲν
518 1394 618 1465 γὰρ
671 1390 837 1460 αὐτῆς
893 1388 1181 1465 ἀμέριστόν
1242 1410 1425 1464 φησιν,
1484 1387 1512 1441 ’ὀ
1563 1386 1653 1441 καὶ
1707 1384 1906 1447 ἀπαθὲς

246 1478 411 1535 καλεῖ
445 1498 457 1510 ·
491 1484 651 1534 τοῦτο
680 1476 735 1533 δέ
766 1478 877 1534 ἐστι
918 1480 980 1532 τὸ
1024 1485 1125 1549 τῆς
1184 1481 1367 1552 ψυχῆς
1427 1476 1904 1553 ἀκραιφνέστατον,

244 1568 336 1623 καὶ
397 1568 553 1634 αὐτὸ,
583 1569 657 1630 ὡς
721 1569 782 1623 ἄν
833 1588 916 1629 τις
977 1564 1149 1633 εἷ’ποι,
1180 1568 1241 1621 τὸ
1292 1564 1468 1636 ἄνθος,
1500 1566 1631 1639 ὅπερ
1682 1561 1823 1616 ἐστὶν
1877 1562 1904 1616 6

240 1661 390 1723 νοῦς,
427 1658 456 1710 6
487 1656 578 1711 καὶ
635 1657 697 1711 τὸ
745 1655 968 1730 λογικὸν
1020 1654 1301 1731 προχέων,
1351 1655 1468 1707 καθ’
1532 1653 1589 1707 ’ὀν
1640 1654 1764 1704 νοῦν
1815 1650 1904 1703 καὶ

242 1746 410 1814 νοερὰ
441 1747 475 1813 ἡ
509 1747 686 1820 ψυχὴ,
720 1744 770 1799 ἐν
804 1746 953 1819 ᾧπερ
1003 1748 1080 1815 νῷ
1132 1744 1199 1797 τὰ
1240 1742 1389 1797 ἁπλᾶ
1426 1742 1513 1795 καὶ
1565 1741 1677 1793 οἷον
1728 1736 1906 1811 γυμνὰ

245 1828 544 1903 συμϐόλων
606 1832 780 1907 χωρὶς
844 1834 1117 1905 μυστήρια
1169 1830 1473 1900 ἐπιστητῶς
1524 1826 1899 1882 ἐποπτεύεται.

248 1922 325 1977 Τὸ
362 1918 420 1974 δὲ
472 1922 643 1989 αὐτῆς
696 1920 947 1994 μεριστόν
996 1919 1213 1984 ἐστιν,’ὀ
1244 1919 1331 1973 καὶ
1387 1916 1685 1987 παθητικόν
1746 1933 1900 1991 φησι,

250 2013 413 2063 τοῦτο
446 2007 505 2063 δέ
534 2009 676 2064 ἐστιν
706 2011 740 2079 ἡ
775 2017 872 2078 τῆς
907 2012 1091 2083 ψυχῆς
1136 2006 1386 2078 δύναμις,
1420 2009 1453 2074 ἡ
1503 2005 1638 2079 πρὸς
1678 2005 1770 2063 τὰς
1820 2002 1903 2056 αἷ-

254 2099 475 2167 σθήσεις
500 2097 763 2171 ἐνουμένη
798 2096 886 2152 διὰ
913 2102 1009 2152 τοῦ
1066 2096 1372 2168 πνεύματος
1430 2099 1528 2149 τοῦ
1580 2094 1745 2166 μέσου
1802 2099 1901 2159 τῆς

254 2189 444 2260 ψυχῆς
493 2187 720 2242 καὶτοῦ
780 2187 1053 2260 σώματος,
1083 2185 1136 2240 έν
1200 2184 1244 2256 ᾧ
1294 2183 1559 2255 πνεύματι
1611 2181 1904 2250 έναπεστη-

254 2274 508 2349 ριγμέναι
541 2275 675 2330 εἷσὶν
707 2276 761 2329 αἱ
790 2282 889 2344 τῆς
928 2275 1225 2345 αἰσθήσεως
1274 2274 1361 2327 καὶ
1411 2276 1519 2326 τῶν
1572 2268 1901 2339 διανοήσεων

249 2367 359 2418 τῶν
393 2360 483 2418 διὰ
512 2370 610 2433 τῆς
643 2365 884 2437 σκέψεως
943 2363 1362 2440 γνωριζομένων
1424 2357 1696 2433 δυνάμεις.
1730 2361 1903 2412 Τοῦτο

252 2449 346 2505 οῦν
378 2454 675 2523 παθητικόν
707 2452 816 2507 ἐστι
861 2459 961 2522 τῆς
1024 2456 1233 2526 ψυχῆς,
1267 2451 1359 2505 ἅτε
1407 2446 1495 2503 διὰ
1548 2452 1655 2502 τῶν
1714 2446 1904 2515 αἰσθή-

250 2560 386 2594 σεων
437 2541 514 2604 είς
566 2542 934 2616 προσπάθειαν
1005 2540 1206 2610 ταύτης
1272 2543 1381 2593 τῶν
1459 2535 1733 2605 αἰσθητῶν
1806 2554 1903 2588 κα-

249 2632 649 2706 ταφερομένης.
683 2634 854 2685 Τοῦτο
915 2627 972 2683 δὲ
1027 2629 1089 2683 τὸ
1154 2630 1337 2702 μέρος,
1389 2628 1516 2701 φέρε
1574 2624 1761 2691 εἰπεῖν,
1803 2629 1903 2691 τῆς

255 2720 463 2792 ψυχῆς,
523 2718 599 2778 ὡς
652 2719 680 2771 6
738 2722 886 2788 νοῦς,
945 2716 1042 2772 οὐκ
1118 2713 1227 2771 ἔστι
1284 2715 1541 2789 καθαρὸν,
1601 2709 1723 2766 οὔτε
1779 2710 1904 2765 ἐπο-

261 2810 481 2860 πτεῦσαι
541 2804 758 2860 δύναται
811 2806 878 2861 τὰ
935 2808 1051 2860 θεῖα
1105 2807 1193 2860 καὶ
1268 2804 1529 2873 ἐπιστητὰ
1588 2801 1679 2855 καὶ
1736 2799 1905 2869 νοητὰ

258 2892 496 2965 ἀμέσως,
545 2892 694 2949 ἀλλὰ
752 2891 920 2948 δεῖται
975 2892 1138 2966 μέσου
1185 2894 1328 2957 τινὸς
1380 2890 1717 2966 παχυτέρου,
1745 2888 1906 2952 καθά-

258 3001 353 3056 περ
390 2988 859 3059 χειραγωγοῦντος
888 2981 1017 3038 αὐτὸ
1050 2982 1136 3037 ἐπὶ
1166 2984 1233 3036 τὰ
1272 2981 1417 3037 ἁπλᾶ
1472 2979 1565 3034 καὶ
1620 2980 1901 3055 ἀμέριστα,

263 3069 390 3145 ὅπερ
424 3077 573 3126 ποιεῖ
601 3072 669 3125 τὰ
725 3066 982 3143 σύμϐολά
1037 3069 1128 3125 διὰ
1181 3075 1291 3126 τῶν
1339 3072 1627 3143 μεριστῶν,
1657 3067 1902 3122 τουτέστι

259 3163 362 3213 τῶν
395 3158 668 3230 αῒσθητῶν
700 3160 789 3214 καὶ
834 3160 1172 3237 φαινομένων
1231 3158 1317 3213 ἐπὶ
1374 3159 1440 3211 τὰ
1492 3156 1699 3233 ἄῤῥητα
1756 3158 1902 3227 ξενα-

257 3251 407 3321 γοῦν.

328 3336 409 3409 [β]
469 3334 569 3391 Καὶ
629 3337 692 3390 τὸ
776 3336 870 3408 μὶν
950 3336 1150 3399 ἀπαθὲς
1233 3341 1331 3403 τῆς
1410 3336 1618 3407 ψυχῆς.
1675 3333 1904 3395 Ἀπαθὲς

254 3429 349 3491 τῆς
378 3426 564 3497 ψυχῆς
594 3424 657 3478 τὸ
688 3424 895 3499 νοερὸν,
928 3424 1035 3497 οὐχ
1066 3424 1141 3485 ὡς
1163 3424 1337 3491 πάντη
1368 3420 1644 3496 ἀμέτοχον
1674 3419 1899 3488 πάθους,

255 3508 380 3565 ἀλλ’
415 3511 491 3575 ὡς
522 3510 711 3582 ἔξωθεν
743 3516 839 3567 τοῦ
862 3510 1091 3586 πάσχειν
1152 3510 1249 3566 οὐκ
1300 3507 1425 3586 ἔχον
1475 3509 1571 3570 τὰς
1630 3507 1899 3587 ἀφορμὰς,

255 3598 432 3674 ὥσπερ
462 3601 524 3655 τὸ
574 3606 732 3674 σῶμα
787 3600 1069 3661 πλείστοις
1119 3601 1423 3655 ὑποπίπτον
1473 3604 1659 3660 κακοῖς
1687 3601 1731 3634 ⁶²
1763 3618 1899 3668 συμ-

254 3691 560 3761 πτώμασιν,
594 3690 727 3764 ἅπερ
784 3692 819 3758 ἡ
879 3690 1031 3763 ψυχὴ
1097 3686 1216 3742 ἄνευ
1263 3696 1363 3757 τῆς
1412 3686 1612 3748 οἰκείας
1655 3685 1898 3740 έκουσιό-

253 3796 412 3845 τητος
448 3775 556 3851 οὐχ
589 3777 869 3847 ὑπομένει.
904 3776 1211 3846 ΙῙαθητικὸν
1247 3772 1303 3829 δὶ
1332 3775 1496 3843 αὐτῆς
1543 3774 1605 3827 τὸ
1654 3771 1743 3827 διὰ
1789 3779 1895 3827 τῶν

255 3864 552 3935 αἰσθήσεων
633 3864 1024 3935 ἀντιληπτικὸν
1086 3869 1195 3919 τῶν
1271 3863 1487 3937 ἔξωθεν,
1544 3862 1695 3935 ᾧτινι
1773 3884 1897 3939 συγ-

252 3954 395 4028 γενὲς
453 3949 555 4030 ἔφη
614 3955 675 4007 τὸ
735 3951 825 4007 διὰ
882 3948 1173 4025 συμϐόλων
1252 3955 1577 4023 σωματικῶς
1668 3949 1897 4026 παραδί-

254 4035 436 4104 δοσθαι
496 4039 563 4094 τὰ
621 4042 759 4108 θεῖα,
793 4037 862 4093 δι’
894 4040 965 4094 ὧν
1025 4040 1161 4114 πρὸς
1205 4040 1304 4107 τήν
1336 4044 1443 4093 τῶν
1472 4038 1653 4092 αΰλων
1704 4039 1897 4115 ἀναγό-

257 4130 387 4200 μεθα
421 4130 541 4191 θέαν
554 4171 568 4183 .

321 4219 397 4291 [γ]
459 4214 757 4291 Θεολογίας
816 4221 1036 4293 σαφοῦς.
1078 4219 1201 4273 ’Ότι
1248 4216 1337 4271 καὶ
1382 4218 1433 4270 οἱ
1473 4215 1756 4292 θεολογίας
1804 4238 1896 4272 σα-

253 4310 382 4380 φοῦς
424 4305 514 4360 καὶ
545 4308 759 4379 γυμνῆς
808 4304 1291 4378 προκαλυμμάτων
1344 4304 1661 4378 ἀκηκοότες,
1692 4305 1896 4368 τύπους

250 4395 395 4455 τινὰς
456 4391 509 4447 έν
567 4394 777 4454 ἑαυτοῖς
832 4392 1234 4448 ἀναπλάττουσι
1292 4393 1430 4468 πρὸς
1504 4393 1691 4463 νόησιν
1762 4394 1893 4455 τοὺς

249 4480 634 4556 ἀκροωμένους
665 4487 1147 4557 χειραγωγοῦντες.
1179 4479 1407 4543 ⁰¹Αλλως
1429 4500 1441 4512 ·
1476 4481 1776 4554 Θεολογίας
1809 4502 1896 4535 σα-

2023 596 2478 661 cramenta,qua2
2512 591 2566 644 in
2600 590 2796 643 divina
2826 606 3029 644 mensa
3062 606 3163 661 per
3191 606 3422 644 sacrum
3458 607 3668 661 panem

2024 683 2081 733 et
2140 677 2381 733 calicem
2444 677 2868 732 benedictionis
2930 682 3266 732 consecrata
3314 685 3472 733 sunt.
3526 680 3673 734 Nota

2022 784 2177 831 vero,
2212 784 2347 821 cum
2382 768 2440 822 in
2473 768 2864 837 antiquatum
2898 767 2955 819 in
2990 783 3138 821 nova
3167 766 3292 837 lege
3313 766 3499 823 multa
3520 767 3673 823 tradi

2023 873 2127 927 per
2160 855 2446 926 symbola,
2480 860 2535 910 et
2561 873 2683 910 cur.
3319 871 3324 877 ·

2093 946 2408 998 Humanam
2490 944 2683 998 vitam.
2752 942 3023 997 Arbitror
3097 943 3417 999 humanam
3491 943 3672 1000 vitam

2020 1032 2241 1104 ipsum,
2270 1033 2629 1086 individuam
2662 1038 2718 1085 et
2750 1032 3049 1086 dividuam
3079 1032 3317 1087 dixisse.
3358 1031 3503 1086 Illud
3536 1032 3672 1103 qui-

2021 1121 2150 1176 dem
2185 1126 2421 1192 propter
2452 1120 2659 1175 anima:
2692 1118 3165 1175 individuitatem
3198 1125 3373 1190 atque
3402 1120 3669 1192 incorpo-

2020 1210 2308 1279 reitatem,
2361 1209 2470 1263 hoc
2522 1225 2654 1263 vero
2716 1215 2953 1280 propter
3008 1209 3270 1279 corporis
3328 1209 3548 1263 variam
3600 1225 3665 1264 ac

2020 1297 2518 1353 multimembrem
2588 1298 3045 1369 proportionem.
3116 1300 3369 1353 Observa
3444 1301 3666 1367 autem,

2018 1403 2193 1457 quam
2226 1387 2471 1441 miriﬁce
2499 1388 2696 1441 tradat
2724 1404 2793 1441 ea
2824 1403 2951 1457 quae
2981 1390 3123 1441 sunt
3153 1387 3386 1441 animae.
3420 1387 3567 1441 Nam
3608 1386 3667 1440 id

2017 1478 2172 1546 quod
2201 1477 2328 1545 ejus
2359 1478 2649 1541 est,vocat
2678 1475 3051 1528 individuum
3087 1479 3261 1546 atque
3293 1491 3498 1545 expers
3530 1492 3666 1545 pas-

2016 1564 2233 1631 sionis;
2269 1564 2374 1619 hoc
2425 1569 2619 1618 autem
2677 1569 2763 1619 est
2810 1564 2863 1617 id
2918 1565 3072 1635 quod
3124 1564 3183 1618 in
3235 1566 3433 1619 anima
3481 1564 3667 1620 subli-

2017 1652 2351 1708 missimum
2385 1658 2473 1707 est
2505 1659 2697 1723 atque,
2732 1663 2791 1707 ut
2819 1653 2901 1707 ita
2920 1640 3066 1723 'quis
3100 1652 3274 1723 dicat,
3308 1658 3411 1708 ﬂos
3457 1653 3664 1721 animi,

2014 1743 2170 1813 quod
2194 1746 2281 1796 est
2306 1758 2495 1809 mens,
2526 1759 2558 1795 ιι
2582 1759 2696 1812 qua
2732 1741 2907 1796 etiam
2942 1742 3183 1812 profluit
3216 1742 3302 1795 vis
3336 1741 3660 1808 rationalis,

2014 1832 2534 1902 secunduquuam
2558 1831 2732 1884 etiam
2750 1830 3322 1901 animaintelligitJn
3341 1830 3447 1885 hac
3463 1836 3659 1885 mente

2012 1919 2306 1990 simplicia
2334 1924 2391 1973 et
2418 1920 2585 1990 quasi
2620 1919 2777 1973 nuda
2806 1919 3105 1990 fmysteria
3155 1919 3280 1973 sine
3316 1919 3655 1991 symbolicis

2013 2009 2156 2064 scite
2188 2008 2654 2080 conspiciuntur.
2710 2008 2846 2063 Pars
2897 2012 3088 2063 autem
3140 2010 3268 2078 ejus
3320 2008 3653 2075 divisibilis,

2012 2114 2189 2168 quam
2222 2103 2278 2151 et
2309 2096 2643 2167 passibilem
2677 2094 2950 2167 appellat,
2981 2102 3070 2150 est
3100 2113 3167 2150 ea
3196 2096 3281 2149 vis
3313 2096 3658 2167 animi,quaa

2013 2203 2146 2241 cum
2179 2186 2453 2241 sensibus
2487 2186 2691 2240 unitur
2740 2185 3034 2239 mediante
3085 2184 3296 2256 spiritu
3347 2184 3555 2240 animae
3605 2189 3662 2241 et

2013 2274 2308 2346 corporis;
2343 2274 2400 2329 in
2446 2290 2561 2345 quo
2611 2274 2825 2344 spiritu
2875 2274 3132 2328 fundatae
3181 2277 3321 2328 sunt
3368 2274 3663 2329 sentiendi

2014 2368 2070 2419 et
2127 2361 2515 2431 intelligendi,
2568 2378 2672 2415 nec
2727 2377 2843 2415 non
2901 2360 3169 2416 intuitive
3213 2361 3665 2433 contemplando

2013 2451 2425 2523 cognoscendi,
2460 2451 2789 2506 facultates.
2844 2451 2975 2506 Haec
3027 2451 3226 2522 itaque
3277 2469 3411 2523 pars
3462 2452 3666 2507 animae

2014 2541 2278 2613 patibilis
2304 2544 2412 2607 est,
2448 2540 2505 2593 in
2540 2543 2828 2610 quantum
2860 2556 2959 2609 per
2991 2556 3203 2593 sensus
3232 2542 3301 2593 ad
3353 2539 3664 2595 sensilium

2016 2630 2381 2685 affectionem
2417 2631 2833 2683 commovetur.
2870 2626 2997 2681 Haec
3031 2632 3223 2682 autem
3258 2645 3415 2699 pars,
3466 2632 3530 2682 ut
3583 2628 3667 2682 ita

2016 2717 2228 2783 dicam,
2258 2716 2489 2781 animae,
2516 2733 2570 2769 v.
2607 2732 2661 2787 g.
2698 2732 2885 2782 mens,
2922 2733 3035 2770 non
3068 2720 3157 2770 est
3206 2717 3445 2771 omnino
3495 2733 3663 2787 pura,

2016 2823 2119 2861 nec
2163 2822 2254 2861 res
2304 2806 2531 2859 divinas
2578 2810 2635 2858 et
2680 2803 3046 2859 intellectiles
3091 2822 3157 2859 ac
3208 2804 3503 2875 spiritales
3554 2804 3663 2859 im-

2016 2895 2267 2950 mediate
2317 2893 2579 2948 contueri
2631 2896 2843 2963 potest,
2894 2893 2995 2947 sed
3047 2909 3196 2963 opus
3246 2892 3422 2947 habet
3470 2893 3663 2947 medio

2014 2984 2269 3056 quodam
2321 2982 2605 3037 crassiore
2655 2980 2847 3051 ipsam
2899 2981 3065 3049 quasi
3119 2981 3551 3035 manuducente
3590 2980 3662 3034 ad

2013 3071 2307 3143 simplicia
2338 3070 2757 3140 individuaque
2779 3070 2933 3140 quod
2969 3068 3235 3142 symbola
3265 3073 3542 3139 praestant
3564 3084 3667 3139 per

2011 3178 2104 3216 res
2136 3161 2426 3228 dividuas,
2460 3160 2515 3213 id
2559 3163 2647 3213 est
2675 3158 2919 3214 sensiles
2947 3163 3125 3229 atque
3172 3162 3540 3230 apparentes,
3592 3157 3665 3211 ad

2012 3266 2226 3307 arcana
2257 3247 2673 3319 promovendo.

2082 3340 2253 3407 Atque
2279 3340 2479 3390 anima;
2501 3336 2720 3406 quidem
2738 3351 2875 3405 pars
2897 3335 3248 3405 impatibilis.
3276 3334 3501 3389 Animae
3529 3351 3667 3407 pars

2010 3425 2363 3498 impatibilis
2394 3429 2482 3479 est
2514 3441 2648 3495 pars
2680 3422 3035 3494 intelligens,
3071 3440 3185 3477 non
3221 3424 3376 3493 quod
3428 3424 3666 3478 omnino

2010 3531 2216 3586 expers
2248 3514 2326 3567 sit
2355 3512 2674 3583 passionis,
2709 3513 2811 3565 sed
2844 3512 2999 3581 quod
3033 3518 3384 3565 aeternarum
3435 3511 3666 3580 passio-

2010 3620 2149 3658 num
2184 3601 2357 3657 nullae
2389 3618 2451 3657 se
2480 3618 2668 3656 causa
2702 3600 2968 3667 offerant,
2987 3600 3140 3654 sicut
3174 3600 3280 3654 hoc
3313 3616 3525 3670 corpus
3558 3615 3661 3653 no-

2009 3697 2199 3748 strum
2232 3690 2505 3762 plurimis
2546 3690 2875 3760 expositum
2929 3692 3017 3742 est
3065 3688 3480 3752 incommodis,
3532 3704 3658 3757 qua:

2009 3781 2206 3835 anima
2228 3780 2353 3834 sine
2378 3778 2610 3850 prOpria
2632 3795 2738 3833 sua
2759 3777 3057 3831 voluntate
3081 3794 3194 3831 non
3219 3779 3490 3831 sustinet.
3516 3780 3659 3831 Pars

2006 3886 2138 3925 vero
2162 3870 2289 3938 ejus
2313 3866 2570 3939 patibilis
2600 3871 2688 3922 est
2709 3883 2795 3933 ea,
2831 3884 2959 3938 quae
2982 3882 3083 3937 per
3103 3883 3313 3920 sensus
3346 3882 3435 3920 res
3467 3870 3657 3920 exter—

2009 3976 2115 4013 nas
2144 3959 2293 4013 3‘27
2330 3956 2738 4027 apprehendit,
2774 3958 2866 4010 cui
2901 3954 3361 4010 connaturaliter
3408 3955 3507 4023 ait,
3558 3970 3661 4025 per

2006 4046 2275 4119 symbola
2314 4062 2592 4115 corporea
2624 4061 2714 4097 res
2747 4044 2976 4115 divinas
3009 4043 3180 4111 tradi,
3209 4042 3422 4113 quibus
3453 4044 3523 4097 ad
3557 4043 3664 4096 im-

2006 4133 2401 4191 materialium
2436 4149 2632 4187 rerum
2664 4131 3220 4202 contemplationem
3255 4132 3626 4186 adducimur.

2076 4226 2277 4293 Aperta
2308 4222 2595 4291 theologia.
2633 4220 2791 4283 Quod
2847 4221 3024 4274 etiam
3073 4219 3114 4273 ii
3164 4220 3260 4288 qui
3311 4219 3663 4289 theologiam

2006 4316 2269 4383 apertam
2304 4314 2359 4365 et
2389 4310 2461 4363 ab
2492 4308 2813 4363 involucris
2850 4309 3129 4361 nudatam
3165 4308 3663 4377 audiunt,figuras

2005 4400 2238 4470 aliquas
2260 4403 2320 4452 in
2345 4397 2557 4468 seipsis
2582 4394 3113 4467 efﬁngant,quibus
3139 4396 3434 4450 auditores
3467 4396 3537 4449 ad
3570 4395 3663 4450 in-

2004 4486 2392 4558 telligentiam
2427 4484 3036 4540 manuducunt.Aliter
3057 4502 3073 4537 :
3094 4483 3420 4553 ’l‘hcologiae
3450 4489 3660 4554 aperte:

252 4574 403 4648 φοῦς,
438 4572 555 4625 οἷον
590 4588 602 4603 ⁸
636 4572 814 4645 Ὤφθη
849 4570 1046 4645 Κύριος
1074 4575 1153 4641 τῷ
1178 4566 1446 4644 Ἀϐραὰμ,
1479 4571 1513 4637 ἢ
1544 4574 1622 4641 τῷ
1651 4571 1895 4639 Μωυσεῖ,

2018 4579 2239 4639 3unt,ut
2269 4591 2401 4628 cum
2439 4573 2724 4628 Dominus
2755 4572 3087 4628 Abrahamo
3116 4571 3203 4626 vel
3252 4572 3429 4643 Moysi
3479 4588 3660 4642 appa-

251 4658 337 4713 καί
375 4677 386 4691 ·
424 4659 586 4716 Εἶπεν
637 4660 664 4713 6
717 4658 914 4733 Κύριος
948 4678 960 4690 ’
996 4660 1108 4725 καί,
1143 4659 1383 4733 Ἐγένετο
1415 4659 1442 4712 6
1475 4657 1641 4731 λόγος
1696 4659 1896 4732 Κυρίου

252 4748 385 4823 πρὸς
440 4748 533 4802 τὸν
582 4748 893 4824 προφήτην,
926 4748 1015 4801 καὶ
1077 4747 1144 4801 τὰ
1165 4751 1408 4802 τοιαῦτα.
1443 4750 1653 4824 Σαφοῦς
1711 4743 1789 4815 δὲ,
1823 4745 1897 4807 ὠς

255 4836 315 4889 οὗ
344 4834 433 4889 διὰ
462 4830 751 4908 συμϐόῦων
794 4840 1136 4891 τυπωτικῶν.
1171 4836 1345 4890 Τόπον
1405 4833 1494 4888 οῦν
1547 4856 1709 4912 φησιν
1769 4834 1896 4889 ἀνα-

255 4920 650 4998 πλαττόμενον,
682 4925 743 4992 ἦν
777 4922 1097 4996 ἐπινοοῦμεν
1134 4922 1220 4978 ἐπὶ
1250 4928 1363 4984 τοῖς
1401 4922 1669 4984 τοιούτοις
1710 4921 1897 4999 ῥητοῖς

257 5007 445 5077 εὐσεϐῆ
479 5010 732 5087 θεωρίαν,
762 5013 851 5067 καὶ
881 5015 948 5086 τῇ
982 5011 1095 5083 θείᾳ
1125 5010 1276 5089 φύσει
1310 5010 1683 5081 κατάλληλον.

320 5194 346 5259 §
374 5196 444 5247 ΙΙ*
478 5187 553 5264 [ὃ]
586 5191 777 5248 Τόπον
807 5192 929 5247 τινὰ
957 5194 1093 5268 πρὸς
1129 5194 1227 5261 τὴν
1261 5188 1472 5261 νόησιν.
1518 5194 1721 5266 ’Ὠσπερ
1773 5189 1896 5245 ὅταν

253 5275 310 5331 ἐκ
340 5275 575 5352 δένδρων
607 5280 704 5343 τὰς
739 5280 1057 5343 ὑποστάσεις
1087 5287 1187 5351 τῆς
1234 5286 1618 5355 προσκυνητῆς
1671 5276 1900 5354 Τριάδος

322 5437 396 5511 (υ)
429 5439 604 5495 Exod.
637 5455 737 5496 vn.
814 5439 895 5511 (ac)
924 5439 1041 5495 Jer.
1073 5454 1248 5509 XLVII,
1283 5438 1331 5493 1.

2010 4664 2393 4729 ruit,et:Dza:it
2412 4663 2675 4717 Dominus
2696 4662 2794 4732 (v);
2815 4667 2871 4715 et
2895 4678 2907 4716 :
2932 4666 3161 4717 Factum
3182 4669 3259 4715 est
3288 4661 3511 4715 verbum
3543 4664 3659 4715 Do-

2006 4752 2152 4807 mini
2180 4750 2250 4805 ad
2276 4752 2596 4821 prophetam
2627 4750 2733 4820 (τε),
2764 4754 2821 4803 et
2853 4750 3371 4819 similia.Apertam
3404 4765 3534 4802 vero
3564 4765 3660 4803 vo-

2010 4844 2121 4909 cat,
2156 4844 2356 4911 utpote
2389 4855 2503 4893 non
2538 4855 2639 4908 per
2690 4837 3045 4906 symbolicas
3095 4838 3336 4907 figuras.
3383 4837 3657 4907 Figuram

2011 4929 2263 5000 denique
2311 4928 2504 4981 ﬁctam
2559 4924 2813 4997 appellat
2871 4925 3027 4996 piam
3088 4924 3659 4995 contemplationem,

2013 5034 2191 5089 quam
2224 5018 2282 5071 in
2323 5013 2660 5070 istiusmodi
2692 5012 2863 5068 dictis
2914 5013 3301 5083 concipimus,
3352 5017 3409 5067 et
3456 5012 3663 5067 divinas

2012 5110 2235 5160 naturae
2271 5120 2384 5158 non
2416 5103 2825 5174 incongruam.

2081 5194 2108 5265 Ξ
2135 5195 2423 5263 Il.Typum
2446 5190 2733 5263 quemdam
2762 5189 2832 5243 ad
2862 5187 3399 5256 intelligentiamUt
3429 5191 3665 5260 quando

2012 5282 2080 5338 D.
2113 5281 2470 5337 Athanasius
2520 5296 2588 5335 ex
2638 5278 2947 5335 arboribus
3000 5278 3315 5333 adorandae
3362 5279 3667 5335 Trinitatis

1255 5593 1497 5652 νΑιιΙλΕ
1526 5593 1918 5652 LECTIONES
1955 5595 2050 5652 ET
2079 5592 2637 5652 CORREGTIONES.

327 5680 371 5716 "
402 5683 752 5742 κακωτικυῑς.
