4020 6358
422 383 530 438 567

1245 387 1611 441 APPENDIX
1648 384 1748 439 AD
1786 387 2027 441 OPERA
2063 388 2121 439 S.
2161 384 2478 440 DIONYSH
2518 389 3019 442 AREOPAGITE.

3724 390 3824 443 568

422 522 705 577 personas
736 507 1135 575 repraesentat,
1170 509 1227 560 et
1258 506 1355 561 alii
1389 508 1573 562 sancti
1606 524 1671 563 ex
1706 507 1881 563 rebus
1913 506 2067 563 aliis.

2191 503 2506 578 παρίστησιν
2561 507 2588 560 ὁ
2646 508 2789 569 θεῖος
2849 507 3188 578 Ἀθανάσιος,
3246 507 3333 561 καὶ
3404 506 3455 578 ἐξ
3528 505 3716 564 ἄλλων
3774 512 3826 565 οἱ

424 596 572 660 Quin
605 600 661 649 et
688 594 819 665 ipsa
866 594 1073 647 mundi
1120 600 1388 649 creatura
1435 596 1836 667 symbolorum
1889 596 2072 651 vicem

423 684 722 750 obtinens,
753 681 1150 737 invisibilibus
1186 684 1281 738 Dei
1314 685 1569 740 obducta
1600 690 1705 740 est.

494 860 646 915 Sicut
673 860 883 914 Paulus
914 859 1013 915 ait.
1048 860 1141 914 Sic
1172 861 1329 915 enim
1357 860 1679 932 Apostolus
1720 861 1801 915 ait
1851 877 1863 915 :
1919 862 2073 924 Quo-

422 949 583 1005 niam
642 948 961 1003 invisibilia
1022 952 1212 1019 ipsius,
1263 950 1597 1020 sempiterna
1646 966 1856 1021 quoque
1904 951 2075 1003 virtus

420 1038 923 1109 ejus,incre-1turis
953 1038 1369 1108 conspiciuntur
1399 1040 1656 1111 (y).Quin
1695 1045 1751 1093 et
1780 1038 2073 1093 Christus:

422 1128 604 1199 (hunc
638 1128 820 1195 enim,
872 1132 935 1181 ut
986 1128 1275 1195 existimo,
1328 1135 1498 1183 vocat
1548 1128 1802 1183 Verbum
1854 1130 2075 1196 verum)

422 1233 555 1271 cum
590 1218 670 1271 ait
703 1233 714 1269 :
748 1216 810 1271 Si
833 1224 1045 1272 terrena
1079 1216 1203 1271 dixi
1232 1216 1400 1283 vobis,
1434 1226 1485 1272 et
1514 1234 1626 1272 non
1654 1217 1884 1272 crediti:
1908 1235 1925 1272 :
1947 1232 2078 1287 quo-

420 1305 577 1359 modo
598 1305 651 1358 si
674 1304 866 1360 dixero
895 1306 1153 1373 caelestia,
1174 1305 1402 1361 credetis
1432 1306 1504 1377 (ω)
1528 1305 1553 1358 ?
1586 1311 1641 1360 et
1670 1322 1793 1375 quae
1816 1310 1956 1360 sunt
1976 1305 2081 1359 bu-

424 1393 708 1462 jusmodi'

494 1483 865 1553 Quamobrem
906 1487 1077 1537 etiam
1132 1482 1395 1554 theologi.
1447 1483 1705 1538 Civiliter
1735 1482 1969 1554 quidem
2021 1486 2079 1537 et

425 1570 693 1643 legaliter
724 1572 1147 1643 (considerant)
1180 1576 1576 1627 correctorum
1622 1573 2077 1643 susceptionem,

428 1666 603 1732 atque
655 1660 1015 1731 felicitatem,
1071 1668 1127 1716 et
1181 1662 1552 1733 peccantium
1600 1661 1965 1732 punitionem
2015 1678 2081 1716 ac

426 1751 1002 1806 condemnationem.
1055 1750 1386 1815 Quinetiam
1432 1751 1733 1821 expiantes
1785 1767 1849 1805 ac
1900 1767 2081 1821 puras

427 1839 872 1907 instructiones,
905 1855 969 1893 ac
1004 1845 1422 1909 przsservantes
1454 1838 1903 1894 admonitiones.
1956 1839 2076 1893 Hu-

431 1944 604 1983 mano
638 1933 834 1983 autem
868 1944 933 1982 ac
968 1928 1158 1981 medio
1192 1929 1363 1982 modo
1395 1929 1871 1999 (accipiunt)v.g.
1907 1930 2079 1981 inter-

430 2018 955 2089 rogationesjuxta
986 2015 1131 2071 illud
1164 2033 1176 2070 :
1216 2018 1315 2073 Ubi
1343 2021 1421 2074 est
1450 2020 1583 2072 Abel
1610 2021 1790 2089 frater
1818 2023 1944 2072 tuus
1974 2018 2082 2087 (a)?

430 2111 488 2161 et
520 2104 665 2159 illud
701 2124 712 2160 :
745 2105 1087 2161 Descendens
1114 2106 1303 2161 videbo
1337 2108 1407 2178 (b)
1431 2109 1595 2162 .Item
1631 2106 2083 2163 illudzDominus

428 2194 740 2262 interrogat
761 2195 982 2264 justum
1012 2200 1063 2248 et
1098 2195 1332 2265 impium
1362 2196 1452 2267 (ε).
1487 2198 1619 2260 Quae
1662 2195 1836 2251 etiam
1888 2196 2081 2250 medio

428 2284 601 2337 modo
635 2299 697 2337 se
732 2284 969 2353 habent,
1004 2283 1156 2337 inter
1186 2300 1253 2337 ea
1284 2301 1410 2354 quas
1442 2285 1558 2339 Deo
1604 2285 1976 2353 conveniunt,
2027 2288 2084 2339 et

423 2372 578 2426 inter
611 2388 678 2426 ea
709 2389 835 2441 quis
868 2372 1109 2426 omnino
1140 2373 1379 2427 dissona
1409 2374 1703 2440 videntur,
1738 2384 1802 2428 ut
1833 2378 1973 2428 sunt
2003 2372 2082 2428 si-

426 2460 795 2515 militudines
827 2461 1151 2515 bestiarum
1184 2467 1238 2515 et
1292 2463 1671 2517 materiarum
1730 2463 2080 2517 inanimata-

428 2567 583 2604 rum.
623 2550 899 2615 Quasdam
934 2552 1071 2604 item
1105 2551 1574 2620 supermundiali
1608 2557 1663 2605 et
1694 2552 1945 2622 perfecta
1995 2568 2081 2605 ra-

428 2639 587 2692 tione
620 2637 918 2709 intelligit,
954 2644 1016 2693 ut
1048 2638 1355 2708 miracula,
1388 2657 1513 2710 quae
1547 2646 1699 2693 Deus
1728 2638 1853 2694 sola
1876 2638 2081 2693 volun-

428 2731 546 2782 tate
576 2744 686 2782 sua
712 2727 869 2781 facit.
924 2732 1103 2799 Leges
1155 2733 1351 2782 autem
1406 2732 1755 2799 apparentes
1804 2733 1971 2782 vocat
2019 2732 2083 2782 ut

430 2817 668 2887 quando
701 2816 1137 2886 quodammodo
1169 2821 1411 2871 excusat
1436 2816 1724 2885 virginem
1774 2816 1833 2871 in
1884 2832 2079 2871 eremo

428 2904 727 2969 violatam,
762 2908 820 2957 et
873 2903 1111 2958 similia.
1163 2904 1402 2959 Occulta
1449 2922 1585 2959 vero
1634 2904 1870 2959 oracula
1920 2910 2077 2974 sunt,

421 3008 473 3045 ν.
511 3007 568 3062 g.
596 2990 739 3045 illud
770 3008 782 3044 :
814 2992 983 3047 Jacob
1014 2991 1213 3058 dilexi,
1244 2994 1389 3047 Esau
1416 2997 1598 3047 autem
1629 2993 1750 3048 odio
1781 2994 1952 3047 habui
1981 2994 2077 3065 (d),

432 3079 662 3150 aliaque
694 3079 935 3135 similia.
969 3080 1125 3134 Dixit
1167 3086 1362 3135 autem
1412 3081 1581 3135 Pater
1623 3081 2079 3153 multiformiter;

428 3167 709 3239 quoniam
742 3168 857 3223 alia
887 3169 1128 3239 quidem
1162 3168 1505 3240 symbolice,
1540 3168 1656 3225 alia
1685 3186 1821 3226 vero
1853 3187 1995 3241 pure
2025 3174 2081 3226 et

424 3256 984 3327 supermundialiter
1014 3256 1314 3328 Scriptura
1346 3259 1611 3313 tradidit.

490 3345 643 3401 328
675 3345 802 3401 Alia
831 3346 1051 3416 quidem
1102 3345 1365 3402 civiliter.
1414 3347 1791 3419 PhiIOSOphia
1834 3348 2071 3419 quidem

427 3435 641 3506 partim
675 3439 763 3490 est
792 3435 1289 3506 practica,partim
1324 3435 1788 3507 speculativa.Ac
1820 3436 2075 3507 practioa

420 3524 564 3578 item
596 3522 713 3578 alia
744 3528 833 3579 est
859 3524 1094 3595 publica
1126 3540 1227 3578 seu
1255 3526 1608 3594 communis,
1628 3530 1684 3580 et
1711 3525 1948 3596 politica
1968 3542 2073 3581 seu

423 3612 608 3666 civilis
642 3611 990 3683 appellatur,
1024 3618 1089 3667 ut
1122 3611 1447 3683 legislatio;
1501 3613 1617 3667 alia
1664 3630 1796 3668 vero
1846 3613 2071 3685 privata

418 3716 519 3755 seu
554 3699 944 3771 particularis,
980 3706 1045 3755 ut
1075 3700 1267 3755 ethica
1299 3718 1399 3756 seu
1430 3700 1692 3755 moralis.
1736 3702 1923 3756 Media
1973 3719 2071 3755 au-

420 3796 531 3843 tem
565 3788 719 3843 inter
768 3789 1086 3859 practicam
1133 3794 1222 3844 est
1272 3789 1650 3858 oeconomica,
1701 3789 2069 3859 speculatisz

412 3894 549 3933 vero
582 3894 716 3948 pars
746 3876 865 3944 illa,
891 3895 1017 3948 qua:
1069 3894 1159 3932 res
1209 3876 1451 3932 sensilcs
1496 3894 1561 3931 ac
1593 3876 1905 3931 mutabiles
1937 3895 2069 3949 spe-

413 3970 549 4033 ctat,
585 3966 825 4038 physica
855 3971 908 4021 et
940 3967 1331 4037 cosmologica
1362 3972 1757 4037 nuncupatur;
1779 3982 1904 4035 quae
1936 3983 2066 4021 vero

409 4052 774 4109 intellectilia
803 4060 859 4109 et
891 4062 1105 4111 aeterna
1137 4055 1587 4126 contemplatur,
1618 4054 2068 4123 contemplativa

410 4147 466 4195 et
496 4142 823 4214 theologica
854 4143 1103 4211 dicitur;
1137 4149 1312 4215 atque
1362 4144 1483 4197 haec
1530 4142 2063 4213 impraesentiarum

407 4232 888 4303 exposuit.Media
911 4238 1105 4288 autem
1129 4234 1282 4288 inter
1305 4231 1726 4303 speculativam
1750 4234 1839 4284 est
1872 4236 2063 4285 astro-

407 4320 659 4392 uomica,
692 4326 747 4375 et
779 4321 1216 4387 mathematica,
1252 4336 1377 4390 quae
1412 4320 1770 4389 sempiterna
1800 4317 1899 4373 illa
1929 4335 2063 4373 sen-

405 4406 541 4463 silia
571 4409 925 4463 considerat.
961 4408 1077 4463 Hoc
1112 4407 1413 4477 Scriptura
1442 4406 1678 4477 quidem
1731 4422 1841 4461 non
1898 4406 2058 4477 dicit,

410 4497 511 4550 sed
544 4497 766 4551 Hebraei
799 4497 1017 4551 habent
1047 4497 1105 4550 in
1138 4496 1611 4549 Deuteronomio.

474 4584 593 4639 Non
650 4587 802 4639 enim
853 4585 1061 4639 nudam
1110 4584 1425 4639 historiam.
1482 4583 1765 4646 Quoniam
1816 4600 1883 4639 ea
1927 4601 2053 4655 quae
2085 4613 2132 4677 Ι)

402 4672 741 4745 symbolice,
774 4674 893 4729 sive
935 4674 1209 4729 historice
1260 4674 1319 4727 in
1368 4672 1668 4742 Scriptura
1716 4678 2051 4737 narrantur,

401 4760 560 4816 haud
608 4763 827 4817 nudam
881 4762 1191 4817 historiam
1244 4761 1563 4826 continent,
1616 4762 1713 4815 sed
1766 4762 2051 4817 vivificam

398 4849 839 4920 perfectionem.
873 4850 1174 4905 Viviﬁcam
1198 4855 1391 4903 autem
1418 4849 1832 4919 perfectionem
1864 4857 2049 4917 vocat,

396 4941 548 5010 quod
601 4940 821 4995 sanctis
852 4956 1067 5011 scopus
1100 4939 1197 5002 sit,
1233 4954 1335 5009 per
1362 4938 1689 5008 Scripturas
1724 4940 1963 5007 erudiri,
1998 4946 2055 4995 et

392 5028 464 5082 ad
499 5028 675 5083 vitam
708 5034 983 5083 (sternam
1016 5026 1237 5098 perfici.
1266 5026 1394 5080 Haec
1428 5030 1622 5080 autem
1656 5026 1819 5095 dicit,
1855 5034 2053 5083 osten-

391 5116 554 5183 dens,
572 5117 903 5173 necessario
938 5132 1241 5188 anagogen
1273 5119 1331 5171 et
1360 5114 1699 5187 allegoriam
1734 5116 2051 5173 admitten-

389 5203 525 5258 dam
558 5221 706 5260 esse.

458 5374 537 5443 (y)
567 5374 729 5430 Rom.
765 5391 803 5445 ι,
835 5376 922 5428 20·
1000 5375 1075 5445 (π.)
1104 5374 1272 5433 Joan.
1304 5392 1387 5446 ιιι,
1423 5376 1508 5430 12.

2184 590 2371 647 λοιποὶ
2404 596 2571 669 ἅγιοι,
2600 597 2664 652 Τί
2694 598 2737 631 ⁸³
2767 595 2855 649 καὶ
2886 598 2919 663 ἠ
2950 599 3046 649 τοῦ
3075 595 3285 667 κόσμου
3328 592 3668 671 δημιουργίαι
3719 602 3824 652 τῶν

2182 680 2423 755 ἀοράτων
2455 688 2550 736 τοῦ
2582 688 2713 738 Θεοῦ
2760 679 3161 759 προϐέϐληται,
3190 685 3394 759 τρόπον
3438 686 3561 740 τινὰ
3618 681 3828 758 συμϐό-

2184 766 2294 823 λων
2327 771 2471 840 τάξιν
2507 770 2797 847 ἐπέχουσα.

2258 862 2323 931 [ε]
2384 861 2628 934 Καθάπερ
2716 862 2845 938 φησί
2923 860 3155 925 Παῦλος.
3205 863 3261 915 '0
3341 863 3434 935 μὲν
3491 863 3828 925 Ἀπόστολος

2185 946 2325 1001 οὕτω
2374 950 2504 1024 φησί
2538 970 2549 980 ·
2612 950 2689 1006 Τά
2742 952 2841 1026 γὰρ
2872 951 3072 1025 ἀόρατα
3130 953 3319 1023 αὐτοῦ,
3349 952 3383 1020 ἥ
3416 973 3473 1006 τε
3507 950 3682 1014 ἀΐδιος
3730 953 3827 1006 αὐ-

2184 1040 2279 1088 τοῦ
2332 1034 2579 1110 δύναμις,
2640 1039 2689 1091 ἐν
2756 1046 2871 1101 τοῖς
2952 1042 3228 1112 ποιήμασι
3278 1044 3592 1116 καθορᾶται.
3655 1043 3715 1099 Ὁ
3772 1039 3827 1095 δέ

2186 1126 2423 1198 Χριστὸς
2455 1130 2669 1199 (τοῦτον
2696 1127 2820 1201 γὰρ,
2852 1129 3027 1201 οἶμαι,
3060 1126 3219 1183 καλεῖ
3247 1131 3338 1183 τὸν
3381 1129 3563 1200 ἀληθῆ
3632 1132 3826 1205 Λόγον)

2189 1214 2311 1267 ὅταν
2369 1214 2500 1289 λέγῃ
2536 1236 2548 1247 ·
2609 1216 2672 1273 Εἰ
2728 1217 2793 1271 τά
2849 1218 3055 1293 ἐπίγεια
3112 1218 3259 1274 εἶπον
3326 1220 3473 1291 ὑμῖν,
3508 1220 3598 1274 καὶ
3645 1221 3708 1274 οὐ
3741 1240 3828 1273 πι-

2188 1303 2397 1357 στεύετε
2432 1324 2442 1334 ·
2477 1309 2614 1376 πῶς,
2648 1304 2733 1358 ἐὰν
2785 1304 2920 1360 εἶ’πω
2970 1306 3097 1379 ὑμῖν
3141 1309 3210 1362 τὰ
3258 1306 3570 1385 ἐπουράνια,
3615 1308 3827 1363 πιστεύ-

2191 1413 2307 1447 σετε
2332 1412 2345 1461 ;
2376 1392 2465 1446 xui
2495 1392 2592 1447 ὅσα
2619 1398 2862 1451 τοιαῦτα.

2265 1482 2337 1553 [ς]
2394 1482 2485 1535 Διὸ
2538 1483 2628 1536 καὶ
2686 1483 2739 1535 οἱ
2797 1482 3073 1558 θεολόγοι.
3107 1483 3414 1547 Πολιτικῶς
3478 1487 3573 1559 μὲν
3606 1486 3697 1540 καὶ
3752 1485 3833 1540 έν-

2190 1569 2376 1641 νόμως
2432 1572 2533 1639 τήν
2584 1575 2690 1625 τῶν
2744 1572 3152 1647 κατορθούντων
3188 1570 3471 1649 ἀποδοχὴν
3527 1574 3615 1629 καί
3675 1574 3832 1629 εὐπά-

2191 1660 2334 1720 θείαν
2366 1658 2455 1712 καὶ
2483 1664 2589 1712 τῶν
2624 1657 3106 1733 πλημμελούντων
3137 1663 3236 1730 τὴν
3260 1664 3495 1716 κάκωσιν
3527 1663 3615 1717 καὶ
3674 1662 3829 1717 κατᾶ-

2187 1767 2381 1820 κρισιν,
2413 1749 2775 1821 Καθαρτικοὺς
2822 1746 2879 1803 δὲ
2922 1750 3011 1803 καὶ
3062 1752 3365 1825 ἀχράντους
3407 1751 3501 1812 τὰς
3556 1753 3830 1815 νουθεσίας

2189 1838 2276 1889 καὶ
2306 1836 2749 1913 προφυλακτικάς
2805 1840 3165 1913 παραινέσεις,
3201 1841 3592 1914 Ἀνθρωπικῶς
3641 1838 3698 1894 δὲ
3744 1842 3828 1894 καὶ

2196 1925 2393 1997 μέσως,
2421 1926 2534 1978 οἷον
2582 1927 2678 1988 τὰς
2727 1926 2961 1996 πεύσεις,
2994 1927 3067 1991 ὡς
3112 1927 3173 1982 τό
3208 1947 3219 1961 ·
3256 1932 3367 1982 Ποῦ
3411 1925 3578 1984 Ἀϐελ
3614 1929 3639 1983 ὁ
3672 1926 3827 1984 ἀδελ-

2192 2014 2289 2091 φός
2347 2014 2601 2081 σου;καὶ
2658 2016 2719 2068 τό
2757 2036 2767 2049 ·
2823 2011 3071 2079 Καταϐἀς
3129 2013 3335 2089 ὄψομαι
3374 2036 3385 2048 ’
3440 2018 3525 2071 καὶ
3573 2018 3634 2071 τό
3669 2038 3683 2052 ο
3736 2016 3830 2070 Κύ-

2192 2122 2306 2177 ριος
2364 2100 2591 2170 ἐξετάζει
2643 2104 2733 2157 τὸν
2796 2101 3002 2159 δίκαιον
3058 2106 3147 2159 καὶ
3228 2106 3318 2159 τὸν
3392 2100 3581 2175 ἀσεϐῆ.
3640 2108 3828 2161 ’Ἂτινα

2192 2190 2280 2244 καὶ
2347 2191 2523 2263 μέσως
2584 2188 2772 2265 ἔχουσι
2830 2198 2938 2247 τῶν
2986 2214 3041 2248 τε
3076 2199 3180 2265 θεῷ
3210 2191 3525 2266 πρεπόντων
3582 2195 3673 2248 καὶ
3730 2199 3831 2249 τῶν

2191 2278 2365 2348 πάντη
2426 2278 2780 2356 ἀπεμφαίνειν
2840 2278 3172 2349 δοκούντων,
3220 2282 3460 2336 τουτέστι
3519 2283 3830 2354 ὁμοιώσεως

2193 2368 2396 2440 θηρίων
2452 2368 2541 2421 καὶ
2585 2367 2725 2422 ὑλῶν
2774 2369 3017 2445 ἀψύχων.
3050 2370 3455 2444 Ὑπερκοσμίως
3507 2367 3563 2425 δὲ
3618 2371 3708 2425 καὶ
3757 2391 3826 2424 τι·

2194 2454 2586 2530 λεσιουργικῶς
2644 2478 2773 2534 φησι
2832 2458 2924 2519 τὰς
2982 2458 3132 2533 λόγῳ
3189 2459 3279 2512 καὶ
3330 2459 3481 2531 μόνῳ
3528 2458 3831 2533 βουλήματι

2191 2543 2668 2620 παραδοξοποιίας.
2730 2546 2952 2619 Νόμους
3011 2545 3068 2601 δὲ
3146 2548 3524 2624 φαινομένους,
3583 2549 3656 2609 ὡς
3712 2548 3825 2603 ὅταν

2192 2633 2493 2709 ἀπολογίας
2537 2636 2678 2705 ἀξιοῖ
2723 2636 2819 2704 τὴν
2872 2635 2922 2690 ἐν
2974 2636 3166 2709 ἐρήμῳ
3211 2638 3515 2712 βιασθεῖσαν
3548 2637 3825 2711 παρθένον,

2190 2724 2277 2777 καὶ
2333 2725 2399 2778 τὰ
2457 2723 2644 2796 ὅμοια.
2679 2725 2923 2801 Ἀφανεῖς
2977 2722 3034 2778 δὲ
3082 2724 3336 2798 θεσμοὺς,
3371 2728 3485 2779 οἷον
3522 2744 3534 2756 ·
3567 2726 3673 2781 Τὸν
3723 2727 3823 2781 Ἰα-

2188 2808 2305 2867 κὼϐ
2366 2813 2648 2887 ἠγάπησα,
2708 2814 2799 2867 τὸν
2855 2810 2912 2867 δὶ
2969 2814 3133 2869 Ἠσαῦ
3218 2812 3473 2886 ἐμίσησα,
3531 2814 3620 2868 καὶ
3677 2811 3824 2891 έτιρα

2186 2905 2427 2957 τοιαῦτα.
2465 2903 2550 2974 [ζ’]
2585 2900 2955 2975 Πολυτρόπως
3009 2899 3065 2956 δὲ
3110 2899 3210 2979 ἔφη
3264 2904 3291 2956 ὁ
3338 2904 3546 2977 Πατὴρ,
3582 2900 3719 2958 διότι
3764 2904 3822 2958 τὰ

2194 2992 2287 3063 μὲν
2320 2986 2697 3063 συμϐολικῶς,
2730 2990 2793 3045 τὰ
2830 2988 2887 3046 δὶ
2919 2990 3204 3067 ἄχράντως
3234 2991 3324 3045 καὶ
3384 2992 3759 3066 ὑπερκοσμίως
3787 2996 3817 3062 ἡ

2190 3080 2375 3155 Γραφή
2407 3099 2514 3153 παρ
2524 3076 2781 3135 αδέδωκε.

2256 3342 2335 3396 Τὰ
2384 3342 2477 3415 μὲν
2538 3342 2859 3406 πολιτικῶς.
2914 3349 3020 3413 Τῆς
3079 3342 3403 3421 φιλοσοφίας
3456 3346 3518 3400 τὸ
3581 3348 3673 3419 μὲν
3724 3344 3824 3400 ἔστι

2185 3430 2503 3503 πρακτικὸν,
2524 3431 2586 3484 τὸ
2618 3428 2675 3485 δὶ
2723 3430 3077 3506 θεωρητικόν.
3110 3432 3207 3487 Καὶ
3256 3438 3357 3488 τοῦ
3408 3435 3501 3507 μὶν
3534 3438 3823 3509 πρακτικοῦ

2186 3519 2246 3572 τὸ
2281 3519 2373 3590 μὲν
2409 3516 2518 3573 ἔστι
2550 3520 2744 3589 κοινὸν,
2761 3520 2789 3574 ’ὸ
2811 3521 2898 3575 xui
2930 3520 3214 3576 πολιτικὸν
3237 3520 3507 3595 καλεῖται,
3523 3526 3642 3578 οἷον
3662 3525 3724 3578 τὸ
3742 3543 3823 3577 νο-

2189 3607 2471 3680 μοθετικόν
2505 3627 2517 3641 ·
2548 3610 2611 3663 τὸ
2644 3606 2701 3663 δὶ
2732 3606 2888 3679 ἴδιον,
2922 3611 3037 3665 οἷον
3067 3610 3128 3666 τὸ
3156 3611 3371 3681 ἠθικόν.
3405 3611 3586 3669 Μέσον
3621 3609 3677 3667 δὶ
3700 3633 3822 3687 πρα-

2183 3700 2369 3750 κτικοῦ
2398 3697 2460 3751 τὸ
2500 3695 2939 3769 οἱκονομητικόν.
2974 3701 3086 3755 Τοῦ
3132 3697 3190 3753 δὲ
3237 3702 3576 3775 θεωρητικοῦ
3624 3702 3684 3755 τὸ
3732 3701 3819 3773 μὲν

2184 3784 2494 3858 ὠνόμασται
2528 3786 2770 3864 φυσικὸν,
2802 3786 2864 3840 τὸ
2894 3785 2948 3841 ἐν
2981 3786 3261 3858 αῗσθητοῖς
3306 3788 3398 3842 καὶ
3433 3784 3820 3861 μεταϐλητοῖς,

2128 3870 2129 3873 “
2183 3875 2211 3928 ὃ
2240 3875 2329 3927 xui
2360 3875 2764 3950 κοσμολογικόν
2796 3874 2907 3930 ἐστι
2946 3894 2960 3910 ⁸
2985 3876 3048 3930 τὸ
3080 3873 3136 3930 δὲ
3166 3875 3459 3932 ἐποπτικὸν
3511 3878 3598 3932 καὶ
3636 3877 3821 3941 θεολο-

2181 3962 2357 4035 γικὸν,
2388 3964 2449 4017 τὸ
2502 3962 2553 4018 ἐν
2612 3969 2830 4034 νοητοῖς
2879 3964 2970 4018 καὶ
3019 3962 3238 4027 ἀϊδίοις.
3268 3970 3447 4020 Ταῦτα
3495 3963 3585 4020 νῦν
3620 3964 3819 4038 ἐξέθετο

2181 4048 2231 4102 έν
2288 4050 2525 4114 τούτοις,
2558 4055 2734 4107 Μέσοι
2789 4050 2847 4107 δὲ
2896 4057 2992 4107 τοῦ
3025 4055 3361 4125 θεωρητικοῦ
3404 4054 3466 4108 τὸ
3515 4053 3566 4108 ἐν
3628 4051 3819 4115 ἀϊδίοις

2178 4138 2268 4191 καὶ
2316 4139 2619 4209 αἰσθητοῖς,
2653 4141 2783 4215 ὅπερ
2841 4140 2979 4196 ἐστὶν
3042 4141 3437 4217 ἀστρονομικὸν
3496 4143 3588 4196 καὶ
3655 4144 3821 4215 μαθη-

2182 4227 2405 4297 ματικόν
2440 4247 2453 4261 ·
2490 4228 2621 4304 ὅπερ
2670 4233 2704 4299 ἡ
2760 4232 2851 4303 μὲν
2888 4233 3071 4307 Γραφὴ
3116 4230 3177 4286 οὐ
3210 4230 3376 4308 λέγει,
3410 4232 3462 4285 οἱ
3493 4231 3550 4286 ὃὶ
3580 4226 3819 4305 Ἑϐραῖοι

2177 4313 2227 4369 ἰν
2260 4319 2337 4387 τῷ
2368 4319 2768 4393 Δευτερονομίῳ
2795 4318 3041 4396 ἔχουσιν.

2245 4586 2325 4658 [η]
2376 4585 2453 4643 Οὖ
2505 4584 2606 4661 γὰρ
2662 4583 2903 4659 ἱστορίαν
2957 4584 3145 4657 ψιλήν.
3179 4588 3300 4643 ’Ότι
3352 4586 3419 4642 τὰ
3466 4582 3818 4660 συμϐολικῶς

2163 4669 2286 4740 ἤτοι
2319 4675 2607 4749 ἱπορικῶς
2634 4677 2702 4746 τῇ
2737 4679 2921 4752 Γραφῇ
2956 4674 3216 4747 εἰρημένα
3248 4674 3355 4750 οὐχ
3405 4674 3652 4750 ἱστορίαν
3702 4674 3812 4751 ἔχει

2164 4760 2357 4833 ψιλὴν,
2385 4762 2531 4817 ἀλλά
2564 4764 2798 4831 ζωτικὴν
2827 4760 3123 4819 τελείωσίν.
3162 4764 3403 4832 Ζωτικήν
3447 4761 3504 4817 δὲ
3532 4763 3810 4819 τελείωσιν

2166 4848 2309 4925 λέγει
2368 4852 2428 4904 τὸ
2484 4851 2681 4904 σκοπὸν
2745 4854 2879 4905 εἴναι
2938 4857 3053 4913 τοῖς
3086 4852 3257 4926 ἁγίοις
3285 4849 3374 4906 διὰ
3420 4856 3527 4906 τῶν
3590 4856 3807 4927 Γραφιῖρν

2162 4940 2301 5012 πρὸς
2351 4940 2448 5007 τήν
2500 4939 2724 4993 αἷώνιον
2779 4940 2921 5008 ζωὴν
2962 4939 3302 5004 τελειοῦσθαι
3330 4940 3455 5003 τοὺς
3490 4938 3809 5014 διδασκομέ·

2162 5048 2307 5089 νους.
2342 5029 2521 5083 Ταῦτα
2574 5024 2631 5081 δέ
2688 5049 2842 5104 φησι,
2899 5024 3107 5090 δεικνὺς
3170 5029 3468 5105 ἀναγκαίως
3522 5032 3623 5099 τήν
3681 5029 3803 5084 ἀνα·

2161 5118 2349 5191 γωγὴν
2381 5116 2471 5171 καὶ
2504 5116 2845 5191 ἀλληγορίαν
2877 5112 3417 5192 παραλαμϐάνεσθαι.

1592 5377 1667 5449 (α)
1695 5380 1835 5434 Gen.
1870 5396 1945 5447 ιν,
1976 5381 2030 5437 9.

2218 5384 2360 5440 Gen.
2394 5400 2553 5455 xvm,
2580 5384 2668 5439 21.
2747 5382 2816 5454 (c)
2850 5380 3001 5439 Psal.
3036 5400 3090 5451 ι,
3117 5385 3172 5439 6.
3249 5385 3329 5458 (d)
3359 5385 3527 5444 Rom.
3560 5405 3637 5459 Ix,
3672 5387 3751 5445 13.

1400 5569 1639 5628 νΑΒΙίΕ
1676 5572 2063 5633 LECTIONES
2101 5576 2191 5635 ET
2236 5578 2763 5638 CORREGTIONES

458 5663 502 5698 ⁸³
532 5661 637 5718 ὅτι.
