4020 6358
163 396 273 453 569

234 520 607 593 Ἱεροπρεπῶς
708 511 1040 572 διαϐαίνειν.

165 606 255 659 καὶ
291 601 636 673 διαϐάλλειν,
667 605 695 658 ὃ
726 604 865 659 ἐστιν
907 599 1178 661 εἰσϐαλεῖν
1227 606 1317 660 καὶ
1364 604 1647 671 εἰσελθεῖν,
1699 602 1827 658 εἷ’σω

162 715 222 749 τε
283 696 537 769 γενέσθαι
568 698 664 747 τοῦ
714 694 1049 769 πράγματος
1113 694 1255 749 οὕτω
1299 694 1429 771 φησὶ
1491 694 1580 748 καὶ
1641 702 1826 768 Διογε-

167 782 377 843 νιανὸς.

238 872 325 927 Τά
361 871 656 944 ὑπερούσια
695 875 868 944 φῶτα.
908 872 1224 946 Ὑπερούσια
1272 876 1444 948 φῶτα,
1492 870 1583 924 καὶ
1632 869 1826 939 νοητὰ,

165 960 257 1013 καὶ
291 962 435 1029 θεῖα,
463 960 562 1027 τὴν
596 960 975 1034 πανάχραντον
1009 962 1097 1014 καὶ
1130 961 1391 1034 παναγίαν
1437 956 1644 1034 Τριάδα
1670 958 1822 1035 φησί·

165 1047 401 1117 νοητοὺς
436 1044 494 1102 δὲ
528 1047 790 1122 ἀγγέλους
817 1048 943 1111 τοὺς
993 1044 1557 1123 ὑπεραναϐεϐηκότας.
1608 1049 1715 1115 Τήν
1770 1044 1828 1100 δὲ

168 1134 435 1213 διαφορὰν
486 1136 689 1190 τούτων
741 1138 1203 1212 παρατεθείκαμεν
1258 1136 1307 1191 ἐν
1359 1138 1438 1209 τῷ
1489 1136 1618 1211 Περὶ
1670 1135 1823 1199 θείων

168 1224 460 1296 ὀνομάτων
492 1223 735 1287 τελείως.

237 1315 390 1367 Κατὰ
419 1318 529 1368 τῶν
561 1317 771 1383 νοητῶν
804 1315 969 1369 αὐτοῦ
998 1319 1291 1391 προνοιῶν.
1327 1315 1447 1371 Ἐπὶ
1488 1316 1582 1387 μὶν
1624 1334 1826 1388 προνο-

171 1406 287 1471 ιῶν,
323 1402 403 1464 ὡς
429 1403 492 1457 τὸ
525 1400 577 1456 ἐν
610 1401 997 1478 Εὗαγγελίοις’
1034 1408 1146 1479 Πῦρ
1178 1401 1351 1472 ἦλθον
1386 1402 1569 1478 βαλεῖν
1614 1400 1701 1456 ἐπὶ
1730 1403 1829 1470 τήν

164 1498 289 1566 γῆν
328 1490 518 1565 λόγων
552 1488 630 1558 δὲ,
666 1492 738 1552 ὡς
787 1492 934 1567 παρὰ
963 1497 1041 1564 τῷ
1072 1492 1325 1566 Ἱερεμίᾳ*
1362 1492 1485 1565 Οὐχ
1542 1490 1714 1552 οὕτως
1776 1492 1827 1544 οἱ

166 1577 323 1654 λόγοι
362 1601 471 1652 μου
503 1579 684 1656 ὥσπερ
720 1585 850 1654 πῦρ,
885 1581 1030 1655 λέγει
1058 1580 1299 1656 Κύριος;
1351 1581 1469 1647 Τὴν
1499 1585 1597 1635 τοῦ
1655 1578 1826 1653 πυρὸς

170 1666 261 1722 οὖν
294 1667 485 1722 εἷ’κόνα
513 1666 769 1737 δηλονότι
802 1668 890 1723 ἐπὶ
921 1673 1017 1723 τοῦ
1044 1673 1178 1723 Θεοῦ
1211 1669 1395 1730 ἄλλως
1430 1666 1511 1723 δεῖ
1554 1664 1826 1735 ἐκλαϐεῖν,

168 1757 256 1811 καὶ
290 1756 490 1819 ἄλλως
521 1757 609 1811 ἐπὶ
637 1762 743 1812 τῶν
768 1762 1006 1831 νοητῶν,
1033 1757 1280 1833 ἀγγέλων
1306 1756 1562 1828 δηλονότι
1589 1758 1675 1811 καὶ
1700 1778 1830 1831 προ-

168 1851 332 1900 νοιῶν
373 1851 508 1901 Θεοῦ
539 1847 626 1902 καὶ
661 1846 861 1922 λόγων.

1130 400 1187 449 S.
1227 399 1496 452 MAXIMI
1533 397 1838 451 SCHOLIA
1872 399 1946 451 IN
1985 398 2142 451 ΕΡΡ.
2181 400 2240 452 Β.
2280 397 2616 452 DIONYSII.

1153 512 1456 571 Διαϐαίνειν
1562 518 1814 591 γρᾶφεται

2008 518 2173 574 Sacro
2197 519 2351 574 modo
2382 527 2684 589 penetrare.
2718 512 3039 589 Διαϐαίνειν,
3072 520 3188 576 alia
3212 519 3379 576 lectio
3409 520 3585 576 habet

3476 400 3586 454 570

1938 600 2277 675 διαϐάλλειν,
2310 608 2365 661 id
2398 613 2488 663 est
2521 608 2746 679 ingredi
2777 613 2834 664 et
2865 609 3101 676 intrare,
3150 614 3205 665 et
3252 609 3410 665 intra
3458 624 3582 664 rem

1935 695 2124 767 ipsam
2159 713 2320 763 esse;
2354 698 2438 751 uti
2470 698 2646 752 etiam
2679 697 3073 769 Diogenianus
3105 699 3205 753 ait.

2008 874 2477 945 Supernaturalia
2500 876 2734 930 lumina.
2770 876 3369 945 Supersubstantialia
3398 881 3454 931 et
3482 876 3582 931 in—

1935 962 2234 1018 tellectilia
2265 981 2331 1019 ac
2363 963 2561 1018 divina
2607 963 2833 1020 lumina
2882 974 3047 1020 vocat
3096 964 3473 1036 purissimam
3526 968 3584 1020 et

1936 1053 2376 1108 sanctissimam
2400 1053 3104 1124 Trinitatem,supcriores
3126 1060 3319 1109 autem
3346 1054 3584 1125 angelos

1935 1148 2101 1197 vocat
2130 1142 2523 1197 intellectiles.
2558 1142 2773 1199 Horum
2807 1149 3001 1198 autem
3034 1144 3425 1199 differentiam
3457 1160 3585 1214 per-

1937 1232 2083 1286 fecte
2113 1231 2543 1302 assignavimus
2569 1232 2628 1285 in
2661 1232 2809 1287 libro
2840 1235 2911 1287 De
2940 1232 3147 1287 divinis
3174 1233 3511 1288 nominibus.

2012 1325 2086 1375 De
2118 1321 2535 1376 intellectitibus
2564 1322 2684 1391 ejus
2712 1322 3095 1392 providentiis.
3145 1326 3222 1376 De
3272 1322 3585 1393 providen-

1936 1407 2034 1462 tiis
2089 1409 2349 1479 quidem,
2401 1414 2464 1463 ut
2502 1409 2561 1463 in
2594 1409 2919 1479 Evangeliis
2954 1427 2966 1466 :
3003 1415 3189 1480 Ignem
3221 1413 3344 1465 veni
3367 1410 3588 1466 mittere

1937 1498 1999 1552 in
2029 1505 2237 1552 terram
2270 1499 2360 1569 (e).
2395 1498 2474 1553 De
2505 1499 2877 1554 sermonibus
2904 1516 3060 1567 vero,
3111 1503 3175 1553 ut
3219 1500 3374 1570 apud
3422 1500 3586 1554 Jere-

1940 1587 2117 1641 miam
2149 1604 2161 1641 :
2198 1587 2460 1658 Nunquid
2488 1605 2597 1643 non
2645 1589 2809 1645 verba
2852 1606 2975 1644 mea
3024 1590 3183 1660 quasi
3234 1589 3400 1656 ignis,
3451 1587 3587 1642 dicit

1938 1676 2201 1729 Dominus
2227 1675 2335 1747 (l)?
2364 1677 2686 1748 Imaginem
2716 1678 2893 1749 igitur
2921 1677 3073 1749 ignis
3102 1693 3217 1747 v.g.
3238 1676 3295 1730 in
3335 1678 3444 1731 Deo
3477 1675 3581 1730 ali-

1937 1769 2027 1818 ter
2052 1764 2311 1836 accipere
2346 1770 2589 1835 oportet,
2622 1771 2677 1821 et
2707 1767 2874 1821 aliter
2906 1766 2961 1820 in
2995 1765 3435 1821 intellectilibus
3467 1764 3585 1820 sive

1940 1852 2185 1923 angelis,
2218 1870 2282 1907 ac
2314 1853 2415 1908 Dei
2444 1855 2826 1925 providentiis
2858 1872 2924 1909 ac
2954 1855 3349 1910 sermonibus.

742 1901 752 1922 I
850 1901 859 1903 ν

239 1936 350 1990 Καὶ
411 1937 513 2004 τήν
572 1936 668 2007 μὶν
727 1937 844 1991 κατ’
897 1936 1091 1992 αἰτίαν.
1151 1937 1264 2005 Τὴν
1304 1940 1400 1989 τοῦ
1453 1937 1625 2009 πυρὸς
1654 1934 1814 1989 εἰκόνι

1941 1901 2011 1907 __
2062 1901 2185 1922 ---η
2220 1901 2279 1907 _-
2314 1901 2415 1908 _--
2487 1901 2825 1909 --.ην---.η
2858 1901 2922 1909 ..-
2954 1901 3349 1910 ..πωπω-η

2011 1901 2181 2012 fitque
2210 1942 2368 1996 illam
2396 1901 2611 2013 quidem
2640 1944 2932 1997 secundum
2963 1959 3205 2001 causam.
3255 1943 3357 1996 Illa
3407 1940 3587 2011 igitur

171 2024 287 2077 κατ’
314 2022 523 2091 αἰτίαν,
558 2021 773 2093 δηλαδή
809 2023 894 2078 ἐπὶ
918 2028 1023 2077 τῶν
1050 2023 1248 2099 λογίων
1278 2023 1498 2088 Κυρίου·
1521 2024 1619 2091 τήν
1641 2021 1697 2077 δὲ
1717 2012 1837 2077 καθ’

174 2112 407 2187 ὕπαρξιν
442 2113 529 2166 ἐπὶ
556 2116 715 2167 Θεοῦ·
746 2114 845 2182 τήν
876 2109 933 2167 δὲ
958 2115 1093 2167 κατὰ
1125 2112 1331 2185 μέθεξιν
1380 2112 1466 2166 ἐπὶ
1515 2117 1620 2166 τῶν
1668 2111 1831 2186 ἀγγέαι

169 2198 300 2254 λων.
342 2201 425 2257 Τὸ
460 2198 517 2254 δὶ
546 2202 661 2255 καθ’
692 2202 914 2274 ὕπαρξιν
941 2200 1036 2255 τοῦ
1066 2202 1202 2255 κατὰ
1234 2200 1438 2273 μέθεξιν
1487 2198 1724 2275 διαφέρει
1774 2198 1825 2253 ἐν

163 2287 411 2350 τούτοις⁸
464 2289 527 2343 τὸ
583 2290 676 2362 μὲν
716 2291 816 2363 γὰρ
850 2287 1018 2359 δηλοῖ
1046 2289 1228 2343 οὐσίαν
1262 2291 1381 2353 καθ’
1414 2290 1605 2357 ἑαυτὴν
1641 2290 1823 2359 οὖσαν,

159 2379 245 2432 καὶ
274 2378 600 2434 ἐπείσακτον
635 2375 866 2454 ἔχουσαν
916 2380 980 2434 τὸ
1038 2377 1293 2449 θεοειδὲς,
1348 2380 1528 2455 ὥσπερ
1573 2378 1659 2434 ἐπὶ
1714 2383 1820 2433 τῶν

158 2465 437 2543 ἀγγέλωνι
464 2470 526 2523 τὸ
559 2466 617 2523 δὲ
647 2470 763 2533 καθ’
793 2469 1013 2543 ὕπαρξιν
1044 2476 1289 2545 πρᾶγμα,
1333 2468 1368 2539 ἢ
1404 2470 1603 2545 Λόγιον
1654 2476 1819 2542 θεῖον,

154 2558 441 2612 τουτέστιν
474 2557 533 2612 ἐκ
561 2563 695 2613 Θεοῦ
721 2561 1020 2633 προαχθέν.

1940 2028 2257 2101 imaginem
2290 2032 2613 2085 secundum
2648 2048 2885 2086 causam
2920 2031 3308 2097 nimirum,de
3337 2028 3587 2101 eloquiis

1945 2118 2192 2186 Domini;
2222 2119 2380 2174 illam
2404 2137 2536 2174 vero
2560 2121 2884 2175 secundum
2910 2120 3308 2174 exsistentiam
3344 2119 3414 2173 de
3444 2118 3583 2185 Deo;

1940 2206 2097 2261 illam
2133 2208 2385 2278 denique
2412 2210 2738 2264 secundum
2767 2209 3369 2279 participationem.de
3402 2222 3585 2278 ange-

1934 2294 2007 2349 lis
2038 2296 2275 2367 (dictam
2308 2298 2476 2367 esse).
2514 2298 2658 2352 Illud
2692 2303 2907 2363 autem,
2938 2298 3091 2368 quod
3125 2302 3217 2351 est
3255 2296 3582 2351 secundum

1933 2384 2352 2452 exsistentiam,
2374 2385 2565 2440 differt
2596 2386 2665 2441 ab
2698 2402 2762 2440 eo
2795 2387 2945 2455 quod
2977 2389 3067 2440 est
3098 2384 3417 2439 secundum
3448 2399 3582 2453 par-

1930 2472 2354 2544 ticipationem,
2388 2474 2445 2528 in
2478 2474 2592 2543 bis,
2628 2474 2780 2545 quod
2815 2474 3090 2528 nimirum
3142 2472 3285 2527 illud
3336 2471 3575 2541 quidem

1928 2562 2194 2634 designet
2224 2564 2617 2617 substantiam
2651 2579 2751 2633 per
2780 2580 2842 2617 se
2873 2565 3272 2627 exsistentem,
3293 2562 3394 2616 sed
3426 2559 3573 2615 asci-

162 2646 359 2702 titiam
387 2648 542 2703 329
576 2647 889 2703 habentem
921 2648 1374 2717 deformitatem,
1407 2653 1472 2703 ut
1500 2649 1560 2703 in
1592 2648 1851 2720 angelis;
1886 2647 1994 2705 hoc
2026 2667 2157 2706 vero
2195 2667 2315 2705 rem
2367 2650 2556 2722 ipsam
2612 2652 2936 2707 secundum
2987 2651 3403 2720 substantiam,
3454 2648 3576 2703 sive

156 2736 424 2791 Verbum
458 2737 747 2806 divinum,
779 2737 838 2792 id
870 2742 959 2793 est
989 2755 1022 2793 a
1054 2738 1168 2792 Deo
1200 2739 1571 2809 productum.

218 2840 311 2901 Ὠς
353 2841 388 2908 ἡ
416 2841 533 2894 κατ’
564 2841 700 2898 αὐτὰ
730 2840 950 2916 θεωρία.
1005 2843 1131 2897 ’Ότι
1181 2842 1317 2916 πρὸς
1362 2843 1429 2895 τὰ
1486 2842 1819 2915 ὑποκείμενα

150 2927 235 2980 καὶ
270 2928 336 2981 οἳ
366 2925 530 2981 τύπαι
560 2932 834 2997 νοοῦνται,
866 2927 962 2983 κᾶν
993 2930 1044 2983 οἱ
1075 2929 1231 2983 αὐτοὶ
1264 2927 1412 2985 ὦσιν.

223 3105 353 3182 Ὑφ’
404 3106 553 3177 ὑμῶν
604 3107 872 3176 ζήτησιν.
915 3105 1115 3163 Ἦλθεν
1172 3105 1247 3169 εἰς
1300 3105 1565 3182 ἐρώτησιν
1618 3107 1708 3161 καὶ
1754 3110 1817 3163 τὸ

156 3197 258 3248 τῶν
294 3196 627 3268 Παροιμιῶν
658 3188 984 3271 πρόϐλημα,
1010 3193 1100 3249 καί
1160 3216 1291 3268 φησι
1350 3196 1475 3270 περὶ
1534 3192 1816 3268 δυνάμεως

147 3288 385 3359 τροφῆς.

2004 2847 2066 2901 Ut
2103 2847 2411 2902 secundum
2437 2849 2559 2918 ipsa
2586 2847 3008 2918 contemplatio.
3041 2846 3327 2910 Quoniam
3362 2860 3573 2901 secun-

1927 2934 2070 2988 dum
2102 2936 2366 3005 subjecta
2395 2936 2572 2991 etiam
2602 2936 2803 3007 figurae
2836 2935 3266 3007 intelliguntur,
3306 2932 3575 3006 quamvis

1927 3024 2131 3078 eadem
2164 3024 2303 3080 sint.

1996 3114 2036 3167 A
2058 3112 2215 3168 nobis
2236 3112 2615 3183 quaestionem.
2632 3116 2883 3169 Venerat
2907 3113 3085 3169 etiam
3109 3113 3168 3167 in
3192 3111 3573 3183 quaestionem

1926 3200 2226 3271 proposito
2260 3202 2527 3272 quadam
2558 3218 2588 3257 e
2617 3202 2964 3271 Proverbiis,
2984 3201 3087 3258 ubi
3118 3202 3188 3257 de
3220 3200 3334 3257 cibi
3361 3200 3578 3257 virtute

1927 3288 2071 3359 agit.

215 3372 342 3439 Τὴν
377 3368 436 3425 δὲ
468 3370 656 3445 ὑγράν.
682 3371 999 3446 Σημείωσαι
1021 3369 1187 3427 ὅτιτὸ
1209 3372 1380 3428 πίνειν
1410 3372 1575 3448 ὑγρὰν
1603 3373 1811 3450 τροφὴν

1998 3378 2293 3449 Liquidum
2324 3394 2468 3435 vero.
2503 3379 2672 3445 Nota,
2705 3378 2901 3451 ipsum
2934 3382 3139 3451 potum
3166 3378 3460 3450 liquidum
3490 3378 3576 3435 ci-

157 3455 405 3513 ἐκάλεσε.

218 3547 452 3621 Κρατήρ
512 3550 836 3624 περιφερής.
898 3546 1107 3623 Θεωρία
1136 3553 1233 3603 τοῦ
1288 3556 1565 3626 κρατῆρος
1591 3550 1681 3605 καὶ
1708 3557 1808 3621 τῆς

154 3634 321 3689 αὐτοῦ
351 3636 723 3714 περιφερείας.

219 3724 503 3797 Ἀνάρχου
562 3724 651 3779 καὶ
711 3725 1113 3797 ἀτελευτήτου.
1183 3727 1459 3801 ’Ἃναρχόν
1526 3748 1659 3801 φησι
1714 3732 1811 3782 τοῦ

158 3816 289 3866 Θεοῦ
317 3814 418 3882 τὴν
451 3813 734 3883 πρόνοιαν,
768 3815 876 3890 οὐχ
934 3814 1018 3871 ὅτι
1068 3821 1178 3871 τῶν
1229 3812 1397 3871 ὄντων
1431 3818 1504 3879 ὡς
1528 3818 1813 3893 συνάρχων

157 3899 405 3973 προενόει
436 3900 572 3954 κατά
608 3900 735 3963 τοὺς
774 3902 1132 3979 ἀφραίνοντας
1182 3903 1271 3959 καὶ
1321 3902 1605 3979 λέγοντας,
1665 3906 1813 3977 Ἀμα

160 3987 310 4069 Θεὸς,
361 3988 476 4059 ἅμα
503 3990 695 4043 πάντα·
731 3986 858 4043 ἀλλ’
889 3989 971 4045 ὅτι
1019 3992 1107 4046 καὶ
1150 3993 1275 4068 πρὶν
1317 3993 1345 4062 ἢ
1401 3998 1717 4069 πραχθῆναι
1746 3994 1814 4047 τὰ

156 4068 281 4127 ὄντα
341 4074 400 4129 ἐν
445 4081 565 4137 ταῖς
623 4074 811 4145 ἰδέαις,
860 4075 984 4148 ἤτοι
1041 4078 1445 4155 παραδείγμασι
1501 4085 1598 4136 τοῦ
1655 4084 1811 4153 Θεοῦ,

153 4163 427 4217 τουτέστιν
462 4162 513 4217 ἐν
542 4170 662 4227 ταῖς
691 4162 885 4225 ἀϊδίοις
944 4167 1108 4222 αὐτοῦ
1156 4171 1407 4239 νοήσεσιν
1462 4168 1544 4243 (ἂς
1582 4191 1812 4247 προορι-

158 4249 323 4321 εμοὺς
358 4250 645 4323 ὀνομάζειν
675 4253 767 4307 τὸν
799 4254 939 4308 θεῖον
976 4254 1192 4313 Παῦλον
1241 4256 1295 4312 ἐν
1342 4262 1420 4329 τῷ
1469 4260 1598 4332 Περὶ
1654 4259 1808 4313 θείων

158 4336 444 4411 ὀνομάτων
497 4337 748 4417 ἔφημεν),
809 4343 927 4406 καθ’
984 4342 1045 4405 ἃς
1101 4342 1245 4406 ἰδέας
1305 4345 1394 4399 καὶ
1450 4348 1667 4416 νοήσεις
1715 4352 1811 4401 τοῦ

157 4429 287 4480 Θεοῦ
315 4426 386 4481 τὰ
437 4425 711 4500 μέλλοντα
752 4431 1079 4507 παράγεσθαι
1127 4432 1567 4508 προετετύπωτο,
1625 4434 1714 4489 καὶ
1772 4437 1806 4505 ἡ

161 4514 390 4586 πρόνοια
442 4520 539 4570 τοῦ
597 4521 732 4572 Θεοῦ
771 4517 1027 4594 ἆνάρχως
1073 4525 1403 4597 προϋπῆρχε
1459 4524 1637 4593 πάσης
1692 4522 1809 4577 κτί-

160 4622 312 4665 σεως.
346 4606 618 4679 Προνοίας
666 4606 768 4681 γὰρ
819 4606 961 4670 θείας
1009 4609 1099 4680 ἦν,
1130 4606 1254 4678 ἤτοι
1284 4612 1712 4684 προεννοήσεως,
1743 4612 1806 4665 τὸ

162 4689 447 4763 βούλεσθαι
495 4700 827 4769 παραγαγεῖν
880 4697 1051 4752 κτίσιν
1082 4699 1182 4767 τήν
1232 4697 1644 4754 ἀπολαύσουσαν
1703 4707 1804 4770 τῆς
1835 4741 1883 4805 D

162 4789 523 4805 _--i.-r,__“,~,
564 4782 718 4805 ..νίκη
774 4783 787 4805 7
868 4784 927 4805 ΔΙ
1162 4789 1204 4805 11
1288 4788 1302 4805 \
1418 4794 1444 4803 η-
1594 4788 1622 4805 ν
1790 4791 1801 4805 \

158 4789 525 4852 προνοητικῆς
556 4782 721 4837 αὐτοῦ
763 4783 1116 4859 ἀγαθότητος.
1160 4788 1311 4843 Κατὰ
1351 4794 1511 4843 τοῦτο
1562 4788 1653 4843 οὖν
1714 4791 1803 4844 καὶ

159 4865 510 4940 ἀτελεύτητος
559 4873 593 4940 ἡ
644 4873 878 4947 πρόνοια
943 4873 1161 4949 Λέγεται
1204 4876 1279 4939 εἰς
1325 4876 1454 4939 τοὺς
1506 4879 1801 4942 ἀθανάτους

156 4954 408 5040 ἀγγέλους
436 4959 527 5014 καὶ
556 4960 685 5024 τοὺς
713 4961 1388 5039 ἀπαθανατισθησομένους
1414 4969 1583 5040 ἡμᾶς,
1616 4968 1706 5022 καὶ
1735 4968 1802 5022 τὰ

156 5039 224 5097 δι’
270 5050 418 5121 ἡμᾶς
438 5048 611 5124 ἀγαθὰ
638 5048 897 5124 ἐσομένη.
1462 5039 1466 5040 7
1570 5039 1575 5040 ⁷
1726 5073 1735 5081 ‘

222 5225 607 5301 Οἷκοδομοῦσα
636 5226 694 5283 δὶ
721 5228 810 5283 καὶ
842 5231 876 5299 ἡ
906 5230 1083 5309 σοφία.
1116 5231 1182 5289 Τί
1213 5231 1321 5288 ἐστι
1367 5233 1429 5288 τὸ
1488 5232 1797 5308 οἰκοδομεῖν

151 5313 245 5401 τὴν
269 5314 457 5401 σοφίαν
489 5317 651 5391 ἑαυτῇ
684 5318 851 5389 οἷκον,
885 5317 975 5373 καὶ
1006 5320 1058 5375 ἐν
1090 5321 1228 5396 αὐτῇ
1269 5320 1574 5398 ἑτοιμάζειν
1606 5322 1639 5378 ἃ
1668 5322 1792 5401 ἔφη,

157 5400 246 5455 καὶ
272 5397 370 5476 ἔξω
402 5402 534 5460 εἶναι
558 5403 746 5478 αὐτοῦ,
776 5405 866 5461 καὶ
899 5404 951 5463 ἐν
980 5406 1147 5481 αὐτῷ.

242 5703 312 5776 (ε)
340 5705 478 5765 an.
502 5720 609 5781 xu,
636 5706 727 5766 49.
804 5708 873 5784 (f)
899 5711 1019 5772 Jer.
1047 5728 1211 5795 um,
1230 5711 1324 5778 29.

1923 3464 2065 3520 bum
2098 3465 2449 3536 appellasse.

1994 3554 2185 3609 Crater
2235 3556 2525 3612 rotundus.
2575 3555 3004 3629 Contemplatio
3037 3555 3299 3623 crateris,
3332 3560 3388 3611 et
3416 3554 3574 3625 ejus-

1921 3641 2055 3698 dem
2086 3641 2589 3700 circumferentia.

1990 3732 2275 3802 Principio
2330 3741 2386 3787 et
2436 3733 2546 3803 fine
2599 3736 2872 3790 carentis.
2930 3732 3208 3803 Principii
3276 3737 3570 3804 expertem

1921 3819 2066 3875 dicit
2095 3819 2196 3875 Dei
2228 3822 2657 3892 providentiam
2687 3840 2802 3879 non
2826 3822 2997 3893 quasi
3029 3820 3204 3877 simul
3228 3837 3361 3876 cum
3396 3820 3572 3876 rebus

1922 3908 2202 3964 exsistere
2230 3908 2543 3981 incipiens,
2576 3911 2724 3983 ipsis
2756 3911 3091 3983 prospiciat,
3111 3911 3283 3980 juxta
3315 3908 3449 3965 illos
3479 3908 3575 3964 in-

1921 4013 2119 4067 sanos,
2152 3997 2251 4069 qui
2284 3999 2490 4054 dicunt
2521 4016 2534 4054 :
2566 3998 2753 4054 Simul
2786 4000 2962 4070 Deus,
2993 3998 3173 4055 simul
3204 3998 3433 4067 omnia;
3468 3998 3571 4052 sed

1923 4086 2062 4156 quia
2092 4086 2445 4157 priusquum
2494 4103 2588 4142 res
2635 4088 3100 4158 producerentur
3146 4087 3206 4142 in
3258 4086 3405 4142 ideis
3450 4086 3572 4142 sive

1922 4173 2356 4245 exemplaribus
2388 4173 2620 4243 divinis,
2653 4174 2711 4228 id
2744 4176 2833 4228 est
2864 4174 2921 4227 in
2954 4173 3189 4228 aeternis
3220 4173 3348 4243 ejus
3380 4172 3568 4229 notio-

1922 4262 2096 4317 nibus
2126 4262 2299 4333 (quas
2328 4262 2395 4318 D.
2438 4261 2685 4316 Paulum
2738 4260 3227 4333 praedefinitiones
3275 4260 3569 4332 appellare

1921 4350 2176 4405 diximus
2207 4351 2266 4404 in
2300 4351 2445 4406 libro
2477 4351 2550 4404 De
2575 4350 2785 4405 divinis
2831 4349 3191 4420 nominibus),
3238 4349 3566 4404 secundum

1921 4454 2069 4510 quas
2095 4439 2255 4494 ideas
2289 4443 2344 4494 et
2373 4438 2643 4495 notiones
2676 4439 2799 4505 Dei,
2832 4456 2925 4494 res
2976 4440 3185 4493 futurae
3228 4439 3353 4509 jam
3403 4440 3571 4492 erant

1919 4527 2323 4597 praeformatas,
2356 4532 2534 4598 atque
2585 4528 2728 4584 adeo
2780 4527 3148 4600 providentia
3194 4526 3295 4582 Dei
3347 4525 3572 4597 absque

1920 4613 2206 4686 principio
2237 4615 2345 4671 fuit
2367 4621 2500 4671 ante
2539 4633 2769 4672 omnem
2805 4620 3155 4672 creaturam.
3189 4614 3568 4672 Providentiae

1919 4704 2075 4759 enim
2110 4704 2319 4759 divinae
2347 4705 2467 4760 sive
2498 4705 2728 4761 consilii
2760 4706 3175 4777 prospicientis
3224 4714 3349 4760 erat
3392 4704 3569 4759 etiam

1915 4792 2061 4848 velle
2093 4794 2409 4863 producere
2431 4798 2780 4859 creaturam,
2806 4794 3137 4864 providenti
3162 4794 3290 4864 ejus
3314 4793 3570 4847 bonitate

1913 4881 2252 4938 fruituram.
2288 4883 2624 4938 Secundum
2651 4882 2761 4937 hoc
2792 4883 3001 4953 utique
3032 4881 3209 4937 etiam
3241 4882 3356 4935 ﬁne
3387 4883 3567 4935 caret.

1913 4970 2017 5027 Vel
2048 4971 2264 5027 dicitur
2294 4970 2663 5042 providentia
2694 4970 2886 5042 quoad
2913 4968 3278 5024 immortales
3307 4965 3567 5038 angelos,

1911 5063 1968 5115 et
1998 5076 2106 5115 nos
2137 5059 2297 5130 ipsos
2328 5059 2773 5115 immortalitate
2803 5058 3132 5126 donandos,
3170 5060 3436 5136 respectu
3465 5056 3567 5121 βου

1917 5164 2127 5203 norum
2161 5165 2286 5219 quae
2319 5153 2557 5221 propter
2587 5164 2693 5203 nos
2725 5152 2918 5203 erunt.

1979 5236 2270 5308 Sapientia
2320 5241 2504 5293 autem
2552 5236 2788 5306 aediﬁcat
2831 5236 2947 5293 sibi
2997 5236 3247 5293 domum.
3301 5238 3450 5303 Quid
3500 5240 3576 5297 sit

1911 5325 2258 5397 sapientiam
2291 5326 2404 5382 sibi
2435 5326 2677 5382 domum
2715 5326 3024 5393 aediﬁcare,
3056 5332 3113 5383 et
3145 5327 3203 5383 in
3236 5328 3365 5400 ipsa
3396 5345 3572 5401 appa-

1910 5430 2037 5470 rere
2064 5430 2191 5487 quae
2222 5414 2504 5486 narravit,
2538 5430 2786 5487 eamque
2816 5419 2874 5473 et
2900 5418 3069 5474 extra
3098 5415 3289 5490 ipsam
3319 5420 3377 5475 et
3413 5417 3570 5475 intra

1906 5501 2098 5574 ipsam
2132 5503 2429 5563 exsistam.
