4020 6358
547 408 651 461 571

1380 404 1745 460 ΔΡΡΕΝΒῙΧ
1784 405 1883 458 ΔΙ)
1921 400 2162 457 OPRRA
2201 397 2260 450 Β.
2300 397 2613 455 DIONYSII
2650 402 3150 459 AREOPAGITE.

3816 409 3902 465 572

619 536 685 586 Et
713 529 775 583 in
804 532 1059 584 nniverso
1089 532 1193 583 est.
1230 532 1303 583 De
1335 528 1445 583 hoc
1495 529 1669 583 etiam
1720 527 1942 581 dictum
1993 528 2083 579 est
2130 522 2188 577 in

2379 521 2473 575 Καὶ
2538 520 2589 574 έν
2644 526 2722 593 τῷ
2772 524 2933 579 παντὶ
2988 524 3242 599 γίγνεται.
3301 526 3429 599 Περὶ
3484 525 3671 580 τούτου
3724 528 3898 603 εἷ’ρηται

548 619 698 674 libro
733 623 809 673 De
837 619 1048 673 divinis
1079 617 1717 687 nominibus,quomodo
1750 621 1863 669 stet
1893 621 1949 669 et
1979 616 2196 668 sedeat.

551 708 885 762 Notandum
915 710 1111 761 autem
1146 706 1341 776 ipsum
1384 706 1477 760 hic
1527 703 1947 776 providentiam
1995 718 2199 758 vocare

551 795 759 849 Deum.

617 903 679 956 In
708 917 764 955 se
788 902 1213 955 excellenterdn
1246 899 1339 953 his
1372 899 1546 954 etiam
1580 898 1723 953 illud
1759 898 2084 953 excellenter
2112 914 2200 952 ac-

547 990 883 1061 cipiendum
919 994 1008 1043 est
1034 1006 1159 1060 pro,
1196 988 1439 1043 minime
1471 989 1785 1059 privanter,
1821 988 1940 1041 sive
1968 1004 2081 1041 non
2115 1003 2199 1041 se-

551 1080 810 1133 cundum
843 1078 1199 1133 exsislentiae
1232 1077 1574 1142 carentium,
1618 1078 1701 1132 uti
1752 1077 2049 1148 proposita
2098 1094 2199 1131 su-

551 1172 815 1223 muntur.

617 1259 691 1311 Et
737 1261 905 1310 stans.
959 1255 1061 1310 Hic
1108 1255 1339 1309 videtur
1380 1255 1523 1309 mihi
1575 1255 1891 1322 declarare,
1941 1255 2077 1327 quid
2128 1255 2200 1310 sit

546 1343 718 1409 ἑστία,
752 1344 807 1398 id
841 1348 931 1398 est
958 1346 1120 1414 quasi
1148 1344 1382 1411 mansio,
1419 1344 1500 1400 ita
1531 1348 1596 1399 ut
1624 1360 1836 1399 nomen
1869 1342 2014 1397 ἱστία
2046 1343 2198 1398 deri-

544 1438 714 1487 vetur
743 1450 776 1487 a
804 1433 977 1487 verbo
1009 1429 1139 1487 ἐστί.

616 1540 675 1592 Et
706 1554 979 1608 nusquam
1009 1542 1167 1592 extra
1204 1554 1280 1593 se.
1334 1537 1477 1592 Cum
1513 1538 1655 1592 illud
1704 1544 1856 1593 stans
1909 1538 2199 1609 acceperit

540 1626 610 1680 de
644 1626 1076 1696 perseverantia
1102 1626 1427 1681 secundum
1462 1626 2191 1695 immutabilitatem,illud

540 1730 596 1768 se
624 1730 842 1770 movens
873 1715 944 1769 de
977 1731 1172 1769 rerum
1206 1715 1588 1785 providentia,
1611 1716 1668 1768 in
1700 1721 1949 1787 utroque
1983 1716 2194 1770 horum

540 1802 711 1857 nobis
746 1802 1191 1873 intelligendum
1221 1809 1311 1857 est
1340 1808 1397 1857 et
1427 1803 1899 1859 subaudiendum
1943 1808 2188 1875 omnino,

2307 607 2394 660 καὶ
2453 608 2504 662 ἐν
2554 613 2632 679 τῷ
2690 612 2817 683 Περὶ
2885 610 3040 665 θείων
3098 611 3419 683 ὀνομάτων,
3476 612 3588 674 πῶς
3640 613 3789 679 ἑστὼς
3832 623 3900 673 καὶ

2305 696 2649 768 κινούμενος.
2714 701 3060 772 Σημειωτέον
3112 698 3168 754 δὲ
3223 700 3304 755 ὅτι
3360 703 3610 771 πρόνοιαν
3665 704 3749 758 τὸν
3798 710 3898 762 Θεὸν

2307 806 2379 857 φη
2392 806 2470 839 σιν
2485 829 2495 842 .

2380 892 2468 947 Ἐν
2515 897 2595 964 τῷ
2627 894 2774 965 αὑτῷ
2798 896 2916 958 καθ’
2951 896 3251 970 ὑπεροχήν.
3284 896 3380 950 Καὶ
3427 896 3477 951 ἓν
3504 898 3705 961 τούτοις
3730 901 3785 954 τὸ
3809 906 3901 967 καθ’

2312 978 2590 1054 ὑπεροχὴν
2624 982 2759 1054 πρὸς
2802 983 2863 1036 τὸ
2897 985 2971 1056 μή
3013 988 3149 1038 κατά
3197 986 3445 1059 στέρησιν
3495 987 3580 1040 καὶ
3631 988 3902 1065 ἀνυπαρξίαν

2310 1064 2500 1123 λαϐεῖν
2530 1072 2677 1143 ἡμᾶς
2707 1071 2773 1125 τὰ
2802 1071 3153 1146 προκείμενα,
3182 1071 3461 1140 εἴληπται.

2382 1248 2480 1302 Καὶ
2528 1247 2787 1319 ἑστηκώς.
2846 1253 3105 1314 Ἐνταῦθα
3155 1248 3305 1305 δοκεῖ
3363 1272 3454 1324 μοι
3507 1252 3813 1329 σαφηνίζειν,
3859 1256 3897 1308 τί

2310 1337 2474 1407 ἱστία,
2507 1340 2779 1393 τουτέστιν
2829 1341 2862 1407 ὴ
2922 1339 2996 1400 ὡς
3049 1334 3159 1393 ἔστι
3217 1337 3472 1412 διαμονή,
3526 1340 3628 1395 ἀπὸ
3680 1347 3767 1396 τοῦ
3814 1341 3899 1397 ἐστὶ

2310 1430 2664 1502 παρηγμένου
2694 1432 2789 1482 τοῦ
2821 1429 3087 1501 ὀνόματος
3117 1436 3217 1498 τῆς
3246 1428 3439 1493 ἱστίας.

2382 1534 2485 1589 Καὶ
2518 1532 2770 1607 οὐδαμῶς
2828 1530 2927 1605 ἔξω
2974 1535 3162 1590 αὐτοῦ.
3225 1533 3447 1604 Ἐπειδή
3506 1538 3566 1590 τὸ
3626 1537 3710 1608 μὶν
3766 1536 3897 1599 ἑστὼς

2306 1620 2391 1675 ἐπὶ
2450 1629 2549 1691 τῆς
2604 1623 2737 1677 κατᾶ
2780 1623 2839 1677 τὸ
2872 1621 3240 1679 ἀναλλοίωτον
3277 1624 3641 1697 μονιμότητος
3670 1620 3825 1692 ἔλαϐε,
3851 1628 3897 1679 τὸ

2307 1706 2362 1764 δὲ
2391 1712 2710 1784 κινούμενος
2741 1711 2827 1767 ἐπὶ
2857 1719 2956 1781 τῆς
2989 1711 3063 1774 εἰς
3090 1714 3157 1766 τὰ
3204 1707 3330 1766 ὄντα
3378 1712 3650 1782 προνοίας,
3705 1712 3774 1789 ἐφ’
3803 1712 3895 1766 ἑκα-

2302 1799 2460 1872 τέρου
2513 1800 2719 1854 τούτων
2770 1807 2912 1854 νοεῖν
2966 1803 3114 1872 ἡμᾶς
3174 1802 3285 1876 χρὴ
3344 1802 3432 1855 καὶ
3484 1801 3813 1875 προσεπάγειν
3846 1802 3892 1853 τὸ

540 1892 625 1946 ita
659 1896 720 1945 ut
752 1891 828 1945 sit
856 1908 1066 1945 sensus
1100 1908 1112 1944 :
1143 1891 1341 1961 Neque
1372 1892 1609 1945 omnino
1643 1896 1825 1956 stans.
1860 1895 2027 1964 quasi
2070 1913 2185 1951 non

2323 1888 2552 1958 .αθόλου,
2600 1886 2692 1942 ’ίνα
2803 1893 3049 1942 τοιοῦτον
3099 1889 3159 1943 τὸ
3209 1888 3526 1963 λεγόμενον’
3586 1886 3713 1945 Οῦτε
3762 1888 3891 1949 ἑστὼς

538 1982 608 2035 ad
633 1979 1060 2051 providendum
1088 1985 1420 2047 moveatur;
1456 1981 1610 2035 330
1634 1997 1822 2051 neque
1854 1984 2092 2038 omnino
2126 2002 2188 2040 se

542 2084 805 2133 movens,
837 2066 1001 2136 quasi
1034 2084 1066 2122 a
1111 2067 1429 2123 stabilitate
1474 2085 1582 2124 sua
1625 2069 1914 2125 deﬂectat.
1963 2072 2139 2128 Aliter
2168 2092 2187 2128 :

541 2154 694 2209 Illud
724 2172 938 2225 semper
962 2164 1105 2210 stare
1133 2160 1182 2211 et
1209 2156 1419 2211 moveri
1452 2158 1520 2212 de
1553 2162 1664 2211 Deo
1695 2158 1940 2227 dictum,
1997 2163 2191 2232 provi-

546 2243 683 2298 dam
704 2244 834 2312 ejus
857 2242 913 2297 in
947 2244 1264 2299 stabilitate
1296 2246 1689 2316 operationem
1717 2247 2005 2319 designat.
2039 2248 2188 2305 Illud

544 2337 737 2387 autem
770 2348 940 2401 neque
965 2341 1111 2387 stare
1140 2349 1314 2404 neque
1342 2335 1707 2405 moveri,ejus
1740 2335 1797 2389 in
1832 2338 2188 2407 providendo

543 2419 1035 2491 perseverantiam
1065 2428 1457 2492 repraesentat.
1490 2424 1619 2478 Haec
1649 2428 1842 2479 autem
1885 2427 2083 2483 omnia
2130 2428 2187 2482 in

544 2508 696 2565 libro
724 2510 798 2564 De
828 2509 1033 2565 divinis
1062 2510 1379 2565 nominibus
1410 2527 1561 2583 saepe
1592 2512 1989 2583 exposuimus.

614 2684 765 2757 §IV.
812 2686 1063 2741 Solidum
1112 2686 1331 2756 quidem
1390 2687 1598 2742 cibum.
1652 2688 1792 2751 Quis
1842 2690 1921 2745 sit
1966 2690 2190 2747 solidus

543 2774 732 2837 cibus,
765 2779 821 2828 et
843 2777 978 2844 quis
1000 2774 1262 2844 liquidus
1298 2791 1310 2830 :
1345 2782 1519 2847 atque
1549 2778 1801 2831 solidum
1835 2779 2031 2834 cibum
2064 2796 2192 2836 esse

548 2862 817 2916 stabilem
854 2864 1289 2933 perfectionem.

614 2969 677 3021 Et
705 2975 977 3037 potentem
1009 2978 1057 3022 et
1088 2968 1452 3037 singularem.
1487 2970 1852 3042 Singularem
1892 2978 1947 3027 et
1976 2974 2189 3029 indivi-

545 3055 717 3109 duam
753 3056 1061 3111 scientiam
1093 3057 1255 3125 dicit,
1290 3074 1421 3113 cum
1454 3058 1734 3114 nimirum
1765 3060 1823 3115 in
1858 3061 1948 3131 iis,
1982 3063 2081 3134 qui
2119 3065 2190 3119 de

544 3148 658 3197 Deo
691 3150 849 3209 sunt,
886 3146 1280 3211 sermonibus,
1333 3163 1705 3218 nequaquam
1755 3150 1812 3203 in
1862 3153 2190 3208 materiales

2294 1975 2554 2042 καθόλου,
2589 1977 2661 2037 ὡς
2715 1978 2789 2049 μὴ
2840 1983 3098 2040 κινεῖσθαι
3152 1982 3553 2051 προνοητικῶς,
3602 1975 3713 2031 οὕτε
3747 1976 3891 2030 κινού-

2300 2085 2459 2136 μενος
2500 2064 2763 2131 καθόλου,
2824 2066 2899 2126 ὡς
2941 2072 3042 2134 τῆς
3075 2065 3273 2127 οἰκείας
3334 2066 3669 2137 μεθίστασθαι
3701 2065 3889 2137 μονιμό-

2294 2172 2478 2221 τητος.
2530 2150 2775 2213 ”Αλλως’
2832 2154 2956 2209 ’Ότι
3012 2153 3074 2206 τὸ
3129 2153 3208 2206 ἀεὶ
3270 2151 3487 2207 ἑστάναι
3534 2152 3617 2206 καὶ
3673 2158 3889 2214 κινεῖσθαι

2296 2241 2419 2315 περὶ
2464 2244 2595 2294 Θεοῦ
2646 2236 2942 2315 λεγόμενον
2992 2241 3090 2308 τὴν
3136 2240 3187 2295 έν
3214 2244 3283 2314 τῇ
3318 2241 3643 2312 μονιμότητι
3695 2260 3890 2312 προνοης

2297 2330 2451 2397 τικὴν
2512 2328 2675 2383 αὐτοῦ
2732 2328 2995 2406 ἐνέργειαν
3041 2327 3225 2399 δηλοῖ.
3287 2329 3367 2386 Τὸ
3428 2326 3485 2383 δὲ
3544 2326 3674 2401 μηδὲ
3725 2326 3890 2382 ἑστάναι

2304 2415 2441 2489 μηδέ
2502 2420 2760 2473 κινεῖσθαι
2834 2418 2933 2485 τὴν
2990 2416 3044 2471 έν
3099 2422 3179 2489 τῷ
3230 2422 3485 2491 προνοεῖν
3548 2416 3700 2471 αὐτοῦ
3756 2416 3891 2488 μονὴν

2296 2506 2609 2582 παρίστησι.
2666 2508 2844 2561 Πάντα
2901 2503 2958 2560 δὲ
3002 2506 3068 2560 τὰ
3124 2500 3351 2569 ένταῦθα
3410 2504 3460 2561 ἐν
3518 2510 3592 2577 τῷ
3620 2505 3742 2579 Περὶ
3770 2504 3890 2557 θείων

2300 2595 2581 2666 ὀνομάτων
2613 2594 2886 2656 πολλάκις
2919 2592 3323 2667 διεληλύθαμεν
3338 2637 3352 2649 .

2369 2687 2396 2751 §
2430 2685 2522 2739 IV.
2555 2684 2661 2752 Τὴν
2726 2684 2818 2756 μὲν
2876 2684 2965 2737 οῦν
3026 2682 3239 2757 στερεὰν
3297 2685 3531 2759 τροφήν.
3564 2682 3654 2744 Τίς
3682 2684 3713 2750 ἡ
3744 2680 3891 2754 στερεᾶ

2297 2773 2497 2845 τροφὴ,
2546 2772 2636 2825 καὶ
2694 2772 2775 2833 τίς
2814 2774 2849 2841 ἡ
2885 2771 3039 2846 ὑγρά·
3087 2771 3176 2825 καὶ
3235 2770 3317 2826 ὅτι
3355 2772 3539 2846 στερεὰ
3577 2772 3736 2846 τροφή
3782 2768 3889 2823 ἐστιν

2298 2861 2332 2927 ἡ
2370 2860 2600 2932 μόνιμος
2626 2860 2931 2929 τελειότης.

2369 2967 2470 3020 Καὶ
2509 2964 2737 3035 δυνατὴν
2789 2967 2877 3021 καὶ
2932 2966 3148 3022 ἑνιαίαν.
3211 2966 3447 3022 Ἐνιαίαν
3501 2965 3587 3020 καὶ
3642 2962 3889 3037 ἀδιαίρετον

2295 3054 2490 3128 γνῶσίν
2524 3077 2655 3132 φησι
2684 3055 2745 3109 τὸ
2778 3055 2828 3109 ἐν
2861 3061 2979 3117 τοῖς
3027 3054 3149 3129 περὶ
3184 3059 3315 3110 Θεοῦ
3351 3054 3536 3130 λόγοις
3580 3056 3650 3126 μή
3681 3053 3796 3127 πρὸς
3819 3049 3890 3109 τὰς

2300 3140 2489 3204 ὑλικὰς
2523 3142 2729 3206 ἐννοίας
2758 3143 3205 3215 καταμερίζεσθαι
3239 3143 3340 3211 ,τὸν
3392 3148 3540 3214 νοῦν,
3587 3141 3719 3197 ἀλλὰ
3762 3159 3891 3211 μονο-

538 3230 960 3305 intelligentias
994 3250 1159 3288 mens
1191 3234 1502 3301 dividitur,
1538 3237 1637 3291 sed
1672 3238 2039 3294 uniformiter
2076 3259 2175 3296 su-

2324 3230 2505 3301 ρόπως
2537 3232 2597 3284 τὸ
2634 3232 2764 3305 ὑπὲρ
2799 3231 2955 3307 φύσιν
2980 3232 3069 3285 καὶ
3103 3231 3509 3306 ἀνεξιχνίαστον
3540 3237 3633 3299 τῆς
3665 3229 3789 3293 θείας
3813 3224 3888 3303 φθ-

544 3321 985 3391 pernaturalem
1020 3327 1074 3376 et
1124 3322 1561 3379 inscrutabilem
1611 3325 1866 3381 divinam
1917 3334 2188 3386 naturam

530 3414 807 3479 reputat;
844 3410 1063 3482 quippe
1094 3427 1223 3481 qua
1258 3412 1522 3467 sensoria
1553 3429 1773 3484 organa
1811 3414 2069 3473 hominis
2100 3419 2190 3473 in-

530 3497 766 3554 terioris
796 3499 1012 3555 habeat
1045 3501 1366 3555 admodum
1397 3501 1728 3558 exercitata.

610 3608 675 3659 Et
701 3619 803 3674 per
832 3605 1059 3659 dividua
1089 3621 1185 3659 seu
1215 3607 1689 3676 multiplicia.Per
1716 3610 2189 3670 subauditionem

542 3707 751 3746 censeo
785 3691 893 3745 hoc
919 3694 1090 3761 juxta
1120 3694 1617 3749 constructionem
1651 3697 2021 3756 referendum
2064 3718 2192 3759 esse

538 3779 609 3833 ad
642 3781 850 3848 fusam,
885 3784 994 3833 etc.

604 3867 953 3923 Manuducit.
988 3868 1189 3938 Neque
1220 3868 1377 3924 enim
1409 3886 1523 3925 uno
1576 3888 1643 3928 ac
1692 3873 1945 3945 simplici
1995 3881 2190 3938 modo:

539 3956 641 4010 sed
675 3954 1024 4011 multiformi
1050 3957 1325 4028 varioque
1347 3959 1581 4014 edoctos
1604 3962 1674 4015 ad
1698 3964 2013 4032 perfectam
2031 3966 2192 4023 illam

540 4044 642 4099 Dei
676 4045 986 4099 scientiam
1020 4047 1345 4117 promoveri
1379 4047 1621 4102 scimus.

610 4150 748 4220 [Cur
776 4150 913 4216 rori,
947 4168 1135 4222 aquae,
1171 4151 1333 4219 lacti,
1364 4153 1523 4222 vino,
1557 4159 1615 4209 et
1645 4154 1802 4210 melli
1838 4158 2033 4213 divina
2071 4161 2190 4216 elo-

538 4238 679 4309 quia
706 4248 1149 4312 comparentur:
1170 4245 1228 4296 et
1258 4243 1399 4313 quid
1432 4242 1552 4299 haec
1582 4244 1782 4301 omnia
1811 4246 2189 4321 signiﬁcent.]

612 4416 787 4473 Donat
811 4417 1213 4473 accedentibus.
1247 4418 1395 4482 Quid
1429 4420 1694 4491 symbols
1724 4422 2078 4495 signiﬁcent.

611 4593 898 4649 Veraciter
954 4596 1195 4664 epulari.
1249 4595 1416 4663 Nota,
1469 4598 1624 4667 quod
1676 4614 1890 4656 nomen
1942 4600 2177 4678 εὐωχίας

2356 4600 2426 4652 Τὸ
2509 4597 2733 4667 ἀληθῶς
2816 4598 3044 4672 εὐωχεῖν
3056 4642 3068 4654 .

536 4679 630 4734 hic
656 4683 827 4736 Pater
856 4682 1079 4739 derivet
1110 4684 1181 4738 ab
1216 4679 1294 4753 εὖ,
1329 4684 1386 4738 id
1436 4689 1521 4740 est
1574 4686 1723 4754 bene,
1776 4693 1831 4744 et
1880 4687 2024 4763 ἔχειν
2073 4694 2177 4748 ha-

538 4770 681 4823 bere.
1189 4818 1199 4825 .

617 4858 905 4927 Viviﬁcans
933 4861 1126 4930 simul,
1158 4870 1210 4918 et
1236 4861 1501 4933 parvulos
1539 4866 1817 4921 nutriens.
1868 4868 2182 4927 Educando

538 4945 1023 5019 ecilicetjuvenes
1047 4949 1281 5021 probos.
1316 4950 1434 5005 Hoc
1466 4957 1661 5008 autem
1694 4956 2063 5029 κουροτρόφος
2095 4965 2185 5015 est

531 5046 777 5102 Homero
818 5062 829 5099 :
865 5059 999 5098 nam
1029 5038 1190 5111 κόρος
1230 5040 1594 5109 estjuvenis,
1629 5046 1684 5096 et
1716 5059 1817 5113 per
1849 5046 2181 5103 redundan-

526 5135 671 5190 tiam
703 5154 755 5201 υ,
788 5133 1005 5205 κοῦρος,
1040 5131 1196 5186 unde
1226 5130 1403 5184 etiam
1435 5129 1825 5207 κουροτρόφος.

604 5238 726 5310 §V.
761 5240 903 5293 Deus
937 5236 1209 5292 inebriari
1236 5235 1461 5289 dicitur.
1495 5235 1640 5290 Nota
1682 5240 1972 5305 quomodo
2021 5241 2182 5297 dica-

532 5330 631 5381 tur
681 5326 834 5381 Deus
886 5325 1183 5392 inebriari,
1235 5330 1291 5379 et
1334 5324 1513 5391 unde,
1558 5326 1616 5377 et
1682 5340 1808 5393 quas
1858 5328 1936 5381 sit
1982 5334 2181 5385 nostra

529 5414 809 5480 ebrietas,
842 5418 900 5471 et
929 5413 1220 5484 quomodo
1251 5413 1322 5467 de
1355 5416 1466 5467 Deo
1494 5412 1709 5467 extasis
1739 5413 1986 5471 dicatur.

604 5520 781 5592 Supra
812 5518 1249 5591 intelligentiam
1278 5520 1563 5575 assistens.
1594 5520 1880 5584 Quoniam
1908 5527 2059 5580 Deus
2088 5530 2178 5581 est

532 5614 655 5667 tam
687 5626 868 5682 supra
892 5609 950 5664 id
984 5609 1139 5681 quod
1171 5606 1466 5681 intelligit,
1498 5622 1672 5678 quam
1708 5626 1891 5682 supra
1920 5611 1979 5667 id
2021 5614 2175 5685 quod

530 5696 909 5772 intelligitur,
936 5702 995 5756 et
1019 5714 1201 5771 supra
1230 5697 1290 5753 id
1322 5696 1477 5769 quod
1507 5699 1614 5753 est.

2304 3339 2438 3380 σεως
2472 3319 2774 3394 λογίζεσθαι
2825 3320 2916 3373 τὸν
2966 3320 3033 3373 τὰ
3080 3319 3411 3395 αἰσθητήρια
3438 3324 3533 3375 τοῦ
3564 3319 3700 3378 ἐντὸς
3726 3315 3889 3389 ἀνθρώ.

2302 3428 2407 3461 που
2438 3408 2855 3482 γεγυμνασμένα
2879 3406 3096 3483 ἔχοντα.

2373 3605 2476 3661 Καὶ
2513 3610 2801 3678 μεριστῶν.
2834 3604 2984 3660 Κατὰ
3011 3609 3199 3659 κοινοῦ
3227 3606 3290 3660 τὸ
3323 3606 3559 3679 σύνθεμα
3604 3603 3759 3680 φέρειν
3802 3596 3885 3653 oio-

2305 3716 2399 3769 μαι
2428 3701 2527 3763 τῆς
2562 3692 2906 3768 διαχυτικῆς,
2937 3693 3025 3748 καὶ
3056 3694 3121 3749 τὰ
3150 3694 3292 3764 ἑξῆς.

2370 3870 2854 3945 Χειραγωγούσης.
2887 3871 3015 3945 Οὐχ
3044 3871 3116 3924 ἑνὶ
3148 3870 3251 3945 γὰρ
3280 3870 3491 3945 τρόπῳ,
3530 3866 3665 3924 ἀλλὰ
3706 3878 3885 3919 πολυει-

2302 3958 2384 4015 δεῖ
2411 3961 2500 4015 καὶ
2534 3960 2770 4031 ποικίλῳ
2785 3961 2910 4020 τοὺς
2936 3957 3361 4032 διδασκομένους
3393 3958 3479 4014 ἐπὶ
3508 3961 3568 4014 τὸ
3598 3956 3782 4012 τέλειον
3808 3956 3880 4018 τῆς

2300 4050 2623 4123 θεογνωσίας
2656 4050 2870 4124 άγεσθαι
2903 4044 3080 4120 ἴσμεν.

2370 4156 2491 4230 [Διά
2516 4154 2569 4207 τί
2601 4151 2781 4227 δρόσῳ
2826 4154 2917 4207 καὶ
2965 4151 3115 4208 ὕδατι
3145 4154 3235 4208 καὶ
3274 4154 3503 4230 γάλακτι
3549 4152 3632 4208 καὶ
3662 4148 3780 4220 οἷ’νῳ
3817 4144 3882 4199 καὶ

2301 4243 2481 4317 μέλιτι
2512 4244 2578 4297 τὰ
2609 4245 2725 4297 θεῖα
2754 4241 3130 4318 παρεικάζεται
3158 4242 3341 4317 λόγια’
3387 4242 3475 4299 καὶ
3521 4242 3599 4304 τίς
3644 4242 3675 4309 ἡ
3705 4238 3882 4292 ἑκάστου

2294 4331 2501 4387 τούτων
2532 4329 2803 4403 δύναμις.]

2369 4424 2629 4495 Δωρεῖται
2705 4425 2821 4481 τοῖς
2905 4423 3219 4495 προσιοῦσι.
3288 4420 3349 4474 Τί
3427 4417 3590 4489 δηλοῖ
3652 4414 3714 4472 τὰ
3776 4410 3881 4482 σύμ-

2297 4504 2454 4566 ϐολα.

3157 4597 3497 4670 Σημείωσαι,
3574 4598 3651 4651 ὅτι
3711 4592 3765 4646 τὸ
3808 4585 3881 4651 “ﬂii

2294 4686 2531 4761 εὐωχίας
2590 4681 2765 4759 ὄνομα
2821 4688 2849 4740 ὁ
2900 4688 3089 4762 Πατὴρ
3129 4686 3205 4749 εἷς
3251 4688 3313 4742 τὸ
3372 4688 3428 4742 εὗ
3472 4681 3609 4761 ἔχειν
3655 4676 3881 4752 ἐτυμολο-

2292 4795 2403 4848 γει.

2366 4863 2642 4925 Ζωοποιὸς
2674 4863 2789 4935 ἅμα
2842 4863 2931 4918 καὶ
2964 4866 3360 4942 κουροτρόφος.
3393 4865 3465 4919 Τὸ
3491 4864 3688 4939 τρέφειν
3711 4853 3880 4942 νεανίας

2293 4952 2550 5026 ἀγαθούς.
2612 4953 2699 5022 Ἐξ
2729 4954 2977 5026 Ὁμήρου
3010 4939 3074 5007 δὲ
3094 4939 3276 5008 τοῦτο·
3324 4953 3487 5029 κόρος
3517 4952 3615 5025 γὰρ
3646 4950 3670 5001 ὁ
3696 4939 3879 5005 νεανίας,

2290 5042 2376 5095 καὶ
2434 5042 2571 5095 κατὰ
2613 5040 2957 5115 πλεονασμὸν
3004 5046 3101 5097 τοῦ
3158 5065 3187 5097 υ
3234 5047 3450 5118 κοῦρος,
3478 5042 3588 5096 ὅθεν
3615 5035 3696 5091 καί
3724 5047 3879 5103 κουρο-

2290 5131 2509 5209 τρύφος.

2364 5240 2391 5313 Ξ
2430 5238 2502 5293 v'
2547 5237 2674 5298 θεὸς
2710 5238 2922 5309 μεθύειν
2952 5235 3191 5312 λέγεται.
3225 5238 3538 5311 Σημείωσαι
3567 5236 3676 5293 πῶς
3706 5225 3875 5302 μεθύειν

2294 5324 2508 5400 λέγεται
2539 5327 2566 5379 ὁ
2598 5326 2747 5395 Θεὸς,
2776 5324 2866 5380 καὶ
2898 5325 2956 5380 ἐκ
2986 5327 3133 5389 τίνος
3165 5326 3254 5381 καὶ
3283 5326 3363 5389 τίς
3392 5328 3425 5394 ἠ
3451 5324 3529 5397 ἐφ’
3562 5324 3707 5395 ἡμῶν
3748 5317 3875 5391 μέθην

2288 5412 2376 5468 καὶ
2406 5416 2524 5474 πῶς
2554 5410 2768 5489 λέγεται
2802 5412 2890 5467 ἐπὶ
2923 5418 3056 5469 Θεοῦ
3086 5410 3350 5475 ἔκστασις.

2357 5517 2516 5591 Ὑπὶρ
2566 5517 2629 5570 τὸ
2660 5522 2803 5571 νοεῖν
2838 5513 2935 5573 ὥν.
2968 5521 3087 5573 Ὅτι
3119 5518 3147 5573 ὁ
3175 5518 3302 5579 Θεὸς
3347 5518 3432 5572 καὶ
3487 5514 3612 5589 ὑπὶρ
3658 5508 3714 5565 τὸ
3760 5506 3870 5560 νοεῖν

2286 5605 2419 5677 ἔστι,
2449 5603 2537 5661 καὶ
2572 5606 2706 5681 ὗπὶρ
2735 5607 2796 5661 τὸ
2827 5608 3089 5680 νοεῖσθαι,
3119 5606 3209 5663 καὶ
3244 5607 3371 5680 ὑπὶρ
3398 5605 3458 5660 τὸ
3489 5604 3633 5659 εἶναι.
