4020 6358
261 416 361 470 573

1216 420 1274 472 S.
1316 417 1585 472 MAXIM!
1620 418 1927 472 BCHOLIA
1962 420 2037 471 IN
2076 419 2233 471 EPP.
2275 422 2334 471 S.
2374 418 2707 474 DIONYSII.

3552 418 3661 473 574

326 538 750 609 Μεμεθυσμὲνος
810 538 943 610 ἅμα.
991 538 1308 608 Σημείωσαι
1366 537 1417 592 ἐν
1464 538 1738 611 συντόμῳ,
1788 538 1897 600 πῶς

2088 540 2271 595 Simul
2302 540 2632 595 inebriatus.
2656 540 2802 595 Nota
2835 541 3084 596 breviter
3113 541 3403 611 quomodo
3434 541 3665 597 dicatur

264 627 674 697 μεμεθυσμὲνος
701 625 791 679 καὶ
821 624 1122 697 ἐξεστηκὼς
1156 625 1369 701 λέγεται
1398 628 1426 681 6
1458 627 1606 687 Θεός.

328 714 473 767 Κατᾶ
520 719 612 767 τὸν
680 714 837 768 αὐτὸν
906 712 1279 788 ἐκληψόμεθα.
1341 714 1474 771 Τίνα
1521 716 1586 769 τὰ
1643 713 1910 789 λεγόμενα

260 800 447 856 δεῖπνα
494 800 623 870 ἤτοι
693 802 968 876 συμπόσια
1026 802 1077 857 ἐν
1135 807 1204 877 τῇ
1269 802 1518 877 βασιλείᾳ
1569 808 1679 857 τῶν
1741 803 1909 877 ούρα·

257 911 379 946 νων.

326 980 439 1046 Τὴν
490 978 795 1036 ἀνάκλισιν.
830 980 929 1042 Τίς
973 983 1008 1049 ἡ
1062 979 1115 1035 ἐν
1165 984 1233 1053 τῇ
1271 978 1520 1055 βασιλείᾳ
1574 985 1682 1035 τῶν
1744 980 1905 1055 οὐρα-

259 1072 357 1120 νῶν
382 1067 663 1130 ἀνάκλισις
692 1088 704 1099 ’
739 1067 821 1122 ὅτι
878 1068 1194 1138 ἀνάπαυσις,
1223 1070 1312 1124 καὶ
1371 1064 1619 1139 ἀϐλαϐής
1654 1070 1790 1140 ζωὴ,
1817 1069 1905 1124 καὶ

251 1158 315 1211 τὰ
347 1158 493 1227 ἑξῆς.

325 1246 461 1300 Καθ’
516 1247 579 1313 ἣν
639 1244 991 1322 εὐφροσύνην.
1052 1247 1166 1315 Τὴν
1233 1246 1589 1324 εὐφροσύνην,
1647 1244 1773 1315 ἤτοι
1842 1246 1903 1300 τὸ

256 1334 535 1412 εὐφρονεῖν
570 1337 640 1373 ‘3‘
670 1340 851 1409 (10610
884 1339 987 1412 γάρ
1019 1336 1159 1392 ἐστιν
1212 1338 1538 1415 εὐφροσύνη)
1566 1340 1657 1393 τὸν
1690 1340 1902 1407 Ἰησοῦν

256 1424 483 1486 εἰκότως
516 1422 660 1501 λέγει
672 1468 683 1482 .

323 1515 482 1583 §VI.
536 1514 638 1570 Καὶ
684 1515 777 1569 τὸν
823 1513 1243 1591 εὐφημούμενον
1289 1513 1479 1569 ὕπνον.
1531 1519 1653 1576 Πῶς
1714 1510 1904 1569 ἔλαϐεν

253 1600 340 1655 ἐπὶ
373 1606 508 1656 Θεοῦ
537 1602 704 1657 ὕπνον
735 1603 823 1656 καὶ
855 1602 1202 1679 ἐγρήγορσιν.

323 1692 433 1758 Τὴν
514 1685 858 1763 συμϐολικὴν
942 1690 1245 1766 θεολογίαν.
1304 1690 1620 1764 Σημείωσαι
1696 1691 1747 1744 τί
1809 1711 1902 1745 πε-

257 1780 431 1853 ριέχει
492 1781 527 1847 ἡ
592 1774 917 1851 Συμϐολικὴ
976 1778 1255 1854 θεολογία.
1316 1778 1761 1854 Διεξοδικώτερον
1823 1777 1901 1850 δὲ,

2018 628 2173 684 Deus
2205 629 2553 694 inebriatus,
2586 634 2642 684 et
2671 645 2975 685 excessum
3009 630 3258 701 patiens.

2089 719 2284 773 Eodem
2303 718 2465 773 modo
2485 718 2835 789 accipiemus.
2859 720 3133 782 Quasnam
3159 720 3275 774 sint
3301 720 3467 775 dictae
3490 737 3666 775 omnis

2018 807 2139 863 sive
2171 807 2435 863 convivia
2468 808 2525 862 in
2559 824 2737 879 regno
2770 806 3072 863 caelorum.

2087 986 2233 1041 331
2271 986 2631 1041 Discubz'tum.
2679 986 2818 1053 Quis
2867 988 2940 1043 sit
2993 986 3325 1042 discubitus
3374 988 3432 1042 in
3483 1005 3662 1060 regno

2016 1076 2319 1142 caelorum,
2364 1091 2616 1145 eumque
2660 1091 2791 1130 esse
2838 1078 3097 1147 requiem
3156 1081 3213 1131 et
3259 1077 3437 1131 vitam
3501 1094 3660 1132 noxaa

2015 1170 2334 1235 expertem,
2371 1170 2481 1220 etc.

2087 1253 2204 1319 Qua
2232 1253 2436 1323 gaudio
2484 1254 2791 1323 replentur.
2825 1258 2935 1308 Per
2979 1251 3336 1328 εὐφροσύνην,
3369 1254 3490 1309 sive
3519 1270 3664 1325 gau-

2015 1342 2177 1396 dium
2210 1344 2293 1413 (id
2343 1342 2499 1397 enim
2549 1343 2853 1415 gignificat
2902 1340 3226 1417 εὐφροσύνη)
3257 1341 3667 1397 verosimiliter

2013 1430 2215 1487 Jesum
2250 1430 2544 1501 intelligit.

2084 1522 2110 1586 §
2140 1520 2238 1575 VI.
2271 1522 2337 1574 Et
2364 1521 2629 1575 celebrem
2668 1522 2835 1574 istum
2861 1535 3131 1575 somnum.
3167 1520 3467 1583 Quomodo
3497 1534 3663 1574 acce-

2013 1610 2165 1680 perit
2194 1608 2251 1662 in
2288 1614 2399 1662 Deo
2432 1624 2707 1663 somnum
2742 1614 2793 1663 et
2827 1608 3281 1680 evigilationem.

2081 1698 2449 1767 Symboticam
2507 1697 2869 1767 theologiam.
2922 1698 3069 1752 Nota
3133 1696 3271 1767 quid
3332 1693 3658 1767 Symbolica

2013 1787 2293 1854 theologia
2333 1787 2647 1840 contineat.
2687 1786 2789 1840 Ubi
2840 1785 3052 1855 fusius,
3084 1786 3140 1839 id
3191 1789 3279 1839 est
3325 1783 3522 1851 latius,
3556 1800 3657 1839 seu

249 1865 493 1921 τουτέστι
573 1866 934 1943 πλατύτερον,
994 1866 1325 1943 διήρθρωται
1402 1868 1489 1923 καὶ
1569 1866 1897 1923 διατετύπω-

2019 1875 2249 1947 planius
2280 1879 2337 1930 et
2369 1874 2741 1930 articulatius
2789 1874 3147 1945 explicatum
3194 1880 3251 1928 et
3300 1873 3659 1944 descriptum

250 1976 360 2013 ται.

649 2050 764 2099 ΕΙΣ
805 2047 951 2102 ΤΗΝ
994 2048 1394 2102 ΕΠΙΣΤΟΛΗΝ
1438 2048 1495 2103 Ι’.

318 2135 381 2191 Ἠ
435 2134 528 2206 μὶν
580 2132 846 2202 ἐπιστολή
881 2134 999 2204 ἀξία
1028 2140 1129 2203 τῆς
1158 2133 1527 2209 ἀρχαιότητος
1560 2134 1766 2204 ἐκείνης
1796 2136 1894 2201 τῆς

249 2222 414 2296 ἱερᾶς,
476 2222 565 2277 καὶ
608 2227 705 2277 τοῦ
759 2227 1032 2295 μαθητοῦ,
1092 2223 1150 2276 ὃν
1205 2223 1389 2298 ἠγάπα
1445 2225 1472 2277 6
1534 2225 1764 2293 Ἰησοῦς,
1796 2223 1893 2290 τὴν

249 2312 408 2385 χάριν
466 2310 909 2386 ἀπαγγέλλουσα.
967 2313 1120 2368 "Em
1192 2308 1247 2365 δὲ
1316 2307 1615 2384 συμϐαλεῖν
1684 2312 1743 2366 ἐκ
1795 2318 1895 2380 τῆς

252 2400 383 2475 πρὸς
432 2401 526 2454 τὸν
584 2401 734 2475 ἅγιον
782 2399 1145 2475 Πολύκαρπον
1179 2401 1217 2468 ζ’
1250 2397 1440 2471 οὔσης,
1474 2402 1602 2455 εἶναι
1653 2401 1744 2454 τὸν
1804 2401 1896 2471 μὲ-

251 2508 344 2561 γαν
404 2488 706 2559 Διονύσιον,
758 2488 847 2543 ὅτε
896 2493 1065 2543 ταῦτα
1122 2486 1369 2565 ἔγραφεν,
1427 2488 1557 2543 ἐτῶν
1618 2488 1741 2563 περί
1792 2510 1896 2543 που

256 2574 623 2647 ἐννενήγοντα.
676 2578 762 2634 Ἐν
826 2578 920 2650 μὲν
980 2577 1083 2651 γάρ
1137 2581 1206 2650 τῇ
1242 2578 1379 2651 πρὸς
1426 2578 1517 2632 τὸν
1578 2578 1729 2652 ἅγιον
1789 2579 1896 2633 H0-

260 2661 533 2739 λύκαρπόν
610 2687 814 2735 φησιν,
878 2665 929 2720 ἐν
1003 2670 1072 2739 τῇ
1138 2668 1255 2720 κατ’
1330 2663 1602 2739 Αἴγυπτον
1674 2664 1897 2721 Ἡλιου-

258 2752 413 2808 πόλει
482 2752 703 2830 διάγων,
772 2756 1059 2818 θεάσασθαι
1127 2756 1226 2824 τὴν
1295 2755 1441 2827 παρὰ
1512 2754 1666 2822 φύσιν
1741 2775 1896 2829 γενο-

257 2842 421 2913 μένην
478 2841 721 2916 ἔκλειψιν
783 2848 880 2897 τοῦ
955 2843 1121 2912 ἡλίου
1183 2842 1234 2897 ἐν
1292 2848 1372 2915 τῷ
1428 2844 1687 2918 σωτηρίῳ
1740 2863 1898 2896 σταυ-

254 2934 332 3004 ρῷ
382 2934 429 2969 ⁸⁸
486 2937 582 2986 τοῦ
634 2935 891 2999 Χριστοῦ,
952 2932 1084 3009 ὅπερ
1140 2933 1326 3008 γέγονε
1376 2937 1457 3004 τῷ
1518 2935 1586 3003 ιη’
1637 2931 1740 2987 ἔτει
1796 2939 1896 3001 τῆς

250 3014 504 3093 Τιϐερίου
559 3020 835 3095 βασιλείας
872 3039 883 3051 ’
911 3025 991 3091 τῷ
1018 3040 1117 3095 γαρ
1154 3028 1209 3074 ιε’
1235 3019 1337 3075 ἔτει
1371 3021 1535 3075 αὐτοῦ
1578 3018 1776 3095 ἤρξατο
1801 3024 1897 3074 τοῦ

251 3108 603 3183 κηρύγματος
638 3110 665 3163 6
715 3108 916 3183 Κύριος
963 3109 1196 3179 Ἰησοῦς,
1230 3111 1304 3171 ὡς
1350 3108 1400 3164 ἐν
1446 3113 1526 3181 τῷ
1574 3109 1709 3164 κατὰ
1764 3115 1898 3162 Λου-

249 3201 343 3250 κᾶν
405 3194 672 3267 δηλοῦται
716 3196 1055 3273 Εὐαγγελίῳ.
1108 3200 1247 3272 Τρία
1294 3197 1352 3252 δὲ
1397 3201 1441 3235 ⁸⁸
1484 3197 1575 3267 ἔτη
1632 3199 1744 3269 μετ’
1786 3196 1899 3250 ὀλί-

251 3307 359 3361 γων
421 3262 607 3359 μηνῶν
666 3262 923 3361 κηρύξας,
984 3262 1121 3341 ὲαὼν
1158 3262 1389 3361 ’πάσχει
1465 3289 1492 3341 6
1551 3262 1750 3361 Κύριος
1808 3286 1897 3340 καὶ
1931 3262 1973 3327 C

251 3376 378 3439 Θεὸς
436 3378 616 3447 ἡμῶν,
651 3376 724 3437 ὡς
780 3376 912 3429 εἶναι
967 3370 1222 3449 Τιϐερίου
1286 3378 1356 3445 ιη’
1389 3373 1530 3443 ἔτος,
1564 3371 1905 3431 Ἐϐασίλευσε

256 3460 311 3517 δὶ
358 3459 605 3539 Τιϐέριος
650 3463 789 3540 ἀμφὶ
836 3463 902 3517 τὰ
945 3471 1023 3538 κγ
1054 3462 1168 3534 ἔτη,
1199 3464 1274 3526 ὡς
1325 3465 1453 3518 εἶναι
1494 3464 1597 3518 άπὸ
1639 3469 1735 3517 τοῦ
1793 3486 1902 3518 σω·-

252 3551 445 3627 τηρίου
471 3552 671 3613 πάθους
722 3548 826 3613 ἕως
856 3550 1116 3621 τελευτῆς
1150 3548 1407 3627 Τιϐερίου
1434 3549 1630 3626 σχεδὸν
1674 3546 1765 3622 ἔτη

249 3640 546 3715 Ἐξωρίσθη
622 3637 679 3695 δὲ
755 3641 784 3693 6
861 3641 1016 3715 ἅγιος
1099 3640 1483 3716 εὐαγγελιστής
1541 3641 1793 3709 Ἰωάννης
1848 3641 1898 3694 ἐν

244 3728 452 3801 Πάτμῳ
481 3733 550 3801 τῇ
580 3731 755 3800 νήσῳ,
787 3728 911 3797 ἥτις
943 3728 1053 3784 ἐστὶ
1089 3729 1188 3801 μία
1244 3733 1350 3782 τῶν
1405 3727 1729 3798 Κυκλάδων,
1775 3722 1900 3804 περί

245 3818 305 3871 τὸ
334 3816 651 3872 τελευταῖον
702 3810 819 3878 ἔτος
868 3824 970 3885 τῆς
1005 3817 1338 3889 Δομετιανοῦ
1393 3814 1693 3891 βασιλείας.
1736 3812 1899 3872 Ἐϐα-

246 3907 461 3962 σίλευσε
517 3904 575 3960 δὲ
632 3907 788 3967 οὗτος
819 3901 909 3976 ἔτη
949 3908 1006 3960 ιε’
1035 3906 1125 3960 καὶ
1184 3912 1357 3979 μῆνας
1392 3908 1447 3961 ε’.
1484 3907 1813 3980 Συνάγονται
1844 3903 1901 3960 δὲ

243 3995 347 4050 ἀπὸ
404 4000 503 4050 τοῦ
537 3997 607 4063 ιη’
637 3991 789 4058 ἔτους
815 3990 1087 4068 Τιϐερίου,
1121 3994 1210 4049 ὅτε
1244 3997 1277 4064 ἡ
1329 3990 1594 4067 ἔκλειψις,
1641 3992 1742 4055 ἔως
1796 4001 1895 4063 τῆς

243 4085 501 4149 τελευτῆς
532 4088 862 4157 Δομετιανοῦ
909 4083 1001 4153 ἔτη
1066 4081 1135 4153 ξδ’
1166 4082 1288 4157 περί
1320 4105 1424 4138 που
1473 4083 1559 4137 καὶ
1610 4090 1784 4157 μῆνας
1835 4084 1894 4152 ζ’.

246 4172 604 4246 Τποθώμεθα
633 4175 676 4209 ⁸⁸
726 4170 781 4226 δὲ
835 4173 925 4226 καὶ
985 4174 1074 4227 τὸν
1134 4178 1277 4235 θεῖον
1340 4170 1643 4241 Διονύσιον,
1700 4172 1788 4226 ὅτε
1832 4172 1899 4226 τὰ

250 4259 337 4315 ἐπὶ
393 4266 475 4333 τῷ
535 4265 747 4334 σταυρῷ
797 4265 893 4315 106
952 4262 1155 4334 Κυρίου
1206 4258 1365 4327 εἶδεν,
1418 4262 1551 4314 εἶναι
1617 4267 1689 4314 κε’
1739 4259 1892 4327 ἐτῶν,

247 4351 334 4404 ἅτε
368 4350 546 4422 οἶμαι,
576 4350 665 4403 καὶ
697 4346 773 4403 ἔτι
806 4350 1262 4425 ἀναγινώσκοντα,
1297 4349 1372 4409 ὡς
1424 4350 1554 4402 εἶναι
1604 4350 1671 4402 τὰ
1722 4350 1893 4402 πάντα

243 4439 381 4515 ἀμφί
459 4438 526 4492 τὰ
603 4437 954 4507 ἐννενήκοντα
1023 4435 1137 4507 ἔτη.
1191 4438 1479 4508 Μέμνηται
1538 4434 1595 4489 δὲ
1644 4443 1744 4505 τῆς
1804 4436 1891 4489 ἐπὶ

243 4530 573 4599 Δομετιανοῦ
643 4524 849 4600 ἒξορίας
924 4529 1019 4579 τοῦ
1107 4524 1409 4597 ἁγιωτάτου
1467 4523 1740 4593 Ἰωάννου,
1800 4522 1889 4577 καὶ

2007 1970 2114 2019 est.

2526 2052 2597 2108 IN
2638 2052 2886 2107 EPISTO
2896 2052 3041 2106 LAM
3079 2050 3144 2105 X.

2080 2141 2346 2211 Epistola
2378 2141 2498 2195 hac
2528 2147 2733 2195 sancta
2778 2140 2878 2195 illa
2928 2140 3281 2211 antiquitate
3311 2137 3657 2208 cumprimis

2008 2229 2207 2300 digna,
2243 2231 2325 2284 uti
2360 2235 2416 2285 et
2464 2230 2752 2301 discipulo
2803 2244 2977 2301 quem
3033 2229 3313 2299 diligebat
3339 2231 3530 2292 Jesus,
3562 2226 3653 2281 cui

2006 2319 2253 2388 gratiam
2280 2318 2614 2373 annuntiat.
2640 2319 2791 2372 Licet
2814 2322 3008 2371 autem
3029 2317 3299 2387 colligere
3320 2334 3390 2371 ex
3411 2316 3517 2370 hac
3539 2314 3656 2386 epi-

2007 2406 2156 2461 slola
2186 2413 2242 2461 et
2272 2424 2339 2461 ex
2370 2406 2470 2461 illa
2509 2407 2578 2461 ad
2633 2412 2899 2461 sanctum
2955 2407 3331 2477 Polycarpum
3382 2404 3653 2475 septima,

2007 2512 2287 2566 magnum
2321 2494 2688 2566 Dionysium,
2717 2495 2953 2565 quando
3004 2494 3126 2549 hac
3174 2494 3430 2564 scripsit,
3466 2509 3652 2546 anno-

2005 2601 2137 2638 rum
2170 2586 2401 2638 circiter
2431 2584 2751 2654 nonaginta
2800 2585 3001 2638 fuisse.
3028 2586 3088 2638 In
3123 2583 3223 2637 illa
3253 2582 3543 2653 siquidem
3578 2581 3649 2635 ad

2005 2673 2060 2727 S.
2081 2671 2463 2743 Polycarpum
2490 2672 2569 2726 ait
2588 2688 2669 2738 se,
2688 2688 2819 2725 cum
2843 2671 3124 2741 Heliopoli
3148 2670 3373 2742 Egypti
3397 2671 3654 2740 degeret,

2008 2761 2371 2831 perspexisse
2390 2762 2637 2814 solarem
2660 2761 2835 2813 istam
2852 2759 3425 2829 eclipsim,salutaris
3441 2755 3658 2811 Christi

2009 2848 2199 2903 crucis
2223 2853 2506 2918 tempore,
2532 2864 2659 2918 qua:
2690 2847 2900 2903 incidit
2923 2848 2981 2901 in
3007 2864 3226 2901 annum
3256 2848 3418 2918 regni
3440 2844 3660 2901 Tiberii

2007 2937 2301 2992 decimum
2323 2942 2592 2992 octavum
2613 2953 2623 2990 :
2642 2936 2819 3006 hujus
2841 2936 2995 2991 enim
3015 2953 3166 2990 anno
3188 2936 3413 2990 decimo
3431 2935 3659 3005 quinto,

2006 3041 2248 3080 exorsus
2279 3030 2402 3080 erat
2434 3025 2907 3096 praedicationem
2948 3041 3115 3080 suam
3153 3024 3431 3079 Dominus
3461 3023 3654 3088 Jesus,

2009 3117 2073 3167 ut
2102 3114 2161 3167 in
2192 3113 2504 3183 Evangelio
2546 3114 2873 3167 secundum
2909 3113 3125 3167 Lucam
3163 3113 3514 3167 declaratur.
3548 3107 3659 3164 Ubi

2012 3207 2205 3257 autem
2240 3204 2429 3256 tribus
2462 3202 2633 3256 annis
2666 3207 2721 3255 et
2748 3200 2948 3272 paucis
2980 3202 3285 3256 mensibus
3316 3200 3659 3271 pradicave-

2012 3295 2123 3356 rat,
2158 3291 2441 3345 Dominus
2467 3306 2532 3344 ac
2556 3293 2705 3344 Deus
2738 3294 2935 3344 noster
2958 3294 3165 3360 sponte
3188 3306 3400 3360 passus
3430 3292 3519 3342 est
3548 3286 3660 3341 cir-

2012 3395 2078 3431 ca
2101 3395 2319 3432 annum
2346 3378 2557 3431 Tiberii
2592 3377 2885 3431 decimum
2919 3382 3208 3431 octavum.
3241 3376 3529 3447 Regnavit
3558 3392 3661 3429 au-

2011 3470 2129 3520 tem
2155 3465 2425 3519 Tiberius
2451 3465 2619 3519 annis
2638 3465 2872 3518 circiter
2892 3465 3082 3519 tribus
3103 3468 3159 3519 et
3178 3464 3413 3534 viginti,
3438 3468 3503 3518 ut
3524 3463 3604 3517 sic
3628 3480 3662 3517 a

2012 3554 2255 3608 salutari
2291 3552 2564 3623 passione
2594 3553 2663 3607 ad
2697 3553 2922 3607 obitum
2947 3568 3135 3623 usque
3165 3552 3380 3606 Tiberii
3412 3552 3529 3606 fere
3560 3566 3661 3605 sex

2012 3642 2146 3697 anni
2169 3641 2625 3696 intercesserint.
2653 3641 2824 3695 Porro
2847 3644 3088 3695 sanctus
3110 3639 3463 3711 evangelista
3483 3638 3655 3693 Joan-

2009 3748 2113 3786 nes
2144 3729 2446 3802 ablegatus
2481 3728 2656 3783 estin
2690 3728 2961 3783 Patmum
2994 3728 3271 3794 insulam,
3295 3745 3421 3796 quas
3452 3727 3655 3799 Cycla-

2009 3820 2150 3874 dum
2184 3836 2300 3873 una
2332 3822 2438 3883 est,
2466 3819 2577 3872 sub
2609 3822 2935 3872 extremum
2961 3817 3095 3871 anni
3123 3817 3282 3885 regni
3315 3814 3655 3871 Domitiani.

2010 3909 2109 3963 Hic
2142 3913 2335 3963 autem
2371 3907 2635 3977 regnavit
2682 3906 2851 3960 annis
2893 3906 3230 3976 quindecim
3262 3908 3318 3959 et
3349 3905 3653 3959 mensibus

2006 3998 2287 4068 quinque.
2318 3996 2404 4049 Ab
2436 4012 2588 4050 anno
2621 4011 2753 4048 vero
2786 3994 2998 4048 Tiberii
3033 3994 3259 4048 decimo
3291 3998 3513 4059 octavo,
3538 4009 3653 4063 quo

2005 4085 2239 4156 eclipsis
2270 4084 2371 4138 illa
2402 4083 2669 4153 contigit,
2694 4083 2766 4135 ad
2813 4086 3060 4135 mortem
3098 4097 3283 4152 usque
3314 4080 3652 4149 Domitiani,

2004 4173 2364 4244 colliguntur
2393 4170 2532 4225 anni
2577 4168 2810 4223 circiter
2841 4173 3092 4237 quatuor
3139 4173 3196 4223 et
3245 4170 3565 4238 sexaginta,
3598 4174 3655 4223 et

2004 4277 2239 4317 menses
2270 4264 2517 4329 septem.
2552 4258 2969 4327 Supponamus
3007 4257 3167 4326 item,
3197 4257 3257 4311 D.
3281 4256 3648 4326 Dionysium,

2003 4349 2237 4419 quando
2272 4348 2385 4403 ista
2414 4346 2524 4401 sub
2557 4342 2991 4400 cruciﬁxionem
3014 4343 3246 4398 Domini
3276 4344 3442 4407 vidit,
3467 4360 3649 4397 anno-

2001 4454 2131 4491 rum
2167 4439 2349 4491 fuisse
2371 4435 2577 4506 viginti
2601 4434 2883 4505 quinque,
2909 4434 3405 4505 quemadmodum
3441 4448 3530 4488 me
3552 4434 3651 4487 ad-

2001 4528 2115 4582 huc
2148 4526 2361 4598 legisse
2394 4530 2659 4593 autumo,
2683 4524 2768 4578 sic
2799 4528 2863 4578 ut
2892 4540 3095 4579 omnes
3129 4523 3265 4579 anni
3298 4524 3517 4581 fuerint
3546 4523 3654 4579 cir-

245 4614 538 4689 Εἷρηναῖος
571 4612 624 4668 ἐν
656 4612 820 4687 τρίτῳ
870 4611 960 4666 καὶ
1008 4612 1245 4683 πὲμπτῳ
1274 4615 1379 4665 τῶν
1432 4609 1579 4665 Κατὰ
1609 4605 1886 4683 αἱρέσεων,

2019 4616 2148 4671 :iter
2177 4615 2520 4685 nonaginta.
2556 4612 2819 4668 Meminit
2848 4614 3024 4667 etiam
3066 4612 3246 4683 hujus
3277 4612 3654 4683 relegationis

244 4701 367 4757 ἔνθα
414 4701 505 4757 καὶ
560 4701 652 4756 τὸν
708 4699 904 4775 χρόνον
958 4698 1334 4772 ἐσημειώσατο
1368 4716 1380 4728 ⁸
1432 4698 1520 4753 καὶ
1580 4697 1813 4770 Κλήμης
1860 4698 1888 4751 6

239 4788 647 4865 Ἀλεξανδρεὺς,
680 4786 732 4843 ἐν
759 4792 837 4861 τῷ
864 4786 1019 4863 λόγῳ
1048 4790 1129 4859 τῷ
1158 4787 1281 4862 περί
1315 4805 1329 4820 ⁸
1359 4785 1460 4849 Τίς
1509 4787 1537 4841 ὁ
1588 4786 1891 4860 σωζόμενος

240 4879 505 4942 πλούσιος
525 4897 540 4948 ;

316 5059 458 5119 Οὐδὲ
539 5057 639 5134 γὰρ
726 5056 776 5110 ἐν
833 5060 950 5117 τοῖς
1026 5056 1207 5113 αἶ’ὦσι.
1268 5056 1584 5127 Σημείωσαι
1642 5057 1723 5111 ὅτι
1784 5059 1893 5132 οὐχ

252 5149 278 5203 6
307 5150 436 5211 Θεὸς
467 5146 637 5207 αἰετιος
668 5143 764 5199 106
799 5145 1107 5222 ἀφορισμοῦ
1131 5150 1248 5206 τοῖς
1281 5144 1631 5219 ἁμαρτωλοῖς
1682 5152 1781 5215 τῆς
1839 5146 1890 5199 ἐν

252 5236 503 5313 ἀριστερᾷ
543 5235 797 5301 στάσεως,
844 5232 970 5288 ἀλλ’
1014 5232 1167 5287 αὐτοὶ
1216 5234 1428 5297 ἑαυτοῖς
1476 5232 1639 5288 αἷίτιοι
1686 5234 1891 5288 τούτων

248 5327 297 5380 οἱ
354 5322 696 5401 ἁμαρτωλοὶ,
758 5318 1038 5384 παντελῶς
1095 5321 1317 5385 ἑαυτοὺς
1386 5322 1737 5398 ἀφορίσαντες
1795 5328 1893 5379 τοῦ

251 5418 399 5471 Θεοῦ.

2002 4703 2362 4760 sanctissimi
2406 4701 2651 4757 Joannis
2686 4701 2798 4754 sub
2835 4701 3161 4756 Domitiano
3209 4702 3372 4757 factae
3404 4702 3653 4756 Irenatus

2000 4794 2061 4849 in
2095 4792 2268 4848 tertio
2301 4795 2357 4846 et
2378 4790 2583 4860 quinto
2615 4788 2764 4843 libro
2816 4805 2921 4843 suo
2970 4790 3237 4843 Adversus
3267 4789 3517 4857 haereses,
3550 4788 3651 4843 ubi

2001 4889 2058 4939 et
2088 4887 2323 4951 tempus
2368 4878 2677 4946 indicavit;
2712 4876 2979 4931 Clemens
3012 4878 3150 4932 item
3201 4876 3649 4942 Alexandrinus,

2000 4972 2061 5027 in
2093 4987 2158 5025 eo
2192 4983 2363 5040 opere
2396 4967 2489 5022 cui
2523 4965 2829 5036 inscriptio
2863 4981 2876 5019 :
2913 4966 3049 5033 Quis
3077 4965 3226 5020 dives
3252 4966 3475 5019 salvus?

2074 5060 2225 5115 882
2258 5058 2439 5127 Neque
2466 5055 2616 5110 enim
2646 5056 2707 5109 in
2735 5054 2976 5109 saxulis.
3001 5054 3151 5109 Nota
3172 5054 3353 5108 Deum
3387 5069 3502 5109 non
3525 5071 3650 5113 esse

2002 5164 2242 5205 causam
2302 5144 2689 5216 separationis
2747 5148 3160 5213 peccatorum,
3206 5158 3323 5213 qua
3380 5144 3450 5203 ad
3509 5145 3648 5210 sini.

2003 5242 2185 5293 stram
2218 5233 2601 5301 collocantur,
2638 5230 2737 5286 sed
2789 5230 2901 5285 sibi
2934 5229 3078 5302 ipsis
3111 5234 3441 5301 peccatores
3473 5234 3650 5304 hujus

2003 5324 2084 5381 rei
2117 5340 2305 5380 causae
2337 5325 2497 5392 sunt,
2531 5321 2673 5375 dum
2706 5317 2820 5391 ipsi
2870 5334 2932 5375 se
2978 5319 3213 5393 penitus
3245 5335 3278 5375 ει
3306 5319 3422 5379 Deo
3451 5337 3647 5397 aegre.

2003 5417 2161 5485 gant.
2376 5426 2406 5454 ο

1240 5605 1476 5665 νΑΗΙιΕ
1516 5608 1903 5669 LECTIONES
1946 5611 2038 5669 ET
2077 5606 2641 5669 CORRECTIONES.

313 5735 385 5801 μ’
415 5732 471 5787 εὖ
504 5734 743 5806 φρονεῖν.
822 5729 869 5764 ⁸⁸
894 5726 982 5783 ἰπὶ
1012 5732 1093 5802 τῷ
1121 5732 1353 5806 σταυρῷ.
1430 5733 1475 5769 ⁸⁸
1499 5732 1625 5809 γάρ.
1698 5736 1743 5775 ⁸⁵
1772 5735 2084 5812 ὑποθῶμεν.
