4020 6358
438 398 545 453 575

1248 399 1619 457 ΛΡΡΕΝΒΙΧ
1656 402 1753 456 AD
1788 399 2028 455 OPERA
2065 399 2083 452 E

2205 396 2479 453 'IONYSII
2515 399 3014 458 ABEOPAGITE.
3730 402 3829 460 576

516 524 579 579 Et
606 523 707 580 Dei
730 523 969 580 nomine.
1004 523 1103 579 Dei
1150 540 1361 581 nomen
1394 526 1495 593 ait,
1522 526 1643 581 sive
1690 525 1845 596 quod
1879 538 2083 579 omnes

2268 521 2366 574 Καὶ
2400 522 2692 595 θεωνυμίᾳ.
2726 523 3039 595 Θεωνυμίαν
3100 522 3261 599 φησὶν
3322 522 3356 591 ἢ
3386 523 3452 578 τὸ
3500 525 3728 581 πάντοτε
3780 526 3829 583 ἓν

444 612 703 669 actiones
734 630 872 667 suas
903 612 959 667 in
997 615 1091 667 Dei
1122 631 1354 685 semper
1386 614 1622 669 nomine
1655 617 1958 685 peragant,
1986 616 2083 666 aut

2205 614 2271 681 τῷ
2320 610 2547 682 ὀνόματι
2598 611 2692 665 τοῦ
2756 616 2889 666 Θεοῦ
2972 613 3142 665 πάντα
3213 611 3465 687 πράττειν
3543 613 3829 687 conligi,

445 702 582 772 quia
608 720 635 755 a
673 702 793 756 Deo
824 701 945 757 sive
974 702 1201 757 Christo
1248 720 1461 759 nomen
1502 703 1712 769 sortiti,
1738 717 1805 756 ex
1833 717 1900 755 eo
1933 701 2084 771 quod

446 791 768 845 secundum
831 790 1025 861 ipsum
1074 791 1255 847 vitam
1310 809 1479 847 suam
1528 792 1868 859 instituunt,
1909 791 2086 845 etiam

443 880 679 950 ipsimet
714 878 794 933 dii
826 879 1211 950 appellentur.

516 969 807 1039 Evangelii
852 970 1041 1024 solem.
1076 969 1278 1024 Merito
1326 970 1524 1024 divum
1572 970 1857 1025 Joannem
1905 971 2087 1021 Evan-

445 1056 581 1129 gelii
642 1057 823 1111 solem
881 1062 1195 1128 nuncupat.
1242 1059 1382 1113 Jure
1437 1058 1637 1129 igitur,
1698 1058 1905 1126 inquit,
1958 1055 2089 1110 illos

447 1145 808 1216 reprehendo
866 1150 919 1199 et
976 1145 1233 1216 increpo,
1279 1147 1379 1216 qui
1436 1164 1498 1200 se
1552 1145 1730 1201 solem
1788 1142 2086 1215 Evangelii

448 1234 853 1299 exterminare,
901 1250 1073 1305 posse
1122 1239 1353 1305 putant.
1384 1236 1651 1289 Attamen
1698 1240 1834 1304 opto
1884 1236 1949 1287 ut
1996 1248 2088 1285 re-

446 1322 719 1392 spiciant,
752 1326 809 1376 et
852 1323 923 1377 ad
971 1329 1028 1377 te
1078 1327 1406 1387 accurrant,
1440 1327 1501 1377 ut
1550 1322 1828 1377 illustrati
1860 1320 2089 1376 salven-

446 1415 563 1466 tur.
600 1411 1106 1476 Quemadmodum
1159 1412 1314 1467 enim
1368 1412 1609 1477 insanit,
1660 1411 1760 1482 qui
1811 1426 1872 1465 se
1922 1412 2091 1481 putat

447 1498 631 1553 solem
684 1499 840 1554 hunc
890 1500 1237 1556 concludere
1266 1501 1391 1556 loco
1424 1517 1613 1573 posse,
1646 1500 1731 1556 sic
1778 1505 1836 1555 et
1885 1499 1945 1553 hi
1996 1500 2084 1553 inv

447 1588 690 1644 saniunt
721 1589 818 1659 qui
861 1589 1049 1645 lucem
1092 1589 1387 1662 Evangelii
1432 1589 1794 1645 arbitrantur
1824 1605 1885 1643 se
1916 1602 2089 1659 posse

447 1682 640 1732 tecum
674 1677 828 1733 intra
858 1682 1129 1734 Patmum
1162 1678 1418 1735 insulam
1452 1678 1954 1734 circumscribere.

518 1858 624 1913 Nos
665 1864 854 1913 autem
899 1874 928 1913 e
974 1858 1186 1913 diverso
1232 1873 1422 1928 neque.
1456 1857 1585 1923 Pro,
1620 1871 1809 1927 neque
1856 1854 2088 1927 longius

448 1947 507 1999 te
552 1945 779 1999 abesse.
822 1945 965 1999 Nota
1020 1949 1214 1999 autem
1274 1961 1555 2016 magnum
1606 1943 1943 2015 Dionysium
1998 1942 2091 1996 hic

447 2033 625 2089 etiam
672 2031 1074 2104 prOpbetasse,
1124 2049 1258 2087 cum
1308 2032 1463 2087 clare
1514 2032 1689 2097 dicat,
1730 2032 1864 2101 sibi,
1898 2032 1982 2086 uti
2034 2036 2093 2087 et

452 2122 621 2175 beato
663 2120 876 2175 Joanni
928 2120 1247 2176 revelatum
1295 2137 1445 2190 esse,
1476 2122 1671 2193 ipsum
1722 2121 1877 2175 intra
1923 2121 2093 2175 breve

450 2213 687 2279 tempus
727 2210 798 2262 ab
843 2209 1044 2265 exsilio
1075 2210 1264 2264 Patmi
1314 2212 1703 2265 revocandum
1754 2226 1906 2276 esse,
1937 2209 2092 2281 quod

452 2299 510 2350 et
538 2296 803 2367 contigit.
836 2297 1006 2365 Nam,
1039 2302 1104 2351 ut
1150 2298 1426 2365 diximus,
1463 2297 1635 2369 paulo
1678 2303 1830 2369 post,
1863 2298 1973 2353 sub
2004 2296 2092 2352 ul-

455 2384 664 2439 timum
698 2402 919 2440 annum
955 2386 1111 2458 regni
1152 2386 1489 2456 Domitiani,
1522 2390 1580 2442 in
1622 2391 1891 2442 Patmum
1926 2387 2093 2441 insu-

448 2473 566 2528 lam
619 2476 809 2529 tuerat
867 2473 1176 2543 relegatus,
1237 2476 1567 2531 Domitiano
1628 2475 2093 2546 persecutionem

450 2561 771 2630 excitante;
826 2568 885 2618 at
941 2563 1176 2619 interim
1236 2564 1347 2620 sub
1410 2564 1584 2620 istius
1640 2565 1795 2636 regis
1851 2563 2093 2633 exitum,

450 2650 742 2707 maximus
782 2650 877 2706 hic
907 2652 1266 2725 evangelista
1311 2653 1569 2710 Joannes
1619 2654 1879 2708 divinam
1930 2651 2093 2707 illam

447 2739 863 2814 Apocalypsim
900 2741 1067 2796 vidit.

2196 696 2319 752 ὅταν
2374 698 2502 761 τοὺς
2554 699 2659 753 ἀπὸ
2707 704 2803 753 τοῦ
2853 704 3007 765 Θεοῦ,
3039 698 3210 774 ἤγουν
3261 705 3358 754 τοῦ
3418 702 3679 776 Χριστοῦ,
3722 705 3830 760 ὀνο-

2200 786 2563 859 μαζομένους,
2621 790 2737 843 κατ’
2788 788 2948 843 αὐτὸν
3016 787 3396 853 πολιτεύεσθαι
3459 791 3704 867 ὑπάρχῃ,
3752 795 3831 848 καὶ

2195 874 2389 937 αὐτοὺς
2423 875 2554 950 λεγο
2566 879 2755 949 μένους
2785 877 2957 941 θεούς.

2266 968 2371 1017 Τοῦ
2422 963 2757 1040 Εὐαγγελίου
2808 966 2899 1020 τὸν
2949 964 3135 1034 ἥλιον.
3186 966 3289 1024 Τὸν
3351 971 3451 1021 τοῦ
3517 967 3832 1044 Εὖαγγελίου

2197 1050 2358 1121 ἥλιον
2413 1057 2604 1108 τοῦτον
2657 1055 2751 1109 τὸν
2801 1060 2944 1119 θεῖον
2976 1057 3229 1126 Ἰωάννην
3288 1055 3547 1129 ὀνομάζει
3605 1055 3830 1117 δικαίως.

2198 1143 2374 1213 Φησὶν
2409 1139 2501 1196 οῦν
2538 1162 2551 1175 ·
2582 1145 2707 1199 ’Ότι
2749 1143 2880 1218 ἐγὼ,
2916 1143 3140 1207 εἰκότως
3185 1143 3516 1218 αἰτιώμενος
3561 1146 3649 1201 καὶ
3702 1168 3833 1221 μεμ-

2198 1232 2434 1309 φόμενος
2491 1230 2619 1293 τοὺς
2666 1232 2982 1305 νομίζοντάς
3043 1254 3101 1288 σι
3160 1233 3252 1289 τὸν
3333 1238 3432 1289 τοῦ
3517 1233 3833 1312 Εὖαγγελίου

2196 1318 2359 1389 ἥλιον
2420 1320 2747 1396 περιορίζειν
2807 1320 2861 1375 ἐν
2912 1322 3089 1394 τόπῳ,
3132 1319 3368 1396 εὔχομαι
3428 1321 3587 1395 ὅμως
3648 1322 3831 1393 ἀνανῆ-

2196 1412 2291 1481 ψαι
2349 1408 2438 1463 καὶ
2497 1406 2867 1484 προσδραμεῖν
2917 1432 3023 1478 σοι,
3052 1408 3145 1465 ’ἱνα
3201 1413 3419 1466 σωθῶσι
3475 1410 3829 1488 φωτισθέντες.

2196 1499 2399 1571 ’Ὠσπερ
2458 1497 2558 1573 γὰρ
2622 1497 2860 1571 μέμηνεν
2918 1498 3235 1572 ὁοῖόμενος
3288 1500 3379 1553 τὸν
3443 1498 3607 1568 ¹ἥλιον
3657 1505 3828 1555 τοῦτον

2196 1584 2526 1658 περικλείειν
2584 1586 2763 1659 τόπῳ,
2803 1586 2945 1641 οῧσω
2999 1588 3090 1642 καὶ
3148 1587 3296 1643 οῦτοι
3358 1590 3831 1661 μεμήτασι,νομί-

2200 1680 2379 1743 ζοντες
2431 1674 2495 1728 τὸ
2548 1678 2662 1751 φῶς
2708 1679 2806 1729 τοῦ
2859 1674 3191 1751 Εὐαγγελίου
3239 1696 3335 1730 σου
3380 1676 3705 1751 περιορίζειν
3750 1678 3827 1732 σὺν

2200 1763 2283 1816 σοὶ
2315 1761 2366 1816 ἐν
2402 1764 2611 1835 Πάτμῳ
2638 1767 2705 1836 τῇ
2736 1765 2907 1836 νήσῳ.

2268 1852 2443 1922 Ἠμᾶς
2532 1848 2589 1904 δὲ
2661 1848 2786 1905 οὐδὶ
2858 1852 3189 1907 τούναντίον.
3251 1852 3402 1908 Ἀντὶ
3448 1856 3569 1922 τοῦ,
3617 1851 3826 1908 οὐδὲτὸ

2199 1938 2533 2014 ποῤῥωτὲρω
2576 1960 2633 1993 σε
2677 1941 2941 2014 γενέσθαι.
2990 1940 3308 2014 Σημείωσαι
3357 1938 3416 1995 δὲ
3464 1942 3548 1996 ὅτι
3597 1942 3682 1996 καὶ
3710 1961 3827 2015 προ-

2202 2028 2488 2103 εφήτευσεν
2530 2028 2557 2081 ὁ
2609 2028 2774 2103 μέγας
2824 2029 3125 2099 Διονύσιος,
3158 2034 3339 2107 σαφῶς
3391 2028 3563 2085 εἰπὼν
3610 2029 3668 2085 ἐκ
3710 2033 3826 2085 Θεοῦ

2202 2117 2657 2191 ἀποκαλυφθῆναι
2714 2116 2884 2188 αὐτῷ,
2916 2117 2990 2179 ὡς
3032 2118 3120 2172 καὶ
3169 2122 3245 2189 νῷ
3292 2119 3437 2193 ἁγίῳ
3468 2117 3704 2191 Ἰωάννῃ,
3756 2116 3826 2171 ὅτι

2204 2201 2329 2258 εἷ’σω
2378 2203 2722 2278 βραχυτάτου
2774 2204 2978 2280 χρόνου
3030 2204 3470 2276 ἀνακληθήσεται
3505 2213 3602 2275 τῆς
3648 2205 3696 2260 ἐν
3736 2208 3828 2261 Πά-

2200 2314 2326 2365 τμῳ
2384 2291 2593 2366 ἐξορίας
2628 2312 2640 2325 ·
2702 2294 2731 2346 ’ὁ
2781 2293 2847 2362 δή
2898 2296 2987 2348 καὶ
3050 2294 3293 2369 γέγονεν.
3327 2296 3420 2357 Ὠς
3465 2297 3565 2371 γὰρ
3619 2292 3827 2371 Ξφημεν,

2202 2386 2309 2460 πρὸ
2371 2384 2607 2460 βραχέος
2659 2386 2783 2461 περὶ
2836 2388 2899 2441 τὸ
2946 2386 3256 2443 τελευταῖον
3292 2382 3417 2449 ἔτος
3445 2395 3545 2457 τῆς
3603 2394 3833 2460 Δομετια-

2202 2470 2294 2527 νοῦ
2348 2473 2627 2548 βασιλείας
2673 2474 2749 2536 εἷς
2793 2476 2891 2543 τήν
2944 2474 3165 2549 Πάτμον
3207 2474 3573 2553 ἐφυγαδεύθη,
3608 2474 3829 2549 διωγμὸν

2202 2563 2521 2631 κινήσαντος
2550 2563 2647 2616 τοῦ
2680 2568 3014 2636 Δομετιανοῦ
3049 2583 3061 2596 ·
3100 2566 3215 2618 εἶτα
3258 2566 3384 2640 περὶ
3444 2566 3543 2634 τήν
3598 2562 3831 2629 τελευτὴν

2201 2649 2298 2705 τοῦ
2360 2649 2627 2725 βασιλέως
2684 2653 2783 2726 ὁρᾷ
2817 2654 2916 2721 τήν
2951 2652 3093 2716 θείαν
3128 2651 3510 2729 ’Δποκάλυψιν
3543 2654 3571 2708 ὁ
3604 2652 3828 2726 μέγιστος

2202 2739 2360 2803 οὗτος
2391 2738 2784 2815 εὐαγγελιστής
2813 2742 3065 2812 Ἰωάννης
3090 2744 3156 2800 ⁸⁷.

1447 2940 1690 2996 VARI/E
1731 2939 2125 2995 LECTIONES
2165 2939 2255 2995 ET
2293 2937 2853 2995 CORRECTIONES.

518 3055 562 3089 ⁸⁷
593 3053 735 3115 θεῖος
768 3050 1159 3129 εὐαγγελιστὴς
1191 3054 1369 3110 Ἰωάν.
