4020 6358
159 393 258 447 577
1271 388 1675 455 ENGOMIUM,
1713 386 1816 439 EX
1852 385 2141 439 MRNJEIS
2177 383 2475 437 GRECIS.
3448 382 3555 437 578

628 677 2175 885 SCRIPTORES
2335 676 3078 879 VARII.

1550 1009 2164 1174 VIT/E

176 1303 908 1458 SANCTI
1048 1301 1972 1455 DIONYSII
2114 1302 3560 1455 AREOPAGITZE.

1606 1541 2139 1571 ..__~——_

702 1686 1233 1860 ΒΙοΣ
1323 1686 1725 1855 ΚΑΙ
1811 1685 3031 1858 ΕΓΚΩΜΙΟΝ

332 1986 628 2083 ΤΟΥ
708 1984 1165 2079 ΑΓΙΟΥ
1298 1982 2137 2080 ΔΙΟΝΥΣΙΟΥ
2260 1980 3411 2079 ΑΡΕΙΟΠΑΓΙΤΟΥ

814 2182 909 2238 Ἐκ
938 2185 1041 2236 τῶν
1077 2182 1338 2252 Μηναίων
1370 2188 1468 2251 τῆς
1500 2179 1552 2235 ἐν
1588 2178 1816 2238 Ἐλλάδι
1845 2180 2197 2251 Ἐκκλησίας,
2232 2182 2405 2255 μηνὸς
2437 2174 2775 2253 Ὀκτωϐρίου
2804 2182 2875 2253 τῇ
2905 2179 2971 2253 γ’.

826 2492 1318 2642 VITA
1444 2490 1699 2641 ET
1820 2489 2928 2645 ENCOMIUM

546 2759 1132 2855 SANCTI
1237 2758 1990 2856 DIONYSII
2099 2760 3215 2857 AREOPAGIT/E

1211 2950 1316 3011 Ex
1362 2949 1600 3010 Menzez's
1641 2950 1884 3024 Gracia,
1932 2953 2143 3012 mensis
2183 2951 2307 3013 Oct.
2355 2951 2454 3012 die
2482 2953 2540 3012 3.

752 3110 1099 3188 Interprete
1126 3109 1314 3170 Petro
1347 3108 1690 3182 Lansselio,
1726 3110 2209 3189 Gravelingano,
2242 3112 2386 3172 Soc.
2417 3113 2564 3174 .lesu
2599 3110 2986 3190 presbytero.

1840 3298 1910 3310 .—

239 3434 538 3511 Ἀγκίστρῳ
570 3440 669 3503 τῆς
727 3434 956 3511 χάριτος
1009 3438 1193 3512 σοφῶς
1249 3436 1277 3489 ὁ
1330 3433 1547 3497 Παῦλος
1580 3436 1608 3490 ὁ
1640 3431 1817 3499 ἔνθεος

2001 3442 2351 3498 888-885
2416 3442 2619 3497 Divino
2677 3445 2977 3513 correptus
3036 3440 3282 3495 numine
3346 3436 3579 3506 Paulus,

182 3520 575 3598 δημηγορήσας
608 3523 912 3598 ἐζώγρησεν
972 3522 1352 3599 ἱεροφάντορα,
1400 3524 1491 3577 καὶ
1521 3520 1625 3577 τῶν
1656 3524 1769 3598 ἀπο1

1996 3531 2215 3586 ιηοίοηθ
2239 3532 2307 3585 ad
2333 3531 2614 3602 populum
2641 3530 2858 3595 habita,
2880 3545 3179 3585 sacrorum
3206 3526 3583 3598 interpretem

188 3610 350 3685 ῥήτων
411 3611 622 3686 θεωρὸν
675 3610 979 3685 εἰργάσατο,
1057 3612 1114 3665 σὲ
1175 3616 1363 3673 σκεῦος
1422 3611 1654 3686 ἰκλογῆς
1712 3624 1775 3675 θε‹

1998 3621 2135 3674 'atiaa
2168 3619 2339 3674 hamo
2369 3619 2497 3675 vitae
2528 3620 2826 3691 sapienter
2857 3619 3037 3687 dedit,
3076 3615 3585 3686 ineﬂabiliumque

185 3702 416 3774 σάμενος,
453 3702 578 3776 μεθ’
604 3700 665 3756 οὗ
684 3699 1053 3772 δυσώπησον⁶,
1088 3702 1395 3778 Θεορῥῆμον
1431 3702 1772 3773 Διονύσιείιοη

1998 3709 2459 3780 ιηιθιηριειῐοιιθω
2492 3709 2699 3775 effecit,
2732 3709 2873 3763 dum
2907 3712 2963 3762 te
2986 3724 3088 3762 vas
3119 3704 3423 3762 electionis
3450 3719 3585 3758 con-

186 3790 326 3863 πόθῳ
358 3791 667 3864 ὑμνοῦντας
694 3810 771 3846 σε.

2000 3799 2153 3864 uexit,
2183 3815 2317 3853 cum
2350 3814 2487 3870 quo,
2520 3797 2880 3868 diviniloque
2912 3795 3173 3868 Dionysi,
3206 3810 3309 3866 pro
3341 3792 3587 3849 laudum

1940 3892 2173 3943 tuarum
2206 3888 2439 3959 cupidis
2470 3887 2654 3943 Deum
2686 3902 2879 3942 exora.

249 3966 526 4044 ’Δγγέλοις
580 3968 849 4039 ὁμότιμον
898 3966 989 4021 τὸν
1036 3970 1185 4039 νοῦν,
1235 3968 1401 4039 πάτερ
1463 3968 1726 4039 Διονύσιε,
1762 3965 1832 4023 δι’

2015 3978 2263 4031 Mentem
2314 3976 2536 4047 angelis
2588 3976 2805 4031 honore
2858 3992 3080 4048 parem,
3119 3974 3284 4029 Pater
3331 3968 3595 4042 Dionysi,

187 4053 365 4129 ἀρετῆς
402 4054 807 4133 ἐργασάμενος,
858 4057 957 4125 τὴν
1010 4055 1374 4131 ὑπερκόσμιον
1419 4063 1521 4125 τῆς
1552 4056 1774 4132 ἳεραρχίι

2010 4072 2156 4121 rtute
2188 4065 2532 4138 praestitisti,
2570 4067 2788 4119 mundo
2820 4064 3182 4136 superiorem
3236 4062 3442 4115 borum
3478 4058 3597 4112 hie-

190 4141 432 4215 εὐταξίαν,
493 4144 757 4220 πάνσοφε,
824 4146 923 4212 τήν
999 4143 1207 4198 τούτων
1258 4146 1418 4219 ἱερῶς
1476 4144 1777 4219 ἀνιστορήσε

2007 4155 2186 4210 .rchize
2236 4156 2458 4210 bonum
2510 4154 2775 4209 ordinem
2827 4157 3027 4208 sancte
3073 4149 3393 4221 indagasti,
3425 4148 3594 4217 cujus

188 4234 295 4285 καθ’
321 4233 386 4302 ἢν
436 4233 771 4311 ἐρῥῦθμισας
821 4232 1144 4303 Ἐκκλησίας
1194 4234 1259 4288 τὰ
1310 4237 1648 4307 συστήματα,
1681 4234 1775 4311 οὐρ

2011 4261 2155 4299 ιΓῐΠΒ.
2185 4250 2367 4298 ccetus
2398 4242 2666 4298 Ecclesiae
2699 4241 3107 4313 composuisti,
3142 4237 3468 4293 cmlestium
3500 4252 3598 4290 or-

188 4319 301 4375 νίων
326 4324 418 4385 τὰς
448 4322 632 4392 τάξεις
670 4321 1033 4395 μιμούμενος.

854 4343 1033 4395 μενος.
1950 4333 2115 4387 dines
2149 4334 2434 4387 imitatus.

256 4413 802 4492 Ἐμφιλοσοφώτατα,
859 4418 996 4485 Θεῷ,
1064 4415 1240 4489 μάκαρ
1296 4414 1561 4486 Διονύσιε,
1611 4415 1639 4470 ὃ
1681 4412 1838 4470 δυνα-

2024 4422 2273 4477 Maxima
2322 4438 2454 4476 cum
2506 4420 2815 4491 sapientia,
2841 4421 3006 4475 beate
3042 4415 3302 4487 Dionysi,
3328 4413 3429 4485 qui
3464 4412 3602 4480 Deo,

194 4500 276 4553 τὸν
303 4502 694 4575 ὁμοιούμενος,
751 4506 859 4556 τῶν
918 4502 1198 4575 ὀνομάτων
1259 4508 1354 4557 σοῦ
1414 4509 1689 4575 μυστικῶς
1729 4510 1781 4558 τί

2014 4516 2235 4564 tantum
2285 4509 2440 4573 licet,
2474 4526 2536 4564 es
2568 4509 2802 4575 similis,
2826 4514 2990 4563 tuam
3025 4505 3355 4560 divinorum
3408 4501 3601 4557 nomi-

199 4588 339 4651 θείων
371 4588 606 4654 εὗσεϐὦς
650 4590 972 4662 ἑξήπλωσας
1016 4594 1115 4662 τήν
1161 4589 1369 4661 ἔνθεον,
1412 4593 1663 4671 θεόφρον,
1708 4593 1786 4648 ἀντ

2015 4615 2091 4652 ιω
2126 4598 2241 4652 Deo
2276 4597 2507 4669 plenam
2548 4598 2972 4668 expositionem
3008 4610 3217 4649 arcano
3257 4608 3429 4648 sensu
3465 4588 3602 4645 reli-

201 4679 394 4749 πτυξιν,
442 4679 634 4734 ἑνώσει
693 4679 959 4753 κρείττονι
1026 4681 1254 4753 μυηθεὶς
1309 4683 1376 4735 τὰ
1429 4682 1559 4757 ὑπὲρ
1612 4676 1787 4737 ἔννοια

2093 4704 2137 4757 e,
2168 4693 2230 4741 tu
2265 4688 2361 4757 qui
2396 4688 2594 4742 divina
2638 4686 2819 4758 sapis,
2853 4684 3209 4756 explicuisti,
3242 4679 3607 4736 excellentis-
3676 4728 3680 4733 ,

203 4767 279 4819 καὶ
314 4770 526 4839 μυήσας
555 4772 653 4822 τοῦ
680 4768 892 4840 κόσμου
919 4768 985 4822 τὰ
1013 4770 1237 4843 πέρατα.

2020 4792 2106 4831 ma
2137 4776 2399 4831 unitione
2431 4792 2558 4847 quae
2595 4779 2850 4830 mentem
2882 4774 3125 4828 vincunt
3154 4771 3399 4826 edoctus
3433 4783 3607 4822 mun-

1953 4865 2128 4936 dique
2160 4866 2436 4919 erudiens
2470 4865 2638 4920 ﬁnes.

357 4953 611 5032 Ἀνδρέου
640 4952 1102 5029 Ἱεροσολυμίτου,
1136 4958 1189 5011 οἱ
1222 4960 1242 4982 ⁹
1275 4954 1331 5011 δὲ
1364 4956 1679 5026 Βυζαντίου.

2180 4962 2409 5019 Andrez
2440 4961 2931 5033 Hierosolymitam'
2958 4968 3056 5015 aut
3093 4953 3375 5029 Byzantii.

267 5051 373 5120 Τῆς
433 5052 687 5127 οὐρανίου
743 5052 994 5128 γνώσεως
1050 5054 1360 5128 ἀθεώρητον
1423 5054 1581 5129 βυθόν
1638 5076 1694 5109 σε
1748 5077 1844 5110 κα-

2028 5061 2383 5117 Invisibilem
2418 5060 2622 5113 divinae
2655 5058 3008 5129 cognitionis
3041 5051 3496 5127 profunditatem
3530 5056 3604 5115 te,

209 5131 461 5212 λέσωμεν,
518 5140 871 5214 λαμπρότατε
926 5142 1132 5218 μάρτυς
1187 5149 1283 5198 τοῦ
1344 5145 1599 5219 Χριστοῦ,
1644 5145 1716 5205 ὡς
1755 5166 1796 5199 κΔ

2027 5149 2356 5204 ustrissime
2406 5148 2619 5204 Christi
2674 5151 2913 5218 martyr,
2957 5141 3412 5216 appellabimus,
3454 5138 3609 5194 sicut

212 5224 426 5299 ὁπλίτην
482 5234 572 5285 καὶ
632 5229 854 5306 στερρὸν
943 5232 1268 5309 ὑπὲρμαχον
1344 5237 1442 5297 τῆς
1491 5231 1799 5301 Ἐκκλησία.

2019 5239 2131 5292 iam
2158 5239 2349 5305 gravis
2365 5245 2676 5292 armaturae
2696 5236 2963 5303 militem,
2981 5250 3046 5289 ac
3064 5231 3319 5286 validum
3340 5227 3606 5283 Ecclesiae

215 5315 570 5395 Ἀνυμνοῦμέν
606 5343 683 5388 σε,
719 5320 849 5398 σοφέ
882 5340 894 5353 ·
930 5324 1058 5398 πυρὶ
1089 5326 1186 5398 γὰρ
1215 5324 1550 5402 ἐλλαμφθεὶς
1578 5328 1657 5395 τῷ
1685 5325 1802 5398 ἁγνι

2023 5333 2471 5399 'opugnatorem.
2496 5327 2593 5391 'l‘e,
2617 5343 2648 5381 o
2673 5325 2931 5396 sapiens,
2956 5320 3345 5395 praedicamus
3377 5333 3390 5373 :
3419 5318 3610 5389 puris-

219 5406 350 5479 τάτῳ
377 5411 615 5481 ἠξιώθης
649 5412 758 5484 ἅμα
788 5416 905 5473 ταῖς
950 5409 1059 5466 ἄνω
1092 5413 1527 5488 στρατολογίαις,
1559 5413 1622 5468 τὸ
1653 5434 1798 5490 φωτε

2023 5434 2110 5473 mo
2149 5417 2305 5471 enim
2338 5415 2708 5470 illuminatus
2755 5414 2909 5485 igne,
2953 5412 3323 5481 fulgoresque
3364 5406 3610 5479 spiritus

224 5492 304 5546 νόν
356 5496 705 5573 περιϐόλαιον
762 5498 1077 5566 ἐνδύσασθαι
1132 5505 1383 5578 Χριστὸν,
1435 5505 1524 5558 καὶ
1574 5502 1811 5576 λαμπρυπ

2027 5511 2179 5571 ente,
2197 5505 2453 5577 Dionysi,
2479 5502 3114 5574 resplendens,dignus
3135 5516 3195 5555 es
3218 5497 3454 5552 habitus
3477 5510 3610 5549 cum

232 5583 329 5645 θεὶς
381 5592 447 5661 τῇ
502 5587 667 5665 αἶ’γλῃ
746 5594 845 5644 τοῦ
917 5590 1225 5665 πνεύματος
1300 5594 1392 5649 τὸν
1464 5596 1614 5663 νοῦν,
1666 5591 1819 5647 Διονῦ

2021 5593 2295 5649 elestibus
2312 5593 2666 5649 exercitibus
2688 5591 3051 5663 splendidam
3078 5592 3296 5645 vestem
3310 5585 3608 5642 Christum

235 5688 324 5729 σιε.
356 5678 443 5733 Διὸ
490 5683 582 5733 σοῦ
632 5678 731 5749 τήν
788 5680 1126 5755 παγκόσμιον
1188 5684 1414 5756 μνήμην
1453 5680 1819 5758 πανηγυρίζον

2020 5684 2364 5754 ιάυοιιοῄάοο
2382 5682 2822 5740 ornatissimam
2846 5682 2931 5737 tui
2954 5678 3296 5738 memoriam
3314 5674 3607 5732 celebran-
