4020 6358
374 386 483 441 579

1604 385 1665 436 S.
1706 381 2020 435 DIONYSII
2059 379 2558 437 ABEOPAGITE.

3684 386 3787 440 580

378 512 607 577 tes,ﬁde
629 508 1069 580 laudamus.qui
1085 512 1140 563 te
1153 506 1406 579 gloriosu
1420 505 2020 561 mvoluitDominum.

2176 522 2223 562 ες
2278 507 2484 564 πιστῶς
2569 501 2861 576 δοξάζομεν
2938 506 3031 559 τὸν
3106 502 3397 575 δοξάζοντά
3454 528 3512 561 σε
3572 507 3782 583 Κύριον.

382 601 534 656 336
560 600 741 653 Conon
765 599 946 652 sancti
965 599 1123 669 cujus
1144 597 1467 653 acroatichis
1490 616 1540 649 :«
1566 596 1793 650 Mentem
1824 594 2026 649 honoro

591 689 931 758 sapientium
960 687 1368 751 doctrinarum,
1396 709 1416 737 ι
1456 686 1813 755 Theophanis.
1860 672 1863 675 ’

450 784 495 830 Α
527 777 722 830 divino
752 774 925 830 Paulo
954 774 1276 829 caelestium
1308 774 1773 844 contemplatore
1800 771 2029 826 institu-

381 870 495 931 tus,
544 865 803 936 Dionysi,
860 880 993 918 mox
1049 863 1303 918 cmlestis
1362 864 1643 932 magister
1689 865 1746 916 et
1793 862 2026 915 divinus

378 955 755 1010 concionator
783 952 1045 1007 evasisti.

451 1042 657 1097 Divina
684 1041 1014 1096 illustratus
1035 1040 1245 1112 gratia,
1271 1039 1525 1103 illustra,
1546 1057 1577 1095 ο
1610 1040 1799 1105 beate,
1823 1054 2024 1093 eorum

377 1133 478 1203 qui
509 1137 563 1186 te
595 1131 836 1185 laudant
879 1130 1132 1199 animas,
1166 1135 1231 1184 ut
1261 1135 1394 1184 tuas
1426 1129 1541 1184 Deo
1593 1129 1822 1183 aiﬂatas
1851 1126 2028 1182 intel-

380 1220 570 1292 ligant
600 1220 917 1287 doctrinas,
954 1218 1215 1290 Dionysi.

456 1309 667 1364 Mentis
689 1314 865 1378 atque
889 1307 1099 1361 animas
1130 1307 1376 1378 puritate
1398 1305 1723 1361 cmlestium
1756 1305 2025 1360 ordinum

379 1398 638 1470 fulgores
670 1397 974 1451 addiscere
1022 1394 1318 1457 meruisti,
1350 1410 1672 1465 eorumque
1702 1393 1893 1448 videre
1926 1409 2029 1464 per

376 1488 586 1543 choros
620 1485 1063 1556 dispositiones,
1100 1484 1357 1555 Dionysi.

1068 1573 1147 1627 Ad
1178 1574 1238 1628 Β.
1282 1575 1334 1626 ν.

447 1665 680 1720 Lucifer
724 1662 1020 1718 thalamus
1063 1661 1490 1716 incarnationis
1522 1660 1784 1715 omnium
1817 1659 2026 1714 Condi-

377 1753 521 1810 toris
553 1770 656 1823 pro
690 1752 858 1806 nobis
903 1752 1081 1816 factaa,
1109 1749 1376 1819 judicata
1405 1766 1495 1817 es;
1529 1766 1596 1803 ex
1630 1755 1685 1803 te
1715 1749 1895 1813 enim,
1932 1748 2025 1802 Dei

378 1842 631 1916 genitrix
662 1846 923 1895 nostram
958 1839 1153 1892 induit
1185 1853 1442 1892 carnem.

448 1937 638 2002 Supra
668 1928 930 1984 ccelestes
961 1926 1220 1982 elevatus
1248 1926 1521 1992 fornices,
1549 1929 1768 1990 sancte,
1812 1925 2033 1979 mundo

378 2020 748 2091 BUperiorum
783 2015 1020 2071 ordines
1052 2020 1108 2069 et
1138 2016 1428 2069 exercitus
1450 2018 1506 2069 et
1527 2012 1893 2084 splendores,
1917 2028 2036 2067 om-

375 2109 540 2162 nium
578 2104 824 2161 sublimi
874 2120 1146 2158 sermone
1198 2102 1777 2173 sapientissimisque
1807 2100 2034 2172 exposi-

374 2196 639 2251 tionibus
673 2192 1083 2247 manifestasti.

451 2284 590 2338 Altae
649 2283 967 2336 immersus
1022 2279 1520 2349 contemplationi,
1572 2279 1844 2350 gloriose,
1890 2278 2033 2333 divi-

386 2389 598 2429 norum
654 2372 958 2425 nominum
1011 2368 1457 2439 explicationem
1490 2369 1686 2421 divine
1718 2367 2034 2438 protulisti,

387 2462 695 2517 Trinitatis
747 2459 1056 2531 theologus
1116 2457 1356 2513 eﬁ‘ectus
1403 2456 1504 2512 Dei
1554 2456 1764 2528 gratia,
1817 2456 1877 2511 in
1922 2456 2037 2510 Deo

390 2551 750 2606 beatissime.

460 2642 672 2693 Amore
728 2636 923 2691 divino
982 2640 1253 2691 mortuus
1312 2634 1718 2707 prassentibus,
1770 2634 2037 2705 philoso-

390 2727 657 2799 phiaeque
710 2726 972 2781 intentus
1003 2724 1221 2792 studio,
1256 2724 1617 2778 viviﬁcarum
1665 2740 1845 2793 supra
1876 2739 2037 2777 men-

389 2821 509 2871 tem
541 2816 863 2887 gratiarum
895 2813 1192 2867 Deiferum
1236 2812 1420 2880 fuisti,
1455 2812 1641 2879 Pater,
1678 2812 2038 2865 instrumen-

389 2907 540 2959 tum.

1084 2988 1161 3042 Ad
1190 2989 1252 3041 B.
1292 2989 1347 3043 ν.

460 3080 636 3151 Virgo
669 3077 1031 3151 agricultura
1061 3081 1272 3131 cuncta
1319 3074 1588 3131 facientis
1640 3074 1883 3146 spiritus
1913 3089 2036 3130 om-

389 3169 554 3223 nium
588 3169 831 3223 Domino
865 3182 1078 3237 corpus
1113 3182 1213 3236 pro
1245 3165 1439 3219 fructu
1480 3163 1798 3234 protulisti,
1831 3162 1889 3217 in
1924 3179 2037 3233 quo

2209 592 2269 648 Ὁ
2299 592 2471 645 κανὼν
2507 596 2604 646 τοῦ
2653 592 2825 667 ἁγίου,
2880 593 2941 647 οὗ
2982 596 3015 662 ἡ
3069 595 3386 670 ἀκροστιχίς
3423 613 3435 627 ·
3472 621 3499 647 ‹‹
3533 596 3632 650 Τὸν
3665 602 3784 652 νοῦν

2207 679 2442 755 γεραίρω
2472 685 2577 734 τῶν
2606 686 2787 758 σοφῶν
2820 679 3193 757 διδαγμάτων,
3232 709 3257 734 ››
3282 686 3609 761 Θεοφάνους.

2209 772 2303 841 Τῷ
2332 769 2532 842 Παύλῳ
2560 775 2637 842 τῷ
2670 770 2796 842 θείῳ
2850 773 3205 845 μαθητευθεὶς
3232 778 3311 845 τῷ
3354 780 3461 829 τῶν
3494 774 3784 848 οὐρανίων,

2138 860 2401 926 Διονύσιε,
2461 861 2644 933 θεατῇ,
2721 859 2967 934 οὐράνιος
3048 861 3255 933 μύστης
3316 864 3622 938 παραυτίκα
3697 865 3785 919 καὶ

2139 947 2398 1021 θεηγόρος
2428 946 2823 1023 ἐχρημάτισας.

2208 1037 2267 1094 Ὀ
2301 1038 2486 1110 χάριτι
2544 1038 2660 1108 θείᾳ
2715 1039 3124 1112 καταυγασθεὶς,
3182 1040 3533 1114 καταύγασον,
3584 1041 3787 1115 μάκαρ,

2136 1131 2245 1181 τῶν
2282 1126 2594 1198 ὑμνούντων
2625 1147 2683 1180 σε
2737 1128 2832 1191 τὰς
2887 1128 3068 1201 ψυχάς
3110 1128 3207 1190 τὰς
3266 1130 3361 1190 σὰς
3410 1130 3642 1185 συνιέναι
3669 1133 3789 1185 θεο-

2137 1215 2429 1275 πνεύστους
2464 1212 2830 1282 διδασκαλίας,
2865 1217 3126 1271 Διονύσιε.

2210 1304 2346 1364 Νοὸς
2377 1303 2703 1377 καθαρότητι
2750 1305 2839 1358 καὶ
2888 1306 3075 1379 ψυχῆς
3131 1308 3238 1359 τῶν
3297 1304 3631 1371 ἐπουρανίων
3676 1304 3791 1361 δια-

2137 1394 2359 1464 κόσμων
2388 1392 2485 1453 τὰς
2524 1393 2795 1467 ἀστραπάς
2857 1399 3044 1465 μαθεῖν
3090 1395 3356 1465 ἠξιώθης,
3402 1395 3491 1449 καὶ
3538 1396 3633 1456 τάς
3663 1396 3792 1450 τού-

2137 1504 2246 1536 των
2278 1482 2637 1557 χοροστασίας
2670 1481 2823 1551 ἰδεῖν,
2859 1482 3123 1541 Διονύσιε.

2873 1573 2972 1628 θὸκ
3001 1574 3041 1628 ’.

2210 1659 2450 1736 Νυμφὼν
2514 1658 2833 1733 φωτοφόρος
2916 1666 3014 1729 τῆς
3098 1661 3227 1735 ὑπὲρ
3288 1664 3411 1715 τοῦν
3464 1662 3791 1734 σαρκώσεως

2143 1746 2289 1817 ὤθης
2335 1752 2432 1802 τοῦ
2481 1753 2586 1801 τῶν
2636 1746 2780 1802 ὅλων
2843 1746 3181 1825 δημιουργοῦ
3215 1769 3228 1782 ·
3289 1751 3348 1805 ἐκ
3405 1754 3501 1804 σοῦ
3557 1751 3661 1826 γάρ
3693 1752 3791 1818 τήν

2063 1873 2111 1937 Β
2142 1837 2329 1910 σάρκα,
2364 1842 2672 1909 Θεομῆτορ,
2702 1838 2802 1905 τήν
2834 1836 3103 1911 ἡμετέραν
3134 1840 3470 1914 ἠμφιάσατο,

2214 1924 2492 1998 Οὐρανίων
2550 1924 2755 1998 ἀψίδων
2827 1927 3139 2001 ὑπεραρθεὶς
3208 1927 3342 1995 ὅσιε,
3401 1932 3507 1982 τῶν
3569 1929 3798 2003 ὑπερκο-

2143 2015 2320 2087 σμίων
2349 2016 2443 2075 τὰς
2472 2015 2646 2084 τάξεις
2702 2015 2789 2069 καὶ
2841 2017 2907 2070 τὰ
2955 2016 3350 2088 σσρατεύματα,
3404 2016 3492 2071 καὶ
3518 2018 3613 2078 τάς
3646 2017 3796 2089 λαμ-

2141 2105 2417 2177 πρότητας
2454 2103 2780 2177 ὑψηγορίαις
2830 2108 2936 2157 τῶν
2986 2102 3166 2179 λόγων
3212 2106 3302 2159 καὶ
3332 2106 3629 2183 πανσόφοις
3660 2106 3798 2183 φρά-

2146 2211 2263 2244 σεσε
2290 2198 2420 2244 πᾶσι
2462 2189 2786 2265 ἐτράνωσας.

2215 2279 2463 2353 ’Υψηλῆς
2521 2280 2747 2354 θεωρίας
2821 2279 3175 2357 ἐμφορηθεὶς,
3253 2277 3449 2355 ἔνδοξε,
3536 2283 3635 2351 τήν
3698 2288 3805 2337 τῶν

2148 2368 2429 2439 ὀνομάτων
2479 2373 2586 2423 τῶν
2646 2368 2800 2422 θείων
2858 2369 3145 2442 ἀνάπτυξιν
3204 2370 3591 2445 ἐθεολόγησας,
3650 2392 3808 2446 τρια·

2148 2456 2295 2518 δικὸς
2326 2454 2586 2532 θεολόγος
2614 2456 2849 2533 γεγονὼς
2879 2461 2947 2531 τῇ
2974 2457 3182 2535 χάριτι,
3214 2459 3627 2535 θεομακάριστε.

2216 2633 2524 2710 Νεκρωθεὶς
2568 2638 2685 2697 τοῖς
2731 2639 2963 2710 παροῦσι
3015 2640 3094 2707 τῷ
3145 2636 3280 2711 πρὸς
3330 2638 3457 2691 Θεὸν
3491 2634 3680 2712 ἔρωτι,
3715 2639 3806 2693 καὶ

2146 2724 2445 2801 φιλοσοφία
2498 2723 2764 2785 συντόνως
2807 2723 3297 2800 ἐγγυμνασάμενος,
3355 2730 3461 2780 τῶν
3525 2726 3658 2799 ὑπὲρ
3722 2723 3809 2782 ἕν-

2144 2832 2295 2866 νοιαν
2330 2817 2617 2879 ζωοποιῶν
2677 2814 3035 2888 χαρισμάτων
3086 2814 3351 2890 ςθεοφόρον
3406 2809 3657 2890 ὄργανον,
3696 2817 3809 2870 Πά-

2144 2921 2255 2973 τερ,
2288 2901 2596 2975 γεγίνησαι.

2898 2991 3016 3047 θόκ.

2216 3079 2464 3152 Γεωργία
2514 3078 2749 3153 Παρθένε
2792 3082 2889 3132 τοῦ
2929 3081 3271 3153 παντουργοῦ
3311 3076 3652 3152 Ηνεύματος,
3699 3085 3813 3135 σῶ-

2152 3188 2226 3240 μα
2279 3171 2359 3238 τῷ
2407 3168 2649 3241 Δεσπότῃ
2706 3172 2811 3221 τῶν
2900 3166 3044 3222 ὅλων
3115 3167 3586 3245 ἐκαρποφόρησας,
3647 3168 3703 3223 ὲν
3766 3171 3810 3242 ᾧ

388 3258 593 3311 mundi
620 3260 920 3325 peccatum
946 3253 1374 3322 condemnavit,
1398 3253 1696 3323 vitamque
1718 3268 2029 3323 perennem

2179 3256 2419 3330 ατὲκρινε
2446 3257 2544 3325 τὴν
2607 3255 2870 3331 ἁμαρτίαν
2917 3257 3010 3310 τοῦ
3076 3255 3309 3329 κόσμου,
3341 3257 3431 3311 καὶ
3483 3260 3629 3327 ζωὴν
3666 3259 3810 3330 {1:15-

384 3346 572 3401 instar
603 3345 782 3400 fontis
815 3344 1033 3399 emisit.

457 3437 680 3489 Bonum
729 3434 1121 3489 Ecclesiarum
1173 3432 1436 3486 ordinem
1488 3430 1909 3502 composuisti;
1971 3431 2031 3486 in

383 3524 528 3595 ipsis
577 3523 755 3589 enim,
798 3522 987 3590 Pater,
1022 3521 1327 3576 formando
1378 3520 1691 3591 depinxisti
1743 3519 2032 3590 imagines

382 3629 561 3668 sacrae
594 3610 847 3666 fictionis
878 3611 1159 3664 virtutum
1198 3611 1399 3663 formae
1429 3609 1751 3679 expertium
1785 3607 2031 3675 similes,

382 3718 485 3772 per
508 3717 655 3771 quas
679 3698 1011 3753 instituitur
1033 3715 1097 3752 ac
1121 3697 1453 3752 illustratur
1473 3697 1745 3753 universa
1770 3696 2029 3751 fidelium

384 3788 656 3859 religiosa
687 3786 1082 3858 congregatio.

455 3879 588 3931 Tuis
620 3876 837 3931 ﬂuenta
869 3874 1197 3945 theologia,
1234 3890 1267 3929 a
1298 3874 1411 3928 Deo
1442 3878 1727 3945 correpte,
1749 3880 1914 3945 prata
1945 3891 2033 3929 ra-

382 3964 628 4020 tionalia
656 3970 713 4019 et
745 3980 977 4035 semper
1006 3962 1251 4018 virentia
1281 3967 1455 4033 atque
1489 3962 1542 4017 in
1570 3962 1704 4016 ﬁdei
1739 3962 2034 4017 rectitudi-

383 4070 457 4108 ne
485 4054 715 4108 consita
740 4054 907 4107 valde
947 4052 1225 4123 irrigant;
1260 4053 1545 4106 unitatem
1576 4051 1732 4106 enim
1765 4053 2031 4105 essentia;

384 4144 444 4196 in
478 4158 864 4213 personarum
898 4142 1179 4197 Trinitate
1208 4142 1601 4197 venerandam
1630 4140 2026 4195 monarchiam

384 4231 739 4303 praedicasti.

459 4320 786 4375 Vehemens
816 4319 1156 4375 hierarchize
1187 4320 1439 4375 coalestis
1469 4319 1825 4373 desiderium
1858 4321 2033 4387 atque

386 4427 523 4479 erga
557 4415 735 4465 Deum
769 4426 1051 4476 amorem,
1084 4414 1140 4463 et
1184 4410 1412 4462 firmam
1445 4425 1581 4476 erga
1611 4407 1865 4462 divinam
1900 4424 2033 4461 nec-

388 4516 504 4553 non
522 4498 1176 4567 incomprehensibilem
1196 4496 1565 4551 altitudinem
1588 4497 2032 4567 propensionem

2139 3366 2268 3421 γασε
2295 3348 2394 3414 τήν
2430 3345 2807 3414 αίωνίζουσαν.

2215 3432 2555 3502 Ἑκκλησιῶν
2586 3435 2687 3501 τήν
2743 3432 3038 3505 εὐκοσμίαν
3089 3432 3418 3509 ἐρῥύθμισας
3453 3454 3466 3467 ·
3520 3432 3571 3487 ἐν
3605 3435 3809 3497 αὐταῖς

2138 3522 2262 3597 γὰρ,
2325 3521 2518 3595 Πάτερ,
2580 3520 2971 3600 ἐζωγράφησας
3035 3527 3395 3598 μορφωτικῶς
3444 3524 3661 3588 τύπους
3712 3525 3811 3597 ἐμ-

2142 3615 2318 3685 φερεῖς
2370 3610 2757 3683 ἱεροπΛαοτίας
2810 3615 2919 3665 τῶν
2971 3611 3315 3687 ἀμορφώτων
3371 3609 3688 3685 δυνάμεων,
3738 3613 3807 3668 δι’

2141 3698 2217 3751 ὧν
2249 3698 2490 3774 θεόφρων
2524 3700 2818 3775 ὁμήγυρις.

2211 3880 2424 3955 Ῥειθρα
2452 3884 2551 3947 τῆς
2577 3885 2674 3947 σῆς
2722 3877 3026 3953 θεολογίας,
3078 3874 3368 3951 θεόληπτε,
3416 3877 3544 3941 τοὺς
3581 3877 3808 3953 λειμῶ-

2140 3988 2231 4027 νας
2262 3964 2388 4042 ἇγαν
2447 3964 2834 4038 καταρδεύουσι
2889 3965 3018 4027 τοὺς
3074 3966 3332 4040 λογικοὺς
3386 3966 3476 4021 καὶ
3521 3967 3807 4031 ἀειθαλεῖς

2140 4057 2229 4111 καὶ
2260 4055 2693 4133 πεφυτευμένους
2752 4055 2837 4109 ἐπὶ
2890 4052 3179 4129 δογμάτων
3232 4056 3537 4130 ὀρθότητι·
3590 4057 3810 4128 μονάδα

2141 4146 2243 4219 γὰρ
2278 4144 2458 4206 οὐσίας
2489 4144 2538 4198 ἐν
2571 4142 2759 4219 Τριάδι
2790 4144 3099 4217 προσώπων
3131 4146 3229 4213 τὴν
3265 4148 3463 4215 σεπτήν
3496 4147 3813 4222 μοναρχίαν

2144 4234 2425 4308 ἐκήρυξας.

2216 4322 2541 4397 Ἀγγελικῆς
2575 4320 2858 4397 ἱεραρχίας
2881 4322 2973 4376 τὸν
3007 4320 3285 4391 σύντονον,
3317 4322 3575 4396 ἱεράρχα,
3611 4327 3811 4393 πόθον,

2142 4412 2231 4466 καὶ
2261 4412 2353 4465 τὸν
2382 4410 2555 4486 ἔρωτα
2586 4412 2719 4483 πρὸς
2774 4412 2866 4464 τὸν
2921 4411 3073 4477 Θεὸν,
3124 4411 3212 4464 καὶ
3259 4411 3358 4477 τήν
3400 4410 3596 4480 ἀκλινῆ
3633 4418 3810 4467 νεῦσιν

2144 4501 2281 4575 πρὸς
2327 4501 2388 4553 τὸ
2447 4501 2581 4573 ὕψος
2632 4501 2692 4553 τὸ
2752 4505 2893 4562 θεῖον
2952 4499 3040 4553 καὶ
3112 4498 3496 4569 ἀκατάληπτον
3555 4498 3813 4571 ἐδίδαξας

388 4591 707 4660 prudenter
738 4588 987 4643 docuisti
1038 4604 1135 4643 eos
1168 4587 1266 4657 qui
1300 4587 1358 4640 in
1390 4586 1503 4641 ﬁde
1544 4589 1817 4654 clamant,
1853 4586 2029 4657 gloria

2180 4590 2435 4666 μφρόνως
2464 4588 2591 4649 τοὺς
2654 4588 2705 4643 ἐν
2758 4587 2935 4644 πίστει
2992 4589 3257 4663 βοῶντας,
3310 4592 3378 4662 τῇ
3440 4585 3675 4661 δυνάμει
3720 4612 3815 4645 σου

389 4678 663 4748 potestati
698 4682 832 4744 tuae,
867 4692 898 4730 ο
931 4692 1140 4730 amans
1174 4676 1502 4730 hominum.

1000 4765 1148 4819 337
1183 4763 1260 4819 Ad
1292 4766 1353 4819 Β.
1390 4764 1444 4819 ν.

458 4860 630 4910 Sacer
676 4853 884 4909 salutis
917 4859 1186 4923 operator
1222 4854 1332 4907 fuit
1364 4852 1543 4906 Filius
1589 4856 1730 4907 tuus
1761 4854 2037 4909 omnibus

388 4949 448 4999 te
480 4943 863 4998 laudantibus
919 4947 975 4996 et
1013 4941 1114 4995 via:
1145 4946 1197 4994 et
1230 4941 1379 4994 lucis
1434 4941 1641 4995 ductor
1689 4945 1743 4995 et
1785 4942 2032 5010 justitia,

387 5033 587 5103 Virgo,
623 5037 678 5086 et
724 5031 1048 5101 redemptio
1084 5046 1095 5083 :
1131 5034 1432 5099 pr0pterea
1462 5034 1517 5081 te
1561 5029 1886 5099 Deiparam,
1910 5046 2038 5085 vere

391 5138 457 5176 ac
492 5122 724 5191 proprie
758 5120 1116 5174 unanimiter
1147 5118 1552 5189 praedicamus.

464 5295 652 5348 Sonus
684 5293 992 5347 verborum
1026 5295 1287 5352 tuorum,
1310 5294 1589 5362 tanquam
1616 5291 1867 5347 ccelestis
1890 5311 2039 5363 qua:-

391 5383 526 5435 dam
562 5398 668 5436 vox
690 5381 920 5435 delatus
944 5386 1169 5435 mentes
1194 5379 1293 5435 Dei
1326 5386 1591 5452 expertes
1614 5383 1893 5437 attonitas
1916 5384 2036 5437 red-

389 5469 540 5525 didit
582 5469 779 5539 gratize
829 5486 1121 5536 sermone,
1155 5488 1221 5524 ac
1271 5470 1596 5524 divinarum
1652 5468 2039 5528 lucidissimis

390 5558 788 5613 doctrinarum
822 5558 1002 5614 radiis
1033 5560 1209 5613 corda
1241 5558 1501 5614 ﬁdelium
1534 5558 1908 5625 illuminavit.

2150 4677 2298 4749 δόξα,
2332 4676 2699 4753 φιλάνθρωπε.

2913 4774 3031 4831 θόκ.

2216 4856 2515 4931 Ἱερουργὸς
2546 4863 2648 4925 τῆς
2703 4856 2973 4931 σωτηρίας
3025 4854 3234 4929 ἐγένετο
3292 4856 3319 4908 ὁ
3378 4854 3501 4916 Υἱός
3544 4875 3649 4910 σου
3681 4861 3810 4911 πᾶσι

2144 4949 2261 5005 τοῖς
2315 4942 2543 5017 ὑμνοῦσί
2601 4965 2657 4997 σε
2712 4945 2799 4997 καὶ
2882 4941 3122 5017 ποδηγὸς
3178 4942 3269 4997 καὶ
3327 4945 3672 5019 φωταγωγὸς
3723 4944 3810 4997 καὶ

2148 5031 2485 5102 δικαιοσύνη.
2536 5032 2792 5107 ΙΙαρθὲνε,
2842 5033 2931 5087 καὶ
2990 5030 3371 5105 ἀπολύτρωσις
3405 5052 3416 5064 ·
3472 5028 3555 5085 διὸ
3591 5030 3653 5087 δὲ
3680 5040 3810 5085 Θεο-

2144 5123 2304 5176 τόκον
2340 5120 2562 5191 ἀληθῶς
2591 5121 2679 5175 καὶ
2726 5122 2927 5195 κυρίως
2978 5122 3029 5175 o't
3078 5120 3261 5175 πιστοὶ
3292 5119 3626 5197 άμοφρόνως
3654 5118 3815 5191 δοξά-

2151 5216 2208 5279 ζο
2218 5232 2311 5283 μεν
2322 5256 2334 5268 ,

2219 5297 2508 5371 Ῥημάτων
2558 5320 2663 5361 σου
2710 5300 2738 5352 ὁ
2830 5298 3086 5375 φθόγγος,
3176 5293 3358 5370 ὥσπερ
3424 5318 3506 5358 τις
3557 5297 3819 5372 οὐράνιος

2146 5388 2287 5460 ᾔχος
2349 5390 2666 5463 φερόμενος,
2750 5387 2846 5448 τάς
2906 5387 3096 5449 ἀθέους
3168 5387 3362 5462 φρένας
3420 5381 3816 5459 κατεϐρόντησε

2148 5473 2301 5549 λόγῳ
2332 5483 2430 5544 τῆς
2464 5477 2719 5549 χάριτος,
2750 5477 2840 5530 καὶ
2891 5472 3178 5547 δογμάτων
3228 5472 3383 5528 θείων
3422 5476 3815 5548 μαρμαρυγαῖς

2147 5569 2269 5626 ταῖς
2304 5566 2630 5641 φανοτάταις
2657 5568 2762 5619 τῶν
2816 5568 3023 5620 πιστῶν
3066 5564 3160 5626 τὰς
3190 5560 3413 5639 καρδίας
3447 5561 3813 5639 ἐλάμπρυνεν.

464 5686 488 5710 "
521 5682 889 5739 Abbreviatio
920 5685 1081 5742 voois
1111 5682 1379 5756 Θεοτόκῳ,
1410 5685 1471 5743 h.
1502 5702 1553 5742 e.
1589 5688 1867 5759 Deiparz.
1900 5687 2060 5745 Em'r.
2094 5693 2262 5747 Pam.
