4020 6358
138 372 229 428 581

1215 368 1622 434 ENCOMIUM,
1664 370 1763 423 EX
1802 370 2090 423 ΜΕΝΕΙΒ
2130 365 2433 423 GRECIS.

3429 367 3537 421 582

205 488 509 562 Ὧμοιὼθης
550 486 775 572 ἐμπόρῳ
820 490 900 559 τῷ
944 485 1069 547 τοὺς
1116 486 1446 561 μαργαρίτας
1499 490 1771 557 ζητοῦντι,

1960 488 2181 543 Similis
2238 488 2398 543 fuisti
2460 489 2765 544 mercatori
2824 490 3169 561 margaritas
3228 490 3535 560 quaerenti,

139 573 411 646 πανόλϐιε,
443 576 529 631 καὶ
581 576 748 650 εὑρὼν
794 576 886 629 τὸν
928 574 1021 629 ἵνα
1070 574 1409 649 μαργαρίτην
1460 574 1553 630 τὸν
1604 571 1773 638 ὅντως

138 666 458 738 πολύτιμον,
484 664 574 718 καὶ
606 664 880 737 θαυμάσας
904 663 1102 718 τούτου
1132 664 1226 727 τὰς
1260 666 1551 738 θεουργοὺς
1603 685 1776 740 φωτο-

138 752 339 818 εολίας,
373 755 629 829 ἱεράρχα,
661 753 785 807 Θεὸν
812 750 1205 826 ὡμολόγησας.

201 845 299 912 Τήν
358 842 540 914 πηγὴν
585 848 684 908 τῆς
743 839 932 917 σοφίας
981 838 1516 917 ἐμφιλοσοφώτατα.
1576 838 1773 911 ΙΙάτερ,

138 931 437 1005 ἠγάπησας,
480 929 569 983 καὶ
618 932 698 1000 τῷ
741 927 942 998 ταύτης
994 927 1206 1002 φίλτρῳ
1235 928 1323 982 καὶ
1356 928 1541 1002 ἀγάπῃ
1576 947 1777 999 συμπε-

141 1018 504 1095 ριφερόμενος,
554 1015 863 1077 πολλοστὸς
914 1015 1118 1091 ἐγένου,
1163 1015 1252 1069 καὶ
1284 1015 1569 1089 ποταμοὺς
1616 1014 1772 1078 θείων

137 1108 376 1179 ναμάτωγ
410 1103 645 1167 ἀεννάως
672 1104 960 1178 πηγάζεις,
992 1103 1328 1161 θεόπνευστε.

888 1221 1009 1276 θόκ.

196 1336 277 1398 Ὠς
317 1333 740 1409 κεχαριτωμένη
786 1335 886 1402 τὴν
942 1332 1279 1388 καλλοποιὸν
1344 1330 1641 1408 ὑπιρεδέξω
1690 1330 1775 1385 εὐ-

136 1422 374 1499 πρέπειαν
423 1425 523 1492 τὴν
574 1422 641 1476 τὰ
683 1424 856 1476 πάντα
907 1422 1054 1495 μόνῳ
1099 1423 1178 1494 τῷ
1239 1420 1551 1496 βουλήματι
1611 1441 1776 1475 κατα-

136 1515 470 1578 σκευάσασαν,
522 1514 609 1566 καὶ
655 1517 735 1583 τῷ
796 1512 924 1583 θείῳ
968 1510 1162 1566 κάλλει
1211 1511 1300 1565 καὶ
1355 1516 1624 1589 φωτισμῷ
1677 1518 1777 1581 τῆς

138 1595 413 1669 εὐσεϐείας,
448 1603 754 1673 Θεομῆτορ,
788 1602 936 1672 ἡμᾶς
967 1598 1419 1655 καλλωπίσασαν.

200 1688 465 1762 Νομίμως
498 1685 813 1763 φἰλοσὸφων
843 1688 1031 1766 σοφίας
1066 1686 1225 1764 δώρῳ
1256 1688 1536 1763 ἐπέτυχεςο
1584 1686 1775 1749 ἐνθέως

140 1777 458 1854 ἔνθεολογῶν
490 1774 750 1853 ὁρθόδοξα
782 1775 1044 1853 δόγματα,
1095 1776 1422 1852 παμμάκαρ,
1469 1776 1776 1849 κατέλιπες,

136 1868 198 1920 ὧν
224 1866 614 1941 κατετρύχθης·
649 1867 703 1919 οἱ
732 1866 915 1920 πιστοὶ
949 1866 1006 1919 σὲ
1042 1864 1433 1937 μακαρίζομεν.

197 2046 410 2100 Συνέσει
460 2048 767 2119 θεοπρεπεῖ,
822 2042 1071 2121 θεόφρον,
1122 2041 1635 2115 καλλωπιζόμενος,
1694 2046 1773 2113 τῷ

136 2134 249 2205 θείῷ
302 2137 651 2207 μυσταγωγῷ
705 2133 766 2185 τὸ
821 2132 912 2192 οὐς
963 2152 1057 2185 σου
1100 2130 1473 2204 ὑπερὲκλινας,
1524 2131 1615 2185 καὶ
1673 2132 1770 2199 τὴν

140 2223 494 2298 ὑπερκόσμιον
530 2221 616 2279 ὑπῗ
649 2220 812 2275 αὐτοῦ
836 2219 1023 2294 σοφίαν
1052 2220 1322 2292 ἐμυήθης,
1355 2218 1619 2275 Διονύσιε.

194 2402 249 2457 Ὁ
281 2400 409 2474 βίος
440 2420 535 2453 σου
586 2397 912 2470 θαυμαστὸς,
951 2398 979 2451 ὁ
1028 2397 1193 2470 λόγος
1225 2397 1689 2471 θαυμασιώτερος,
1740 2397 1775 2463 ἡ

138 2487 351 2563 γλῶσσά
404 2508 501 2541 σου
533 2486 845 2564 φωταυγής,
894 2486 955 2539 τὸ
1001 2486 1177 2557 στόμα
1212 2484 1536 2559 πυρίπνοον,
1602 2484 1777 2557 μάκαρ

136 2577 385 2631 Διονύσιε·
421 2577 448 2630 ὁ
482 2574 539 2630 δὲ
568 2579 689 2636 νοῦς
734 2594 851 2642 σου,
906 2573 1099 2647 Πάτερ,
1161 2568 1399 2646 ἀκριϐῶς
1452 2570 1782 2635 θεοιιδὲστα-

138 2686 235 2728 τος.

891 2770 1015 2825 θόκ.

194 2879 396 2947 Φωνήν
444 2898 529 2931 σοι
576 2880 677 2931 τοῦ
722 2870 987 2949 Γαϐριὴλ,
1019 2876 1081 2930 τὸ
1115 2876 1303 2949 Χαῖρε,
1337 2876 1515 2928 πίστει
1546 2872 1781 2948 κραυγά-

138 2971 317 3038 ζομεν,
351 2965 400 3036 ἐξ
431 2965 499 3033 ἦς
553 2963 836 3042 ἀφράστως
878 2965 1014 3037 ἡμῖν
1056 2965 1083 3018 ὁ
1132 2966 1593 3038 ζωαρχικώτατος
1643 2962 1779 3033 ἀνὴρ

136 3055 466 3129 ἐχρημάτισε
511 3054 605 3109 καὶ
654 3055 1049 3130 συνανεστράφη
1099 3058 1215 3116 τοῖς
1262 3052 1572 3128 ἀνθρώποις
1623 3053 1651 3105 ὁ
1694 3073 1780 3129 φι-

133 3142 463 3219 λάνθρωπος.

192 3215 279 3295 Ὠς
321 3228 534 3308 ὅμςροσ
564 3230 813 3307 οὐράνιος
846 3229 895 3285 ἐν
928 3234 997 3303 γῇ
1027 3228 1236 3303 διψώσῃ
1260 3230 1327 3283 τὰ
1357 3229 1421 3283 ait
1470 3226 1775 3301 διδάγματα
1806 3215 1849 3282 C

137 3325 226 3373 τῶν
254 3326 467 3375 πιστῶν
496 3321 592 3384 τὰς
628 3318 852 3393 καρδίας
898 3320 979 3372 ἀεὶ
1028 3317 1299 3381 ποθούσας
1344 3316 1781 3383 καταπιαίνουσι,

134 3410 211 3461 καὶ
242 3408 551 3482 ἆκορὲστως
589 3410 716 3482 βοᾷν
747 3405 1172 3462 ἑκδιδάσκουσιν·
1220 3404 1538 3480 Εὐλογητὸς
1571 3406 1597 3458 ὁ
1647 3404 1784 3467 Θεὸς

141 3498 290 3551 ὁτῶν
325 3497 570 3572 πατέρων
604 3499 785 3568 ἡμῶν.

204 3592 436 3660 Δοχεῖον
468 3584 781 3657 Πνιύματος
812 3587 908 3637 τοῦ
936 3583 1198 3658 παναγίου
1232 3580 1417 3661 ὤφθης
1451 3581 1782 3655 ἐνάρμοστον

138 3673 217 3727 καὶ
248 3679 316 3747 τῇ
346 3674 543 3728 τούτου
574 3672 861 3747 ἐμπνεύσει
889 3673 977 3727 καὶ
1002 3673 1299 3747 φανερώσει
1322 3673 1786 3747 προφητικώτατα

138 3763 536 3838 προαγορεύων,
582 3762 713 3837 σοφὲ
762 3762 1026 3829 Διονύσιε,
1088 3759 1426 3834 Εὐλογητὸς,
1487 3754 1711 3831 ἐκϐοῶν,
1758 3760 1785 3812 ὁ

140 3854 236 3904 τῶν
272 3852 521 3928 πατέρων
556 3850 707 3913 Θεός.

904 4050 1023 4107 θόκ.

207 4151 347 4210 Ἰδοὺ
404 4151 496 4207 νῦν
548 4148 907 4225 πεπλήρωται
957 4154 1052 4203 τοῦ
1094 4147 1314 4205 Ἠσαίου
1368 4152 1401 4218 ἡ
1458 4149 1791 4224 προαγόρευ-

152 4262 247 4303 σις⁹
301 4242 351 4297 ἐν
405 4242 597 4316 γαστρί
658 4260 775 4306 σου,
827 4239 1081 4313 Παρθένε,
1137 4240 1230 4292 τὸν
1288 4238 1467 4312 Λόγον
1504 4235 1659 4312 ἔσχες
1700 4239 1790 4292 καὶ

150 4330 448 4401 ἀπεκύησας
504 4331 598 4383 τὸν
659 4324 956 4396 ζωοδότην,
1017 4328 1062 4398 ᾧ
1119 4328 1313 4387 πάντες
1368 4329 1785 4401 κραυγάζομεν·

146 4418 455 4494 Εὐλογητὸς
487 4420 514 4472 ὁ
548 4416 699 4478 Θεός.

213 4509 471 4585 Διαφανές
523 4507 597 4567 ὡς
647 4501 908 4579 ἔσοπτρον
959 4504 1221 4580 γεγονὼς,
1258 4503 1522 4575 Διονύσιε,
1553 4504 1643 4557 καί
1675 4523 1791 4577 χω-

150 4584 359 4669 ρητικὸν
402 4600 512 4651 τῶν
565 4599 813 4669 καθαρῶν
858 4593 1144 4670 ἐμφάσεων
1196 4593 1288 4647 τὸν
1323 4597 1445 4646 νοῦν
1498 4591 1789 4666 ἐργασάμε-
1827 4584 1872 4648 Ι)

151 4708 232 4749 νος
262 4686 332 4742 δι’
379 4688 601 4762 ἀρετῆς,
631 4680 918 4753 πανόλϐιε,
968 4685 1062 4745 τὰς
1115 4683 1476 4757 μαρμαρυγὰς
1504 4688 1613 4736 τῶν
1666 4683 1795 4757 ὑπὲρ

152 4780 262 4829 νοῦν
322 4772 699 4849 λαμπηδόνων
749 4770 1085 4847 δεχόμενος,
1147 4766 1339 4832 ἐϐόαςο
1398 4774 1578 4845 Ἰερεῖς
1639 4770 1797 4825 εὐλο-

158 4869 307 4933 γεῖτε.

220 4952 595 5029 Ἀφθονωτὲρα
672 4952 835 5025 χάρις
913 4970 1007 5003 σου
1075 4948 1301 5023 ἐξεχύθη
1360 4953 1476 5009 τοῖς
1534 4949 1797 5024 χείλεσιν

160 5037 265 5101 ὅθεν
329 5042 423 5103 τὰς
493 5039 705 5100 ἐνθέους
767 5035 993 5112 διδαχάς
1052 5039 1381 5109 παρέθηκας,
1436 5039 1533 5106 τὴν
1591 5038 1797 5092 τούτων

163 5122 385 5182 διάνοιαν
451 5130 736 5203 ὑπερφυῶς
768 5130 905 5196 ἡμῖν
932 5125 1201 5196 ἐξαπλῶν,
1234 5126 1322 5180 καὶ
1357 5124 1678 5198 διατρανῶν,
1709 5128 1796 5179 καὶ

160 5215 434 5290 τηλαυγῶς
462 5215 811 5270 ἀναπτύσσων
844 5222 957 5278 τοῖς
990 5216 1165 5271 πίστει
1200 5212 1564 5288 μελῳδοῦσιψ
1599 5216 1800 5290 Ἱερεῖς,

165 5303 452 5379 εὐλογεῖτε.

227 5392 619 5468 Γνωριμωτέρα
684 5393 877 5467 γέγονε
944 5390 1033 5447 διὰ
1108 5396 1226 5461 σοῦ,
1291 5392 1554 5463 Διονύσιε,
1615 5393 1649 5460 ἡ
1697 5396 1805 5446 τῶν

164 5480 449 5551 Ἀθηναίων
486 5480 713 5551 εὐκλεὴς
751 5482 1121 5557 μητρόπολις,
1153 5487 1371 5554 Χριστῷ
1409 5482 1807 5557 προσενέγκασα

162 5570 244 5623 καὶ
274 5570 520 5647 ἄπαρχον
552 5573 808 5647 πανίερον
834 5576 912 5643 τῷ
942 5566 1284 5645 παμϐασιλεῖ
1325 5569 1587 5642 διηνεκῶς
1623 5570 1805 5645 μελῳ-

166 5653 346 5718 δοῦσι.
378 5660 447 5718 Οἱ
478 5657 689 5731 παῖδες,
723 5660 1021 5738 εὐλογεῖτε.

1886 577 2254 643 beatissime;
2287 594 2517 647 unaque
2541 594 2737 632 revera
2770 577 3196 648 pretiosissima
3222 579 3538 647 margarita

1886 666 2142 733 inventa,
2177 682 2243 720 ac
2275 668 2403 735 ejus
2434 666 2671 721 deiﬁcas
2705 668 2954 721 miratus
2985 666 3134 721 lucis
3165 667 3535 734 emissiones,

1889 754 2212 820 hierarcha,
2248 755 2427 809 Deum
2461 771 2523 809 es
2554 758 2883 810 confessus.

1956 844 2265 914 Sapientiae
2316 844 2532 899 fontem
2580 843 3038 915 sapientissime,
3075 848 3262 909 Pater,
3297 845 3532 913 amasti,

1884 934 2131 1001 ejusque
2164 932 2378 1001 philtro
2405 937 2461 987 et
2486 949 2683 986 amore
2712 934 3107 987 circumactus
3142 950 3294 987 unus
3325 950 3355 987 e
3386 934 3534 987 mul-

1885 1021 1961 1075 tis
2010 1020 2194 1086 fuisti,
2247 1021 2607 1091 tluminaque
2649 1021 2979 1075 divinorum
3025 1020 3287 1091 laticum,
3340 1022 3535 1076 afflate

1886 1109 2026 1169 Deo.
2062 1109 2394 1180 perenniter
2426 1109 2589 1164 facis.

2578 1224 2655 1279 Ad
2684 1225 2746 1278 Β.
2788 1226 2841 1280 ν.

1961 1336 2127 1392 Velut
2155 1337 2342 1409 gratia
2374 1338 2543 1409 plena
2576 1338 2985 1409 pulchriﬁcum
3011 1355 3190 1409 supra
3211 1355 3418 1395 omnes
3448 1355 3537 1395 ac-

1887 1427 2090 1497 cepisti
2143 1427 2558 1497 decorem.qui
2590 1426 2888 1481 voluntate
2936 1427 3060 1481 sola
3092 1428 3356 1483 condidit
3403 1430 3534 1483 uni-

1885 1532 2075 1584 versa,
2107 1515 2423 1586 divinaque
2470 1515 2929 1587 pulchritudine,
2963 1522 3136 1586 atque
3185 1516 3420 1588 pietatis
3464 1516 3531 1570 il-

1889 1603 2261 1670 lustratione,
2298 1605 2392 1659 Dei
2423 1604 2693 1675 genitrix,
2725 1605 3079 1661 venustavit.

1961 1693 2130 1764 Legis
2178 1693 2516 1764 praescripto
2550 1693 3034 1764 philosophorum
3085 1694 3390 1764 sapientia;
3428 1695 3535 1749 do-

1889 1798 2032 1836 num
2065 1786 2436 1848 consecutus,
2472 1780 2663 1835 divine
2704 1781 2817 1835 Deo
2860 1781 3067 1850 plenus
3098 1783 3169 1836 de
3202 1788 3368 1837 rectaa
3400 1783 3537 1837 fidei

1806 1860 1854 1924 Β
1886 1869 2263 1941 dogmatibus
2295 1869 2615 1932 disserens,
2650 1870 2985 1936 deseruisti,
3019 1870 3378 1939 beatissime,
3404 1871 3538 1941 qui-

1882 1959 1996 2013 bus
2029 1958 2438 2013 absumebaris
2474 1976 2485 2012 :
2522 1957 2723 2013 ﬁdeles
2755 1962 2811 2013 te
2844 1958 3109 2013 beamus.

1955 2047 2042 2101 Tu
2074 2048 2172 2110 qui
2207 2046 2406 2101 divina
2457 2046 2637 2117 sapis,
2671 2052 2851 2100 Deum
2881 2047 3120 2100 decente
3170 2052 3414 2102 ornatus
3444 2048 3538 2102 in-

1884 2135 2146 2197 tellectu,
2178 2136 2245 2189 ad
2284 2136 2546 2188 divinum
2598 2138 3016 2205 praeceptorem
3067 2152 3238 2190 aures
3288 2141 3419 2190 tuas
3452 2136 3540 2191 in-

1887 2224 2151 2293 clinasti,
2210 2240 2275 2277 ac
2330 2222 2873 2293 supermundanam
2934 2223 3007 2277 ab
3061 2238 3127 2277 eo
3187 2224 3539 2295 sapientiam

1886 2314 2127 2368 edoctus
2161 2327 2244 2376 es,
2278 2310 2538 2381 Dionysi.

1956 2400 2089 2454 Vita
2118 2404 2218 2454 tua
2246 2399 2634 2465 admirabilis,
2659 2414 2852 2454 sermo
2884 2399 3313 2469 admirabilior,
3339 2400 3542 2471 lingua

1887 2492 1991 2543 tua
2022 2488 2351 2559 spiendida,
2385 2503 2449 2540 os
2481 2492 2649 2541 tuum
2684 2486 2879 2557 ignem
2915 2487 3167 2559 spirans,
3204 2488 3372 2543 beate
3399 2488 3539 2542 Dio-—

1887 2577 2039 2648 nysi,
2074 2582 2175 2631 tua
2207 2593 2335 2631 vero
2387 2592 2572 2643 mens,
2607 2576 2795 2644 Pater,
2830 2592 3061 2631 summe
3093 2576 3209 2632 Dco
3248 2593 3426 2648 quam
3459 2577 3539 2633 si-

1891 2665 2164 2720 millima.

2578 2771 2660 2826 Ad
2688 2773 2751 2825 Β.
2794 2772 2847 2827 ν.

1960 2876 2044 2931 Ad
2079 2881 2135 2930 te
2165 2874 2453 2930 Gabrielis
2501 2890 2721 2943 vocem,
2755 2874 2881 2941 Ave,
2930 2873 3043 2928 fide
3093 2872 3442 2942 clamamus,
3475 2889 3545 2929 ex

1891 2981 2009 3037 qua
2048 2964 2216 3020 nobis
2270 2964 2641 3019 ineﬂ‘abiliter
2671 2962 2768 3034 qui
2801 2961 3291 3017 excellentissime
3340 2970 3544 3018 auctor

1890 3056 1979 3106 est
2008 3052 2161 3113 vitae,
2198 3051 2279 3105 vir
2308 3058 2480 3106 natus
2510 3057 2619 3117 est,
2655 3068 2720 3105 ac
2755 3066 2885 3105 cum
2921 3050 3265 3105 hominibus
3297 3065 3542 3106 conver-

1891 3148 2054 3194 satus
2086 3140 2180 3193 ille
2214 3140 2520 3194 hominum
2556 3156 2784 3194 amans.

1958 3228 2121 3283 Sicut
2153 3228 2403 3283 caelestis
2454 3228 2641 3282 imber
2682 3228 2741 3281 in
2791 3227 3011 3281 sitienti
3064 3231 3219 3281 terra
3264 3227 3547 3282 doctrinas

1890 3321 2003 3371 tua:
2039 3316 2297 3370 fidelium
2342 3317 2515 3370 corda
2564 3332 2796 3386 semper
2842 3315 3012 3369 avida
3060 3314 3453 3386 impinguant,
3488 3320 3547 3370 et

1893 3406 2104 3459 docent
2160 3404 2574 3459 insatiabiliter
2629 3403 2883 3457 clamare
2931 3420 2942 3457 :
2986 3404 3336 3457 Benedictus
3392 3405 3547 3458 Deus

1894 3500 2131 3565 patrum
2165 3498 2523 3547 nostrorum.

1966 3581 2328 3637 Concinnum
2378 3580 2632 3650 Spiritus
2686 3579 2872 3633 sancti
2933 3577 3337 3633 habitaculum
3388 3579 3553 3635 visus

1896 3686 1979 3733 es,
2006 3674 2180 3740 atque
2213 3668 2389 3738 hujus
2415 3668 2795 3737 inspiratione
2817 3683 2884 3721 ac
2908 3665 3304 3722 declaratione
3332 3684 3401 3722 ea
3421 3685 3552 3739 quae

1898 3758 2198 3830 prophetis
2231 3757 2467 3829 propria
2513 3762 2671 3825 sunt,
2706 3772 2884 3828 quam
2920 3756 3171 3810 maxime
3202 3757 3548 3827 praedicens,

1900 3840 2135 3917 sapiens
2165 3846 2427 3915 Dionysi,
2457 3845 2794 3900 exclamans
2829 3859 2841 3899 :
2877 3844 3229 3900 Benedictus
3260 3845 3415 3900 Deus
3448 3862 3551 3917 pa-

1898 3938 2080 3989 trum.

2592 4040 2670 4093 Ad
2702 4040 2761 4092 Β.
2805 4040 2857 4095 ν.

1972 4160 2112 4209 Ecce
2146 4171 2299 4209 nunc
2333 4152 2638 4224 impletum
2674 4157 2763 4206 est
2794 4152 2954 4207 Isaiae
2987 4152 3367 4210 vaticinium:
3401 4155 3553 4210 838

1900 4244 1959 4298 in
1998 4248 2161 4298 utero
2195 4249 2315 4309 tuo,
2352 4242 2545 4312 Virgo,
2578 4241 2833 4295 Verbum
2877 4241 3137 4295 habuisti
3170 4245 3557 4314 datoremque

1901 4333 2033 4386 vitae
2080 4331 2359 4403 genuisti,
2393 4330 2485 4384 cui
2538 4329 2868 4384 clamamus
2919 4347 3123 4385 omnes
3160 4346 3172 4386 :
3216 4332 3559 4387 Benedictus

1906 4426 2076 4475 Deus.

1977 4509 2048 4563 Ut
2079 4514 2459 4578 transparens
2510 4506 2811 4575 speculum
2868 4505 3051 4574 fuisti,
3092 4508 3347 4579 Dionysi,
3381 4524 3554 4579 pura-

1906 4612 2438 4666 rumquecapacem
2468 4594 2930 4649 illustrationum
2958 4598 3211 4648 mentem
3239 4595 3451 4651 virtute
3476 4601 3559 4651 ct-

1907 4686 2121 4751 l'ecisti,
2152 4702 2183 4739 o
2222 4684 2557 4738 felicissime
2592 4702 2601 4735 :
2637 4683 3024 4737 scintillarum
3083 4689 3335 4738 mentem
3385 4701 3558 4740 exce-

1908 4774 2171 4829 dentium
2226 4771 2567 4843 splendores
2614 4771 2945 4842 suscipiens
2978 4771 3278 4828 clamabas
3313 4789 3324 4827 :
3360 4773 3561 4828 Sacer-

1907 4865 2096 4931 dotes,
2130 4860 2475 4917 benedicite.

1977 4942 2506 5006 Abundantissima
2538 4948 2749 5003 diffusa
2780 4952 2868 5002 est
2900 4948 2959 5002 in
2985 4946 3157 5003 labiis
3182 4948 3296 5003 tuis
3328 4950 3557 5019 gratia;

1908 5042 2064 5096 unde
2096 5040 2393 5094 doctrinas
2422 5039 2531 5092 Deo
2556 5037 2757 5107 plenas
2781 5038 3163 5108 proposuisti,
3198 5037 3403 5092 harum
3433 5056 3565 5093 sen-

1910 5148 2039 5185 sum
2074 5132 2242 5183 modn
2261 5133 2529 5181 naturam
2547 5126 2809 5180 vincente
2831 5125 3129 5196 explicans
3155 5132 3211 5179 et
3233 5125 3561 5196 declarans,

1910 5236 1977 5275 ac
2009 5218 2334 5273 clarissime
2367 5216 2634 5286 aperiens
2667 5214 2835 5269 nobis
2868 5214 2967 5285 qui
3004 5215 3114 5269 fide
3137 5215 3406 5271 canimus
3432 5234 3443 5270 :
3468 5223 3567 5273 Sa-

1911 5308 2199 5373 cerdotes,
2235 5304 2585 5359 benedicite.

1986 5395 2303 5452 Notissima
2352 5393 2463 5447 fuit
2516 5409 2617 5461 per
2672 5398 2745 5459 te,
2795 5391 3054 5462 Dionysi,
3092 5391 3337 5447 celebris
3390 5394 3569 5448 Athe-

1914 5484 2209 5547 niensium
2259 5479 2615 5550 metropolis,
2644 5479 2780 5533 dum
2816 5479 3047 5534 Christo
3096 5481 3565 5537 sacratissimum

1913 5574 2092 5628 etiam
2141 5569 2448 5642 praesulem
2498 5567 2732 5633 obtulit,
2765 5569 3026 5624 omnium
3082 5570 3201 5643 regi
3253 5572 3565 5628 concinens

1912 5664 2196 5734 perpetuo
2232 5676 2245 5715 :
2279 5656 2467 5728 Pueri,
2502 5657 2851 5713 benedicite.
