4020 6358
503 386 608 440 583

1188 510 1276 565 Ad
1305 512 1366 564 Β.
1404 511 1458 565 ν.

577 599 760 653 Mater
807 598 908 653 Dei
958 597 1518 669 irreprebensibilis,
1579 599 1784 654 animae
1834 614 1979 653 meae
2021 598 2149 654 vul-

504 704 665 756 nera,
698 692 755 741 et
786 687 1004 759 peccati
1059 688 1359 741 cicatrices
1391 688 1545 754 dele;
1580 688 1790 743 Filium
1839 688 1997 743 enim
2047 705 2147 760 ge-

504 776 708 839 nuisti,
742 777 844 847 qui
879 781 1226 848 potestatem
1280 776 1458 831 habet
1510 778 1731 831 catenis
1760 777 1988 847 lapsum
2021 778 2147 832 vin-

500 870 625 921 ctos
656 884 725 922 ex
756 866 1269 923 indissolubilibus
1318 867 1564 922 vinculis
1609 867 1775 923 facile
1826 867 2146 939 relaxandi,

499 955 599 1025 qui
632 955 795 1011 solus
826 960 916 1010 est
949 957 1097 1010 Deus
1129 955 1462 1011 benefactor
1490 956 1549 1009 in
1582 956 1815 1011 saecula.

569 1133 795 1204 Dignus
831 1132 992 1188 fuisti
1024 1149 1152 1188 esse
1192 1142 1529 1187 sanctorum
1570 1134 1968 1205 apostolorum
2003 1151 2145 1190 con-

496 1222 834 1293 templator,
868 1237 933 1276 ac
964 1222 1349 1276 collaborator
1392 1222 1552 1277 fuisti
1602 1224 1892 1295 particeps
1924 1223 2141 1295 gloriae,

496 1317 673 1384 atque
704 1330 835 1368 cum
869 1313 1013 1384 ipsis
1046 1312 1337 1367 festinasti
1369 1314 1440 1367 ad
1473 1318 1851 1383 conspectum
1884 1316 2144 1385 corporis

492 1402 687 1472 reipsa
715 1402 844 1456 vitae
877 1401 1147 1472 principii
1181 1401 1365 1456 solius
1413 1402 1670 1472 Deiparaa
1702 1407 1758 1456 et
1788 1404 2143 1474 augustissi-

489 1506 618 1561 ma),
654 1506 831 1561 quam
866 1506 969 1561 pro
1005 1490 1227 1545 meritis
1260 1506 1533 1561 magnam
1568 1491 1978 1561 praedicamus.

554 1579 748 1635 Haeres
791 1578 971 1633 divini
1020 1579 1077 1633 in
1111 1578 1270 1634 caelis
1304 1579 1463 1651 regni
1499 1581 1685 1633 factus
1715 1597 1798 1647 es,
1835 1586 1899 1635 ut
1948 1580 2142 1652 legiti-

486 1684 619 1723 mus
650 1668 985 1740 episcopus,
1021 1671 1214 1736 Pater,
1246 1671 1311 1722 ut
1342 1667 1593 1722 invictus
1636 1668 1796 1740 pugil
1831 1668 2141 1723 sacerdotii

486 1762 787 1829 unguento
818 1756 1168 1828 sanguinem
1213 1757 1487 1826 martyris
1519 1756 1978 1825 commiscuisti;
2013 1757 2139 1811 ideo

485 1846 753 1918 duplices
783 1863 1029 1902 coronas
1075 1845 1284 1900 merito
1334 1845 1633 1917 accepisti,
1668 1862 1834 1901 sacre
1880 1846 2143 1901 initiator

480 1933 743 2006 Dionysi.

553 2024 627 2078 Ut
659 2023 879 2078 habens
912 2020 1187 2093 loquendi
1215 2038 1347 2076 cum
1377 2024 1487 2077 Deo
1519 2021 1869 2091 libertatem,
1894 2024 2129 2094 sapiens

477 2113 749 2184 episcope
802 2111 1059 2182 Dionysi,
1094 2128 1323 2179 semper
1372 2112 1685 2181 intercede,
1717 2116 1780 2166 ut
1818 2111 1920 2182 qui
1952 2112 2044 2183 pie
2074 2116 2128 2167 te

475 2200 721 2257 laudant
763 2217 831 2254 ex
872 2199 1295 2254 tentationibus
1338 2199 1706 2271 eripiantur:
1742 2200 2126 2255 ineﬂ'abilium

477 2288 743 2344 initiator
782 2287 1368 2359 contemplationum,
1402 2289 1556 2343 sicut
1587 2306 1811 2344 arcanaa
1866 2306 1930 2345 ac
1980 2289 2126 2344 divi-

480 2378 740 2435 nissimaa
773 2377 1055 2433 bonitatis
1087 2394 1251 2433 sacer
1279 2394 1339 2432 es
1370 2378 1677 2450 interpres.

1172 2483 1252 2538 Ad
1282 2485 1343 2539 Β.
1384 2487 1437 2539 V.

549 2574 954 2629 Venerandam
998 2573 1316 2629 Ecclesiam
1369 2572 1619 2629 haereses
1668 2590 1945 2645 generose
1994 2575 2124 2628 vin-

471 2668 704 2719 centem
764 2662 1026 2729 ostende,
1079 2679 1259 2734 quam
1308 2662 1596 2728 Christus,
1632 2681 1663 2718 ο
1695 2664 1882 2735 gratia
1930 2663 2120 2735 plena,

472 2752 657 2807 Filius
689 2758 825 2807 tuus
877 2752 1131 2823 pretioso
1165 2751 1452 2822 sanguine
1483 2769 1588 2807 suo
1621 2756 1683 2806 ut
1730 2752 1919 2806 bonus
1952 2768 2111 2807 com-

472 2842 720 2914 paravit,
753 2845 809 2895 et
839 2840 1117 2911 periculis
1166 2840 1345 2911 eripe,
1381 2846 1556 2911 atque
1604 2841 1676 2895 ab
1725 2857 1792 2896 ea
1840 2857 1966 2911 qua:
2016 2857 2121 2896 nos

471 2934 722 3002 occupat
748 2928 1056 3001 tyrannide
1088 2928 1330 2983 redime.

543 3018 783 3089 Dionysi
814 3016 1156 3071 beatissime
1183 3016 1427 3071 celebris
1453 3016 1720 3088 coryphei
1754 3017 1918 3071 Pauli
1951 3016 2123 3072 disci-

470 3107 631 3179 pule,
666 3106 1027 3161 occultorum
1060 3104 1450 3175 cognitionem
1479 3106 1550 3161 ab
1576 3123 1642 3161 eo
1672 3106 1913 3161 edoctus
1934 3106 2118 3177 fuisti,

466 3198 625 3251 unde
656 3195 974 3266 fulgentem
1009 3197 1067 3248 in
1104 3194 1363 3249 Ecclesia
1406 3196 1589 3250 facem
1622 3196 1809 3267 ponit,
1841 3196 1993 3251 339
2028 3212 2114 3250 re-

461 3283 683 3355 ligiosae
723 3284 1087 3338 Athenarum
1120 3283 1371 3338 civitatis
1419 3284 1696 3339 ordinans
1744 3284 2110 3356 episcopum,

463 3389 642 3443 quam
676 3377 834 3426 recta
867 3370 1167 3441 praeditam
1219 3370 1331 3425 fide
1382 3370 1500 3426 tuis
1548 3370 1843 3441 precibus,
1875 3371 2109 3441 sapien-

464 3461 694 3516 tissime
725 3460 823 3515 Dei
857 3476 1066 3531 przrco,
1099 3459 1351 3513 custodi.

1150 3566 1229 3620 Ad
1259 3567 1321 3619 Β.
1363 3567 1415 3620 ν.
1721 3620 1725 3624 .

529 3659 589 3711 In
625 3656 968 3711 honoranda
998 3655 1347 3710 dormitione
1366 3658 1489 3721 tua,
1509 3654 1684 3726 Virgo
1707 3654 2103 3722 sanctissima,

458 3745 770 3815 Dionysius
815 3745 1012 3798 aderat
1062 3760 1197 3797 cum
1251 3743 1560 3797 Hierotheo
1593 3749 1649 3797 et
1678 3743 1873 3798 divino
1906 3743 2105 3797 Timo-

454 3831 614 3901 theo,
649 3832 901 3903 quisque
933 3848 1051 3885 una
1100 3847 1233 3885 cum
1268 3830 1549 3901 apostolis
1593 3831 1874 3899 hymnum
1908 3831 2104 3903 glorias

452 3923 565 3974 tuae
618 3920 1057 3975 convenientem
1105 3920 1446 3985 decantans,
1480 3936 1613 3973 cum
1666 3920 1879 3987 quibus
1926 3921 2101 3974 etiam

452 4026 609 4063 nunc
645 4010 910 4064 mortalis
942 4008 1141 4075 lingua
1171 4009 1365 4062 omnis
1390 4013 1445 4063 te
1478 4007 1577 4061 Dei
1611 4012 1907 4078 parentem
1937 4026 2103 4062 mun-

453 4098 628 4169 dique
662 4108 966 4169 palronam
1000 4097 1219 4151 laudat.

525 4190 678 4242 Inter
712 4188 1042 4241 sacerdotes
1072 4191 1126 4239 et
1160 4191 1445 4255 martyres
1488 4185 1742 4251 excellis,
1777 4190 1995 4247 sancte,
2033 4185 2098 4238 ﬁ-

449 4276 560 4331 dus
591 4282 866 4332 ostensus
900 4293 960 4331 es
996 4281 1212 4346 pastor,
1248 4280 1303 4330 et
1346 4275 1586 4330 calicem
1622 4274 1834 4329 Christi
1868 4273 2096 4342 bibistij;

448 4382 631 4437 quare
662 4367 718 4420 in
756 4370 1001 4436 utroque
1054 4365 1166 4435 ipsi
1198 4364 1424 4419 Christo
1476 4365 1619 4417 bene
1670 4362 1962 4433 placuisti,
1998 4380 2100 4417 ora

448 4471 549 4525 pro
582 4454 751 4509 nobis
783 4454 1082 4519 omnibus,
1114 4452 1210 4523 qui
1258 4470 1391 4507 cum
1435 4452 1771 4507 ccelestibus
1806 4450 2095 4507 ministris

446 4542 505 4596 in
541 4543 765 4598 lumine
795 4543 1046 4598 habitas.

1101 4630 1443 4685 Cnntacium.
2126 4608 2172 4671 D

527 4719 801 4775 C(elestes
842 4724 1159 4792 penetrans
1208 4719 1267 4773 in
1323 4718 1532 4789 spiritu
1585 4721 1800 4789 portas,
1836 4716 2094 4788 Apostoli

449 4810 551 4881 qui
615 4825 797 4876 supra
852 4815 968 4864 tres
1018 4808 1193 4863 caelos
1240 4808 1527 4869 ascendit,
1588 4807 1796 4872 factus,
1830 4805 2092 4877 Dionysi,

445 4898 799 4971 discipulus,
830 4913 1065 4953 omnem
1098 4894 1482 4951 ineffabilium
1508 4894 1898 4965 cognitionem
1929 4894 2095 4949 uber-

442 4988 551 5041 tim
586 4986 890 5058 accepisti;
924 5002 1139 5056 eosque
1180 4986 1280 5056 qui
1332 4986 1389 5038 in
1444 4982 1703 5037 tenebris
1754 4983 2090 5051 ignorantiae

447 5077 837 5142 dormiebant,
897 5074 1276 5142 illuminasti;
1336 5072 1465 5126 ideo
1524 5071 1897 5125 clamamus:
1953 5073 2087 5135 Ave,

443 5166 701 5221 universi
734 5170 899 5237 pater
937 5165 1159 5218 mundi.

1171 5250 1361 5305 OEcus.

514 5340 824 5414 Dionysius
859 5357 1109 5411 magnus
1135 5338 1235 5410 qui
1268 5356 1336 5393 ex
1366 5337 1705 5394 hominibus
1738 5339 1809 5393 ob
1841 5339 2088 5393 virtutes

438 5430 686 5499 angelus
717 5438 955 5484 vocatus
976 5434 1083 5495 est,
1113 5429 1439 5483 universam
1465 5435 1744 5498 tanquam
1776 5426 1959 5499 aliger
1984 5445 2091 5482 cce-

434 5519 639 5575 lestem
673 5521 912 5574 edoctus
946 5522 1035 5572 est
1066 5518 1455 5589 cognitionem
1492 5535 1504 5572 :
1542 5533 1720 5587 quare
1749 5516 1991 5571 canticis
2026 5522 2089 5571 ut

436 5608 709 5680 angelum
734 5608 1112 5671 honoremus,
1130 5608 1200 5661 ad
1224 5606 1392 5662 illum
1414 5606 1553 5662 talia
1570 5606 1890 5662 clamantes
1914 5622 1927 5662 :
1946 5608 2082 5673 Ave,

435 5698 534 5771 qui
565 5697 862 5755 Christum
888 5715 988 5770 per
1009 5696 1252 5753 Paulum
1280 5696 1599 5769 agnovisti;
1633 5702 1770 5766 Ave,
1798 5696 1895 5768 qui
1932 5696 2081 5751 mul-

1729 391 1788 443 S.
1827 389 2143 444 DIONYSII
2181 390 2687 448 ARBOPAGITE.

2172 523 2228 591 Α
3020 517 3140 575 Θόκ.

3785 410 3877 466 584

2330 608 2532 693 Μῆτερ,
2562 607 2696 658 Θεοῦ
2734 606 3061 678 πανάμωμε,
3111 614 3210 677 τῆς
3262 612 3445 685 ψυχῆς
3492 634 3595 684 μου
3624 616 3686 670 τὰ
3728 621 3869 693 τραύ.

2263 712 2404 762 ματα
2451 691 2539 745 καὶ
2580 695 2675 760 τῆς
2728 694 2993 767 ἁμαρτίας
3036 696 3131 759 τὰς
3182 696 3348 760 οὐλάς
3396 699 3710 777 ἐξάλειψον·
3761 691 3873 764 rte»

2255 779 2355 853 γὰρ
2403 779 2686 853 ἐγέννησας
2727 784 2816 837 τὸν
2866 782 3103 856 ἐξουσίαν
3160 781 3355 860 ἔχοντα
3399 789 3527 852 τοὺς
3589 792 3874 868 πεπεδημέ-

2256 888 2381 929 νους
2422 874 2541 929 ταῖς
2590 873 2793 943 σειραῖς
2838 876 2943 925 τῶν
2994 876 3348 946 πταισμάτων
3399 876 3640 941 εὐκόλως
3694 883 3871 940 ἀνιέναι

2254 960 2362 1010 τῶν
2396 954 2608 1030 δεσμῶν
2639 963 2744 1012 τῶν
2791 958 3027 1028 ἀλύτων,
3072 962 3163 1016 τὸν
3222 962 3387 1035 μόνον
3438 965 3716 1043 εὐεργέτην
3762 974 3873 1028 Θεὸν

2256 1043 2333 1105 εἷς
2360 1046 2487 1107 τοὺς
2521 1046 2738 1107 αἰῶνας.

2325 1134 2519 1210 Ἁγίων
2583 1136 2903 1191 ἀποστόλων
2963 1137 3211 1207 ἀξιωθεὶς
3273 1142 3468 1211 θεατὴς
3533 1149 3870 1219 χρηματίσαι,

2254 1224 2342 1277 καὶ
2376 1223 2649 1295 σύμπονος
2683 1227 3039 1299 συγκοινωνὸς
3068 1228 3288 1303 γέγονας
3316 1238 3415 1299 τῆς
3459 1229 3641 1305 δόξης,
3670 1237 3751 1289 καί
3793 1238 3871 1291 σὺν

2253 1311 2439 1373 αὐτοῖς
2486 1311 2572 1366 ἐπὶ
2629 1315 2728 1381 τήν
2776 1313 2893 1368 θέαν
2945 1310 3202 1378 ἔσπευσας
3266 1319 3522 1390 σώματος
3581 1327 3675 1375 τοῦ
3724 1320 3869 1387 ὅπως

2256 1404 2568 1474 ζωαρχικοῦ
2614 1403 2712 1469 τῆς
2764 1401 2935 1472 μόνης
2984 1404 3249 1459 Θεοτόκου
3285 1407 3372 1460 καὶ
3424 1404 3869 1482 σεϐασμιωτάτης,

2250 1488 2313 1555 ἣν
2346 1486 2571 1557 ἐπαξίως
2607 1488 2875 1565 μεγαλύνο
2885 1511 3001 1562 μεν,

2322 1580 2436 1645 Τῆς
2486 1576 2628 1663 θείας
2681 1576 2955 1652 βασιλείας
3004 1579 3055 1633 ἔν
3103 1580 3352 1657 οὐρανοῖς
3404 1581 3742 1659 κληρονόμος
3772 1588 3868 1663 ὲγέ.

2248 1686 2364 1731 νου,
2423 1665 2498 1727 ὡς
2557 1661 2784 1739 ἔννομος
2845 1670 3126 1745 ἀρχιεςενς
3161 1715 3174 1741 ,
3236 1672 3442 1750 Πάτερ,
3497 1674 3572 1737 ὡς
3629 1661 3865 1749 ἀήττητος

2250 1752 2495 1824 ἀθλητῆς
2550 1755 2848 1827 ἱερωσύνης
2896 1758 3162 1833 χρίσματι
3209 1764 3347 1833 αἷμα
3393 1764 3718 1839 συγκεράσας
3750 1788 3863 1841 μαρ-

2246 1844 2501 1916 τυρικόν·
2572 1842 2657 1897 διὸ
2713 1842 2942 1909 διπλοῦς
2994 1847 3285 1925 στεφάνους
3344 1850 3650 1929 ἀπείληφας
3689 1852 3866 1924 ἀξίως,

2167 1902 2215 1968 Β
2245 1902 2541 2005 ἱερομύστα
2587 1934 2849 1990 Διονύσιε.

2309 2020 2396 2081 Ὡς
2438 2017 2581 2108 ἔχων
2633 2020 2941 2096 παῤῥησίαν
2990 2024 3126 2097 πρὸς
3157 2025 3249 2080 τὸν
3282 2028 3437 2096 Θεὸν,
3489 2029 3713 2105 ἱεράρχα
3755 2032 3862 2108 σοφὲ

2238 2108 2504 2176 Διονύσιε,
2538 2107 2627 2163 διὰ
2652 2111 2849 2172 παντὸς
2880 2108 3139 2182 πρέσϐευε
3168 2113 3431 2188 ῥυσθῆναι
3470 2116 3528 2171 ἐκ
3574 2107 3855 2192 πειρασμῶν

2234 2196 2363 2258 τοὺς
2429 2193 2663 2262 εὐσεϐῶς
2733 2200 3031 2270 ὑμνοῦντάς
3080 2223 3156 2270 σε,
3211 2202 3385 2273 μύστα
3459 2210 3565 2259 τῶν
3628 2206 3848 2282 ἀρῥήτων

2236 2286 2497 2361 θεωριῶν,
2548 2287 2622 2348 ὡς
2684 2291 2781 2355 τῆς
2849 2290 3258 2366 κρυφιομύστου
3315 2292 3407 2347 καὶ
3439 2296 3852 2371 θεαρχικῶτάτης

2235 2372 2561 2449 ἱεροφάντης
2590 2376 2947 2452 ἀγαθότητος.

2999 2485 3117 2541 θόκ.

2305 2574 2554 2626 Νικῶσαν
2612 2572 2706 2633 τὰς
2774 2573 3004 2645 αἱρέσεις
3052 2579 3311 2637 νεανικῶς
3359 2577 3460 2643 τήν
3516 2576 3707 2645 ππτήν
3752 2578 3850 2631 Ἐκ-

2229 2658 2458 2728 κλησίαν
2510 2657 2808 2732 ἀνάδειξον,
2856 2660 2922 2729 ἧς
2974 2663 3001 2716 ὁ
3064 2665 3293 2738 Χριστὸς
3342 2663 3532 2737 α’ίματι
3586 2666 3743 2738 τιμίῳ
3786 2670 3850 2735 τῷ

2231 2746 2421 2801 ἑαυτοῦ
2471 2748 2545 2810 ὡς
2606 2748 2804 2823 ἀγαθὸς
2871 2748 3157 2820 ἐκτήσατο,
3223 2754 3663 2827 κεχαριτωμένη,
3706 2755 3730 2807 ὁ
3773 2755 3847 2814 σὸς

2229 2836 2376 2905 Υἱὸς,
2408 2835 2498 2889 καὶ
2532 2840 2704 2891 σῶσον
2740 2837 2800 2891 ἐκ
2828 2835 3114 2907 κινδύνων,
3164 2839 3255 2893 καὶ
3285 2843 3385 2909 τῆς
3415 2841 3736 2916 ἐπικρατείας
3763 2849 3845 2911 τῆς

2226 2924 2567 2998 κατεχούσης
2598 2926 2744 2997 ἡμᾶς
2776 2923 3073 3001 λύτρωσαι.

2299 3016 2394 3084 Τῷ
2442 3012 2663 3085 Παύλῳ,
2716 3014 2980 3083 Διονύσιε,
3010 3020 3089 3088 τῷ
3136 3014 3338 3090 κλεινῷ
3390 3017 3661 3095 κορυφαίῳ
3687 3020 3839 3092 μαθη-

2225 3101 2454 3173 τευθεὶς,
2512 3098 2798 3171 πανόλϐιε,
2851 3104 2937 3158 ὑπ’
2980 3104 3144 3159 αὐτοῦ
3192 3104 3441 3179 ἐμυήθης
3491 3112 3595 3163 τῶν
3639 3105 3842 3179 ἀποκρύ-

2228 3212 2341 3267 φων
2376 3192 2475 3260 τὴν
2528 3194 2750 3265 γνῶσιν·
2802 3190 2921 3255 ὅθεν
2969 3194 3058 3247 καὶ
3110 3193 3413 3270 λαμπτῆρα
3461 3200 3528 3270 τῇ
3582 3195 3839 3265 Ἐκκλησίᾳ

2222 3279 2433 3349 τίθησιν
2471 3280 2729 3349 Ἀθηνῶν,
2762 3282 3120 3356 προχειρίσας
3177 3290 3276 3352 τῆς
3327 3280 3577 3348 εὐσεϐοῦς
3607 3284 3835 3358 ἱεράρχην

2217 3366 2456 3438 πόλεως,
2516 3370 2579 3437 ἣν
2629 3367 2921 3444 φυλάττοις
2970 3369 3403 3445 ὀρθοδοξοῦσαν,
3452 3373 3697 3451 πάνσοφε,
3742 3374 3838 3432 σαῖς

2218 3455 2426 3529 εὐχαῖς,
2463 3457 2728 3532 θεοκῆρυξ
2756 3459 2767 3512 l

2982 3567 3102 3623 θόκ.

2289 3652 2374 3706 Ἐν
2407 3654 2474 3724 τῇ
2510 3655 2678 3724 σεπτῇ
2726 3656 2985 3725 κοιμήσει
3019 3676 3135 3725 σου,
3168 3655 3406 3729 παναγία
3444 3656 3685 3731 Παρθένε,
3714 3673 3828 3726 παρ-

2213 3742 2277 3806 ῆν
2330 3740 2357 3792 ὁ
2413 3740 2689 3803 Διονύσιος
2744 3742 2833 3794 σὺν
2906 3747 2981 3813 τῷ
3043 3742 3285 3819 Ἰεροθέῳ
3351 3744 3441 3799 καὶ
3485 3742 3720 3817 Τιμοθέῳ
3767 3744 3830 3810 τῷ

2213 3827 2341 3900 θείῳ
2392 3830 2504 3901 ἅμα
2560 3834 2676 3891 τοῖς
2737 3830 3093 3900 ἀποστόλοις,
3161 3832 3332 3905 ὕμνον
3392 3830 3584 3904 ἐξᾴδων
3631 3829 3828 3887 ἕκαστος

2212 3916 2520 3994 πρόσφορον
2554 3921 2620 3990 τῇ
2664 3921 2730 3989 σῇ
2764 3915 2910 3991 δόξῃ,
2947 3920 3063 3991 μεθ’
3109 3920 3181 3973 ὧν
3229 3921 3317 3974 καὶ
3350 3927 3441 3975 νόν
3474 3926 3609 3974 πᾶσα
3638 3918 3826 3995 γλῶσσα

2216 4004 2461 4077 βρότειος
2493 4005 2717 4077 ἀνυμνεῖ
2747 4028 2803 4061 σε
2830 4008 2929 4075 τὴν
2960 4012 3056 4062 τοῦ
3088 4012 3220 4062 Θεοῦ
3271 4006 3595 4085 λοχεύτριαν
3623 4009 3701 4062 καί
3744 4008 3823 4060 τοῦ

2209 4094 2420 4165 κόσμου
2447 4096 2761 4167 προστάτιν.

2281 4183 2367 4237 Ἑν
2432 4183 2631 4255 ἱερεῦσι
2680 4184 2769 4237 καὶ
2819 4184 3048 4256 μάρτυσι
3110 4182 3412 4261 διαπρέψας
3472 4187 3616 4256 δσιε,
3658 4182 3817 4240 πιστὸς

2210 4268 2531 4345 ἀνεδείχθης
2580 4274 2786 4345 ποιμὴν
2839 4274 2929 4327 καὶ
2986 4276 3220 4348 Χριστοῦ
3267 4278 3409 4330 πιὼν
3459 4276 3517 4330 τὸ
3563 4275 3815 4345 ποτήριον·

2208 4355 2314 4423 διὸ,
2382 4357 2432 4412 ἐν
2500 4359 2771 4436 ἑκατέροις
2839 4360 3194 4437 εὐαρεστήσας
3263 4365 3410 4436 αὐτῷ
3472 4368 3549 4435 τῷ
3611 4362 3813 4435 Χριστῷ,

2206 4442 2469 4521 πρέσϐευε
2521 4450 2651 4522 ὑπὲρ
2703 4451 2917 4504 πάντων
2966 4454 3148 4523 ἡμῶν,
3183 4450 3276 4505 σὺν
3330 4458 3446 4514 τοῖς
3469 4451 3574 4506 ἄνω
3604 4449 3813 4516 λειτουρ-

2207 4541 2331 4610 γοῖς
2355 4534 2405 4589 ἐν
2438 4537 2577 4611 φωτὶ
2610 4534 2997 4611 αὐλιζόμενος.

2874 4628 3188 4686 Κοντάκιον.

2273 4712 2374 4774 Τάς
2425 4712 2703 4785 οὐρανίους
2754 4711 2944 4777 διαϐὰς
2993 4715 3169 4778 πύλας
3219 4716 3271 4771 ἐν
3318 4716 3611 4789 πνεύματι,
3660 4721 3810 4785 μαθη’

2200 4800 2406 4862 τευθεὶς
2435 4806 2512 4873 τῷ
2553 4802 2684 4878 ὑπὲρ
2733 4810 2879 4879 τρεῖς
2912 4804 3173 4878 οὐρανοὺς
3205 4806 3457 4884 φθάσαντι
3508 4799 3810 4867 Ἀποστόλψν

2202 4889 2484 4962 Διονύσιε,
2533 4895 2641 4945 τῶν
2696 4892 2944 4967 ἀρρήτων
3004 4892 3364 4965 ἐπλουτίσθης
3409 4900 3573 4949 πᾶσαν
3617 4894 3805 4965 γνῶσιν

2200 4977 2289 5031 καὶ
2320 4978 2662 5054 κατηύγασας
2692 4980 2821 5042 τοὺς
2864 4981 2913 5035 ἐν
2965 4984 3139 5037 σκότει
3175 4984 3437 5059 ἀγνωσίας
3466 4977 3802 5045 καθεύδοντας’

2202 5063 2285 5120 διὸ
2316 5069 2607 5143 κράζομεν’
2643 5071 2890 5145 Χαίροις,
2924 5070 3088 5147 πᾶτερ
3123 5074 3441 5148 παγκόσμιε.

2890 5251 2949 5306 Ὁ
2981 5253 3152 5314 οἶκος.

2270 5335 2542 5410 Ἀγγελος
2593 5335 2642 5407 ἐξ
2694 5338 2990 5412 ἀνθρώπων
3046 5341 3261 5415 ἀρεταῖς
3300 5335 3629 5414 χρηματίσας
3676 5328 3801 5401 ὁμέ-

2195 5445 2290 5497 γας
2345 5426 2645 5495 Διονύσιος,
2675 5433 2845 5481 πᾶσαν
2882 5429 2953 5489 ὡς
2983 5429 3286 5502 ὑπόπτερος
3320 5428 3522 5500 ἐμυήθη
3567 5423 3651 5477 τὸν
3690 5419 3794 5471 νοῦν

2195 5515 2294 5580 τήν
2331 5513 2574 5588 οὐράνιον
2602 5519 2821 5589 γνῶσιν·
2860 5513 2943 5570 διὸ
2974 5516 3171 5590 ᾄσμασι
3214 5519 3289 5577 ὡς
3321 5514 3534 5589 ἄγγελον
3578 5508 3793 5581 τιμήσω·

2197 5623 2315 5675 μεν,
2376 5605 2610 5677 βοῶντες
2642 5606 2778 5679 πρὸς
2825 5606 2983 5662 αὐτὸν
3010 5612 3251 5663 τοιαῦτα·
3286 5609 3467 5680 Χαῖρε,
3498 5605 3525 5659 ὅ
3550 5599 3691 5677 γνοὺς
3716 5594 3789 5648 τὸν

2195 5694 2425 5767 Χριστὸν
2457 5691 2545 5748 διὰ
2594 5694 2835 5752 Παύλου·
2884 5702 3067 5775 χαῖρε,
3119 5697 3363 5759 πολλοὺς
3416 5684 3542 5769 πρὸς
3593 5685 3787 5765 Χριστὸν
