4020 6358
157 454 259 508 585

1252 455 1656 520 ENCOMIUM,
1698 455 1797 507 EX
1835 455 2126 509 MENEIS
2163 454 2455 509 GRECIS.

3452 452 3558 507 586

157 575 478 653 ἰπιστριψας
513 594 529 614 ⁶
557 582 738 653 χαῖρε,
772 574 1047 640 πολυθέου
1078 582 1284 647 σκηνῆς
1314 574 1602 652 ὀλετήριον
1629 594 1641 607 ⁸
1675 581 1802 651 χαῖ-

1930 582 2007 633 :os
2031 578 2101 632 ad
2122 578 2417 633 Christum
2459 578 2813 635 convertisti.
2837 584 2976 647 Ave,
2997 576 3359 634 tabernaculi
3381 577 3559 650 pluri-

157 688 236 744 ρε,
266 668 602 743 θεογνώστου
637 666 844 743 βουλῆς
894 668 1288 741 σκοπευτήριον
1324 685 1335 697 ·
1378 672 1560 742 χαῖρε,
1614 661 1807 740 βίϐλος

156 758 546 831 θεοχάρακτος,
585 756 899 831 μυστηρίων
948 755 1183 831 θησαυρέ
1218 775 1230 786 ·
1265 760 1446 830 χαῖρε,
1479 755 1633 827 πίναξ
1686 766 1805 818 θεο-

160 846 413 921 μόρςρωτε
448 845 535 899 καὶ
570 842 798 920 διόπτρα
851 845 1081 920 οὐρανοῦ
1122 862 1132 877 ⁶
1174 849 1357 920 χαῖρε,
1390 842 1470 898 ὅτι
1520 844 1582 897 τὸ
1637 845 1806 907 πάθος

153 940 243 989 τοῦ
277 934 479 1008 Κυρίου
512 932 751 995 κατεῖδες
774 953 786 965 ·
826 939 1008 1010 χαῖρε,
1037 933 1188 1010 ῥανὶς
1216 933 1569 988 κοιλαίνουσα
1600 934 1806 987 ἄνοιαν⁹

157 1028 338 1099 χαῖρε,
393 1024 644 1101 φραγμός
710 1018 915 1077 ἀσεϐῶν
974 1021 1261 1097 παροδείας
1295 1041 1307 1053 ·
1341 1027 1522 1097 χαῖρε,
1584 1022 1807 1097 φωστὴρ

159 1114 280 1174 τοὺς
330 1112 556 1174 πιστοὺς
606 1114 958 1189 καταυγάζων
997 1131 1009 1144 ·
1043 1118 1226 1188 χαῖρε,
1258 1112 1423 1186 πάτερ
1477 1110 1804 1186 παγκόσμιε.

225 1329 399 1390 Οὗτος
448 1326 697 1400 πλούτῳ,
748 1328 837 1382 καὶ
887 1324 1038 1402 δόξῃ,
1070 1328 1164 1382 καὶ
1222 1329 1451 1399 συνέσει,
1501 1327 1590 1381 καὶ
1649 1325 1810 1401 σοφίᾳ

162 1422 264 1471 τῶν
326 1418 579 1471 ἁπάντων
643 1416 944 1492 ὑπερέχων,
996 1420 1103 1471 τῶν
1163 1415 1215 1470 έν
1268 1417 1348 1487 τῷ
1406 1415 1600 1487 Ἀρείῳ
1654 1416 1809 1489 πάγῳ

161 1505 473 1579 βουλευτῶν
523 1508 598 1567 εἷς
630 1506 695 1574 ἦν
734 1527 746 1539 ·
780 1507 871 1560 καὶ
919 1503 1192 1581 ἀγρευθεῖς
1250 1506 1352 1559 ὑπὸ
1408 1508 1505 1559 τοῦ
1566 1503 1807 1577 μεγάλου

160 1592 403 1662 Παύλου,
432 1594 522 1649 καὶ
587 1594 922 1670 βαπτισθεὶς,
958 1599 1348 1669 χειροτονεῖται
1398 1593 1715 1663 ἐπίσκοπος,
1744 1591 1810 1645 τὰ

160 1684 444 1761 ἀπόρρητα
487 1685 715 1757 μυηθεὶς
750 1685 851 1739 ὑπὸ
891 1689 991 1738 τοῦ
1038 1687 1207 1761 σοφοῦ
1246 1683 1528 1757 Ἱεροθέου,
1556 1684 1645 1737 καὶ
1680 1703 1807 1756 συγ-

159 1775 458 1847 γράμματα
507 1771 923 1834 καταλελοιπὼς
954 1770 1251 1845 παράδοξα,
1282 1772 1371 1826 καὶ
1417 1772 1699 1844 θαυμαστοί
1752 1792 1809 1825 τε

160 1863 240 1916 καὶ
274 1862 620 1936 ὑψηλότατα,
655 1863 726 1915 ὧν
762 1862 878 1923 ἑνὸς
922 1863 1057 1924 τέως
1110 1866 1481 1934 μνημονεῦσαι
1528 1860 1809 1935 ἐπικαιρό-

1913 668 2023 723 bus
2052 667 2425 723 inservientis
2456 668 2569 723 diis
2600 668 2906 740 pernicies.
2949 675 3088 734 Ave,
3121 668 3351 723 consilii
3386 686 3419 723 a
3450 670 3565 723 Deo

1916 757 2133 828 cogniti
2157 755 2414 828 specula.
2436 759 2571 826 Ave,
2591 756 2739 812 liber
2761 774 2794 812 a
2816 757 2931 812 Deo
2956 758 3233 829 inscripte
3258 757 3567 829 mysterio-

1917 863 2046 900 rum
2098 846 2390 901 tbesaure.
2422 848 2556 911 Ave,
2591 846 2789 902 tabula
2820 865 2852 902 a
2882 846 2996 901 Deo
3045 847 3313 916 formata,
3352 850 3408 901 et
3438 846 3566 902 coeli

1918 935 2169 1005 dioptra.
2195 938 2327 1001 Ave,
2355 936 2506 1007 quod
2541 935 2773 990 Domini
2808 936 3142 1007 passionem
3170 935 3565 1006 conspexeris.

1914 1025 2051 1093 Ave,
2083 1030 2249 1095 gutta
2292 1025 2611 1079 amentiam
2664 1042 2968 1080 excavans.
3000 1026 3140 1094 Ave,
3171 1023 3566 1095 sepimentum

1917 1119 2118 1168 contra
2152 1113 2465 1183 impiorum
2510 1129 2835 1169 accessum.
2870 1117 3001 1182 Ave,
3034 1113 3128 1168 fax
3180 1112 3382 1168 ﬁdeles
3431 1112 3563 1168 illu-

1918 1206 2137 1259 strans.
2169 1204 2304 1273 Ave,
2334 1208 2498 1273 pater
2531 1202 2788 1258 universi
2821 1203 3046 1257 mundi.

1988 1328 2091 1382 Hic
2138 1327 2457 1394 divitiis,et
2505 1327 2708 1399 gloria,
2744 1333 2801 1382 et
2849 1327 3115 1397 scientia,
3147 1332 3204 1383 et
3251 1326 3564 1396 sapientia,

1918 1432 2123 1471 omnes
2153 1434 2459 1487 superans,
2490 1434 2646 1471 unus
2690 1432 2758 1470 ex
2806 1416 2977 1471 Areio
3030 1432 3177 1487 pago
3224 1420 3565 1470 senatorum

1918 1510 2064 1574 erat,
2087 1511 2261 1576 atque
2294 1523 2327 1560 a
2355 1522 2565 1577 magno
2600 1506 2775 1561 Paulo
2806 1509 3014 1560 venatu
3051 1510 3261 1575 captus
3290 1509 3346 1558 et
3376 1505 3570 1575 bapti-

1918 1601 2082 1650 zatus
2133 1596 2440 1649 ordinatur
2488 1596 2820 1666 episcopus,
2854 1594 3174 1649 ineffabilia
3224 1594 3501 1665 mysteria
3536 1610 3569 1647 a

1918 1685 2180 1754 sapiente
2212 1685 2523 1739 Hierotheo
2555 1685 2819 1749 edoctus,
2842 1690 2899 1737 et
2924 1682 3105 1737 libros
3154 1683 3392 1753 reliquit
3441 1682 3569 1753 opi-

1921 1775 2093 1828 nione
2116 1776 2388 1843 majores,
2407 1779 2464 1829 et
2486 1773 2888 1838 admirandos,
2911 1776 2967 1827 et
2998 1771 3479 1836 sublimissimos,
3503 1787 3572 1826 ex

1920 1864 2136 1933 quibus
2161 1864 2393 1918 interim
2417 1864 2594 1917 unius
2615 1862 2954 1917 meminisse
2973 1862 3567 1933 opportunissimum.

157 1972 330 2007 τατον.
371 1951 671 2023 Γενόμενόν
722 1971 809 2023 με,
857 1950 1011 2027 φησὶ,
1061 1952 1194 2005 ποτε
1240 1950 1376 2005 κατά
1420 1952 1520 2019 τὴν
1566 1952 1806 2024 Κρήτην,

1930 1952 2062 2007 Sum
2113 1953 2428 2024 aliquando
2477 1953 2533 2006 in
2588 1952 2816 2006 Cretam
2866 1952 3179 2017 venissem,
3225 1951 3435 2021 inquit,
3473 1965 3568 2004 me

172 2042 196 2095 ὁ
227 2041 372 2115 ἱερὸς
405 2039 770 2115 ἐξεναγώγησε
800 2039 1037 2114 Κάρπος,
1069 2040 1227 2115 ἀνὴρ,
1261 2040 1309 2095 εἲ
1357 2039 1446 2095 καί
1474 2061 1556 2101 τις
1613 2036 1805 2107 ἄλλος,

166 2126 249 2184 διὰ
290 2128 518 2197 πολλὴν
567 2130 912 2202 καθαρότητα
968 2134 1059 2183 νοῦ
1116 2130 1251 2203 πρὸς
1309 2131 1561 2193 θεοπτίαν
1626 2128 1809 2198 ἐπιτη-

163 2215 459 2279 δειότατος.
494 2218 594 2274 Καὶ
645 2222 776 2291 γοῦν
808 2216 932 2272 οὐδὲ
964 2224 1081 2280 ταῖς
1110 2224 1216 2273 τῶν
1276 2217 1441 2294 ἁγίων
1496 2218 1808 2290 μυστηρίων

164 2306 404 2367 τελεταῖς
434 2305 724 2381 ἐπεχείρει,
764 2308 838 2379 μή
872 2306 1134 2382 πρότερον
1185 2306 1331 2380 αὐτῷ
1376 2308 1510 2362 κατά
1555 2310 1649 2369 τὰς
1680 2327 1812 2380 προ-

162 2394 401 2456 τελείους
434 2395 601 2470 εὐχὰς
629 2397 777 2470 ἱερᾶς
815 2396 905 2449 καὶ
963 2397 1221 2468 εὐμενοῦς
1272 2396 1507 2471 ὁράσεως
1562 2395 1811 2473 ἐκφαινο-

169 2485 348 2556 μένης.
399 2482 621 2558 Ἔλεγεν
704 2483 817 2551 οὖν,
875 2483 981 2556 ὅτι,
1041 2483 1419 2554 λελυπηκότπ
1501 2484 1658 2540 αὐτὸν
1701 2489 1811 2539 τῶν

168 2572 406 2627 ἀπίστων
463 2574 610 2635 τινός
644 2592 656 2604 ⁸
796 2572 942 2643 λύπη
978 2571 1034 2628 δὲ
1062 2576 1149 2642 ἦν,
1185 2574 1266 2628 ὅτι
1325 2582 1425 2643 τῆς
1486 2573 1814 2644 Ἐκκλησίας

166 2661 364 2725 ἐκεῖνος
423 2663 545 2716 τινὰ
592 2664 729 2736 πρὸς
772 2663 834 2717 τὸ
893 2662 1047 2717 ἄθεον
1108 2662 1645 2735 ἀπεπλάνησενο)ἔτι
1703 2668 1810 2717 τῶν

164 2752 411 2827 Ἱλαρίων
454 2751 605 2823 αὖτῷ
651 2754 873 2827 ἡμερῶν
920 2754 1291 2825 τελουμένων,
1324 2751 1442 2808 δέον
1491 2752 1810 2830 ἀμφοτέρων

164 2840 562 2915 ἀγαθοπρεπῶς
627 2840 1033 2915 ὑπερεύξασθαι,
1076 2843 1167 2897 καὶ
1253 2842 1383 2897 Θεὸν
1454 2840 1815 2917 συλλήπτορα

164 2924 423 2996 λαϐόντα,
455 2928 546 2982 τὸν
584 2929 677 3001 μὶν
725 2925 1028 3004 ἕπιτρέψαι,
1060 2931 1150 2984 τὸν
1213 2928 1269 2985 δὶ
1317 2931 1614 3005 ἀγαθότητι
1662 2937 1815 2998 νικῆ-

167 3037 291 3070 σαι·
344 3017 433 3071 καὶ
478 3019 554 3089 μή
598 3016 869 3073 διαλιπεῖν
898 3021 1247 3074 νουθετοῦντα
1303 3018 1392 3075 διὰ
1444 3021 1563 3096 βίου
1618 3020 1819 3082 παντὸς

168 3102 330 3179 ἄχρις
386 3108 446 3160 οὗ
476 3107 538 3160 τὸ
570 3109 836 3182 σήμερον,
868 3107 958 3162 καὶ
990 3107 1163 3172 οὕτως
1193 3108 1280 3162 ἐπὶ
1329 3111 1429 3178 τὴν
1488 3109 1629 3164 θείαν
1687 3109 1814 3162 ταύ-

166 3215 256 3264 την
292 3195 519 3271 ἀγαγεῖν
551 3201 773 3271 γνῶσιν,
806 3197 880 3257 ὡς
913 3196 974 3251 ἂν
1003 3195 1113 3267 ἤδη
1154 3197 1242 3252 καὶ
1292 3202 1400 3253 τῶν
1460 3194 1816 3275 ἀμφισϐητη-

168 3283 339 3355 σίμων
372 3284 562 3347 αὐτοῖς
606 3285 966 3358 κρινομένων,
997 3286 1086 3339 καὶ
1124 3289 1230 3339 τῶν
1277 3284 1495 3360 ἀλόγως
1555 3298 1818 3360 θρασυνο-
1847 3324 1890 3394 c

176 3373 222 3394 ,,!
404 3371 417 3394 ’
503 3372 515 3394 Ι
668 3371 714 3394 δ’
1075 3379 1096 3389 υ
1166 3374 1178 3394 1
1366 3381 1391 3394 υ
1480 3376 1490 3394 1
1700 3374 1743 3394 ’Ἴ
1762 3372 1782 3394 Ἴ
1804 3376 1814 3393 9

173 3373 342 3442 μένων
400 3371 613 3444 ἐννόμῳ
664 3371 785 3447 δίκῃ
826 3379 1123 3451 σωφρονεῖν
1155 3374 1607 3450 ἀναγκαζομένων
1641 3394 1654 3408 ⁸
1688 3372 1814 3429 ἀλλ’

172 3459 254 3534 ὅγε
317 3461 391 3532 μὴ
447 3461 709 3536 πρότερον
752 3466 912 3516 τοῦτο
962 3464 1168 3532 παθὼν,
1204 3464 1303 3518 οὐκ
1361 3461 1465 3518 οἷδ’
1514 3465 1663 3518 ὅπως
1694 3465 1820 3519 τότε

172 3549 386 3619 πολλὴν
421 3547 739 3623 δυσμένειαν
770 3551 858 3605 καὶ
899 3552 1117 3625 πικρίαν
1146 3551 1367 3623 ἐντῆξας
1408 3558 1475 3626 τῇ
1510 3557 1661 3629 ψυχῇ
1693 3574 1820 3608 κατ-

184 3636 379 3711 έδραμε
433 3640 526 3711 μὶν
563 3639 704 3693 οὕτω
735 3645 915 3701 κακῶς
964 3639 1107 3715 ἔχων
1144 3661 1154 3671 ·
1192 3643 1388 3715 ἑσπέρα
1434 3644 1532 3716 γὰρ
1572 3644 1661 3711 ἦν·
1696 3644 1817 3716 περὶ

178 3723 227 3780 δῖε
289 3729 451 3799 μέσας
511 3727 705 3790 νύκτας
764 3730 967 3800 (εἰώθει
1013 3731 1114 3805 γάρ
1167 3730 1243 3791 είς
1275 3729 1429 3785 τόνδε
1482 3733 1571 3785 τὸν
1630 3732 1819 3806 καιρὸν

182 3814 329 3875 αὐτὸς
390 3816 469 3892 ἐφ’
502 3817 693 3870 ἑαυτοῦ
750 3819 886 3892 πρὸς
941 3818 1068 3878 τοὺς
1117 3820 1290 3882 θείους
1339 3819 1542 3891 ὕμνους
1589 3819 1820 3897 ἐγρηγο-

181 3904 365 3975 ρέναι·)
400 3902 733 3960 διανίσταται
784 3907 900 3978 μὲν,
937 3905 1061 3961 οὐδὲ
1091 3912 1197 3962 τῶν
1240 3908 1417 3963 ὕπνων
1452 3910 1649 3977 αὐτῶν,
1684 3908 1821 3964 πολ-

180 3990 281 4045 λῶν
343 4015 407 4067 γε
466 3990 635 4048 ὄντων
686 3996 776 4049 καὶ
826 3995 906 4049 ἀεὶ
948 3995 1384 4071 ὲγκοπτομένων,
1419 3996 1517 4069 ἔξω
1568 4007 1818 4074 ταραχῆς

182 4083 603 4156 παραπολαύσας
641 4103 652 4115 ·
700 4085 864 4146 έστὼς
924 4083 981 4139 δὲ
1033 4087 1185 4157 ὅμως
1234 4086 1307 4148 εἷς
1356 4090 1454 4156 τήν
1503 4087 1645 4142 θείαν
1695 4090 1819 4159 ὁμι-

183 4167 312 4237 λίαν,
348 4171 447 4225 οὖκ
479 4172 687 4247 εὐαγῶς
719 4175 909 4242 ἠνιᾶτο
959 4176 1047 4228 καὶ
1094 4173 1492 4250 ἐδυσχέραινεν,
1528 4179 1629 4231 οὐκ
1684 4180 1819 4231 εἶναι

184 4254 378 4314 δίκαιον
443 4261 646 4336 λέγων,
682 4261 729 4317 εἰ·
788 4266 951 4331 ζῶσιν
1000 4260 1189 4339 ἄνδρες
1237 4266 1383 4328 ἄθεοι
1432 4266 1520 4319 καὶ
1580 4263 1820 4339 διαστρέ-

185 4368 328 4423 φουσι
374 4349 469 4410 τὰς
518 4346 678 4411 ὁδοὺς
732 4350 930 4425 Κυρίου
978 4352 1071 4413 τὰς
1123 4352 1356 4414 εὐθείας,
1390 4356 1483 4407 Καὶ
1525 4359 1692 4408 ταῦτα
1741 4354 1825 4408 λέ-

184 4458 279 4511 γων
331 4436 505 4494 έδεῖτο
551 4444 647 4493 τοῦ
699 4445 854 4507 Θεοῦ,
886 4442 1165 4516 πρηστῆρί
1211 4462 1312 4495 τινι
1362 4443 1454 4504 τὰς
1506 4443 1826 4520 ἀμφοτέρων

188 4524 255 4585 εἷς
284 4528 417 4597 ἅπαξ
460 4529 705 4598 ἀνηλεῶς
740 4530 1046 4584 ἀποσπάσαι
1095 4533 1256 4599 ζωάς.
1286 4532 1387 4587 Καὶ
1444 4532 1610 4586 ταῦτα
1660 4531 1823 4585 εἰπὼν

188 4609 329 4689 ἔλεγε
382 4614 529 4688 δόξαι
588 4615 721 4672 ἰδεῖν
772 4616 923 4693 ἄφνω
964 4620 1055 4673 τὸν
1099 4620 1269 4689 οἶκον,
1303 4620 1354 4674 έν
1386 4620 1533 4695 ᾧπερ
1568 4622 1827 4693 εἱστήκει,

191 4698 570 4775 διαδονηθέντα
616 4707 903 4783 πρότερον,
931 4708 1018 4762 καὶ
1080 4707 1139 4763 ἐκ
1195 4716 1294 4777 τῆς
1344 4711 1553 4787 ὀροφῆς
1607 4710 1682 4771 εἰς
1733 4707 1829 4764 δύο
1861 4696 1906 4761 D

197 4788 345 4877 μέσος
380 4792 733 4870 διαιρεθέντα,
765 4796 853 4851 καί
900 4817 1016 4850 τινα
1045 4798 1217 4873 πυρὸς
1263 4796 1444 4874 φλόγα
1500 4797 1831 4877 πολνῦφωτον

193 4875 479 4954 ἔμπροσθεν
538 4884 728 4952 αὐτοῦ,
787 4886 875 4939 καὶ
938 4884 1164 4955 ταύτην,
1201 4883 1395 4958 (ἐδόκει
1462 4888 1563 4962 γὰρ
1635 4875 1831 4942 λοιπὸν

194 4965 436 5046 ὕπαιθρος
467 4973 494 5026 ὁ
525 4972 741 5043 τόπος’)
774 4971 970 5028 λοιπὸν
1001 4974 1059 5029 ἐκ
1095 4978 1192 5029 τοῦ
1225 4974 1477 5052 οὐρανίου
1510 4977 1700 5051 χώρου
1734 4978 1834 5049 μέ,

200 5073 313 5132 χρις
368 5060 533 5115 αὐτοῦ
590 5062 1027 5139 καταφερομένην
1066 5082 1079 5096 ·
1132 5066 1223 5118 τὸν
1286 5063 1343 5118 δὲ
1401 5064 1621 5140 οὐρανὸν
1675 5065 1831 5119 αὐτὸν

195 5142 650 5223 ἀναπεπταμένον,
691 5150 777 5205 καὶ
814 5150 902 5205 ἐπὶ
958 5156 1038 5223 τῷ
1089 5152 1247 5225 νώτῳ
1295 5157 1391 5206 τοῦ
1451 5154 1684 5227 οὐρανοῦ
1742 5153 1832 5207 τὸν

198 5234 415 5306 Ἰησοῦν,
467 5239 703 5315 ἀπείρων
753 5240 899 5311 αὐτῷ
947 5239 1363 5315 ἀνθρωποειδῶς
1419 5243 1833 5316 παρισταμένων

199 5321 448 5399 ἀγγέλων.
487 5329 581 5383 Καὶ
617 5333 786 5384 ταῦτα
850 5331 941 5403 μὶν
1006 5328 1203 5394 ἄνωθεν
1247 5332 1493 5405 ὁρᾶσθαι,
1526 5331 1615 5385 καὶ
1677 5331 1833 5385 αὐτὸν

200 5415 471 5487 θαυμάζειν
511 5437 524 5450 ο
559 5419 708 5472 κάτω
762 5416 820 5473 δέ
867 5418 1039 5492 κόψας
1072 5421 1099 5473 ὁ
1141 5419 1381 5495 Κάρπος,
1416 5418 1548 5475 ἰδεῖν
1602 5417 1700 5497 ἔφη
1747 5422 1833 5476 καὶ

197 5503 251 5555 τὸ
283 5499 471 5581 ἔδαφος
500 5508 638 5583 πρὸς
667 5508 865 5582 ἀχανές
894 5530 945 5562 τι
990 5508 1177 5583 χάσμα
1220 5508 1306 5563 καὶ
1372 5510 1642 5564 σκοτεινὸν
1693 5508 1833 5585 διερ-

201 5586 481 5669 ῥηγμένον,
515 5596 758 5658 καὶτοὺς
792 5598 887 5669 μὲν
917 5595 1111 5674 ἄνδρας
1157 5597 1390 5661 ἐκείνους
1437 5602 1520 5663 οἷς
1568 5598 1833 5674 ἐπηρᾶτο,

201 5679 294 5754 πρὸ
325 5683 485 5739 αὐτοῦ
518 5686 653 5741 κατά
686 5688 749 5740 τὸ
797 5687 1021 5760 στόμιον
1071 5685 1349 5757 έστηκέναι
1408 5693 1504 5743 τοῦ
1552 5686 1836 5767 χᾶσματος

204 5766 556 5849 ὕποτρόμους,
608 5775 897 5852 ὶλεεινοὺς,
948 5776 1073 5833 ὅσον
1159 5774 1312 5834 οὔπω
1374 5766 1841 5856 καταφερομένους

512 5907 774 5969 ΡΑτιιοι..
824 5910 933 5969 Gn.
981 5910 1080 5969 lV.

1918 2042 2141 2111 Carpus
2173 2042 2426 2112 hospitio
2457 2042 2701 2112 excepit,
2726 2041 2831 2105 vir,
2874 2041 2923 2095 si
2956 2040 3090 2111 quis
3118 2039 3287 2109 alius,
3332 2043 3568 2110 propter

1920 2147 2195 2199 magnam
2250 2131 2463 2185 mentis
2507 2131 2823 2201 puritatem
2877 2129 2949 2183 ad
2989 2129 3347 2182 cernendum
3385 2129 3564 2182 Deum

1919 2220 2285 2290 aptissimus.
2309 2224 2509 2290 Neque
2553 2220 2710 2273 enim
2743 2234 2942 2274 sacros
2976 2218 3383 2289 mysteriorum
3416 2217 3566 2271 ritus

1921 2308 2389 2380 aggrediebatur,
2415 2307 2527 2361 nisi
2578 2308 2741 2378 prius
2774 2306 2883 2378 ipsi
2916 2308 2974 2359 in
3009 2307 3079 2359 iis
3112 2307 3402 2377 precibus,
3438 2322 3566 2375 quae

1922 2405 2093 2453 antea
2124 2398 2278 2452 340
2311 2397 2505 2467 perﬁci
2540 2398 2749 2465 solent,
2769 2414 2937 2452 sacra
2957 2402 3014 2452 et
3035 2396 3165 2450 laeta
3194 2396 3569 2465 apparuisset

1923 2487 2088 2541 visio.
2118 2488 2174 2541 Is
2206 2487 2442 2558 quidem
2478 2488 2773 2553 narrabat,
2807 2502 2941 2540 cum
2988 2503 3022 2540 a
3071 2486 3351 2557 quodam,
3385 2485 3485 2556 qui
3534 2502 3570 2539 ιι

1923 2576 2037 2630 ﬁde
2068 2576 2463 2647 religioneque
2497 2581 2696 2631 nostra
2726 2576 3085 2642 abhorreret,
3122 2576 3268 2630 forte
3309 2574 3568 2629 offensus

1923 2670 2079 2720 esset
2110 2665 2383 2736 (tristitiae
2415 2669 2609 2720 autem
2645 2682 2824 2720 causa
2872 2668 3016 2732 erat,
3039 2665 3193 2735 quod
3228 2663 3324 2718 ille
3356 2664 3427 2718 ab
3461 2664 3572 2718 Ec-

1922 2753 2098 2809 clesia
2120 2755 2429 2825 quemdam
2448 2754 2781 2825 adimpium
2804 2753 3027 2808 cultum
3055 2753 3432 2823 traduxerat),
3449 2756 3575 2806 tum

1925 2859 2055 2898 cum
2090 2845 2265 2898 etiam
2299 2845 2371 2898 ab
2402 2844 2531 2915 ipso
2561 2843 2809 2914 (scilicet
2830 2842 3183 2909 Christiano,
3214 2847 3450 2912 propter
3480 2843 3575 2896 ba-

1924 2933 2233 3003 ptismum)
2263 2931 2485 2985 Hilaria
2524 2936 2869 3003 agerentur;
2920 2946 3054 2984 cum
3104 2929 3417 3000 benignam
3470 2944 3572 2999 pro

1927 3027 2177 3092 utroque
2198 3022 2267 3075 ad
2293 3021 2478 3076 Deum
2510 3022 2905 3091 precationem
2938 3018 3179 3074 fundere
3210 3034 3447 3073 necesse
3477 3034 3574 3072 es-

1927 3110 2284 3181 set,Deoque
2307 3115 2603 3164 servatore
2631 3110 2898 3178 adiutore
2927 3110 3227 3178 adjuncto,
3251 3107 3418 3162 illum
3441 3106 3573 3178 qui-

1928 3202 2059 3255 dem
2093 3204 2446 3265 convertere,
2472 3198 2629 3254 hunc
2658 3215 2789 3254 vero
2823 3199 3050 3255 vincere
3083 3198 3443 3269 benignitate
3468 3212 3571 3251 nec

1929 3288 2211 3343 desistere
2242 3288 2558 3342 admonere
2604 3304 2707 3358 per
2755 3304 2927 3342 omne
2976 3292 3232 3357 tempus,
3268 3302 3453 3357 usque
3502 3286 3574 3340 ad

1930 3374 2085 3429 hunc
2116 3375 2312 3446 ipsum
2357 3375 2534 3441 diem,
2564 3378 2741 3445 atque
2790 3376 2873 3430 ita
2916 3376 3156 3429 demum
3206 3390 3304 3430 eos
3352 3375 3423 3427 ad
3476 3373 3577 3429 Dei

1928 3466 2196 3519 notitiam
2229 3465 2543 3531 deducere;
2583 3464 2751 3535 quasi
2780 3465 2904 3534 jam
2935 3481 3021 3534 ea,
3056 3464 3127 3518 de
3160 3463 3377 3534 quibus
3406 3468 3582 3517 antea

1928 3552 2285 3618 dubitarent,
2313 3552 2635 3621 dijudicata
2664 3559 2882 3621 essent,
2915 3558 2972 3607 et
3012 3554 3082 3607 ab
3115 3551 3187 3607 iis
3218 3568 3346 3623 quae
3378 3551 3583 3606 incon-

1929 3643 2180 3696 siderate
2206 3641 2334 3695 ausi
2367 3646 2583 3709 essent,
2605 3642 2949 3712 resipiscere
2982 3641 3244 3713 legitima
3280 3641 3586 3696 severitate

1930 3738 2313 3801 cogerentur;
2347 3737 2471 3784 tum
2494 3736 2684 3785 tamen
2714 3732 2769 3785 id
2795 3731 2943 3801 quod
2970 3747 3269 3803 nunquam
3295 3730 3406 3785 sibi
3438 3745 3580 3783 usu-

1930 3821 2200 3885 venisset,
2236 3820 2389 3874 haud
2444 3822 2564 3875 scio
2612 3821 2905 3891 quomodo
2955 3836 3164 3891 magno
3214 3820 3466 3889 quodam
3520 3821 3578 3871 et

1929 3909 2136 3963 acerbo
2167 3909 2347 3963 animi
2379 3910 2577 3963 dolore
2607 3912 2954 3973 confectum,
2982 3909 3163 3980 quieti
3194 3909 3464 3974 dedisse;
3508 3924 3574 3961 ac

1929 4014 1991 4053 se
2021 3999 2257 4069 quidem
2291 3999 2577 4053 dormisse
2609 3999 2688 4052 ita
2719 3999 2867 4053 male
2896 4000 3168 4053 affectum
3219 4003 3363 4065 (erat
3412 3996 3570 4051 enim

1927 4089 2211 4155 vespera);
2243 4088 2430 4142 media
2462 4092 2655 4141 autem
2690 4087 2921 4141 circiter
2950 4094 3115 4142 nocte
3148 4088 3380 4157 (solitus
3412 4088 3570 4141 enim

1926 4180 2052 4232 erat
2090 4176 2197 4231 hoc
2238 4182 2501 4247 tempore
2531 4192 2633 4247 per
2661 4192 2721 4230 se
2752 4176 2823 4229 ad
2856 4176 3084 4230 divinos
3130 4175 3375 4247 hymnos
3426 4176 3572 4247 vigi-

1928 4264 2070 4334 lare)
2103 4266 2426 4320 surrexisse
2472 4265 2735 4335 quidem,
2769 4281 2901 4319 cum
2936 4281 3039 4319 nec
3067 4282 3344 4319 somnum
3376 4266 3573 4335 ipsum

1933 4355 2035 4425 qui
2066 4353 2221 4408 altus
2252 4354 2480 4419 fuisset,
2512 4357 2569 4407 et
2597 4368 2828 4423 semper
2882 4338 3252 4425 interruptus
3285 4354 3411 4408 sine
3441 4370 3579 4408 con-

1934 4443 2269 4497 turbatione
2302 4442 2573 4513 cepisset,
2606 4448 2858 4496 stantem
2903 4448 3101 4497 tamen
3133 4444 3203 4497 ad
3237 4443 3433 4498 divina
3464 4441 3583 4496 col-

1934 4532 2153 4602 loquia,
2187 4530 2507 4593 irreligiose
2565 4531 2847 4597 doluisse,
2875 4536 2931 4585 et
2978 4533 3182 4587 acerbe
3230 4533 3458 4599 tulisse,
3492 4532 3584 4586 di-

1940 4630 2187 4691 centem,
2222 4638 2337 4675 non
2370 4638 2498 4677 esse
2538 4638 2773 4692 aequum
2822 4623 2979 4677 viros
3027 4624 3239 4694 impios
3287 4624 3497 4688 vivere,
3528 4626 3586 4677 et

1941 4710 2041 4782 qui
2084 4710 2206 4765 vias
2254 4708 2481 4764 Domini
2532 4715 2721 4765 rectas
2755 4717 3186 4780 perverterent:
3233 4712 3353 4767 haec
3384 4712 3583 4766 dicen-

1939 4806 2079 4865 tem,
2122 4803 2421 4871 precatum
2482 4814 2612 4854 esse
2662 4816 2695 4853 a
2743 4798 2881 4862 Deo,
2914 4804 2977 4853 ut
3025 4801 3333 4855 amborum
3386 4802 3587 4866 vitam,

1942 4889 2067 4945 sine
2101 4886 2499 4943 misericordia
2544 4887 2775 4941 turbine
2824 4887 3019 4958 aliquo
3066 4890 3235 4959 igneo
3278 4891 3591 4959 abrumpe-

1943 4982 2049 5033 ret.
2075 4980 2209 5043 Quze
2259 4992 2393 5031 cum
2426 4976 2691 5045 dixisset,
2726 4976 3225 5032 commemorabat
3256 4977 3367 5032 sibi
3397 4978 3589 5032 visum

1943 5083 2072 5122 esse
2105 5066 2297 5120 videre
2329 5070 2564 5136 repente
2594 5066 2836 5120 domum
2878 5066 2937 5119 in
2984 5083 3100 5137 qua
3148 5071 3348 5135 staret,
3382 5067 3595 5138 agitari

1945 5157 2226 5228 primum,
2258 5154 2467 5209 deinde
2500 5171 2532 5209 a
2558 5154 2769 5209 vertice
2795 5154 2852 5209 in
2886 5155 3033 5210 duas
3066 5160 3259 5226 partes
3316 5155 3599 5211 dimidias

1944 5244 2141 5313 divndi,
2163 5249 2221 5299 et
2245 5248 2378 5299 ante
2410 5260 2472 5298 se
2504 5260 2711 5315 rogum
2747 5244 3065 5315 quemdam
3100 5245 3294 5316 magni
3332 5244 3597 5316 luminis,

1946 5350 2198 5404 eumque
2230 5332 2363 5402 (sub
2398 5332 2491 5386 dio
2525 5333 2679 5387 enim
2713 5331 2880 5387 locus
2910 5332 3009 5388 ille
3039 5350 3167 5388 esse
3209 5335 3534 5406 videbatur)
3570 5351 3600 5390 e

1947 5422 2090 5478 coelo
2123 5438 2310 5492 usque
2342 5421 2412 5475 ad
2447 5421 2707 5491 seipsum
2742 5422 2987 5477 deferri:
3022 5423 3229 5479 cmlum
3264 5441 3397 5480 vero
3430 5441 3600 5497 aper—

1948 5520 2065 5566 tum
2100 5516 2155 5565 et
2186 5510 2242 5563 in
2277 5526 2531 5565 convexa
2562 5508 2690 5563 cmli
2740 5512 3049 5581 superﬁcie
3079 5517 3282 5569 Jesum
3314 5515 3599 5569 assisten-

1948 5600 2105 5655 tibus
2136 5597 2669 5653 innumerabilibus
2702 5599 2950 5671 angelis,
2982 5601 3291 5658 hominum
3328 5605 3516 5676 ﬁgura
3546 5619 3604 5667 et

1949 5689 2161 5761 specie.
2196 5689 2383 5758 Atque
2435 5686 2554 5742 haec
2610 5688 2849 5760 quidem
2883 5708 2916 5746 a
2948 5690 3090 5748 cmlo
3143 5692 3324 5749 videri
3370 5708 3606 5747 summa

1949 5795 2085 5838 cum
2125 5795 2233 5836 sua
2273 5776 2683 5834 admiratione.
2718 5782 2860 5835 Cum
2907 5786 3104 5837 autem
3153 5784 3278 5854 ipse
3328 5784 3601 5839 deorsum

3207 5914 3280 5967 19
