4020 6358
456 367 563 425 587

1684 364 1743 415 8.
1785 360 2103 415 DIONYBII
2144 364 2652 425 AREOPAGITE.
3753 373 3844 429 588

459 491 661 549 oculos
691 486 1091 555 convertisset,
1113 502 1347 542 cernere
1371 501 1434 541 se
1460 485 1654 541 aiebat
1684 484 1859 540 etiam
1890 487 2107 538 terram

2230 484 2333 540 ὑπὸ
2387 492 2486 553 τῆς
2542 495 2648 545 τῶν
2711 490 2923 546 οῖκείων
2983 488 3167 547 ποδῶν
3199 490 3453 554 ἀστασίας
3482 512 3495 527 ⁸
3528 495 3752 551 κάτωθεν
3800 494 3848 552 δὲ

458 581 652 652 ipsam
684 579 765 633 ita
793 575 1161 643 discessisse,
1185 580 1250 630 ut
1280 576 1567 631 obscurus
1598 572 1837 646 quidam
1871 575 1927 627 et
1946 576 2107 627 tene-

458 670 727 725 bricosus
749 667 945 721 hiatus
968 664 1248 719 exsistere
1281 664 1602 718 videretur:
1638 666 1812 732 atque
1844 660 2111 716 homines

462 758 701 830 quidem
750 754 884 809 illos
934 753 1151 824 quibus
1186 753 1338 807 male
1369 757 1638 823 precatus
1676 754 1851 818 esset,
1885 755 2020 805 ante
2051 767 2113 805 se

462 848 536 903 ad
582 862 646 901 os
697 844 893 898 hiatus
940 849 1095 898 stare
1138 846 1458 896 trementes
1506 846 1563 895 et
1612 839 1880 908 miseros,
1912 844 1970 894 et
2012 839 2112 910 qui

462 937 581 991 fere
614 951 727 1006 prae
760 933 977 1005 pedum
1011 947 1253 986 suorum
1288 928 1671 985 instabilitate
1702 929 2112 1000 demergeren-

463 1032 584 1081 tur:
628 1024 699 1079 ab
732 1021 1005 1076 inferiore
1038 1025 1234 1075 autem
1268 1018 1395 1074 loco
1427 1035 1494 1073 ex
1529 1018 1691 1073 hiatu
1724 1034 1949 1089 angues
1981 1034 2113 1073 sur-

461 1130 595 1170 sum
630 1128 881 1183 serpere,
916 1116 1091 1180 atque
1122 1109 1193 1163 ad
1227 1124 1429 1163 eorum
1482 1108 1659 1179 pedes
1709 1124 1843 1163 cum
1888 1106 2110 1162 sensim

461 1207 854 1269 moverentur,
887 1200 1034 1254 841
1076 1197 1371 1253 interdum
1423 1196 1659 1268 quidem
1714 1196 1952 1252 sibilare
2000 1195 2111 1251 mi-

458 1295 690 1358 nantes,
716 1287 894 1345 simul
925 1293 982 1343 et
1011 1286 1410 1358 deprimentes
1442 1290 1617 1357 atque
1646 1286 1947 1341 trahentes
1974 1302 1986 1339 :
2022 1286 2111 1340 in-

457 1382 687 1436 terdum
719 1387 916 1433 autem
949 1376 1225 1431 dentibus
1247 1378 1348 1429 aut
1371 1375 1575 1429 caudis
1598 1374 2000 1444 incendentes,
2025 1373 2112 1429 vel

457 1469 878 1531 demulcentes,
911 1464 1190 1535 omnique
1222 1465 1447 1519 ratione
1496 1469 1757 1535 agentes,
1794 1468 1857 1517 ut
1904 1479 2003 1518 eos
2052 1463 2111 1517 in

457 1559 686 1614 hiatum
720 1557 886 1611 illum
934 1554 1264 1626 injicerent.
1298 1553 1441 1608 Esse
1491 1553 1667 1607 etiam
1720 1552 2003 1622 quosdam
2052 1551 2111 1605 in

457 1648 671 1715 medio,
705 1645 803 1718 qui
841 1661 957 1699 una
988 1660 1119 1698 cum
1152 1642 1525 1713 serpentibus
1570 1641 1629 1695 in
1680 1640 1950 1696 homines
1981 1640 2115 1696 illos

457 1736 799 1791 invaderent
852 1732 1261 1804 ixagitatione,
1324 1731 1519 1801 pulsu,
1570 1736 1627 1784 et
1676 1730 2055 1802 percussione
2100 1748 2112 1785 :

456 1825 614 1881 visos
668 1829 865 1880 autem
917 1837 1045 1877 esse
1094 1822 1249 1876 viros
1298 1820 1587 1887 decidere,
1623 1819 1833 1890 partim
1887 1824 2114 1891 sponte,

455 1914 672 1987 partim
731 1912 930 1975 invite,
965 1911 1121 1982 quod
1174 1926 1207 1964 a
1255 1908 1406 1963 malo
1460 1908 1690 1963 sensim
1744 1914 2111 1979 cogerentur.

456 2004 744 2059 Narrabat
777 2017 946 2073 porro
978 2001 1202 2071 Carpus
1233 2015 1295 2053 se
1324 1997 1686 2068 voluptatem
1737 2014 1943 2068 capere
1972 1997 2110 2053 soli-

455 2096 605 2158 tum,
642 2108 777 2147 cum
808 2089 1087 2144 inferiora
1134 2087 1441 2159 aspiceret,
1477 2087 1781 2158 superiora
1830 2102 1962 2140 vero
2009 2103 2110 2141 ne-

454 2181 711 2251 gligere:
763 2179 1015 2251 graviter
1062 2182 1260 2233 autem
1308 2177 1455 2231 ferre
1505 2181 1561 2229 et
1609 2175 1919 2246 negligere,
1956 2176 2109 2247 quod

454 2270 715 2325 nondum
748 2266 1130 2331 decidissent,
1163 2270 1338 2335 atque
1370 2264 1426 2317 in
1464 2264 1611 2318 hanc
1644 2280 1762 2318 rem
1797 2280 1927 2319 cum
1959 2280 2111 2335 saepe

456 2358 849 2422 incubuisset,
883 2372 989 2410 nec
1042 2354 1406 2426 profecisset,
1436 2358 1492 2408 et
1541 2354 1746 2408 acerbe
1796 2353 2024 2420 tulisse,
2056 2358 2113 2408 et

459 2448 610 2503 male
640 2452 936 2518 precatum
964 2460 1121 2499 esse:
1148 2460 1279 2498 cum
1310 2443 1402 2497 vix
1424 2443 1660 2497 tandem
1694 2442 1905 2497 ccslum
1939 2459 2112 2512 aspe-

452 2537 661 2602 xisset,
692 2535 909 2590 vidisse
940 2533 1180 2606 quidem
1225 2531 1370 2586 illud
1421 2548 1679 2598 rursum,
1731 2532 2110 2603 quemadmo-

454 2626 596 2682 dum
626 2625 800 2680 eliam
835 2628 1006 2679 antea
1036 2621 1309 2676 vidisset:
1343 2622 1541 2676 .lesum
1575 2627 1766 2675 autem
1815 2637 1989 2691 quem
2036 2621 2108 2675 ad

457 2712 951 2779 misericordiam,
986 2712 1043 2765 id
1091 2710 1243 2781 quod
1304 2709 1619 2780 gerebatur
1675 2709 2107 2775 commovisset,

455 2802 782 2860 surrexisse
812 2818 881 2856 ex
910 2800 1128 2855 coelesti
1163 2797 1331 2865 solio,
1365 2802 1421 2853 et
1451 2814 1583 2851 cum
1629 2797 1699 2852 ad
1732 2814 1832 2853 eos
1864 2798 2108 2852 descen-

455 2893 659 2959 disset,
712 2906 955 2945 manum
1004 2887 1321 2959 benignam
1373 2886 1721 2957 porrexisse,
1763 2892 1820 2941 et
1870 2887 2108 2958 angelos

456 2983 554 3056 qui
589 3000 708 3037 una
736 2980 1022 3035 auxilium
1054 2980 1288 3044 ferrent,
1314 2977 1467 3032 viros
1488 2976 1667 3032 alium
1703 2976 1818 3032 alia
1844 2994 1913 3033 ex
1944 2983 2108 3049 parte

2224 576 2331 631 ἀπὸ
2388 583 2484 633 τοῦ
2549 583 2855 654 χάσματος,
2906 578 3053 657 ὄφεις
3110 581 3383 657 ἆνέρπειν,
3432 583 3521 637 καὶ
3576 584 3690 657 περὶ
3740 585 3848 650 τοὺς

2222 661 2394 727 πόδας
2453 666 2627 722 αὐτῶν
2694 668 3180 741 ὑποκινουμένους,
3233 672 3369 724 ποτὶ
3435 672 3529 743 μὶν
3610 672 3846 746 συρίττειν

2222 751 2740 829 έπαπειΑουμένους,
2775 760 2886 831 ἅμα
2931 758 3020 813 καὶ
3069 754 3485 834 ἐπιϐαροῦνταί,
3537 762 3624 815 καὶ
3670 759 3841 817 ἕλκον.

2218 864 2315 905 τας
2351 864 2363 875 ·
2394 844 2526 899 ποτὲ
2552 843 2608 900 δὲ
2651 847 2739 901 xui
2770 855 2886 909 τοῖς
2919 846 3162 921 οὗραίοις
3193 848 3559 926 ὑποτύφοντας
3608 852 3689 904 καὶ
3725 851 3841 907 ὑπο-

2218 931 2791 1008 γαργαλίζοντας,καὶ
2850 933 2937 989 διὰ
2985 937 3198 998 παντὸς
3253 935 3330 998 εἷς
3376 938 3437 991 τὸ
3486 938 3674 1012 ἀχανὶς
3712 935 3856 1012 ἐμϐα-

2221 1019 2337 1075 λεῖν
2387 1025 2845 1098 μηχανωμένους.
2907 1023 3058 1080 Εἶναι
3125 1021 3183 1078 δὲ
3243 1022 3331 1078 xui
3384 1022 3577 1101 ἄνδρας
3628 1028 3765 1089 τινὰς
3810 1028 3851 1084 ἰν

2225 1110 2373 1184 μέσῳ
2418 1117 2535 1172 τοῖς
2592 1108 2764 1190 ὅιρεσι,
2818 1114 2955 1167 κατά
3026 1117 3136 1167 τῶν
3204 1110 3411 1187 ἀνδρῶν
3474 1118 3851 1189 συνεπιτιθεμέ-

2218 1197 2771 1267 νους,διαδονοῦντας
2832 1202 2945 1275 ἅμα
2992 1202 3081 1256 xui
3139 1202 3512 1274 ὑπωθοῦντας,
3542 1204 3629 1257 xui
3684 1205 3857 1259 παίον-

2219 1309 2313 1350 τας
2349 1310 2360 1321 ·
2398 1287 2617 1345 ἐδόκουν
2647 1290 2703 1345 δὲ
2735 1293 2873 1345 εἶναι
2904 1291 3039 1365 πρὸς
3069 1291 3136 1346 τὸ
3188 1296 3369 1345 πεσεῖν
3420 1290 3639 1364 ἐκεῖνοι,
3668 1295 3731 1347 τὰ
3779 1294 3857 1366 μὲν

2224 1377 2326 1433 έκό
2354 1400 2497 1448 ντες,
2544 1381 2611 1433 τὰ
2670 1379 2726 1434 δὲ
2776 1378 3018 1449 ἄκοντες,
3086 1381 3189 1435 ὑπὸ
3238 1384 3334 1435 τοῦ
3381 1386 3548 1435 κακοῦ
3599 1382 3856 1456 βιαζόμενο

2223 1468 2343 1521 κατ’
2378 1468 2567 1543 ὀλίγον
2620 1471 2731 1541 ἅμα
2768 1469 2857 1524 καὶ
2907 1468 3243 1542 πειθόμενοι.
3296 1471 3490 1545 Ἔλεγε
3539 1467 3594 1524 δὶ
3646 1470 3848 1525 αὐτὸνὸ

2228 1558 2448 1631 Κάρπος
2478 1555 2701 1626 ἥδεσθαι
2733 1559 2882 1612 κάτω
2918 1557 3212 1633 βλέποντα,
3240 1563 3349 1612 τῶν
3382 1556 3493 1612 ἅνω
3525 1555 3581 1612 δὶ
3609 1558 3809 1631 ἀμελεῖν
3835 1577 3846 1591 ο

2226 1642 2593 1721 δυσχεραίνειν
2656 1644 2712 1701 δέ
2762 1647 2854 1701 καὶ
2911 1645 3227 1721 ὀλιγωρεῖν,
3260 1647 3343 1702 ὅτι
3392 1648 3469 1719 μὴ
3513 1644 3618 1717 ἤδη
3649 1649 3846 1702 πεπτώ-

2224 1755 2369 1803 κασι,
2428 1735 2516 1788 καὶ
2572 1734 2651 1807 τῷ
2703 1737 2982 1809 πράγματι
3048 1733 3322 1797 πολλάκις
3392 1734 3701 1809 ἐπιθέμενον
3769 1737 3845 1790 καὶ

2226 1820 2651 1892 ἀδυνατήσαντα,
2718 1823 3051 1898 ἀχθεσθῆναι
3089 1867 3102 1892 ,
3149 1825 3237 1877 καὶ
3332 1823 3690 1898 ἐπαράσασθαι
3717 1843 3729 1857 ·
3772 1824 3845 1879 καὶ

2225 1909 2583 1965 ἀνανεύσαντα
2636 1911 2821 1984 μόλις,
2882 1910 3015 1966 ἰδεῖν
3069 1913 3165 1985 μὲν
3243 1911 3393 1975 αὖθις
3466 1913 3558 1967 τὸν
3628 1912 3844 1985 οὐρανὸν,

2221 2000 2400 2072 ὥσπερ
2430 2000 2519 2054 καὶ
2566 2000 2828 2077 πρότερον
2890 2001 3115 2074 ἑωράκει
3157 2019 3172 2035 ⁸
3200 2001 3291 2055 τὸν
3339 1998 3395 2056 δὲ
3443 2003 3672 2071 Ἰησοῦν,
3704 2000 3840 2071 ἐλεή-

2222 2109 2384 2142 σαντα
2432 2090 2494 2143 τὸ
2550 2088 2856 2162 γινόμενον,
2918 2089 3263 2159 ἐξαναστῆναι
3330 2094 3431 2144 τοῦ
3486 2089 3841 2165 ὑπερουρανίου

2222 2178 2435 2252 θρόνου,
2468 2177 2556 2231 καὶ
2582 2174 2686 2241 ἓως
2716 2178 2889 2232 αὐτῶν
2934 2174 3237 2233 καταϐάντα
3281 2184 3448 2253 ’χεῖρα
3496 2178 3692 2253 ἀγαθὴν
3741 2177 3843 2251 ὀρέ-

2219 2288 2328 2340 γειν
2366 2286 2378 2297 ·
2412 2267 2499 2320 καὶ
2527 2268 2655 2329 τοὺς
2688 2265 2971 2342 ἀγγέλους,
3005 2266 3151 2338 αὐτῷ
3200 2262 3842 2339 συνεπιλαμϐανομένους,

2222 2354 2391 2410 ἄλλον
2426 2353 2658 2418 ἄλλοθεν
2691 2356 3006 2431 ἀντέχεσθαι
3036 2361 3151 2410 τοῖν
3188 2353 3432 2430 ἀνδροῖν,
3464 2356 3555 2411 καὶ
3603 2356 3757 2409 εἰπεῖν
3780 2360 3843 2426 τῷ

2222 2446 2422 2520 Κάρπῳ
2477 2444 2569 2498 τὸν
2605 2446 2842 2514 Ἰησοῦν,
2878 2452 2978 2514 τῆς
3028 2445 3215 2519 χειρὸς
3263 2443 3372 2516 ἤδη
3422 2446 3841 2521 προτεταμένης·

2222 2558 2249 2585 ‹‹
2281 2540 2413 2588 Παῖε
2457 2535 2576 2588 κατ’
2602 2533 2736 2605 ἐμοῦ
2764 2534 2958 2588 λοιπόν
2997 2556 3009 2568 ·
3042 2531 3266 2608 ἕτοιμος
3298 2534 3399 2610 γάρ
3436 2534 3552 2607 εἰμι
3600 2535 3683 2588 xui
3716 2532 3843 2593 αὖθις

2223 2623 2354 2697 ὑπὲρ
2392 2623 2685 2698 ἀνθρώπων
2719 2624 3143 2695 ἀνασωζομένων
3188 2630 3403 2693 παθεῖν,
3437 2623 3527 2679 καὶ
3578 2622 3845 2696 προσφιλὲς

2227 2733 2323 2784 μοι
2354 2709 2538 2779 τοῦτο,
2575 2713 2650 2785 μὴ
2685 2710 2871 2766 ἄλλων
2907 2712 3323 2789 ἁμαρτανόντων
3361 2713 3682 2788 ἀνθρώπων.
3711 2710 3840 2776 Πλὴν

2220 2800 2320 2875 δραι
2368 2800 2412 2854 εἷ
2461 2799 2644 2862 καλῶς
2691 2800 2805 2875 ἔχει
2856 2822 2939 2855 σοι
2983 2803 3082 2869 τὴν
3122 2801 3173 2855 έν
3204 2806 3283 2873 τῷ
3308 2800 3581 2877 χάρματι,
3614 2800 3699 2856 καὶ
3732 2798 3844 2872 μετᾶ

2215 2893 2323 2943 τῶν
2357 2883 2528 2967 ὅιρεων
2567 2890 2737 2962 μονὴν
2778 2888 3209 2959 ἀνταλλάξασθαι
3246 2896 3345 2959 τῆς
3403 2891 3543 2962 μετά
3599 2892 3723 2943 Θεοῦ
3767 2886 3842 2940 καί

2216 2983 2324 3032 τῶν
2355 2979 2567 3053 ἀγαθῶν
2600 2979 2691 3033 καὶ
2723 2978 3125 3056 φιλανθρώπων
3159 2977 3439 3055 ἀγγέλων.
3472 3002 3501 3032 ››

452 3070 789 3134 retinuisse,
819 3068 1035 3122 dixisse
1065 3070 1249 3137 Carpo
1278 3066 1480 3122 Jesum
1517 3071 1840 3136 porrectam
1872 3066 2065 3121 adhuc
2096 3084 2334 3123 manum
2370 3069 2645 3124 habenti:
2682 3091 2709 3118 «
2742 3068 2866 3123 Feri
2899 3085 2993 3123 me
3014 3070 3140 3140 jam
3169 3088 3182 3139 ;
3226 3074 3471 3139 paratus
3522 3084 3650 3124 sum
3697 3064 3831 3120 enim

451 3175 691 3216 rursum
732 3156 942 3213 salutis
973 3156 1280 3211 hominum
1313 3171 1487 3211 causa
1518 3164 1763 3210 mortem
1797 3157 2057 3227 perpeti:
2112 3157 2377 3228 mihique
2408 3159 2517 3214 hoc
2550 3164 2887 3229 pergratum
2935 3163 3048 3222 est,
3080 3158 3218 3213 dum
3276 3158 3372 3213 alii
3432 3157 3701 3213 homines
3746 3168 3841 3209 non

453 3252 715 3322 peccent.
749 3247 856 3302 Sed
889 3245 1039 3316 vide,
1072 3261 1214 3300 num
1250 3244 1352 3299 tibi
1386 3243 1528 3299 utile
1558 3244 1635 3299 sit
1664 3243 1816 3299 hanc
1851 3245 1907 3299 in
1936 3244 2095 3301 hiatu
2130 3251 2186 3301 et
2216 3263 2350 3302 eum
2383 3248 2755 3320 serpentibus
2791 3247 3180 3314 mansionem,
3216 3247 3519 3303 mansioni
3567 3261 3694 3302 cum
3744 3244 3838 3298 Deo

453 3343 511 3394 et
540 3336 810 3409 benignis
842 3335 1269 3405 hominumque
1300 3332 1635 3389 amantibus
1667 3333 1891 3406 angelis
1920 3340 2293 3405 anteponere.
2328 3356 2357 3385 ››

524 3467 656 3533 Ipse
705 3460 902 3532 igitur,
936 3459 1185 3516 formam
1226 3458 1632 3514 ecclesiasticas
1664 3458 2103 3515 constitutionis

2280 3458 2455 3522 Αὐτὸς
2482 3458 2659 3513 τοίνυν
2696 3460 2785 3513 xui
2816 3466 2916 3528 τῆς
2971 3457 3432 3529 ἐκκλησιαστικῆς
3493 3456 3836 3514 καταστάσεως

450 3552 893 3621 interpretatus,
929 3553 1131 3620 postea
1161 3548 1233 3602 ad
1268 3547 1657 3603 occidentales
1698 3556 1887 3619 partes
1918 3550 2106 3619 impe-

453 3646 622 3695 rante
654 3637 986 3694 Domitiano
1030 3637 1311 3708 pervenit,
1347 3636 1670 3708 multisque
1719 3637 1999 3692 exhibitis
2046 3637 2105 3690 in

452 3728 685 3784 civitate
717 3725 1033 3781 Parisiensi
1077 3725 1400 3793 miraculis,
1432 3725 1617 3796 capite
1665 3725 1942 3796 plectitur
1973 3742 1987 3780 :
2041 3742 2106 3780 ao

452 3818 593 3872 dum
625 3817 821 3887 ipsum
857 3814 1109 3886 propriis
1152 3815 1428 3868 manibus
1472 3814 1850 3884 suscepisset,
1886 3815 1957 3867 ad
1992 3815 2107 3868 duo

454 3908 710 3964 miliaria
742 3922 1089 3978 progressus
1121 3909 1231 3969 est,
1257 3921 1391 3959 cum
1426 3905 1817 3975 spectantium
1853 3906 2108 3959 admira-

450 3999 631 4062 tione,
664 4013 851 4065 neque
902 3996 1067 4067 prius
1107 3995 1299 4065 ipsum
1331 3993 1590 4059 demisit,
1624 4010 1801 4064 quam
1856 3993 2106 4059 mulieri,

452 4086 547 4142 cui
583 4102 793 4141 nomen
825 4084 1050 4154 Catula,
1085 4100 1419 4152 occurrens,
1454 4084 1525 4137 ab
1576 4099 1664 4148 ea,
1696 4082 1894 4137 divino
1944 4098 2107 4153 pror-

450 4192 555 4230 sus
597 4174 864 4239 consilio,
894 4172 1386 4244 comprehensus,
1420 4172 1549 4242 ejus
1602 4172 1875 4226 manibus
1928 4170 2108 4226 veluti

446 4263 794 4319 thesaurum
823 4262 1078 4334 aliquem
1104 4263 1518 4333 imposuisset:
1541 4259 1813 4315 similiter
1832 4260 2110 4315 Rusticus

448 4358 506 4407 et
546 4352 919 4408 Eleutherius
970 4350 1133 4404 illius
1182 4348 1460 4419 discipuli
1511 4349 1701 4419 capite
1752 4348 2107 4421 plectuntur,

447 4446 629 4511 atque
657 4457 791 4495 cum
825 4439 977 4494 sacri
1010 4438 1296 4510 praeconis
1316 4437 1663 4508 etinartyris
1697 4453 1937 4507 corpore
1969 4454 2109 4492 san-

448 4535 678 4584 ctorum
712 4545 959 4597 corpora
1003 4526 1387 4597 abjiciuntur,
1424 4525 1563 4581 feris
1591 4530 1646 4580 et
1677 4526 1882 4580 avibus
1915 4526 1973 4580 in
2010 4544 2107 4596 pa-

446 4617 654 4672 bulum
706 4619 953 4686 objecta.
1006 4615 1256 4678 Quidam
1314 4630 1449 4669 vero
1510 4612 1771 4668 ﬁdelium
1829 4614 2107 4685 reliquias

446 4715 785 4762 sanctorum
833 4703 1097 4775 capiunt,
1129 4709 1186 4758 et
1227 4702 1287 4756 in
1335 4704 1587 4758 obscuro
1634 4701 1758 4757 loco
1805 4703 2109 4773 deponunt

445 4799 683 4865 propter
713 4793 1084 4864 ingruentem
1118 4791 1462 4845 carniﬁcum
1496 4790 1767 4846 timorem
1798 4809 1810 4845 :
1859 4807 1991 4845 cum
2024 4790 2111 4861 illi

2218 3548 2552 3621 ἑρμηνεύσας
2608 3547 2701 3603 τὸν
2759 3549 2952 3617 τόπον,
3016 3549 3149 3620 μετά
3203 3552 3370 3602 ταῦτα
3424 3541 3739 3602 καταλαϐὼν
3786 3541 3842 3596 τὰ

2219 3636 2437 3711 ἑσπέρια
2490 3638 2627 3709 μέρη
2688 3635 2774 3691 ἐπὶ
2843 3644 2946 3707 τῆς
3033 3636 3313 3711 βασιλείας
3372 3638 3720 3710 Δομετιανοῦ,
3768 3627 3841 3684 καὶ

2217 3724 2404 3779 πολλὰ
2433 3724 2679 3797 θαύματα
2730 3724 3154 3799 ἐπιδειξάμενος,
3184 3724 3236 3779 έν
3290 3726 3527 3800 Παρισίᾳ
3570 3727 3637 3797 τῇ
3681 3720 3839 3787 πόλει,

2216 3816 2316 3883 τὴν
2361 3814 2602 3884 κεφαλὴν
2638 3814 2992 3888 ἀποτέμνεται
3032 3836 3043 3848 ’
3078 3815 3168 3869 καὶ
3217 3813 3424 3885 ταύτην
3478 3812 3634 3874 ῗδίαις
3682 3808 3842 3885 χερσὶν

2224 3901 2638 3976 ὑποδεξάμενος,
2678 3903 2841 3978 μέχρι
2874 3902 2968 3958 δύο
3010 3902 3209 3976 μιλίων
3261 3899 3500 3971 έϐάδισε,
3534 3904 3705 3973 θαῦμα
3742 3900 3840 3955 τοῖς

2221 3993 2421 4065 ὁρῶσιν
2461 3992 2856 4064 ἐνστησάμενος
2880 4012 2891 4023 '
2925 3992 3016 4046 xui
3048 3992 3108 4047 οὐ
3140 3992 3405 4066 πρότερον
3440 3990 3641 4059 ταύτην
3680 3988 3839 4054 ἀνῆκε,

2219 4080 2343 4151 πρὶν
2402 4083 2490 4135 ὅτε
2541 4082 2754 4155 γυναικὶ
2813 4081 3041 4154 ὀνόματι
3098 4078 3350 4152 Κατοῦλᾳ
3409 4080 3730 4147 ὑπαντήσας,
3768 4070 3840 4126 καὶ

2218 4170 2354 4224 κατᾶ
2396 4170 2535 4224 Θείαν
2595 4172 2810 4233 πάντως
2842 4171 3124 4247 συσχεθεὶς
3170 4169 3458 4247 πρόνοιαν,
3489 4173 3604 4228 ταῖς
3661 4163 3843 4229 ἐκείνης

2219 4257 2500 4331 παλάμαις
2561 4260 2675 4314 οἷόν
2732 4281 2855 4314 τινα
2914 4260 3186 4334 θησαυρὸν
3241 4258 3553 4322 ἐναπέθετο.
3601 4252 3842 4309 Ὡσαύτως

2219 4349 2525 4411 Ῥουστικὸς
2576 4350 2664 4403 xui
2710 4348 3054 4423 Ἐλευθέριος
3112 4352 3552 4422 καρατομοῦνται
3610 4345 3657 4399 oi
3704 4341 3842 4396 αὖτοῦ

2221 4438 2475 4510 φοιτηταί
2516 4457 2527 4469 ·
2559 4438 2644 4491 καὶ
2700 4437 2791 4491 σὺν
2838 4442 2915 4508 τῷ
2969 4440 3285 4512 μαρτυρικῷ
3328 4438 3543 4508 σώματι
3579 4436 3672 4487 τοῦ
3718 4428 3841 4501 ἱεροῦ

2218 4525 2456 4596 κήρυκος
2486 4525 2553 4578 τὰ
2581 4530 2688 4579 τῶν
2720 4526 2885 4599 ἁγίων
2925 4524 3152 4597 σώματα
3187 4524 3491 4599 ῥίπτονται,
3523 4517 3677 4594 θηρσὶ
3728 4511 3845 4592 βορᾶ

2218 4612 2307 4666 καὶ
2368 4612 2572 4686 ὀρνέοις
2642 4613 2997 4688 προκείμενα.
3062 4617 3268 4669 ΙΙιστῶν
3341 4609 3400 4666 δέ
3452 4631 3594 4671 τινες
3640 4606 3702 4661 τὰ
3749 4606 3839 4657 τῶν

2219 4697 2386 4771 ἁγίων
2440 4694 2780 4770 λαμϐάνουσι
2832 4698 3080 4773 λείψανα,
3113 4698 3201 4753 καὶ
3253 4698 3306 4753 έν
3362 4702 3443 4769 τῷ
3488 4696 3671 4772 ἀφανεῖ
3700 4707 3841 4745 κατα-

2218 4787 2452 4842 τίθενται
2486 4786 2574 4841 διὰ
2601 4788 2694 4843 τὸν
2729 4787 3067 4861 ἐπικείμενον
3102 4783 3271 4866 φόϐον
3321 4791 3430 4841 τῶν
3482 4784 3689 4857 δημίων
3718 4800 3730 4813 ·
3758 4774 3843 4830 κᾶ-

445 4889 641 4939 autem
668 4881 1157 4947 abiissent,beata
1175 4878 1378 4935 Catula
1398 4884 1723 4951 martyrum
1746 4878 2023 4951 reliquias
2047 4879 2103 4934 in

2219 4874 2407 4929 κείνων
2467 4874 2918 4951 ἀπαλλαγέντων,
2978 4873 3029 4931 ἔν
3087 4898 3194 4931 τινι
3261 4874 3329 4929 τὰ
3405 4878 3515 4928 τῶν
3578 4866 3837 4945 μαρτύρων

444 4972 643 5044 aliquo
696 4970 912 5041 templo
962 4968 1236 5033 collocat,
1283 4967 1376 5023 die
1422 4968 1595 5023 tertia
1640 4968 1921 5025 Octobris.
1970 4969 2107 5023 Erat

442 5078 601 5129 vero,
628 5061 676 5116 si
711 5075 1051 5130 corpoream
1094 5062 1322 5127 spectes
1371 5058 1649 5129 speciem,
1674 5060 1827 5115 342
1874 5059 2103 5129 magni-

441 5150 645 5203 tudine
682 5148 982 5211 mediocri,
1010 5162 1224 5212 macer,
1252 5147 1648 5218 subpallibus,
1672 5165 1812 5203 naso
1836 5149 2103 5218 aliquan-

441 5237 634 5292 tulum
686 5238 984 5307 depresso,
1020 5235 1352 5307 superciliis
1410 5237 1748 5303 contractis,
1781 5236 1966 5292 oculis
2000 5237 2102 5291 de-

440 5327 640 5391 fossis,
672 5326 917 5381 auribus
966 5327 1197 5397 magnis
1247 5329 1548 5397 prazditus,
1574 5344 1777 5396 canus,
1812 5331 2098 5393 comatus,

441 5415 626 5470 barba
643 5414 955 5486 quaalabra
986 5414 1221 5483 quidem
1255 5416 1428 5470 vestit
1460 5416 1754 5470 moderate
1789 5414 2099 5485 promissa,

443 5521 571 5576 quae
603 5509 801 5558 autem
825 5521 857 5558 a
886 5508 1081 5557 mento
1103 5504 1223 5558 exit
1246 5521 1401 5573 rara,
1425 5504 1734 5576 paululum
1768 5511 2099 5571 ventrosus,

442 5594 639 5667 digitis
658 5592 1204 5666 oblongis.Festum
1234 5594 1361 5665 ejus
1394 5593 1725 5651 celebratur
1756 5594 1816 5649 in
1851 5594 2098 5649 sanctis-

444 5683 596 5740 sima
628 5700 842 5757 magna
874 5681 1149 5739 Ecclesia.

2216 4967 2444 5039 λείψανα
2494 4969 2528 5035 ἡ
2592 4965 2831 5041 μακαρία
2892 4966 3139 5022 Κατούλα
3207 4963 3493 5037 δομήματι
3550 4956 3839 5021 κατατίθησι

2213 5058 2403 5129 τρίτην
2442 5052 2750 5129 ὀκτωϐρίου
2800 5056 2972 5129 μηνὸς
3027 5054 3278 5130 ἄγοντος.
3313 5055 3412 5109 Ἦν
3477 5050 3533 5106 δὶ
3589 5048 3715 5103 κατᾶ
3763 5043 3837 5095 τὸν

2217 5146 2524 5218 σωματικὸν
2551 5146 2718 5199 τύπον
2751 5146 2811 5199 τὸ
2847 5145 3073 5219 μέγεθος
3120 5143 3303 5217 μέσος,
3340 5140 3551 5215 ἷσχνὸς,
3583 5138 3837 5208 ὕπωχρος,

2218 5236 2487 5308 ὑπόσιμος
2519 5236 2619 5303 τὴν
2654 5234 2798 5310 ῥῖνα,
2826 5235 2922 5298 τὰς
2954 5236 3119 5312 ὀιρρῦς
3172 5229 3622 5303 συνεσπασμένος,
3674 5219 3838 5277 κοῖλος

2211 5329 2337 5387 τοὺς
2373 5323 2714 5402 ὀφθαλμοὺς,
2748 5322 2861 5378 ὦτα
2896 5321 3104 5398 μεγάλα
3140 5320 3312 5397 ἔχων,
3342 5318 3559 5385 πολιὸς,
3591 5313 3838 5402 κομήτης,

2216 5400 2450 5487 μετρίως
2489 5413 2857 5487 βαθυνόμενος
2886 5413 2985 5480 τὴν
3019 5414 3258 5482 ὑπήνην,
3290 5408 3475 5483 ἀραιὸς
3506 5406 3602 5472 τήν
3646 5400 3835 5474 gmw”

2208 5507 2304 5555 τοῦ
2347 5501 2578 5577 γενείου,
2624 5500 2805 5575 ἡμέρα
2851 5500 3202 5576 προγάστωρ,
3241 5490 3681 5571 μακροδάκτυλος
3733 5487 3834 5540 ταῖς

2209 5574 2416 5667 χερσίν.
2450 5592 2513 5647 Ἠ
2566 5587 2622 5644 δὶ
2653 5574 2863 5661 σύναξις
2895 5574 3061 5646 αὐτοῦ
3102 5586 3337 5645 τελεῖται
3388 5585 3438 5641 έν
3484 5584 3554 5656 τῇ
3585 5574 3829 5656 ἁγιωτάτῃ

2210 5678 2424 5755 μεγάλῃ
2459 5680 2781 5753 Ἐκκλησία.
