4020 6358
247 336 342 391 589
1154 342 1348 413 VITA,
1386 346 1723 402 AUCTORE
1758 349 2099 405 SYMEONE
2137 355 2690 415 METAPHRABTE.

3526 372 3635 430 590

249 498 3630 549 Ἢ

518 655 1470 791 ΕΥΜΕΩΝΟΣ
1576 664 1924 794 ΤΟΥ
2035 669 3345 815 ΜΕΤΑΦΡΑΣΤΟΥ

1028 910 1436 1041 ΒΙΟΣ
1552 915 1858 1044 ΚΑΙ
1974 921 2826 1059 ΠΟΓΙΤΕΙΑ

434 1156 683 1253 ΤΟΥ
800 1160 961 1253 EN
1082 1160 1499 1260 ΑΓΙΟΙΣ

1611 1166 2108 1267 ΠΑΤΡΟΣ

2229 1175 2598 1272 ΗΜΩΝ
2717 1183 3407 1285 ΔΙΟΝΥΣΙΟΥ

1178 1354 1577 1413 ΕΠΙΣΟΠΚΟΥ
1627 1360 1933 1429 ΑΘΗΝΩΝ,
1964 1364 2095 1419 ΤΟΥ
2136 1365 2664 1426 ΑΡΕΙΟΠΑΓΙΤΟΥ.

734 1665 1617 1797 SYMEONIS
1748 1673 3101 1817 METAPHRASTzE

1190 1874 1476 1969 VITA
1531 1876 1687 1971 ET
1758 1878 2636 1985 CONVEBSATIO

842 2062 1310 2150 SANCTI
1394 2065 2009 2156 DIONYSII
2094 2075 2985 2167 AREOPAGIT/E

1436 2232 1791 2294 EPISCOPI
1836 2237 2387 2303 ATHENIENSIS.

224 2361 450 2423 Incerto
480 2361 853 2442 intreprete,
890 2381 1117 2465 rursus
1155 2380 1297 2424 cum
1350 2367 1565 2465 Graeco
1616 2368 1962 2464 exemplari
2012 2371 2243 2435 collata
2273 2395 2313 2465 ἒ
2341 2380 2526 2439 Petro
2574 2382 2919 2465 pansselio,
2956 2385 3443 2465 Gravelingano,
3477 2385 3620 2450 Soc.

1084 2444 1231 2506 Jesu
1264 2447 1652 2526 presbytero,
1690 2444 2070 2531 qui—primus
2099 2472 2236 2515 eam
2271 2460 2484 2520 Graece
2523 2461 2741 2523 edidit.

317 2741 722 2799 ΜΑΡΤΥΡΙΟΝ
765 2743 899 2798 ΤΟΥ
950 2743 1154 2799 ΔΓΙΟΥ
1197 2744 1563 2801 ΔΙΟΝΥΣΙΟΥ
1605 2744 1742 2803 ΤΟΥ

762 2818 847 2871 AP
859 2815 1286 2873 ΕΙΟΠΑΓῙΤΟΥ.

730 2929 892 3005 χύριε
916 2975 930 3002 ,
998 2929 1323 3006 εὐλόγησον.

284 3035 449 3090 Πάλαι
482 3037 577 3108 μὲν
623 3034 673 3090 ἒν
706 3035 899 3099 τύποις
952 3037 1013 3104 ἦν
1065 3039 1130 3092 τὰ
1165 3045 1265 3107 τῆς
1298 3038 1529 3100 πίστεως
1562 3040 1647 3093 καὶ
1684 3038 1851 3114 αἰνίγ-

226 3144 363 3194 μασι,
393 3124 479 3179 καὶ
511 3126 575 3180 τὸ
608 3132 707 3195 τῆς
750 3124 1008 3195 ἀληθείας
1060 3128 1265 3205 φέγγος
1291 3132 1371 3193 τῷ
1390 3130 1488 3197 τῆς
1523 3134 1675 3189 σκιᾶς
1707 3127 1851 3206 νέφει

221 3213 654 3271 συνεκαλύπτετο.
716 3214 865 3272 Ἐπεί
922 3214 978 3269 δὲ
1024 3216 1085 3270 τὸ
1139 3217 1275 3291 μέγα
1322 3223 1422 3285 τῆς
1470 3220 1628 3289 ἡμῶν
1674 3238 1852 3287 σωτηο

220 3299 323 3372 ρίας
352 3301 770 3379 ἐπραγματεῦθη
819 3307 1142 3379 μυστήριον,
1188 3304 1276 3359 καὶ
1309 3306 1336 3359 ὁ
1368 3303 1579 3366 πλάσας
1612 3305 1853 3377 καταμό-

219 3410 301 3451 νας
353 3395 442 3454 τὰς
496 3391 725 3468 καρδίας
791 3396 948 3466 ἡμῶν
1012 3399 1090 3465 τῷ
1137 3401 1238 3463 τῆς
1278 3393 1477 3455 οἰκείας
1526 3395 1648 3467 περὶ
1705 3396 1852 3466 ἡμᾶς

222 3475 374 3552 οἷ’κτῳ
404 3482 789 3557 χρηστότητος
835 3484 1229 3557 ἀναμαρτήτως
1279 3487 1494 3558 γέγονεν
1537 3484 1610 3545 ὡς
1643 3486 1806 3556 ἡμεῖς
1838 3503 1849 3516 ·

220 3566 381 3624 τᾶλλα
408 3593 465 3625 τε
510 3569 775 3641 ὕπῆλθεν,
828 3571 926 3627 ὅσα
967 3580 1066 3641 τῆς
1120 3573 1465 3645 ἀνθρωπίνης
1509 3571 1649 3627 ἐστὶν
1701 3573 1852 3627 ἀσθε-

220 3656 365 3730 νέίας,
408 3658 480 3715 ἵν’
525 3661 635 3735 ἐγὼ
684 3662 779 3729 τὴν
830 3663 1054 3733 πρώτην
1102 3656 1368 3717 ἀπολάϐω
1419 3663 1682 3736 εὐγένειαν
1716 3680 1728 3694 ⁶
1762 3662 1851 3716 καὶ

220 3745 363 3809 τέλος
393 3750 480 3804 τὸν
517 3748 608 3804 διὰ
640 3755 871 3824 σταυροῦ
923 3752 1146 3805 θάνατον
1180 3752 1555 3826 κατακρίνεται
1590 3770 1603 3782 ·
1645 3750 1733 3805 καὶ
1759 3748 1852 3805 ’ίνα

224 3836 288 3905 μὴ
313 3838 376 3891 τὰ
402 3840 517 3892 καθ’
544 3835 767 3894 ἕκαστον
804 3838 971 3915 λέγῳ,
1016 3837 1222 3912 (πολλᾶ
1244 3841 1344 3915 γαρ
1372 3840 1437 3893 τὶ
1468 3839 1519 3893 ἐν
1557 3840 1704 3912 μέσῳ
1752 3846 1849 3907 τῆς

220 3922 514 3999 οἰκονομίας
550 3926 716 3982 αὐνοῦ
752 3930 1024 4000 μυστήρια
1165 3926 1331 4002 πέρας
1377 3929 1445 3982 τὰ
1473 3930 1571 3996 τῆς
1608 3948 1848 3999 σωματι-

216 4018 305 4080 κῆς
338 4012 593 4088 ἐνδημίας
628 4014 846 4092 δέχεται
881 4036 892 4048 ⁸
926 4016 992 4070 τὰ
1024 4014 1080 4071 δὲ
1113 4021 1209 4071 τοῦ
1240 4016 1547 4089 πνεύματος
1581 4014 1806 4091 ἄρχεται
1830 4036 1843 4050 ο

1877 2755 1932 2822 Α

2108 2752 2548 2812 MARTYRIUM
2589 2759 3218 2887 AEIONYSII
3260 2762 3478 2819 AREO-

2528 2929 2786 2999 Domine,
2821 2930 3063 2987 benedic.

2032 3029 2184 3086 Olim
2234 3032 2473 3103 quidem
2507 3035 2651 3090 fides
2684 3037 2800 3091 sita
2829 3041 2952 3093 erat
3000 3036 3059 3091 in
3114 3037 3343 3109 ﬁguris,
3376 3042 3433 3093 et
3478 3039 3618 3094 aeni-

1962 3121 2284 3191 gmatibus,
2317 3127 2372 3177 et
2405 3124 2558 3179 nube
2605 3126 2825 3181 umbrae
2860 3131 3010 3182 tecta
3039 3130 3163 3181 erat
3191 3126 3292 3181 lux
3322 3127 3610 3184 veritatis.

1966 3209 2276 3280 Postquam
2296 3217 2489 3267 autem
2510 3220 2718 3269 nostrae
2751 3215 2960 3272 salutis
2994 3232 3274 3287 magnum
3309 3222 3611 3287 peractum

1962 3296 2073 3352 fuit
2106 3300 2469 3370 mysterium,
2502 3306 2559 3356 et
2589 3303 2688 3374 qui
2724 3303 2889 3359 tinxit
2917 3303 3259 3375 singulatim
3291 3307 3469 3360 corda
3501 3323 3613 3362 no-

1965 3391 2107 3453 stra,
2140 3405 2262 3443 suae
2317 3389 2700 3462 benignitatis
2750 3392 2810 3447 in
2861 3410 2965 3448 nos
3014 3393 3436 3460 misericordia,
3468 3395 3613 3450 citra

1966 3483 2269 3546 peccatum
2303 3483 2474 3534 natus
2506 3485 2595 3535 est
2621 3480 2773 3535 sicut
2804 3498 2942 3537 nos:
2994 3486 3050 3536 et
3097 3481 3212 3535 alia
3243 3482 3448 3550 subiit,
3484 3499 3612 3553 qua:

1964 3569 2104 3619 sunt
2135 3564 2403 3621 humana:
2434 3566 3077 3642 imbecillitatis,utego
3109 3571 3361 3642 primam
3395 3571 3616 3642 recipe-

1962 3670 2082 3707 rem
2126 3654 2531 3724 nobilitatem;
2581 3663 2638 3712 et
2686 3664 2982 3730 postremo
3031 3660 3460 3716 condemnatus
3502 3661 3613 3716 fuit

1962 3750 2149 3798 morte
2198 3745 2424 3801 crucis:
2486 3750 2542 3801 et
2592 3764 2662 3802 ne
2713 3748 2903 3803 dicam
2957 3748 3195 3820 singula
3234 3748 3402 3820 (sunt
3450 3750 3610 3805 enim

1962 3832 2149 3888 multa
2166 3833 2514 3891 intermedia
2530 3836 2863 3892 oeconomia:
2883 3838 3076 3893 carnis
3094 3843 3378 3910 susceptae
3401 3844 3615 3908 myste-

1958 3920 2065 3991 ria)
2116 3922 2288 3978 ﬁnem
2341 3926 2561 3995 accepit
2607 3942 2885 3997 corporea
2942 3926 3347 3995 conversatio;
3403 3928 3626 3999 incipit

1958 4014 2154 4066 autem
2186 4013 2542 4084 spiritualis;
2567 4020 2623 4069 ct
2646 4014 2701 4068 in
2727 4016 2937 4070 coelum
2962 4017 3229 4071 ascendit
3252 4033 3419 4071 meus
3444 4017 3615 4072 Chri-

216 4102 291 4154 καὶ
326 4102 396 4165 είς
428 4103 689 4177 οὐρανοὺς
723 4106 750 4159 ὁ
782 4104 911 4178 ἐμὸς
935 4106 1163 4177 Χριστὸς
1196 4105 1510 4182 ἀναφέρεται
1545 4122 1558 4135 '
1589 4104 1678 4159 καὶ
1712 4103 1847 4179 πρὸς

1965 4105 2106 4166 stus,
2132 4106 2187 4155 ct
2220 4101 2289 4155 ad
2324 4103 2523 4157 sedem
2572 4106 2875 4174 paternam
2918 4104 3256 4174 revertitur;
3313 4110 3388 4171 et,
3423 4106 3523 4178 qui
3552 4123 3622 4161 ex

214 4189 293 4243 τὸν
324 4195 589 4265 πακρικὸν
620 4192 861 4249 ἐπάνεισι
915 4194 1104 4271 θρόνον
1140 4213 1151 4225 ’
1206 4195 1293 4249 καὶ
1326 4195 1387 4248 τὸ
1418 4193 1848 4268 ἐκπορευόμενον

217 4278 362 4334 αὐτοῦ
395 4288 612 4357 Πνεῦμα
658 4283 745 4339 ἐπὶ
790 4286 891 4353 τήν
939 4289 1043 4339 τῶν
1092 4284 1328 4339 ἀπίστων
1381 4283 1546 4347 ἐνθῶν
1575 4304 1849 4353 καταπεμ-

216 4387 292 4421 πει
323 4378 431 4434 τοῖς
467 4380 735 4445 μαθηταῖς
767 4371 1017 4449 ἀδηγίαν,
1044 4373 1114 4428 δι’
1145 4374 1206 4428 οὗ
1237 4373 1324 4427 καὶ
1356 4374 1383 4427 ὁ
1414 4373 1677 4446 μακάριος
1710 4371 1855 4425 Παῦ-

218 4452 305 4520 λος
327 4458 427 4515 ἀπὸ
455 4470 555 4532 τῆς
589 4463 741 4524 σκιὰς
793 4462 1141 4537 ἐχειραγωγή
1156 4474 1219 4528 θη
1266 4463 1402 4538 πρὸς
1440 4462 1537 4529 τὴν
1569 4459 1851 4533 ἀλήθειαν,

217 4544 325 4600 τότε
354 4546 416 4617 ὃή
448 4552 573 4606 τότε
608 4553 762 4623 ζήλῳ
793 4556 872 4624 τῷ
897 4552 1022 4626 περὶ
1065 4553 1158 4606 τὸν
1204 4552 1435 4623 Χριστὸν
1471 4550 1629 4611 οὗτος
1660 4548 1852 4619 ἁλοὺς,

217 4632 265 4686 δν
296 4634 576 4715 ἐζωγρήθη
631 4641 831 4715 τρόπον
873 4642 1009 4716 πρὸς
1052 4643 1151 4711 τήν
1214 4636 1508 4708 εὐσέϐειαν,
1540 4643 1730 4693 τοῦτον
1762 4640 1851 4692 καὶ

217 4723 304 4791 τὴν
335 4726 658 4801 ο’κουμένην
693 4729 944 4784 ἔσπευδεν
979 4729 1487 4795 ἐπισπάσασθαι,καὶ
1512 4731 1731 4803 Χριστῷ
1764 4725 1855 4781 διὰ

218 4816 306 4878 τῆς
335 4814 564 4879 πίστεως
599 4818 997 4873 οἰκειώσασθαι.
1051 4819 1156 4874 Καὶ
1184 4816 1274 4872 ’ἱνα
1323 4818 1388 4872 τὰ
1426 4818 1479 4872 ὲν
1515 4814 1852 4895 Ἀμφιπόλει

218 4902 295 4954 καὶ
327 4906 589 4977 Θεσσαλίᾳ
620 4912 798 4983 παρῶ,
832 4908 920 4962 καὶ
952 4907 1002 4963 ἐν
1044 4909 1122 4969 οἷς
1155 4910 1183 4963 ὁ
1222 4906 1418 4961 τούτου
1447 4906 1633 4981 λόγος,
1671 4906 1851 4979 ὥσπερ

218 5006 289 5050 τις
316 5002 544 5067 σαγήνῃ,
568 4997 697 5059 τοὺς
749 4996 995 5059 πολλοὺς
1036 4998 1172 5072 πρὸς
1200 4998 1297 5065 τήν
1333 4991 1600 5051 εὐσέϐειαν
1632 4993 1853 5069 ἤγρευε,

217 5081 310 5132 τῶν
343 5081 391 5135 ἐν
422 5085 674 5155 Ἀθήναις
733 5086 910 5157 μόνων
969 5089 1372 5159 μνησθήσομαι,
1416 5082 1483 5139 δι’
1527 5085 1598 5137 ὧν
1630 5086 1855 5155 Θήραμα

221 5164 290 5238 τῷ
320 5171 632 5246 Ἀποστόλῳ
669 5175 757 5229 καὶ
814 5177 841 5230 ὁ
890 5177 1059 5251 μέγας
1103 5171 1273 5238 ὄντως
1320 5174 1633 5229 καθίσταται
1667 5171 1853 5226 Διονύ-

220 5274 321 5319 σιος
353 5279 363 5290 ·
396 5262 450 5323 ὃς
508 5261 770 5337 πατρίδος
823 5265 917 5336 μὶν
966 5264 1283 5343 ἐπιφανοῦς,
1345 5263 1615 5341 ἐπιφανῶν
1669 5258 1725 5315 δὲ
1763 5256 1852 5314 καὶ

218 5350 536 5425 γεννητόρων
567 5354 776 5428 τυχὼν,
828 5353 915 5408 ἐπὶ
976 5354 1115 5429 μέγα
1166 5352 1325 5425 δόξης
1361 5352 1603 5428 ἀφίκετο.
1638 5350 1851 5405 Δίκαιοι

224 5433 449 5513 μὲνγὰρ,
482 5437 629 5518 εἴπερ
677 5462 760 5504 τις
810 5443 1143 5513 Ἀθηναίων,
1188 5441 1280 5497 ⁸ίνα
1328 5443 1403 5515 μή
1460 5440 1605 5515 λέγῳ
1640 5438 1797 5513 μόνοι
1835 5455 1848 5470 ·

1961 4203 2088 4259 ipso
2108 4190 2389 4261 procedit,
2409 4190 2688 4261 Spiritum
2708 4193 2968 4247 demittit
2992 4193 3323 4263 discipulis,
3342 4198 3405 4249 ut
3421 4198 3622 4250 essent

1960 4282 2136 4334 «luces
2167 4281 2431 4350 gentium
2468 4280 2941 4336 inﬁdelium.Per
2958 4298 3127 4349 quem
3156 4283 3361 4338 beatus
3387 4300 3621 4354 quoque

1961 4368 2179 4423 Paulus
2210 4385 2279 4423 ex
2311 4370 2521 4423 umbra
2553 4370 2844 4426 deductus
2874 4371 2986 4425 fuit
3008 4372 3077 4426 ad
3104 4372 3623 4427 veritatem.Tunc

1963 4457 2169 4525 is,zelo
2193 4457 2409 4512 Christi
2434 4458 2714 4528 percitus,
2736 4460 3235 4530 quemadmodum
3260 4461 3385 4531 ipse
3409 4466 3622 4533 captus

1964 4547 2073 4600 fuit
2094 4546 2164 4600 ad
2191 4546 2488 4615 pietatem,
2514 4548 2595 4601 ita
2628 4548 2804 4603 etiam
2828 4549 3028 4603 orbem
3052 4556 3213 4604 terrae
3236 4549 3307 4603 ad
3330 4565 3391 4604 se
3414 4551 3614 4604 stude-

1962 4635 2064 4689 bat
2093 4636 2406 4704 attrahere,
2441 4643 2497 4692 et
2542 4638 2771 4693 Christo
2806 4655 2905 4710 per
2936 4639 3110 4694 ﬁdem
3143 4641 3521 4710 conjungere.
3553 4639 3620 4693 Et

1966 4730 2030 4780 ut
2060 4742 2127 4779 ea
2159 4725 2428 4780 omittam
2462 4744 2586 4796 qua:
2618 4728 2689 4782 ab
2722 4727 2849 4797 ipso
2900 4728 3236 4799 Amphipoli
3270 4728 3421 4783 facta
3451 4732 3615 4793 sunt,

1964 4818 2021 4868 et
2055 4815 2109 4868 in
2139 4813 2469 4883 Thessalia,
2503 4820 2559 4870 et
2602 4816 2879 4871 omnibus
2910 4816 2967 4870 in
3002 4816 3166 4884 locis,
3203 4817 3261 4870 in
3295 4818 3447 4871 343
3481 4817 3618 4887 qui-

1963 4903 2075 4957 bus
2107 4903 2235 4973 ejus
2266 4919 2481 4969 sermo,
2516 4902 2756 4975 perinde
2788 4920 2853 4958 ac
2885 4905 3153 4973 quaedam
3187 4920 3422 4975 sagena,
3456 4904 3618 4958 mul-

1963 4996 2052 5046 tos
2084 4997 2329 5047 venatus
2360 4996 2450 5046 est
2480 4993 2549 5047 ad
2585 4992 2882 5063 pietatem,
2915 5008 3116 5048 eorum
3170 4991 3361 5047 solum
3411 4993 3623 5047 memi-

1965 5098 2126 5147 nero,
2159 5097 2286 5152 quae
2340 5080 2581 5135 Athenis
2615 5083 2764 5135 facta
2796 5087 2955 5148 sunt,
2991 5097 3091 5151 per
3140 5097 3267 5151 quae
3316 5080 3491 5136 etiam
3544 5082 3617 5136 ab

1962 5167 2241 5238 Apostolo
2266 5167 2392 5239 ipso
2417 5184 2546 5223 vere
2565 5183 2817 5239 magnus
2840 5172 3046 5238 captus
3064 5166 3173 5221 fuit
3196 5167 3503 5239 Dionysius
3522 5167 3619 5239 (g);

1964 5260 2086 5329 qui,
2115 5257 2366 5329 patriam
2400 5257 2639 5329 quidem
2671 5256 2884 5312 claram
2905 5260 2961 5311 et
2981 5260 3252 5327 parentes
3271 5255 3459 5312 claros
3482 5273 3621 5312 con-

1965 5351 2226 5413 secutus,
2262 5349 2331 5402 ad
2394 5362 2667 5419 magnam
2703 5345 2963 5416 pervenit
2994 5345 3265 5417 gloriam.
3298 5345 3443 5400 Nam
3470 5346 3619 5417 justi

1965 5437 2201 5509 quidem
2236 5440 2421 5505 erant,
2457 5435 2505 5489 si
2557 5434 2660 5488 ulli
2689 5450 2757 5489 ex
2788 5434 3264 5505 Atheniensibus,
3303 5450 3375 5490 ne
3424 5435 3618 5490 dicam

219 5519 298 5576 καὶ
326 5520 627 5602 δικαιοσύνη
657 5535 774 5594 τοῖς
820 5536 1066 5607 γονεῦσιν
1110 5533 1176 5603 ἦν
1228 5534 1288 5587 τὸ
1329 5530 1623 5605 ἐπίσημον,
1657 5527 1843 5606 φίλοις
1875 5522 1882 5570 ί

1965 5526 2093 5598 soli,
2126 5526 2207 5581 ita
2238 5528 2303 5581 ut
2325 5524 2563 5596 justitia
2594 5523 2827 5597 insigne
2857 5523 2979 5581 illis
3010 5524 3357 5597 essemequi
3389 5523 3618 5591 amicis,

290 5680 360 5755 (ο)
382 5683 501 5747 Aot.
525 5705 665 5763 xvn.
