  <div class='ocr_page' id='page_1' title='image "/cluster/home/n/w/nwhite01/storage/ocr_20150623/4/mdp.39015078384529/307.png"; bbox 0 0 4020 6358; ppageno 0'>
   <div class='ocr_carea' id='block_1_1' title="bbox 420 388 522 443">
    <p class='ocr_par' dir='ltr' id='par_1_1' title="bbox 420 388 522 443">
     <span class='ocr_line' id='line_1_1' title="bbox 420 388 522 443; baseline 0 0"><span class='ocrx_word' id='word_1_1' title='bbox 420 388 522 443; x_wconf 84' lang='grc'>591</span> 
     </span>
    </p>
   </div>
   <div class='ocr_carea' id='block_1_2' title="bbox 1652 373 2612 433">
    <p class='ocr_par' dir='ltr' id='par_1_2' title="bbox 1652 373 2612 433">
     <span class='ocr_line' id='line_1_2' title="bbox 1652 373 2612 433; baseline 0.002 -4"><span class='ocrx_word' id='word_1_2' title='bbox 1652 377 1712 429; x_wconf 88' lang='lat' dir='ltr'>S.</span> <span class='ocrx_word' id='word_1_3' title='bbox 1754 373 2075 431; x_wconf 85' lang='lat' dir='ltr'>DIONYSII</span> <span class='ocrx_word' id='word_1_4' title='bbox 2111 375 2612 433; x_wconf 72' lang='lat' dir='ltr'>AREOPAGITZE.</span> 
     </span>
    </p>
   </div>
   <div class='ocr_carea' id='block_1_3' title="bbox 3721 374 3817 430">
    <p class='ocr_par' dir='ltr' id='par_1_3' title="bbox 3721 374 3817 430">
     <span class='ocr_line' id='line_1_3' title="bbox 3721 374 3817 430; baseline 0.021 -2"><span class='ocrx_word' id='word_1_5' title='bbox 3721 374 3817 430; x_wconf 82' lang='lat'>592</span> 
     </span>
    </p>
   </div>
   <div class='ocr_carea' id='block_1_4' title="bbox 422 497 2071 579">
    <p class='ocr_par' dir='ltr' id='par_1_4' title="bbox 422 499 2071 579">
     <span class='ocr_line' id='line_1_4' title="bbox 422 499 2071 579; baseline -0.01 -8"><span class='ocrx_word' id='word_1_6' title='bbox 422 512 721 571; x_wconf 82' lang='lat' dir='ltr'>mansueti</span> <span class='ocrx_word' id='word_1_7' title='bbox 767 505 1182 579; x_wconf 81' lang='lat' dir='ltr'>hospitalibus,</span> <span class='ocrx_word' id='word_1_8' title='bbox 1235 500 1471 573; x_wconf 82' lang='lat' dir='ltr'>benigni</span> <span class='ocrx_word' id='word_1_9' title='bbox 1522 500 1581 555; x_wconf 93' lang='lat' dir='ltr'>in</span> <span class='ocrx_word' id='word_1_10' title='bbox 1628 499 1968 569; x_wconf 79' lang='lat' dir='ltr'>familiares,</span> <span class='ocrx_word' id='word_1_11' title='bbox 2015 504 2071 554; x_wconf 88' lang='lat' dir='ltr'>et</span> 
     </span>
    </p>
   </div>
   <div class='ocr_carea' id='block_1_5' title="bbox 2184 497 3824 579">
    <p class='ocr_par' dir='ltr' id='par_1_5' title="bbox 2186 497 3824 579">
     <span class='ocr_line' id='line_1_5' title="bbox 2186 497 3824 579; baseline 0.002 -26"><span class='ocrx_word' id='word_1_12' title='bbox 2186 498 2468 573; x_wconf 68' lang='grc' dir='ltr'>ἐπιεικεῖς,</span> <span class='ocrx_word' id='word_1_13' title='bbox 2502 502 2704 579; x_wconf 82' lang='grc' dir='ltr'>ἥμεροι</span> <span class='ocrx_word' id='word_1_14' title='bbox 2732 507 2848 564; x_wconf 82' lang='grc' dir='ltr'>τοῖς</span> <span class='ocrx_word' id='word_1_15' title='bbox 2881 500 3073 573; x_wconf 78' lang='grc' dir='ltr'>ξένοις,</span> <span class='ocrx_word' id='word_1_16' title='bbox 3116 505 3234 562; x_wconf 84' lang='grc' dir='ltr'>τοῖς</span> <span class='ocrx_word' id='word_1_17' title='bbox 3280 498 3501 562; x_wconf 71' lang='grc' dir='ltr'>οῗκείοις</span> <span class='ocrx_word' id='word_1_18' title='bbox 3534 497 3824 575; x_wconf 85' lang='grc' dir='ltr'>φιλάνθρω-</span> 
     </span>
    </p>
   </div>
   <div class='ocr_carea' id='block_1_6' title="bbox 420 588 2077 661">
    <p class='ocr_par' dir='ltr' id='par_1_6' title="bbox 420 588 2077 661">
     <span class='ocr_line' id='line_1_6' title="bbox 420 588 2077 661; baseline -0.01 -1"><span class='ocrx_word' id='word_1_19' title='bbox 420 620 557 660; x_wconf 87' lang='lat' dir='ltr'>vera</span> <span class='ocrx_word' id='word_1_20' title='bbox 606 602 841 657; x_wconf 80' lang='lat' dir='ltr'>bonitas</span> <span class='ocrx_word' id='word_1_21' title='bbox 871 600 996 653; x_wconf 89' lang='lat' dir='ltr'>erat</span> <span class='ocrx_word' id='word_1_22' title='bbox 1025 594 1108 649; x_wconf 88' lang='lat' dir='ltr'>eis</span> <span class='ocrx_word' id='word_1_23' title='bbox 1138 590 1393 661; x_wconf 81' lang='lat' dir='ltr'>bonitas,</span> <span class='ocrx_word' id='word_1_24' title='bbox 1428 606 1543 645; x_wconf 90' lang='lat' dir='ltr'>non</span> <span class='ocrx_word' id='word_1_25' title='bbox 1579 588 1915 655; x_wconf 80' lang='lat' dir='ltr'>ostentatio,</span> <span class='ocrx_word' id='word_1_26' title='bbox 1951 605 2077 660; x_wconf 67' lang='lat' dir='ltr'>quas</span> 
     </span>
    </p>
   </div>
   <div class='ocr_carea' id='block_1_7' title="bbox 424 677 2079 761">
    <p class='ocr_par' dir='ltr' id='par_1_7' title="bbox 424 677 2079 761">
     <span class='ocr_line' id='line_1_7' title="bbox 424 677 2079 761; baseline -0.011 -13"><span class='ocrx_word' id='word_1_27' title='bbox 424 694 604 749; x_wconf 84' lang='lat' dir='ltr'><strong>habet</strong></span> <span class='ocrx_word' id='word_1_28' title='bbox 665 685 1102 761; x_wconf 81' lang='lat' dir='ltr'>improbitatem</span> <span class='ocrx_word' id='word_1_29' title='bbox 1172 695 1384 750; x_wconf 83' lang='lat' dir='ltr'>magna</span> <span class='ocrx_word' id='word_1_30' title='bbox 1445 695 1513 734; x_wconf 79' lang='lat' dir='ltr'>ex</span> <span class='ocrx_word' id='word_1_31' title='bbox 1562 682 1725 750; x_wconf 87' lang='lat' dir='ltr'>parte</span> <span class='ocrx_word' id='word_1_32' title='bbox 1786 677 2079 732; x_wconf 89' lang='lat' dir='ltr'>insidian-</span> 
     </span>
    </p>
   </div>
   <div class='ocr_carea' id='block_1_8' title="bbox 425 766 2080 848">
    <p class='ocr_par' dir='ltr' id='par_1_8' title="bbox 425 766 2080 848">
     <span class='ocr_line' id='line_1_8' title="bbox 425 766 2080 848; baseline -0.011 -10"><span class='ocrx_word' id='word_1_33' title='bbox 425 787 581 848; x_wconf 87' lang='lat' dir='ltr'>tem;</span> <span class='ocrx_word' id='word_1_34' title='bbox 629 780 746 834; x_wconf 91' lang='lat' dir='ltr'>imo</span> <span class='ocrx_word' id='word_1_35' title='bbox 796 776 1032 847; x_wconf 90' lang='lat' dir='ltr'>quidam</span> <span class='ocrx_word' id='word_1_36' title='bbox 1085 774 1323 843; x_wconf 88' lang='lat' dir='ltr'>apertus</span> <span class='ocrx_word' id='word_1_37' title='bbox 1373 768 1581 822; x_wconf 69' lang='lat' dir='ltr'>animae</span> <span class='ocrx_word' id='word_1_38' title='bbox 1631 767 1825 833; x_wconf 75' lang='lat' dir='ltr'>fcetus,</span> <span class='ocrx_word' id='word_1_39' title='bbox 1853 769 1910 820; x_wconf 93' lang='lat' dir='ltr'>et</span> <span class='ocrx_word' id='word_1_40' title='bbox 1940 766 2080 821; x_wconf 85' lang='lat' dir='ltr'>cha-</span> 
     </span>
    </p>
   </div>
   <div class='ocr_carea' id='block_1_9' title="bbox 430 853 2082 927">
    <p class='ocr_par' dir='ltr' id='par_1_9' title="bbox 430 853 2082 927">
     <span class='ocr_line' id='line_1_9' title="bbox 430 853 2082 927; baseline -0.012 -1"><span class='ocrx_word' id='word_1_41' title='bbox 430 876 619 927; x_wconf 88' lang='lat' dir='ltr'>racter</span> <span class='ocrx_word' id='word_1_42' title='bbox 665 868 907 922; x_wconf 67' lang='lat' dir='ltr'>interna</span> <span class='ocrx_word' id='word_1_43' title='bbox 957 859 1301 917; x_wconf 71' lang='lat' dir='ltr'>affectionis.</span> <span class='ocrx_word' id='word_1_44' title='bbox 1344 861 1666 926; x_wconf 87' lang='lat' dir='ltr'>Postquam</span> <span class='ocrx_word' id='word_1_45' title='bbox 1719 860 1916 909; x_wconf 90' lang='lat' dir='ltr'>autem</span> <span class='ocrx_word' id='word_1_46' title='bbox 1971 853 2082 908; x_wconf 81' lang='lat' dir='ltr'>fuit</span> 
     </span>
    </p>
   </div>
   <div class='ocr_carea' id='block_1_10' title="bbox 428 943 2083 1021">
    <p class='ocr_par' dir='ltr' id='par_1_10' title="bbox 428 943 2083 1021">
     <span class='ocr_line' id='line_1_10' title="bbox 428 943 2083 1021; baseline -0.011 -5"><span class='ocrx_word' id='word_1_47' title='bbox 428 959 649 1016; x_wconf 88' lang='lat' dir='ltr'>Paulus</span> <span class='ocrx_word' id='word_1_48' title='bbox 699 952 964 1021; x_wconf 83' lang='lat' dir='ltr'>Athenis,</span> <span class='ocrx_word' id='word_1_49' title='bbox 999 955 1056 1005; x_wconf 90' lang='lat' dir='ltr'>et</span> <span class='ocrx_word' id='word_1_50' title='bbox 1086 963 1436 1017; x_wconf 88' lang='lat' dir='ltr'>congressus</span> <span class='ocrx_word' id='word_1_51' title='bbox 1488 961 1623 999; x_wconf 91' lang='lat' dir='ltr'>cum</span> <span class='ocrx_word' id='word_1_52' title='bbox 1674 943 1974 1014; x_wconf 84' lang='lat' dir='ltr'>Epicureis</span> <span class='ocrx_word' id='word_1_53' title='bbox 2025 947 2083 998; x_wconf 89' lang='lat' dir='ltr'>et</span> 
     </span>
    </p>
   </div>
   <div class='ocr_carea' id='block_1_11' title="bbox 428 1031 2083 1115">
    <p class='ocr_par' dir='ltr' id='par_1_11' title="bbox 428 1031 2083 1115">
     <span class='ocr_line' id='line_1_11' title="bbox 428 1031 2083 1115; baseline -0.012 -11"><span class='ocrx_word' id='word_1_54' title='bbox 428 1047 660 1115; x_wconf 86' lang='lat' dir='ltr'>Stoicis,</span> <span class='ocrx_word' id='word_1_55' title='bbox 692 1043 794 1115; x_wconf 93' lang='lat' dir='ltr'>qui</span> <span class='ocrx_word' id='word_1_56' title='bbox 842 1040 1180 1113; x_wconf 65' lang='lat' dir='ltr'>Pythagora;</span> <span class='ocrx_word' id='word_1_57' title='bbox 1230 1037 1500 1107; x_wconf 82' lang='lat' dir='ltr'>dogmata</span> <span class='ocrx_word' id='word_1_58' title='bbox 1558 1033 1954 1098; x_wconf 85' lang='lat' dir='ltr'>sectabantur,</span> <span class='ocrx_word' id='word_1_59' title='bbox 1988 1031 2083 1085; x_wconf 89' lang='lat' dir='ltr'>in-</span> 
     </span>
    </p>
   </div>
   <div class='ocr_carea' id='block_1_12' title="bbox 434 1122 2083 1204">
    <p class='ocr_par' dir='ltr' id='par_1_12' title="bbox 434 1122 2083 1204">
     <span class='ocr_line' id='line_1_12' title="bbox 434 1122 2083 1204; baseline -0.011 -11"><span class='ocrx_word' id='word_1_60' title='bbox 434 1139 631 1194; x_wconf 87' lang='lat' dir='ltr'>stabat</span> <span class='ocrx_word' id='word_1_61' title='bbox 659 1132 841 1204; x_wconf 89' lang='lat' dir='ltr'>operi,</span> <span class='ocrx_word' id='word_1_62' title='bbox 879 1144 1086 1200; x_wconf 86' lang='lat' dir='ltr'>nempe</span> <span class='ocrx_word' id='word_1_63' title='bbox 1134 1130 1199 1181; x_wconf 90' lang='lat' dir='ltr'>ut</span> <span class='ocrx_word' id='word_1_64' title='bbox 1245 1142 1345 1180; x_wconf 90' lang='lat' dir='ltr'>eos</span> <span class='ocrx_word' id='word_1_65' title='bbox 1394 1125 1711 1178; x_wconf 88' lang='lat' dir='ltr'>abduceret</span> <span class='ocrx_word' id='word_1_66' title='bbox 1761 1140 1794 1177; x_wconf 90' lang='lat' dir='ltr'>a</span> <span class='ocrx_word' id='word_1_67' title='bbox 1844 1122 2083 1189; x_wconf 83' lang='lat' dir='ltr'>dogma-</span> 
     </span>
    </p>
   </div>
   <div class='ocr_carea' id='block_1_13' title="bbox 419 1212 2079 1293">
    <p class='ocr_par' dir='ltr' id='par_1_13' title="bbox 419 1212 2079 1293">
     <span class='ocr_line' id='line_1_13' title="bbox 419 1212 2079 1293; baseline -0.011 -11"><span class='ocrx_word' id='word_1_68' title='bbox 419 1227 586 1282; x_wconf 84' lang='lat' dir='ltr'>tibus</span> <span class='ocrx_word' id='word_1_69' title='bbox 642 1219 988 1293; x_wconf 88' lang='lat' dir='ltr'>impietatis,</span> <span class='ocrx_word' id='word_1_70' title='bbox 1043 1220 1100 1270; x_wconf 90' lang='lat' dir='ltr'>et</span> <span class='ocrx_word' id='word_1_71' title='bbox 1155 1214 1489 1269; x_wconf 85' lang='lat' dir='ltr'>traduceret</span> <span class='ocrx_word' id='word_1_72' title='bbox 1546 1212 1617 1267; x_wconf 92' lang='lat' dir='ltr'>ad</span> <span class='ocrx_word' id='word_1_73' title='bbox 1671 1212 1969 1283; x_wconf 84' lang='lat' dir='ltr'>pietatem,</span> <span class='ocrx_word' id='word_1_74' title='bbox 2025 1213 2079 1264; x_wconf 92' lang='lat' dir='ltr'>et</span> 
     </span>
    </p>
   </div>
   <div class='ocr_carea' id='block_1_14' title="bbox 432 1300 2084 1379">
    <p class='ocr_par' dir='ltr' id='par_1_14' title="bbox 432 1300 2084 1379">
     <span class='ocr_line' id='line_1_14' title="bbox 432 1300 2084 1379; baseline -0.01 -10"><span class='ocrx_word' id='word_1_75' title='bbox 432 1315 715 1370; x_wconf 88' lang='lat' dir='ltr'>everteret</span> <span class='ocrx_word' id='word_1_76' title='bbox 767 1307 987 1379; x_wconf 90' lang='lat' dir='ltr'>templa</span> <span class='ocrx_word' id='word_1_77' title='bbox 1047 1302 1531 1368; x_wconf 88' lang='lat' dir='ltr'>simulacrorum,</span> <span class='ocrx_word' id='word_1_78' title='bbox 1590 1305 1649 1355; x_wconf 89' lang='lat' dir='ltr'>et</span> <span class='ocrx_word' id='word_1_79' title='bbox 1706 1300 2084 1371; x_wconf 86' lang='lat' dir='ltr'>persuaderet</span> 
     </span>
    </p>
   </div>
   <div class='ocr_carea' id='block_1_15' title="bbox 423 1388 2082 1463">
    <p class='ocr_par' dir='ltr' id='par_1_15' title="bbox 423 1388 2082 1463">
     <span class='ocr_line' id='line_1_15' title="bbox 423 1388 2082 1463; baseline -0.011 -3"><span class='ocrx_word' id='word_1_80' title='bbox 423 1399 903 1463; x_wconf 85' lang='lat' dir='ltr'>Atheniensibus,</span> <span class='ocrx_word' id='word_1_81' title='bbox 938 1397 1057 1450; x_wconf 82' lang='lat' dir='ltr'>fore</span> <span class='ocrx_word' id='word_1_82' title='bbox 1089 1397 1153 1448; x_wconf 88' lang='lat' dir='ltr'>ut</span> <span class='ocrx_word' id='word_1_83' title='bbox 1193 1394 1571 1462; x_wconf 88' lang='lat' dir='ltr'>resurgerent</span> <span class='ocrx_word' id='word_1_84' title='bbox 1620 1390 1679 1443; x_wconf 88' lang='lat' dir='ltr'>in</span> <span class='ocrx_word' id='word_1_85' title='bbox 1728 1388 1937 1443; x_wconf 88' lang='lat' dir='ltr'>ultimo</span> <span class='ocrx_word' id='word_1_86' title='bbox 1988 1388 2082 1442; x_wconf 90' lang='lat' dir='ltr'>die</span> 
     </span>
    </p>
   </div>
   <div class='ocr_carea' id='block_1_16' title="bbox 422 1478 2078 1565">
    <p class='ocr_par' dir='ltr' id='par_1_16' title="bbox 422 1478 2078 1565">
     <span class='ocr_line' id='line_1_16' title="bbox 422 1478 2078 1565; baseline -0.01 -18"><span class='ocrx_word' id='word_1_87' title='bbox 422 1491 665 1565; x_wconf 89' lang='lat' dir='ltr'>judicii,</span> <span class='ocrx_word' id='word_1_88' title='bbox 714 1492 771 1545; x_wconf 88' lang='lat' dir='ltr'>et</span> <span class='ocrx_word' id='word_1_89' title='bbox 817 1488 1022 1542; x_wconf 87' lang='lat' dir='ltr'>darent</span> <span class='ocrx_word' id='word_1_90' title='bbox 1068 1498 1272 1554; x_wconf 75' lang='lat' dir='ltr'>poenas</span> <span class='ocrx_word' id='word_1_91' title='bbox 1320 1496 1521 1536; x_wconf 87' lang='lat' dir='ltr'>eorum</span> <span class='ocrx_word' id='word_1_92' title='bbox 1570 1496 1696 1550; x_wconf 72' lang='lat' dir='ltr'>quea</span> <span class='ocrx_word' id='word_1_93' title='bbox 1748 1478 2024 1533; x_wconf 90' lang='lat' dir='ltr'>fecissent</span> <span class='ocrx_word' id='word_1_94' title='bbox 2065 1492 2078 1531; x_wconf 92' lang='lat'>:</span> 
     </span>
    </p>
   </div>
   <div class='ocr_carea' id='block_1_17' title="bbox 440 1568 2083 1649">
    <p class='ocr_par' dir='ltr' id='par_1_17' title="bbox 440 1568 2083 1649">
     <span class='ocr_line' id='line_1_17' title="bbox 440 1568 2083 1649; baseline -0.01 -13"><span class='ocrx_word' id='word_1_95' title='bbox 440 1582 587 1648; x_wconf 91' lang='lat' dir='ltr'>ii,ut</span> <span class='ocrx_word' id='word_1_96' title='bbox 644 1578 745 1649; x_wconf 93' lang='lat' dir='ltr'>qui</span> <span class='ocrx_word' id='word_1_97' title='bbox 807 1578 1005 1631; x_wconf 91' lang='lat' dir='ltr'>essent</span> <span class='ocrx_word' id='word_1_98' title='bbox 1048 1572 1181 1627; x_wconf 79' lang='lat' dir='ltr'>aliis</span> <span class='ocrx_word' id='word_1_99' title='bbox 1229 1570 1421 1626; x_wconf 74' lang='lat' dir='ltr'>affecti</span> <span class='ocrx_word' id='word_1_100' title='bbox 1482 1568 1981 1640; x_wconf 88' lang='lat' dir='ltr'>superstitiosius,</span> <span class='ocrx_word' id='word_1_101' title='bbox 2027 1571 2083 1620; x_wconf 90' lang='lat' dir='ltr'>et</span> 
     </span>
    </p>
   </div>
   <div class='ocr_carea' id='block_1_18' title="bbox 432 1656 2083 1731">
    <p class='ocr_par' dir='ltr' id='par_1_18' title="bbox 432 1656 2083 1731">
     <span class='ocr_line' id='line_1_18' title="bbox 432 1656 2083 1731; baseline -0.01 -6"><span class='ocrx_word' id='word_1_102' title='bbox 432 1670 494 1725; x_wconf 90' lang='lat' dir='ltr'>in</span> <span class='ocrx_word' id='word_1_103' title='bbox 528 1666 747 1723; x_wconf 91' lang='lat' dir='ltr'>multas</span> <span class='ocrx_word' id='word_1_104' title='bbox 779 1663 950 1719; x_wconf 90' lang='lat' dir='ltr'>divisi</span> <span class='ocrx_word' id='word_1_105' title='bbox 982 1664 1180 1718; x_wconf 90' lang='lat' dir='ltr'>essent</span> <span class='ocrx_word' id='word_1_106' title='bbox 1227 1660 1553 1731; x_wconf 88' lang='lat' dir='ltr'>opiniones,</span> <span class='ocrx_word' id='word_1_107' title='bbox 1588 1656 2083 1729; x_wconf 78' lang='lat' dir='ltr'>aggrediebantur</span> 
     </span>
    </p>
   </div>
   <div class='ocr_carea' id='block_1_19' title="bbox 430 1745 2081 1821">
    <p class='ocr_par' dir='ltr' id='par_1_19' title="bbox 430 1745 2081 1821">
     <span class='ocr_line' id='line_1_19' title="bbox 430 1745 2081 1821; baseline -0.01 -7"><span class='ocrx_word' id='word_1_108' title='bbox 430 1774 565 1815; x_wconf 88' lang='lat' dir='ltr'>eum</span> <span class='ocrx_word' id='word_1_109' title='bbox 596 1753 1271 1821; x_wconf 85' lang='lat' dir='ltr'>subsannare,vocantes</span> <span class='ocrx_word' id='word_1_110' title='bbox 1301 1764 1436 1803; x_wconf 90' lang='lat' dir='ltr'>eum</span> <span class='ocrx_word' id='word_1_111' title='bbox 1468 1745 1943 1801; x_wconf 81' lang='lat' dir='ltr'>annuntiatorem</span> <span class='ocrx_word' id='word_1_112' title='bbox 1976 1760 2081 1798; x_wconf 88' lang='lat' dir='ltr'>no-</span> 
     </span>
    </p>
   </div>
   <div class='ocr_carea' id='block_1_20' title="bbox 426 1833 2079 1916">
    <p class='ocr_par' dir='ltr' id='par_1_20' title="bbox 426 1833 2079 1916">
     <span class='ocr_line' id='line_1_20' title="bbox 426 1833 2079 1916; baseline -0.01 -13"><span class='ocrx_word' id='word_1_113' title='bbox 426 1862 632 1903; x_wconf 83' lang='lat' dir='ltr'>vorum</span> <span class='ocrx_word' id='word_1_114' title='bbox 683 1842 1077 1916; x_wconf 88' lang='lat' dir='ltr'>quorumdam</span> <span class='ocrx_word' id='word_1_115' title='bbox 1129 1836 1574 1891; x_wconf 67' lang='lat' dir='ltr'>daemoniorum.</span> <span class='ocrx_word' id='word_1_116' title='bbox 1630 1835 1711 1888; x_wconf 91' lang='lat' dir='ltr'>Ne</span> <span class='ocrx_word' id='word_1_117' title='bbox 1760 1837 1954 1887; x_wconf 90' lang='lat' dir='ltr'>autem</span> <span class='ocrx_word' id='word_1_118' title='bbox 2007 1833 2079 1886; x_wconf 90' lang='lat' dir='ltr'>ab</span> 
     </span>
    </p>
   </div>
   <div class='ocr_carea' id='block_1_21' title="bbox 427 1921 2076 2007">
    <p class='ocr_par' dir='ltr' id='par_1_21' title="bbox 427 1921 2076 2007">
     <span class='ocr_line' id='line_1_21' title="bbox 427 1921 2076 2007; baseline -0.011 -15"><span class='ocrx_word' id='word_1_119' title='bbox 427 1936 514 1992; x_wconf 90' lang='lat' dir='ltr'>eis</span> <span class='ocrx_word' id='word_1_120' title='bbox 544 1936 918 2007; x_wconf 87' lang='lat' dir='ltr'>appeteretur</span> <span class='ocrx_word' id='word_1_121' title='bbox 947 1927 1073 1983; x_wconf 90' lang='lat' dir='ltr'>sola</span> <span class='ocrx_word' id='word_1_122' title='bbox 1103 1924 1581 1990; x_wconf 83' lang='lat' dir='ltr'>subsannatione,</span> <span class='ocrx_word' id='word_1_123' title='bbox 1616 1922 1714 1977; x_wconf 92' lang='lat' dir='ltr'>sed</span> <span class='ocrx_word' id='word_1_124' title='bbox 1768 1921 2076 1976; x_wconf 87' lang='lat' dir='ltr'>molestum</span> 
     </span>
    </p>
   </div>
   <div class='ocr_carea' id='block_1_22' title="bbox 425 2010 2076 2091">
    <p class='ocr_par' dir='ltr' id='par_1_22' title="bbox 425 2010 2076 2091">
     <span class='ocr_line' id='line_1_22' title="bbox 425 2010 2076 2091; baseline -0.008 -11"><span class='ocrx_word' id='word_1_125' title='bbox 425 2025 601 2081; x_wconf 91' lang='lat' dir='ltr'>etiam</span> <span class='ocrx_word' id='word_1_126' title='bbox 653 2020 873 2091; x_wconf 88' lang='lat' dir='ltr'>aliquid</span> <span class='ocrx_word' id='word_1_127' title='bbox 926 2016 1274 2083; x_wconf 88' lang='lat' dir='ltr'>sustineret,</span> <span class='ocrx_word' id='word_1_128' title='bbox 1337 2015 1483 2067; x_wconf 81' lang='lat' dir='ltr'>dans</span> <span class='ocrx_word' id='word_1_129' title='bbox 1533 2010 1818 2066; x_wconf 87' lang='lat' dir='ltr'>rationem</span> <span class='ocrx_word' id='word_1_130' title='bbox 1875 2027 2076 2067; x_wconf 90' lang='lat' dir='ltr'>eorum</span> 
     </span>
    </p>
   </div>
   <div class='ocr_carea' id='block_1_23' title="bbox 426 2098 2077 2181">
    <p class='ocr_par' dir='ltr' id='par_1_23' title="bbox 426 2098 2077 2181">
     <span class='ocr_line' id='line_1_23' title="bbox 426 2098 2077 2181; baseline -0.009 -16"><span class='ocrx_word' id='word_1_131' title='bbox 426 2127 553 2181; x_wconf 81' lang='lat' dir='ltr'>quas</span> <span class='ocrx_word' id='word_1_132' title='bbox 587 2110 657 2164; x_wconf 83' lang='lat' dir='ltr'>ab</span> <span class='ocrx_word' id='word_1_133' title='bbox 688 2110 815 2179; x_wconf 91' lang='lat' dir='ltr'>ipso</span> <span class='ocrx_word' id='word_1_134' title='bbox 866 2103 1354 2177; x_wconf 70' lang='lat' dir='ltr'>praedicabantur,</span> <span class='ocrx_word' id='word_1_135' title='bbox 1391 2098 1897 2170; x_wconf 84' lang='lat' dir='ltr'>apprehendentes</span> <span class='ocrx_word' id='word_1_136' title='bbox 1944 2113 2077 2151; x_wconf 91' lang='lat' dir='ltr'>eum</span> 
     </span>
    </p>
   </div>
   <div class='ocr_carea' id='block_1_24' title="bbox 425 2186 2079 2264">
    <p class='ocr_par' dir='ltr' id='par_1_24' title="bbox 425 2186 2079 2264">
     <span class='ocr_line' id='line_1_24' title="bbox 425 2186 2079 2264; baseline -0.008 -10"><span class='ocrx_word' id='word_1_137' title='bbox 425 2200 717 2255; x_wconf 85' lang='lat' dir='ltr'>duxerunt</span> <span class='ocrx_word' id='word_1_138' title='bbox 736 2196 1197 2264; x_wconf 88' lang='lat' dir='ltr'>inAreopagum,</span> <span class='ocrx_word' id='word_1_139' title='bbox 1226 2189 1325 2260; x_wconf 92' lang='lat' dir='ltr'>qui</span> <span class='ocrx_word' id='word_1_140' title='bbox 1347 2193 1488 2242; x_wconf 89' lang='lat' dir='ltr'>tunc</span> <span class='ocrx_word' id='word_1_141' title='bbox 1512 2187 1745 2256; x_wconf 91' lang='lat' dir='ltr'>quidem</span> <span class='ocrx_word' id='word_1_142' title='bbox 1772 2193 1895 2241; x_wconf 89' lang='lat' dir='ltr'>erat</span> <span class='ocrx_word' id='word_1_143' title='bbox 1918 2186 2079 2241; x_wconf 92' lang='lat' dir='ltr'>locus</span> 
     </span>
    </p>
   </div>
   <div class='ocr_carea' id='block_1_25' title="bbox 424 2275 2077 2359">
    <p class='ocr_par' dir='ltr' id='par_1_25' title="bbox 424 2275 2077 2359">
     <span class='ocr_line' id='line_1_25' title="bbox 424 2275 2077 2359; baseline -0.01 -16"><span class='ocrx_word' id='word_1_144' title='bbox 424 2284 918 2359; x_wconf 86' lang='lat' dir='ltr'>congregationis,</span> <span class='ocrx_word' id='word_1_145' title='bbox 943 2288 1000 2337; x_wconf 92' lang='lat' dir='ltr'>et</span> <span class='ocrx_word' id='word_1_146' title='bbox 1024 2279 1383 2334; x_wconf 84' lang='lat' dir='ltr'>Athenarum</span> <span class='ocrx_word' id='word_1_147' title='bbox 1408 2282 1532 2331; x_wconf 86' lang='lat' dir='ltr'>erat</span> <span class='ocrx_word' id='word_1_148' title='bbox 1553 2276 1744 2329; x_wconf 87' lang='lat' dir='ltr'>adhuc</span> <span class='ocrx_word' id='word_1_149' title='bbox 1760 2275 2077 2345; x_wconf 88' lang='lat' dir='ltr'>judicium.</span> 
     </span>
    </p>
   </div>
   <div class='ocr_carea' id='block_1_26' title="bbox 424 2364 2081 2435">
    <p class='ocr_par' dir='ltr' id='par_1_26' title="bbox 424 2364 2081 2435">
     <span class='ocr_line' id='line_1_26' title="bbox 424 2364 2081 2435; baseline -0.01 -2"><span class='ocrx_word' id='word_1_150' title='bbox 424 2377 574 2435; x_wconf 88' lang='lat' dir='ltr'>Nam</span> <span class='ocrx_word' id='word_1_151' title='bbox 607 2374 716 2430; x_wconf 87' lang='lat' dir='ltr'>etsi</span> <span class='ocrx_word' id='word_1_152' title='bbox 746 2378 887 2429; x_wconf 90' lang='lat' dir='ltr'>tunc</span> <span class='ocrx_word' id='word_1_153' title='bbox 915 2368 1160 2426; x_wconf 80' lang='lat' dir='ltr'>Romani</span> <span class='ocrx_word' id='word_1_154' title='bbox 1192 2368 1251 2422; x_wconf 91' lang='lat' dir='ltr'>in</span> <span class='ocrx_word' id='word_1_155' title='bbox 1285 2382 1491 2421; x_wconf 91' lang='lat' dir='ltr'>omnes</span> <span class='ocrx_word' id='word_1_156' title='bbox 1532 2365 1869 2420; x_wconf 80' lang='lat' dir='ltr'>obtinerent</span> <span class='ocrx_word' id='word_1_157' title='bbox 1897 2364 2081 2433; x_wconf 90' lang='lat' dir='ltr'>impe-</span> 
     </span>
    </p>
   </div>
   <div class='ocr_carea' id='block_1_27' title="bbox 428 2453 2081 2529">
    <p class='ocr_par' dir='ltr' id='par_1_27' title="bbox 428 2453 2081 2529">
     <span class='ocr_line' id='line_1_27' title="bbox 428 2453 2081 2529; baseline -0.008 -9"><span class='ocrx_word' id='word_1_158' title='bbox 428 2464 996 2529; x_wconf 85' lang='lat' dir='ltr'>rium,Athenienses</span> <span class='ocrx_word' id='word_1_159' title='bbox 1012 2464 1207 2512; x_wconf 89' lang='lat' dir='ltr'>tamen</span> <span class='ocrx_word' id='word_1_160' title='bbox 1222 2454 1764 2511; x_wconf 69' lang='lat' dir='ltr'>etLacedaamonios</span> <span class='ocrx_word' id='word_1_161' title='bbox 1807 2453 1898 2507; x_wconf 93' lang='lat' dir='ltr'>sui</span> <span class='ocrx_word' id='word_1_162' title='bbox 1927 2454 2081 2522; x_wconf 87' lang='lat' dir='ltr'>juris</span> 
     </span>
    </p>
   </div>
   <div class='ocr_carea' id='block_1_28' title="bbox 429 2543 2080 2615">
    <p class='ocr_par' dir='ltr' id='par_1_28' title="bbox 429 2543 2080 2615">
     <span class='ocr_line' id='line_1_28' title="bbox 429 2543 2080 2615; baseline -0.009 -5"><span class='ocrx_word' id='word_1_163' title='bbox 429 2554 805 2610; x_wconf 89' lang='lat' dir='ltr'>demiserant.</span> <span class='ocrx_word' id='word_1_164' title='bbox 829 2548 1047 2605; x_wconf 88' lang='lat' dir='ltr'>Fabula</span> <span class='ocrx_word' id='word_1_165' title='bbox 1067 2552 1287 2615; x_wconf 88' lang='lat' dir='ltr'>autem,</span> <span class='ocrx_word' id='word_1_166' title='bbox 1314 2546 1466 2599; x_wconf 88' lang='lat' dir='ltr'>sicut</span> <span class='ocrx_word' id='word_1_167' title='bbox 1489 2544 1599 2614; x_wconf 88' lang='lat' dir='ltr'>ipsi</span> <span class='ocrx_word' id='word_1_168' title='bbox 1626 2543 1851 2607; x_wconf 87' lang='lat' dir='ltr'>dicunt,</span> <span class='ocrx_word' id='word_1_169' title='bbox 1869 2558 2080 2596; x_wconf 88' lang='lat' dir='ltr'>nomen</span> 
     </span>
    </p>
   </div>
   <div class='ocr_carea' id='block_1_29' title="bbox 427 2632 2082 2713">
    <p class='ocr_par' dir='ltr' id='par_1_29' title="bbox 427 2632 2082 2713">
     <span class='ocr_line' id='line_1_29' title="bbox 427 2632 2082 2713; baseline -0.009 -15"><span class='ocrx_word' id='word_1_170' title='bbox 427 2642 673 2713; x_wconf 90' lang='lat' dir='ltr'>accepit,</span> <span class='ocrx_word' id='word_1_171' title='bbox 698 2640 853 2712; x_wconf 89' lang='lat' dir='ltr'>quod</span> <span class='ocrx_word' id='word_1_172' title='bbox 886 2638 1192 2707; x_wconf 89' lang='lat' dir='ltr'>Neptunus</span> <span class='ocrx_word' id='word_1_173' title='bbox 1224 2634 1282 2687; x_wconf 93' lang='lat' dir='ltr'>in</span> <span class='ocrx_word' id='word_1_174' title='bbox 1316 2648 1382 2687; x_wconf 92' lang='lat' dir='ltr'>eo</span> <span class='ocrx_word' id='word_1_175' title='bbox 1415 2637 1617 2686; x_wconf 85' lang='lat' dir='ltr'>contra</span> <span class='ocrx_word' id='word_1_176' title='bbox 1655 2632 1896 2685; x_wconf 86' lang='lat' dir='ltr'>Martem</span> <span class='ocrx_word' id='word_1_177' title='bbox 1941 2646 2082 2685; x_wconf 83' lang='lat' dir='ltr'>cau-</span> 
     </span>
    </p>
   </div>
   <div class='ocr_carea' id='block_1_30' title="bbox 427 2719 2083 2796">
    <p class='ocr_par' dir='ltr' id='par_1_30' title="bbox 427 2719 2083 2796">
     <span class='ocr_line' id='line_1_30' title="bbox 427 2719 2083 2796; baseline -0.008 -10"><span class='ocrx_word' id='word_1_178' title='bbox 427 2747 553 2787; x_wconf 90' lang='lat' dir='ltr'>sam</span> <span class='ocrx_word' id='word_1_179' title='bbox 577 2725 1107 2796; x_wconf 87' lang='lat' dir='ltr'>sustinuerit,quod</span> <span class='ocrx_word' id='word_1_180' title='bbox 1130 2723 1309 2792; x_wconf 83' lang='lat' dir='ltr'>hujus</span> <span class='ocrx_word' id='word_1_181' title='bbox 1332 2721 1518 2775; x_wconf 84' lang='lat' dir='ltr'>tilium</span> <span class='ocrx_word' id='word_1_182' title='bbox 1544 2719 1967 2774; x_wconf 86' lang='lat' dir='ltr'>Halirrothium</span> <span class='ocrx_word' id='word_1_183' title='bbox 1992 2735 2083 2773; x_wconf 92' lang='lat' dir='ltr'>oc-</span> 
     </span>
    </p>
   </div>
   <div class='ocr_carea' id='block_1_31' title="bbox 424 2803 2080 2884">
    <p class='ocr_par' dir='ltr' id='par_1_31' title="bbox 424 2803 2080 2884">
     <span class='ocr_line' id='line_1_31' title="bbox 424 2803 2080 2884; baseline -0.007 -11"><span class='ocrx_word' id='word_1_184' title='bbox 424 2820 684 2874; x_wconf 89' lang='lat' dir='ltr'>cidisset.</span> <span class='ocrx_word' id='word_1_185' title='bbox 702 2818 844 2873; x_wconf 89' lang='lat' dir='ltr'>Cum</span> <span class='ocrx_word' id='word_1_186' title='bbox 871 2831 1005 2870; x_wconf 88' lang='lat' dir='ltr'>eum</span> <span class='ocrx_word' id='word_1_187' title='bbox 1030 2828 1165 2884; x_wconf 88' lang='lat' dir='ltr'>ergo</span> <span class='ocrx_word' id='word_1_188' title='bbox 1189 2803 1575 2866; x_wconf 77' lang='lat' dir='ltr'>adduxissent</span> <span class='ocrx_word' id='word_1_189' title='bbox 1598 2809 1653 2862; x_wconf 93' lang='lat' dir='ltr'>in</span> <span class='ocrx_word' id='word_1_190' title='bbox 1682 2807 1917 2863; x_wconf 84' lang='lat' dir='ltr'>illorum</span> <span class='ocrx_word' id='word_1_191' title='bbox 1942 2824 2080 2862; x_wconf 90' lang='lat' dir='ltr'>con-</span> 
     </span>
    </p>
   </div>
   <div class='ocr_carea' id='block_1_32' title="bbox 424 2897 2078 2980">
    <p class='ocr_par' dir='ltr' id='par_1_32' title="bbox 424 2897 2078 2980">
     <span class='ocr_line' id='line_1_32' title="bbox 424 2897 2078 2980; baseline -0.009 -17"><span class='ocrx_word' id='word_1_192' title='bbox 424 2916 712 2980; x_wconf 84' lang='lat' dir='ltr'>spectum,</span> <span class='ocrx_word' id='word_1_193' title='bbox 746 2906 844 2976; x_wconf 91' lang='lat' dir='ltr'>qui</span> <span class='ocrx_word' id='word_1_194' title='bbox 897 2908 954 2958; x_wconf 90' lang='lat' dir='ltr'>et</span> <span class='ocrx_word' id='word_1_195' title='bbox 1004 2906 1241 2971; x_wconf 90' lang='lat' dir='ltr'>propter</span> <span class='ocrx_word' id='word_1_196' title='bbox 1290 2898 1516 2953; x_wconf 80' lang='lat' dir='ltr'>aedium</span> <span class='ocrx_word' id='word_1_197' title='bbox 1573 2897 1970 2964; x_wconf 84' lang='lat' dir='ltr'>altitudinem,</span> <span class='ocrx_word' id='word_1_198' title='bbox 2000 2901 2078 2963; x_wconf 91' lang='lat' dir='ltr'>et,</span> 
     </span>
    </p>
   </div>
   <div class='ocr_carea' id='block_1_33' title="bbox 423 2986 2077 3066">
    <p class='ocr_par' dir='ltr' id='par_1_33' title="bbox 423 2986 2077 3066">
     <span class='ocr_line' id='line_1_33' title="bbox 423 2986 2077 3066; baseline -0.007 -16"><span class='ocrx_word' id='word_1_199' title='bbox 423 3012 547 3066; x_wconf 78' lang='lat' dir='ltr'>quas</span> <span class='ocrx_word' id='word_1_200' title='bbox 579 2999 914 3061; x_wconf 88' lang='lat' dir='ltr'>evacuatur,</span> <span class='ocrx_word' id='word_1_201' title='bbox 944 2989 1320 3062; x_wconf 89' lang='lat' dir='ltr'>sapientiam,</span> <span class='ocrx_word' id='word_1_202' title='bbox 1360 3004 1422 3042; x_wconf 94' lang='lat' dir='ltr'>se</span> <span class='ocrx_word' id='word_1_203' title='bbox 1469 2987 1775 3057; x_wconf 84' lang='lat' dir='ltr'>magniﬁce</span> <span class='ocrx_word' id='word_1_204' title='bbox 1823 2986 2077 3039; x_wconf 84' lang='lat' dir='ltr'>circum-</span> 
     </span>
    </p>
   </div>
   <div class='ocr_carea' id='block_1_34' title="bbox 420 3075 2077 3156">
    <p class='ocr_par' dir='ltr' id='par_1_34' title="bbox 420 3075 2077 3156">
     <span class='ocr_line' id='line_1_34' title="bbox 420 3075 2077 3156; baseline -0.007 -17"><span class='ocrx_word' id='word_1_205' title='bbox 420 3084 782 3156; x_wconf 88' lang='lat' dir='ltr'>spiciebant:</span> <span class='ocrx_word' id='word_1_206' title='bbox 816 3086 872 3135; x_wconf 88' lang='lat' dir='ltr'>et</span> <span class='ocrx_word' id='word_1_207' title='bbox 901 3078 1081 3135; x_wconf 88' lang='lat' dir='ltr'>simul</span> <span class='ocrx_word' id='word_1_208' title='bbox 1111 3094 1311 3133; x_wconf 89' lang='lat' dir='ltr'>eorum</span> <span class='ocrx_word' id='word_1_209' title='bbox 1347 3093 1475 3146; x_wconf 74' lang='lat' dir='ltr'>quae</span> <span class='ocrx_word' id='word_1_210' title='bbox 1508 3075 1746 3143; x_wconf 85' lang='lat' dir='ltr'>ﬁebant,</span> <span class='ocrx_word' id='word_1_211' title='bbox 1781 3075 2077 3128; x_wconf 88' lang='lat' dir='ltr'>auditores</span> 
     </span>
    </p>
   </div>
   <div class='ocr_carea' id='block_1_35' title="bbox 422 3164 2078 3242">
    <p class='ocr_par' dir='ltr' id='par_1_35' title="bbox 422 3164 2078 3242">
     <span class='ocr_line' id='line_1_35' title="bbox 422 3164 2078 3242; baseline -0.007 -14"><span class='ocrx_word' id='word_1_212' title='bbox 422 3172 732 3242; x_wconf 88' lang='lat' dir='ltr'>etjudices</span> <span class='ocrx_word' id='word_1_213' title='bbox 763 3169 1177 3242; x_wconf 69' lang='lat' dir='ltr'>praesidebant,</span> <span class='ocrx_word' id='word_1_214' title='bbox 1208 3182 1461 3236; x_wconf 90' lang='lat' dir='ltr'>quorum</span> <span class='ocrx_word' id='word_1_215' title='bbox 1523 3181 1679 3219; x_wconf 91' lang='lat' dir='ltr'>unus</span> <span class='ocrx_word' id='word_1_216' title='bbox 1727 3164 1904 3219; x_wconf 90' lang='lat' dir='ltr'>etiam</span> <span class='ocrx_word' id='word_1_217' title='bbox 1955 3169 2078 3218; x_wconf 90' lang='lat' dir='ltr'>erat</span> 
     </span>
    </p>
   </div>
   <div class='ocr_carea' id='block_1_36' title="bbox 2194 587 3816 664">
    <p class='ocr_par' dir='ltr' id='par_1_36' title="bbox 2194 587 3816 664">
     <span class='ocr_line' id='line_1_36' title="bbox 2194 587 3816 664; baseline 0.002 -23"><span class='ocrx_word' id='word_1_218' title='bbox 2194 609 2310 660; x_wconf 86' lang='grc' dir='ltr'>ποι,</span> <span class='ocrx_word' id='word_1_219' title='bbox 2348 590 2657 664; x_wconf 73' lang='grc' dir='ltr'>χρηστότης</span> <span class='ocrx_word' id='word_1_220' title='bbox 2708 590 2891 653; x_wconf 85' lang='grc' dir='ltr'>αὐτοῖς</span> <span class='ocrx_word' id='word_1_221' title='bbox 2940 591 3042 645; x_wconf 85' lang='grc' dir='ltr'>οὐκ</span> <span class='ocrx_word' id='word_1_222' title='bbox 3085 587 3361 662; x_wconf 75' lang='grc' dir='ltr'>ἐπίδειξις,</span> <span class='ocrx_word' id='word_1_223' title='bbox 3411 591 3816 662; x_wconf 73' lang='grc' dir='ltr'>ὑποκαθημένην</span> 
     </span>
    </p>
   </div>
   <div class='ocr_carea' id='block_1_37' title="bbox 2196 674 3825 757">
    <p class='ocr_par' dir='ltr' id='par_1_37' title="bbox 2196 674 3825 757">
     <span class='ocr_line' id='line_1_37' title="bbox 2196 674 3825 757; baseline 0.002 -26"><span class='ocrx_word' id='word_1_224' title='bbox 2196 678 2268 738; x_wconf 83' lang='grc' dir='ltr'>ὡς</span> <span class='ocrx_word' id='word_1_225' title='bbox 2297 679 2364 732; x_wconf 75' lang='grc' dir='ltr'>τὰ</span> <span class='ocrx_word' id='word_1_226' title='bbox 2414 678 2601 734; x_wconf 86' lang='grc' dir='ltr'>πολλά</span> <span class='ocrx_word' id='word_1_227' title='bbox 2657 682 2755 750; x_wconf 74' lang='grc' dir='ltr'>τὴν</span> <span class='ocrx_word' id='word_1_228' title='bbox 2812 680 3108 750; x_wconf 79' lang='grc' dir='ltr'>σκαιότητα</span> <span class='ocrx_word' id='word_1_229' title='bbox 3165 674 3387 754; x_wconf 80' lang='grc' dir='ltr'>ἔχουσα,</span> <span class='ocrx_word' id='word_1_230' title='bbox 3427 678 3574 733; x_wconf 86' lang='grc' dir='ltr'>ἀλλά</span> <span class='ocrx_word' id='word_1_231' title='bbox 3597 700 3647 732; x_wconf 90' lang='grc' dir='ltr'>τι</span> <span class='ocrx_word' id='word_1_232' title='bbox 3676 681 3825 757; x_wconf 76' lang='grc' dir='ltr'>σαφὶς</span> 
     </span>
    </p>
   </div>
   <div class='ocr_carea' id='block_1_38' title="bbox 2192 763 3825 845">
    <p class='ocr_par' dir='ltr' id='par_1_38' title="bbox 2192 763 3825 845">
     <span class='ocr_line' id='line_1_38' title="bbox 2192 763 3825 845; baseline 0.001 -24"><span class='ocrx_word' id='word_1_233' title='bbox 2192 768 2436 841; x_wconf 91' lang='grc' dir='ltr'>γέννημα</span> <span class='ocrx_word' id='word_1_234' title='bbox 2464 777 2563 838; x_wconf 78' lang='grc' dir='ltr'>τῆς</span> <span class='ocrx_word' id='word_1_235' title='bbox 2606 773 2816 845; x_wconf 80' lang='grc' dir='ltr'>ψυχῆς,</span> <span class='ocrx_word' id='word_1_236' title='bbox 2867 770 2953 823; x_wconf 88' lang='grc' dir='ltr'>καὶ</span> <span class='ocrx_word' id='word_1_237' title='bbox 3004 776 3101 838; x_wconf 80' lang='grc' dir='ltr'>τῆς</span> <span class='ocrx_word' id='word_1_238' title='bbox 3150 763 3301 822; x_wconf 79' lang='grc' dir='ltr'>ἔνδον</span> <span class='ocrx_word' id='word_1_239' title='bbox 3347 768 3631 843; x_wconf 74' lang='grc' dir='ltr'>χαρακτὴρ</span> <span class='ocrx_word' id='word_1_240' title='bbox 3663 765 3825 832; x_wconf 80' lang='grc' dir='ltr'>διαθέ-</span> 
     </span>
    </p>
   </div>
   <div class='ocr_carea' id='block_1_39' title="bbox 2195 854 3832 933">
    <p class='ocr_par' dir='ltr' id='par_1_39' title="bbox 2195 854 3832 933">
     <span class='ocr_line' id='line_1_39' title="bbox 2195 854 3832 933; baseline 0.002 -23"><span class='ocrx_word' id='word_1_241' title='bbox 2195 878 2353 918; x_wconf 83' lang='grc' dir='ltr'>σεως.</span> <span class='ocrx_word' id='word_1_242' title='bbox 2388 856 2612 927; x_wconf 79' lang='grc' dir='ltr'>Ἐπειδὴ</span> <span class='ocrx_word' id='word_1_243' title='bbox 2665 857 2720 914; x_wconf 82' lang='grc' dir='ltr'>δὲ</span> <span class='ocrx_word' id='word_1_244' title='bbox 2774 860 3035 933; x_wconf 79' lang='grc' dir='ltr'>Ἀθήνῃσι</span> <span class='ocrx_word' id='word_1_245' title='bbox 3084 854 3299 919; x_wconf 75' lang='grc' dir='ltr'>Ηαῦλος</span> <span class='ocrx_word' id='word_1_246' title='bbox 3352 856 3585 931; x_wconf 79' lang='grc' dir='ltr'>ἐγένετο,</span> <span class='ocrx_word' id='word_1_247' title='bbox 3617 858 3832 921; x_wconf 79' lang='grc' dir='ltr'>καὶτοῖς</span> 
     </span>
    </p>
   </div>
   <div class='ocr_carea' id='block_1_40' title="bbox 2193 941 3824 1023">
    <p class='ocr_par' dir='ltr' id='par_1_40' title="bbox 2193 941 3824 1023">
     <span class='ocr_line' id='line_1_40' title="bbox 2193 941 3824 1023; baseline 0 -24"><span class='ocrx_word' id='word_1_248' title='bbox 2193 945 2588 1020; x_wconf 77' lang='grc' dir='ltr'>Ἐπικουρείοις</span> <span class='ocrx_word' id='word_1_249' title='bbox 2644 948 2712 1002; x_wconf 78' lang='grc' dir='ltr'>τὰ</span> <span class='ocrx_word' id='word_1_250' title='bbox 2770 947 3091 1023; x_wconf 74' lang='grc' dir='ltr'>Πυθαγόρου</span> <span class='ocrx_word' id='word_1_251' title='bbox 3140 945 3461 1020; x_wconf 81' lang='grc' dir='ltr'>κρατύνουσι</span> <span class='ocrx_word' id='word_1_252' title='bbox 3521 941 3824 1017; x_wconf 74' lang='grc' dir='ltr'>συμϐαλὼν,</span> 
     </span>
    </p>
   </div>
   <div class='ocr_carea' id='block_1_41' title="bbox 2194 1032 3825 1111">
    <p class='ocr_par' dir='ltr' id='par_1_41' title="bbox 2194 1032 3825 1111">
     <span class='ocr_line' id='line_1_41' title="bbox 2194 1032 3825 1111; baseline 0 -21"><span class='ocrx_word' id='word_1_253' title='bbox 2194 1033 2350 1111; x_wconf 77' lang='grc' dir='ltr'>ἔργου</span> <span class='ocrx_word' id='word_1_254' title='bbox 2384 1034 2565 1110; x_wconf 78' lang='grc' dir='ltr'>εἷ’χετο</span> <span class='ocrx_word' id='word_1_255' title='bbox 2595 1041 2673 1109; x_wconf 79' lang='grc' dir='ltr'>τῷ</span> <span class='ocrx_word' id='word_1_256' title='bbox 2702 1044 2802 1107; x_wconf 81' lang='grc' dir='ltr'>τῆς</span> <span class='ocrx_word' id='word_1_257' title='bbox 2854 1032 3095 1098; x_wconf 75' lang='grc' dir='ltr'>ἀσεϐείας</span> <span class='ocrx_word' id='word_1_258' title='bbox 3137 1035 3331 1097; x_wconf 77' lang='grc' dir='ltr'>αὐτοὺς</span> <span class='ocrx_word' id='word_1_259' title='bbox 3375 1035 3675 1103; x_wconf 78' lang='grc' dir='ltr'>ἀποστῆσαι</span> <span class='ocrx_word' id='word_1_260' title='bbox 3707 1034 3825 1111; x_wconf 86' lang='grc' dir='ltr'>δογ-</span> 
     </span>
    </p>
   </div>
   <div class='ocr_carea' id='block_1_42' title="bbox 2196 1119 3825 1199">
    <p class='ocr_par' dir='ltr' id='par_1_42' title="bbox 2196 1119 3825 1199">
     <span class='ocr_line' id='line_1_42' title="bbox 2196 1119 3825 1199; baseline 0.001 -22"><span class='ocrx_word' id='word_1_261' title='bbox 2196 1124 2402 1197; x_wconf 84' lang='grc' dir='ltr'>μάτων,</span> <span class='ocrx_word' id='word_1_262' title='bbox 2451 1126 2537 1179; x_wconf 81' lang='grc' dir='ltr'>καὶ</span> <span class='ocrx_word' id='word_1_263' title='bbox 2592 1131 2898 1198; x_wconf 83' lang='grc' dir='ltr'>μεταθεῖναι</span> <span class='ocrx_word' id='word_1_264' title='bbox 2948 1126 3084 1199; x_wconf 90' lang='grc' dir='ltr'>πρὸς</span> <span class='ocrx_word' id='word_1_265' title='bbox 3132 1127 3231 1194; x_wconf 74' lang='grc' dir='ltr'>τὴν</span> <span class='ocrx_word' id='word_1_266' title='bbox 3277 1119 3568 1191; x_wconf 75' lang='grc' dir='ltr'>εὐσέϐειαν,</span> <span class='ocrx_word' id='word_1_267' title='bbox 3617 1125 3736 1187; x_wconf 81' lang='grc' dir='ltr'>τούς</span> <span class='ocrx_word' id='word_1_268' title='bbox 3773 1146 3825 1181; x_wconf 77' lang='grc' dir='ltr'>τε</span> 
     </span>
    </p>
   </div>
   <div class='ocr_carea' id='block_1_43' title="bbox 2192 1212 3825 1292">
    <p class='ocr_par' dir='ltr' id='par_1_43' title="bbox 2192 1212 3825 1292">
     <span class='ocr_line' id='line_1_43' title="bbox 2192 1212 3825 1292; baseline 0 -25"><span class='ocrx_word' id='word_1_269' title='bbox 2192 1218 2297 1267; x_wconf 91' lang='grc' dir='ltr'>τῶν</span> <span class='ocrx_word' id='word_1_270' title='bbox 2332 1212 2578 1269; x_wconf 81' lang='grc' dir='ltr'>εἰδώλων</span> <span class='ocrx_word' id='word_1_271' title='bbox 2629 1214 3084 1292; x_wconf 67' lang='grc' dir='ltr'>καταστρέφεσθαι</span> <span class='ocrx_word' id='word_1_272' title='bbox 3116 1214 3296 1283; x_wconf 82' lang='grc' dir='ltr'>ναοὺς,</span> <span class='ocrx_word' id='word_1_273' title='bbox 3335 1214 3421 1267; x_wconf 82' lang='grc' dir='ltr'>καὶ</span> <span class='ocrx_word' id='word_1_274' title='bbox 3466 1218 3645 1267; x_wconf 81' lang='grc' dir='ltr'>πεῖσαι</span> <span class='ocrx_word' id='word_1_275' title='bbox 3675 1216 3825 1284; x_wconf 80' lang='grc' dir='ltr'>Ἀθη-</span> 
     </span>
    </p>
   </div>
   <div class='ocr_carea' id='block_1_44' title="bbox 2194 1301 3826 1377">
    <p class='ocr_par' dir='ltr' id='par_1_44' title="bbox 2194 1301 3826 1377">
     <span class='ocr_line' id='line_1_44' title="bbox 2194 1301 3826 1377; baseline 0.001 -21"><span class='ocrx_word' id='word_1_276' title='bbox 2194 1302 2387 1363; x_wconf 87' lang='grc' dir='ltr'>ναίους</span> <span class='ocrx_word' id='word_1_277' title='bbox 2416 1302 2465 1357; x_wconf 82' lang='grc' dir='ltr'>έν</span> <span class='ocrx_word' id='word_1_278' title='bbox 2497 1308 2565 1377; x_wconf 80' lang='grc' dir='ltr'>τῇ</span> <span class='ocrx_word' id='word_1_279' title='bbox 2600 1304 2804 1377; x_wconf 76' lang='grc' dir='ltr'>ἐσχάτῃ</span> <span class='ocrx_word' id='word_1_280' title='bbox 2838 1304 3020 1376; x_wconf 81' lang='grc' dir='ltr'>ἡμέρά</span> <span class='ocrx_word' id='word_1_281' title='bbox 3047 1310 3149 1371; x_wconf 83' lang='grc' dir='ltr'>τῆς</span> <span class='ocrx_word' id='word_1_282' title='bbox 3187 1302 3417 1377; x_wconf 88' lang='grc' dir='ltr'>κρίσεως</span> <span class='ocrx_word' id='word_1_283' title='bbox 3458 1301 3826 1371; x_wconf 77' lang='grc' dir='ltr'>ἀναστήσεσθαι</span> 
     </span>
    </p>
   </div>
   <div class='ocr_carea' id='block_1_45' title="bbox 2198 1389 3825 1467">
    <p class='ocr_par' dir='ltr' id='par_1_45' title="bbox 2198 1389 3825 1467">
     <span class='ocr_line' id='line_1_45' title="bbox 2198 1389 3825 1467; baseline -0.001 -22"><span class='ocrx_word' id='word_1_284' title='bbox 2198 1389 2444 1463; x_wconf 72' lang='grc' dir='ltr'>μέλλειν,</span> <span class='ocrx_word' id='word_1_285' title='bbox 2479 1393 2568 1447; x_wconf 82' lang='grc' dir='ltr'>καὶ</span> <span class='ocrx_word' id='word_1_286' title='bbox 2600 1390 2749 1454; x_wconf 80' lang='grc' dir='ltr'>δίκας</span> <span class='ocrx_word' id='word_1_287' title='bbox 2775 1396 2883 1447; x_wconf 90' lang='grc' dir='ltr'>τῶν</span> <span class='ocrx_word' id='word_1_288' title='bbox 2909 1393 3094 1453; x_wconf 83' lang='grc' dir='ltr'>αὑτοῖς</span> <span class='ocrx_word' id='word_1_289' title='bbox 3114 1390 3481 1467; x_wconf 78' lang='grc' dir='ltr'>εἴργασμένων</span> <span class='ocrx_word' id='word_1_290' title='bbox 3514 1390 3825 1466; x_wconf 75' lang='grc' dir='ltr'>εἰσπραχθή-</span> 
     </span>
    </p>
   </div>
   <div class='ocr_carea' id='block_1_46' title="bbox 2192 1478 3818 1557">
    <p class='ocr_par' dir='ltr' id='par_1_46' title="bbox 2192 1478 3818 1557">
     <span class='ocr_line' id='line_1_46' title="bbox 2192 1478 3818 1557; baseline 0.002 -24"><span class='ocrx_word' id='word_1_291' title='bbox 2192 1484 2375 1535; x_wconf 88' lang='grc' dir='ltr'>σεσθαι</span> <span class='ocrx_word' id='word_1_292' title='bbox 2409 1500 2421 1512; x_wconf 92' lang='grc'>·</span> <span class='ocrx_word' id='word_1_293' title='bbox 2456 1483 2606 1537; x_wconf 79' lang='grc' dir='ltr'>οὗτοι</span> <span class='ocrx_word' id='word_1_294' title='bbox 2638 1480 2715 1551; x_wconf 72' lang='grc' dir='ltr'>δὲ,</span> <span class='ocrx_word' id='word_1_295' title='bbox 2748 1487 2852 1536; x_wconf 89' lang='grc' dir='ltr'>τῶν</span> <span class='ocrx_word' id='word_1_296' title='bbox 2902 1481 3086 1539; x_wconf 76' lang='grc' dir='ltr'>ἄλλων</span> <span class='ocrx_word' id='word_1_297' title='bbox 3136 1480 3227 1536; x_wconf 76' lang='grc' dir='ltr'>ἅτε</span> <span class='ocrx_word' id='word_1_298' title='bbox 3277 1478 3818 1557; x_wconf 84' lang='grc' dir='ltr'>δεισιδαιμονέστερον</span> 
     </span>
    </p>
   </div>
   <div class='ocr_carea' id='block_1_47' title="bbox 2194 1567 3823 1645">
    <p class='ocr_par' dir='ltr' id='par_1_47' title="bbox 2194 1567 3823 1645">
     <span class='ocr_line' id='line_1_47' title="bbox 2194 1567 3823 1645; baseline 0 -21"><span class='ocrx_word' id='word_1_299' title='bbox 2194 1567 2548 1644; x_wconf 84' lang='grc' dir='ltr'>διακείμενοι,</span> <span class='ocrx_word' id='word_1_300' title='bbox 2579 1571 2667 1625; x_wconf 81' lang='grc' dir='ltr'>καὶ</span> <span class='ocrx_word' id='word_1_301' title='bbox 2719 1571 2795 1633; x_wconf 77' lang='grc' dir='ltr'>εἷς</span> <span class='ocrx_word' id='word_1_302' title='bbox 2846 1570 3062 1632; x_wconf 80' lang='grc' dir='ltr'>πολλὰς</span> <span class='ocrx_word' id='word_1_303' title='bbox 3112 1568 3267 1641; x_wconf 81' lang='grc' dir='ltr'>δόξας</span> <span class='ocrx_word' id='word_1_304' title='bbox 3321 1570 3412 1624; x_wconf 88' lang='grc' dir='ltr'>καὶ</span> <span class='ocrx_word' id='word_1_305' title='bbox 3456 1570 3660 1633; x_wconf 77' lang='grc' dir='ltr'>πίστεις</span> <span class='ocrx_word' id='word_1_306' title='bbox 3692 1590 3823 1645; x_wconf 81' lang='grc' dir='ltr'>μερι-</span> 
     </span>
    </p>
   </div>
   <div class='ocr_carea' id='block_1_48' title="bbox 2195 1659 3819 1735">
    <p class='ocr_par' dir='ltr' id='par_1_48' title="bbox 2195 1659 3819 1735">
     <span class='ocr_line' id='line_1_48' title="bbox 2195 1659 3819 1735; baseline 0 -22"><span class='ocrx_word' id='word_1_307' title='bbox 2195 1659 2435 1731; x_wconf 84' lang='grc' dir='ltr'>ζόμενοι,</span> <span class='ocrx_word' id='word_1_308' title='bbox 2472 1660 2817 1735; x_wconf 83' lang='grc' dir='ltr'>μυκτηρίζειν</span> <span class='ocrx_word' id='word_1_309' title='bbox 2862 1660 3022 1715; x_wconf 78' lang='grc' dir='ltr'>αὐτὸν</span> <span class='ocrx_word' id='word_1_310' title='bbox 3067 1659 3412 1734; x_wconf 73' lang='grc' dir='ltr'>ἰπεχείρουν,</span> <span class='ocrx_word' id='word_1_311' title='bbox 3442 1663 3644 1714; x_wconf 88' lang='grc' dir='ltr'>καινῶν</span> <span class='ocrx_word' id='word_1_312' title='bbox 3673 1664 3819 1713; x_wconf 86' lang='grc' dir='ltr'>τινῶν</span> 
     </span>
    </p>
   </div>
   <div class='ocr_carea' id='block_1_49' title="bbox 2191 1746 3826 1823">
    <p class='ocr_par' dir='ltr' id='par_1_49' title="bbox 2191 1746 3826 1823">
     <span class='ocr_line' id='line_1_49' title="bbox 2191 1746 3826 1823; baseline 0 -21"><span class='ocrx_word' id='word_1_313' title='bbox 2191 1750 2279 1802; x_wconf 88' lang='grc' dir='ltr'>καὶ</span> <span class='ocrx_word' id='word_1_314' title='bbox 2312 1749 2471 1818; x_wconf 86' lang='grc' dir='ltr'>ξένων</span> <span class='ocrx_word' id='word_1_315' title='bbox 2506 1748 2801 1821; x_wconf 80' lang='grc' dir='ltr'>δαιμονίων</span> <span class='ocrx_word' id='word_1_316' title='bbox 2853 1749 3187 1823; x_wconf 58' lang='grc' dir='ltr'>καταῄελέα</span> <span class='ocrx_word' id='word_1_317' title='bbox 3227 1746 3525 1811; x_wconf 81' lang='grc' dir='ltr'>καλοῦντες</span> <span class='ocrx_word' id='word_1_318' title='bbox 3561 1769 3574 1782; x_wconf 89' lang='grc'><strong>·</strong></span> <span class='ocrx_word' id='word_1_319' title='bbox 3607 1748 3749 1809; x_wconf 81' lang='grc' dir='ltr'>ὅπως</span> <span class='ocrx_word' id='word_1_320' title='bbox 3778 1746 3826 1802; x_wconf 77' lang='grc' dir='ltr'>δὲ</span> 
     </span>
    </p>
   </div>
   <div class='ocr_carea' id='block_1_50' title="bbox 2196 1834 3823 1913">
    <p class='ocr_par' dir='ltr' id='par_1_50' title="bbox 2196 1834 3823 1913">
     <span class='ocr_line' id='line_1_50' title="bbox 2196 1834 3823 1913; baseline -0.001 -21"><span class='ocrx_word' id='word_1_321' title='bbox 2196 1838 2270 1909; x_wconf 81' lang='grc' dir='ltr'>μή</span> <span class='ocrx_word' id='word_1_322' title='bbox 2307 1843 2673 1913; x_wconf 76' lang='grc' dir='ltr'>μυκτηρισμῷ</span> <span class='ocrx_word' id='word_1_323' title='bbox 2707 1838 2870 1911; x_wconf 89' lang='grc' dir='ltr'>μόνον</span> <span class='ocrx_word' id='word_1_324' title='bbox 2921 1839 3048 1913; x_wconf 87' lang='grc' dir='ltr'>παρ’</span> <span class='ocrx_word' id='word_1_325' title='bbox 3090 1837 3263 1892; x_wconf 80' lang='grc' dir='ltr'>αὐτῶν</span> <span class='ocrx_word' id='word_1_326' title='bbox 3294 1835 3588 1913; x_wconf 82' lang='grc' dir='ltr'>βάλλοιτο,</span> <span class='ocrx_word' id='word_1_327' title='bbox 3618 1834 3755 1891; x_wconf 83' lang='grc' dir='ltr'>ἀλλά</span> <span class='ocrx_word' id='word_1_328' title='bbox 3780 1858 3823 1891; x_wconf 89' lang='grc' dir='ltr'>τι</span> 
     </span>
    </p>
   </div>
   <div class='ocr_carea' id='block_1_51' title="bbox 2188 1922 3827 1999">
    <p class='ocr_par' dir='ltr' id='par_1_51' title="bbox 2188 1922 3827 1999">
     <span class='ocr_line' id='line_1_51' title="bbox 2188 1922 3827 1999; baseline -0.001 -22"><span class='ocrx_word' id='word_1_329' title='bbox 2188 1924 2276 1977; x_wconf 83' lang='grc' dir='ltr'>καὶ</span> <span class='ocrx_word' id='word_1_330' title='bbox 2306 1926 2415 1979; x_wconf 87' lang='grc' dir='ltr'>τῶν</span> <span class='ocrx_word' id='word_1_331' title='bbox 2464 1925 2695 1999; x_wconf 83' lang='grc' dir='ltr'>ἀνιαρῶν</span> <span class='ocrx_word' id='word_1_332' title='bbox 2739 1925 3003 1995; x_wconf 80' lang='grc' dir='ltr'>ὑποσταίη</span> <span class='ocrx_word' id='word_1_333' title='bbox 3057 1922 3210 1987; x_wconf 80' lang='grc' dir='ltr'>δίκας</span> <span class='ocrx_word' id='word_1_334' title='bbox 3253 1929 3362 1979; x_wconf 90' lang='grc' dir='ltr'>τῶν</span> <span class='ocrx_word' id='word_1_335' title='bbox 3419 1925 3509 1978; x_wconf 86' lang='grc' dir='ltr'>ὑπ’</span> <span class='ocrx_word' id='word_1_336' title='bbox 3560 1923 3717 1978; x_wconf 76' lang='grc' dir='ltr'>αὑτοῦ</span> <span class='ocrx_word' id='word_1_337' title='bbox 3743 1946 3827 1993; x_wconf 88' lang='grc' dir='ltr'>κη-</span> 
     </span>
    </p>
   </div>
   <div class='ocr_carea' id='block_1_52' title="bbox 2189 2009 3823 2088">
    <p class='ocr_par' dir='ltr' id='par_1_52' title="bbox 2189 2009 3823 2088">
     <span class='ocr_line' id='line_1_52' title="bbox 2189 2009 3823 2088; baseline -0.001 -22"><span class='ocrx_word' id='word_1_338' title='bbox 2189 2012 2529 2088; x_wconf 87' lang='grc' dir='ltr'>ρυττομένων</span> <span class='ocrx_word' id='word_1_339' title='bbox 2553 2011 2761 2083; x_wconf 77' lang='grc' dir='ltr'>διδοὺς,</span> <span class='ocrx_word' id='word_1_340' title='bbox 2783 2009 3177 2085; x_wconf 74' lang='grc' dir='ltr'>ἐπιλαϐόμενοι</span> <span class='ocrx_word' id='word_1_341' title='bbox 3200 2013 3363 2068; x_wconf 80' lang='grc' dir='ltr'>αὑτοῦ</span> <span class='ocrx_word' id='word_1_342' title='bbox 3387 2013 3479 2067; x_wconf 75' lang='grc' dir='ltr'>ἐπὶ</span> <span class='ocrx_word' id='word_1_343' title='bbox 3509 2014 3600 2067; x_wconf 86' lang='grc' dir='ltr'>τὸν</span> <span class='ocrx_word' id='word_1_344' title='bbox 3629 2016 3823 2087; x_wconf 74' lang='grc' dir='ltr'>Ἄρειον</span> 
     </span>
    </p>
   </div>
   <div class='ocr_carea' id='block_1_53' title="bbox 2187 2101 3823 2178">
    <p class='ocr_par' dir='ltr' id='par_1_53' title="bbox 2187 2101 3823 2178">
     <span class='ocr_line' id='line_1_53' title="bbox 2187 2101 3823 2178; baseline -0.002 -22"><span class='ocrx_word' id='word_1_345' title='bbox 2187 2103 2357 2175; x_wconf 89' lang='grc' dir='ltr'>πάγον</span> <span class='ocrx_word' id='word_1_346' title='bbox 2389 2101 2590 2178; x_wconf 70' lang='grc' dir='ltr'>ἤγαγον</span> <span class='ocrx_word' id='word_1_347' title='bbox 2628 2121 2638 2133; x_wconf 94' lang='grc'><strong>·</strong></span> <span class='ocrx_word' id='word_1_348' title='bbox 2673 2104 2731 2164; x_wconf 78' lang='grc' dir='ltr'>ὃς</span> <span class='ocrx_word' id='word_1_349' title='bbox 2777 2102 2948 2163; x_wconf 88' lang='grc' dir='ltr'>τόπος</span> <span class='ocrx_word' id='word_1_350' title='bbox 2993 2103 3087 2173; x_wconf 74' lang='grc' dir='ltr'>μὲν</span> <span class='ocrx_word' id='word_1_351' title='bbox 3130 2104 3197 2171; x_wconf 83' lang='grc' dir='ltr'>ἦν</span> <span class='ocrx_word' id='word_1_352' title='bbox 3231 2109 3584 2177; x_wconf 77' lang='grc' dir='ltr'>συναγωγῆς,</span> <span class='ocrx_word' id='word_1_353' title='bbox 3614 2103 3701 2156; x_wconf 85' lang='grc' dir='ltr'>καὶ</span> <span class='ocrx_word' id='word_1_354' title='bbox 3728 2106 3823 2157; x_wconf 90' lang='grc' dir='ltr'>τῶν</span> 
     </span>
    </p>
   </div>
   <div class='ocr_carea' id='block_1_54' title="bbox 2158 2189 3829 2267">
    <p class='ocr_par' dir='ltr' id='par_1_54' title="bbox 2158 2189 3829 2267">
     <span class='ocr_line' id='line_1_54' title="bbox 2158 2189 3829 2267; baseline -0.001 -22"><span class='ocrx_word' id='word_1_355' title='bbox 2158 2192 2433 2261; x_wconf 83' lang='grc' dir='ltr'>,Ἀθηνῶν</span> <span class='ocrx_word' id='word_1_356' title='bbox 2468 2189 2543 2246; x_wconf 70' lang='grc' dir='ltr'>ἔτι</span> <span class='ocrx_word' id='word_1_357' title='bbox 2595 2191 2882 2246; x_wconf 83' lang='grc' dir='ltr'>καθίστατο</span> <span class='ocrx_word' id='word_1_358' title='bbox 2929 2190 3302 2267; x_wconf 76' lang='grc' dir='ltr'>δικαστήριον.</span> <span class='ocrx_word' id='word_1_359' title='bbox 3359 2192 3424 2247; x_wconf 82' lang='grc' dir='ltr'>Εἰ</span> <span class='ocrx_word' id='word_1_360' title='bbox 3464 2192 3562 2265; x_wconf 79' lang='grc' dir='ltr'>γὰρ</span> <span class='ocrx_word' id='word_1_361' title='bbox 3588 2192 3675 2244; x_wconf 83' lang='grc' dir='ltr'>καὶ</span> <span class='ocrx_word' id='word_1_362' title='bbox 3709 2192 3829 2244; x_wconf 83' lang='grc' dir='ltr'>Ῥω-</span> 
     </span>
    </p>
   </div>
   <div class='ocr_carea' id='block_1_55' title="bbox 2195 2279 3825 2353">
    <p class='ocr_par' dir='ltr' id='par_1_55' title="bbox 2195 2279 3825 2353">
     <span class='ocr_line' id='line_1_55' title="bbox 2195 2279 3825 2353; baseline -0.001 -20"><span class='ocrx_word' id='word_1_363' title='bbox 2195 2286 2347 2352; x_wconf 82' lang='grc' dir='ltr'>μαῖοι</span> <span class='ocrx_word' id='word_1_364' title='bbox 2407 2280 2621 2334; x_wconf 86' lang='grc' dir='ltr'>πάντων</span> <span class='ocrx_word' id='word_1_365' title='bbox 2673 2282 2797 2334; x_wconf 90' lang='grc' dir='ltr'>τότε</span> <span class='ocrx_word' id='word_1_366' title='bbox 2862 2279 3138 2353; x_wconf 80' lang='grc' dir='ltr'>ἐκράτουν,</span> <span class='ocrx_word' id='word_1_367' title='bbox 3198 2279 3327 2335; x_wconf 80' lang='grc' dir='ltr'>ἀλλ’</span> <span class='ocrx_word' id='word_1_368' title='bbox 3374 2279 3698 2349; x_wconf 82' lang='grc' dir='ltr'>Ἀθηναίους</span> <span class='ocrx_word' id='word_1_369' title='bbox 3750 2279 3825 2333; x_wconf 85' lang='grc' dir='ltr'>καὶ</span> 
     </span>
    </p>
   </div>
   <div class='ocr_carea' id='block_1_56' title="bbox 2190 2366 3824 2447">
    <p class='ocr_par' dir='ltr' id='par_1_56' title="bbox 2190 2366 3824 2447">
     <span class='ocr_line' id='line_1_56' title="bbox 2190 2366 3824 2447; baseline -0.001 -25"><span class='ocrx_word' id='word_1_370' title='bbox 2190 2366 2657 2440; x_wconf 86' lang='grc' dir='ltr'>Λακεδαιμονίους</span> <span class='ocrx_word' id='word_1_371' title='bbox 2703 2369 3041 2440; x_wconf 83' lang='grc' dir='ltr'>αὐτονόμους</span> <span class='ocrx_word' id='word_1_372' title='bbox 3084 2371 3319 2447; x_wconf 81' lang='grc' dir='ltr'>ἀφῆκαν.</span> <span class='ocrx_word' id='word_1_373' title='bbox 3368 2367 3603 2440; x_wconf 77' lang='grc' dir='ltr'>Εἴρηται</span> <span class='ocrx_word' id='word_1_374' title='bbox 3655 2366 3707 2423; x_wconf 74' lang='grc' dir='ltr'>δδ</span> <span class='ocrx_word' id='word_1_375' title='bbox 3738 2390 3824 2440; x_wconf 81' lang='grc' dir='ltr'>μυ·</span> 
     </span>
    </p>
   </div>
   <div class='ocr_carea' id='block_1_57' title="bbox 2193 2456 3815 2536">
    <p class='ocr_par' dir='ltr' id='par_1_57' title="bbox 2193 2456 3815 2536">
     <span class='ocr_line' id='line_1_57' title="bbox 2193 2456 3815 2536; baseline -0.001 -25"><span class='ocrx_word' id='word_1_376' title='bbox 2193 2463 2361 2521; x_wconf 87' lang='grc' dir='ltr'>θικῶς</span> <span class='ocrx_word' id='word_1_377' title='bbox 2392 2459 2556 2528; x_wconf 80' lang='grc' dir='ltr'>οὕτω,</span> <span class='ocrx_word' id='word_1_378' title='bbox 2613 2460 2853 2533; x_wconf 83' lang='grc' dir='ltr'>καθάπερ</span> <span class='ocrx_word' id='word_1_379' title='bbox 2892 2459 3087 2514; x_wconf 74' lang='grc' dir='ltr'>ἐκεῖνοί</span> <span class='ocrx_word' id='word_1_380' title='bbox 3147 2480 3328 2536; x_wconf 90' lang='grc' dir='ltr'>φασιν,</span> <span class='ocrx_word' id='word_1_381' title='bbox 3390 2459 3503 2513; x_wconf 83' lang='grc' dir='ltr'>ἀπὸ</span> <span class='ocrx_word' id='word_1_382' title='bbox 3554 2462 3650 2513; x_wconf 82' lang='grc' dir='ltr'>τοῦ</span> <span class='ocrx_word' id='word_1_383' title='bbox 3678 2456 3815 2528; x_wconf 83' lang='grc' dir='ltr'>δίκην</span> 
     </span>
    </p>
   </div>
   <div class='ocr_carea' id='block_1_58' title="bbox 2194 2545 3820 2622">
    <p class='ocr_par' dir='ltr' id='par_1_58' title="bbox 2194 2545 3820 2622">
     <span class='ocr_line' id='line_1_58' title="bbox 2194 2545 3820 2622; baseline -0.001 -21"><span class='ocrx_word' id='word_1_384' title='bbox 2194 2546 2244 2601; x_wconf 84' lang='grc' dir='ltr'>έν</span> <span class='ocrx_word' id='word_1_385' title='bbox 2281 2548 2429 2617; x_wconf 85' lang='grc' dir='ltr'>αὑτῷ</span> <span class='ocrx_word' id='word_1_386' title='bbox 2457 2548 2546 2601; x_wconf 80' lang='grc' dir='ltr'>τὸν</span> <span class='ocrx_word' id='word_1_387' title='bbox 2578 2545 2822 2602; x_wconf 83' lang='grc' dir='ltr'>Ποσειδῶ</span> <span class='ocrx_word' id='word_1_388' title='bbox 2877 2550 3012 2602; x_wconf 83' lang='grc' dir='ltr'>κατά</span> <span class='ocrx_word' id='word_1_389' title='bbox 3056 2552 3158 2602; x_wconf 75' lang='grc' dir='ltr'>τοῦ</span> <span class='ocrx_word' id='word_1_390' title='bbox 3192 2554 3402 2622; x_wconf 71' lang='grc' dir='ltr'>’Ἄρεως</span> <span class='ocrx_word' id='word_1_391' title='bbox 3439 2549 3716 2621; x_wconf 79' lang='grc' dir='ltr'>ὑποσχεῖν,</span> <span class='ocrx_word' id='word_1_392' title='bbox 3747 2545 3820 2600; x_wconf 78' lang='grc' dir='ltr'>ὅτι</span> 
     </span>
    </p>
   </div>
   <div class='ocr_carea' id='block_1_59' title="bbox 2189 2635 3818 2712">
    <p class='ocr_par' dir='ltr' id='par_1_59' title="bbox 2189 2635 3818 2712">
     <span class='ocr_line' id='line_1_59' title="bbox 2189 2635 3818 2712; baseline -0.001 -22"><span class='ocrx_word' id='word_1_393' title='bbox 2189 2636 2280 2690; x_wconf 88' lang='grc' dir='ltr'>τὸν</span> <span class='ocrx_word' id='word_1_394' title='bbox 2311 2636 2507 2690; x_wconf 89' lang='grc' dir='ltr'>τούτου</span> <span class='ocrx_word' id='word_1_395' title='bbox 2565 2637 2677 2691; x_wconf 81' lang='grc' dir='ltr'>υἱὸν</span> <span class='ocrx_word' id='word_1_396' title='bbox 2731 2636 3036 2691; x_wconf 67' lang='grc' dir='ltr'>ἀπέκτεινεν</span> <span class='ocrx_word' id='word_1_397' title='bbox 3088 2635 3461 2712; x_wconf 66' lang='grc' dir='ltr'>Ἁλιρρόθιον.</span> <span class='ocrx_word' id='word_1_398' title='bbox 3521 2636 3818 2711; x_wconf 85' lang='grc' dir='ltr'>Ἀγαγόντες</span> 
     </span>
    </p>
   </div>
   <div class='ocr_carea' id='block_1_60' title="bbox 2190 2722 3818 2800">
    <p class='ocr_par' dir='ltr' id='par_1_60' title="bbox 2190 2722 3818 2800">
     <span class='ocr_line' id='line_1_60' title="bbox 2190 2722 3818 2800; baseline -0.001 -21"><span class='ocrx_word' id='word_1_399' title='bbox 2190 2723 2280 2779; x_wconf 76' lang='grc' dir='ltr'>οὖν</span> <span class='ocrx_word' id='word_1_400' title='bbox 2314 2726 2477 2780; x_wconf 84' lang='grc' dir='ltr'>αὐτὸν</span> <span class='ocrx_word' id='word_1_401' title='bbox 2505 2724 2643 2798; x_wconf 74' lang='grc' dir='ltr'>(ἐπεὶ</span> <span class='ocrx_word' id='word_1_402' title='bbox 2673 2731 2768 2780; x_wconf 87' lang='grc' dir='ltr'>καῖ</span> <span class='ocrx_word' id='word_1_403' title='bbox 2814 2730 2894 2798; x_wconf 79' lang='grc' dir='ltr'>τῷ</span> <span class='ocrx_word' id='word_1_404' title='bbox 2940 2730 3047 2780; x_wconf 87' lang='grc' dir='ltr'>τῶν</span> <span class='ocrx_word' id='word_1_405' title='bbox 3094 2724 3299 2800; x_wconf 87' lang='grc' dir='ltr'>θρόνων</span> <span class='ocrx_word' id='word_1_406' title='bbox 3353 2722 3502 2798; x_wconf 74' lang='grc' dir='ltr'>ὕψει,</span> <span class='ocrx_word' id='word_1_407' title='bbox 3535 2724 3621 2780; x_wconf 70' lang='grc' dir='ltr'>καί</span> <span class='ocrx_word' id='word_1_408' title='bbox 3649 2729 3712 2798; x_wconf 79' lang='grc' dir='ltr'>τῇ</span> <span class='ocrx_word' id='word_1_409' title='bbox 3736 2745 3818 2778; x_wconf 87' lang='grc' dir='ltr'>κα-</span> 
     </span>
    </p>
   </div>
   <div class='ocr_carea' id='block_1_61' title="bbox 2186 2814 3817 2892">
    <p class='ocr_par' dir='ltr' id='par_1_61' title="bbox 2186 2814 3817 2892">
     <span class='ocr_line' id='line_1_61' title="bbox 2186 2814 3817 2892; baseline -0.001 -24"><span class='ocrx_word' id='word_1_410' title='bbox 2186 2816 2529 2889; x_wconf 76' lang='grc' dir='ltr'>ταργουμένῃ</span> <span class='ocrx_word' id='word_1_411' title='bbox 2560 2816 2723 2892; x_wconf 76' lang='grc' dir='ltr'>σοφίᾳ</span> <span class='ocrx_word' id='word_1_412' title='bbox 2767 2816 2902 2890; x_wconf 84' lang='grc' dir='ltr'>μέγα</span> <span class='ocrx_word' id='word_1_413' title='bbox 2950 2814 3234 2890; x_wconf 77' lang='grc' dir='ltr'>ἐφρόνουν,</span> <span class='ocrx_word' id='word_1_414' title='bbox 3285 2814 3375 2869; x_wconf 85' lang='grc' dir='ltr'>καὶ</span> <span class='ocrx_word' id='word_1_415' title='bbox 3408 2816 3526 2887; x_wconf 80' lang='grc' dir='ltr'>ἅμα</span> <span class='ocrx_word' id='word_1_416' title='bbox 3552 2819 3655 2869; x_wconf 91' lang='grc' dir='ltr'>τῶν</span> <span class='ocrx_word' id='word_1_417' title='bbox 3683 2834 3817 2888; x_wconf 87' lang='grc' dir='ltr'>γινο-</span> 
     </span>
    </p>
   </div>
   <div class='ocr_carea' id='block_1_62' title="bbox 2193 2902 3816 2979">
    <p class='ocr_par' dir='ltr' id='par_1_62' title="bbox 2193 2902 3816 2979">
     <span class='ocr_line' id='line_1_62' title="bbox 2193 2902 3816 2979; baseline -0.002 -22"><span class='ocrx_word' id='word_1_418' title='bbox 2193 2904 2363 2976; x_wconf 90' lang='grc' dir='ltr'>μένων</span> <span class='ocrx_word' id='word_1_419' title='bbox 2390 2904 2646 2977; x_wconf 87' lang='grc' dir='ltr'>ἀκροαταὶ</span> <span class='ocrx_word' id='word_1_420' title='bbox 2702 2903 2791 2958; x_wconf 84' lang='grc' dir='ltr'>καὶ</span> <span class='ocrx_word' id='word_1_421' title='bbox 2830 2904 3009 2978; x_wconf 84' lang='grc' dir='ltr'>κριταὶ</span> <span class='ocrx_word' id='word_1_422' title='bbox 3056 2905 3435 2979; x_wconf 79' lang='grc' dir='ltr'>προεκάθηντο</span> <span class='ocrx_word' id='word_1_423' title='bbox 3469 2922 3483 2937; x_wconf 77' lang='grc' dir='ltr'><strong>ο</strong></span> <span class='ocrx_word' id='word_1_424' title='bbox 3531 2906 3603 2957; x_wconf 86' lang='grc' dir='ltr'>ὧν</span> <span class='ocrx_word' id='word_1_425' title='bbox 3644 2906 3713 2963; x_wconf 83' lang='grc' dir='ltr'>εἷς</span> <span class='ocrx_word' id='word_1_426' title='bbox 3740 2902 3816 2956; x_wconf 83' lang='grc' dir='ltr'>καὶ</span> 
     </span>
    </p>
   </div>
   <div class='ocr_carea' id='block_1_63' title="bbox 2187 2989 3818 3067">
    <p class='ocr_par' dir='ltr' id='par_1_63' title="bbox 2187 2989 3818 3067">
     <span class='ocr_line' id='line_1_63' title="bbox 2187 2989 3818 3067; baseline -0.001 -22"><span class='ocrx_word' id='word_1_427' title='bbox 2187 2992 2464 3054; x_wconf 90' lang='grc' dir='ltr'>Διονύσιος</span> <span class='ocrx_word' id='word_1_428' title='bbox 2496 2994 2582 3064; x_wconf 80' lang='grc' dir='ltr'>ἦν,</span> <span class='ocrx_word' id='word_1_429' title='bbox 2614 2993 2708 3046; x_wconf 90' lang='grc' dir='ltr'>κάν</span> <span class='ocrx_word' id='word_1_430' title='bbox 2758 2998 2875 3054; x_wconf 84' lang='grc' dir='ltr'>τοῖς</span> <span class='ocrx_word' id='word_1_431' title='bbox 2927 2990 3116 3067; x_wconf 87' lang='grc' dir='ltr'>λόγοις</span> <span class='ocrx_word' id='word_1_432' title='bbox 3168 2993 3264 3047; x_wconf 87' lang='grc' dir='ltr'>κάν</span> <span class='ocrx_word' id='word_1_433' title='bbox 3303 2998 3423 3054; x_wconf 86' lang='grc' dir='ltr'>τοῖς</span> <span class='ocrx_word' id='word_1_434' title='bbox 3468 2989 3818 3065; x_wconf 78' lang='grc' dir='ltr'>δικαστηρίοις</span> 
     </span>
    </p>
   </div>
   <div class='ocr_carea' id='block_1_64' title="bbox 2184 3080 3816 3159">
    <p class='ocr_par' dir='ltr' id='par_1_64' title="bbox 2184 3080 3816 3159">
     <span class='ocr_line' id='line_1_64' title="bbox 2184 3080 3816 3159; baseline -0.001 -25"><span class='ocrx_word' id='word_1_435' title='bbox 2184 3081 2247 3134; x_wconf 90' lang='grc' dir='ltr'>τὸ</span> <span class='ocrx_word' id='word_1_436' title='bbox 2276 3080 2469 3135; x_wconf 84' lang='grc' dir='ltr'>πλεῖον</span> <span class='ocrx_word' id='word_1_437' title='bbox 2500 3081 2923 3159; x_wconf 86' lang='grc' dir='ltr'>ἀποφερόμενος)</span> <span class='ocrx_word' id='word_1_438' title='bbox 2958 3100 2971 3113; x_wconf 90' lang='grc'><strong>·</strong></span> <span class='ocrx_word' id='word_1_439' title='bbox 3009 3105 3036 3134; x_wconf 77' lang='grc' dir='ltr'>(ι</span> <span class='ocrx_word' id='word_1_440' title='bbox 3067 3080 3157 3143; x_wconf 92' lang='grc' dir='ltr'>Τίς</span> <span class='ocrx_word' id='word_1_441' title='bbox 3192 3083 3226 3149; x_wconf 86' lang='grc' dir='ltr'>ἡ</span> <span class='ocrx_word' id='word_1_442' title='bbox 3255 3082 3417 3149; x_wconf 84' lang='grc' dir='ltr'>καινὴ</span> <span class='ocrx_word' id='word_1_443' title='bbox 3453 3081 3584 3151; x_wconf 74' lang='grc' dir='ltr'>αὕτη</span> <span class='ocrx_word' id='word_1_444' title='bbox 3612 3081 3696 3134; x_wconf 83' lang='grc' dir='ltr'>καὶ</span> <span class='ocrx_word' id='word_1_445' title='bbox 3726 3080 3816 3133; x_wconf 80' lang='grc' dir='ltr'>ὑπὸ</span> 
     </span>
    </p>
   </div>
   <div class='ocr_carea' id='block_1_65' title="bbox 2187 3165 3819 3245">
    <p class='ocr_par' dir='ltr' id='par_1_65' title="bbox 2187 3165 3819 3245">
     <span class='ocr_line' id='line_1_65' title="bbox 2187 3165 3819 3245; baseline -0.001 -23"><span class='ocrx_word' id='word_1_446' title='bbox 2187 3174 2281 3223; x_wconf 80' lang='grc' dir='ltr'>σοῦ</span> <span class='ocrx_word' id='word_1_447' title='bbox 2310 3168 2651 3242; x_wconf 76' lang='grc' dir='ltr'>λαλουμένη,</span> <span class='ocrx_word' id='word_1_448' title='bbox 2688 3194 2709 3219; x_wconf 72' lang='grc' dir='ltr'>ιι</span> <span class='ocrx_word' id='word_1_449' title='bbox 2746 3169 2883 3244; x_wconf 90' lang='grc' dir='ltr'>πρὸς</span> <span class='ocrx_word' id='word_1_450' title='bbox 2910 3168 3002 3224; x_wconf 87' lang='grc' dir='ltr'>τὸν</span> <span class='ocrx_word' id='word_1_451' title='bbox 3034 3166 3249 3224; x_wconf 77' lang='grc' dir='ltr'>Παῦλον</span> <span class='ocrx_word' id='word_1_452' title='bbox 3284 3166 3515 3245; x_wconf 78' lang='grc' dir='ltr'>ἔφησαν,</span> <span class='ocrx_word' id='word_1_453' title='bbox 3552 3193 3579 3220; x_wconf 94' lang='grc'>‹‹</span> <span class='ocrx_word' id='word_1_454' title='bbox 3612 3165 3819 3241; x_wconf 79' lang='grc' dir='ltr'>διδαχὴ,</span> 
     </span>
    </p>
   </div>
   <div class='ocr_carea' id='block_1_66' title="bbox 422 3236 2071 3335">
    <p class='ocr_par' dir='ltr' id='par_1_66' title="bbox 422 3236 2068 3333">
     <span class='ocr_line' id='line_1_66' title="bbox 422 3236 2068 3333; baseline -0.007 -16"><span class='ocrx_word' id='word_1_455' title='bbox 422 3236 959 3333; x_wconf 44' lang='lat' dir='ltr'>Dionysium-cujus</span> <span class='ocrx_word' id='word_1_456' title='bbox 990 3262 1046 3313; x_wconf 91' lang='lat' dir='ltr'>et</span> <span class='ocrx_word' id='word_1_457' title='bbox 1075 3257 1133 3310; x_wconf 91' lang='lat' dir='ltr'>in</span> <span class='ocrx_word' id='word_1_458' title='bbox 1169 3255 1437 3321; x_wconf 86' lang='lat' dir='ltr'>dicendo,</span> <span class='ocrx_word' id='word_1_459' title='bbox 1470 3258 1527 3309; x_wconf 88' lang='lat' dir='ltr'>et</span> <span class='ocrx_word' id='word_1_460' title='bbox 1567 3252 1889 3324; x_wconf 85' lang='lat' dir='ltr'>judicando</span> <span class='ocrx_word' id='word_1_461' title='bbox 1926 3269 2068 3324; x_wconf 82' lang='lat' dir='ltr'>prae-</span> 
     </span>
    </p>
   </div>
   <div class='ocr_carea' id='block_1_67' title="bbox 2184 3236 3816 3335">
    <p class='ocr_par' dir='ltr' id='par_1_67' title="bbox 2184 3236 3816 3335">
     <span class='ocr_line' id='line_1_67' title="bbox 2184 3236 3816 3335; baseline -0.002 -23"><span class='ocrx_word' id='word_1_462' title='bbox 2184 3257 2273 3312; x_wconf 84' lang='grc' dir='ltr'>καὶ</span> <span class='ocrx_word' id='word_1_463' title='bbox 2303 3258 2371 3312; x_wconf 80' lang='grc' dir='ltr'>τὰ</span> <span class='ocrx_word' id='word_1_464' title='bbox 2393 3260 2531 3333; x_wconf 84' lang='grc' dir='ltr'>σοφά</span> <span class='ocrx_word' id='word_1_465' title='bbox 2583 3259 2669 3313; x_wconf 82' lang='grc' dir='ltr'>καὶ</span> <span class='ocrx_word' id='word_1_466' title='bbox 2716 3258 3144 3334; x_wconf 90' lang='grc' dir='ltr'>περινενοημένα</span> <span class='ocrx_word' id='word_1_467' title='bbox 3188 3236 3501 3335; x_wconf 81' lang='grc' dir='ltr'>σοφίσματα</span> <span class='ocrx_word' id='word_1_468' title='bbox 3533 3276 3547 3327; x_wconf 88' lang='lat'><strong>;</strong></span> <span class='ocrx_word' id='word_1_469' title='bbox 3578 3256 3665 3312; x_wconf 85' lang='grc' dir='ltr'>καὶ</span> <span class='ocrx_word' id='word_1_470' title='bbox 3794 3256 3816 3309; x_wconf 86' lang='grc' dir='ltr'>ὁ</span> 
     </span>
    </p>
   </div>
   <div class='ocr_carea' id='block_1_68' title="bbox 422 3342 2071 3422">
    <p class='ocr_par' dir='ltr' id='par_1_68' title="bbox 422 3342 2071 3422">
     <span class='ocr_line' id='line_1_68' title="bbox 422 3342 2071 3422; baseline -0.007 -17"><span class='ocrx_word' id='word_1_471' title='bbox 422 3351 606 3422; x_wconf 73' lang='lat' dir='ltr'>cipuaa</span> <span class='ocrx_word' id='word_1_472' title='bbox 638 3354 805 3404; x_wconf 90' lang='lat' dir='ltr'>erant</span> <span class='ocrx_word' id='word_1_473' title='bbox 836 3350 1055 3420; x_wconf 89' lang='lat' dir='ltr'>partes:</span> <span class='ocrx_word' id='word_1_474' title='bbox 1091 3366 1119 3395; x_wconf 82' lang='lat'><strong><em>«</em></strong></span> <span class='ocrx_word' id='word_1_475' title='bbox 1143 3345 1416 3408; x_wconf 68' lang='lat' dir='ltr'>Quanam</span> <span class='ocrx_word' id='word_1_476' title='bbox 1444 3346 1533 3397; x_wconf 90' lang='lat' dir='ltr'>est</span> <span class='ocrx_word' id='word_1_477' title='bbox 1554 3342 1674 3396; x_wconf 71' lang='lat' dir='ltr'>haec</span> <span class='ocrx_word' id='word_1_478' title='bbox 1696 3359 1864 3406; x_wconf 90' lang='lat' dir='ltr'>nova,</span> <span class='ocrx_word' id='word_1_479' title='bbox 1889 3357 2016 3411; x_wconf 85' lang='lat' dir='ltr'>quae</span> <span class='ocrx_word' id='word_1_480' title='bbox 2038 3357 2071 3395; x_wconf 91' lang='lat' dir='ltr'>a</span> 
     </span>
    </p>
   </div>
   <div class='ocr_carea' id='block_1_69' title="bbox 422 3431 2069 3508">
    <p class='ocr_par' dir='ltr' id='par_1_69' title="bbox 422 3431 2069 3508">
     <span class='ocr_line' id='line_1_69' title="bbox 422 3431 2069 3508; baseline -0.007 -13"><span class='ocrx_word' id='word_1_481' title='bbox 422 3444 478 3496; x_wconf 89' lang='lat' dir='ltr'>te</span> <span class='ocrx_word' id='word_1_482' title='bbox 500 3437 1025 3508; x_wconf 84' lang='lat' dir='ltr'>dicitur,doctrina,</span> <span class='ocrx_word' id='word_1_483' title='bbox 1044 3456 1070 3483; x_wconf 83' lang='lat'>»</span> <span class='ocrx_word' id='word_1_484' title='bbox 1096 3433 1273 3488; x_wconf 92' lang='lat' dir='ltr'>Paulo</span> <span class='ocrx_word' id='word_1_485' title='bbox 1295 3433 1584 3498; x_wconf 80' lang='lat' dir='ltr'>dixerunt,</span> <span class='ocrx_word' id='word_1_486' title='bbox 1611 3453 1637 3479; x_wconf 89' lang='grc'>‹‹</span> <span class='ocrx_word' id='word_1_487' title='bbox 1664 3431 2069 3502; x_wconf 89' lang='lat' dir='ltr'>sapientiaque</span> 
     </span>
    </p>
   </div>
   <div class='ocr_carea' id='block_1_70' title="bbox 424 3519 2064 3600">
    <p class='ocr_par' dir='ltr' id='par_1_70' title="bbox 424 3519 2064 3600">
     <span class='ocr_line' id='line_1_70' title="bbox 424 3519 2064 3600; baseline -0.009 -14"><span class='ocrx_word' id='word_1_488' title='bbox 424 3533 481 3586; x_wconf 91' lang='lat' dir='ltr'>et</span> <span class='ocrx_word' id='word_1_489' title='bbox 503 3528 805 3600; x_wconf 87' lang='lat' dir='ltr'>ingeniosa</span> <span class='ocrx_word' id='word_1_490' title='bbox 828 3524 1155 3581; x_wconf 82' lang='lat' dir='ltr'>decreta?et</span> <span class='ocrx_word' id='word_1_491' title='bbox 1176 3522 1306 3592; x_wconf 92' lang='lat' dir='ltr'>quis</span> <span class='ocrx_word' id='word_1_492' title='bbox 1329 3526 1417 3576; x_wconf 92' lang='lat' dir='ltr'>est</span> <span class='ocrx_word' id='word_1_493' title='bbox 1435 3521 1609 3575; x_wconf 87' lang='lat' dir='ltr'>Jesus</span> <span class='ocrx_word' id='word_1_494' title='bbox 1637 3522 1783 3575; x_wconf 89' lang='lat' dir='ltr'>Deus</span> <span class='ocrx_word' id='word_1_495' title='bbox 1797 3519 2064 3589; x_wconf 90' lang='lat' dir='ltr'>ethomo,</span> 
     </span>
    </p>
   </div>
   <div class='ocr_carea' id='block_1_71' title="bbox 423 3609 2069 3689">
    <p class='ocr_par' dir='ltr' id='par_1_71' title="bbox 423 3609 2069 3689">
     <span class='ocr_line' id='line_1_71' title="bbox 423 3609 2069 3689; baseline -0.007 -15"><span class='ocrx_word' id='word_1_496' title='bbox 423 3623 481 3675; x_wconf 88' lang='lat' dir='ltr'>et</span> <span class='ocrx_word' id='word_1_497' title='bbox 508 3619 567 3673; x_wconf 88' lang='lat' dir='ltr'>in</span> <span class='ocrx_word' id='word_1_498' title='bbox 598 3617 756 3689; x_wconf 87' lang='lat' dir='ltr'>ligno</span> <span class='ocrx_word' id='word_1_499' title='bbox 787 3616 915 3669; x_wconf 76' lang='lat' dir='ltr'>vita:</span> <span class='ocrx_word' id='word_1_500' title='bbox 945 3615 1114 3668; x_wconf 89' lang='lat' dir='ltr'>dator</span> <span class='ocrx_word' id='word_1_501' title='bbox 1137 3617 1194 3667; x_wconf 85' lang='lat' dir='ltr'>et</span> <span class='ocrx_word' id='word_1_502' title='bbox 1214 3611 1421 3681; x_wconf 84' lang='lat' dir='ltr'>judex,</span> <span class='ocrx_word' id='word_1_503' title='bbox 1444 3627 1476 3663; x_wconf 88' lang='lat' dir='ltr'>a</span> <span class='ocrx_word' id='word_1_504' title='bbox 1497 3626 1611 3679; x_wconf 94' lang='lat' dir='ltr'>quo</span> <span class='ocrx_word' id='word_1_505' title='bbox 1635 3610 1691 3664; x_wconf 90' lang='lat' dir='ltr'>in</span> <span class='ocrx_word' id='word_1_506' title='bbox 1715 3609 1809 3678; x_wconf 77' lang='lat' dir='ltr'>ius</span> <span class='ocrx_word' id='word_1_507' title='bbox 1830 3613 2069 3663; x_wconf 88' lang='lat' dir='ltr'>vocatur</span> 
     </span>
    </p>
   </div>
   <div class='ocr_carea' id='block_1_72' title="bbox 417 3697 2065 3779">
    <p class='ocr_par' dir='ltr' id='par_1_72' title="bbox 417 3697 2065 3779">
     <span class='ocr_line' id='line_1_72' title="bbox 417 3697 2065 3779; baseline -0.005 -17"><span class='ocrx_word' id='word_1_508' title='bbox 417 3707 665 3779; x_wconf 87' lang='lat' dir='ltr'>quilibet</span> <span class='ocrx_word' id='word_1_509' title='bbox 696 3704 1033 3760; x_wconf 83' lang='lat' dir='ltr'>redditurus</span> <span class='ocrx_word' id='word_1_510' title='bbox 1065 3699 1393 3756; x_wconf 86' lang='lat' dir='ltr'>rationem?</span> <span class='ocrx_word' id='word_1_511' title='bbox 1421 3698 1694 3762; x_wconf 58' lang='lat' dir='ltr'>Quadam</span> <span class='ocrx_word' id='word_1_512' title='bbox 1728 3697 1885 3752; x_wconf 91' lang='lat' dir='ltr'>enim</span> <span class='ocrx_word' id='word_1_513' title='bbox 1919 3715 2065 3753; x_wconf 88' lang='lat' dir='ltr'>nova</span> 
     </span>
    </p>
   </div>
   <div class='ocr_carea' id='block_1_73' title="bbox 415 3786 2063 3858">
    <p class='ocr_par' dir='ltr' id='par_1_73' title="bbox 415 3786 2063 3858">
     <span class='ocr_line' id='line_1_73' title="bbox 415 3786 2063 3858; baseline -0.007 -6"><span class='ocrx_word' id='word_1_514' title='bbox 415 3802 472 3852; x_wconf 91' lang='lat' dir='ltr'>et</span> <span class='ocrx_word' id='word_1_515' title='bbox 502 3794 694 3850; x_wconf 89' lang='lat' dir='ltr'>aliena</span> <span class='ocrx_word' id='word_1_516' title='bbox 724 3793 915 3847; x_wconf 78' lang='lat' dir='ltr'>defers</span> <span class='ocrx_word' id='word_1_517' title='bbox 968 3792 1039 3846; x_wconf 90' lang='lat' dir='ltr'>ad</span> <span class='ocrx_word' id='word_1_518' title='bbox 1090 3805 1263 3843; x_wconf 91' lang='lat' dir='ltr'>aures</span> <span class='ocrx_word' id='word_1_519' title='bbox 1307 3792 1558 3842; x_wconf 89' lang='lat' dir='ltr'>nostras.</span> <span class='ocrx_word' id='word_1_520' title='bbox 1592 3786 1879 3842; x_wconf 85' lang='lat' dir='ltr'>Volumus</span> <span class='ocrx_word' id='word_1_521' title='bbox 1927 3803 2063 3858; x_wconf 90' lang='lat' dir='ltr'>ergo</span> 
     </span>
    </p>
   </div>
   <div class='ocr_carea' id='block_1_74' title="bbox 410 3872 2063 3953">
    <p class='ocr_par' dir='ltr' id='par_1_74' title="bbox 410 3872 2063 3953">
     <span class='ocr_line' id='line_1_74' title="bbox 410 3872 2063 3953; baseline -0.005 -16"><span class='ocrx_word' id='word_1_522' title='bbox 410 3883 581 3948; x_wconf 85' lang='lat' dir='ltr'>scire,</span> <span class='ocrx_word' id='word_1_523' title='bbox 617 3882 757 3953; x_wconf 91' lang='lat' dir='ltr'>quid</span> <span class='ocrx_word' id='word_1_524' title='bbox 797 3880 912 3933; x_wconf 73' lang='lat' dir='ltr'>hzec</span> <span class='ocrx_word' id='word_1_525' title='bbox 944 3878 1057 3933; x_wconf 90' lang='lat' dir='ltr'>sibi</span> <span class='ocrx_word' id='word_1_526' title='bbox 1088 3876 1307 3942; x_wconf 92' lang='lat' dir='ltr'>volunt,</span> <span class='ocrx_word' id='word_1_527' title='bbox 1341 3880 1398 3929; x_wconf 90' lang='lat' dir='ltr'>et</span> <span class='ocrx_word' id='word_1_528' title='bbox 1446 3891 1559 3945; x_wconf 92' lang='lat' dir='ltr'>quo</span> <span class='ocrx_word' id='word_1_529' title='bbox 1608 3875 1876 3927; x_wconf 90' lang='lat' dir='ltr'>tendunt.</span> <span class='ocrx_word' id='word_1_530' title='bbox 1904 3896 1929 3921; x_wconf 90' lang='grc'><strong>››</strong></span> <span class='ocrx_word' id='word_1_531' title='bbox 1962 3872 2063 3928; x_wconf 84' lang='lat' dir='ltr'>Ille</span> 
     </span>
    </p>
   </div>
   <div class='ocr_carea' id='block_1_75' title="bbox 410 3964 2059 4038">
    <p class='ocr_par' dir='ltr' id='par_1_75' title="bbox 410 3964 2059 4038">
     <span class='ocr_line' id='line_1_75' title="bbox 410 3964 2059 4038; baseline -0.007 -8"><span class='ocrx_word' id='word_1_532' title='bbox 410 3978 604 4030; x_wconf 87' lang='lat' dir='ltr'>autem</span> <span class='ocrx_word' id='word_1_533' title='bbox 631 3990 722 4028; x_wconf 92' lang='lat' dir='ltr'>res</span> <span class='ocrx_word' id='word_1_534' title='bbox 743 3986 943 4027; x_wconf 91' lang='lat' dir='ltr'>eorum</span> <span class='ocrx_word' id='word_1_535' title='bbox 969 3970 1123 4025; x_wconf 71' lang='lat'>344</span> <span class='ocrx_word' id='word_1_536' title='bbox 1147 3967 1401 4038; x_wconf 89' lang='lat' dir='ltr'>primum</span> <span class='ocrx_word' id='word_1_537' title='bbox 1424 3964 1708 4019; x_wconf 81' lang='lat' dir='ltr'>extollens</span> <span class='ocrx_word' id='word_1_538' title='bbox 1723 3964 2059 4028; x_wconf 85' lang='lat' dir='ltr'>etlaudans,</span> 
     </span>
    </p>
   </div>
   <div class='ocr_carea' id='block_1_76' title="bbox 410 4053 2058 4124">
    <p class='ocr_par' dir='ltr' id='par_1_76' title="bbox 410 4053 2058 4124">
     <span class='ocr_line' id='line_1_76' title="bbox 410 4053 2058 4124; baseline -0.007 -5"><span class='ocrx_word' id='word_1_539' title='bbox 410 4080 483 4120; x_wconf 89' lang='lat' dir='ltr'>ne</span> <span class='ocrx_word' id='word_1_540' title='bbox 506 4062 756 4118; x_wconf 89' lang='lat' dir='ltr'>insuetis</span> <span class='ocrx_word' id='word_1_541' title='bbox 778 4065 835 4116; x_wconf 93' lang='lat' dir='ltr'>et</span> <span class='ocrx_word' id='word_1_542' title='bbox 858 4058 1065 4114; x_wconf 89' lang='lat' dir='ltr'>alienis</span> <span class='ocrx_word' id='word_1_543' title='bbox 1088 4058 1280 4113; x_wconf 90' lang='lat' dir='ltr'>verbis</span> <span class='ocrx_word' id='word_1_544' title='bbox 1302 4054 1858 4124; x_wconf 85' lang='lat' dir='ltr'>irritarentur(iram</span> <span class='ocrx_word' id='word_1_545' title='bbox 1880 4053 2058 4119; x_wconf 89' lang='lat' dir='ltr'>enim,</span> 
     </span>
    </p>
   </div>
   <div class='ocr_carea' id='block_1_77' title="bbox 410 4142 2059 4222">
    <p class='ocr_par' dir='ltr' id='par_1_77' title="bbox 410 4142 2059 4222">
     <span class='ocr_line' id='line_1_77' title="bbox 410 4142 2059 4222; baseline -0.008 -13"><span class='ocrx_word' id='word_1_546' title='bbox 410 4152 493 4209; x_wconf 90' lang='lat' dir='ltr'>ait</span> <span class='ocrx_word' id='word_1_547' title='bbox 525 4152 645 4222; x_wconf 91' lang='lat' dir='ltr'>ille,</span> <span class='ocrx_word' id='word_1_548' title='bbox 676 4150 885 4206; x_wconf 88' lang='lat' dir='ltr'>avertit</span> <span class='ocrx_word' id='word_1_549' title='bbox 915 4165 976 4204; x_wconf 90' lang='lat' dir='ltr'>se</span> <span class='ocrx_word' id='word_1_550' title='bbox 1005 4146 1362 4202; x_wconf 88' lang='lat' dir='ltr'>submittens</span> <span class='ocrx_word' id='word_1_551' title='bbox 1396 4144 1698 4215; x_wconf 89' lang='lat' dir='ltr'>responsio</span> <span class='ocrx_word' id='word_1_552' title='bbox 1721 4142 1830 4211; x_wconf 88' lang='lat' dir='ltr'>(h):</span> <span class='ocrx_word' id='word_1_553' title='bbox 1886 4142 2059 4196; x_wconf 85' lang='lat' dir='ltr'>«Viri</span> 
     </span>
    </p>
   </div>
   <div class='ocr_carea' id='block_1_78' title="bbox 406 4233 2059 4313">
    <p class='ocr_par' dir='ltr' id='par_1_78' title="bbox 406 4233 2059 4313">
     <span class='ocr_line' id='line_1_78' title="bbox 406 4233 2059 4313; baseline -0.007 -16"><span class='ocrx_word' id='word_1_554' title='bbox 406 4242 621 4313; x_wconf 89' lang='lat' dir='ltr'>inquit,</span> <span class='ocrx_word' id='word_1_555' title='bbox 666 4239 1077 4302; x_wconf 85' lang='lat' dir='ltr'>Athenienses,</span> <span class='ocrx_word' id='word_1_556' title='bbox 1109 4237 1180 4291; x_wconf 89' lang='lat' dir='ltr'>de</span> <span class='ocrx_word' id='word_1_557' title='bbox 1212 4235 1283 4290; x_wconf 91' lang='lat' dir='ltr'>iis</span> <span class='ocrx_word' id='word_1_558' title='bbox 1315 4252 1441 4305; x_wconf 73' lang='lat' dir='ltr'>quas</span> <span class='ocrx_word' id='word_1_559' title='bbox 1474 4233 1867 4305; x_wconf 75' lang='lat' dir='ltr'>interrogatis,</span> <span class='ocrx_word' id='word_1_560' title='bbox 1902 4237 2059 4304; x_wconf 86' lang='lat' dir='ltr'>post-</span> 
     </span>
    </p>
   </div>
   <div class='ocr_carea' id='block_1_79' title="bbox 405 4325 2061 4393">
    <p class='ocr_par' dir='ltr' id='par_1_79' title="bbox 405 4325 2061 4393">
     <span class='ocr_line' id='line_1_79' title="bbox 405 4325 2061 4393; baseline -0.007 -6"><span class='ocrx_word' id='word_1_561' title='bbox 405 4332 647 4387; x_wconf 92' lang='lat' dir='ltr'>modum</span> <span class='ocrx_word' id='word_1_562' title='bbox 680 4329 726 4384; x_wconf 89' lang='lat' dir='ltr'>si</span> <span class='ocrx_word' id='word_1_563' title='bbox 766 4330 849 4384; x_wconf 90' lang='lat' dir='ltr'>ita</span> <span class='ocrx_word' id='word_1_564' title='bbox 882 4328 1173 4382; x_wconf 82' lang='lat' dir='ltr'>videbitur</span> <span class='ocrx_word' id='word_1_565' title='bbox 1203 4325 1527 4378; x_wconf 87' lang='lat' dir='ltr'>disseram:</span> <span class='ocrx_word' id='word_1_566' title='bbox 1564 4340 1719 4377; x_wconf 86' lang='lat' dir='ltr'>nunc</span> <span class='ocrx_word' id='word_1_567' title='bbox 1739 4328 1930 4377; x_wconf 89' lang='lat' dir='ltr'>autem</span> <span class='ocrx_word' id='word_1_568' title='bbox 1960 4339 2061 4393; x_wconf 92' lang='lat' dir='ltr'>per</span> 
     </span>
    </p>
   </div>
   <div class='ocr_carea' id='block_1_80' title="bbox 404 4412 2057 4491">
    <p class='ocr_par' dir='ltr' id='par_1_80' title="bbox 404 4412 2057 4491">
     <span class='ocr_line' id='line_1_80' title="bbox 404 4412 2057 4491; baseline -0.007 -15"><span class='ocrx_word' id='word_1_569' title='bbox 404 4420 600 4477; x_wconf 89' lang='lat' dir='ltr'>omnia</span> <span class='ocrx_word' id='word_1_570' title='bbox 634 4418 803 4491; x_wconf 91' lang='lat' dir='ltr'>quasi</span> <span class='ocrx_word' id='word_1_571' title='bbox 835 4414 1366 4487; x_wconf 86' lang='lat' dir='ltr'>superstitiosiores</span> <span class='ocrx_word' id='word_1_572' title='bbox 1395 4429 1498 4467; x_wconf 84' lang='lat' dir='ltr'>vos</span> <span class='ocrx_word' id='word_1_573' title='bbox 1530 4412 1715 4467; x_wconf 90' lang='lat' dir='ltr'>video.</span> <span class='ocrx_word' id='word_1_574' title='bbox 1737 4412 2057 4466; x_wconf 85' lang='lat' dir='ltr'>Transiens</span> 
     </span>
    </p>
   </div>
   <div class='ocr_carea' id='block_1_81' title="bbox 404 4500 2052 4577">
    <p class='ocr_par' dir='ltr' id='par_1_81' title="bbox 404 4500 2052 4577">
     <span class='ocr_line' id='line_1_81' title="bbox 404 4500 2052 4577; baseline -0.007 -12"><span class='ocrx_word' id='word_1_575' title='bbox 404 4511 585 4574; x_wconf 87' lang='lat' dir='ltr'>enim,</span> <span class='ocrx_word' id='word_1_576' title='bbox 631 4513 689 4563; x_wconf 88' lang='lat' dir='ltr'>et</span> <span class='ocrx_word' id='word_1_577' title='bbox 737 4508 1031 4577; x_wconf 89' lang='lat' dir='ltr'>aspiciens</span> <span class='ocrx_word' id='word_1_578' title='bbox 1082 4520 1151 4558; x_wconf 89' lang='lat' dir='ltr'>ea</span> <span class='ocrx_word' id='word_1_579' title='bbox 1195 4519 1322 4573; x_wconf 73' lang='lat' dir='ltr'>quaa</span> <span class='ocrx_word' id='word_1_580' title='bbox 1374 4500 1585 4566; x_wconf 88' lang='lat' dir='ltr'>colitis,</span> <span class='ocrx_word' id='word_1_581' title='bbox 1637 4501 1827 4554; x_wconf 87' lang='lat' dir='ltr'>inveni</span> <span class='ocrx_word' id='word_1_582' title='bbox 1880 4500 2052 4555; x_wconf 90' lang='lat' dir='ltr'>etiam</span> 
     </span>
    </p>
   </div>
   <div class='ocr_carea' id='block_1_82' title="bbox 2178 3344 3816 3419">
    <p class='ocr_par' dir='ltr' id='par_1_82' title="bbox 2178 3344 3816 3419">
     <span class='ocr_line' id='line_1_82' title="bbox 2178 3344 3816 3419; baseline -0.002 -18"><span class='ocrx_word' id='word_1_583' title='bbox 2178 3348 2522 3419; x_wconf 86' lang='grc' dir='ltr'>θεάνθρωπος</span> <span class='ocrx_word' id='word_1_584' title='bbox 2565 3349 2816 3415; x_wconf 74' lang='grc' dir='ltr'>Ἰησοῦς;</span> <span class='ocrx_word' id='word_1_585' title='bbox 2862 3347 2951 3402; x_wconf 82' lang='grc' dir='ltr'>καὶ</span> <span class='ocrx_word' id='word_1_586' title='bbox 3001 3348 3029 3401; x_wconf 83' lang='grc' dir='ltr'><strong>ὁ</strong></span> <span class='ocrx_word' id='word_1_587' title='bbox 3079 3346 3165 3400; x_wconf 72' lang='grc' dir='ltr'>ἰπὶ</span> <span class='ocrx_word' id='word_1_588' title='bbox 3216 3345 3380 3416; x_wconf 81' lang='grc' dir='ltr'>ξύλου</span> <span class='ocrx_word' id='word_1_589' title='bbox 3439 3344 3705 3415; x_wconf 84' lang='grc' dir='ltr'>ζωοδότης</span> <span class='ocrx_word' id='word_1_590' title='bbox 3738 3344 3816 3400; x_wconf 77' lang='grc' dir='ltr'>καὶ</span> 
     </span>
    </p>
   </div>
   <div class='ocr_carea' id='block_1_83' title="bbox 2177 3432 3814 3509">
    <p class='ocr_par' dir='ltr' id='par_1_83' title="bbox 2177 3432 3814 3509">
     <span class='ocr_line' id='line_1_83' title="bbox 2177 3432 3814 3509; baseline -0.001 -21"><span class='ocrx_word' id='word_1_591' title='bbox 2177 3438 2368 3509; x_wconf 81' lang='grc' dir='ltr'>κριτής</span> <span class='ocrx_word' id='word_1_592' title='bbox 2402 3436 2763 3509; x_wconf 84' lang='grc' dir='ltr'>εὐθυνόμενος</span> <span class='ocrx_word' id='word_1_593' title='bbox 2814 3457 2829 3504; x_wconf 76' lang='grc' dir='ltr'>ς</span> <span class='ocrx_word' id='word_1_594' title='bbox 2882 3435 3158 3506; x_wconf 87' lang='grc' dir='ltr'>ξενίζοντα</span> <span class='ocrx_word' id='word_1_595' title='bbox 3213 3437 3313 3509; x_wconf 75' lang='grc' dir='ltr'>γάρ</span> <span class='ocrx_word' id='word_1_596' title='bbox 3371 3456 3497 3490; x_wconf 86' lang='grc' dir='ltr'>τινα</span> <span class='ocrx_word' id='word_1_597' title='bbox 3553 3435 3721 3509; x_wconf 83' lang='grc' dir='ltr'>φέρεις</span> <span class='ocrx_word' id='word_1_598' title='bbox 3747 3432 3814 3492; x_wconf 83' lang='grc' dir='ltr'>εἷς</span> 
     </span>
    </p>
   </div>
   <div class='ocr_carea' id='block_1_84' title="bbox 2173 3520 3815 3598">
    <p class='ocr_par' dir='ltr' id='par_1_84' title="bbox 2173 3520 3815 3598">
     <span class='ocr_line' id='line_1_84' title="bbox 2173 3520 3815 3598; baseline -0.002 -20"><span class='ocrx_word' id='word_1_599' title='bbox 2173 3530 2269 3586; x_wconf 72' lang='grc' dir='ltr'>τὰς</span> <span class='ocrx_word' id='word_1_600' title='bbox 2301 3525 2463 3587; x_wconf 71' lang='grc' dir='ltr'>ἀκοὰς</span> <span class='ocrx_word' id='word_1_601' title='bbox 2500 3529 2678 3597; x_wconf 79' lang='grc' dir='ltr'>ἡμῶν·</span> <span class='ocrx_word' id='word_1_602' title='bbox 2747 3524 3072 3597; x_wconf 87' lang='grc' dir='ltr'>Βουλόμεθα</span> <span class='ocrx_word' id='word_1_603' title='bbox 3124 3522 3214 3579; x_wconf 77' lang='grc' dir='ltr'>οὖν</span> <span class='ocrx_word' id='word_1_604' title='bbox 3259 3528 3490 3598; x_wconf 87' lang='grc' dir='ltr'>γνῶναι,</span> <span class='ocrx_word' id='word_1_605' title='bbox 3543 3525 3593 3579; x_wconf 88' lang='grc' dir='ltr'>τί</span> <span class='ocrx_word' id='word_1_606' title='bbox 3626 3524 3679 3578; x_wconf 75' lang='grc' dir='ltr'>ἃν</span> <span class='ocrx_word' id='word_1_607' title='bbox 3710 3520 3815 3597; x_wconf 87' lang='grc' dir='ltr'>βού-</span> 
     </span>
    </p>
   </div>
   <div class='ocr_carea' id='block_1_85' title="bbox 2176 3611 3803 3690">
    <p class='ocr_par' dir='ltr' id='par_1_85' title="bbox 2176 3611 3803 3690">
     <span class='ocr_line' id='line_1_85' title="bbox 2176 3611 3803 3690; baseline -0.002 -23"><span class='ocrx_word' id='word_1_608' title='bbox 2176 3611 2333 3668; x_wconf 91' lang='grc' dir='ltr'>λοιτο</span> <span class='ocrx_word' id='word_1_609' title='bbox 2362 3619 2548 3683; x_wconf 71' lang='grc' dir='ltr'>ταῦτα,</span> <span class='ocrx_word' id='word_1_610' title='bbox 2580 3615 2668 3669; x_wconf 84' lang='grc' dir='ltr'>καὶ</span> <span class='ocrx_word' id='word_1_611' title='bbox 2700 3616 2835 3689; x_wconf 88' lang='grc' dir='ltr'>πρὸς</span> <span class='ocrx_word' id='word_1_612' title='bbox 2867 3615 2894 3669; x_wconf 82' lang='grc' dir='ltr'>ὃ</span> <span class='ocrx_word' id='word_1_613' title='bbox 2929 3616 3172 3690; x_wconf 83' lang='grc' dir='ltr'>φέρουσι.</span> <span class='ocrx_word' id='word_1_614' title='bbox 3209 3638 3234 3664; x_wconf 86' lang='grc'><strong>››</strong></span> <span class='ocrx_word' id='word_1_615' title='bbox 3277 3614 3375 3669; x_wconf 85' lang='grc' dir='ltr'>Καὶ</span> <span class='ocrx_word' id='word_1_616' title='bbox 3410 3614 3494 3680; x_wconf 81' lang='grc' dir='ltr'>ὃς,</span> <span class='ocrx_word' id='word_1_617' title='bbox 3525 3614 3586 3667; x_wconf 83' lang='grc' dir='ltr'>τὸ</span> <span class='ocrx_word' id='word_1_618' title='bbox 3608 3618 3803 3688; x_wconf 88' lang='grc' dir='ltr'>πρῶτον</span> 
     </span>
    </p>
   </div>
   <div class='ocr_carea' id='block_1_86' title="bbox 2176 3699 3808 3777">
    <p class='ocr_par' dir='ltr' id='par_1_86' title="bbox 2176 3699 3808 3777">
     <span class='ocr_line' id='line_1_86' title="bbox 2176 3699 3808 3777; baseline -0.003 -20"><span class='ocrx_word' id='word_1_619' title='bbox 2176 3701 2410 3777; x_wconf 75' lang='grc' dir='ltr'>ἐπαίρων</span> <span class='ocrx_word' id='word_1_620' title='bbox 2443 3724 2501 3757; x_wconf 89' lang='grc' dir='ltr'>τε</span> <span class='ocrx_word' id='word_1_621' title='bbox 2531 3702 2642 3775; x_wconf 80' lang='grc' dir='ltr'>ἅμα</span> <span class='ocrx_word' id='word_1_622' title='bbox 2684 3702 2751 3757; x_wconf 76' lang='grc' dir='ltr'>τὰ</span> <span class='ocrx_word' id='word_1_623' title='bbox 2798 3701 3013 3756; x_wconf 79' lang='grc' dir='ltr'>ἐκείνων</span> <span class='ocrx_word' id='word_1_624' title='bbox 3063 3701 3155 3755; x_wconf 88' lang='grc' dir='ltr'>καὶ</span> <span class='ocrx_word' id='word_1_625' title='bbox 3197 3699 3267 3755; x_wconf 85' lang='grc' dir='ltr'>δι’</span> <span class='ocrx_word' id='word_1_626' title='bbox 3301 3700 3523 3756; x_wconf 82' lang='grc' dir='ltr'>ἐπαίνου</span> <span class='ocrx_word' id='word_1_627' title='bbox 3553 3703 3808 3773; x_wconf 73' lang='grc' dir='ltr'>τιθέμενος</span> 
     </span>
    </p>
   </div>
   <div class='ocr_carea' id='block_1_87' title="bbox 2174 3791 3813 3865">
    <p class='ocr_par' dir='ltr' id='par_1_87' title="bbox 2174 3791 3813 3865">
     <span class='ocr_line' id='line_1_87' title="bbox 2174 3791 3813 3865; baseline -0.004 -18"><span class='ocrx_word' id='word_1_628' title='bbox 2174 3793 2285 3847; x_wconf 78' lang='grc' dir='ltr'>οἷον</span> <span class='ocrx_word' id='word_1_629' title='bbox 2333 3793 2494 3860; x_wconf 82' lang='grc' dir='ltr'>εἰκὸς,</span> <span class='ocrx_word' id='word_1_630' title='bbox 2540 3791 2631 3846; x_wconf 66' lang='grc' dir='ltr'>’ίνα</span> <span class='ocrx_word' id='word_1_631' title='bbox 2660 3794 2736 3865; x_wconf 74' lang='grc' dir='ltr'>μὴ</span> <span class='ocrx_word' id='word_1_632' title='bbox 2768 3797 2889 3853; x_wconf 87' lang='grc' dir='ltr'>τοῖς</span> <span class='ocrx_word' id='word_1_633' title='bbox 2920 3791 3109 3861; x_wconf 75' lang='grc' dir='ltr'>ἀήθεσι</span> <span class='ocrx_word' id='word_1_634' title='bbox 3141 3792 3231 3844; x_wconf 84' lang='grc' dir='ltr'>καὶ</span> <span class='ocrx_word' id='word_1_635' title='bbox 3264 3793 3438 3862; x_wconf 80' lang='grc' dir='ltr'>ξένοις</span> <span class='ocrx_word' id='word_1_636' title='bbox 3463 3791 3650 3864; x_wconf 88' lang='grc' dir='ltr'>λόγοις</span> <span class='ocrx_word' id='word_1_637' title='bbox 3701 3808 3813 3863; x_wconf 87' lang='grc' dir='ltr'>τρα-</span> 
     </span>
    </p>
   </div>
   <div class='ocr_carea' id='block_1_88' title="bbox 2176 3878 3809 3956">
    <p class='ocr_par' dir='ltr' id='par_1_88' title="bbox 2176 3878 3809 3956">
     <span class='ocr_line' id='line_1_88' title="bbox 2176 3878 3809 3956; baseline -0.002 -23"><span class='ocrx_word' id='word_1_638' title='bbox 2176 3881 2430 3955; x_wconf 82' lang='grc' dir='ltr'>χύνοιντο</span> <span class='ocrx_word' id='word_1_639' title='bbox 2487 3883 2683 3953; x_wconf 80' lang='grc' dir='ltr'>(θυμὸν</span> <span class='ocrx_word' id='word_1_640' title='bbox 2722 3879 2823 3955; x_wconf 85' lang='grc' dir='ltr'>γὰρ</span> <span class='ocrx_word' id='word_1_641' title='bbox 2878 3880 3227 3956; x_wconf 67' lang='grc' dir='ltr'>ὑποστρέφει,</span> <span class='ocrx_word' id='word_1_642' title='bbox 3288 3879 3487 3955; x_wconf 85' lang='grc' dir='ltr'>φησὶν,</span> <span class='ocrx_word' id='word_1_643' title='bbox 3548 3878 3809 3951; x_wconf 80' lang='grc' dir='ltr'>ἀπόκρισις</span> 
     </span>
    </p>
   </div>
   <div class='ocr_carea' id='block_1_89' title="bbox 2660 3966 3805 4042">
    <p class='ocr_par' dir='ltr' id='par_1_89' title="bbox 2660 3966 3805 4042">
     <span class='ocr_line' id='line_1_89' title="bbox 2660 3966 3805 4042; baseline -0.003 -23"><span class='ocrx_word' id='word_1_644' title='bbox 2660 3990 2681 4019; x_wconf 78' lang='grc' dir='ltr'>ι</span> <span class='ocrx_word' id='word_1_645' title='bbox 2729 3966 2976 4042; x_wconf 67' lang='grc' dir='ltr'>Ἄνδρες,</span> <span class='ocrx_word' id='word_1_646' title='bbox 3028 3969 3201 4035; x_wconf 81' lang='grc' dir='ltr'>εἶπεν,</span> <span class='ocrx_word' id='word_1_647' title='bbox 3254 3968 3565 4037; x_wconf 76' lang='grc' dir='ltr'>Ἀθηναῖοι,</span> <span class='ocrx_word' id='word_1_648' title='bbox 3595 3968 3708 4041; x_wconf 82' lang='grc' dir='ltr'>περὶ</span> <span class='ocrx_word' id='word_1_649' title='bbox 3742 3966 3805 4018; x_wconf 85' lang='grc' dir='ltr'>ὢν</span> 
     </span>
    </p>
   </div>
   <div class='ocr_carea' id='block_1_90' title="bbox 3624 4050 3807 4108">
    <p class='ocr_par' dir='ltr' id='par_1_90' title="bbox 3624 4050 3807 4108">
     <span class='ocr_line' id='line_1_90' title="bbox 3624 4050 3807 4108; baseline -0.011 0"><span class='ocrx_word' id='word_1_650' title='bbox 3624 4059 3713 4108; x_wconf 79' lang='grc' dir='ltr'>νῦν</span> <span class='ocrx_word' id='word_1_651' title='bbox 3758 4050 3807 4106; x_wconf 63' lang='grc' dir='ltr'>δὲ</span> 
     </span>
    </p>
   </div>
   <div class='ocr_carea' id='block_1_91' title="bbox 2174 3969 2616 4042">
    <p class='ocr_par' dir='ltr' id='par_1_91' title="bbox 2174 3969 2616 4042">
     <span class='ocr_line' id='line_1_91' title="bbox 2174 3969 2616 4042; baseline -0.005 -17"><span class='ocrx_word' id='word_1_652' title='bbox 2174 3969 2573 4042; x_wconf 86' lang='grc' dir='ltr'>ὑποπίπτουσα)</span> <span class='ocrx_word' id='word_1_653' title='bbox 2604 3988 2616 4002; x_wconf 86' lang='grc'><em>”</em></span> 
     </span>
    </p>
   </div>
   <div class='ocr_carea' id='block_1_92' title="bbox 2183 4053 3572 4131">
    <p class='ocr_par' dir='ltr' id='par_1_92' title="bbox 2183 4053 3572 4131">
     <span class='ocr_line' id='line_1_92' title="bbox 2183 4053 3572 4131; baseline -0.001 -19"><span class='ocrx_word' id='word_1_654' title='bbox 2183 4061 2521 4125; x_wconf 85' lang='grc' dir='ltr'>υτνθάνεσθε,</span> <span class='ocrx_word' id='word_1_655' title='bbox 2572 4058 2811 4129; x_wconf 77' lang='grc' dir='ltr'>ὕστερον,</span> <span class='ocrx_word' id='word_1_656' title='bbox 2859 4056 2908 4111; x_wconf 77' lang='grc' dir='ltr'>εἷ’</span> <span class='ocrx_word' id='word_1_657' title='bbox 2959 4055 3132 4126; x_wconf 84' lang='grc' dir='ltr'>δοκεῖ,</span> <span class='ocrx_word' id='word_1_658' title='bbox 3183 4053 3572 4131; x_wconf 80' lang='grc' dir='ltr'>διηγήσομαι·</span> 
     </span>
    </p>
   </div>
   <div class='ocr_carea' id='block_1_93' title="bbox 2173 4144 3807 4220">
    <p class='ocr_par' dir='ltr' id='par_1_93' title="bbox 2173 4144 3807 4220">
     <span class='ocr_line' id='line_1_93' title="bbox 2173 4144 3807 4220; baseline -0.003 -19"><span class='ocrx_word' id='word_1_659' title='bbox 2173 4149 2308 4201; x_wconf 85' lang='grc' dir='ltr'>κατά</span> <span class='ocrx_word' id='word_1_660' title='bbox 2338 4147 2509 4201; x_wconf 87' lang='grc' dir='ltr'>πάντα</span> <span class='ocrx_word' id='word_1_661' title='bbox 2542 4147 2615 4208; x_wconf 82' lang='grc' dir='ltr'>ὡς</span> <span class='ocrx_word' id='word_1_662' title='bbox 2651 4144 3245 4220; x_wconf 77' lang='grc' dir='ltr'>δεισιδαιμονεστέρους</span> <span class='ocrx_word' id='word_1_663' title='bbox 3279 4145 3419 4217; x_wconf 80' lang='grc' dir='ltr'>ὑμᾶς</span> <span class='ocrx_word' id='word_1_664' title='bbox 3446 4147 3649 4219; x_wconf 87' lang='grc' dir='ltr'>θεωρῶ.</span> <span class='ocrx_word' id='word_1_665' title='bbox 3674 4151 3807 4215; x_wconf 78' lang='grc' dir='ltr'>Διερ-</span> 
     </span>
    </p>
   </div>
   <div class='ocr_carea' id='block_1_94' title="bbox 2170 4230 3804 4311">
    <p class='ocr_par' dir='ltr' id='par_1_94' title="bbox 2170 4230 3804 4311">
     <span class='ocr_line' id='line_1_94' title="bbox 2170 4230 3804 4311; baseline -0.004 -22"><span class='ocrx_word' id='word_1_666' title='bbox 2170 4236 2409 4311; x_wconf 75' lang='grc' dir='ltr'>χόμενος</span> <span class='ocrx_word' id='word_1_667' title='bbox 2439 4237 2539 4311; x_wconf 77' lang='grc' dir='ltr'>γὰρ</span> <span class='ocrx_word' id='word_1_668' title='bbox 2570 4237 2659 4290; x_wconf 83' lang='grc' dir='ltr'>καὶ</span> <span class='ocrx_word' id='word_1_669' title='bbox 2689 4236 2755 4291; x_wconf 77' lang='grc' dir='ltr'>τὰ</span> <span class='ocrx_word' id='word_1_670' title='bbox 2778 4230 3088 4307; x_wconf 76' lang='grc' dir='ltr'>σεϐάσματα</span> <span class='ocrx_word' id='word_1_671' title='bbox 3120 4234 3273 4307; x_wconf 90' lang='grc' dir='ltr'>ὑμῶν</span> <span class='ocrx_word' id='word_1_672' title='bbox 3302 4234 3647 4307; x_wconf 85' lang='grc' dir='ltr'>ἀναθεωρῶν,</span> <span class='ocrx_word' id='word_1_673' title='bbox 3667 4232 3804 4303; x_wconf 85' lang='grc' dir='ltr'>εὗρον</span> 
     </span>
    </p>
   </div>
   <div class='ocr_carea' id='block_1_95' title="bbox 2167 4322 3801 4400">
    <p class='ocr_par' dir='ltr' id='par_1_95' title="bbox 2167 4322 3801 4400">
     <span class='ocr_line' id='line_1_95' title="bbox 2167 4322 3801 4400; baseline -0.006 -20"><span class='ocrx_word' id='word_1_674' title='bbox 2167 4326 2255 4380; x_wconf 81' lang='grc' dir='ltr'>καὶ</span> <span class='ocrx_word' id='word_1_675' title='bbox 2314 4326 2523 4400; x_wconf 86' lang='grc' dir='ltr'>βωμὸν,</span> <span class='ocrx_word' id='word_1_676' title='bbox 2558 4324 2607 4379; x_wconf 81' lang='grc' dir='ltr'>ἐν</span> <span class='ocrx_word' id='word_1_677' title='bbox 2659 4326 2703 4396; x_wconf 82' lang='grc' dir='ltr'>ᾧ</span> <span class='ocrx_word' id='word_1_678' title='bbox 2745 4324 3141 4399; x_wconf 71' lang='grc' dir='ltr'>ἐπεγέγραπτο·</span> <span class='ocrx_word' id='word_1_679' title='bbox 3190 4323 3495 4397; x_wconf 82' lang='grc' dir='ltr'>Ἀγνώστῳ</span> <span class='ocrx_word' id='word_1_680' title='bbox 3547 4327 3677 4394; x_wconf 81' lang='grc' dir='ltr'>Θεῷ.</span> <span class='ocrx_word' id='word_1_681' title='bbox 3721 4322 3801 4372; x_wconf 85' lang='grc' dir='ltr'>Ὃν</span> 
     </span>
    </p>
   </div>
   <div class='ocr_carea' id='block_1_96' title="bbox 2176 4407 3805 4488">
    <p class='ocr_par' dir='ltr' id='par_1_96' title="bbox 2176 4407 3805 4488">
     <span class='ocr_line' id='line_1_96' title="bbox 2176 4407 3805 4488; baseline -0.004 -20"><span class='ocrx_word' id='word_1_682' title='bbox 2176 4416 2267 4469; x_wconf 73' lang='grc' dir='ltr'>οὖν</span> <span class='ocrx_word' id='word_1_683' title='bbox 2332 4415 2648 4488; x_wconf 74' lang='grc' dir='ltr'>ἀγνοοῦντες</span> <span class='ocrx_word' id='word_1_684' title='bbox 2700 4408 2989 4483; x_wconf 76' lang='grc' dir='ltr'>εὐσεϐεῖτε,</span> <span class='ocrx_word' id='word_1_685' title='bbox 3048 4416 3238 4466; x_wconf 78' lang='grc' dir='ltr'>τοῦτον</span> <span class='ocrx_word' id='word_1_686' title='bbox 3301 4410 3407 4485; x_wconf 83' lang='grc' dir='ltr'>ἐγὼ</span> <span class='ocrx_word' id='word_1_687' title='bbox 3475 4407 3805 4486; x_wconf 74' lang='grc' dir='ltr'>καταγγέλλω</span> 
     </span>
    </p>
   </div>
   <div class='ocr_carea' id='block_1_97' title="bbox 2173 4496 3803 4575">
    <p class='ocr_par' dir='ltr' id='par_1_97' title="bbox 2173 4496 3803 4575">
     <span class='ocr_line' id='line_1_97' title="bbox 2173 4496 3803 4575; baseline -0.004 -19"><span class='ocrx_word' id='word_1_688' title='bbox 2173 4504 2299 4574; x_wconf 85' lang='grc' dir='ltr'>ὑμῖν</span> <span class='ocrx_word' id='word_1_689' title='bbox 2338 4522 2349 4534; x_wconf 90' lang='grc'>·</span> <span class='ocrx_word' id='word_1_690' title='bbox 2386 4502 2429 4555; x_wconf 80' lang='grc' dir='ltr'>εἰ</span> <span class='ocrx_word' id='word_1_691' title='bbox 2462 4502 2561 4574; x_wconf 76' lang='grc' dir='ltr'>ἄρα</span> <span class='ocrx_word' id='word_1_692' title='bbox 2602 4500 2956 4575; x_wconf 72' lang='grc' dir='ltr'>ψηλαφήσετε</span> <span class='ocrx_word' id='word_1_693' title='bbox 3006 4500 3188 4570; x_wconf 80' lang='grc' dir='ltr'>αὑτὸν,</span> <span class='ocrx_word' id='word_1_694' title='bbox 3243 4499 3331 4553; x_wconf 84' lang='grc' dir='ltr'>καὶ</span> <span class='ocrx_word' id='word_1_695' title='bbox 3370 4497 3601 4575; x_wconf 65' lang='grc' dir='ltr'>εὕροιτε,</span> <span class='ocrx_word' id='word_1_696' title='bbox 3642 4496 3723 4551; x_wconf 80' lang='grc' dir='ltr'>καί</span> <span class='ocrx_word' id='word_1_697' title='bbox 3753 4514 3803 4568; x_wconf 83' lang='grc' dir='ltr'>γε</span> 
     </span>
    </p>
   </div>
   <div class='ocr_carea' id='block_1_98' title="bbox 405 4583 2071 4676">
    <p class='ocr_par' dir='ltr' id='par_1_98' title="bbox 405 4591 2055 4665">
     <span class='ocr_line' id='line_1_98' title="bbox 405 4591 2055 4665; baseline -0.007 -10"><span class='ocrx_word' id='word_1_698' title='bbox 405 4615 588 4662; x_wconf 86' lang='lat' dir='ltr'>aram,</span> <span class='ocrx_word' id='word_1_699' title='bbox 625 4598 679 4650; x_wconf 93' lang='lat' dir='ltr'>in</span> <span class='ocrx_word' id='word_1_700' title='bbox 736 4613 853 4665; x_wconf 89' lang='lat' dir='ltr'>qua</span> <span class='ocrx_word' id='word_1_701' title='bbox 902 4593 1251 4663; x_wconf 86' lang='lat' dir='ltr'>inscriptum</span> <span class='ocrx_word' id='word_1_702' title='bbox 1304 4595 1462 4645; x_wconf 89' lang='lat' dir='ltr'>erat:</span> <span class='ocrx_word' id='word_1_703' title='bbox 1498 4592 1687 4658; x_wconf 80' lang='lat' dir='ltr'>Ignoto</span> <span class='ocrx_word' id='word_1_704' title='bbox 1718 4591 1839 4644; x_wconf 82' lang='lat' dir='ltr'>Deo.</span> <span class='ocrx_word' id='word_1_705' title='bbox 1875 4592 2055 4653; x_wconf 86' lang='lat' dir='ltr'>Quem</span> 
     </span>
    </p>
   </div>
   <div class='ocr_carea' id='block_1_99' title="bbox 2184 4583 3803 4676">
    <p class='ocr_par' dir='ltr' id='par_1_99' title="bbox 2184 4583 3803 4667">
     <span class='ocr_line' id='line_1_99' title="bbox 2184 4583 3803 4667; baseline -0.006 -22"><span class='ocrx_word' id='word_1_706' title='bbox 2184 4590 2239 4645; x_wconf 79' lang='grc' dir='ltr'>οὐ</span> <span class='ocrx_word' id='word_1_707' title='bbox 2276 4590 2480 4663; x_wconf 66' lang='grc' dir='ltr'>μακρὶν</span> <span class='ocrx_word' id='word_1_708' title='bbox 2529 4590 2617 4667; x_wconf 86' lang='grc' dir='ltr'>ἀφ’</span> <span class='ocrx_word' id='word_1_709' title='bbox 2666 4590 2891 4643; x_wconf 71' lang='grc' dir='ltr'>ἑκάστου</span> <span class='ocrx_word' id='word_1_710' title='bbox 2951 4590 3101 4661; x_wconf 89' lang='grc' dir='ltr'>ὑμῶν</span> <span class='ocrx_word' id='word_1_711' title='bbox 3155 4588 3496 4662; x_wconf 81' lang='grc' dir='ltr'>ὑπάρχοντα,</span> <span class='ocrx_word' id='word_1_712' title='bbox 3550 4590 3632 4643; x_wconf 84' lang='grc' dir='ltr'>Ἐν</span> <span class='ocrx_word' id='word_1_713' title='bbox 3676 4583 3803 4652; x_wconf 85' lang='grc' dir='ltr'>αὑτῷ</span> 
     </span>
    </p>
   </div>
   <div class='ocr_carea' id='block_1_100' title="bbox 407 4679 2056 4759">
    <p class='ocr_par' dir='ltr' id='par_1_100' title="bbox 407 4679 2056 4759">
     <span class='ocr_line' id='line_1_100' title="bbox 407 4679 2056 4759; baseline -0.006 -17"><span class='ocrx_word' id='word_1_714' title='bbox 407 4705 543 4759; x_wconf 88' lang='lat' dir='ltr'>ergo</span> <span class='ocrx_word' id='word_1_715' title='bbox 571 4686 905 4756; x_wconf 89' lang='lat' dir='ltr'>ignorantes</span> <span class='ocrx_word' id='word_1_716' title='bbox 930 4682 1141 4749; x_wconf 81' lang='lat' dir='ltr'>colitis,</span> <span class='ocrx_word' id='word_1_717' title='bbox 1167 4696 1297 4734; x_wconf 90' lang='lat' dir='ltr'>eum</span> <span class='ocrx_word' id='word_1_718' title='bbox 1324 4679 1608 4733; x_wconf 88' lang='lat' dir='ltr'>annuntio</span> <span class='ocrx_word' id='word_1_719' title='bbox 1630 4679 1823 4745; x_wconf 84' lang='lat' dir='ltr'>vobis;</span> <span class='ocrx_word' id='word_1_720' title='bbox 1850 4680 1894 4734; x_wconf 88' lang='lat' dir='ltr'>si</span> <span class='ocrx_word' id='word_1_721' title='bbox 1921 4696 2056 4733; x_wconf 91' lang='lat' dir='ltr'>eum</span> 
     </span>
    </p>
   </div>
   <div class='ocr_carea' id='block_1_101' title="bbox 401 4767 2060 4837">
    <p class='ocr_par' dir='ltr' id='par_1_101' title="bbox 401 4767 2060 4837">
     <span class='ocr_line' id='line_1_101' title="bbox 401 4767 2060 4837; baseline -0.007 -4"><span class='ocrx_word' id='word_1_722' title='bbox 401 4777 550 4833; x_wconf 83' lang='lat' dir='ltr'>forte</span> <span class='ocrx_word' id='word_1_723' title='bbox 599 4770 1114 4837; x_wconf 82' lang='lat' dir='ltr'>contrectaveritis,</span> <span class='ocrx_word' id='word_1_724' title='bbox 1148 4774 1204 4824; x_wconf 89' lang='lat' dir='ltr'>et</span> <span class='ocrx_word' id='word_1_725' title='bbox 1252 4767 1617 4835; x_wconf 88' lang='lat' dir='ltr'>inveneritis,</span> <span class='ocrx_word' id='word_1_726' title='bbox 1651 4767 1759 4822; x_wconf 89' lang='lat' dir='ltr'>etsi</span> <span class='ocrx_word' id='word_1_727' title='bbox 1814 4784 1926 4821; x_wconf 92' lang='lat' dir='ltr'>non</span> <span class='ocrx_word' id='word_1_728' title='bbox 1984 4768 2060 4821; x_wconf 91' lang='lat' dir='ltr'>sit</span> 
     </span>
    </p>
   </div>
   <div class='ocr_carea' id='block_1_102' title="bbox 402 4856 2058 4938">
    <p class='ocr_par' dir='ltr' id='par_1_102' title="bbox 402 4856 2058 4938">
     <span class='ocr_line' id='line_1_102' title="bbox 402 4856 2058 4938; baseline -0.007 -17"><span class='ocrx_word' id='word_1_729' title='bbox 402 4866 575 4938; x_wconf 90' lang='lat' dir='ltr'>longe</span> <span class='ocrx_word' id='word_1_730' title='bbox 608 4864 677 4917; x_wconf 90' lang='lat' dir='ltr'>ab</span> <span class='ocrx_word' id='word_1_731' title='bbox 714 4875 1062 4931; x_wconf 87' lang='lat' dir='ltr'>unoquoque</span> <span class='ocrx_word' id='word_1_732' title='bbox 1093 4862 1379 4912; x_wconf 79' lang='lat' dir='ltr'>vestrum.</span> <span class='ocrx_word' id='word_1_733' title='bbox 1414 4856 1475 4911; x_wconf 91' lang='lat' dir='ltr'>In</span> <span class='ocrx_word' id='word_1_734' title='bbox 1528 4856 1655 4926; x_wconf 90' lang='lat' dir='ltr'>ipso</span> <span class='ocrx_word' id='word_1_735' title='bbox 1708 4857 1862 4910; x_wconf 89' lang='lat' dir='ltr'>enim</span> <span class='ocrx_word' id='word_1_736' title='bbox 1918 4856 2058 4910; x_wconf 90' lang='lat' dir='ltr'>vivi-</span> 
     </span>
    </p>
   </div>
   <div class='ocr_carea' id='block_1_103' title="bbox 402 4945 2062 5022">
    <p class='ocr_par' dir='ltr' id='par_1_103' title="bbox 402 4945 2062 5022">
     <span class='ocr_line' id='line_1_103' title="bbox 402 4945 2062 5022; baseline -0.007 -11"><span class='ocrx_word' id='word_1_737' title='bbox 402 4972 557 5022; x_wconf 90' lang='lat' dir='ltr'>mus,</span> <span class='ocrx_word' id='word_1_738' title='bbox 592 4958 646 5008; x_wconf 93' lang='lat' dir='ltr'>et</span> <span class='ocrx_word' id='word_1_739' title='bbox 680 4967 1001 5016; x_wconf 88' lang='lat' dir='ltr'>movemur,</span> <span class='ocrx_word' id='word_1_740' title='bbox 1030 4952 1085 5003; x_wconf 92' lang='lat' dir='ltr'>et</span> <span class='ocrx_word' id='word_1_741' title='bbox 1116 4963 1346 5002; x_wconf 89' lang='lat' dir='ltr'>sumus.</span> <span class='ocrx_word' id='word_1_742' title='bbox 1373 4968 1399 4994; x_wconf 86' lang='lat'>»</span> <span class='ocrx_word' id='word_1_743' title='bbox 1423 4951 1553 5000; x_wconf 70' lang='lat' dir='ltr'>Haec</span> <span class='ocrx_word' id='word_1_744' title='bbox 1580 4962 1707 5000; x_wconf 94' lang='lat' dir='ltr'>cum</span> <span class='ocrx_word' id='word_1_745' title='bbox 1735 4945 1820 4999; x_wconf 91' lang='lat' dir='ltr'>illi</span> <span class='ocrx_word' id='word_1_746' title='bbox 1844 4945 2062 5000; x_wconf 86' lang='lat' dir='ltr'>audiis-</span> 
     </span>
    </p>
   </div>
   <div class='ocr_carea' id='block_1_104' title="bbox 404 5034 2056 5114">
    <p class='ocr_par' dir='ltr' id='par_1_104' title="bbox 404 5034 2056 5114">
     <span class='ocr_line' id='line_1_104' title="bbox 404 5034 2056 5114; baseline -0.005 -15"><span class='ocrx_word' id='word_1_747' title='bbox 404 5048 554 5113; x_wconf 84' lang='lat' dir='ltr'>sent,</span> <span class='ocrx_word' id='word_1_748' title='bbox 572 5041 850 5114; x_wconf 89' lang='lat' dir='ltr'>quoniam</span> <span class='ocrx_word' id='word_1_749' title='bbox 876 5038 1150 5111; x_wconf 84' lang='lat' dir='ltr'>gravibus</span> <span class='ocrx_word' id='word_1_750' title='bbox 1172 5035 1484 5090; x_wconf 89' lang='lat' dir='ltr'>sententiis</span> <span class='ocrx_word' id='word_1_751' title='bbox 1510 5034 1680 5107; x_wconf 88' lang='lat' dir='ltr'>plena</span> <span class='ocrx_word' id='word_1_752' title='bbox 1706 5040 1827 5089; x_wconf 85' lang='lat' dir='ltr'>erat</span> <span class='ocrx_word' id='word_1_753' title='bbox 1851 5035 2056 5102; x_wconf 85' lang='lat' dir='ltr'>oratio,</span> 
     </span>
    </p>
   </div>
   <div class='ocr_carea' id='block_1_105' title="bbox 405 5124 2058 5203">
    <p class='ocr_par' dir='ltr' id='par_1_105' title="bbox 405 5124 2058 5203">
     <span class='ocr_line' id='line_1_105' title="bbox 405 5124 2058 5203; baseline -0.005 -16"><span class='ocrx_word' id='word_1_754' title='bbox 405 5137 685 5203; x_wconf 88' lang='lat' dir='ltr'>tanquam</span> <span class='ocrx_word' id='word_1_755' title='bbox 723 5146 866 5184; x_wconf 88' lang='lat' dir='ltr'>sono</span> <span class='ocrx_word' id='word_1_756' title='bbox 898 5127 1117 5181; x_wconf 87' lang='lat' dir='ltr'>tonitru</span> <span class='ocrx_word' id='word_1_757' title='bbox 1152 5128 1349 5179; x_wconf 91' lang='lat' dir='ltr'>essent</span> <span class='ocrx_word' id='word_1_758' title='bbox 1367 5124 2058 5195; x_wconf 81' lang='lat' dir='ltr'>obstupefacti,elirgues</span> 
     </span>
    </p>
   </div>
   <div class='ocr_carea' id='block_1_106' title="bbox 404 5212 2056 5277">
    <p class='ocr_par' dir='ltr' id='par_1_106' title="bbox 404 5212 2056 5277">
     <span class='ocr_line' id='line_1_106' title="bbox 404 5212 2056 5277; baseline -0.005 0"><span class='ocrx_word' id='word_1_759' title='bbox 404 5227 464 5277; x_wconf 89' lang='lat' dir='ltr'>et</span> <span class='ocrx_word' id='word_1_760' title='bbox 486 5220 631 5274; x_wconf 89' lang='lat' dir='ltr'>muti</span> <span class='ocrx_word' id='word_1_761' title='bbox 659 5216 1132 5274; x_wconf 84' lang='lat' dir='ltr'>evaserant.Cum</span> <span class='ocrx_word' id='word_1_762' title='bbox 1156 5219 1350 5268; x_wconf 90' lang='lat' dir='ltr'>autem</span> <span class='ocrx_word' id='word_1_763' title='bbox 1372 5213 1463 5265; x_wconf 87' lang='lat' dir='ltr'>vix</span> <span class='ocrx_word' id='word_1_764' title='bbox 1483 5212 1719 5266; x_wconf 83' lang='lat' dir='ltr'>tandem</span> <span class='ocrx_word' id='word_1_765' title='bbox 1745 5214 2056 5269; x_wconf 81' lang='lat' dir='ltr'>dixissent:</span> 
     </span>
    </p>
   </div>
   <div class='ocr_carea' id='block_1_107' title="bbox 407 5302 2059 5378">
    <p class='ocr_par' dir='ltr' id='par_1_107' title="bbox 407 5302 2059 5378">
     <span class='ocr_line' id='line_1_107' title="bbox 407 5302 2059 5378; baseline -0.004 -15"><span class='ocrx_word' id='word_1_766' title='bbox 407 5334 435 5363; x_wconf 86' lang='grc'>‹‹</span> <span class='ocrx_word' id='word_1_767' title='bbox 468 5310 793 5364; x_wconf 81' lang='lat' dir='ltr'>Audiamus</span> <span class='ocrx_word' id='word_1_768' title='bbox 825 5314 879 5361; x_wconf 90' lang='lat' dir='ltr'>te</span> <span class='ocrx_word' id='word_1_769' title='bbox 912 5303 1216 5378; x_wconf 89' lang='lat' dir='ltr'>postridie,</span> <span class='ocrx_word' id='word_1_770' title='bbox 1254 5326 1278 5351; x_wconf 80' lang='grc'>››</span> <span class='ocrx_word' id='word_1_771' title='bbox 1328 5317 1461 5356; x_wconf 86' lang='lat' dir='ltr'>cum</span> <span class='ocrx_word' id='word_1_772' title='bbox 1514 5302 1873 5356; x_wconf 87' lang='lat' dir='ltr'>dimiserunt</span> <span class='ocrx_word' id='word_1_773' title='bbox 1904 5304 2059 5373; x_wconf 86' lang='lat' dir='ltr'>eju-</span> 
     </span>
    </p>
   </div>
   <div class='ocr_carea' id='block_1_108' title="bbox 405 5391 2060 5471">
    <p class='ocr_par' dir='ltr' id='par_1_108' title="bbox 405 5391 2060 5471">
     <span class='ocr_line' id='line_1_108' title="bbox 405 5391 2060 5471; baseline -0.006 -13"><span class='ocrx_word' id='word_1_774' title='bbox 405 5400 578 5457; x_wconf 90' lang='lat' dir='ltr'>dicio.</span> <span class='ocrx_word' id='word_1_775' title='bbox 603 5398 912 5471; x_wconf 86' lang='lat' dir='ltr'>Egreditur</span> <span class='ocrx_word' id='word_1_776' title='bbox 934 5411 1071 5467; x_wconf 89' lang='lat' dir='ltr'>ergo</span> <span class='ocrx_word' id='word_1_777' title='bbox 1094 5391 1457 5463; x_wconf 89' lang='lat' dir='ltr'>Paulus,non</span> <span class='ocrx_word' id='word_1_778' title='bbox 1482 5391 1779 5457; x_wconf 90' lang='lat' dir='ltr'>inanibus,</span> <span class='ocrx_word' id='word_1_779' title='bbox 1799 5397 1863 5447; x_wconf 93' lang='lat' dir='ltr'>ut</span> <span class='ocrx_word' id='word_1_780' title='bbox 1883 5392 2060 5463; x_wconf 87' lang='lat' dir='ltr'>vulgo</span> 
     </span>
    </p>
   </div>
   <div class='ocr_carea' id='block_1_109' title="bbox 404 5480 2061 5559">
    <p class='ocr_par' dir='ltr' id='par_1_109' title="bbox 404 5480 2061 5559">
     <span class='ocr_line' id='line_1_109' title="bbox 404 5480 2061 5559; baseline -0.004 -13"><span class='ocrx_word' id='word_1_781' title='bbox 404 5485 1054 5559; x_wconf 89' lang='lat' dir='ltr'>dicitur,manibus,sed</span> <span class='ocrx_word' id='word_1_782' title='bbox 1080 5499 1282 5541; x_wconf 83' lang='lat' dir='ltr'>secum</span> <span class='ocrx_word' id='word_1_783' title='bbox 1308 5480 1670 5553; x_wconf 86' lang='lat' dir='ltr'>accepto,qui</span> <span class='ocrx_word' id='word_1_784' title='bbox 1696 5498 1829 5537; x_wconf 89' lang='lat' dir='ltr'>eum</span> <span class='ocrx_word' id='word_1_785' title='bbox 1857 5499 2061 5555; x_wconf 87' lang='lat' dir='ltr'>seque-</span> 
     </span>
    </p>
   </div>
   <div class='ocr_carea' id='block_1_110' title="bbox 478 5696 877 5769">
    <p class='ocr_par' dir='ltr' id='par_1_110' title="bbox 478 5696 877 5769">
     <span class='ocr_line' id='line_1_110' title="bbox 478 5696 877 5769; baseline -0.008 -16"><span class='ocrx_word' id='word_1_786' title='bbox 478 5699 556 5769; x_wconf 86' lang='lat' dir='ltr'>(h)</span> <span class='ocrx_word' id='word_1_787' title='bbox 586 5696 753 5753; x_wconf 86' lang='lat' dir='ltr'>Prov.</span> <span class='ocrx_word' id='word_1_788' title='bbox 785 5711 877 5751; x_wconf 83' lang='lat' dir='ltr'>xv.</span> 
     </span>
    </p>
   </div>
   <div class='ocr_carea' id='block_1_111' title="bbox 2178 4674 3800 4755">
    <p class='ocr_par' dir='ltr' id='par_1_111' title="bbox 2178 4674 3800 4755">
     <span class='ocr_line' id='line_1_111' title="bbox 2178 4674 3800 4755; baseline -0.006 -23"><span class='ocrx_word' id='word_1_789' title='bbox 2178 4679 2278 4755; x_wconf 79' lang='grc' dir='ltr'>γὰρ</span> <span class='ocrx_word' id='word_1_790' title='bbox 2314 4684 2488 4751; x_wconf 88' lang='grc' dir='ltr'>ζῶμεν</span> <span class='ocrx_word' id='word_1_791' title='bbox 2511 4680 2597 4733; x_wconf 79' lang='grc' dir='ltr'>καὶ</span> <span class='ocrx_word' id='word_1_792' title='bbox 2631 4678 2928 4749; x_wconf 83' lang='grc' dir='ltr'>κινούμεθα</span> <span class='ocrx_word' id='word_1_793' title='bbox 2971 4678 3059 4731; x_wconf 80' lang='grc' dir='ltr'>καὶ</span> <span class='ocrx_word' id='word_1_794' title='bbox 3103 4676 3284 4749; x_wconf 75' lang='grc' dir='ltr'>ἐσμέν.</span> <span class='ocrx_word' id='word_1_795' title='bbox 3320 4701 3348 4729; x_wconf 85' lang='grc'><strong>››</strong></span> <span class='ocrx_word' id='word_1_796' title='bbox 3381 4677 3594 4731; x_wconf 80' lang='grc' dir='ltr'>Τούτων</span> <span class='ocrx_word' id='word_1_797' title='bbox 3628 4674 3800 4729; x_wconf 80' lang='grc' dir='ltr'>ἐκεῖνοι</span> 
     </span>
    </p>
   </div>
   <div class='ocr_carea' id='block_1_112' title="bbox 2174 4764 3798 4841">
    <p class='ocr_par' dir='ltr' id='par_1_112' title="bbox 2174 4764 3798 4841">
     <span class='ocr_line' id='line_1_112' title="bbox 2174 4764 3798 4841; baseline -0.006 -19"><span class='ocrx_word' id='word_1_798' title='bbox 2174 4768 2522 4835; x_wconf 76' lang='grc' dir='ltr'>ἀκούσαντες,</span> <span class='ocrx_word' id='word_1_799' title='bbox 2554 4767 2644 4821; x_wconf 78' lang='grc' dir='ltr'>καὶ</span> <span class='ocrx_word' id='word_1_800' title='bbox 2678 4766 2759 4821; x_wconf 80' lang='grc' dir='ltr'>ὅτι</span> <span class='ocrx_word' id='word_1_801' title='bbox 2790 4766 3014 4841; x_wconf 67' lang='grc' dir='ltr'>πλήρης</span> <span class='ocrx_word' id='word_1_802' title='bbox 3037 4768 3063 4820; x_wconf 87' lang='grc' dir='ltr'>ὁ</span> <span class='ocrx_word' id='word_1_803' title='bbox 3093 4765 3255 4841; x_wconf 85' lang='grc' dir='ltr'>λόγος</span> <span class='ocrx_word' id='word_1_804' title='bbox 3285 4770 3507 4839; x_wconf 79' lang='grc' dir='ltr'>κομψῆς</span> <span class='ocrx_word' id='word_1_805' title='bbox 3537 4764 3798 4839; x_wconf 75' lang='grc' dir='ltr'>ἐτύγχανεν</span> 
     </span>
    </p>
   </div>
   <div class='ocr_carea' id='block_1_113' title="bbox 2178 4849 3798 4931">
    <p class='ocr_par' dir='ltr' id='par_1_113' title="bbox 2178 4849 3798 4931">
     <span class='ocr_line' id='line_1_113' title="bbox 2178 4849 3798 4931; baseline -0.004 -20"><span class='ocrx_word' id='word_1_806' title='bbox 2178 4854 2442 4924; x_wconf 88' lang='grc' dir='ltr'>διανοίας,</span> <span class='ocrx_word' id='word_1_807' title='bbox 2503 4858 2590 4910; x_wconf 70' lang='grc' dir='ltr'>οἶα</span> <span class='ocrx_word' id='word_1_808' title='bbox 2649 4857 2879 4931; x_wconf 78' lang='grc' dir='ltr'>βροντῆς</span> <span class='ocrx_word' id='word_1_809' title='bbox 2930 4856 3060 4931; x_wconf 77' lang='grc' dir='ltr'>ἤχῳ</span> <span class='ocrx_word' id='word_1_810' title='bbox 3109 4854 3566 4929; x_wconf 85' lang='grc' dir='ltr'>καταπλαγέντες,</span> <span class='ocrx_word' id='word_1_811' title='bbox 3614 4849 3798 4929; x_wconf 77' lang='grc' dir='ltr'>ἀφωνίᾳ</span> 
     </span>
    </p>
   </div>
   <div class='ocr_carea' id='block_1_114' title="bbox 2173 4935 3796 5020">
    <p class='ocr_par' dir='ltr' id='par_1_114' title="bbox 2173 4935 3796 5020">
     <span class='ocr_line' id='line_1_114' title="bbox 2173 4935 3796 5020; baseline -0.006 -20"><span class='ocrx_word' id='word_1_812' title='bbox 2173 4946 2515 5020; x_wconf 87' lang='grc' dir='ltr'>συνείχοντο.</span> <span class='ocrx_word' id='word_1_813' title='bbox 2551 4947 2681 5018; x_wconf 72' lang='grc' dir='ltr'>Ὀψὲ</span> <span class='ocrx_word' id='word_1_814' title='bbox 2728 4943 2784 5000; x_wconf 75' lang='grc' dir='ltr'>δὲ</span> <span class='ocrx_word' id='word_1_815' title='bbox 2830 4944 2920 4999; x_wconf 83' lang='grc' dir='ltr'>καὶ</span> <span class='ocrx_word' id='word_1_816' title='bbox 2970 4944 3134 5018; x_wconf 82' lang='grc' dir='ltr'>μόλις</span> <span class='ocrx_word' id='word_1_817' title='bbox 3164 4970 3183 4995; x_wconf 72' lang='grc' dir='ltr'>ε</span> <span class='ocrx_word' id='word_1_818' title='bbox 3223 4944 3594 5017; x_wconf 81' lang='grc' dir='ltr'>Ἀκουσόμεθά</span> <span class='ocrx_word' id='word_1_819' title='bbox 3624 4962 3710 4995; x_wconf 91' lang='grc' dir='ltr'>σου</span> <span class='ocrx_word' id='word_1_820' title='bbox 3737 4935 3796 5002; x_wconf 69' lang='grc' dir='ltr'>τῆ</span> 
     </span>
    </p>
   </div>
   <div class='ocr_carea' id='block_1_115' title="bbox 2174 5032 3799 5112">
    <p class='ocr_par' dir='ltr' id='par_1_115' title="bbox 2174 5032 3799 5112">
     <span class='ocr_line' id='line_1_115' title="bbox 2174 5032 3799 5112; baseline -0.007 -21"><span class='ocrx_word' id='word_1_821' title='bbox 2174 5037 2447 5111; x_wconf 79' lang='grc' dir='ltr'>ὑστεραίᾳ,</span> <span class='ocrx_word' id='word_1_822' title='bbox 2484 5060 2509 5085; x_wconf 89' lang='grc'>››</span> <span class='ocrx_word' id='word_1_823' title='bbox 2556 5033 3027 5112; x_wconf 81' lang='grc' dir='ltr'>ἐπιφθεγξάμενοι,</span> <span class='ocrx_word' id='word_1_824' title='bbox 3078 5038 3173 5088; x_wconf 77' lang='grc' dir='ltr'>τοῦ</span> <span class='ocrx_word' id='word_1_825' title='bbox 3226 5032 3576 5107; x_wconf 84' lang='grc' dir='ltr'>δικαστηρίου</span> <span class='ocrx_word' id='word_1_826' title='bbox 3628 5033 3799 5084; x_wconf 77' lang='grc' dir='ltr'>τοῦτον</span> 
     </span>
    </p>
   </div>
   <div class='ocr_carea' id='block_1_116' title="bbox 2172 5115 3795 5201">
    <p class='ocr_par' dir='ltr' id='par_1_116' title="bbox 2172 5115 3795 5201">
     <span class='ocr_line' id='line_1_116' title="bbox 2172 5115 3795 5201; baseline -0.007 -21"><span class='ocrx_word' id='word_1_827' title='bbox 2172 5127 2404 5201; x_wconf 76' lang='grc' dir='ltr'>ἀφῆκαν.</span> <span class='ocrx_word' id='word_1_828' title='bbox 2440 5124 2669 5194; x_wconf 78' lang='grc' dir='ltr'>Ἐξεισιν</span> <span class='ocrx_word' id='word_1_829' title='bbox 2714 5123 2802 5177; x_wconf 75' lang='grc' dir='ltr'>οὖν</span> <span class='ocrx_word' id='word_1_830' title='bbox 2856 5126 2882 5179; x_wconf 87' lang='grc' dir='ltr'>ὁ</span> <span class='ocrx_word' id='word_1_831' title='bbox 2939 5122 3159 5185; x_wconf 81' lang='grc' dir='ltr'>Ηαῦλος</span> <span class='ocrx_word' id='word_1_832' title='bbox 3206 5125 3269 5179; x_wconf 87' lang='grc' dir='ltr'>οὑ</span> <span class='ocrx_word' id='word_1_833' title='bbox 3322 5129 3500 5185; x_wconf 81' lang='grc' dir='ltr'>κεναῖς</span> <span class='ocrx_word' id='word_1_834' title='bbox 3546 5120 3715 5196; x_wconf 82' lang='grc' dir='ltr'>χερσὶ,</span> <span class='ocrx_word' id='word_1_835' title='bbox 3742 5115 3795 5170; x_wconf 84' lang='grc' dir='ltr'>τὸ</span> 
     </span>
    </p>
   </div>
   <div class='ocr_carea' id='block_1_117' title="bbox 2171 5210 3793 5291">
    <p class='ocr_par' dir='ltr' id='par_1_117' title="bbox 2171 5210 3793 5291">
     <span class='ocr_line' id='line_1_117' title="bbox 2171 5210 3793 5291; baseline -0.006 -22"><span class='ocrx_word' id='word_1_836' title='bbox 2171 5213 2434 5287; x_wconf 82' lang='grc' dir='ltr'>ᾀδόμενον</span> <span class='ocrx_word' id='word_1_837' title='bbox 2470 5232 2481 5245; x_wconf 82' lang='grc'><strong><em>⁸</em></strong></span> <span class='ocrx_word' id='word_1_838' title='bbox 2516 5211 2642 5268; x_wconf 87' lang='grc' dir='ltr'>ἀλλ’</span> <span class='ocrx_word' id='word_1_839' title='bbox 2678 5211 3002 5291; x_wconf 80' lang='grc' dir='ltr'>έφεπόμενον</span> <span class='ocrx_word' id='word_1_840' title='bbox 3035 5213 3125 5266; x_wconf 88' lang='grc' dir='ltr'>τὸν</span> <span class='ocrx_word' id='word_1_841' title='bbox 3158 5210 3420 5289; x_wconf 79' lang='grc' dir='ltr'>πρόεδρόν</span> <span class='ocrx_word' id='word_1_842' title='bbox 3451 5233 3509 5266; x_wconf 86' lang='grc' dir='ltr'>τε</span> <span class='ocrx_word' id='word_1_843' title='bbox 3538 5210 3621 5265; x_wconf 83' lang='grc' dir='ltr'>καὶ</span> <span class='ocrx_word' id='word_1_844' title='bbox 3650 5227 3793 5281; x_wconf 87' lang='grc' dir='ltr'>κορυ-</span> 
     </span>
    </p>
   </div>
   <div class='ocr_carea' id='block_1_118' title="bbox 2170 5294 3791 5383">
    <p class='ocr_par' dir='ltr' id='par_1_118' title="bbox 2170 5294 3791 5383">
     <span class='ocr_line' id='line_1_118' title="bbox 2170 5294 3791 5383; baseline -0.006 -25"><span class='ocrx_word' id='word_1_845' title='bbox 2170 5310 2325 5383; x_wconf 80' lang='grc' dir='ltr'>φαῖον</span> <span class='ocrx_word' id='word_1_846' title='bbox 2376 5311 2473 5371; x_wconf 79' lang='grc' dir='ltr'>τῆς</span> <span class='ocrx_word' id='word_1_847' title='bbox 2518 5307 2625 5357; x_wconf 90' lang='grc' dir='ltr'>τῶν</span> <span class='ocrx_word' id='word_1_848' title='bbox 2670 5307 2938 5374; x_wconf 86' lang='grc' dir='ltr'>σοφιστῶν</span> <span class='ocrx_word' id='word_1_849' title='bbox 2991 5300 3303 5376; x_wconf 85' lang='grc' dir='ltr'>συμμορίας</span> <span class='ocrx_word' id='word_1_850' title='bbox 3344 5294 3683 5376; x_wconf 76' lang='grc' dir='ltr'>παραλαϐὼν,</span> <span class='ocrx_word' id='word_1_851' title='bbox 3712 5295 3791 5349; x_wconf 88' lang='grc' dir='ltr'>τὸν</span> 
     </span>
    </p>
   </div>
   <div class='ocr_carea' id='block_1_119' title="bbox 2174 5384 3790 5469">
    <p class='ocr_par' dir='ltr' id='par_1_119' title="bbox 2174 5384 3790 5469">
     <span class='ocr_line' id='line_1_119' title="bbox 2174 5384 3790 5469; baseline -0.007 -21"><span class='ocrx_word' id='word_1_852' title='bbox 2174 5392 2344 5467; x_wconf 87' lang='grc' dir='ltr'>μέγαν</span> <span class='ocrx_word' id='word_1_853' title='bbox 2374 5390 2563 5447; x_wconf 75' lang='grc' dir='ltr'>τοῦτόν</span> <span class='ocrx_word' id='word_1_854' title='bbox 2590 5412 2733 5469; x_wconf 87' lang='grc' dir='ltr'>φημι</span> <span class='ocrx_word' id='word_1_855' title='bbox 2784 5389 3065 5446; x_wconf 84' lang='grc' dir='ltr'>Διονύσιον</span> <span class='ocrx_word' id='word_1_856' title='bbox 3100 5409 3111 5420; x_wconf 92' lang='grc'>·</span> <span class='ocrx_word' id='word_1_857' title='bbox 3155 5390 3245 5445; x_wconf 83' lang='grc' dir='ltr'>καὶ</span> <span class='ocrx_word' id='word_1_858' title='bbox 3278 5386 3457 5464; x_wconf 79' lang='grc' dir='ltr'>ὥσπερ</span> <span class='ocrx_word' id='word_1_859' title='bbox 3488 5408 3568 5450; x_wconf 88' lang='grc' dir='ltr'>τις</span> <span class='ocrx_word' id='word_1_860' title='bbox 3602 5384 3790 5455; x_wconf 84' lang='grc' dir='ltr'>Ὀλυμ-</span> 
     </span>
    </p>
   </div>
   <div class='ocr_carea' id='block_1_120' title="bbox 2170 5474 3795 5557">
    <p class='ocr_par' dir='ltr' id='par_1_120' title="bbox 2170 5474 3795 5557">
     <span class='ocr_line' id='line_1_120' title="bbox 2170 5474 3795 5557; baseline -0.012 -12"><span class='ocrx_word' id='word_1_861' title='bbox 2170 5482 2423 5552; x_wconf 72' lang='grc' dir='ltr'>πιονίκης</span> <span class='ocrx_word' id='word_1_862' title='bbox 2456 5484 2489 5551; x_wconf 73' lang='grc' dir='ltr'><strong>ἢ</strong></span> <span class='ocrx_word' id='word_1_863' title='bbox 2543 5480 2865 5557; x_wconf 82' lang='grc' dir='ltr'>στρατηγὸς,</span> <span class='ocrx_word' id='word_1_864' title='bbox 2922 5487 3022 5550; x_wconf 84' lang='grc' dir='ltr'>τῆς</span> <span class='ocrx_word' id='word_1_865' title='bbox 3079 5477 3219 5542; x_wconf 73' lang='grc' dir='ltr'>ῗδίας</span> <span class='ocrx_word' id='word_1_866' title='bbox 3275 5478 3528 5556; x_wconf 86' lang='grc' dir='ltr'>γλώττης</span> <span class='ocrx_word' id='word_1_867' title='bbox 3558 5474 3795 5552; x_wconf 82' lang='grc' dir='ltr'>τρόπαιον</span> 
     </span>
    </p>
   </div>
  </div>
