4020 6358
212 458 303 514 593

1128 455 1317 520 VITA,
1360 455 1694 509 AUCTORE
1733 453 2074 508 ΘΥΜΕΟΝΕ
2116 460 2667 517 ΜΕΤΔΡΗΒΔΒΤΕ.

3474 469 3583 531 594

213 586 350 642 αὑτὸν
401 582 762 656 ποιησάμενος
833 583 923 638 καὶ
979 585 1183 658 καρπὸν
1236 586 1487 638 τοιοῦτον
1539 586 1636 637 τοῦ
1689 581 1827 655 πρὸς

1945 588 2135 657 batur,
2168 590 2509 662 praeside,et
2540 593 2746 650 classis
2769 595 3166 666 sophistarum
3186 599 3585 671 principe,hoe

214 675 506 744 Ἀθηναίους
559 669 724 747 λόγου
773 671 1004 746 θερίσας.
1054 677 1185 734 Τοῖς
1228 672 1327 748 γὰρ
1378 671 1523 748 παρὰ
1577 669 1673 727 τοῦ
1729 678 1831 740 τῆς

216 762 442 834 ἀληθείας
498 764 731 835 κήρυκος
788 762 912 838 περὶ
973 766 1071 816 τοῦ
1125 763 1305 832 Ἰησοῦ
1360 760 1681 836 λεγομένοις
1726 762 1826 830 τήν

216 856 572 927 προοραθεῖσαν
602 851 746 923 αύτῷ
784 853 918 905 κατὰ
945 852 1036 905 τὸν
1083 852 1271 926 καιρὸν
1301 856 1398 906 τοῦ
1460 852 1664 913 πάθους
1720 854 1826 904 τῶν

214 944 482 1021 φωστήρων
537 940 885 1013 καινοτομίαν
962 935 1257 1013 συμϐαλὼν
1304 940 1527 1011 ἐκεῖνος,
1585 940 1673 995 καὶ
1730 942 1828 1008 τῆς

207 1029 519 1105 ἀνθρωπίνης
548 1031 746 1101 ταύτης
786 1030 983 1104 σοφίας
1036 1028 1326 1105 ὑπεριδὼν,
1372 1034 1467 1085 τοῦ
1510 1027 1680 1106 λόγου
1726 1032 1827 1093 τῆς

211 1119 437 1191 ἀληθείας
467 1123 688 1193 γίνεται,
737 1120 825 1174 καὶ
875 1117 953 1192 τῷ
1003 1120 1324 1192 Ἀποστόλῳ
1372 1118 1689 1175 συντίθεται·
1749 1122 1827 1189 τῷ

212 1231 258 1266 τε
310 1207 511 1284 λουτρῷ
562 1213 661 1274 τῆς
719 1208 1139 1284 παλιγγενεσίας
1183 1208 1515 1277 τελειωθεὶς,
1581 1210 1829 1281 μαθητὴς

208 1301 327 1372 ὁμοῦ
366 1299 450 1353 καὶ
499 1300 667 1373 κῆρυξ
717 1302 950 1373 Χριστοῦ
992 1303 1089 1353 τοῦ
1132 1300 1353 1374 πρώτου
1414 1305 1513 1368 τῆς
1569 1296 1827 1368 ἀληθείας

209 1385 506 1443 διδασκάλου
563 1388 902 1452 καθίσταται,
953 1388 1052 1444 Καὶ
1104 1390 1171 1443 τὰ
1216 1392 1407 1463 πρῶτα
1455 1394 1553 1456 τῆς
1602 1385 1826 1455 ἡλικίας

206 1473 490 1553 διατριϐῶν,
560 1479 648 1534 καὶ
708 1477 957 1544 παιδείας
1021 1485 1102 1553 τῷ
1165 1479 1435 1554 μακαρίτῃ
1486 1480 1825 1548 κοινωνήσας

202 1566 438 1641 Ἰεροθὲῳ,
477 1567 592 1641 βίον
625 1569 730 1622 ὑπὸ
758 1567 937 1641 τούτῳ
985 1568 1074 1622 καὶ
1126 1566 1290 1645 λόγον
1348 1565 1683 1622 παιδεύεται·
1735 1567 1825 1621 καὶ

202 1660 287 1721 τῆς
316 1657 476 1726 αὐτῆς
509 1658 775 1730 αύτῷτοῦ
806 1656 960 1731 ἁγίου
991 1657 1305 1731 Πνεύματος
1351 1656 1637 1718 κοινωνίας
1696 1676 1828 1710 κατ-

205 1748 435 1817 αξιοῦται,
485 1745 577 1800 καὶ
618 1740 902 1807 ἀναϐάσεις
934 1745 985 1799 ἐν
1042 1750 1111 1819 τῇ
1172 1742 1367 1819 καρδίᾳ
1420 1740 1824 1817 ἀνατιθέμενος,

206 1831 470 1911 φιλοσοφεῖ
519 1836 620 1903 τὴν
679 1834 965 1905 ἀλήθειαν·
1028 1840 1181 1904 ζητεῖ
1231 1834 1367 1908 μετά
1411 1842 1509 1903 τῆς
1566 1831 1824 1903 ἀληθείας

1941 695 2169 749 magno,
2204 681 2470 753 inquam,
2507 683 2797 752 Dionysio.
2828 683 2907 739 De
2937 701 3071 755 quo,
3105 691 3377 758 tanquam
3418 691 3584 761 quis-

1941 767 2094 837 piam
2155 769 2337 826 victor
2393 771 2749 841 Olympicus,
2803 777 2906 827 aut
2954 774 3071 828 dux
3118 778 3424 846 exercitus,
3460 796 3581 835 suae

1934 857 2151 928 linguas
2180 861 2361 915 erexit
2392 861 2738 932 trophaaum,
2773 870 2827 917 et
2870 863 3025 918 hunc
3071 864 3318 920 fructum
3351 867 3586 939 collegit

1938 963 2007 1001 ex
2032 947 2291 1004 oratione
2317 965 2490 1019 quam
2518 950 2719 1006 habuit
2750 952 2818 1006 ad
2841 951 3253 1009 Athenienses.
3289 955 3367 1010 Iis
3407 958 3587 1024 enim,

1939 1051 2064 1107 quas
2099 1037 2168 1091 de
2196 1036 2329 1092 Jesu
2353 1038 2699 1093 dicebantur
2744 1057 2777 1095 a
2832 1056 3093 1111 praecone
3136 1042 3420 1110 veritatis,
3452 1062 3584 1101 cum

1938 1142 1972 1180 a
2002 1142 2060 1180 se
2091 1127 2252 1196 prius
2277 1127 2459 1182 visam
2483 1128 2541 1183 in
2565 1134 2827 1198 tempore
2848 1129 3136 1200 passionis
3159 1130 3591 1190 innovationem

1937 1213 2051 1269 sibi
2074 1215 2183 1285 ipsi
2204 1216 2582 1287 explicuisset
2604 1216 3007 1284 luminarium,
3023 1224 3080 1274 et
3096 1219 3245 1276 hanc
3265 1221 3588 1279 humanam

1935 1306 2297 1376 despexisset
2319 1307 2693 1378 sapientiam,
2726 1312 2987 1364 sectatur
3034 1311 3272 1366 verbum
3307 1312 3588 1381 veritatis,

1937 1400 1992 1449 et
2022 1395 2363 1468 adjungitur
2391 1396 2702 1465 Apostolo;
2743 1402 2799 1451 et
2846 1400 3299 1469 regenerationis
3355 1401 3588 1458 lavacro

1936 1490 2405 1552 consummatus,
2450 1486 2513 1540 ﬁt
2553 1486 2732 1541 simul
2755 1486 3109 1559 discipulus,
3135 1494 3191 1543 et
3210 1506 3394 1560 praeco
3417 1491 3586 1546 Chri-

1936 1574 2034 1642 sti,
2070 1575 2169 1645 qui
2202 1583 2287 1630 est
2317 1574 2540 1644 primus
2564 1577 2762 1631 doctor
2791 1577 3073 1633 veritatis.
3106 1578 3175 1632 Et
3196 1594 3328 1634 cum
3364 1581 3588 1651 primas

1937 1663 2069 1718 ﬁdei
2092 1663 2537 1719 exercitationes
2558 1668 2615 1719 et
2635 1664 2984 1736 disciplinas
3021 1682 3055 1721 ο,
3097 1666 3263 1723 beato
3295 1669 3586 1740 percepis-

1936 1757 2023 1808 set
2044 1753 2371 1820 Hierotheo,
2396 1758 2453 1808 et
2476 1753 2535 1809 in
2566 1754 2764 1819 verbo,
2793 1758 2850 1809 et
2888 1754 2949 1809 in
2986 1755 3103 1810 vita
3125 1756 3199 1811 ab
3229 1773 3294 1812 eo
3318 1758 3582 1826 docetur,

1936 1845 1993 1898 et
2011 1843 2199 1897 sancti
2220 1843 2475 1913 Spiritus
2497 1843 2971 1899 communionem
2996 1844 3069 1899 ab
3093 1861 3159 1900 eo
3183 1846 3580 1918 consequitur.

204 1922 305 1997 περὶ
354 1926 559 1999 ψυχῆς,
614 1921 738 1999 περὶ
770 1924 1046 1995 σώματος,
1077 1925 1198 1999 περὶ
1260 1931 1358 1994 τῆς
1385 1928 1493 1978 τῶν
1543 1923 1822 1998 πρακτέων

1940 1931 2161 1987 Deinde
2192 1932 2564 1987 escensiones
2604 1932 2661 1987 in
2686 1933 2854 1989 corde
2882 1949 2989 1988 suo
3019 1933 3358 2005 disponens,
3390 1935 3582 2007 philo-

205 2011 491 2085 ὑπάρξεως·
543 2013 722 2067 πάντα
780 2017 964 2085 νεκροῖ
1008 2012 1075 2067 τὰ
1118 2010 1258 2085 μέλη
1308 2014 1374 2066 τὰ
1428 2012 1515 2066 ἐπὶ
1562 2014 1661 2079 τῆς
1708 2018 1830 2083 γῆς,

212 2100 374 2155 πολλά
419 2105 488 2175 τῇ
521 2101 679 2176 σαρκὶ
702 2103 1098 2174 νομοθετήσας,
1142 2101 1219 2165 εἷς
1250 2102 1523 2176 ὑποταγὴν
1550 2105 1649 2156 τοῦ
1673 2101 1833 2155 πνεύ-

208 2208 379 2261 ματος’
411 2189 753 2266 παιδαγωγεῖ
782 2191 879 2259 τὴν
914 2192 1082 2261 ἀκοὴν
1113 2190 1209 2245 ὅσα
1236 2196 1354 2254 θεῖα
1396 2191 1485 2245 καὶ
1546 2189 1670 2265 περὶ
1702 2194 1834 2245 Θεοῦ

208 2276 554 2335 ἕνωτίσασθαι·
615 2286 731 2342 τοῖς
785 2276 843 2335 δὲ
870 2279 1077 2335 τούτων
1133 2279 1285 2343 ἐκτὸς
1320 2281 1411 2334 τὸν
1462 2285 1603 2343 θεῖον
1664 2274 1833 2354 φόϐον

207 2368 424 2445 θυρωρὸν
489 2369 770 2444 ἐφίστησιν
837 2369 1243 2444 ἀπαραίτητον’
1295 2367 1423 2423 ὅλον
1480 2369 1694 2443 μετάγει
1745 2368 1839 2423 τὸν

195 2454 467 2531 ἀφθαλμὸν
498 2458 591 2514 ἐπὶ
621 2460 720 2527 τήν
753 2456 1034 2528 ἀλήθειαν.
1077 2458 1155 2513 Τὰ
1195 2459 1297 2534 γὰρ
1339 2460 1437 2526 τῆς
1483 2456 1756 2531 γλώττης,
1790 2457 1835 2513 εἷ

194 2546 271 2599 καὶ
327 2548 399 2619 μὴ
448 2547 499 2602 ἐν
532 2550 621 2609 οἷς
670 2546 841 2623 ἐχρῆν
869 2548 1156 2623 πρότερον,
1217 2545 1343 2602 ἀλλ’
1374 2546 1466 2601 οὗν
1516 2546 1839 2623 φιλοσόφως

206 2654 255 2688 τε
293 2636 376 2690 καὶ
432 2640 701 2697 Ἀττικῶς
760 2636 848 2690 καὶ
898 2637 1036 2711 πρὸς
1084 2630 1358 2709 ἀκρίϐειαν
1404 2634 1839 2692 ἐνεπεπαίδευτο·

205 2725 308 2793 Καὶ,
341 2720 381 2778 ὤ
412 2729 505 2780 τοῦ
560 2724 833 2798 θαύματος
869 2727 880 2781 ι
942 2724 991 2778 ἐν
1039 2726 1238 2800 βραχεῖ
1282 2724 1481 2786 πάντας
1531 2720 1836 2799 ὑπερϐαίνει

190 2810 300 2874 τοὺς
329 2810 656 2886 ἔμπροσθεν,
686 2813 748 2867 ού
800 2810 1005 2885 κλέψας
1043 2814 1145 2882 τήν
1188 2813 1432 2883 ἐξουσίαν
1485 2811 1613 2868 οὐδὲ
1658 2815 1833 2889 ἀρπά-

194 2921 292 2969 σας,
331 2900 473 2957 ἀλλά
501 2902 638 2966 τοὺς
685 2904 832 2957 κάτω
868 2902 1108 2976 βαθμοὺς
1142 2900 1452 2975 διεξελθών.
1486 2902 1585 2956 Καὶ
1612 2904 1674 2958 τὸ
1704 2925 1833 2959 ποι-

190 2989 450 3061 μαίνεσθαι
484 2990 681 3053 καλῶς
712 2990 984 3064 ἐκμαθὼν,
1017 2996 1122 3044 τῶν
1157 2993 1267 3045 ἂνω
1296 2990 1437 3066 ταχὺ
1465 2990 1689 3067 γίνεται,
1738 2992 1828 3047 καὶ

188 3079 443 3152 ποιμαίνει
477 3080 620 3153 μετὰ
648 3087 747 3149 τῆς
772 3080 960 3155 πείρας
984 3079 1223 3155 ὕστερον·
1257 3080 1349 3133 καὶ
1381 3079 1630 3141 ἐπιεικῶς
1660 3078 1829 3156 ἄρχε-

188 3177 289 3229 σθαι
328 3170 528 3241 μαθὼν,
572 3166 729 3245 ἄρχει
764 3167 1182 3245 ἐπιεικὲστεροψ
1233 3169 1323 3223 καὶ
1378 3169 1513 3241 μετὰ
1558 3177 1659 3239 τῆς
1694 3169 1830 3240 ἀλη-

184 3255 311 3318 θείας
355 3255 611 3329 διδάξας,
666 3255 755 3312 διὰ
806 3257 982 3327 πάσης
1031 3279 1089 3313 τε
1139 3256 1311 3312 ἐλθὼν
1375 3257 1611 3328 εὐταξίας
1661 3257 1822 3320 τέλος

1940 2020 2226 2092 sophatur
2254 2021 2581 2090 veritatem;
2606 2021 2815 2092 quaerit
2835 2038 2968 2076 cum
2995 2022 3251 2092 veritate,
3276 2024 3346 2080 de
3362 2025 3579 2094 anima,

1943 2112 2014 2166 de
2044 2126 2308 2183 corpore,
2340 2127 2406 2166 ac
2435 2112 2504 2166 de
2530 2110 2860 2166 substantia
2909 2127 3104 2167 rerum
3144 2114 3530 2183 gerendarum
3566 2131 3581 2170 :

1944 2201 2261 2257 mortiﬁcat
2282 2198 2481 2255 omnia
2502 2199 2768 2255 membra
2789 2216 2915 2268 sua,
2935 2216 3062 2271 quas
3101 2205 3236 2256 sunt
3258 2218 3434 2273 super
3461 2206 3581 2257 ter-

1944 2307 2093 2356 ram,
2111 2289 2306 2345 carnis
2323 2289 2539 2344 multas
2555 2289 2705 2359 leges
2720 2288 3079 2345 constituens
3101 2290 3171 2344 ad
3189 2290 3582 2347 obediendum

1945 2370 2203 2443 spiritui;
2228 2371 2397 2425 docet
2427 2385 2597 2424 aures
2619 2367 2945 2424 auscultare
2967 2386 3093 2441 quae
3113 2369 3333 2441 divina,
3366 2376 3425 2425 et
3453 2388 3585 2442 quas

1948 2464 2089 2516 sunt
2112 2460 2181 2514 de
2200 2460 2315 2514 Deo
2344 2458 2666 2524 audienda;
2701 2458 2773 2512 iis
2790 2461 2982 2513 autem
3006 2474 3132 2529 qua
3152 2463 3293 2514 sunt
3311 2462 3473 2515 extra
3493 2476 3583 2527 ea,

1947 2550 2204 2605 divinum
2238 2555 2457 2604 metum
2503 2546 2921 2603 inexorabilem
2954 2547 3188 2603 adhibet
3217 2548 3535 2619 janitorem
3567 2563 3584 2604 :

1946 2645 2002 2696 et
2022 2643 2203 2695 totum
2240 2636 2476 2693 oculum
2500 2636 2838 2691 traducitad
2862 2638 3161 2692 veritatem
3185 2641 3411 2693 contem
3421 2636 3587 2709 plan-

1944 2729 2096 2783 dam.
2124 2729 2283 2792 Quod
2316 2730 2511 2781 autem
2550 2725 2619 2779 ad
2651 2724 2909 2794 linguam
2945 2724 3212 2797 pertinet,
3237 2727 3345 2781 etsi
3376 2743 3493 2782 non
3525 2726 3586 2783 in

1944 2818 2036 2885 iis,
2061 2818 2119 2871 in
2145 2816 2361 2887 quibus
2383 2815 2707 2886 oportebat,
2739 2814 2879 2869 olim
2920 2814 3123 2871 edocta
3151 2815 3355 2884 fuerat,
3389 2815 3585 2887 philo-

1942 2906 2179 2978 sophice
2208 2909 2403 2960 tamen
2436 2907 2494 2959 et
2520 2902 2725 2971 Attice,
2754 2902 3060 2974 multaque
3100 2920 3232 2958 cum
3282 2904 3586 2976 diligentia

1940 2995 2166 3052 erudita
2197 2998 2338 3049 erat.
2371 2993 2571 3064 Itaque
2605 2992 2763 3047 brevi
2787 2991 3099 3065 Dionysius
3122 2997 3173 3062 (ο
3207 2991 3584 3065 miraculum)

1938 3089 2174 3156 superat
2194 3098 2418 3152 omnes,
2443 3081 2541 3152 qui
2582 3085 3033 3152 praecesserant:
3058 3082 3207 3139 345
3233 3087 3443 3138 etcum
3477 3100 3585 3154 po-

1935 3178 2205 3228 testatem
2233 3189 2347 3227 non
2371 3172 2717 3225 subfuratus
2740 3171 3019 3239 esset,sed
3047 3187 3147 3240 per
3159 3171 3377 3241 gradus
3401 3180 3586 3226 trans-

1934 3263 2103 3316 iisset
2131 3259 2462 3326 inferiores,
2490 3258 2731 3329 pulchre
2764 3258 2923 3328 pasci
2946 3257 3272 3329 didicisset,
3295 3260 3367 3314 ad
3405 3276 3584 3330 supe-

179 3342 259 3411 τὴν
307 3350 408 3400 τῶν
462 3348 713 3416 Ἀθηνῶν
767 3346 1072 3409 πιστευθεὶς
1120 3343 1435 3421 προεδρίαν,
1463 3350 1572 3400 τῶν
1620 3348 1821 3401 οἰάκων

1936 3351 2089 3405 riora
2112 3366 2243 3404 mox
2267 3347 2548 3419 pervenit,
2583 3350 2639 3401 et
2668 3348 2858 3417 pascit
2878 3350 3081 3417 postea
3114 3362 3248 3401 cum
3281 3347 3584 3418 experien-

178 3434 262 3501 τῆς
310 3434 640 3506 Ἐκκλησίας
692 3436 1149 3510 ὑπερκαθέζεται·
1204 3435 1266 3490 τό
1322 3456 1381 3489 τε
1435 3442 1535 3505 τῆς
1596 3437 1819 3511 γνώμης

176 3529 395 3596 γενναῖον
458 3522 818 3593 ἐπιδεικνύει,
865 3525 954 3579 καὶ
1006 3522 1355 3598 προπολεμεῖ
1408 3530 1506 3593 τῆς
1554 3526 1818 3597 ποίμνης,

182 3611 257 3663 καὶ
286 3609 552 3668 ἀποσοϐεῖ
579 3613 707 3677 τοὺς
738 3614 928 3685 θῆρας,
959 3614 1049 3667 καὶ
1080 3618 1176 3667 τοῦ
1221 3613 1578 3682 νενοσηκότος
1625 3611 1820 3686 ἐπιμε-

181 3694 358 3774 λεῖται,
398 3704 486 3757 καὶ
518 3703 590 3757 τὸ
627 3704 923 3776 μακρυνθὶν
956 3701 1234 3776 ἀπανάγει·
1266 3702 1354 3756 καὶ
1389 3701 1680 3756 συνελόντα
1728 3702 1822 3780 φά-

178 3809 269 3857 ναι,
300 3798 425 3846 πᾶσι
455 3793 524 3846 τὰ
563 3791 737 3846 πάντα
766 3792 901 3846 κατᾶ
927 3791 1018 3845 τὸν
1052 3791 1214 3844 αὑτοῦ
1248 3788 1572 3845 διδάσκαλον
1596 3791 1814 3866 γίνεται.

178 3876 315 3933 Οὕτω
344 3903 401 3935 τε
425 3880 666 3951 διδάξας,
702 3882 788 3935 καὶ
820 3882 919 3949 τὴν
976 3877 1182 3955 Τριάδα
1232 3878 1585 3952 θεολογήσας,
1638 3886 1820 3955 σαφῶς

173 3966 403 4040 περὶτῶν
438 3970 634 4025 ἄλλων
670 3963 1030 4041 διαλαμϐάνει
1065 3965 1369 4041 δυνάμεων.

1930 3440 2124 3505 tia;et
2181 3454 2313 3491 cum
2371 3437 2630 3491 modeste
2685 3451 2887 3505 parere
2944 3434 3269 3499 didicisset,
3332 3436 3587 3506 imperat

1932 3526 2296 3592 modestius;
2320 3530 2377 3580 et
2408 3541 2541 3579 cum
2568 3523 3009 3595 docuissetcum
3033 3524 3295 3595 veritate,
3322 3524 3588 3580 obiisset-

1931 3633 2046 3687 que
2069 3632 2279 3671 omnes
2303 3615 2436 3669 boni
2473 3613 2701 3669 ordinis
2735 3617 2933 3684 partes
2963 3615 3197 3668 tandem
3221 3614 3272 3670 ei
3306 3616 3583 3669 mandato

1930 3705 2293 3760 Athenarum
2328 3703 2693 3775 pontiﬁcatu,
2737 3702 2917 3757 clavis
2967 3702 3240 3772 praesidet
3288 3702 3584 3769 Ecclesiae,

1932 3794 2306 3865 ostenditque
2338 3809 2513 3847 suum
2538 3807 2889 3861 generosum
2936 3792 3221 3858 animum,
3257 3796 3314 3848 et
3359 3795 3585 3863 pugnat

1932 3900 2033 3954 pro
2063 3900 2234 3956 grege
2261 3899 2274 3937 :
2299 3881 2652 3953 expellitque
2683 3880 2906 3935 bestias
2927 3887 2984 3936 et
3009 3882 3161 3951 ejus,
3185 3883 3340 3952 quod
3380 3882 3584 3937 morbo

1933 3974 2179 4038 laborat,
2208 3989 2409 4027 curam
2463 3970 2635 4043 gerit,
2669 3976 2726 4024 et
2757 3971 2908 4039 quod
2963 3969 3133 4041 longe
3172 3976 3259 4026 est
3291 3975 3581 4026 remotum

177 4060 417 4114 reducit:
455 4067 537 4128 et,
575 4060 849 4115 ut-semel
885 4060 1097 4125 dicam,
1130 4061 1283 4115 sicut
1340 4061 1469 4130 eius
1519 4062 1822 4133 magister,
1854 4063 2133 4119 omnibus
2165 4063 2231 4116 ﬁt
2287 4061 2595 4131 omnia(i).
2635 4063 2782 4115 Cum
2815 4059 2901 4114 sic
2931 4066 3127 4114 autem
3175 4058 3473 4115 docuisset
3524 4063 3583 4115 et

174 4144 234 4200 de
261 4148 567 4205 Trinitatis
597 4149 903 4204 divinitate
924 4149 1325 4215 disseruisset,
1358 4149 1513 4204 clare
1543 4156 1753 4206 tractat
1785 4152 1855 4208 de
1896 4152 2170 4225 supernis
2201 4150 2541 4206 virtutibus.

236 4234 329 4289 Καὶ
360 4235 434 4298 εἷς
461 4240 636 4291 τοῦτο
669 4234 897 4311 χάριτος
949 4234 1146 4306 ἐλθὼν,
1194 4238 1290 4303 ὡς,
1341 4236 1502 4305 ἡνίκα
1548 4238 1609 4291 τὸ
1658 4243 1822 4293 πνεῦ-

178 4341 239 4391 μα
280 4326 377 4389 τῆς
421 4324 696 4380 Θεοτόκου
724 4324 978 4397 σώματος
1011 4321 1284 4396 ἐξεδήμει,
1319 4330 1435 4386 τοῖς
1486 4324 1822 4388 ἀποστόλοις

174 4406 251 4465 διὰ
293 4413 605 4489 πνεύματος
656 4413 746 4467 καὶ
798 4412 1029 4491 νεφέλης
1057 4416 1125 4485 τῇ
1157 4415 1276 4488 ἰερᾷ
1322 4412 1517 4467 τούτου
1575 4413 1819 4469 ἐπιστᾶσι

174 4506 300 4580 ταφῇ
333 4509 717 4581 συμπαρεῖναι·
753 4503 855 4558 οὐκ
894 4497 971 4558 ἔτι
1003 4500 1112 4557 δεῖν
1160 4499 1295 4574 ᾤετο
1346 4507 1443 4575 μιᾷ
1490 4501 1650 4558 πόλει
1702 4509 1821 4566 ταῖς

174 4588 410 4661 Ἀθήναις
453 4594 548 4648 τὸν
589 4596 850 4647 τοσοῦτον
896 4591 1225 4667 περιγράψαι
1272 4591 1510 4646 πλοῦτον
1560 4599 1663 4661 τῆς
1712 4594 1818 4668 χά-

178 4695 329 4749 ριτος⁶
365 4681 509 4737 ἀλλᾶ
538 4682 601 4736 τὸ
644 4679 911 4735 τάλαντον
962 4678 1405 4734 πολυπλασιάσαι
1456 4679 1815 4754 βουλόμενος,

178 4767 257 4819 καὶ
299 4774 413 4823 κατ’
466 4768 496 4823 ’t"

179 4853 470 4929 ἀπολιπὼν⁹
523 4857 711 4913 πολλά
771 4858 862 4931 μὲν
917 4857 1054 4911 κατὰ
1101 4865 1202 4933 γῆν
1254 4859 1461 4929 παθὼν,
1516 4858 1704 4913 πολλὰ
1761 4856 1818 4912 δὲ

173 4944 250 4998 καὶ
308 4950 444 5004 κατὰ
496 4946 769 5013 θάλασσαν
815 4945 1110 5021 ὑπομείνας
1160 4947 1226 5001 τὰ
1276 4944 1515 5023 δυσχερῆ
1566 4947 1655 5001 καὶ
1710 4969 1817 5020 μη-

176 5028 223 5087 δὲ
277 5037 376 5092 ὑπὸ
434 5036 644 5093 τούτων
700 5036 1095 5111 κατασχεθεὶς,
1171 5034 1297 5093 ἀλλ’
1360 5035 1489 5112 ὑπὲρ
1548 5038 1615 5091 τὰ
1670 5036 1818 5091 κάτω

173 5123 329 5180 πάντα
373 5130 443 5201 τῇ
488 5125 598 5181 τῶν
645 5122 756 5180 ἅνω
807 5126 1006 5199 θεωρίᾳ
1051 5126 1361 5200 γενόμενος,
1419 5126 1520 5193 τὴν
1565 5124 1818 5200 βασιλίδα

173 5211 377 5287 Ῥώμην
428 5209 881 5287 καταλαμϐάνει,
950 5214 1039 5268 καὶ
1084 5216 1331 5288 πρόσεισι
1391 5212 1668 5287 Κλήμεντι
1726 5215 1815 5269 τὸν

174 5299 530 5359 ἆποστολικὸν
587 5306 883 5373 τηνικαῦτα
939 5302 1127 5377 θρόνον
1186 5302 1448 5358 διέποντιο
1509 5303 1567 5366 ’ὸς
1628 5304 1817 5379 Πὲτρῳ

173 5395 243 5461 τῷ
291 5392 514 5468 μεγάλῳ
547 5394 757 5472 ἐφοίτα,
804 5395 890 5447 καὶ
943 5394 1032 5447 τὸν
1077 5392 1262 5467 θρόνον
1319 5395 1405 5448 ὑπ’
1453 5392 1660 5448 ἐκείνου
1719 5414 1818 5447 πε-

169 5480 432 5540 πίστευτο.
466 5482 657 5555 Τούτῳ
688 5483 777 5536 οὗν
810 5481 1056 5556 πρόσεισι
1090 5482 1391 5551 Διονύσιος,
1438 5482 1527 5537 καὶ
1577 5484 1638 5536 τὸ
1696 5484 1817 5535 καθ’

169 5567 347 5626 ἐαυτὸν
390 5570 745 5648 προσαναθεὶς
800 5568 1129 5646 Εὐαγγὲλιω
1180 5570 1243 5625 τό
1288 5592 1347 5626 τε
1392 5577 1494 5642 τῆς
1545 5568 1820 5633 διακονίας

238 5785 302 5858 (ἰ)
334 5787 355 5844 Ι
384 5789 518 5846 Cor.
549 5804 623 5858 Ix,
654 5786 747 5843 22.

2002 4241 2148 4295 Cum
2207 4255 2339 4294 vero
2390 4238 2461 4292 ad
2516 4240 2736 4291 tantam
2797 4235 3158 4308 pervenisset
3213 4236 3459 4308 gratiam
3517 4239 3583 4290 ut

1931 4329 2167 4400 quando
2225 4327 2502 4397 Deiparaa,
2537 4326 2693 4397 quod
2760 4326 2941 4380 Deum
3005 4325 3265 4395 suscepit
3317 4324 3580 4396 corporis

1929 4417 2238 4487 emigravit
2269 4414 2535 4485 spiritus,
2583 4413 2762 4469 simul
2813 4415 3047 4469 adesset
3092 4430 3225 4468 cum
3272 4411 3574 4482 apostolis,

1929 4506 2026 4575 qui
2059 4521 2163 4575 per
2192 4503 2464 4576 spiritum
2498 4507 2556 4559 et
2586 4503 2803 4559 nubem
2837 4504 2904 4558 ad
2940 4503 3089 4558 hanc
3121 4518 3349 4557 sacram
3381 4517 3578 4558 acces-

1928 4597 2128 4649 serant
2157 4593 2543 4664 sepulturam,
2577 4609 2692 4647 non
2726 4594 2959 4663 amplus
3003 4591 3356 4647 existimavit
3403 4608 3579 4662 opor-

1928 4688 2049 4738 tere
2081 4700 2198 4737 una
2245 4682 2497 4749 civitate,
2541 4698 2754 4752 nempe
2790 4681 3053 4751 Athenis,
3094 4680 3578 4736 circumscribere

473 4768 631 4845 ἴχνος
680 4765 901 4823 ἕπεσθαι
949 4773 1028 4839 τῷ
1079 4765 1413 4841 διδασκάλῳ,
1440 4770 1537 4830 τὰς
1588 4770 1818 4839 Ἀθήνας

1936 4772 2074 4828 tales
2106 4788 2246 4843 opes
2277 4771 2506 4842 gratiae;
2556 4770 2656 4825 sed
2703 4769 2904 4824 volens
2954 4770 3345 4841 multiplicare
3392 4769 3577 4823 talen-

1926 4867 2051 4917 tum
2085 4866 2139 4916 et
2170 4861 2336 4931 sequi
2392 4859 2484 4914 sui
2534 4859 2800 4930 magistri
2834 4859 3098 4930 vestigia,
3132 4858 3350 4913 relictis
3399 4857 3576 4912 Athe-

1928 4951 2038 5021 nis,
2080 4956 2136 5006 et
2161 4954 2314 5005 terra
2345 4953 2400 5005 et
2433 4949 2580 5001 mari
2617 4948 2802 5001 multa
2849 4964 3059 5019 passus
3101 4947 3319 5017 gravia,
3355 4962 3456 5000 nec
3486 4950 3575 5000 ta-

1929 5056 2062 5097 men
2096 5041 2166 5098 ab
2194 5040 2277 5096 eis
2306 5037 2779 5102 retardatus,sed
2803 5052 3194 5108 supernarum
3217 5050 3411 5090 rerum
3435 5050 3574 5090 con-

1926 5131 2305 5200 templatione
2347 5128 2553 5183 inferis
2593 5127 2868 5183 omnibus
2911 5126 3228 5197 superatis,
3262 5124 3333 5180 ad
3356 5124 3578 5193 regiam

1929 5224 2130 5278 urbem
2189 5219 2453 5291 pervenit
2512 5219 2796 5285 Romam;
2859 5221 2917 5271 et
2970 5216 3194 5271 accedit
3223 5215 3461 5286 quidem
3505 5214 3578 5270 ad

1926 5312 2301 5376 Clementem,
2337 5309 2437 5380 qui
2469 5312 2609 5362 tunc
2640 5307 2840 5361 sedem
2891 5306 3125 5360 tenebat
3173 5304 3576 5376 apostolicam,

1928 5403 2200 5472 quiquea
2233 5415 2445 5469 magno
2497 5398 2665 5451 Petro
2722 5397 2908 5450 fuerat
2954 5397 3225 5465 edoctus,
3266 5399 3322 5449 et
3368 5393 3462 5449 cui
3505 5396 3578 5449 ab

1927 5492 2027 5545 illo
2072 5491 2263 5544 fuerat
2321 5488 2541 5543 credita
2599 5487 2787 5542 sedes.
2848 5487 2932 5540 Ad
2984 5502 3117 5541 eum
3167 5501 3305 5556 ergo
3354 5486 3581 5539 accedit

1928 5570 2264 5640 Dionysius,
2298 5572 2355 5623 et
2412 5583 2546 5622 cum
2594 5566 2645 5622 ei
2690 5581 2865 5622 suum
2920 5564 3287 5638 exposuisset
3314 5564 3577 5636 Evange-
