4020 6358
437 474 545 530 595

1664 477 1723 529 Β.
1764 474 2077 529 DIONYSII
2119 475 2618 533 AREOPAGITE.

3723 486 3816 540 596

438 598 693 666 lium,et
721 613 869 668 opus
925 596 1074 651 sacri
1134 595 1469 667 ministerii,
1532 599 1593 651 ut
1650 596 1750 668 qui
1800 601 1955 653 esset
1984 596 2084 652 iis-

2217 590 2354 673 ἔργον
2410 597 2485 662 ὠς
2541 598 2839 673 ὁμοτρόπῳ
2877 598 2966 653 καὶ
3021 600 3371 675 ὁμογνώμονι
3426 606 3814 677 κοινωσάμενος,

441 687 573 742 dem
625 686 889 742 moribus
938 690 995 740 et
1045 685 1336 741 sententia
1394 686 1911 756 communicasset,
1964 686 2091 757 ipse

442 792 576 830 sum
615 774 961 830 adhortatur
1008 779 1072 828 ut
1120 778 1381 828 transeat
1430 775 1501 828 ad
1539 779 1732 844 partes
1763 774 2090 828 occidenta-

441 865 547 921 les.
580 868 723 920 Cum
756 880 824 920 ex
876 864 949 918 iis
998 880 1157 935 ergo,
1191 864 1290 935 qui
1341 880 1475 918 eum
1522 864 1942 934 sequebantur,
1978 862 2093 917 mi-

442 955 646 1011 nistris
705 972 808 1027 per
863 955 1019 1009 vicos
1078 958 1135 1008 et
1191 954 1454 1008 civitates
1508 952 1653 1008 alios
1706 953 1842 1007 alibi
1893 954 2094 1008 distri-

442 1044 689 1115 buisset,
721 1054 775 1099 et
797 1044 1055 1100 salutare
1089 1043 1187 1098 Dei
1223 1042 1603 1114 Evangelium
1628 1044 1917 1113 jussisset
1947 1060 2095 1112 prae-

444 1134 658 1203 dicare,
702 1135 938 1205 ipseque
987 1133 1292 1188 Rusticum
1339 1138 1396 1187 et
1444 1132 1875 1199 Eleutherium,
1929 1131 2095 1187 illum

448 1222 687 1294 quidem
721 1222 1048 1278 Cbrismate
1080 1222 1412 1285 sacerdotii,
1451 1222 1604 1275 hunc
1633 1226 1851 1288 autem,
1887 1236 2097 1291 nempe

445 1312 869 1382 Eleutherium,
926 1312 1306 1369 honestatum
1384 1312 1723 1380 diaconatu,
1775 1312 2096 1383 accepisset

446 1403 762 1474 adjutores,
822 1420 936 1458 non
991 1419 1160 1459 secus
1219 1418 1284 1458 ac
1345 1418 1599 1473 magnus
1628 1404 1937 1474 Apostolus
1969 1401 2095 1472 Syl-

446 1509 661 1547 vanum
693 1497 747 1547 et
778 1492 1182 1557 Timotheum,
1214 1496 1267 1545 et
1300 1492 1371 1545 ad
1412 1490 1610 1546 Gallos
1662 1492 1912 1547 venisset
1942 1490 2096 1547 occi-

449 1580 730 1650 dentales,
765 1596 879 1635 non
934 1580 1126 1635 solum
1179 1579 1372 1634 verbis
1422 1580 1725 1647 doctrinae,
1758 1580 1861 1635 sed
1920 1580 2097 1634 etiam

449 1668 748 1737 signorum
782 1667 1057 1739 operibus
1081 1668 1432 1739 fungebatur
1455 1684 1694 1724 munere
1714 1668 2097 1740 apostolatus,

452 1756 683 1812 medius
734 1774 1023 1829 apparens
1079 1756 1152 1811 iis
1211 1757 1309 1827 qui
1356 1758 1415 1812 in
1466 1775 1815 1828 unaquaque
1870 1757 2100 1812 civitate

451 1845 893 1914 conveniebant,
927 1850 984 1900 et
1022 1846 1091 1900 de
1134 1846 1345 1915 pietate
1405 1846 1583 1899 verba
1614 1846 1828 1900 faciens
1859 1844 1987 1899 sine
2014 1846 2101 1899 in-

457 1933 844 2004 termissione,
885 1938 939 1989 et
979 1935 1264 1989 inducens
1313 1934 1606 1989 auditores
1643 1934 1712 1989 ad
1745 1934 2099 2006 agnitionem

457 2024 587 2093 ejus
623 2022 724 2093 qui
772 2023 931 2093 ipsos
963 2023 1197 2078 creavit.
1224 2026 1366 2077 Cum
1395 2022 1479 2077 sic
1507 2039 1640 2094 ergo
1687 2024 1946 2079 veritatis
1976 2040 2104 2078 ver-

459 2111 601 2166 bum
636 2110 1073 2183 praedicaretur,
1106 2116 1163 2167 et
1220 2112 1416 2166 divina
1463 2112 1699 2183 quidem
1755 2112 1897 2168 fides
1949 2113 2102 2167 340

452 2201 1311 2266 confirmaretur,amoveretur
1345 2207 1539 2257 autem
1574 2203 1765 2257 omnis
1795 2204 1954 2258 fraus
1986 2203 2104 2257 dae-

455 2307 724 2359 monum,
761 2291 1075 2361 quemdam
1111 2308 1179 2346 ex
1216 2292 1288 2347 iis
1312 2293 1410 2363 qui
1454 2309 1586 2347 cum
1613 2309 1678 2347 eo
1702 2294 2103 2362 versabantur,

450 2384 759 2455 inclytum,
786 2383 1053 2455 inquam,
1079 2383 1423 2453 Lucianum,
1451 2384 1551 2455 qui
1582 2386 1757 2440 etiam
1785 2386 2106 2458 presbyteri

455 2473 738 2545 dignitate
756 2476 879 2528 erat
900 2478 1139 2529 ornatus
1157 2475 1308 2542 (eum
1334 2474 1486 2529 enim
1514 2476 1916 2546 sequebantur
1936 2475 2106 2531 multi

455 2578 525 2619 ex
553 2562 625 2617 iis
653 2562 751 2635 qui
779 2563 1052 2619 virtutem
1080 2563 1604 2635 amplectebantur;
1630 2564 1823 2621 simile
1841 2567 2017 2631 enim,
2042 2570 2108 2621 ut

455 2650 696 2717 dicitur,
727 2651 905 2706 simili
933 2651 1475 2723 delectatur),misit
1496 2654 1566 2707 ad
1590 2653 1877 2708 civitatem
1902 2653 2109 2708 insulae

468 2739 857 2807 Belvacensis,
878 2741 1333 2811 praedicaturum
1366 2741 1633 2811 pietatem
1660 2759 1673 2807 ;
1716 2743 1839 2812 ipse
1874 2758 2007 2797 vero
2031 2742 2108 2797 si-

458 2830 582 2882 mul
605 2844 741 2883 cum
768 2829 1005 2883 Rustico
1030 2835 1087 2883 et
1112 2828 1443 2884 Eleutherio
1467 2828 1657 2884 Gallia
1695 2830 1990 2901 Cisalpina
2021 2848 2108 2885 re-

455 2917 613 2987 licta,
646 2935 779 2973 cum
804 2918 913 2972 hoc
936 2934 1287 2988 responsum
1314 2918 1619 2973 habuisset
1659 2920 1731 2973 ab
1755 2920 1981 2991 angelo,
2011 2938 2108 2975 ve-

452 3005 541 3060 nit
568 3007 627 3060 in
660 3006 977 3071 civilatem,
1004 3022 1132 3076 quae
1181 3005 1404 3061 dicitur
1440 3006 1669 3072 Parisii,
1712 3012 1775 3062 ut
1796 3024 1927 3063 cum
1953 3009 2010 3064 in
2044 3026 2112 3065 ea

451 3096 693 3150 verbum
737 3095 1091 3151 seminasset
1121 3094 1449 3167 pietatis,et
1486 3095 1796 3152 redimitus
1840 3103 1991 3153 esset
2014 3115 2109 3153 co-

458 3198 601 3239 rona
623 3185 1043 3257 martyrii,cum
1068 3185 1286 3240 fiducia
1307 3185 1617 3241 sisteretur
1639 3202 1833 3243 coram
1846 3187 1962 3242 Deo
1978 3204 2109 3259 ago-

453 3272 715 3339 notheta,
736 3274 892 3344 quod
912 3274 1185 3344 equidem
1210 3272 1260 3327 ei
1282 3273 1342 3327 in
1368 3273 1515 3328 votis
1543 3280 1686 3343 erat,
1709 3280 1764 3330 et
1793 3275 1901 3330 hoc
1933 3275 1990 3330 in
2023 3293 2105 3331 se-

453 3362 769 3433 quentibus
801 3379 1034 3417 narrare
1067 3366 1353 3433 satagam.

527 3490 667 3543 Cum
699 3503 834 3559 ergo
885 3487 1139 3543 venisset
1186 3488 1257 3542 ad
1309 3487 1461 3543 hanc
1514 3488 1875 3544 Parisiorum
1910 3490 2112 3545 civita-

455 3578 598 3642 tem,
631 3580 689 3629 et
718 3592 845 3630 eam
876 3576 1198 3630 invenisset
1229 3574 1461 3645 plenam
1512 3575 1956 3644 incredulitate;
1990 3596 2112 3647 qua

460 3681 661 3721 eorum
695 3665 1119 3735 quidem,quas
1174 3664 1232 3717 in
1293 3665 1423 3735 ipsa
1478 3671 1646 3719 erant.
1698 3667 2114 3736 puchritudine

467 3757 524 3807 et
554 3750 895 3807 excellentia
943 3750 1280 3805 civitatibus
1332 3752 1561 3823 magnis
1610 3760 1732 3807 erat
1762 3753 1933 3825 longe
1961 3754 2111 3810 inte—

469 3841 609 3907 rior,
651 3839 952 3911 impietate
989 3849 1180 3895 autem
1215 3841 1358 3894 adeo
1381 3848 1503 3895 erat
1526 3842 1803 3896 omnibus
1826 3846 2108 3914 superior,

466 3932 532 3983 ut
585 3944 656 3983 ne
690 3932 930 3999 possent
959 3928 1195 3998 quidem
1255 3944 1390 3982 cum
1442 3946 1507 3983 ea
1555 3930 1819 3985 conferre
1856 3932 2113 4001 undique

466 4018 539 4071 ab
572 4017 934 4072 immanibus
966 4022 1249 4087 occupata
1274 4016 1729 4083 habitatoribus,
1753 4025 1810 4073 et
1835 4024 2112 4089 tanquam

463 4104 614 4160 vallo
646 4104 842 4176 aliquo
890 4106 1055 4161 valde
1088 4106 1316 4161 munita
1359 4106 1594 4162 illorum
1652 4107 2022 4175 crudelitate,
2057 4115 2114 4165 et

464 4209 594 4248 eam
612 4210 936 4265 opponens,
968 4199 1249 4266 tanquam
1283 4195 1518 4266 aliquod
1554 4195 1711 4250 aliud
1746 4196 2109 4266 praesidium.

464 4283 625 4340 Addo
655 4284 811 4356 quod
846 4300 975 4339 cum
1009 4285 1275 4340 omnium
1327 4287 1623 4339 fructuum
1678 4291 1837 4340 esset
1883 4288 2116 4343 fertilis-

467 4371 640 4437 sima,
661 4377 718 4427 et
747 4373 1076 4427 abundaret
1111 4373 1364 4427 maxima
1394 4389 1591 4427 rerum
1632 4376 1897 4429 omnium
1928 4376 2113 4447 copia,

466 4458 619 4515 cives
650 4478 788 4515 suos
821 4459 1010 4531 magis
1062 4459 1346 4515 incitabat
1376 4460 1445 4513 ad
1498 4462 1655 4515 vitia.
1692 4463 1833 4517 Cum
1873 4462 1931 4517 in
1964 4463 2114 4519 hanc

466 4564 601 4619 ergo
632 4549 713 4604 sic
744 4551 1012 4606 affectam
1065 4550 1318 4605 venisset
1375 4549 1696 4620 civitatem,
1731 4553 1933 4607 obibat
1982 4570 2113 4624 per-

464 4645 734 4695 scrutans
756 4638 805 4692 si
838 4654 1013 4710 quem
1046 4638 1241 4693 locum
1282 4644 1484 4709 aptum
1535 4640 1820 4696 inveniret
1854 4644 1923 4697 ad
1958 4642 2114 4712 quie-

2206 687 2307 740 ὑπὸ
2378 687 2574 742 τούτου
2646 690 3011 764 προτρέπεται
3066 690 3157 743 καὶ
3222 690 3359 765 πρὸς
3422 690 3632 767 ἑσπέρια
3679 716 3817 766 μετα-

2205 771 2366 844 ϐῆναι
2430 777 2591 851 μέρη·
2644 777 2847 840 ἄλλους
2906 779 3001 850 μὶν
3057 780 3147 833 οὖν
3204 785 3310 833 τῶν
3368 778 3636 853 ἐπομενων
3693 785 3821 857 αὐτῴ

2205 863 2542 941 λειτουργῶν
2592 866 2845 942 ἀλλαχοῦ
2874 872 2981 921 τῶν
3013 873 3216 940 κωμῶν
3270 890 3327 923 τε
3373 870 3461 923 καὶ
3492 869 3695 925 πόλεων
3723 871 3821 927 δια-

2204 953 2389 1027 νείμας
2423 1003 2436 1026 ,
2490 957 2573 1010 καῖ
2634 958 2696 1010 τὸ
2754 961 2851 1011 τοῦ
2909 961 3041 1012 Θεοῦ
3092 961 3362 1033 σωτήριον
3425 959 3823 1035 εὐαγγελίζεσθαι

2203 1044 2765 1119 παρεγγυησάμενος,
2833 1046 3142 1101 Ῥουστικὸν
3219 1046 3379 1109 αὐτὸς
3446 1048 3533 1102 καὶ
3605 1050 3825 1115 Ἐλευθέ-

2208 1152 2342 1208 ριον,
2392 1135 2479 1187 τὸν
2538 1136 2630 1206 μὲν
2682 1136 2981 1209 ἱερωσύνης
3040 1136 3302 1211 χρίσματι
3361 1134 3602 1208 διακονίᾳ
3650 1137 3702 1193 ὂὶ
3749 1160 3826 1193 τε-

2204 1222 2510 1294 τιμημένον
2576 1222 2667 1278 τὸν
2720 1222 3102 1300 Ἐλευθέριον,
3155 1224 3477 1299 συνεργοὺς,
3537 1226 3757 1304 καθάπερ
3802 1230 3825 1283 ὁ

2211 1311 2374 1385 μέγας
2448 1310 2786 1374 Ἀπόστολος
2854 1312 3156 1368 Σιλουανὸν
3207 1313 3297 1367 καὶ
3341 1314 3628 1386 Τιμόθεον,
3683 1337 3828 1393 παρα-

2208 1396 2391 1455 λαϐὼν
2428 1445 2441 1468 ,
2486 1401 2575 1455 καὶ
2644 1401 2772 1463 τοὺς
2838 1402 3119 1477 ἑσπερίους
3169 1398 3497 1458 καταλαϐὼν
3563 1404 3826 1475 Γαλάτας,

2208 1489 2269 1543 οὐ
2303 1486 2536 1564 διδαχῆς
2574 1489 2738 1561 μόνον
2773 1489 3030 1565 ῥήμασιν,
3071 1490 3217 1546 ἀλλά
3240 1491 3329 1546 καὶ
3383 1492 3623 1565 σημείων
3670 1488 3829 1569 ἔργοις

2207 1578 2525 1647 ἀποστολῆς
2578 1576 2732 1654 ἔργον
2795 1580 3107 1655 εἰργάζετο,
3166 1581 3327 1653 μέσος
3381 1588 3501 1644 τοῖς
3565 1585 3677 1647 καθ’
3731 1585 3831 1638 ἑκά-

2210 1688 2338 1735 στην
2392 1669 2655 1721 συνιοῦσιν
2733 1669 3121 1746 ἐκφαινόμενος
3158 1713 3171 1737 ,
3248 1669 3375 1731 τούς
3446 1692 3503 1725 τε
3570 1674 3663 1740 τῆς
3713 1672 3834 1727 εὗσε-

2210 1751 2358 1817 6είας
2411 1754 2613 1830 λόγους
2673 1755 3033 1819 ἀδιαλείπτως
3085 1758 3376 1825 ἀνακινῶν,
3435 1759 3523 1814 καὶ
3582 1761 3709 1837 πρὸς
3748 1762 3829 1828 τήν

2208 1849 2305 1898 τοῦ
2372 1847 2738 1915 πεποιηκότος
2805 1845 3091 1922 ἐπίγνωσιν
3156 1848 3283 1909 τοὺς
3342 1848 3608 1923 ἀκροατὰς
3663 1849 3832 1923 ἐπαγό-

2131 1972 2178 2037 B
2215 1956 2389 2006 μενος.
2454 1934 2641 1996 Οὕτως
2698 1936 2787 1989 οῦν
2838 1934 2932 1990 τοῦ
2982 1935 3147 2012 λόγου
3188 1944 3284 2007 τῆς
3344 1936 3603 2008 ἀληθείας
3651 1960 3831 2014 κηρυσ·

2213 2021 2494 2094 σομένου,
2570 2023 2660 2077 καὶ
2735 2031 2835 2093 τῆς
2904 2025 2999 2097 μὶν
3067 2026 3212 2089 θείας
3284 2027 3683 2099 κρατυνομὲνης
3756 2026 3830 2081 πί-

2214 2132 2402 2179 στεως,
2462 2109 2788 2183 δαιμονικῆς
2839 2110 2897 2167 δὲ
2938 2115 3117 2184 πάσης
3166 2116 3376 2185 ἀπάτης
3425 2114 3484 2170 ἐκ
3535 2113 3708 2170 ποδῶν
3761 2137 3831 2189 γι-

2213 2201 2471 2273 νομένης,
2530 2206 2636 2254 τῶν
2697 2200 2781 2255 ἐπὶ
2837 2203 3015 2275 τούτῳ
3060 2205 3180 2257 τινά
3234 2204 3505 2259 συνόντων
3566 2202 3830 2259 Λουκιανόν

2215 2311 2357 2367 φημι
2415 2290 2506 2343 τὸν
2536 2287 2805 2362 ἀοίδιμον,
2838 2292 2898 2353 ὃς
2944 2292 3033 2345 καὶ
3065 2295 3131 2365 τῇ
3181 2296 3279 2345 τοῦ
3323 2288 3683 2366 πρεσϐυτέρου
3736 2292 3836 2362 ἀξίᾳ

2215 2378 2528 2451 ἐτετίμητο,
2555 2382 2913 2451 (συνήπτοντο
2961 2381 3061 2453 γὰρ
3115 2380 3263 2453 αὐτῷ
3290 2379 3500 2435 πολλοὶ
3529 2386 3633 2436 τῶν
3670 2381 3837 2455 ἀρετῆς

2222 2467 2717 2541 μεταποιουμένων·
2770 2473 2849 2540 τῷ
2896 2469 3093 2542 ὁμοίῳ,
3157 2470 3306 2547 φασὶ,
3344 2470 3409 2525 τὸ
3466 2469 3838 2544 ὅμοιον’)πρὸς

2216 2558 2314 2625 τὴν
2365 2564 2463 2626 τῆς
2497 2556 3105 2629 Βελουακένσις’νήσου
3154 2554 3315 2614 πόλιν
3370 2558 3647 2633 ἐκπέμψας
3697 2556 3841 2631 κηρό-

2204 2649 2380 2718 “ξοντα
2434 2648 2532 2715 τήν
2595 2643 2868 2701 εὐσέϐειαν
2904 2691 2918 2715 ,
3000 2647 3157 2709 αὐτὸς
3228 2649 3342 2720 ἅμα
3417 2650 3708 2720 Ῥουστικῷ
3770 2646 3843 2700 καὶ

2220 2735 2544 2809 Ἐλευθερίῳ
2595 2738 2694 2804 τήν
2742 2734 2979 2791 Γαλλίαν
3036 2736 3255 2809 λιπὼν,
3317 2735 3522 2802 ἄνωθεν
3582 2738 3723 2807 αὐτῷ
3773 2755 3844 2789 κε-

2218 2826 2695 2901 χρηματισμένον,
2751 2826 2800 2880 ἐν
2862 2829 3092 2900 Ιίαρισίᾳ
3122 2826 3398 2902 λεγομένῃ
3442 2831 3508 2901 τῇ
3540 2825 3693 2881 πόλει
3722 2824 3845 2898 γίνε-

2217 2936 2327 2983 ται,
2388 2915 2461 2976 ὡς
2521 2914 2579 2968 ἂν
2636 2916 2769 2987 μετά
2811 2915 3117 2991 παρρησίας
3168 2915 3304 2988 αὐτῇ
3363 2917 3459 2971 τὸν
3488 2924 3586 2985 τῆς
3616 2914 3843 2983 ἀληθείας

2222 3002 2386 3078 λόγον
2465 3003 2990 3078 ἐγκατασπείραντι,
3068 3004 3158 3059 καὶ
3230 3005 3324 3059 τὸν
3404 3010 3501 3060 τοῦ
3575 3001 3845 3079 μαρτυρίου

2220 3090 2616 3164 ἀναδησαμένῳ
2692 3094 2994 3169 στέφανον,
3072 3094 3204 3164 μετὰ
3270 3092 3579 3170 παρρησίας
3645 3090 3729 3147 καὶ
3779 3093 3846 3159 τῷ

2221 3181 2533 3255 ἀγωνοθέτῃ
2598 3188 2934 3255 παραστῆναι
3007 3186 3123 3253 Θεῷ
3197 3180 3468 3255 γένηται,
3539 3183 3567 3236 ’ὀ
3638 3179 3701 3248 δὴ
3754 3181 3845 3232 τῶν

2220 3268 2420 3346 ἐφετῶν
2453 3268 2599 3341 αὐτῷ
2625 3269 2687 3322 τὸ
2718 3268 3033 3342 ἀκρότατον·
3068 3268 3158 3322 καὶ
3190 3268 3219 3322 ὃ
3254 3268 3349 3341 μτὶ
3382 3270 3594 3345 προϊὼν
3627 3268 3653 3322 ὁ
3704 3264 3847 3338 λόγος

2135 3335 2176 3401 C
2226 3356 2547 3429 δηλώσειεν.

2292 3483 2381 3538 Ἐν
2457 3481 2633 3536 τοίνυν
2710 3486 2778 3555 τῇ
2849 3482 3085 3557 Παρισίᾳ
3149 3480 3320 3557 ταύτῃ
3404 3481 3713 3559 γενόμενος,
3778 3478 3851 3532 καὶ

2224 3570 2413 3643 πλήρη
2472 3572 2570 3639 τὴν
2633 3570 2798 3625 πόλιν
2861 3571 3111 3633 ἀπιστίας
3169 3571 3368 3647 εὑρὼν,
3419 3568 3615 3626 κάλλει
3650 3569 3737 3642 μὲν
3779 3565 3855 3621 καὶ

2227 3660 2433 3736 μεγέθει
2476 3659 2566 3714 καὶ
2615 3658 2818 3730 πλήθει
2859 3664 2967 3714 τῶν
3001 3659 3053 3714 ἐν
3094 3658 3229 3734 αὐτῇ
3262 3660 3410 3715 πολύ
3448 3682 3504 3715 τι
3551 3664 3656 3713 τῶν
3716 3654 3854 3730 μεγά-

2225 3749 2337 3805 λων
2370 3748 2584 3804 πόλεων
2621 3748 3091 3821 ἀπολειπομένην*
3147 3752 3215 3821 τῇ
3268 3746 3325 3802 δὲ
3375 3743 3595 3819 ἀσεϐείᾳ
3637 3742 3853 3813 τοσούτῳ

2222 3844 2406 3892 πασῶν
2451 3842 2796 3913 κρατοῦσαν,
2858 3837 2970 3909 ὅσῳ
3032 3835 3173 3909 μηδὲ
3227 3831 3571 3911 παραϐαλεῖν
3629 3833 3853 3894 δύνασθαι

2222 3925 2450 3996 ἀπηνέσι
2509 3947 2567 3980 τε
2626 3931 2889 3990 πάντοθεν
2943 3924 3372 3998 ἀπειλημμένην
3430 3925 3733 3999 οἶκήτορσι,
3781 3916 3853 3973 καὶ

2224 4016 2401 4090 ὥσπερ
2479 4015 2586 4071 τινὶ
2661 4016 2857 4091 τειχίῳ
2932 4015 3456 4090 περιπεφραγμένην
3519 4014 3751 4088 ἷσχυρῶς

2224 4104 2440 4159 ἐκείνων
2517 4104 2788 4177 ὠμότητι,
2861 4104 2951 4158 καὶ
3027 4102 3227 4171 ταύτην
3306 4104 3420 4158 ἀντ’
3496 4101 3670 4157 ἄλλου
3734 4096 3857 4155 τινὸς

2222 4192 2596 4270 φυλακτηρίου
2653 4190 3023 4269 προίσχουσαν
3062 4210 3075 4224 ⁸
3148 4191 3337 4253 ἄλλως
3404 4213 3465 4246 τε
3542 4188 3599 4245 δὲ
3658 4187 3741 4243 καὶ
3789 4185 3857 4237 δτι

2225 4282 2360 4355 πρὸς
2414 4286 2635 4355 καρπῶν
2698 4280 2945 4334 ἀπάντων
3007 4280 3175 4357 φορὰν
3208 4281 3443 4355 γόνιμος
3506 4278 3571 4347 ἧν
3632 4272 3855 4345 ἡπόλις,

2225 4369 2460 4431 καὶτοῖς
2511 4368 2828 4447 φιλοτίμοις
2874 4375 3032 4423 πᾶσιν
3094 4368 3395 4440 εὐθηνοῦσα
3440 4368 3531 4423 καὶ
3587 4367 3857 4441 περιττοῖς,

2226 4458 2254 4512 ὃ
2297 4458 2385 4512 καὶ
2440 4458 2650 4532 μᾶλλον
2710 4459 2837 4520 τοὺς
2884 4457 3119 4519 πολίτας
3171 4454 3402 4535 ἤλειφεν
3436 4458 3513 4519 εἷς
3563 4454 3760 4511 κακίαν·
3816 4447 3857 4501 ἐν

2224 4547 2360 4621 αὐτῇ
2414 4548 2591 4602 τοίνυν
2656 4549 2827 4610 οὕτως
2885 4547 3088 4622 ἐχούσῃ
3116 4546 3436 4621 γενόμενος,
3493 4543 3703 4619 περιῄει
3756 4540 3855 4594 ἀνε-

2225 4642 2443 4711 ρευνῶν,
2477 4635 2529 4691 εἷ’
2552 4659 2656 4692 που
2687 4638 2807 4693 τινὰ
2838 4639 2975 4711 πρὸς
3007 4636 3238 4711 ἡσυχίαν
3288 4636 3439 4712 εὕροι
3488 4636 3653 4690 τόπον
3710 4629 3859 4696 ἑαυτῷ

463 4730 605 4784 tem.
629 4726 791 4790 Quod
819 4731 1016 4781 autem
1049 4728 1348 4797 quaerebat
1380 4734 1753 4795 consecutus,
1814 4746 1918 4800 pro
1975 4729 2105 4783 viri-

2224 4724 2573 4796 ἐπιτήδειον.
2649 4727 2747 4781 Καὶ
2807 4724 2873 4795 δὴ
2929 4726 3018 4781 τὸν
3077 4724 3412 4798 ζητούμενον
3474 4724 3657 4800 τυχὼδ
3715 4717 3859 4783 ναὸν,

464 4818 578 4873 bus
603 4816 801 4872 statim
834 4816 1121 4889 templum
1154 4816 1361 4872 habuit
1394 4823 1487 4871 :et
1521 4825 1584 4871 ut
1625 4819 1725 4888 qui
1777 4820 1832 4873 in
1878 4820 2114 4890 regione

465 4905 654 4962 aliena
678 4910 835 4961 esset
884 4906 1098 4977 hospes
1145 4910 1202 4960 et
1230 4907 1472 4971 advena,
1525 4912 1581 4960 et
1614 4907 1826 4961 multos
1874 4908 2115 4963 haberet

466 4996 737 5052 adversos
786 5000 1023 5068 propter
1078 4995 1471 5051 diversitatem
1540 4995 1854 5065 opinionis,
1902 4999 2115 5052 excitat

465 5084 779 5140 oratorium
805 5092 864 5141 et
893 5083 1202 5156 templum,
1238 5085 1393 5156 quod
1427 5084 1595 5156 plane
1639 5092 1764 5140 erat
1794 5086 1953 5141 salus
1987 5088 2111 5141 ani-

465 5189 717 5228 marum.
740 5179 883 5229 Nam
911 5191 1045 5229 eum
1072 5174 1382 5228 maximam
1408 5175 1639 5244 piorum
1674 5174 2110 5231 multitudinem

464 5262 525 5315 in
584 5278 651 5317 eo
682 5268 1116 5336 congregasset,
1177 5266 1234 5317 et
1290 5279 1466 5331 puros
1513 5262 1939 5319 sacrilicatores
2000 5267 2109 5320 Deo

462 5351 848 5417 exhibuisset,
901 5358 1171 5407 sanctum
1225 5368 1479 5423 gregem,
1536 5357 1601 5406 ut
1657 5351 1837 5407 semel
1894 5353 2107 5424 dicam,

463 5440 753 5513 templum
787 5443 1003 5509 efficit;
1040 5443 1210 5511 cujus
1242 5442 1367 5513 ipse
1408 5446 1533 5496 erat
1574 5447 1774 5512 pastor
1804 5457 1917 5495 non
1953 5458 2105 5496 mer-

463 5531 735 5587 cenarius
783 5550 795 5587 :
846 5531 1195 5604 quemlibet,
1248 5531 1349 5603 qui
1397 5530 1629 5586 errabat
1678 5529 2103 5597 incredulitate,

460 5620 724 5677 veritatis
755 5621 952 5677 fistula
981 5621 1051 5677 ad
1085 5621 1261 5675 fidem
1295 5637 1592 5689 revocans,
1617 5623 1674 5676 et
1720 5637 1819 5676 eos
1869 5620 1969 5691 qui
2014 5636 2102 5674 er-

461 5724 593 5764 rore
651 5711 1027 5783 aegrotabant,
1064 5726 1237 5765 curas
1268 5708 1627 5765 salutaribus
1661 5707 2103 5765 medicamentis

458 5798 896 5871 Scripturarum
935 5817 947 5856 :
986 5816 1085 5857 eos
1116 5804 1336 5870 autem,
1364 5799 1466 5871 qui
1490 5800 1615 5871 jam
1646 5801 1812 5854 erant
1843 5797 2101 5868 contriti,

2224 4813 2375 4875 εὐθὺς
2425 4815 2558 4883 ὡςή
2594 4812 2817 4887 δύναμις
2853 4814 2989 4889 εἶχε,
3036 4814 3126 4867 καὶ
3160 4816 3250 4868 οἷα
3301 4813 3352 4867 ἐν
3412 4810 3682 4886 ἀλλοτρία
3733 4806 3860 4877 ξένος

2224 4900 2296 4956 ὣν
2338 4904 2539 4965 ἐκεῖνος
2570 4904 2659 4958 καὶ
2710 4899 2942 4972 ἔπηλυς,
2998 4903 3089 4957 καὶ
3120 4901 3370 4964 πολλοὺς
3423 4898 3567 4977 ἔχων
3625 4899 3744 4958 τοὺς
3781 4891 3861 4947 ἂν·

2219 4994 2557 5065 τικειμένους
2612 4990 2699 5047 διὰ
2755 4994 2818 5046 τὸ
2874 4990 3237 5068 ἐτερόδοξον,
3298 4991 3557 5065 ἀνεκείρει
3610 4986 3861 5057 εὐκτήριον

2220 5083 2309 5136 καὶ
2368 5084 2534 5155 ναὸν,
2593 5078 2929 5157 αὐτόχρημα
3001 5081 3277 5158 σωτηρίαν
3333 5085 3559 5156 ψυχῶν.
3620 5069 3863 5165 Ηάμπολῑς

2219 5174 2317 5249 γάρ
2366 5193 2417 5227 τι
2469 5172 2681 5242 πλῆθος
2734 5168 3003 5236 θεοσεϐῶν
3058 5170 3109 5226 ἐν
3159 5173 3339 5243 τούτῳ
3394 5167 3746 5243 συναγαγὼν,
3789 5171 3861 5215 και

2220 5262 2378 5324 θῦτας
2428 5262 2696 5337 καθαροὺς
2754 5267 2834 5335 τῶ
2884 5266 2998 5333 Θεῷ
3056 5262 3582 5335 παραστησάμενος,
3638 5252 3860 5324 ποίμνην

2218 5350 2395 5425 ἀγίαν,
2448 5352 2523 5413 ὡς
2569 5352 2776 5423 εἰπεῖν,
2809 5351 2901 5404 τὸν
2953 5351 3076 5404 ναὸν
3125 5349 3511 5426 ἀπειργάσατο,
3563 5348 3630 5414 ἧς
3682 5338 3865 5412 ποιμῆν

2219 5438 2375 5494 οὗτος
2437 5437 2498 5495 οὗ
2580 5441 2878 5514 μισθωτός’
2940 5439 3109 5494 πάντα
3139 5440 3229 5493 τὸν
3263 5439 3487 5509 ἀπιστίᾳ
3535 5433 3862 5503 πλανώμενον

2214 5532 2283 5601 τῇ
2352 5536 2453 5598 τῆς
2514 5526 2791 5599 ἀληθείας
2861 5528 3076 5604 σύριγγι
3131 5530 3266 5602 πρὸς
3338 5528 3523 5582 πίστιν
3583 5514 3858 5579 ἀνακαλοῦ.

2223 5639 2411 5691 μενος,
2453 5619 2542 5673 καὶ
2587 5619 2716 5681 τοὺς
2778 5619 2871 5692 μὶν
2918 5617 2988 5692 τῇ
3046 5616 3229 5693 πλάνῃ
3288 5621 3577 5676 νοσοῦντας
3630 5616 3739 5671 τοῖς
3763 5624 3855 5693 σφ’

2208 5705 2501 5782 τηριώδεσι
2582 5712 2689 5763 τῶν
2754 5708 2977 5786 Γραφῶν
3044 5692 3353 5785 φαρμάκοις
3415 5705 3663 5779 ἰώμενος,
3735 5692 3848 5786 τοῦς

2212 5792 2270 5851 δὲ
2318 5792 2425 5867 ἤδη
2477 5785 2969 5875 συντιτριμμένὸυς
3021 5799 3090 5870 τῇ
3141 5793 3476 5868 διδασκαλίᾳ
3521 5785 3847 5859 καταδεσμῶν
