4020 6358
231 411 341 467 597

1180 414 1371 480 νιΤΑ,
1414 414 1746 469 AUCTORE
1786 376 2130 468 srmone
2168 416 2722 470 METAPHRASTE.

3545 412 3657 466 598
3680 386 3687 429 ³

232 537 324 593 καὶ
355 537 496 612 πρὸς
524 537 622 606 τήν
672 534 941 605 ἀληθινὴν
984 534 1126 610 ἄγων
1177 535 1372 610 ὑγείαν.
1409 536 1567 593 Ἀλλ’
1590 535 1743 612 ’ίναγε
1769 540 1884 601 καθ’

2003 539 2268 596 doctrina
2301 540 2573 613 alligans,
2608 544 2665 596 et
2696 540 2766 595 ad
2808 555 3005 596 veram
3046 541 3269 596 ducens
3315 539 3649 596 sanitatem.

228 623 414 680 ὁδὸνὸ
458 625 626 700 λόγος
682 626 818 698 ἡμῖν
868 622 1061 698 προίῃ,
1120 626 1205 680 καὶ
1264 630 1424 682 τοῦτο
1482 627 1885 701 τέράστιοντῶν

224 716 418 783 αὐτοῦ,
480 715 554 777 ὡς
607 713 666 768 ἐκ
714 718 819 768 τῶν
872 713 1077 768 ἐκείνου
1127 712 1200 768 ἔνι
1254 717 1459 786 μαθεῖν.
1495 712 1835 790 διηγήσομαι
1874 735 1886 747 ·

224 812 501 877 Διονυσιῳ
552 803 875 877 θεραπευταὶ
931 804 1025 875 μὲν
1073 805 1162 858 καὶ
1216 801 1412 879 ἕτεροι,
1447 808 1523 866 εἷς
1576 802 1633 859 δέ
1680 827 1762 869 τις
1792 805 1886 859 αὗ-

220 899 332 949 τῶν
367 894 457 948 καὶ
509 890 851 970 Δημόφιλος.
905 893 1212 970 Δημοφίλῳ
1258 890 1315 948 δὲ
1359 892 1521 956 πόλις
1568 896 1602 963 ἡ
1652 899 1762 949 τῶν
1795 896 1886 950 Ἀ-

223 987 406 1053 θηνῶν
443 982 708 1057 ἐπαρχία,
756 981 951 1058 σχῆμά
997 1002 1056 1035 τε
1112 982 1202 1036 καὶ
1258 982 1376 1057 βίος
1410 985 1656 1058 μονήρης
1690 1003 1702 1016 ’
1735 984 1797 1038 τὸ
1829 982 1886 1038 δὲ

224 1078 473 1147 μονῆρες
530 1071 710 1144 τούτῳ
770 1072 824 1126 αἱ
869 1070 1097 1147 καθαραὶ
1147 1072 1235 1126 καὶ
1281 1070 1703 1147 ἱεροτελεστικαῖ
1763 1081 1883 1127 Διο-

219 1160 414 1216 νυσίου
455 1166 641 1237 χεῖρες
687 1160 963 1238 ἐπέθεσαν.
1012 1161 1176 1231 Τάξις
1228 1158 1361 1230 αὕτη
1417 1162 1563 1238 παρά
1602 1162 1882 1217 Διονυσίου

217 1249 309 1304 καὶ
345 1249 667 1327 λειτουργία
702 1254 781 1322 τῷ
828 1249 1004 1325 ἀνδρὶ,
1052 1254 1171 1313 ταῖς
1218 1255 1315 1306 τοῦ
1354 1256 1485 1306 ναοῦ
1531 1250 1732 1316 πύλαις
1762 1252 1881 1327 ἐφε-

217 1360 436 1396 σταναι.

285 1447 350 1503 Ὀ
404 1446 584 1501 τοίνυν
635 1445 959 1524 Δημόφιλος
1011 1448 1192 1517 οὗτος,
1250 1448 1342 1502 τὸν
1399 1449 1589 1503 ἑαυτοῦ
1646 1443 1879 1523 πρεσϐύ-

208 1557 373 1611 τερον
460 1535 783 1609 θεσσάμενος
868 1535 1259 1613 ἐπιστραφέντα
1342 1538 1463 1591 τινὰ
1519 1538 1653 1613 πρὸς
1724 1539 1879 1611 μετά-

210 1646 374 1679 νοιαν
439 1630 741 1698 συμπαθῶς
810 1623 1263 1700 προσδεξάμενον,
1334 1628 1520 1700 πράως
1581 1626 1679 1681 οὐκ
1735 1628 1878 1703 ἐνεγ-

209 1714 351 1781 κὼν,
416 1713 565 1769 ἀλλά
617 1717 959 1790 χαλεπήνας,
1040 1713 1169 1769 εἷ’σω
1245 1737 1302 1770 τε
1365 1720 1471 1770 τῶν
1541 1720 1636 1771 τοῦ
1690 1718 1873 1771 θυσια-

208 1804 451 1875 στηρίοτ
512 1800 721 1858 ἀδύτων
776 1803 1088 1877 γενόμενος,
1152 1805 1223 1857 ὧν
1284 1799 1578 1858 ἐπιϐαίνειν
1635 1804 1734 1859 οὐκ
1783 1806 1872 1859 ἀσ-

2002 629 2109 685 Sed
2146 634 2210 684 ut
2241 636 2402 686 certa
2428 631 2597 686 nobis
2629 631 2719 685 via
2742 631 3015 701 procedat
3045 631 3253 697 oratio,
3286 630 3395 685 hoc
3419 646 3653 702 quoque

1998 719 2126 788 ejus
2184 720 2548 784 admirabile,
2602 725 2665 775 ut
2689 737 2757 774 ex
2787 718 2946 774 illius
2980 718 3247 790 epistolis
3280 718 3415 774 sciri
3436 723 3650 790 potest,

1998 811 2269 865 narrabo.
2324 810 2525 865 Plures
2595 810 2833 881 quidem
2888 816 3055 864 erant
3113 809 3385 880 Dionysio
3453 809 3647 863 thera-

1997 906 2205 972 peutae,
2242 918 2395 955 unus
2427 906 2623 955 autem
2657 915 2723 954 ex
2754 899 2828 953 iis
2860 904 2985 954 erat
3020 900 3192 955 etiam
3242 898 3648 970 Demophilus,

1996 990 2095 1061 qui
2127 990 2270 1044 civis
2300 995 2424 1044 erat
2454 989 2764 1061 provinciae
2806 988 3204 1054 Atheniensis,
3237 987 3561 1058 habituque
3593 991 3650 1043 et

1992 1074 2109 1134 vita
2134 1078 2460 1133 monachus
2487 1104 2500 1145 ;
2535 1078 2955 1133 monachatum
2972 1086 3163 1133 autem
3180 1078 3229 1131 ei
3247 1077 3649 1147 imposuerant

1993 1186 2152 1240 purae
2184 1169 2332 1223 847
2380 1172 2436 1222 et
2484 1168 2669 1222 sacris
2719 1158 3031 1222 initiantes
3080 1183 3294 1222 manus
3342 1165 3643 1236 Dionysii;

1991 1259 2131 1313 ordo
2162 1257 2256 1312 hic
2295 1261 2352 1311 et
2398 1256 2795 1311 ministerium
2833 1257 2956 1312 viro
3006 1255 3105 1311 isti
3145 1274 3176 1311 a
3224 1254 3521 1327 Dionysio,
3579 1258 3646 1308 ut

1991 1350 2266 1420 praesset
2289 1346 2494 1416 januis
2524 1344 2748 1415 templi.

2060 1458 2163 1512 Hic
2202 1474 2339 1529 ergo
2412 1456 2793 1527 Demophilus
2835 1472 2970 1511 cum
3024 1454 3340 1527 aliquando
3396 1452 3642 1509 vidisset

1988 1563 2156 1602 suum
2192 1546 2623 1617 presbyterum,
2656 1546 2973 1616 quemdam
3008 1544 3253 1616 impium
3287 1548 3461 1614 atque
3505 1559 3637 1614 pec-

1987 1642 2238 1693 catorem
2282 1637 2350 1690 ad
2391 1635 2795 1705 pcenitentiam
2829 1650 3199 1701 conversum,
3252 1632 3454 1703 illique
3500 1648 3635 1701 pro-

1985 1726 2271 1779 cidentem
2302 1722 2758 1778 misericorditer
2776 1721 3100 1792 excepisse,
3133 1720 3375 1776 minime
3431 1718 3635 1773 leviter

1984 1814 2197 1881 ferens,
2232 1818 2291 1867 at
2312 1813 2687 1868 exacerbatus
2718 1816 2775 1865 et
2802 1811 2955 1866 intra
2986 1810 3228 1866 sacrarii
3270 1810 3443 1881 adyta
3480 1807 3633 1862 exsi-

206 1890 408 1969 φαλὶς.
471 1890 597 1947 οὐδὲ
654 1893 984 1967 προσψαύειν
1046 1891 1217 1960 ὅσιον,
1275 1893 1717 1967 ἐκπομπευθῆναι
1776 1895 1871 1968 μὶν

1983 1908 2143 1958 stens
2175 1920 2297 1972 quae
2330 1901 2558 1974 ingredi
2591 1917 2901 1973 aequaque
2932 1905 3148 1971 tutum,
3201 1915 3391 1969 neque
3447 1897 3629 1953 attin-

201 1981 271 2034 τὰ
333 1982 507 2055 ’Ἅγια
553 1985 660 2035 τῶν
712 1982 881 2055 ἁγίων
940 1988 1108 2051 ποιεῖ,
1167 1983 1257 2037 τὸν
1309 1980 1366 2037 δὲ
1415 1983 1610 2054 ἀγαθὸν
1666 1983 1865 2038 ἐκεῖνον

200 2069 360 2144 ἱερέα
390 2070 484 2124 καὶ
540 2068 747 2146 ἥμερον
803 2069 1043 2145 πληγαῖς
1095 2072 1158 2126 οὗ
1218 2077 1483 2150 φορηταῖς
1516 2068 1819 2127 ὑποϐάλλει
1852 2090 1867 2105 ’

196 2157 343 2212 κατά
402 2179 464 2212 τε
502 2165 600 2227 τῆς
649 2158 853 2235 κορῥης
900 2160 1073 2214 παίων
1126 2162 1376 2228 ἀντωθεῖ,
1429 2162 1519 2215 καὶ
1572 2164 1705 2234 μετά
1729 2163 1867 2217 πολ·
1902 2160 1915 2169 ”

194 2243 307 2315 λῆς
392 2253 497 2315 τῆς
554 2245 738 2309 αἰδοῦς
818 2247 1113 2322 προσιόντα
1191 2248 1428 2325 θρασέως
1494 2250 1867 2319 ἀπολακτίζει.

192 2330 376 2403 ἀσεϐῆ
412 2332 594 2409 λέγων
644 2335 734 2390 καὶ
786 2334 1097 2412 ἀλιτήριον,
1147 2339 1239 2393 τὸν
1284 2334 1577 2414 ἀγαθότητι
1630 2344 1870 2415 παρορᾷν

188 2421 514 2496 ἠξιωμένον
546 2422 612 2477 τά
659 2427 758 2477 τοῦ
803 2423 941 2477 λαοῦ
994 2424 1340 2501 ἀγνοήματα,
1392 2426 1592 2498 καὶτῷ
1624 2426 1872 2502 ἀρχιερεῖ

194 2512 482 2583 Διονυσίῳ
509 2513 598 2565 καὶ
648 2511 1029 2587 ἀρχιποιμένι,
1087 2516 1159 2575 ὡς
1214 2516 1354 2590 μέγα
1397 2537 1447 2569 τι
1495 2516 1634 2591 πρὸς
1671 2516 1864 2591 ἀρετὴν

193 2600 589 2676 εἴργασμένος,
646 2599 995 2678 διαχαράττει
1042 2604 1103 2658 τὸ
1162 2604 1412 2679 γεγονὸς,
1459 2604 1570 2658 ἄνω
1599 2605 1689 2659 καὶ
1722 2606 1867 2659 κάτω

189 2688 466 2763 θρυλλῶν
524 2697 625 2760 τῆς
684 2692 932 2766 θρασείας
984 2691 1192 2764 ἐκείνης
1239 2692 1559 2763 ἐπιπολῆς,
1619 2694 1692 2755 ὡς
1760 2694 1868 2770 οὐχ

190 2778 393 2833 ἑαυτὸν
451 2777 686 2851 μᾶλλον,
745 2778 891 2835 ἀλλὰ
946 2781 1035 2836 καὶ
1088 2782 1179 2837 τὸν
1241 2784 1371 2837 Θεὸν
1432 2780 1754 2854 ἐκδικήσειε.
1804 2783 1865 2837 Τί

195 2865 296 2930 οὗν
375 2864 627 2938 ἐκεῖνος;
686 2870 769 2941 ἆρ’
820 2867 855 2938 ἢ
903 2870 965 2923 τὸ
1010 2874 1116 2925 τῶν
1170 2870 1402 2926 πολλῶν
1458 2870 1673 2940 ἔπαθεν,
1706 2871 1741 2941 ἥ
1774 2871 1862 2927 καὶ

192 2958 409 3029 μικρὸν
468 2955 613 3019 ὅλως
664 2965 765 3027 τῆς
835 2960 1135 3038 συντρόφου
1215 2956 1540 3034 μεταϐαλεῖν
1600 2962 1861 3036 ἐνομίσθη

189 3046 633 3122 χρηστότητος;
698 3045 987 3121 οὕμενουν,
1069 3050 1167 3104 οὐκ
1238 3045 1380 3105 ἔστιν
1453 3051 1622 3108 εἷ’πεῖν
1659 3072 1671 3085 ·
1750 3049 1864 3106 οὐδ’

187 3132 351 3209 ἔργῳ
414 3136 506 3190 τὸν
568 3138 930 3211 ἡμαρτηκότα
1004 3139 1275 3212 ἠμύνατο,
1340 3139 1488 3195 ἀλλὰ
1536 3141 1685 3217 λόγω
1736 3141 1863 3214 θείῳ

185 3223 284 3276 καὶ
325 3222 669 3297 σωτηριώδει
718 3224 1047 3281 πεπαίδευκε
1079 3247 1091 3259 ’
1143 3229 1241 3297 τὴν
1302 3229 1436 3303 πρὸς
1491 3230 1687 3304 ἀρετὴν
1718 3232 1858 3302 ὁμοῦ

183 3312 281 3366 καὶ
346 3318 520 3367 πᾶσαν
581 3313 871 3387 εὐκοσμίαν
918 3318 1189 3370 τυποῦσάν
1247 3338 1306 3371 τε
1352 3317 1441 3371 καὶ
1502 3318 1861 3394 ῥυθμίζουσαν

185 3399 415 3469 ἐκείνην
476 3400 686 3476 γράψας
739 3402 1057 3473 ἐπιστολὴν,
1131 3405 1220 3459 καὶ
1279 3402 1587 3481 πραότητος
1642 3404 1862 3461 ὑπόδει-

182 3509 315 3563 γμα
361 3489 457 3543 τὸν
500 3491 736 3565 Ἀαρὼν,
770 3493 858 3547 τὸν
919 3491 1104 3565 Δαυίδ,
1157 3495 1246 3549 καὶ
1305 3496 1521 3568 ὲτέρους
1573 3517 1861 3572 παραστη-

187 3578 442 3649 σάμενος
478 3593 494 3610 ’
526 3579 596 3647 ἧς
640 3576 732 3633 ’ίνα
786 3582 885 3649 τὴν
938 3578 1117 3652 ἄλλην
1165 3584 1301 3657 πρὸς
1352 3585 1414 3638 τὸ
1466 3585 1659 3660 ἀγαθὸν
1706 3605 1865 3639 κατα-

189 3664 356 3720 λίπω
418 3667 792 3740 παρακλησιν,
852 3668 998 3725 ἀλλά
1053 3678 1151 3741 τῆς
1200 3674 1463 3746 ὁράσεως,
1522 3673 1589 3741 ἧς
1646 3671 1861 3743 διέξεισι

189 3755 343 3830 πρὸς
378 3756 538 3811 αὐτὸν
570 3759 644 3821 ὡς
709 3762 812 3815 ὑπὸ
864 3765 959 3816 τοῦ
1003 3767 1110 3817 τῶν
1170 3765 1341 3838 ἁγίων
1387 3766 1683 3836 θεαθείσης,
1729 3788 1864 3839 μνη·

192 3847 503 3917 σθήσομαι.
537 3846 674 3923 Εἶχε
705 3847 763 3903 δὲ
802 3850 940 3905 κατά
969 3849 1109 3921 λέξιν
1145 3851 1316 3915 οὕτως
1348 3873 1360 3886 ·

272 4043 578 4116 Γινόμενόν
640 4046 705 4118 μέ
764 4069 894 4102 ποτε
967 4049 1102 4104 κατά
1165 4052 1266 4120 τὴν
1337 4054 1573 4127 Κρήτην,
1636 4055 1664 4108 ὁ
1715 4054 1862 4129 ἱερὸς

197 4132 576 4208 ἐξεναγωγητε
636 4136 879 4211 Κάρπος,
938 4137 1099 4213 ἀνὴρ,
1155 4140 1245 4194 καὶ
1303 4138 1359 4194 εἷ’
1395 4163 1476 4203 τις
1527 4141 1721 4210 ἄλλος,
1775 4142 1863 4198 διὰ

192 4219 427 4290 πολλὴν
454 4225 804 4298 καθαρότητα
848 4232 941 4281 νοῦ
995 4229 1132 4303 πρὸς
1185 4230 1436 4293 θεοπτίαν
1492 4232 1863 4300 ἐπιτηδειότα-

192 4332 297 4373 τος
332 4329 346 4343 ·
380 4311 472 4365 καὶ
519 4317 645 4388 γοῦν
708 4313 834 4370 οὐδὲ
880 4323 1001 4379 ταῖς
1047 4319 1224 4392 ἁγίαις
1262 4325 1369 4374 τῶν
1427 4322 1738 4395 μυστηρίων
1770 4344 1862 4378 τε-

195 4399 389 4462 λεταῖς
478 4400 762 4480 ἐνεχείρει,
851 4408 928 4479 μὴ
992 4408 1253 4484 πρότερον
1338 4409 1484 4481 αὐτῷ
1568 4413 1704 4466 κατά
1765 4412 1863 4475 τὰς

194 4487 558 4565 προτελείονς
613 4491 800 4567 dixitq,
885 4494 1033 4571 ἱερᾶς
1118 4496 1205 4551 καὶ
1295 4498 1549 4570 εὐμενοῦς
1626 4499 1863 4573 ὁράσεως

199 4579 654 4658 ἐπιφαινομένης.
701 4582 923 4660 Ἔλεγεν
985 4584 1099 4653 οὖν,
1159 4586 1265 4659 ὅτι,
1339 4587 1717 4660 λελυπηκότος
1768 4591 1862 4646 αὐ-

1981 2009 2116 2065 gerc
2146 1996 2443 2060 sanctum,
2477 1992 2692 2046 Sancta
2731 1996 3068 2046 sanctorum
3103 1988 3332 2061 publice
3371 1987 3627 2043 ludibrio

1978 2080 2182 2135 haberi
2222 2080 2380 2147 facit,
2432 2080 2651 2134 bonum
2702 2082 2899 2133 autem
2949 2076 3117 2131 illum
3154 2075 3515 2130 sacerdotem
3568 2078 3626 2129 et

1980 2175 2358 2225 mansuetum
2403 2168 2592 2241 plagis
2625 2166 3100 2223 intolerabilibus
3149 2162 3410 2235 subjicit,
3450 2168 3625 2235 atque

1980 2259 2041 2313 in
2074 2258 2278 2313 faciem
2313 2258 2647 2330 percutiens
2674 2256 2976 2325 obnititur,
3010 2260 3066 2309 et
3098 2270 3230 2309 cum
3267 2268 3483 2325 magna
3534 2269 3627 2307 re-

1977 2351 2237 2405 verentia
2281 2351 2675 2417 accedentem,
2730 2349 3009 2404 audacter
3052 2346 3312 2401 calcibus
3375 2343 3627 2415 repellit,

1976 2440 2227 2510 impium
2251 2456 2317 2494 ac
2348 2437 2660 2494 scelestum
2694 2438 2894 2493 dicens
2947 2453 3080 2492 eum
3116 2435 3214 2507 qui
3276 2450 3345 2489 ex
3393 2433 3629 2488 miseri-

1978 2527 2172 2582 cordia
2204 2528 2404 2599 populi
2458 2526 2823 2598 ignorantias
2873 2525 3172 2597 despicere
3217 2522 3543 2589 statuisset,
3576 2524 3635 2575 et

1977 2617 2252 2689 Dionysio
2282 2617 2578 2689 episcopo,
2604 2621 2782 2687 atque
2815 2619 3117 2686 pastorum
3149 2611 3420 2683 principi,
3463 2611 3633 2681 quasi

1976 2723 2256 2778 magnum
2307 2707 2443 2777 quid
2510 2706 2580 2761 ad
2638 2705 2910 2760 virtutem
2979 2702 3286 2769 effecisset,
3350 2698 3631 2756 describit

1976 2797 2130 2868 quod
2155 2796 2465 2865 acciderat,
2491 2810 2712 2866 susque
2757 2794 2946 2864 deque
2986 2792 3223 2863 jactans
3271 2790 3330 2844 in
3379 2788 3482 2844 illa
3523 2805 3628 2843 au-

1976 2887 2103 2942 daci
2135 2886 2406 2958 cpistola,
2441 2886 2597 2958 quod
2627 2901 2738 2940 non
2774 2889 2895 2939 tam
2937 2882 3197 2952 seipsum
3226 2897 3401 2951 quam
3445 2880 3623 2934 Deum

1975 2976 2135 3031 ultus
2167 2982 2343 3031 esset.
2380 2976 2525 3040 Quid
2578 2991 2711 3043 ergo
2765 2971 2864 3028 ille
2880 2972 3192 3044 ?,Num,ut
3210 2969 3423 3042 vulgus
3452 2967 3621 3034 solet,

1972 3066 2084 3120 fuit
2113 3065 2309 3120 animo
2338 3062 2767 3134 perturbatus?
2799 3065 2898 3116 aut
2928 3064 3234 3131 reputatus
3264 3064 3353 3113 est
3380 3057 3468 3113 vel
3518 3072 3623 3127 pa-

1973 3172 2105 3209 rum
2139 3155 2275 3223 quid
2310 3152 2551 3209 omnino
2585 3151 2905 3207 mutavisse
2955 3151 3026 3205 de
3073 3167 3141 3205 ea
3189 3147 3450 3203 bonitate
3497 3162 3625 3217 quas

1975 3244 2025 3299 ei
2058 3242 2396 3298 coaluerat?
2423 3242 2540 3297 Hoc
2581 3241 2827 3297 minime
2850 3239 2965 3295 dici
2989 3243 3215 3311 potest:
3247 3238 3449 3308 Neque
3470 3235 3626 3290 enim

1976 3334 2126 3388 facto
2158 3332 2320 3387 ultus
2352 3338 2441 3388 est
2482 3348 2640 3399 eum,
2676 3331 2775 3401 qui
2809 3334 3182 3401 peccaverat;
3235 3328 3335 3383 sed
3389 3326 3539 3381 facto
3571 3331 3628 3381 et

1973 3438 2241 3478 sermone
2274 3421 2521 3476 salutari
2554 3419 2791 3488 erudiit,
2824 3435 2954 3489 quae
2978 3416 3155 3472 simul
3183 3416 3254 3470 ad
3277 3415 3552 3469 virtutem
3572 3418 3630 3468 et

1972 3526 2208 3567 omnem
2242 3510 2703 3565 moderationem
2732 3507 3012 3562 informat
3038 3509 3094 3560 et
3115 3502 3428 3575 componit,
3461 3501 3623 3556 illam

1973 3601 2236 3657 scribens
2266 3599 2596 3670 epistolam,
2645 3602 2702 3653 et
2748 3596 3079 3666 exemplum
3129 3590 3624 3657 mansuetudinis,

1975 3700 2187 3759 Aaron,
2220 3691 2427 3758 David,
2458 3696 2516 3746 et
2549 3689 2697 3745 alios
2732 3689 3053 3745 adducens.
3104 3687 3286 3757 Cujus
3329 3689 3394 3739 ut
3451 3681 3624 3738 omit-

1974 3785 2094 3835 tam
2125 3780 2301 3836 aliam
2351 3780 2422 3835 ad
2480 3780 2701 3835 bonum
2763 3776 3252 3839 exhortationem,
3302 3771 3622 3828 meminero

1973 3875 2127 3925 certe
2174 3869 2440 3939 visionis,
2504 3884 2681 3939 quam
2730 3867 2779 3922 ei
2828 3869 3045 3932 narrat,
3100 3868 3165 3919 ut
3233 3879 3360 3934 qua:
3419 3864 3621 3915 sancto

1972 3959 2156 4029 Carpo
2190 3956 2551 4028 apparuerit.
2587 3955 2680 4009 Sic
2699 3958 2895 4009 autem
2927 3969 2990 4009 se
3021 3952 3197 4007 habet
3226 3950 3297 4006 ad
3338 3949 3579 4004 verbum
3608 3962 3621 4002 :

2044 4064 2185 4118 Cum
2220 4062 2540 4134 aliquando
2570 4060 2628 4115 in
2664 4060 2893 4114 Cretam
2926 4058 3245 4124 venissem,
3269 4071 3361 4109 me
3400 4054 3624 4123 Carpus

1972 4152 2227 4223 hospitio
2296 4150 2543 4221 excepit,
2588 4149 2700 4216 vir,
2752 4147 2801 4203 si
2847 4146 2946 4217 qui
2995 4146 3168 4214 alius,
3220 4149 3456 4216 propter
3498 4158 3622 4197 ma-

1972 4258 2146 4315 gnam
2181 4240 2396 4295 mentis
2427 4237 2746 4309 puritatem
2779 4237 2845 4289 ad
2872 4235 3231 4290 cernendum
3252 4237 3431 4287 Deum
3448 4231 3626 4301 aptis-

1972 4331 2184 4385 simus.
2216 4328 2414 4398 Neque
2444 4326 2602 4382 enim
2635 4341 2835 4379 sacros
2866 4324 3275 4395 mysteriorum
3322 4321 3470 4375 ritus
3521 4334 3625 4389 ag-

1972 4418 2369 4490 grediebatur,
2404 4416 2519 4470 nisi
2553 4413 2717 4486 prius
2762 4413 2875 4485 ipsi
2923 4412 2984 4467 in
3033 4412 3106 4466 iis
3151 4409 3445 4482 precibus,
3496 4423 3623 4477 quae

1973 4512 2145 4562 antea
2172 4505 2369 4579 perfici
2396 4504 2609 4569 solent,
2641 4520 2809 4558 sacra
2840 4507 2897 4558 et
2945 4501 3078 4557 laeta
3126 4498 3499 4571 apparuisset
3539 4498 3623 4551 vi-

1974 4594 2082 4650 sio.
2116 4597 2171 4649 Is
2212 4593 2453 4666 quidem
2518 4593 2817 4659 narrabat,
2867 4607 2999 4647 cum
3050 4607 3083 4644 a
3127 4589 3406 4662 quodam,
3460 4585 3627 4659 quia

205 4670 300 4724 τόν
355 4677 657 4755 ποτεγτῶν
720 4674 957 4731 ἀπίστων
1004 4678 1171 4747 τινὸς,
1331 4678 1477 4750 λύπη
1539 4678 1595 4735 δὲ
1644 4684 1730 4750 ἦν,
1782 4684 1898 4737 ὅτι

1981 4684 2087 4738 fide
2121 4656 2519 4755 religioneque
2551 4687 2755 4737 nostra
2792 4656 3159 4748 abhorreret,
3191 4679 3337 4733 forte
3367 4656 3627 4731 otl'ensus

205 4759 310 4821 τῆς
372 4754 710 4828 Ἐκκλησίας
786 4760 994 4826 ἐκεῖνος
1046 4763 1166 4817 τινὰ
1220 4764 1359 4840 πρὸς
1413 4767 1475 4820 τὸ
1528 4767 1682 4830 ἄθεον
1732 4769 1867 4823 ἀπε-

205 4842 533 4920 πλάνησεν·)
594 4846 673 4902 ἔτι
721 4854 830 4904 τῶν
882 4849 1133 4927 Ἱλαρίων
1194 4855 1416 4930 ἡμερῶν
1475 4856 1625 4928 αὐτῷ
1671 4856 1860 4912 τελουσ

208 4934 410 5006 μένων,
502 4932 621 4991 δέον
689 4939 1009 5017 ἀμφοτέρων
1085 4942 1473 5019 ἀγαθοπρεπῶς
1575 4945 1864 5020 ὑπερεύξα-

205 5025 345 5091 σθαι,
411 5024 502 5077 καὶ
563 5027 692 5081 Θιὸν
754 5037 975 5104 σωτῆρα
1030 5029 1392 5108 σολΛήπτορα
1445 5029 1701 5101 λαϐόντα,
1769 5036 1859 5090 τὸν

206 5113 295 5197 μὲν
353 5110 700 5188 ἐπιπρέψαι,
759 5119 852 5173 τὸν
916 5117 972 5173 δὲ
1029 5120 1325 5194 ἀγαθότητι
1367 5129 1604 5192 νικῆσαι,
1650 5124 1739 5178 καὶ
1785 5131 1859 5197 μὴ

202 5193 483 5255 διαλιπεῖν
528 5210 881 5267 νουθετοῦντα
938 5204 1027 5261 διὰ
1080 5193 1209 5282 βίου
1253 5211 1475 5279 παντὸς,
1521 5212 1682 5288 ἄχρις
1708 5193 1863 5267 οὖ-τό

201 5292 468 5365 σήμερον,
524 5297 614 5348 καὶ
660 5297 835 5360 οὕτως
894 5298 981 5353 ἐπὶ
1034 5301 1132 5369 τὴν
1188 5300 1332 5356 θείαν
1391 5303 1589 5367 αὐτοὺς
1639 5306 1861 5379 ἀγαγεῖν

199 5382 429 5454 γνῶσὶν,
466 5382 540 5444 ὡς
570 5382 630 5438 ἂν
682 5384 789 5456 ἤδη
831 5389 918 5442 καὶ
979 5389 1086 5441 τῶν
1134 5385 1633 5466 ἀμφισϐητησίμων
1678 5393 1863 5455 αὐτοῖς

206 5471 581 5555 κρινομένων,
612 5476 703 5529 καὶ
758 5480 866 5531 τῶν
912 5474 1131 5550 ἀλόγως
1178 5482 1592 5552 θρασυνυμένων
1651 5481 1862 5555 ἐννόμῳ

211 5553 334 5630 δίκῃ
396 5570 695 5639 σωφρονεῖν
758 5566 1205 5640 ἀναγκαζομένων
1236 5586 1249 5598 ⁸
1302 5568 1423 5624 ἀλλ’
1472 5569 1524 5625 ἐν
1575 5572 1748 5643 ἑαυτῷ
1778 5553 1862 5643 Ῠμῆ

214 5646 482 5721 πρότερον
524 5656 685 5708 τοῦτο
734 5655 946 5725 παθὼν,
997 5654 1096 5710 οὐκ
1150 5652 1251 5710 οἷδ’
1292 5657 1441 5720 ὅπως
1490 5660 1613 5715 τότε
1642 5658 1861 5730 πολλήν

215 5750 334 5789 τινα
381 5736 482 5808 τὴν
530 5736 846 5817 δυσμένειαν
901 5742 990 5800 καὶ
1045 5743 1145 5814 τὴν
1184 5744 1405 5821 πικρίαν
1457 5749 1677 5823 ἐντήξας
1720 5748 1866 5805 ἐκοι-

1973 4778 2131 4829 csset
2160 4771 2441 4839 (tristitia:
2474 4776 2668 4825 autem
2702 4786 2879 4823 causa
2910 4773 3055 4833 erat,
3090 4768 3243 4840 quod
3277 4766 3375 4821 ille
3406 4765 3477 4821 ab
3520 4763 3621 4818 Ec-

1975 4861 2152 4916 clesia
2185 4861 2501 4931 quemdam
2542 4860 2612 4913 ad
2665 4858 2914 4929 impium
2968 4856 3188 4911 cultum
3237 4855 3624 4919 traduxerat),

1974 4956 2099 5005 tum
2134 4966 2268 5004 cum
2300 4948 2503 5015 etiam,
2528 4948 2603 5003 ab
2652 4947 2778 5019 ipso
2834 4946 3185 5017 (Christiano
3240 4948 3479 5015 propter
3520 4942 3623 4996 ba-

1972 5040 2281 5114 ptismum)
2336 5038 2547 5094 hilaria
2593 5042 2922 5108 agerentur,
2969 5051 3102 5091 cum
3160 5032 3472 5105 benignam
3523 5046 3626 5102 pro

1973 5138 2222 5201 utroque
2282 5130 2348 5183 ad
2405 5128 2585 5183 Deum
2641 5126 3043 5198 precationem
3103 5124 3345 5178 fundere
3392 5135 3631 5176 necesse

1973 5225 2148 5286 esset,
2184 5219 2420 5288 Deoque
2453 5222 2747 5272 servatore
2780 5216 3067 5285 adjutore,
3116 5214 3413 5283 adjuncto,
3463 5207 3633 5264 illum

1972 5308 2210 5379 quidem
2240 5312 2598 5373 convertere,
2631 5305 2789 5359 hunc
2846 5306 3039 5358 autem
3087 5302 3315 5357 vincere
3363 5298 3632 5371 benigni-

1971 5402 2108 5465 tate,
2144 5412 2249 5449 nec
2273 5396 2556 5450 desistere
2588 5394 2912 5447 admonere
2942 5407 3044 5461 per
3087 5407 3260 5444 omne
3307 5390 3435 5444 vita:
3484 5394 3632 5443 tem-

1972 5501 2083 5556 pus
2115 5502 2302 5555 usque
2330 5486 2401 5539 ad
2430 5484 2587 5538 hunc
2620 5483 2816 5554 ipsum
2852 5480 3028 5545 diem,
3060 5486 3233 5551 atque
3265 5480 3350 5535 ita
3386 5482 3628 5534 demum

1972 5589 2072 5628 eos
2101 5572 2170 5626 ad
2205 5573 2305 5627 Dei
2339 5572 2608 5627 notitiam
2641 5573 2953 5636 deducere,
2987 5569 3139 5625 348
3171 5569 3341 5641 quasi
3366 5569 3494 5639 jam
3534 5584 3622 5634 ea,

1975 5661 2045 5717 de
2070 5662 2283 5732 quibus
2317 5666 2486 5718 antea
2529 5660 2886 5727 dubitarent,
2938 5659 3259 5729 dijudicata
3305 5661 3523 5727 essent,
3567 5662 3627 5710 et

1975 5749 2049 5805 ab
2079 5749 2152 5804 iis
2184 5767 2308 5822 quae
2339 5749 2772 5805 inconsiderate
2804 5747 2932 5804 ausi
2963 5751 3183 5816 essent,
3212 5747 3472 5819 legitime
3505 5760 3623 5816 pna-
