4020 6358
365 372 473 429 599

1592 383 1650 434 S.
1691 376 2005 432 DIONYSII
2044 377 2545 433 AREOPAGITE.

3674 385 3777 440 600

370 518 477 557 nas
517 502 709 558 dando
742 502 1082 574 resipiscere
1122 508 1503 577 cogerentur;
1540 508 1664 559 tum
1712 507 1909 558 tamen
1957 500 2013 554 id

2155 500 2284 569 ιήθη
2322 518 2334 530 ·
2367 496 2667 575 κατέδάρθη
2732 501 2848 573 μὶν,
2910 501 3051 556 οὕτω
3101 508 3282 565 κακῶς
3342 501 3491 580 ἔχων
3528 524 3543 539 ⁶
3579 505 3782 581 ἑσπέρα

370 592 524 662 quod
560 609 592 645 n
606 609 861 663 unquam
878 591 986 647 sibi
1009 594 1394 661 usuvenisset,
1422 594 1577 649 haud
1594 592 1713 648 scio
1728 591 2017 664 quomodo

369 697 580 748 magno
614 682 867 751 quodam
901 686 957 736 et
988 684 1194 737 acerbo
1227 683 1407 737 animi
1444 683 1639 737 dolore
1664 682 2015 746 confectum,

369 770 544 839 quieti
580 788 639 825 se
666 770 999 839 dedisse,ac
1033 772 1267 842 quidem
1284 772 1589 827 dormiisse
1622 769 1863 825 itamale
1882 768 2017 822 atie-

370 864 526 913 ctum
558 861 705 930 (erat
745 861 900 914 enim
948 863 1254 931 vespera);
1303 861 1495 916 media
1546 867 1738 915 autem
1792 858 2021 912 circiter

369 952 537 1001 nocte
566 947 797 1003 (solitus
820 949 974 1003 enim
998 954 1121 1003 erat
1144 950 1250 1003 hoc
1276 955 1537 1021 tempore
1562 967 1663 1021 per
1694 966 1752 1004 se
1776 949 1843 1003 ad
1873 945 2019 1001 divi-

370 1052 476 1090 nos
510 1035 758 1108 hymnos
788 1038 1050 1109 vigilare)
1073 1038 1394 1093 surrexisse
1427 1040 1686 1110 quidem,
1729 1054 1861 1091 cum
1914 1050 2019 1089 nec

371 1141 645 1181 somnum
682 1128 874 1197 ipsum
909 1130 1006 1199 qui
1043 1129 1197 1183 altus
1231 1129 1457 1197 fuisset,
1485 1134 1537 1182 et
1574 1145 1802 1198 semper
1840 1127 2019 1181 inter—

371 1220 603 1285 ruptus,
652 1216 777 1271 sine
817 1218 1265 1272 conturbatione
1313 1218 1602 1289 cepisset;
1636 1222 1891 1273 stantem
1937 1220 2020 1268 ta-

374 1320 503 1358 men
555 1306 624 1359 ad
672 1305 869 1361 divina
918 1307 1229 1380 colloquia,
1284 1308 1600 1379 irreligiose
1649 1309 1907 1363 doluisse
1967 1312 2023 1361 et

374 1396 579 1450 acerbe
601 1396 832 1462 tulisse,
858 1398 1148 1452 dicentem
1183 1416 1297 1453 non
1322 1416 1449 1454 esse
1473 1416 1703 1470 aequum
1728 1400 1881 1453 viros
1910 1398 2022 1451 im-

374 1484 502 1555 pios
531 1484 741 1551 vivere,
781 1491 839 1540 et
868 1488 968 1558 qui
1030 1488 1153 1542 vias
1205 1488 1435 1542 Domini
1485 1494 1673 1543 rectas
1732 1491 2024 1559 perverte-

374 1577 541 1641 rent;
570 1574 690 1628 haec
722 1574 1038 1642 dicentem,
1070 1581 1366 1646 precatum
1400 1594 1525 1632 esse
1558 1594 1590 1629 τι
1621 1577 1757 1646 Deo,
1792 1582 1856 1631 ut
1896 1592 2024 1630 am-

375 1660 585 1716 borum
618 1663 795 1718 vitam
821 1664 947 1719 sine
975 1665 1620 1721 misericordiaturbine
1636 1665 1831 1736 aliquo
1856 1665 2026 1735 igneo

377 1752 776 1823 abrumperet.
844 1754 978 1816 Quae
1024 1771 1156 1808 cum
1214 1754 1476 1821 dixisset,
1529 1757 2029 1811 commemorabat

2126 588 2225 663 γὰρ
2279 591 2341 657 ἦν
2378 609 2390 619 ·
2454 589 2577 665 περὶ
2644 586 2701 643 δὲ
2751 592 2915 662 μέσας
2999 590 3193 656 νύκτας
3268 592 3466 665 (εἰώθει
3538 596 3645 669 γὰρ
3707 595 3780 657 εἷς

2126 674 2282 732 τόνδε
2310 678 2401 732 τὸν
2435 680 2619 751 καιρὸν
2674 680 2833 741 αὑτὸς
2884 680 2965 756 ἐφ’
3012 681 3202 736 ἑαυτοῦ
3254 683 3389 756 πρὸς
3440 682 3570 747 τοὺς
3602 685 3781 746 θείους

2129 766 2331 839 ὕμνους
2387 769 2739 843 ἐγρηγορέναι
2775 789 2786 799 ·
2831 772 2847 842 )
2897 767 3229 825 διανίσταται
3312 774 3436 844 μὶν,
3488 770 3612 827 οὐδὲ
3674 779 3779 827 τῶν

2129 856 2309 911 ὕπνων
2360 857 2555 925 αὐτῶν,
2601 857 2827 913 πολλῶν
2871 881 2932 933 γε
2981 856 3171 929 ὄντων,
3231 861 3320 915 καὶ
3372 862 3452 916 ἀεὶ
3516 862 3783 936 ἐγκοπτο-

2134 948 2359 1017 μένων,
2449 945 2547 1016 ἔξω
2631 949 2876 1022 ταραχῆς
2958 948 3431 1022 παραπολαύσας’
3488 952 3657 1014 ἑστὼς
3732 951 3787 1008 δὲ

2131 1034 2283 1105 ὅμως
2315 1035 2389 1097 εἷς
2440 1038 2535 1103 τὴν
2588 1036 2728 1090 θείαν
2783 1035 3007 1109 ὁμιλίαν
3052 1038 3152 1093 οὐκ
3202 1038 3411 1114 εὐαγῶς
3462 1042 3656 1110 ἠνιᾶτο
3700 1041 3787 1095 xui

2132 1122 2526 1199 ἐδυσχέραινεν,
2576 1127 2676 1179 οὑκ
2725 1126 2855 1180 εἶναι
2903 1124 3111 1181 δίκαιον
3165 1127 3361 1203 λέγων,
3416 1129 3467 1184 εἴ
3518 1135 3651 1202 ζῷεν
3706 1128 3791 1184 ἄν·

2137 1210 2258 1286 δρες
2286 1214 2433 1276 αθεοι
2491 1213 2579 1267 καὶ
2630 1211 3038 1291 διαστρέφοντες
3097 1217 3192 1274 τὰς
3256 1214 3415 1280 ὀδοὺς
3460 1219 3667 1292 Κυρίοο
3698 1219 3791 1281 τὰς

2136 1302 2377 1363 εὐθείας’
2442 1303 2530 1357 καὶ
2576 1308 2743 1357 ταῦτα
2796 1302 3013 1378 λέγων,
3073 1302 3245 1360 ἐδεῖτο
3300 1311 3397 1361 τοῦ
3456 1308 3591 1363 Θεοῦ
3647 1329 3788 1381 πρη-

2134 1392 2292 1466 στῆρί
2352 1412 2457 1445 νινι
2512 1392 2606 1453 τὰς
2682 1393 3004 1469 ἀμφοτέρων
3064 1394 3282 1468 εἰσάπαξ
3353 1395 3599 1466 ἀνηλεῶς
3655 1398 3787 1452 ἀπο-

2134 1484 2333 1534 παῦσαι
2388 1486 2548 1548 ζωάς.
2609 1484 2788 1538 Ταῦτα
2859 1481 2915 1536 δὲ
2974 1482 3164 1556 εἰπὼν,
3226 1482 3378 1559 ἔλεγε
3437 1484 3586 1555 δόξαι
3659 1484 3789 1541 ἰδεῖν

2136 1568 2283 1646 ἄφνω
2312 1570 2402 1623 τὸν
2445 1572 2595 1623 οἷκον
2626 1569 2678 1624 ἄν
2733 1571 2883 1645 ᾧπερ
2913 1571 3167 1642 ιεῖστήκει
3220 1569 3608 1643 διαδονηθέντα
3656 1576 3793 1647 πρό-

2133 1679 2312 1733 τερον,
2345 1660 2431 1713 καὶ
2468 1659 2526 1713 έκ
2554 1666 2653 1728 τῆς
2694 1661 2903 1737 ὀροφῆς
2948 1660 3022 1723 εἷς
3076 1659 3170 1715 δύο
3225 1662 3384 1733 μέσον
3437 1660 3792 1737 διαιρεθέντα,

2134 1747 2225 1800 καί
2283 1769 2403 1801 τινα
2456 1748 2629 1823 πυράν
2687 1749 3017 1826 πολύφωτον
3074 1749 3400 1825 ἐπίπροσθεν
3459 1750 3650 1822 αὑτοῦ,
3704 1756 3789 1808 καὶ

380 1857 442 1895 se
464 1841 656 1896 visum
683 1858 812 1896 esse
842 1843 1039 1897 videre
1071 1848 1307 1913 repente
1334 1844 1572 1898 domum
1608 1844 1664 1897 in
1692 1861 1807 1914 qua
1848 1849 2029 1900 staret

2155 1836 2341 1907 ταύτην
2403 1835 2605 1910 (έδόσει
2664 1838 2765 1914 γὰρ
2826 1836 3024 1894 λοιπὸν
3086 1835 3364 1916 ὕπαιθρος
3406 1842 3435 1895 ὁ
3490 1844 3709 1915 τόπος),
3740 1842 3796 1897 ἐκ

388 1930 591 1998 agitari
626 1930 914 2001 primum,
966 1931 1175 1985 deinde
1208 1949 1239 1985 a
1288 1932 1500 1985 vertice
1547 1933 1604 1987 in
1656 1933 1805 1986 duas
1844 1940 2038 2004 partes

398 2021 675 2077 dimidias
707 2023 978 2088 dividi,et
1002 2029 1133 2078 ante
1166 2040 1226 2078 se
1249 2040 1451 2094 rogum
1478 2026 1787 2095 quemdam
1823 2027 2047 2098 magni-

393 2112 663 2173 luminis,
696 2128 951 2182 eumque
976 2113 1108 2183 (sub
1141 2113 1236 2167 dio
1268 2113 1426 2168 enim
1469 2112 1629 2168 locus
1654 2113 1753 2168 ille
1793 2131 1921 2169 esse
1963 2115 2046 2168 vi-

397 2201 665 2270 debatur)
699 2217 727 2255 e
750 2202 892 2256 ccelo
930 2218 1115 2273 usque
1153 2204 1223 2256 ad
1252 2202 1510 2274 seipsum
1562 2204 1769 2257 deferri
1799 2221 1810 2258 :
1837 2204 2047 2257 caelum

394 2307 527 2345 vero
583 2295 874 2360 apertum,
925 2295 981 2345 et
1014 2291 1071 2345 in
1110 2308 1365 2347 convexa
1414 2292 1541 2346 coeli
1590 2292 1901 2364 superﬁcie
1953 2297 2048 2347 Je-

393 2395 549 2439 sum,
585 2378 1001 2433 assistentibus
1060 2381 1595 2436 innumerabilibus
1652 2381 1896 2453 angelis,
1952 2381 2051 2435 ho-

395 2468 621 2522 minum
656 2468 844 2539 figura
875 2472 932 2522 et
963 2468 1174 2539 specie.
1206 2474 1397 2540 Atque
1423 2470 1544 2525 haec
1586 2472 1822 2542 quidem
1849 2488 1881 2525 a
1908 2470 2051 2525 caelo

393 2555 576 2610 videri
606 2573 843 2611 summa
875 2573 1007 2611 cum
1042 2575 1151 2612 sua
1194 2558 1607 2614 admiratione.
1656 2562 1797 2615 Cum
1856 2565 2052 2614 autem

390 2645 518 2716 ipse
550 2645 825 2700 deorsum
859 2648 1060 2702 oculos
1092 2650 1493 2716 convertisset,
1518 2666 1753 2705 cernere
1783 2667 1844 2705 se
1897 2650 2053 2703 dice-

391 2734 489 2787 bat
521 2733 693 2788 etiam
737 2740 951 2789 terram
985 2736 1171 2805 ipsam
1209 2736 1290 2790 ita
1321 2736 1691 2804 discessisse,
1725 2742 1788 2791 ut
1838 2738 2051 2795 obscu-

392 2839 491 2875 rus
525 2823 766 2893 quidam
800 2830 854 2878 et
884 2825 1289 2879 tenebricosus
1323 2825 1521 2879 hiatus
1554 2826 1831 2881 exsistere
1886 2829 2051 2886 vide—

393 2916 553 2965 retur
584 2929 602 2965 :
636 2916 810 2982 atque
869 2912 1139 2967 homines
1182 2912 1417 2982 quidem
1454 2913 1586 2968 illos
1628 2915 1840 2983 quibus
1900 2917 2053 2973 male

395 3006 664 3070 precatus
696 3004 870 3066 esset,
905 3006 1039 3054 ante
1093 3017 1154 3055 se
1189 3003 1258 3055 ad
1324 3018 1387 3055 os
1449 3003 1643 3057 hiatus
1703 3014 1858 3059 stare
1925 3010 2043 3060 tre-

394 3092 621 3142 mentes
655 3092 712 3140 et
746 3088 1014 3157 miseros,
1046 3094 1103 3143 et
1136 3091 1233 3161 qui
1270 3090 1385 3145 fere
1417 3108 1530 3163 prae
1553 3094 1767 3162 pedum
1802 3111 2044 3149 suorum

392 3176 773 3232 instabilitate
805 3179 1325 3249 demergerentur:
1384 3180 1453 3235 ab
1513 3180 1787 3237 inferiore
1845 3188 2043 3240 autem

2154 1930 2250 1980 τοῦ
2300 1928 2556 1999 οὐρανίου
2613 1928 2802 2001 χώρου
2858 1929 3054 2002 μέχρις
3109 1928 3272 1983 αὐτοῦ
3302 1933 3748 2008 καταφερομένην
3780 1954 3791 1967 ·

2154 2016 2244 2070 τὸν
2307 2013 2363 2070 δὲ
2417 2016 2643 2088 οὐρανὸν
2702 2017 2859 2071 αὐτὸν
2909 2018 3376 2092 ἀναπεπταμένον,
3427 2020 3517 2075 καί
3572 2020 3662 2075 ἐπὶ
3722 2028 3796 2094 τῷ

2156 2108 2316 2178 νώτῳ
2360 2111 2456 2159 τοῦ
2516 2107 2748 2181 οὐρανοῦ
2796 2107 2887 2161 τὸν
2945 2109 3180 2177 Ἰησοῦν,
3232 2109 3468 2185 ἀπείρων
3519 2110 3811 2186 ἀνθρωπο-

2158 2193 2316 2249 ειδῶν
2354 2196 2500 2266 αὐτῷ
2546 2196 2968 2267 παρεστηκόσων
3012 2196 3283 2273 ἀγγέλων.
3338 2199 3440 2254 Καὶ
3487 2204 3655 2254 ταῦτα
3717 2201 3812 2272 μὲν

2160 2283 2353 2339 ἄνωθεν
2415 2286 2661 2359 ὁρᾶσθαι,
2734 2285 2824 2339 καὶ
2896 2286 3059 2341 αὐτὸν
3140 2287 3429 2361 θαυμάζειν
3468 2308 3481 2321 ·
3547 2290 3697 2344 κάτω
3758 2287 3817 2343 δὲ

2159 2374 2331 2447 κύψας
2364 2374 2390 2427 ὁ
2425 2374 2671 2448 Κάρπος,
2732 2371 2864 2428 ἰδεῖν
2916 2372 3015 2453 ἔφη
3069 2375 3157 2430 καὶ
3206 2374 3481 2451 τοῦδαφος
3515 2377 3647 2431 αὐτὸ
3677 2378 3816 2450 πρὸς

2161 2464 2361 2539 ἀχανές
2418 2485 2469 2516 τι
2527 2462 2716 2537 χάσμα
2772 2463 2861 2518 xui
2914 2465 3189 2519 σκοτεινὸν
3243 2463 3641 2541 διεῤῥηγμένον
3685 2468 3820 2520 ’καὶ

2160 2552 2287 2614 τοὺς
2324 2554 2416 2625 μὲν
2474 2549 2671 2627 ἄνδρας
2717 2550 2973 2625 ἐκείνους,
3027 2556 3108 2615 οἷς
3161 2552 3429 2630 ἐπηρᾶτο,
3488 2555 3596 2631 πρὸ
3647 2556 3822 2611 αὐτοῦ

2161 2643 2297 2696 κατὰ
2337 2643 2399 2697 τὸ
2449 2642 2672 2714 στόμιον
2728 2640 3009 2712 έστηκέναι
3066 2648 3162 2697 τοῦ
3216 2646 3526 2718 χάσματος,
3578 2646 3821 2721 ὑποτρό-

2167 2753 2321 2805 μους,
2384 2730 2675 2799 ἐλεεινοὺς,
2745 2731 2867 2785 ὅσον
2947 2730 3098 2786 οὔπω
3173 2734 3645 2808 καταφερομένους
3714 2735 3822 2788 ὑπὸ

2160 2825 2258 2885 τῆς
2304 2825 2410 2874 τῶν
2459 2819 2672 2874 οἷ’κείων
2725 2818 2906 2875 ποδῶν
2962 2821 3215 2883 ἀστασίας
3247 2841 3260 2854 ·
3322 2823 3562 2886 κάτωθεν
3620 2820 3679 2877 δὶ
3706 2824 3820 2877 ἀπὸ

2160 2914 2255 2963 τοῦ
2305 2912 2585 2983 χάσματος
2636 2905 2783 2986 ὄφεις
2830 2909 3098 2985 ἀνέρπειν,
3151 2909 3240 2963 καὶ
3291 2912 3411 2985 περὶ
3458 2912 3588 2973 τοὺς
3640 2910 3820 2975 πόδας

2161 2999 2334 3053 αὐτῶν
2386 2998 2868 3071 ὀποκινουμὲνους,
2932 3000 3063 3053 ποτὲ
3130 3000 3225 3072 μὲν
3286 3000 3598 3075 ἀποσύρειν,
3662 3000 3825 3056 ἐπαν-

2162 3086 2520 3160 ειλουμένους
2589 3086 2702 3160 ἅμα
2770 3089 2859 3143 καὶ
2929 3084 3337 3163 ἐπιϐαροῦνταί,
3421 3092 3511 3144 xui
3592 3089 3826 3146 ἐπανέλ-

2162 3199 2356 3239 κοντας
2391 3200 2401 3210 ·
2437 3178 2569 3233 ποτε
2600 3177 2656 3232 δὲ
2702 3184 2817 3241 τοῖς
2864 3176 3103 3250 ὀδοῦσιν,
3149 3177 3185 3248 ἤ
3233 3184 3349 3241 τοῖς
3392 3179 3637 3256 οὐραίοις
3676 3181 3825 3236 ὑπο-

392 3264 517 3319 loco
569 3280 637 3319 ex
685 3266 842 3320 hiatu
894 3283 1116 3339 angues
1164 3285 1402 3323 sursum
1459 3286 1710 3340 serpere,
1754 3275 1928 3342 atquc
1969 3274 2039 3327 ad

2157 3266 2442 3344 τύφοντας,
2484 3264 2519 3335 ἥ
2581 3266 3133 3343 ὑπογαργαλίζοντας,
3191 3270 3279 3322 καὶ
3341 3266 3430 3322 διὰ
3483 3270 3686 3334 παντὸς
3746 3270 3825 3331 είς

391 3370 593 3407 eorum
627 3354 825 3424 pedes,
860 3371 991 3409 cum
1026 3356 1245 3410 sensim
1294 3366 1682 3424 moverentur,
1744 3358 2040 3414 interdum

394 3442 630 3511 quidem
654 3443 887 3498 trahere
919 3445 1300 3516 complicatos
1332 3446 1504 3500 simul
1538 3452 1595 3501 et
1626 3448 2043 3518 deprimentes,

396 3536 573 3603 atque
606 3532 1014 3601 detrahentes;
1050 3534 1345 3589 interdum
1379 3536 1654 3591 dentibus
1689 3542 1788 3591 aut
1839 3538 2044 3594 caudis

396 3620 797 3685 incendentes,
852 3622 941 3674 vel
1000 3622 1424 3689 demulcentes,
1486 3625 1765 3697 omnique
1824 3628 2048 3682 ratione

400 3712 661 3779 agentes,
695 3712 762 3761 ut
810 3725 907 3761 eos
959 3708 1013 3761 id
1076 3710 1235 3763 illam
1294 3711 1646 3767 immensam
1707 3716 2045 3783 voraginem

399 3798 728 3871 praecipites
774 3798 1024 3865 darent;
1084 3800 1265 3854 fuisse
1316 3802 1491 3855 etiam
1553 3803 1708 3858 viros
1760 3807 2047 3874 quosdam

399 3890 456 3943 in
493 3887 703 3955 medio,
739 3886 837 3957 qui
869 3903 984 3940 una
1039 3903 1170 3940 cum
1246 3891 1615 3959 serpentibus
1669 3892 1727 3944 in
1784 3892 2052 3947 homines

3417 3360 3547 3413 εἶναι
3610 3357 3668 3413 δὲ
3734 3360 3828 3414 καὶ

2165 3444 2361 3520 ἄνδρας
2391 3446 2542 3508 τινὰς
2590 3444 2641 3499 ἐν
2699 3446 2865 3519 μέσῳ,
2916 3453 3033 3510 τοῖς
3080 3444 3232 3524 ὄφεσι
3281 3448 3417 3502 κατᾶ
3463 3453 3571 3503 τῶν
3616 3447 3832 3523 ἀνδρῶν

2157 3536 2667 3607 συνεπιτιθεμένους
2702 3554 2713 3566 ’
2770 3532 3151 3599 διαδονοῦντας
3210 3535 3322 3609 ἅμα
3372 3538 3461 3591 καὶ
3524 3538 3815 3602 ὑπωθοῦν-

2155 3645 2249 3685 τας
2306 3624 2395 3678 καὶ
2444 3624 2862 3687 καταπαίοντας.
2938 3622 3197 3681 Ἐδόκουν
3278 3624 3335 3680 δὲ
3393 3630 3529 3681 εἶναι
3578 3628 3718 3703 πρὸς
3755 3628 3819 3683 τὸ

2158 3719 2340 3767 πεσεῖν
2427 3711 2618 3765 ἐκεῖνοι
2702 3712 2770 3766 τὰ
2859 3714 2952 3785 μὲν
3030 3712 3275 3787 ἄκοντες,
3346 3716 3411 3769 τὰ
3464 3712 3520 3769 δὲ
3579 3716 3825 3786 ἑκόντες,

2162 3803 2264 3856 ὑπὸ
2294 3806 2390 3855 τοῦ
2437 3806 2606 3856 κακοῦ
2649 3802 2765 3855 κατ’
2817 3798 3004 3875 ὀλίγον
3059 3803 3374 3878 βιαζόμενοι
3424 3804 3537 3876 ἅμα
3575 3804 3665 3858 καὶ
3696 3825 3824 3859 πει-

2165 3893 2408 3964 θόμινοι.

2161 3362 2224 3410 τῦ
2283 3356 2481 3431 ἀχανὲς
2554 3352 2813 3429 ἐμϐαλεῖν
2886 3358 3324 3431 μηχανωμένους

399 3977 535 4033 illos
565 3974 1641 4049 invaderent,exagitatione,pulsu,et
1670 3981 2082 4054 percussione;
2114 3982 2270 4041 viros
2303 3987 2499 4037 autem
2532 3998 2659 4037 esse
2690 3981 2841 4036 viros
2877 3980 3011 4038 illos
3040 3982 3548 4055 decidere,partim
3581 3984 3824 4045 invitos.

400 4066 613 4138 partim
658 4069 885 4136 sponte,
921 4065 1073 4136 quod
1108 4082 1141 4119 a
1180 4066 1335 4121 malo
1379 4067 1601 4122 sensim
1634 4076 1998 4139 cogerentur.

472 4188 760 4245 Narrabat
801 4206 977 4260 porro
1034 4190 1258 4262 Carpus
1316 4208 1377 4247 se
1434 4191 1795 4264 voluptatem
1855 4210 2061 4264 capere

401 4279 665 4342 solitum,
691 4295 825 4334 cum
877 4278 1155 4335 interiora
1204 4281 1509 4351 aspiceret,
1573 4282 1877 4353 superiora
1928 4301 2057 4340 vero

403 4368 733 4441 negligere:
767 4369 1021 4439 graviter
1051 4375 1249 4424 autem
1286 4371 1430 4425 ferre
1462 4377 1516 4424 ct
1549 4371 1864 4442 indignari,
1900 4374 2055 4444 quod

405 4461 667 4515 nondum
726 4460 878 4513 349
934 4459 1331 4525 decidissent;
1384 4467 1559 4530 atque
1614 4460 1669 4513 in
1727 4462 1876 4515 hanc
1930 4480 2053 4517 rem

407 4564 538 4602 cum
573 4546 1137 4617 saepeincubuissct,
1192 4563 1295 4601 nec
1351 4550 1709 4618 profecisset,
1747 4557 1804 4604 et
1848 4553 2052 4607 acerbe

2241 4191 2432 4267 Ἔλεγε
2490 4189 2545 4246 δε
2591 4192 2618 4246 ὁ
2676 4191 2890 4266 Κάρπος
2949 4191 3135 4248 ἑαυτὸν
3195 4191 3420 4263 ἥδεσθαι
3470 4193 3619 4250 κάτω
3685 4194 3821 4270 βλέ-

2165 4300 2379 4336 ποντα·
2412 4286 2520 4336 τῶν
2582 4279 2693 4335 ἄνω
2753 4279 2811 4336 δὲ
2870 4280 3134 4354 ἀμελεῖν·
3190 4281 3562 4359 δυσχεραίνειν
3621 4283 3681 4339 δὲ
3730 4287 3821 4340 καὶ

2166 4370 2477 4445 ὀλιγωρεῖν,
2539 4371 2621 4424 ὅτι
2686 4371 2761 4443 μὴ
2819 4372 3164 4426 πεπτώκασιν
3224 4370 3357 4443 ἤδη,
3408 4374 3497 4428 γαὶ
3554 4378 3634 4445 τῷ
3681 4377 3827 4449 πρά-

2161 4482 2327 4534 γματι
2384 4458 2658 4522 πολλάκις
2717 4460 3031 4533 ἐπιθέμενον
3093 4464 3183 4516 καὶ
3241 4460 3669 4533 ἀδυνατήσαντα,
3732 4464 3825 4519 xui

2163 4550 2493 4622 ἀχθεσθῆναι
2574 4548 2662 4601 καὶ
2762 4549 3125 4622 ἐπαράσασθαι
3191 4570 3203 4582 ·
3300 4552 3389 4605 καὶ
3468 4553 3823 4607 ἀνανεύσαντα

407 4635 637 4700 tulisse,
667 4639 723 4688 et
753 4636 904 4689 male
944 4641 1242 4706 precatum
1297 4653 1461 4704 esse;
1498 4654 1629 4692 cum
1686 4638 1772 4693 vix
1816 4641 2041 4696 tandem

2168 4636 2352 4710 μόλις,
2390 4636 2520 4691 ἰδεῖν
2559 4638 2651 4709 μὲν
2711 4635 2864 4701 αὖθις
2912 4638 3004 4692 τὸν
3052 4640 3304 4713 οὐρανὸν,
3339 4639 3517 4716 ὥσπερ
3550 4642 3641 4695 καὶ
3682 4642 3823 4716 πρό-

410 4723 617 4779 malum
653 4723 997 4794 aspexisset,
1029 4726 1246 4780 vidisse
1297 4726 1531 4796 quidem
1590 4727 1732 4781 illud
1794 4746 2053 4797 rursum,

410 4812 911 4883 quemadmodum
947 4816 1121 4867 etiam
1141 4826 1308 4868 antea
1328 4817 1547 4869 viderat
1574 4834 1586 4881 ;
1611 4815 1809 4870 Jesum
1836 4825 2052 4884 autem,

411 4919 584 4973 quem
618 4902 689 4955 ad
725 4902 1259 4957 misericordiamid
1294 4904 1445 4974 quod
1463 4906 1775 4975 gerebatur
1797 4923 2056 4960 commo-

408 4994 609 5057 visset,
650 5009 893 5047 manum
950 4992 1267 5064 benignam
1317 4996 1667 5064 porrexisse,
1713 5002 1768 5048 et
1814 4995 2055 5065 angelos

410 5084 508 5153 qui
544 5100 659 5137 una
682 5082 965 5137 auxilium
1004 5083 1239 5147 ferrent,
1274 5083 1427 5137 viros
1461 5084 1641 5137 alium
1663 5083 1776 5137 alia
1800 5101 1866 5137 ex
1895 5090 2055 5155 parte

410 5172 746 5235 retinuisse,
779 5171 1112 5242 dixisseque
1131 5171 1316 5243 Carpo
1346 5172 1548 5225 Jesum
1572 5178 1836 5243 porrecta
1866 5176 2056 5230 adhuc

409 5277 626 5315 manu:
658 5282 683 5310 ‹‹
716 5261 842 5315 Feri
874 5278 966 5315 me
989 5264 1151 5330 jam;
1188 5265 1427 5332 paratus
1445 5278 1576 5314 sum
1611 5262 1761 5315 enim
1795 5279 2055 5330 rursum,

410 5350 623 5405 salutis
656 5349 962 5404 hominum
998 5366 1197 5416 causa,
1237 5356 1480 5404 mortem
1518 5350 1734 5419 perpeti
1760 5367 1771 5403 :
1796 5350 2056 5421 mihique

410 5439 520 5493 hoc
553 5444 890 5511 pergratum
925 5443 1035 5509 est,
1063 5440 1204 5493 dum
1229 5440 1325 5494 alii
1360 5440 1627 5494 homines
1650 5456 1763 5493 non
1796 5444 2052 5510 peccent.

413 5528 522 5584 Sed
552 5528 700 5596 vide,
736 5544 874 5582 num
910 5527 1012 5581 tibi
1047 5528 1188 5584 utile
1219 5529 1294 5583 sit
1324 5529 1473 5584 hanc
1506 5529 1562 5583 in
1618 5528 1779 5582 hiatu
1818 5532 1874 5582 et
1920 5545 2055 5583 cum

413 5617 788 5690 serpentibus
820 5617 1207 5685 mansionem,
1246 5619 1539 5673 mansioni
1573 5635 1705 5672 cum
1740 5622 1849 5672 Deo
1880 5621 1936 5672 et
1957 5618 2055 5672 be-

413 5705 609 5779 nignis
632 5704 1057 5778 hominumque
1084 5705 1419 5762 amantibus
1437 5706 1658 5778 angelis
1682 5710 2054 5778 anteponere.

2162 4748 2314 4798 τερον
2344 4727 2569 4802 έωράκει
2597 4747 2608 4758 ·
2642 4727 2733 4781 τὸν
2786 4726 2843 4781 δὲ
2893 4729 3125 4797 Ἰησοῦν,
3175 4727 3475 4799 ἐλεήσαντα
3521 4731 3585 4785 τὸ
3625 4732 3821 4805 γιγνέ-

2170 4837 2348 4887 μενον,
2408 4814 2754 4885 ἐξαναστῆναι
2829 4820 2926 4871 τοῦ
2998 4818 3387 4893 ὑπερουρανίου
3449 4819 3675 4893 θρόνου,
3728 4822 3819 4875 xui

2163 4902 2265 4965 ἕως
2326 4904 2497 4958 αὐτῶν
2556 4901 2884 4973 καταϐάντα,
2952 4905 3039 4960 καὶ
3099 4913 3259 4981 χεῖρα
3314 4908 3517 4981 ἀγαθήν
3582 4908 3820 4983 ὀρέγειν,

2164 4993 2407 5049 καὶτοὺς
2449 4994 2710 5068 ἀγγέλους
2751 4994 2895 5067 αὐτῷ
2940 4991 3615 5070 συνεπιλαμϐανομένους,
3646 4996 3820 5053 ἄλλον

2166 5082 2396 5138 ἂλλοθεν
2454 5083 2770 5158 ἀντέχεσθαι
2842 5091 2957 5140 τοῖν
3030 5086 3295 5161 ἀνδροῖν·
3367 5087 3457 5141 καὶ
3518 5087 3688 5141 εἰπεῖν
3745 5092 3823 5159 τῷ

2167 5174 2374 5246 Κάρπῳ
2422 5174 2513 5227 τὸν
2551 5176 2785 5243 Ἰησοῦν,
2828 5182 2926 5244 τῆς
2974 5178 3161 5250 χειρὸς
3206 5174 3317 5247 ἤδη
3361 5176 3772 5251 προτεταμένης
3807 5194 3822 5208 ⁸

2167 5288 2192 5311 ‹‹
2231 5268 2359 5315 Παῖε
2388 5268 2502 5316 κατ’
2537 5262 2671 5334 ἐμοῦ
2721 5263 2914 5317 λοιπόν
2952 5284 2964 5295 '
3015 5262 3239 5337 ἕτοιμος
3272 5268 3373 5341 γάρ
3410 5266 3523 5340 εἶμι
3556 5268 3646 5321 καὶ
3688 5269 3820 5343 ὑπὲρ

2167 5350 2465 5423 ἀνθρώπων
2552 5352 2979 5424 ἀνασωζομένων
3054 5356 3264 5422 παθεῖν,
3343 5354 3431 5409 καὶ
3517 5354 3821 5433 προσφιλές

2170 5460 2262 5510 μοι
2292 5443 2477 5505 τοῦτο,
2514 5440 2587 5512 μὴ
2624 5438 2806 5494 ἄλλων
2852 5442 3270 5515 άμαρνανόντων
3301 5444 3625 5517 ἀνθρώπων.
3664 5442 3813 5514 Πλὴν

2166 5527 2285 5599 δρα,
2345 5527 2389 5583 εἰ
2437 5526 2619 5590 καλῶς
2666 5526 2781 5604 ἔχει
2850 5550 2955 5600 σοι,
3023 5532 3121 5600 τήν
3196 5530 3248 5586 έν
3299 5531 3379 5604 τῷ
3430 5532 3674 5608 χάσματι
3724 5534 3813 5588 καὶ

2169 5616 2301 5689 μετᾶ
2347 5621 2453 5671 τῶν
2524 5613 2700 5694 ὄφεων
2771 5618 2943 5690 μονὴν
3014 5618 3443 5693 ἀνταλλάξασθαι
3519 5628 3621 5692 τῆς
3677 5622 3811 5694 μετὰ

2165 5708 2296 5759 Θεοῦ
2326 5704 2417 5759 καὶ
2463 5706 2570 5760 τῶν
2619 5706 2831 5773 ἀγαθῶν
2880 5705 2969 5761 καὶ
3020 5706 3423 5785 φιλανθρώπων
3472 5708 3739 5785 ἀγγέλων.
3775 5733 3797 5761 ι
