4020 6358
172 414 272 468 601

1111 418 1304 483 νιτλ,
1347 416 1683 472 AUCTORE
1719 418 2060 473 ΒῩΜΕΟΝΕ
2098 419 2657 473 ΜΕΤΔΡΗΒΔΒΤΕ.

3478 416 3588 470 602

172 536 354 594 Ταῦτά
393 535 537 591 ἔστιν
591 536 622 591 ἃ
666 535 772 613 ἐγώ
827 537 1083 607 ἀκηκοὼς
1139 537 1377 593 πιστεύω
1425 537 1607 609 ἀληθῆ
1666 538 1824 598 εἶναι.

1947 541 2073 596 Haec
2121 544 2261 597 sunt
2316 558 2443 613 quae
2519 555 2625 611 ego
2692 539 2910 607 audita,
2987 554 3127 595 vera
3192 553 3324 595 esse
3391 541 3586 595 credo.

243 625 404 683 Οὕτω
425 626 493 680 τὰ
522 625 691 681 πάντα
720 632 895 701 πρᾶος
923 627 990 696 ἦν
1015 627 1105 682 καὶ
1161 628 1451 700 συμπαθὴς
1483 626 1574 681 καὶ
1628 626 1831 702 ἀόργη-

171 737 288 785 τος,
318 716 436 787 ὅσῳ
464 721 581 779 τοῖς
614 712 792 791 ἔργοις
824 717 1046 790 ὑψοῦτο,
1078 716 1328 789 τοσούτῳ
1382 721 1461 787 τῷ
1513 719 1827 793 φρονήματι

172 804 597 877 ταπεινούμενος
631 825 643 836 ·
676 806 850 860 κανὼν
879 811 994 867 τοῖς
1024 810 1151 860 πᾶσι
1183 807 1320 881 πρὸς
1350 805 1545 881 ἀρετήν
1574 826 1585 837 ·
1623 803 1830 881 λύχνος

175 894 250 955 εἰς
281 890 510 969 ὁδηγίαν
562 899 658 949 τοῦ
711 894 1034 971 κρείττονος.
1064 898 1142 949 Δι’
1174 896 1201 949 ὃ
1238 892 1379 968 μηδὲ
1435 896 1537 949 ὑπὸ
1584 899 1675 949 τὸν
1731 895 1828 968 μό-

177 980 287 1036 διον
342 985 371 1037 ὁ
419 988 529 1038 τῶν
585 985 830 1038 ἁπάντων
872 982 1043 1046 αἳτιος
1081 985 1246 1057 μόνος
1293 984 1621 1058 κρύπτεσθαι
1678 1006 1831 1040 συνε-

176 1072 431 1146 χώρησεν
467 1093 479 1104 ”
510 1072 638 1128 ἀλλ’
669 1073 749 1150 ἐφ’
782 1070 998 1145 ὑψηλοῦ
1049 1070 1117 1127 δι’
1148 1074 1341 1148 ἀρετῆς
1388 1075 1571 1144 τίθησι
1607 1094 1618 1105 ·
1657 1075 1743 1128 καὶ
1794 1076 1830 1144 ἡ
1874 1101 1881 1109 ·

177 1163 364 1237 φήμη,
396 1161 595 1226 εὐθέως
628 1158 890 1233 λαϐοῦσα,
926 1160 1015 1217 διὰ
1044 1164 1258 1218 πάντων
1292 1160 1389 1237 ᾖδε
1433 1164 1746 1235 στομάτων,
1780 1162 1832 1218 ἐν

176 1256 307 1304 πᾶσι
336 1252 559 1306 πάντων
587 1256 801 1327 κρατεῖν
854 1251 1156 1307 Διονύσιον.
1191 1252 1286 1306 Καὶ
1342 1249 1408 1320 δὴ
1458 1252 1595 1326 πρὸς
1642 1257 1833 1307 τοῦτον

173 1342 373 1402 πάντες
403 1339 658 1417 ἐπέρρεον
694 1361 708 1374 ·
742 1341 802 1395 οὐ
833 1342 895 1396 τὸ
927 1339 991 1411 δη
1005 1338 1183 1413 μῶδες
1214 1340 1377 1414 μόνον
1410 1341 1501 1395 καὶ
1552 1342 1834 1417 ἀγοραῖον,

173 1428 299 1485 ἀλλ’
332 1431 460 1484 ὅσον
500 1431 593 1485 καὶ
615 1436 722 1485 τῶν
756 1429 1073 1505 ἐλλογίμων
1101 1431 1167 1499 ἦν
1200 1429 1289 1485 καὶ
1336 1429 1611 1504 ἐπιφανῶν
1637 1448 1649 1460 ⁸
1686 1428 1739 1484 ο⁸ί
1776 1452 1836 1498 τε

170 1520 438 1595 πρότερον
468 1520 539 1590 τῇ
571 1518 733 1592 μανίᾳ
756 1518 1217 1591 κατειλημμένοι,
1243 1518 1336 1573 καὶ
1383 1521 1565 1593 θηρῶν
1621 1518 1838 1592 ὠμότε-

172 1629 263 1682 ρον
299 1609 403 1677 τὴν
454 1608 779 1680 Ἐκκλησίαν
830 1611 1241 1685 σπαράττοντες,
1274 1609 1348 1670 ὡς
1388 1609 1479 1663 τὸν
1530 1605 1700 1682 ἄνδρα
1746 1630 1836 1684 γι-

169 1698 416 1771 νόμενοι,
446 1698 669 1767 καὶτῆς
702 1704 1017 1771 θαυμαστῆς
1057 1696 1267 1767 ἐκείνης
1311 1697 1401 1751 καὶ
1452 1698 1599 1761 θείας
1650 1695 1839 1771 γλώτ-

170 1808 267 1856 της
313 1787 633 1853 ἀκούοντες,
662 1787 725 1841 τό
766 1808 825 1842 τε
860 1792 967 1841 τῶν
1014 1784 1250 1862 καρδιῶν
1299 1783 1538 1861 σκληρὸν
1593 1784 1839 1859 ἔμαλάτ-

172 1897 357 1945 τοντο,
390 1876 593 1948 καὶτῷ
624 1876 872 1948 ἀληθινῷ
919 1876 1008 1930 καὶ
1066 1875 1269 1951 πρώτῳ
1329 1876 1469 1954 φωτὶ
1528 1875 1833 1950 προσῄεσαν

177 1961 266 2018 διὰ
292 1969 396 2019 τοῦ
434 1965 807 2039 βαπτίσματος
839 1983 850 1995 ·
903 1964 1015 2037 ὅσῳ
1074 1962 1242 2019 πλέον
1292 1969 1401 2019 τῶν
1456 1962 1642 2019 ἄλλων
1700 1965 1838 2036 πρὸς

176 2054 367 2108 κακίαν
397 2054 595 2128 πρώην
617 2052 1005 2132 έφλέγμαινον,
1035 2053 1279 2126 τοσούτῳ
1332 2054 1518 2122 ζέοντα
1561 2054 1653 2108 τὸν
1698 2059 1839 2127 Χρι-

178 2144 508 2217 στιανισμὸν
536 2141 934 2214 ἐνδεικνύμενοι
971 2162 984 2176 ⁸
1020 2143 1108 2197 καὶ
1140 2142 1287 2205 ὅλως
1319 2141 1470 2197 οὐδὲν
1520 2142 1691 2204 οὕτως
1740 2143 1839 2197 ἀνὰ

175 2233 357 2304 στόμα
377 2238 499 2294 τοῖς
530 2238 713 2299 πᾶσιν,
749 2233 831 2286 δτι
868 2234 943 2303 μὴ
979 2230 1262 2294 Διονύσιος
1294 2232 1384 2300 ἦν.
1417 2232 1507 2294 Ὡς
1555 2231 1646 2286 οὖν
1694 2230 1837 2286 οὕτω

169 2326 366 2390 ταῦτα,
401 2321 494 2377 καὶ
544 2324 579 2392 ἡ
613 2324 773 2399 φήμη
826 2319 1123 2396 διέτρεχεν,
1155 2323 1191 2390 ἡ
1226 2318 1553 2376 διδασκαλία
1580 2342 1639 2375 τε
1675 2319 1840 2375 έπλα-

168 2410 392 2477 τόνετο,
446 2411 534 2465 καὶ
596 2413 632 2480 ἡ
700 2410 879 2471 πίστις
954 2405 1271 2464 ἐϐεϐαιοῦτο
1344 2410 1691 2485 τρανότερον,
1761 2409 1838 2472 εἷς

169 2502 345 2561 ἀκοὰς
402 2499 527 2569 ἥκει
584 2500 646 2554 τὸ
702 2505 933 2573 πρᾶγμα
988 2502 1325 2572 Δομετιανῷ,
1382 2503 1695 2571 Δομετιανῷ
1760 2502 1839 2568 τῷ

170 2591 354 2643 πάντα
400 2586 561 2659 δεινῷ
593 2609 605 2622 ο
640 2593 984 2661 Δαιμονιανῷ
1034 2586 1091 2642 δὶ
1123 2587 1336 2661 μᾶλλον
1365 2586 1533 2642 εἰπεῖν
1585 2581 1842 2642 οἰκειότε·

174 2698 293 2753 ρον,
329 2681 413 2749 τῷ
445 2675 748 2747 λαλήσαντι
780 2677 917 2732 κατὰ
943 2681 1041 2731 τοῦ
1072 2681 1206 2731 Θεοῦ
1255 2674 1490 2746 ἀδικίαν,
1532 2676 1583 2731 ἐν
1631 2678 1837 2749 ὑπερησ-

173 2764 349 2845 φανίᾳ
378 2765 469 2821 καὶ
499 2763 864 2836 ἐξουδενώσει,
895 2766 985 2821 καὶ
1038 2770 1198 2840 χεῖρα
1231 2765 1506 2840 θεομάχον
1548 2765 1683 2820 κατὰ
1738 2771 1840 2834 τῆς

173 2859 285 2910 τῶν
344 2860 690 2930 Χριστιανῶν
741 2852 925 2931 ἅραντι
967 2855 1222 2917 πίστεως.
1272 2856 1446 2917 Οὗτος
1490 2852 1579 2909 οὖν
1629 2853 1681 2908 τί
1731 2876 1839 2927 μη-

172 2950 444 3020 χανᾶται,
481 2942 693 3017 μᾶλλον
728 2941 786 2998 δὲ
812 2944 865 2998 τί
895 2945 1041 3020 παρά
1069 2948 1168 2999 τοῦ
1209 2944 1413 3018 πατρὸς
1444 2944 1615 2998 αὐτοῦ
1666 2948 1837 2997 Σατᾶν

173 3029 845 3102 ἐκπαιδεύεταιςπάντων
899 3035 993 3105 μὲν
1040 3038 1149 3088 τῶν
1206 3034 1323 3088 ὅσοι
1379 3033 1445 3086 τὰ
1501 3037 1837 3108 Χριστιανῶν

171 3124 506 3199 φρονοῦσιν,
569 3120 863 3195 ὑπεριδεῖν,
916 3128 1197 3177 Διονύσιον
1251 3119 1308 3175 δὲ
1370 3123 1534 3194 μόνον
1590 3119 1839 3188 ἐλεῖν,εὗ

167 3208 369 3278 εἰδὼς,
400 3212 498 3281 ὡς,
521 3210 566 3264 εἰ
595 3212 797 3265 τούτου
828 3212 1180 3285 περιγένηται
1217 3211 1411 3283 μόνου,
1443 3210 1656 3265 πάντων
1690 3208 1840 3264 ἔσται

1868 1922 1914 1985 Β

2009 630 2323 703 Dionysius
2355 631 2551 701 itaque
2572 630 2630 684 in
2665 629 2838 684 rebus
2868 629 3148 685 omnibus
3179 635 3303 685 erat
3319 629 3463 686 adeo
3482 630 3589 684 mi-

1938 724 2036 791 tis,
2072 723 2425 789 misericors,
2460 722 2532 776 ab
2565 723 2653 775 ira
2684 720 2932 791 alienus,
2961 725 3023 775 ut
3068 738 3182 792 quo
3233 721 3404 777 altior
3452 739 3589 776 eva-

1940 813 2114 868 debat
2146 813 2334 879 t'actis,
2368 829 2433 867 eo
2464 829 2527 866 se
2557 811 2746 882 magis
2775 810 3055 865 modestia
3098 810 3447 877 demitteret,
3497 828 3591 866 re-

1940 902 2077 974 gula
2107 902 2296 956 factus
2328 900 2604 955 omnibus
2636 901 2705 954 ad
2757 901 3078 965 veritatem,
3130 906 3187 954 et
3229 898 3466 954 lucerna
3514 900 3586 954 ad

1940 990 2350 1045 deducendum
2386 991 2456 1043 ad
2489 989 2545 1043 id
2579 989 2734 1059 quod
2765 995 2854 1043 est
2886 988 3121 1044 melius.
3157 990 3441 1053 Quocirca.
3482 1003 3591 1043 nec

1940 1096 2067 1135 eam
2102 1079 2384 1134 abscondi
2415 1079 2524 1133 sub
2560 1080 2754 1133 modio
2787 1078 2923 1133 sivit
2946 1078 3016 1145 is,
3051 1076 3149 1148 qui
3170 1082 3259 1132 est
3288 1077 3451 1132 solus
3483 1095 3591 1132 au-

1942 1173 2067 1224 ctor
2097 1168 2361 1223 omnium
2392 1184 2403 1221 :
2441 1170 2540 1223 sed
2572 1167 2631 1221 in
2660 1166 2777 1221 alto
2817 1166 2981 1237 ponit
3025 1182 3129 1238 per
3176 1167 3450 1221 virtutem
3481 1181 3494 1220 :
3537 1170 3595 1221 et

1943 1260 2100 1313 fama
2131 1257 2399 1329 protinus
2413 1255 3096 1327 pervadens,canebatur
3117 1255 3176 1309 in
3193 1272 3291 1311 ore
3303 1255 3592 1323 omnium,

1945 1348 2002 1402 in
2035 1347 2313 1402 omnibus
2339 1361 2542 1400 omnes
2575 1344 2804 1399 vincere
2847 1343 3216 1414 Dionysium.
3260 1347 3438 1399 Porro
3487 1360 3593 1398 au-

1944 1442 2061 1490 tem
2092 1449 2297 1489 omnes
2311 1434 2382 1488 ad
2405 1449 2537 1488 eum
2562 1432 2955 1496 conﬂuebant,
2984 1449 3098 1486 non
3123 1431 3312 1487 solum
3344 1430 3596 1503 popula—

1945 1541 2037 1579 res
2066 1530 2123 1579 et
2153 1524 2434 1588 forenses,
2468 1522 2566 1576 sed
2592 1522 2691 1591 qui
2722 1525 2888 1576 erant
2908 1519 3122 1575 eruditi
3143 1520 3509 1592 etinsignes:
3541 1522 3598 1574 et

1945 1612 2046 1684 qui
2080 1613 2242 1682 prius
2273 1610 2623 1666 laborabant
2649 1609 2901 1676 insania,
2926 1615 2984 1665 et
3014 1608 3152 1664 feris
3183 1609 3482 1665 crudelius
3511 1609 3597 1665 la-

1945 1701 2220 1757 cerabant
2242 1699 2580 1767 Ecclesiam,
2614 1700 2686 1753 ad
2718 1698 2886 1753 illum
2931 1698 3121 1753 virum
3172 1697 3493 1765 venientes,
3540 1701 3599 1753 et

1945 1789 2353 1846 admirabilem
2377 1788 2539 1843 illam
2571 1794 2629 1843 et
2658 1788 2913 1842 divinam
2950 1787 3215 1860 linguam
3264 1788 3595 1857 audientes,

1946 1880 2140 1935 cordis
2174 1878 2264 1934 sui
2299 1878 2643 1932 molliebant
2673 1876 2978 1947 duritiam,
3013 1882 3067 1932 et
3085 1878 3154 1932 ad
3178 1893 3373 1932 veram
3398 1882 3455 1932 et
3475 1877 3594 1949 pri-

1947 1985 2103 2024 mam
2140 1969 2328 2022 lucem
2360 1967 2718 2022 accedebant
2748 1982 2850 2037 per
2872 1966 3200 2037 baptisma;
3240 1984 3356 2039 quo
3406 1966 3598 2037 magis

1947 2062 2114 2112 erant
2143 2056 2493 2111 inflammati
2526 2057 2594 2109 ad
2627 2055 2860 2120 vitium,
2882 2071 2948 2110 eo
2973 2055 3379 2111 ferventiorem
3399 2060 3599 2111 osten-

1948 2148 2152 2202 dentes
2181 2145 2711 2210 christianismum,
2745 2149 2800 2199 et
2830 2145 2898 2198 ad
2936 2160 3257 2215 summam,
3291 2143 3439 2199 nihil
3472 2147 3596 2199 tam

1948 2240 2071 2290 erat
2093 2234 2153 2289 in
2185 2251 2283 2289 ore
2310 2232 2599 2301 omnium,
2624 2250 2801 2304 quam
2821 2234 3148 2305 Dionysius.
3171 2233 3312 2288 Cum
3325 2249 3462 2304 ergo
3476 2232 3600 2288 haec

1947 2324 2104 2379 fama
2135 2323 2216 2379 sic
2240 2323 2599 2394 pervaderet,
2624 2322 2890 2377 doctrina
2911 2326 3111 2377 autem
3137 2320 3511 2390 dilataretur,
3542 2324 3601 2375 et

1948 2413 2095 2467 ﬁdes
2127 2412 2572 2468 conﬁrmaretur
2600 2411 2952 2479 evidentius,
3002 2428 3097 2467 res
3145 2410 3340 2467 delata
3386 2415 3475 2466 est
3520 2410 3594 2465 ad

1949 2501 2364 2570 Domitianum,
2397 2501 2468 2554 ad
2501 2499 3146 2572 saevissimuminquam
3179 2499 3597 2565 Domitianum,

1946 2590 2035 2646 vel
2069 2594 2135 2645 ut
2165 2590 2353 2662 magis
2373 2589 2826 2661 propriedicam,
2846 2590 3307 2657 Dzemonianum,
3333 2589 3433 2659 qui
3456 2604 3599 2643 con-

1948 2684 2038 2734 tra
2069 2679 2256 2735 Deum
2287 2678 2521 2734 locutus
2554 2679 2662 2732 fuit
2694 2678 3066 2749 iniquitatem
3124 2678 3185 2732 in
3231 2676 3505 2749 superbia
3542 2680 3601 2731 et

1948 2770 2405 2840 contemptione,
2440 2774 2495 2825 et
2526 2786 2769 2824 manum
2797 2768 2913 2823 Deo
2945 2768 3247 2824 inimicam
3270 2767 3477 2823 extulit
3498 2767 3601 2822 ad-

1950 2878 2151 2917 versus
2174 2862 2349 2917 ﬁdem
2380 2860 2859 2915 cbristianorum.
2893 2859 2997 2916 Hic
3027 2876 3165 2932 ergo
3195 2858 3335 2930 quid
3379 2857 3602 2914 machi-

1950 2956 2124 3005 natur
2142 2949 2171 3005 ‘I
2198 2950 2284 3005 vel
2314 2949 2511 3021 potius
2543 2948 2683 3019 quid
2718 2949 2962 3003 docetur
2991 2965 3024 3003 a
3047 2954 3211 3020 patre
3224 2965 3329 3003 suo
3342 2949 3554 3002 Satana
3575 2948 3603 3002 ?

1950 3038 2166 3093 Omnes
2197 3037 2435 3109 quidem
2459 3038 2583 3108 qui,
2608 3053 2735 3108 quae
2759 3036 3067 3092 christiani
3094 3036 3378 3104 sentiunt,
3406 3035 3602 3106 despi-

1950 3144 2077 3183 cere
2109 3146 2123 3196 ;
2157 3127 2499 3199 Dionysium
2534 3133 2731 3183 autem
2765 3126 2959 3182 solum
3007 3126 3078 3181 de
3120 3126 3312 3182 medio
3365 3124 3600 3192 tollere;

1950 3216 2059 3271 hoc
2089 3217 2304 3284 sciens,
2339 3216 2496 3287 quod
2529 3218 2579 3270 si
2630 3232 2763 3270 eum
2816 3216 3011 3270 solum
3061 3215 3284 3280 vicerit,
3324 3215 3604 3271 omnibus

170 3301 462 3372 κρατήσας
495 3318 507 3331 ’
540 3298 588 3354 εἷ
616 3297 675 3354 δὲ
706 3302 781 3372 μὴ
813 3299 1033 3367 τούτου,
1067 3305 1398 3372 Δομετιανοῦ
1437 3300 1628 3360 πάντες
1686 3298 1838 3376 στερ-

1951 3306 2124 3361 fuerit
2155 3306 2309 3362 350
2340 3305 2647 3374 superior;
2675 3303 2765 3359 sin
2791 3305 3012 3371 minus,
3036 3320 3237 3359 omnes
3265 3304 3388 3359 fore
3410 3304 3603 3358 Domi-

166 3389 417 3465 ρότεροι.
452 3389 600 3444 Ἐπεὶ
637 3386 695 3443 δὲ
732 3394 901 3443 ταῦτα
932 3387 1152 3459 ἐνενόει,
1181 3390 1208 3444 ὁ
1260 3390 1430 3461 θυμὸς
1476 3388 1635 3443 αὐτὸν
1695 3389 1841 3463 ἐγεί-

167 3498 252 3552 ρει
286 3478 431 3532 κατά
452 3482 549 3531 τοῦ
580 3478 874 3551 μάρτυρος,
908 3478 997 3532 καὶ
1046 3481 1221 3548 ζητῶν
1270 3486 1371 3548 τῆς
1425 3478 1620 3551 μανίας
1680 3476 1837 3551 ἴαμα,

163 3572 335 3622 τοῦτο
390 3566 554 3639 μόνον
591 3567 847 3641 εὑρίσκει,
878 3568 970 3621 τὸν
999 3566 1164 3621 αὐτοῦ
1197 3568 1441 3631 θάνατον.
1476 3568 1701 3643 Ἀμέλει
1749 3568 1838 3622 καὶ

166 3656 377 3716 πάντας
424 3655 552 3719 τοὺς
611 3656 712 3710 ὑπὸ
771 3661 934 3731 χεῖρα
990 3656 1492 3731 συναγαγὼν,τοὺς
1542 3658 1835 3727 ἀπηνεστέ-

170 3764 304 3817 ρους
336 3765 396 3798 τε
426 3745 514 3799 καὶ
549 3743 797 3805 ἐοικότας
828 3744 975 3816 αὐτῷ
1007 3746 1107 3813 τὴν
1162 3745 1423 3800 ἀπόνοιαν
1479 3741 1834 3821 παραλαϐὼν,

166 3834 315 3887 κατὰ
345 3835 571 3903 ζήτησιν
620 3832 886 3905 ἐκπέμπει
934 3838 1032 3887 τοῦ
1081 3834 1375 3909 μάρτυρος,
1408 3835 1519 3903 καὶ,
1549 3859 1577 3886 (ι
1626 3834 1694 3891 Ei
1741 3835 1836 3907 μὲν

166 3926 252 3994 τῷ
283 3923 543 3995 ἡμετέρῳ
573 3924 789 3991 τοῦτον,
821 3924 977 3995 φησὶ,
1015 3923 1329 3995 μεταθέσθαι
1390 3919 1685 3997 σεόάσματι
1718 3924 1835 3979 πεί-

171 4032 317 4075 σετε,
346 4012 494 4065 τοῦτ’
543 4010 669 4082 ἰμοί
712 4012 774 4065 τὸ
822 4010 1185 4083 ποθούμενον,
1218 4013 1308 4066 καὶ
1358 4007 1621 4075 λαϐόντες
1674 4012 1831 4068 αὐτὸν

173 4101 297 4172 μεθ’
328 4099 555 4156 ἑαυτῶν.
590 4099 952 4175 ἀναστρέψατε
984 4118 996 4131 '
1036 4099 1081 4154 εἰ
1116 4097 1173 4154 δὶ
1202 4094 1278 4155 ἔτι
1310 4105 1376 4175 τῇ
1423 4097 1669 4157 δυσσεϐεῖ
1724 4101 1838 4158 ἐπι-

172 4189 355 4262 μένων
391 4187 475 4258 εἷή
510 4188 792 4263 θρησκείᾳ,
825 4188 1051 4244 θάνατον
1085 4188 1249 4245 αὐτοῦ
1274 4190 1643 4267 κατακρίνατε.
1678 4216 1708 4245 ››

241 4406 311 4464 Οἱ
362 4402 439 4473 δὲ,
470 4409 631 4460 τοῦτο
680 4404 826 4479 παρὰ
873 4409 968 4460 τοῦ
1010 4410 1341 4482 κρατοῦντος
1390 4405 1729 4479 ἀκούσαντες,
1759 4412 1829 4483 τῇ

169 4516 227 4550 τε
255 4495 491 4567 συνοίκῳ
544 4496 711 4566 μανίᾳ
763 4495 1191 4573 ὑποτυφόμενοι,
1222 4495 1312 4550 καὶ
1373 4494 1693 4571 δραστήριοι
1747 4502 1829 4569 τῷ

171 4587 447 4659 πέμψαντι
483 4582 631 4657 δόξαι
664 4584 1146 4659 φιΛοτιμούμενοι,
1173 4584 1288 4640 ἐπεὶ
1317 4587 1416 4655 τὴν
1452 4583 1685 4641 Γαλλίαν
1708 4608 1831 4641 κατ-

1950 3393 2106 3449 tiano
2132 3394 2419 3448 fortiores.
2445 3392 2767 3463 Postquam
2796 3398 2990 3447 autem
3011 3392 3134 3447 haec
3157 3396 3350 3447 mente
3381 3391 3605 3462 agitas-

1946 3492 2055 3549 set,
2087 3500 2221 3539 eum
2253 3482 2467 3537 excitat
2498 3483 2583 3536 ira
2604 3482 3260 3553 adversus_martyrem,
3293 3486 3350 3535 et
3382 3480 3601 3535 furoris

1946 3588 2215 3642 quaerens
2234 3570 2753 3640 medicamentum,
2777 3570 3007 3624 nullum
3028 3567 3186 3624 aliud
3202 3567 3447 3633 invenit,
3463 3584 3601 3639 pre-

1947 3669 2035 3715 ter
2064 3662 2192 3731 ejus
2223 3665 2494 3716 mortem.
2527 3658 2669 3714 Cum
2706 3659 2907 3730 itaque
2938 3674 3166 3724 omnes,
3200 3658 3299 3730 qui
3323 3659 3452 3728 ejus
3481 3657 3597 3711 im-

1948 3752 2108 3822 perio
2132 3752 2434 3821 parebant,
2468 3754 2903 3822 congregasset,
2929 3765 3149 3819 eosque
3169 3748 3600 3818 assumpsisset

1946 3840 2041 3910 qui
2074 3845 2240 3895 erant
2269 3840 2320 3894 ei
2352 3839 2612 3894 amentia
2642 3838 2887 3908 similes,
2924 3837 3193 3893 mittitad
3213 3837 3598 3909 quaerendum

1946 3934 2284 4001 martyrem.
2325 3951 2345 3978 ι
2376 3928 2466 3995 Et,
2501 3928 2550 3983 si
2582 3928 2631 3982 ei
2658 3927 2895 3997 quidem
2922 3926 3135 3998 inquit,
3162 3924 3597 3998 persuaseritis,

1948 4022 2009 4073 ut
2039 4019 2108 4073 ad
2135 4022 2395 4074 nostram
2420 4019 2765 4073 traducatur
2787 4016 3150 4089 religionem,
3176 4015 3285 4071 hoc
3303 4020 3412 4085 est,
3440 4014 3597 4085 quod

1944 4107 2249 4164 desidero:
2282 4122 2535 4176 cumque
2565 4122 2699 4161 eum
2758 4104 3101 4177 acceperitis
3143 4103 3470 4172 vobiscum,
3504 4118 3596 4157 re-

1940 4196 2257 4253 vertimini.
2287 4196 2387 4251 Sin
2422 4199 2616 4250 autem
2645 4193 2839 4249 adhuc
2881 4193 3273 4265 permanserit
3302 4193 3361 4247 in
3412 4191 3597 4262 impia

1939 4286 2237 4356 religione,
2272 4302 2403 4341 eum
2427 4288 2613 4339 morte
2630 4284 3037 4338 condemnata.
3074 4304 3104 4331 »

2012 4410 2100 4465 Illi
2132 4416 2326 4466 autem
2350 4426 2483 4464 cum
2518 4408 2636 4463 hac
2669 4407 2998 4463 audiissent
3029 4408 3102 4463 ab
3134 4404 3595 4479 imperatore,ed

1938 4490 2135 4554 furore
2167 4498 2648 4563 accenderentur,
2679 4496 2779 4569 qui
2810 4496 2870 4551 in
2924 4497 3007 4552 eis
3054 4495 3382 4559 habitabat,
3417 4497 3474 4550 et
3522 4493 3596 4549 ad

1940 4602 2034 4641 res
2060 4587 2346 4657 gerendas
2374 4602 2536 4641 acres
2584 4586 2767 4641 videri
2819 4586 3037 4641 vellent
3070 4585 3123 4641 ei
3171 4584 3272 4657 qui
3330 4583 3597 4648 miserat,

175 4669 395 4745 έλαϐον,
430 4673 505 4735 ὥς
557 4694 697 4735 τινες
744 4671 1044 4744 εἰσπηδῶσι
1095 4677 1256 4750 θῆρες
1292 4694 1303 4706 ·
1342 4674 1432 4729 καὶ
1487 4680 1661 4729 πᾶσαν
1709 4672 1834 4729 δια-

1947 4680 2253 4747 postquam
2288 4678 2575 4731 venerunt
2606 4675 2664 4729 in
2699 4675 2948 4731 Galliam
2972 4681 3258 4747 tanquam
3294 4674 3423 4729 ferae
3448 4689 3602 4745 quaa-

174 4764 495 4839 ταράξαντες
545 4763 644 4831 τὴν
689 4762 1027 4837 περίχωρον,
1065 4762 1450 4841 ὑποφθείρουσι
1496 4763 1624 4826 τοὺς
1675 4763 1832 4818 εὐκο-

179 4852 479 4927 λωτέρους,
502 4852 571 4905 τὰ
599 4852 735 4906 κατά
758 4852 851 4906 τὸν
890 4850 1153 4926 μακάριον
1188 4849 1392 4922 διδάξαι
1423 4873 1482 4907 τε
1518 4852 1609 4907 καὶ
1660 4852 1828 4908 εἰπεῖν

180 4941 476 4996 Διονύσιον.
509 4940 596 5001 Ὠς
628 4936 683 4993 δὲ
712 4944 902 4994 τοῦτον
936 4939 988 4993 ἐν
1026 4940 1256 5014 Παρισίᾳ
1282 4944 1350 5014 τῇ
1409 4937 1567 4996 πόλει
1625 4939 1833 5018 διατρί-

180 5025 285 5084 ϐειν
320 5029 609 5097 ἐπύθοντο,
639 5024 792 5082 οὔπω
840 5027 901 5082 τὰ
932 5034 1035 5083 πᾶν
1083 5027 1369 5097 ἐπύθοντο,
1399 5031 1489 5084 καὶ
1545 5035 1614 5104 τῇ
1671 5031 1830 5086 πόλει

179 5117 506 5184 ἐφίστανται.
541 5117 674 5174 Εἶτα
713 5118 780 5173 τὰ
810 5117 935 5194 περὶ
983 5123 1091 5173 τῶν
1118 5120 1457 5194 Χριστιανῶν
1516 5119 1829 5196 ἐρευνῶσιν,

180 5209 484 5284 εὑρίσκουσι
544 5211 798 5282 πανταχῇ
855 5209 923 5263 τὰ
975 5216 1076 5277 τῆς
1134 5209 1366 5271 πίστεως
1415 5211 1833 5284 κατεσπαρμένα

185 5294 507 5373 διδάγματα.
545 5297 671 5369 Περὶ
721 5301 828 5351 τῶν
876 5300 973 5351 τοῦ
1030 5298 1303 5374 μάρτυρος
1350 5298 1645 5355 τεοαστίων
1698 5320 1834 5371 μαν-

184 5390 452 5455 θάνουσιν,
486 5388 561 5447 ὡς
594 5386 717 5447 τοὺς
765 5386 889 5460 περί
946 5408 997 5440 τι
1059 5390 1313 5460 πονήρως
1356 5386 1582 5464 ἔχοντας
1630 5388 1832 5451 πάντας

186 5471 413 5529 ἰάσαιτο.
468 5472 757 5526 Κάντεῦθεν
807 5472 869 5526 τὸ
926 5477 1035 5528 τῶν
1102 5475 1342 5531 ἀπίστων
1419 5475 1566 5548 αὖτῷ
1644 5482 1833 5554 στῖφος

188 5561 503 5639 ἐπιῤῥεῦσαν
561 5565 629 5634 τῇ
688 5555 963 5633 θεοσεϐείᾳ
1001 5561 1246 5627 συνέθετο
1281 5564 1410 5620 ’καὶ
1465 5566 1541 5629 ὡς
1598 5568 1632 5635 ἡ
1691 5570 1837 5622 πᾶσα

190 5652 458 5725 Γερμανία
487 5649 724 5715 πολλοῖς
751 5653 812 5706 τὸ
844 5651 1075 5724 πρόσθεν
1103 5655 1192 5709 καὶ
1223 5650 1417 5718 δεινοῖς
1450 5653 1833 5730 δεδουλωμένη

192 5742 376 5806 πάθεσί
404 5762 465 5797 τε
506 5740 596 5795 καὶ
626 5740 899 5816 πράξεσιν,
933 5739 994 5798 οὗ
1042 5742 1151 5817 μὴν
1183 5740 1328 5799 ἀλλὰ
1372 5744 1461 5800 καὶ
1519 5742 1834 5809 εἴδωλικοῖς

1941 4765 2073 4819 dam
2105 4764 2379 4819 irruunt:
2412 4769 2469 4819 et
2499 4781 2631 4818 cum
2667 4781 2926 4830 omnem,
2962 4782 3087 4835 quae
3112 4763 3266 4819 circa
3297 4764 3413 4818 sita
3451 4765 3599 4827 erat,

1941 4855 2387 4910 conturbassent
2408 4854 2728 4925 regionem,
2754 4856 3144 4923 corrumpunt
3185 4851 3598 4923 simpliciores,

1942 4948 2007 4998 ut
2038 4945 2314 4999 docerent
2344 4943 2583 4997 ubinam
2638 4943 2840 4997 beatus
2884 4941 3199 5013 Dionysius
3236 4942 3595 4994 versaretur.

1943 5032 2258 5104 Postquam
2291 5036 2484 5087 autem
2520 5031 2835 5085 audierunt
2865 5046 2999 5084 eum
3031 5028 3251 5084 versari
3273 5027 3333 5083 in
3365 5026 3597 5081 civitate

1943 5121 2321 5189 Parisiorum,
2357 5121 2606 5175 necdum
2641 5136 2762 5174 rem
2788 5123 2969 5174 totam
2992 5115 3597 5174 audierantcumillic

1943 5213 2180 5267 adsunt.
2215 5210 2430 5266 Deinde
2463 5214 2870 5281 percontantes
2904 5210 2974 5264 de
3018 5210 3196 5264 rebus
3247 5205 3599 5261 christiano-

1944 5318 2097 5369 rum,
2120 5300 2429 5357 inveniunt
2461 5298 2594 5354 fidei
2626 5296 2954 5353 doctrinam
2988 5313 3115 5354 esse
3138 5296 3467 5368 dispersam
3496 5311 3600 5366 per

1946 5395 2130 5446 totam
2169 5390 2462 5445 civitatem
2490 5405 2502 5442 :
2536 5388 2605 5443 de
2641 5387 2942 5442 miraculis
2974 5387 3249 5459 martyris
3282 5385 3434 5440 ﬁunt
3472 5399 3598 5439 cer-

1942 5481 2138 5550 tiores,
2168 5479 2321 5551 quod
2355 5494 2559 5533 omnes
2583 5476 2825 5545 scilicet,
2860 5476 2959 5549 qui
2994 5477 3144 5532 male
3187 5492 3249 5532 se
3291 5474 3596 5539 baberent,

1945 5574 2240 5625 curasset:
2274 5573 2332 5623 et
2362 5567 2491 5622 ideo
2515 5564 2955 5622 incredulorum
2988 5566 3059 5621 ad
3086 5582 3219 5622 eum
3242 5563 3598 5621 conﬂuxisse

1944 5661 2319 5726 oatervam,et
2345 5672 2408 5713 se
2436 5654 2784 5726 adjunxisse
2815 5672 2948 5711 vero
2979 5654 3081 5712 Dei
3106 5654 3325 5711 cultui:
3360 5656 3417 5709 et
3437 5650 3595 5721 quod

1947 5746 2141 5805 omnis
2171 5742 2488 5803 Germania
2513 5760 2640 5815 quia
2673 5741 2881 5802 multis
2912 5745 3079 5817 prius
3127 5744 3405 5816 gravibus
3441 5738 3595 5794 vitiis
