4020 6358
459 405 567 461 603

1692 408 1750 459 8.
1788 398 2106 458 DIONYSII
2144 400 2649 460 AREOPAGITE.

3755 402 3847 456 604

462 528 746 585 servierat
772 531 829 582 et
858 525 1050 590 factis,
1083 526 1406 595 quinetiam
1457 526 1721 596 subjecta
1761 529 1887 581 erat
1933 520 2115 579 cultui

2247 520 2562 595 Snoxeipévn
2596 518 2916 595 σεϐάσμασι,
2943 522 3035 576 τὸν
3067 520 3267 576 οἲκεῖον
3320 520 3540 596 αὐχένα,
3588 528 3704 585 ταῖς
3745 534 3855 581 Διο-

466 617 944 681 simulacrorum,
976 614 1190 670 collum
1208 631 1382 670 suum
1397 632 1464 671 ex
1486 616 1577 670 his
1597 616 1987 681 subtractum,
2010 613 2114 667 do-

469 707 657 762 ctrina
687 704 968 775 Dionysii,
1002 704 1308 772 subjunxit
1330 706 1477 775 jugo
1499 704 1735 759 Christi.
1768 702 1911 757 Cum
1944 718 2113 772 ergo-

460 795 601 861 haec,
636 800 693 849 et
734 794 920 848 multa
952 793 1067 847 alia
1091 794 1245 848 facta
1288 810 1437 864 esse,
1490 794 1559 848 ad
1612 809 1814 847 eorum
1859 792 2114 846 venisset

459 885 877 955 cognitionem.
926 889 981 937 et
1045 882 1261 938 Christi
1310 899 1543 955 gregem
1601 882 1820 954 augeri,
1871 886 1928 936 et
1975 897 2114 935 suos

453 972 900 1028 deosvidissent
922 972 1155 1027 habitos
1204 972 1527 1043 despectui,
1579 977 1637 1026 et
1684 989 1794 1026 sua
1844 971 2116 1043 mysteria

458 1062 779 1128 contemni,
804 1066 862 1116 et
893 1061 1235 1116 inclinatam
1260 1077 1389 1116 esse
1413 1061 1796 1133 impietatem,
1817 1061 2007 1132 magis
2029 1076 2117 1115 ac'

458 1152 819 1216 cenduntur,
850 1154 907 1205 et
925 1155 1135 1221 rogant
1162 1150 1407 1206 ubinam
1440 1150 1754 1220 habitaret,
1780 1150 1879 1221 qui
1910 1165 2115 1205 eorum

464 1248 590 1297 erat
621 1243 823 1295 auctor
855 1257 867 1294 :
903 1244 960 1294 et
991 1243 1228 1310 repente
1259 1239 1319 1293 in
1339 1240 1570 1294 beatum
1592 1239 1883 1295 irruentes
1901 1238 2115 1310 Diony-

461 1330 640 1398 sium,
664 1345 799 1383 eum
832 1326 1007 1383 simul
1037 1327 1222 1397 ligant
1241 1345 1376 1383 cum
1397 1328 1472 1383 iis
1495 1328 1592 1398 qui
1619 1346 1754 1383 cum
1774 1329 1901 1399 ipso
1925 1332 2113 1396 erant,

461 1418 523 1473 in
558 1434 656 1473 ore
688 1416 946 1471 divinam
968 1416 1161 1471 adhuc
1184 1417 1495 1472 habentem
1520 1417 1843 1473 doctrinam
1869 1436 1883 1485 ;
1919 1416 2116 1487 presi-

465 1507 626 1571 dent,
661 1504 883 1559 rabiem
918 1509 975 1558 et
1006 1504 1258 1558 furorem
1294 1504 1586 1575 spirantes
1619 1504 1688 1558 ad
1732 1503 2115 1558 examinatio-

461 1611 616 1651 nem.
643 1594 1163 1665 lngrediaturcrgo
1198 1593 1284 1647 vir
1320 1609 1637 1664 generosus
1652 1593 1830 1648 simul
1848 1610 1980 1648 cum
1997 1594 2115 1647 Ru-

464 1685 611 1740 stico
646 1689 704 1741 et
736 1682 1098 1753 Eleutherio,
1133 1687 1325 1738 mente
1356 1684 1525 1737 ﬁrma
1547 1700 1613 1738 ac
1643 1684 1839 1738 stabili
1861 1683 2116 1738 etlibero

457 1776 679 1839 animo,
723 1773 970 1845 perinde
998 1789 1063 1826 ac
1092 1773 1140 1827 si
1173 1778 1476 1827 vocaretur
1496 1773 1566 1827 ad
1608 1773 1847 1842 festum,
1894 1789 2010 1827 non
2043 1772 2115 1826 ad

2222 610 2403 665 νυσίου
2437 609 2714 687 διδαχαῖς,
2747 612 2957 666 ἐκεῖθεν
3004 609 3352 681 ὑπεξελοῦσα,
3385 615 3463 681 τῷ
3499 615 3597 665 τοῦ
3644 617 3854 686 Χριστοῦ

2226 703 2374 772 ζυγῷ
2430 700 2759 776 ὑπηγάγετο.
2793 703 2882 761 Ὡς
2943 697 3035 754 οὖν
3097 699 3173 760 εἷς
3225 704 3417 774 γνῶσιν
3476 699 3683 771 αὐτοῖς,
3727 703 3852 759 οὕτω

2223 794 2388 844 ταῦτα
2442 792 2529 844 καὶ
2589 789 2777 846 πολλὰ
2830 789 2985 864 ἕτερα
3043 790 3319 866 γεγονέναι
3379 789 3624 863 ἀφίκετο,
3665 795 3759 861 τήν
3809 816 3859 849 τε

2223 885 2320 935 τοῦ
2370 883 2607 957 Χριστοῦ
2648 882 2887 956 ποίμνην
2939 882 3332 955 αὐξανομένην,
3364 882 3452 935 xui
3490 882 3617 943 τοὺς
3670 884 3854 941 ἑαυτῶν

2227 969 2382 1031 θεοὺς
2431 973 2886 1047 παρεωραμένους
2938 972 3147 1046 ἑώρων,
3176 970 3270 1031 τάς
3317 991 3376 1024 τε
3417 970 3638 1032 τελετὰς
3687 994 3859 1047 περιυ-

2226 1055 2540 1134 ϐρισμένας,
2581 1063 2671 1115 xui
2721 1060 2795 1123 εἰς
2845 1060 2975 1136 γόνυ
3019 1058 3274 1114 κλίνασαν
3319 1059 3417 1126 τήν
3467 1054 3730 1133 ἂσέὸειαν,
3783 1060 3859 1117 ἐπὶ

2231 1148 2449 1222 μᾶλλον
2482 1148 2814 1218 ἐκκαίονται,
2845 1150 2931 1203 καὶ
2965 1148 3055 1202 τὸν
3115 1146 3322 1202 τούτων
3368 1144 3544 1202 αἴτιον
3601 1148 3735 1204 ὅπου
3781 1152 3858 1205 καὶ

2228 1234 2518 1313 διατρίϐων
2545 1236 2653 1311 εἷὴ,
2684 1239 3072 1303 πυνθάνονται·
3107 1235 3197 1292 καὶ
3233 1236 3325 1291 τὸν
3364 1237 3651 1311 μακάριον,
3683 1238 3858 1315 ἀθρόον

2228 1324 2635 1390 ἐπεισπεσόντες
2668 1350 2680 1361 ·
2715 1328 2808 1383 σὺν
2871 1328 2983 1401 ἅμα
3041 1324 3299 1400 δεσμοῦσι
3357 1332 3475 1387 τοῖς
3527 1328 3640 1399 μετ’
3698 1327 3859 1394 αὐτοῦ,

2223 1418 2324 1486 τὴν
2365 1416 2510 1471 θείαν
2541 1417 2640 1472 ἀνὰ
2689 1418 2865 1489 στόμα
2915 1414 3151 1491 διδαχὴν
3194 1412 3272 1469 ἔτι
3314 1414 3571 1492 φέροντα,
3602 1417 3689 1470 καὶ
3744 1438 3860 1493 προ-

2225 1508 2487 1576 κάθηνται
2537 1503 2815 1569 λυσσῶδές
2856 1527 2907 1559 τι
2964 1506 3054 1559 καὶ
3112 1506 3333 1577 μανικὸν
3368 1503 3455 1559 έπὶ
3500 1507 3600 1574 τὴν
3655 1505 3862 1579 ἐξέτασιν

2226 1596 2498 1657 πνέοντες.
2535 1593 2767 1651 Εἷ’σεισιν
2796 1592 2885 1649 οὖν
2929 1596 2956 1648 ὁ
3006 1590 3268 1668 γεννάδας
3316 1595 3427 1666 ἅμα
3467 1595 3758 1666 Ῥουστικῷ
3785 1588 3858 1648 καὶ

2226 1682 2578 1757 Ἐλευθερίῳ,
2642 1683 2868 1756 ἀτρόμῳ
2919 1680 3138 1753 διανοίᾳ
3206 1682 3297 1737 καὶ
3366 1681 3863 1759 πεπαῤῥησιασμένῃ

2227 1776 2405 1847 ψυχῇ,
2441 1774 2620 1843 ὥσπερ
2654 1771 2730 1834 εἰς
2764 1773 2984 1846 ἑορτὴν,
3024 1772 3122 1825 οὐκ
3152 1770 3229 1833 εἷς
3291 1772 3480 1844 ἀγῶνα
3526 1769 3865 1843 καλούμενος.

464 1870 782 1920 certamen.
853 1864 1209 1933 Arroganter
1268 1861 1446 1932 igitur
1498 1867 1554 1917 et
1596 1878 1820 1932 aspere,
1873 1866 1936 1915 ut
1986 1878 2117 1915 eum

2247 1861 2326 1914 (αἱ
2378 1858 2443 1928 δὴ
2496 1860 2732 1935 θρασέως
2787 1860 2929 1919 οὕτω
2977 1859 3066 1914 xui
3115 1858 3419 1934 αὐστηρῶς,
3465 1856 3541 1913 ’ἶν’
3590 1858 3650 1914 ἐκ
3689 1880 3861 1934 προοι-

466 1953 988 2025 perterrefacerent
1038 1950 1237 2005 statim
1279 1950 1338 2005 in
1381 1951 1689 2022 principio,
1741 1950 1791 2005 ei
1859 1950 2064 2006 dicunt
2101 1949 2115 1989 τ

474 2062 501 2097 ιι
558 2046 638 2096 Tu
698 2058 782 2105 es,
846 2058 877 2095 ο
947 2041 1367 2095 exsecrandum
1436 2045 1633 2111 caput,
1710 2041 1810 2112 qui
1889 2044 2121 2096 nostros

467 2132 610 2186 deos
643 2130 810 2184 nihili
844 2129 1010 2193 facis,
1039 2135 1095 2184 et
1116 2130 1423 2184 contendis
1457 2131 1607 2186 351
1665 2131 1737 2185 de
1784 2130 1977 2185 medio
2018 2146 2120 2184 no-

475 2223 662 2275 stram
685 2218 889 2274 tollere
922 2217 1263 2289 religionem
1296 2219 1323 2272 ?
1353 2219 1661 2289 Responde
1691 2235 1848 2289 ergo,
1871 2219 2024 2290 quod
2049 2218 2127 2272 sit

478 2313 647 2364 tuum
684 2324 887 2377 genus,
924 2324 1048 2379 quae
1074 2313 1129 2363 te
1156 2307 1359 2363 tulerit
1390 2307 1597 2379 patria,
1646 2313 1702 2363 et
1750 2308 1905 2380 quod
1954 2312 2125 2363 tuum

477 2400 766 2456 studium.
803 2420 824 2449 ι
863 2398 966 2454 Ille
995 2404 1216 2463 autem,
1249 2416 1448 2455 amore
1478 2400 1538 2454 in
1590 2399 1887 2455 Christum
1949 2400 1999 2455 ei
2031 2400 2128 2454 ad-

484 2489 658 2543 dente
698 2487 983 2555 animum,
1036 2492 1094 2542 et
1139 2488 1383 2543 faciente
1430 2504 1562 2543 eum
1607 2488 2125 2544 conﬁdentiorem:

485 2599 513 2629 «
549 2582 664 2648 Ego
698 2578 960 2648 quidem,
992 2578 1206 2648 inquit,
1239 2594 1271 2632 ο
1289 2594 1410 2643 vos,
1431 2583 1496 2632 ut
1516 2582 1572 2632 et
1595 2594 1780 2649 genus
1803 2587 1856 2632 et
1882 2578 2129 2649 patriam

480 2683 512 2722 ο
527 2666 759 2722 mittam
796 2667 852 2721 in
886 2667 1215 2738 praesentia,
1236 2683 1328 2723 me
1349 2666 1562 2721 Christi
1593 2683 1823 2722 servum
1846 2684 1974 2723 esse
1995 2685 2132 2723 con-

480 2756 673 2824 ﬁteor,
707 2760 764 2810 et
793 2773 927 2811 eum
963 2756 1175 2824 solum,
1208 2764 1265 2811 et
1293 2761 1544 2823 Patrem,
1574 2757 1672 2826 qui
1712 2762 1872 2811 caret
1918 2758 2133 2827 princi-

482 2845 602 2916 pio,
627 2849 684 2899 et
704 2851 1056 2899 coaeternum
1077 2845 1204 2914 ejus
1228 2844 1351 2899 colo
1373 2845 1676 2916 Spiritum.
1699 2846 1911 2917 Aufugi
1937 2852 2133 2902 autem

480 2949 513 2987 a
547 2937 741 2987 vestro
774 2949 990 2998 errore,
1025 2932 1428 2987 validissimus
1455 2933 1535 3003 (in
1570 2950 1695 2989 meo
1717 2935 1874 2989 enim
1908 2934 2138 2990 Christo

481 3021 668 3075 habeo
688 3020 981 3092 ﬁduciam)
998 3027 1322 3077 vestrorum
1339 3023 1580 3077 deorum
1602 3024 1966 3087 deturbatnr,
1983 3024 2137 3078 chri-

482 3108 923 3179 stianorumque
946 3110 1017 3163 ad
1050 3110 1323 3165 virtutem
1375 3111 1717 3166 exhortator
1769 3113 2138 3182 promptissi-

485 3198 739 3253 mus.Ad
776 3198 895 3253 haec
929 3199 1175 3268 facite,si
1210 3200 1349 3268 quid
1379 3205 1467 3254 est
1495 3200 1656 3255 vobis
1696 3201 2071 3271 imperatum.
2110 3224 2137 3251 »

481 3285 761 3343 Videntes
793 3292 987 3342 autem
1024 3288 1324 3356 malevoli,
1359 3290 1547 3344 sancti
1578 3291 1966 3345 constantiam
2009 3307 2142 3347 cum

479 3376 794 3447 prudentia
810 3379 938 3446 conj
952 3383 1214 3448 unctam,
1230 3378 1378 3433 iram
1396 3384 1637 3433 mutant
1652 3380 1708 3434 in
1722 3380 1833 3434 adu
1846 3381 2142 3453 lationem,

480 3469 555 3531 et,
589 3486 617 3513 «
648 3464 729 3519 Ne
762 3470 944 3533 tuam,
974 3482 1006 3519 ο
1034 3465 1295 3539 Dionysi,
1316 3467 1555 3536 dicunt,
1579 3468 1854 3523 canitiem
1882 3470 2143 3525 aﬁ‘eceris

482 3553 860 3624 contumelia,
881 3571 1033 3625 nequ
1062 3571 1092 3609 e
1106 3556 1315 3611 charos
1345 3556 1577 3611 sodales
1594 3573 1649 3610 m
1664 3558 1772 3611 orti
1796 3559 2015 3613 acerbe:
2034 3563 2150 3614 tra-

489 3642 745 3710 dideris;
777 3659 914 3712 pare
958 3648 1111 3698 recte
1162 3643 1641 3715 consulentibus,
1681 3650 1738 3699 et
1779 3647 2147 3717 imperatoris

482 3732 826 3802 potentiam,
860 3748 963 3802 per
996 3748 1102 3787 nos
1136 3737 1190 3787 te
1224 3738 1560 3803 rogantem,
1601 3734 1854 3790 revereri
1905 3750 2150 3805 persua-

487 3820 704 3886 dearis,
735 3836 767 3875 o
799 3820 970 3875 chare
1000 3826 1058 3876 et
1092 3822 1238 3876 bone
1272 3821 1556 3894 Dionysi:
1578 3822 1691 3878 diis
1715 3824 1934 3878 nostris
1966 3825 2148 3879 sacri-

493 3909 668 3963 ﬁcare
691 3910 1101 3977 persuadearis
1132 3916 1189 3965 et
1218 3911 1332 3965 eris
1364 3928 1496 3965 cum
1532 3910 1649 3966 tuis
1680 3911 1911 3982 primus
1943 3928 2145 3967 eorum

494 3998 594 4067 qui
626 4002 765 4051 sunt
796 3997 1238 4069 subimperio.»
1256 3999 1356 4055 Ille
1374 4005 1571 4055 autem
1597 4016 1609 4053 :
1632 4022 1655 4052 ‹‹
1684 4004 1913 4066 Vester,
1936 4000 2147 4071 inquit,

490 4085 587 4141 hic
619 4102 779 4141 error
810 4093 900 4142 est
931 4089 1095 4159 pejor
1126 4089 1339 4159 priore,
1373 4088 1422 4144 si
1464 4090 1683 4160 putetis
1735 4090 1873 4160 fore,
1924 4095 1990 4144 ut
2024 4106 2139 4159 me,

491 4180 593 4230 aut
623 4192 888 4231 meorum
921 4177 1179 4249 aliquem
1212 4180 1531 4235 seducatis.
1566 4180 1683 4234 Hoc
1716 4180 1868 4234 enim
1919 4179 2145 4250 sciatis,

489 4265 647 4335 quod
679 4282 785 4320 nos
821 4283 934 4321 non
968 4266 1238 4339 honores,
1273 4285 1387 4323 non
1421 4268 1946 4335 contumelia),non
1984 4269 2148 4323 blan-

2233 1948 2360 2020 μίου
2393 1946 2547 2009 εὐθὺς
2580 1947 2995 2019 καταπλήξωσι,
3031 1948 3157 2025 φασὶ
3188 1949 3325 2021 πρὸς
3372 1947 3537 2001 αὐτόν
3569 1967 3581 1979 ·
3617 1972 3644 2000 ‹‹
3696 1947 3766 2001 Σῦ
3806 1949 3861 2001 εἶ-

2232 2037 2275 2092 ὧ
2306 2039 2581 2113 καταράτη
2613 2037 2847 2115 κεφαλὴ,
2884 2039 2911 2092 ὁ
2940 2037 3068 2101 τοὺς
3115 2038 3419 2113 ἡμετέρους
3467 2037 3623 2101 θεοὺς
3668 2036 3719 2091 έν
3766 2058 3860 2109 μη-

2234 2123 2343 2181 δενὶ
2373 2127 2674 2199 τιθέμενος,
2707 2127 2796 2181 xui
2826 2129 2925 2196 τήν
2953 2129 3115 2199 ἡμῶν
3166 2126 3227 2181 Ex
3274 2128 3442 2199 μέσου
3479 2133 3703 2195 ποιῆσαι
3752 2137 3861 2200 θρη-

2234 2214 2412 2271 σκείαν
2470 2214 2835 2293 φιλονεικῶν;
2897 2215 3219 2290 Ἀπόκριναι
3274 2215 3390 2282 οὖν,
3440 2215 3506 2269 τὸ
3563 2215 3734 2289 γένος,
3778 2213 3859 2278 τήν

2237 2306 2619 2380 ένεγκαμένην,
2651 2307 2714 2360 τὸ
2768 2303 3130 2378 ἐπιτήδευμα.
3166 2330 3195 2357 ››
3228 2306 3285 2358 Ὀ
3337 2302 3416 2377 δὲ,
3453 2302 3863 2379 θαρραλεώτερος

2242 2392 2453 2467 μᾶλλον
2503 2399 2584 2465 τῷ
2639 2395 2775 2470 πρὸς
2832 2394 3068 2470 Χριστὸν
3119 2393 3411 2468 γενόμενος
3458 2389 3621 2467 ἔρωτι
3649 2410 3662 2424 ο
3694 2414 3721 2441 ι(
3749 2389 3867 2462 Ἐγὼ

2243 2484 2361 2558 μὲν,
2396 2485 2441 2538 ὦ
2491 2484 2674 2551 οὗτος,
2705 2485 2889 2561 φησὶν,
2919 2481 3010 2538 ἵνα
3066 2483 3132 2537 τὰ
3187 2487 3285 2536 τοῦ
3330 2483 3529 2558 γένους
3583 2480 3645 2536 τό
3695 2501 3753 2554 γε
3796 2482 3869 2531 νῦν

2242 2570 2369 2648 ἔχον
2416 2573 2505 2628 καὶ
2557 2574 2656 2642 τὴν
2707 2570 2944 2646 πατρίδα
2994 2576 3173 2647 παρῶ,
3215 2576 3454 2647 Χριστοῦ
3517 2568 3709 2630 δοῦλος
3761 2567 3869 2622 εἶναι

2244 2661 2533 2737 ὁμολογῶ,
2560 2660 2651 2715 καὶ
2709 2662 2860 2735 μόνῳ
2889 2661 3065 2733 τούτῳ
3094 2665 3171 2732 τῷ
3199 2682 3257 2715 τε
3312 2662 3545 2735 ἀνάρχῳ
3598 2657 3756 2731 Ηατρὶ
3796 2654 3867 2709 xui

2243 2756 2323 2822 τῷ
2409 2747 2665 2823 συναϊδίῳ
2744 2749 2907 2804 αὐτοῦ
2979 2749 3224 2826 λατρεύω
3298 2750 3572 2823 Πνεύματι
3603 2769 3613 2780 ·
3663 2748 3870 2820 πέφευγα

2247 2838 2304 2894 δὲ
2334 2840 2424 2894 καὶ
2465 2847 2566 2909 τῆς
2622 2839 2777 2911 ὑμῶν
2816 2837 3029 2909 πλάνης
3060 2857 3075 2872 ο
3103 2837 3184 2911 τῷ
3225 2839 3328 2913 γὰρ
3375 2838 3498 2911 ἐμῷ
3543 2840 3749 2911 Χριστῷ
3792 2834 3866 2887 πέ.

2247 2932 2435 3002 ποιθα,
2493 2930 2818 3003 καθαιρέτης
2896 2927 3274 3004 στερῥότατος,
3326 2926 3594 2997 ἀλείπτης
3652 2928 3869 2999 Χριστια-

2248 3025 2361 3082 νοῖς
2412 3017 2551 3091 πρὸς
2611 3018 2805 3093 ἀρετὴν
2883 3016 3259 3089 ἑτοιμότατος.
3320 3016 3466 3090 Πρὸς
3521 3020 3685 3070 ταῦτα
3740 3011 3787 3068 εἷ’
3826 3031 3870 3065 τι

2248 3109 2717 3183 προστεταγμένον
2755 3108 2907 3180 ὑμῖν,
2938 3107 3222 3183 πράσσετε.
3256 3130 3284 3157 ››
3316 3106 3424 3161 Καὶ
3480 3106 3579 3173 τὴν
3606 3108 3698 3158 τοῦ
3738 3102 3871 3176 ἁγίου

2254 3198 2471 3273 γνόντες
2524 3198 2575 3251 οἱ
2636 3195 2916 3269 δυσμενεῖς
2978 3196 3114 3268 μετὰ
3171 3194 3433 3256 συνέσεως
3492 3190 3747 3262 ἔνστασιν,
3795 3190 3871 3244 τὸν

2257 3288 2425 3360 θυμὸν
2461 3286 2535 3348 εἰς
2568 3285 2801 3349 θωπείαν
2835 3280 3147 3358 ἀμείϐουσι,
3177 3284 3287 3351 καὶ,
3323 3308 3351 3337 ‹‹
3384 3285 3482 3353 Μὴ
3514 3284 3611 3352 τὴν
3639 3284 3730 3350 σὴν
3759 3277 3875 3333 ἔντι-

2261 3400 2360 3452 μον
2393 3376 2593 3432 πολιὰν
2627 3378 2933 3450 ἀτιμώσῃς,
2969 3375 3118 3453 φασὶ,
3153 3375 3417 3448 Διονύσιε,
3452 3372 3594 3448 μηδέ
3621 3370 3757 3427 τέλει
3792 3370 3874 3436 τὴν

2258 3468 2424 3545 φίλην
2458 3467 2692 3541 ἑταιρίαν
2725 3470 2907 3540 πικρῷ
2950 3462 3209 3540 παραδῷς
3240 3484 3252 3497 ·
3286 3464 3543 3534 πείσθητι
3587 3463 3651 3517 τὰ
3692 3458 3878 3536 χρηστὰ

2258 3551 2719 3629 συμϐουλεύουσι,
2752 3556 2841 3610 καὶ
2868 3556 2931 3609 τὸ
2965 3558 3061 3609 τοῦ
3096 3553 3363 3630 βασιλέως
3392 3554 3599 3629 κράτος
3651 3550 3716 3605 δι’
3742 3550 3875 3621 ἡμῶν

2260 3644 2497 3699 ἱκετεῦόν
2532 3665 2587 3698 σε
2620 3641 2977 3714 δοσωπήθητι
3012 3664 3024 3676 ·
3061 3644 3335 3713 πείσθητι,
3370 3641 3499 3721 φίλε
3531 3640 3729 3717 χρηστέ
3770 3646 3872 3691 Διο·

2257 3734 2426 3800 νύσιε,
2482 3739 2600 3795 τοῖς
2659 3734 2953 3807 ἡμετέροις
3013 3734 3166 3787 θῦσαι
3239 3733 3405 3804 θεοῖς,
3466 3732 3750 3799 πείσθητι’
3803 3721 3874 3778 καὶ

2257 3828 2475 3898 πρῶτος
2532 3827 2637 3877 τῶν
2698 3822 2801 3876 ὑπὸ
2826 3824 2925 3891 τὴν
2963 3820 3242 3897 βασιλείαν
3269 3819 3364 3896 ἔσῃ
3397 3821 3536 3894 μετά
3561 3824 3667 3874 τῶν
3711 3820 3822 3870 σῶν.
3851 3833 3873 3861 υ

2256 3913 2313 3965 Ὁ
2345 3910 2423 3980 δὲ,
2444 3936 2471 3963 ‹‹
2506 3910 2878 3981 Πεπλάνησθε,
2902 3911 3055 3989 φησὶ,
3088 3917 3185 3980 τῆς
3214 3911 3486 3987 προτέρας
3514 3904 3721 3975 πλάνην
3749 3903 3801 3959 οὐ
3822 3902 3874 3973 (“)

2257 4003 2505 4076 γείρονα,
2540 4000 2585 4055 εἶ
2620 3999 2716 4073 ἐμὲ
2748 3999 3002 4070 συλήσειν
3102 4021 3227 4054 τινα
3254 4004 3361 4054 τῶν
3411 3998 3559 4071 ἐμῶν
3605 3996 3741 4056 ὅλως

2259 4090 2389 4159 θητε
2422 4109 2434 4122 ·
2466 4092 2614 4162 ἡμᾶς
2663 4092 2787 4163 γὰρ,
2819 4087 2876 4143 εὗ
2922 4087 3054 4157 ἴστε,
3090 4089 3151 4143 οὐ
3201 4090 3381 4162 τιμαὶ,
3425 4088 3528 4143 οὐκ
3570 4083 3788 4157 ἀτιμίαι,
3826 4076 3874 4131 οὗ

2260 4183 2512 4248 θωπεῖαι,
2538 4176 2600 4231 οὐ
2636 4178 2883 4253 βάσανοι,
2918 4177 3021 4232 οὐκ
3050 4176 3192 4233 ἄλλο
3224 4198 3275 4232 τι
3306 4180 3414 4233 τῶν
3466 4176 3709 4231 ἁπάντων
3750 4165 3873 4225 οὐδὲν

2261 4265 2491 4340 χωρίσει
2523 4271 2790 4341 Χριστοῦ.
2826 4290 2856 4318 »ι

482 4353 662 4423 ditias,
688 4371 800 4409 non
832 4360 1147 4421 tormenta,
1180 4373 1367 4427 neque
1393 4356 1620 4428 aliquid
1670 4357 1828 4412 aliud
1861 4358 2101 4412 omnino
2130 4358 2429 4430 separabit
2463 4374 2495 4411 a
2531 4356 2782 4412 Christo.
2814 4378 2842 4408 »

571 4444 853 4515 Deinceps
891 4461 1029 4516 ergo
1061 4462 1192 4500 cum
1227 4463 1342 4500 non
1375 4451 1617 4517 possent
1649 4448 2020 4519 persuadere,
2045 4447 2144 4502 de-

2328 4446 2624 4514 Ἐντεῦθεν,
2659 4444 2775 4499 ἐπεὶ
2842 4445 2917 4518 μὴ
2977 4445 3086 4499 οἶοί
3140 4465 3199 4499 τε
3253 4445 3456 4500 πείθειν
3507 4441 3803 4517 ἐτύγχανον,
3828 4434 3876 4488 τὸ

482 4534 679 4603 posita
715 4550 966 4603 persona
995 4540 1051 4588 et
1084 4534 1481 4604 simulatione,
1514 4535 1753 4590 cumira
1772 4536 2129 4607 magiseﬁ‘er-

2264 4540 2618 4608 προσωπεῖον
2675 4533 2766 4588 καὶ
2822 4536 2923 4602 τήν
2982 4533 3265 4609 ὑπόκρισιν
3323 4532 3669 4606 ἀποθέμενοι,
3714 4531 3783 4597 τῷ
3832 4541 3878 4575 τε

485 4619 775 4685 buissent,
806 4625 864 4675 et
897 4636 926 4673 e
964 4620 1242 4675 cathedra
1272 4623 1516 4689 furiose,
1550 4630 1605 4677 et
1637 4628 1830 4678 mente
1862 4625 2154 4695 quodam-

483 4708 660 4763 modo
715 4714 909 4762 emota
940 4710 1375 4767 surrexissent:
1415 4733 1437 4763 ι
1470 4713 1516 4766 Α
1545 4711 1733 4773 vobis.
1785 4728 1816 4767 ο
1866 4718 2154 4768 amentes.

477 4797 755 4866 Dionysio
823 4798 1047 4865 dicunt,
1081 4803 1138 4853 et
1167 4800 1238 4855 iis
1270 4802 1368 4871 qui
1394 4818 1526 4856 cum
1551 4802 1678 4872 ipso
1698 4807 1881 4869 erant,
1908 4802 1987 4857 dii
2019 4820 2155 4859 con-

483 4890 861 4957 temnuntur,
912 4894 967 4941 et
998 4888 1317 4959 imperator
1345 4890 1660 4946 irridetur:
1694 4902 1742 4945 el
1790 4892 2011 4948 artibus
2036 4910 2154 4947 ma-

483 4975 651 5047 gicis,
692 4975 935 5048 perinde
975 4995 1041 5032 ac
1089 4978 1416 5046 miraculis,
1458 4995 1555 5034 eos
1608 4980 1707 5051 qui
1768 4981 1894 5051 ejus
1949 4986 2156 5052 parent

479 5064 752 5135 imperio,
791 5066 863 5120 ab
898 5082 965 5119 eo
993 5067 1311 5131 abducitis,
1345 5074 1400 5121 et
1430 5069 1500 5122 ad
1536 5075 1763 5123 vestras
1792 5075 1987 5140 partes
2029 5077 2151 5125 tra-

481 5152 697 5208 ducitis
729 5154 756 5207 ?
782 5178 803 5205 ι
829 5155 1267 5222 Sanctiautem,
1288 5179 1313 5203 ‹‹
1333 5156 1838 5225 Simileseisﬁant,
1862 5160 1957 5229 qui
1990 5160 2152 5228 ipsos

477 5240 698 5307 colunt,
718 5266 738 5292 ι
761 5243 845 5297 eis
864 5260 981 5297 una
1000 5260 1137 5298 voce
1151 5245 1425 5299 dixerunt
1447 5266 1460 5313 ;
1488 5269 1508 5294 ι
1529 5262 1636 5301 nos
1655 5252 1849 5302 autem
1879 5264 1994 5302 non
2030 5264 2151 5302 ma-

478 5329 626 5401 gicis
668 5330 918 5399 artibus,
956 5336 1017 5386 ut
1049 5333 1267 5401 dicitis,
1297 5335 1398 5389 sed
1448 5334 1548 5389 Dei
1599 5335 1783 5390 nostri
1833 5340 1889 5389 et
1937 5335 2149 5390 viviﬁci

483 5420 612 5489 ejus
646 5420 903 5491 Spiritus
932 5422 1294 5479 invocatione
1334 5428 1390 5479 et
1437 5425 1795 5496 operatione,
1830 5424 1999 5479 caecis
2059 5425 2147 5478 vi-

484 5526 642 5578 sum,
677 5510 857 5566 mutis
885 5528 1245 5583 sermonem,
1280 5513 1509 5569 claudis
1540 5514 1899 5586 ingressum,
1931 5519 1990 5569 et
2038 5515 2147 5569 dae-

490 5599 777 5655 moniacis
808 5602 1137 5672 praebemus
1184 5603 1568 5659 curationem.
1615 5607 1876 5668 Quorum
1927 5621 1999 5661 ne
2034 5603 2147 5660 sibi

2270 4628 2427 4696 θυμῷ
2475 4621 2643 4678 πλέον
2699 4623 3078 4692 ζέσαντες,καὶ
3126 4627 3227 4687 τῆς
3270 4620 3535 4696 καθέδρας
3584 4616 3788 4693 μανικόν
3834 4629 3874 4663 τι

2264 4714 2355 4767 καὶ
2411 4714 2915 4788 παρακεκινημένον
2965 4711 3336 4783 ἰξαναστάντες
3370 4731 3382 4744 ·
3420 4737 3448 4764 (ι
3498 4711 3627 4785 Ηαρ’
3659 4708 3812 4780 ὑμῶν,
3840 4696 3874 4751 ὧ

2265 4802 2511 4873 ἀνόητοι,
2542 4801 2808 4875 Διονυσίῳ
2868 4803 2995 4877 φασὶ
3049 4801 3137 4856 καὶ
3185 4807 3302 4863 τοῖς
3358 4802 3492 4873 μετὰ
3534 4799 3712 4866 αὐτοῦ,
3742 4793 3797 4846 τά
3830 4806 3875 4840 τε

2260 4896 2370 4946 τῶν
2396 4893 2529 4946 θεῶν
2564 4891 2877 4963 ἀτιμοῦται,
2910 4891 2998 4946 καὶ
3027 4892 3096 4946 τὰ
3123 4889 3219 4946 τοῦ
3251 4888 3644 4965 αὐτοκράτορος
3702 4898 3875 4957 μυκτη-

2264 4981 2493 5054 ρίζεται,
2526 4982 2615 5035 καί
2646 4987 2904 5056 μαγικαῖς
2938 4981 3201 5044 ἐπινοίαις
3246 4976 3405 5049 δῆθεν
3456 4979 3529 5041 ὡς
3580 4986 3876 5056 θαυματουρς

2262 5070 2411 5144 γίαις
2447 5071 2599 5143 ὑμεῖς
2629 5069 2758 5132 τοὺς
2795 5071 2898 5125 ὑπὸ
2922 5072 3022 5139 τήν
3052 5069 3259 5125 τούτων
3291 5070 3471 5145 ἀρχὴν
3506 5061 3787 5122 ὑποσυλᾶτε
3807 5052 3876 5109 καὶ

2267 5158 2675 5236 σφετερίζεσθε;
2713 5184 2740 5211 ››
2775 5160 2841 5216 Ol
2877 5158 2934 5214 δὲ
2965 5160 3131 5235 ἅγιοι,
3161 5186 3180 5209 ι
3211 5163 3437 5231 ’Όμοιοι
3469 5155 3645 5214 αὐτοῖς
3674 5150 3875 5242 γένοιῖτο

2266 5247 2322 5300 oi.
2378 5249 2683 5320 τιμῶντεςί
2723 5273 2750 5299 ››
2787 5253 2886 5320 μιᾷ
2942 5248 3077 5322 πρὸς
3132 5248 3329 5309 αὐτοὺς
3379 5242 3577 5323 ἔφησαν
3607 5246 3672 5315 τῇ
3702 5256 3832 5315 φωνῃ
3863 5246 3875 5263 ’

2260 5338 2489 5407 «ἡμεῖς
2552 5332 2610 5390 δὲ
2671 5336 2732 5390 οὐ
2796 5343 3047 5413 μαγικαῖς
3098 5335 3390 5404 ἐπινοίαις,
3420 5335 3494 5396 ὡς
3550 5328 3696 5386 αὐτοί
3748 5340 3870 5420 φατε,

2258 5422 2404 5478 ἀλλά
2433 5429 2500 5497 τῇ
2533 5429 2632 5479 τοῦ
2666 5429 2798 5479 Θεοῦ
2832 5428 2993 5497 ἡμῶν
3030 5425 3119 5479 καὶ
3150 5428 3217 5499 τῇ
3276 5428 3371 5479 τοῦ
3429 5422 3690 5491 ζωοποιοῦ
3732 5413 3870 5499 αὖτφῧ

2256 5512 2563 5585 Πνεύματος
2616 5513 2903 5585 ἐπικλήσει
2961 5514 3050 5570 xui
3101 5498 3344 5591 ἐνεργείᾳ
3393 5511 3612 5588 τυφλοῖς
3663 5505 3719 5591 to
3761 5498 3865 5577 βλέ-

2255 5622 2398 5674 πειν,
2429 5608 2637 5680 κωφοῖς
2667 5602 2730 5657 τὸ
2762 5601 2977 5673 λαλεῖν,
3015 5604 3165 5679 βάσιν
3194 5590 3256 5658 τε
3300 5600 3530 5679 χωλοῖς,
3560 5596 3645 5653 καὶ
3698 5590 3863 5661 δαιμο-

558 5724 627 5797 (')
654 5725 765 5782 Aut
798 5725 1113 5800 legendum
1145 5725 1368 5803 χείρονα
1402 5728 1528 5785 sine
1558 5727 1642 5799 οὐ,
1675 5745 1811 5786 cum
1845 5729 2129 5803 interpret

2247 5732 2312 5786 ut
2347 5729 2728 5787 scribendum
2760 5728 2823 5784 ού
2852 5728 3153 5806 κρεῖττονα.
3191 5730 3351 5789 Enrr.
3385 5730 3549 5786 Ριιτιι.
