4020 6358
203 456 306 510 6ὑ5

1153 454 1345 519 VITA,
1389 451 1723 506 AUCTORE
1758 451 2077 507 ΒῙΜΕΟΝΕ
2116 454 2670 508 ΜΒΤΔΡΗΒΑΒΤΕ.

3509 451 3617 507 606

201 581 326 630 νῶσι
372 576 721 649 προσέχομεν
773 568 938 626 ἴασιν·
1004 568 1079 625 ὧν
1140 567 1264 625 οὐδὲ
1320 572 1531 631 ἑαυτοῖς
1587 567 1740 624 οὐδὲν
1798 571 1885 639 ο⁴ί⁴

1965 572 2202 644 quidem
2227 573 2670 646 possuntvestri
2692 572 2772 628 dii
2795 573 3117 646 quidquam
3144 573 3491 645 praehere,ut
3513 573 3615 644 qui

204 666 449 741 ὑμέτεροι
510 663 646 729 θεοὶ,
682 664 771 716 ἅτε
804 660 936 731 ξύλα
965 660 1054 715 καὶ
1088 659 1257 727 λίθοι,
1294 657 1477 713 δοῦναι
1514 657 1850 729 δεδύνηνται·

205 753 386 825 Στόμα
444 753 547 826 γὰρ
606 746 829 826 ἔχουσι,
888 750 977 803 καὶ
1030 748 1091 802 οὗ
1151 747 1410 804 λαλοῦσιν
1443 768 1455 779 ⁸
1513 748 1850 826 ὀφθαλμοὺς,

198 844 279 897 καὶ
361 841 424 895 ού
502 840 835 916 βλέπουσιν·
897 841 1037 907 ὦτα,
1094 839 1179 892 καὶ
1238 838 1337 892 οὐκ
1389 838 1695 892 ἀκούουσιν.
1758 839 1851 891 Ἔν

197 935 353 986 τοῦτο
410 931 576 1003 μόνον
609 931 734 1002 ὑμῖν
779 928 1074 1003 ἐνεργοῦσι,
1102 928 1163 981 τὸ
1195 926 1558 997 ἀτελεύτητον
1588 931 1694 1002 πῦρ
1728 926 1851 980 ἀνα-

199 1019 512 1098 φλέγουσιν.
550 1018 834 1079 »Τούτοις
864 1018 1128 1072 ἀντειπεῖν
1182 1017 1246 1071 οὐ
1279 1014 1590 1086 δυνηθέντες
1647 1016 1697 1069 οἱ
1754 1014 1851 1069 τύ-

199 1130 395 1184 ραννοι,
431 1106 599 1184 δριμύ
630 1130 680 1163 τι
712 1107 800 1161 καὶ
833 1108 1146 1184 παράφορον
1201 1104 1276 1166 είς
1308 1104 1503 1168 αὐτοὺς
1547 1101 1849 1171 ὑπιδόντες,

197 1200 281 1253 καὶ
306 1199 374 1252 τὰ
425 1196 551 1274 ξίφη
586 1196 942 1270 σπασάμενοι,
992 1196 1129 1270 πρὸς
1174 1195 1266 1248 τὸν
1296 1194 1458 1271 φόνον
1508 1190 1848 1262 ὁπλίζονται’

196 1288 283 1342 καὶ
344 1284 413 1354 δὴ
474 1288 549 1349 ὡς
600 1286 707 1339 ἀπὸ
760 1286 996 1357 σημείου
1055 1283 1282 1346 τούτους
1342 1282 1688 1357 ἐξαγαγόντες
1750 1289 1849 1351 τῆς

194 1376 435 1443 πόλεως,
498 1374 585 1429 ἰπί
644 1395 765 1429 τινα
823 1374 1064 1451 κορυφὴν
1117 1370 1399 1445 δεσμώτας
1428 1371 1707 1447 ἀνάγουσι,
1760 1372 1845 1425 καὶ

191 1469 306 1525 τοῖς
354 1462 584 1536 δημίοις
613 1463 677 1517 τὰ
732 1463 867 1537 πρὸς
924 1463 1131 1538 σφαγὴν
1183 1460 1575 1536 ἐγχειρίζουσι.
1638 1458 1849 1531 Μεταξὺ

193 1550 249 1607 δὲ
300 1554 494 1628 καιρὸν
575 1550 626 1607 o'i
702 1550 850 1626 ἅγιοι
909 1551 1119 1605 αἰτοῦσι
1177 1557 1519 1625 προσευχῆς,
1574 1551 1661 1603 καὶ
1720 1548 1851 1624 γόνυ

190 1641 499 1698 κλίνουσιν.
562 1644 646 1695 Ἐν
704 1640 949 1712 τοσούτῳ
1008 1638 1064 1694 δὲ
1123 1641 1151 1693 ὁ
1209 1639 1534 1714 ἰερομάρτυς
1566 1639 1662 1693 τοῦ
1715 1639 1851 1713 Χρι-

191 1735 317 1785 στοῦ
386 1730 706 1798 Διονύσιος,
763 1730 825 1783 τὸ
878 1726 1035 1802 ὄμμα
1094 1729 1169 1790 εἰς
1229 1727 1491 1798 οὐρανοὺς
1551 1727 1848 1789 ἀνατείνας·

189 1843 217 1870 ι(
252 1819 502 1874 Δέσποτα
560 1819 656 1873 Θεὲ
708 1818 1104 1893 παντόκρατορ,
1151 1817 1278 1887 Υἱὲ,
1334 1817 1487 1893 φησὶ,
1544 1816 1849 1891 μονογενὲς,

188 1909 276 1962 καὶ
311 1910 472 1983 ἅγιον
506 1912 743 1979 Πνεῦμα,
776 1907 945 1983 Τριὰς
1001 1906 1126 1981 ἁγία
1180 1902 1385 1980 ἅναρχε
1432 1906 1521 1960 καὶ
1572 1906 1849 1979 ἀμέριστε,

188 1993 481 2070 πρόσδεξαι
537 1996 633 2057 τὰς
691 2000 799 2050 τῶν
846 2000 953 2049 σῶν
1009 1992 1222 2048 δούλων
1281 1993 1333 2048 έν
1396 1993 1586 2070 εἰρήνῃ
1648 1994 1850 2069 ψυχὰς,

189 2083 270 2138 ὅτι
330 2082 493 2139 ἕνεκά
550 2105 647 2138 σου
707 2083 1100 2156 θανατούμεθα.
1166 2108 1193 2133 ››
1254 2084 1353 2138 Καὶ
1413 2088 1521 2137 τῶν
1582 2083 1749 2157 ἁγίων
1789 2084 1851 2138 τὸ

187 2198 214 2225 (ι
244 2176 439 2247 Ἀμὴν
476 2196 499 2225 υ
526 2172 1010 2250 ἐπιφωνησάντων,
1036 2171 1173 2247 πρὸς
1194 2170 1323 2234 τοὺς
1346 2170 1577 2243 δημίους
1603 2171 1853 2247 ἐπιστρα-

184 2262 325 2339 φεὶς,
365 2287 393 2313 ‹‹
429 2264 505 2319 Τὸ
562 2261 846 2317 κελευσθὶν
898 2263 1024 2333 ὑμῖν
1083 2259 1369 2331 ἐκτελεῖτε,
1401 2285 1430 2312 ››
1475 2261 1659 2339 φησίν.
1693 2263 1759 2318 Οἱ
1793 2258 1849 2315 δὲ

178 2352 375 2423 πρῶτα
430 2351 526 2423 μὶν
572 2353 672 2419 τήν
714 2355 812 2405 τοῦ
859 2349 1126 2424 μακαρίου
1172 2348 1476 2420 Διονυσίου,
1532 2352 1646 2403 εἱτα
1693 2351 1849 2406 Ῥου-

176 2444 374 2494 στικοῦ
426 2439 515 2493 καὶ
570 2438 913 2514 Ἐλευθερίου
972 2439 1291 2511 ἐκτέμνουσι
1350 2436 1635 2516 κεφαλήν.
1692 2436 1849 2516 Ἀλλξ

175 2526 309 2583 οὐδὲ
372 2528 555 2601 τούτῳ
613 2532 729 2598 σοῦ,
777 2527 1044 2594 Διονύσιε,
1104 2528 1132 2581 ὁ
1193 2524 1281 2582 διὰ
1312 2528 1370 2582 σε
1410 2528 1597 2582 παθὼν
1650 2532 1747 2583 τοῦ
1778 2507 1847 2582 δι’

174 2618 342 2672 αὐτὸν
377 2620 709 2687 θνήσκοντος
740 2615 1123 2686 ἐπιλέλησταιο
1158 2615 1303 2672 ἀλλά
1339 2637 1391 2670 τι
1440 2616 1530 2670 καὶ
1576 2616 1699 2692 περὶ
1745 2618 1844 2684 τήν

172 2706 428 2779 έκτομήν
484 2708 762 2781 τεράστιον
823 2703 1207 2762 ἐπιδείκνυται.
1265 2707 1363 2760 Καὶ
1422 2706 1523 2782 γὰρ
1579 2708 1678 2774 τὴν
1725 2706 1845 2760 ἑαυ-

166 2800 267 2851 τοῦ
334 2794 608 2869 κεφαλὴν,
667 2793 849 2869 ὥσπερ
908 2816 964 2849 τι
1026 2790 1304 2869 βραϐεῖον,
1364 2793 1415 2848 ἐν
1448 2799 1565 2848 ταῖν
1600 2795 1845 2870 χεροῖνὸ

172 2887 392 2959 μάρτυς
454 2881 760 2956 δεξάμενος,
820 2882 899 2961 ἂρ’
958 2885 1136 2938 ἱκανὸν
1196 2884 1363 2938 τόπον
1427 2881 1639 2939 δίεισιν.
1676 2887 1846 2959 Ἔφε-

168 2994 257 3048 ρεν
317 2972 413 3027 οὖν
467 2976 567 3041 τήν
623 2971 893 3050 κεφαλὴν,
950 2975 1189 3047 καθάπερ
1222 2995 1271 3028 τι
1303 2972 1588 3047 τρόπαιον,
1624 2973 1710 3027 ἐπὶ
1740 2978 1847 3028 τῶν

169 3068 389 3140 χειρῶν
431 3061 610 3135 αὐτὸς,
665 3062 769 3117 ὑπὸ
804 3062 948 3123 θείας
992 3062 1205 3124 πάντως
1234 3062 1531 3140 φερόμενος
1593 3064 1843 3139 χάριτος,

166 3155 260 3208 καὶ
333 3151 399 3207 ού
432 3153 695 3226 πρότερον
739 3151 926 3221 ἀνῆκε,
985 3150 1112 3227 πρίν
1173 3151 1261 3206 ὅτε
1318 3150 1385 3221 δὴ
1441 3154 1650 3228 γυναικὶ
1708 3153 1847 3207 κατὰ

165 3241 329 3294 Θείαν
410 3242 627 3302 πάντως
694 3242 1033 3315 συνενεχθεὶς
1091 3241 1350 3317 πρόνοιαν
1409 3241 1617 3313 ἐκείνης
1675 3239 1845 3296 παλά-

166 3351 331 3402 μαις,
415 3331 505 3384 οἷά
575 3350 694 3384 τινα
766 3331 1061 3405 θησαυρὸν,
1119 3329 1423 3394 ένατὲθετο.
1478 3334 1725 3388 Ἔκειντο
1786 3319 1916 3385 δὶα

163 3416 535 3491 ἀμελούμενα
588 3418 656 3473 τὰ
711 3422 816 3471 τῶν
879 3417 1043 3492 ἀγίων
1108 3419 1395 3495 μαρτύρων
1426 3420 1584 3491 τίμια
1617 3420 1843 3490 σώματα

167 3507 345 3581 θηρσὶ
399 3507 537 3583 βορὰ
587 3508 677 3562 καὶ
726 3506 939 3582 ὀρνέοις
998 3509 1352 3582 προκείμενα,
1399 3508 1542 3583 μηδὲ
1571 3516 1671 3579 τῆς
1702 3530 1846 3564 νενο-

169 3596 458 3669 μισμένης
487 3594 731 3672 λαχόντα
761 3604 956 3674 ταφῆς.

234 3686 319 3742 Oi.
378 3688 564 3757 μέντοι
625 3682 819 3757 δήμιοι
880 3683 1005 3740 οὐδὲ
1067 3684 1231 3761 μέχρι
1291 3686 1488 3741 τούτου
1537 3694 1637 3756 τῆς
1677 3687 1847 3762 ὀργῆς

166 3772 431 3843 ἔστησαν·
476 3772 624 3828 ἀλλὰ
652 3774 742 3828 καὶ
798 3779 917 3835 τοῖς
980 3772 1263 3846 λειψάνοις
1322 3774 1505 3837 αὐτοῖς
1539 3775 1848 3847 ἐπιμαίνον-

167 3883 294 3929 ται,
352 3860 597 3937 θαλάσσῃ
663 3860 846 3917 δοῦναι
900 3864 991 3917 καὶ
1041 3863 1188 3938 βυθῷ
1242 3864 1715 3938 προθυμούμενοι,
1775 3865 1848 3926 ὡς

169 3952 228 4006 ἃν
311 3952 388 4023 μή
433 3952 527 4013 τὰς
588 3950 769 4018 αὐτὰς,
821 3953 910 4006 καὶ
960 3950 1147 4027 ἄψυχα
1201 3949 1349 4025 ὄντα,
1410 3956 1850 4030 θαυματουργίας

168 4039 553 4110 ἐνδείξαιντο,
627 4040 909 4105 κάντεῦθεν
966 4041 1163 4114 ’ὲλξωσι
1222 4043 1351 4104 τοὺς
1410 4040 1657 4104 πολλοὺς
1715 4044 1853 4117 πρὸς

167 4130 495 4205 ίπίγνωσιν.
545 4133 613 4187 ’Ό
676 4128 766 4199 δὴ,
830 4131 903 4193 ὡς
961 4132 1148 4193 αὐτοῖς
1210 4129 1376 4202 ἔδοξε,
1434 4133 1649 4208 γέγονεν
1684 4126 1851 4201 ἂν,εῗ

170 4222 253 4291 μὴ
310 4222 381 4292 τῇ
441 4225 659 4295 πονηρᾷ
712 4220 881 4295 ταύτῃ
920 4222 1090 4295 πέρας
1140 4219 1495 4295 ἐπενεχθῆναι
1529 4220 1706 4297 βουλῆ
1740 4219 1850 4276 διε-

164 4306 425 4362 κώλυσεν
478 4309 505 4362 ὁ
568 4305 721 4370 Θεός.
783 4308 1091 4381 Αἷσθυμένη
1132 4310 1235 4384 γὰρ
1262 4315 1357 4363 τοῦ
1394 4307 1772 4382 βουλεύματος
1815 4312 1849 4379 ἡ

164 4398 279 4466 τὴν
330 4396 520 4469 τιμίαν
575 4402 655 4469 τῷ
717 4403 834 4469 Θεῷ
880 4398 1124 4475 κεφαλὴν
1183 4395 1445 4470 δεξαμένη
1497 4395 1692 4470 (ὄνομα
1750 4406 1850 4452 Κα-

169 4485 357 4541 τούλα
410 4489 480 4559 τῇ
538 4487 772 4562 γυναικί)
830 4487 1105 4542 κοινοῦταί
1135 4508 1256 4541 τινα
1308 4492 1424 4548 τοῖς
1456 4492 1673 4549 πιστοῖς
1706 4490 1849 4561 γνώ-

178 4598 293 4648 μην
356 4574 431 4636 ὡς
492 4575 719 4649 ἀρεστὴν
779 4580 859 4646 τῷ
918 4580 1035 4648 Θεῷ
1074 4576 1163 4629 καὶ
1225 4572 1546 4629 ἀπόδεκτον·
1600 4575 1689 4629 καὶ
1748 4597 1848 4629 πο-

1964 663 2085 717 sint
2113 662 2273 735 ligna
2293 670 2348 718 et
2372 662 2616 735 lapides.
2638 664 2707 718 05
2736 665 2884 718 enim
2917 662 3140 733 habent,
3164 672 3345 719 etnon
3380 664 3620 734 loquun-

1964 754 2056 804 tur
2077 770 2096 807 :
2117 754 2325 819 oculos,
2349 763 2403 807 et
2431 771 2546 807 non
2578 755 2810 808 vident:
2833 769 3019 823 aures,
3043 758 3098 808 et
3122 770 3235 807 non
3257 752 3497 808 audiunt
3517 753 3615 823 (1;),

1965 840 2155 895 Unum
2190 842 2297 897 hoc
2321 843 2510 897 solum
2533 842 2698 897 vobis
2721 842 3019 897 efﬁciunt:
3049 843 3373 896 accendunt
3398 846 3617 914 ignem,

1964 931 2059 999 qui
2090 948 2390 1003 nunquam
2417 932 2709 986 desinet.»
2737 932 3033 986 Adversus
3054 931 3174 985 haec
3198 947 3328 985 cum
3353 948 3465 985 non
3495 946 3623 1002 p05'

1965 1024 2095 1074 sent
2117 1020 2349 1088 tyranni
2379 1021 2797 1087 contradicere,
2824 1026 2982 1075 torve
3013 1025 3069 1075 et
3100 1021 3307 1074 insane
3337 1036 3434 1075 eos
3465 1020 3621 1090 aspi-

1963 1109 2203 1177 cientes,
2241 1109 2463 1165 strictis
2495 1109 2708 1180 gladiis
2741 1126 2802 1163 se
2837 1117 3042 1181 parant
3073 1109 3226 1165 352
3261 1109 3332 1163 ad
3366 1108 3615 1176 easdem;

1963 1204 2021 1253 et
2048 1214 2205 1267 cum,
2240 1202 2521 1269 tanquam
2566 1197 2735 1269 signo
2767 1198 2924 1267 dato,
2950 1214 3049 1253 eos
3089 1198 3429 1252 eduxissent
3458 1201 3619 1251 extra

1962 1287 2529 1354 civitatem,vinctos
2569 1289 2796 1343 ducunt
2840 1289 2909 1342 ad
2963 1288 3261 1358 quoddam
3313 1302 3621 1351 cacumen,

1962 1381 2018 1431 et
2060 1378 2300 1431 tradunt
2346 1376 2672 1444 lictoribus,
2710 1382 2773 1431 ut
2820 1393 2918 1431 eos
2969 1375 3343 1431 interﬁciant.
3397 1376 3623 1430 Interea

1962 1471 2152 1520 autem
2190 1470 2392 1536 petunt
2423 1466 2605 1521 sancti
2649 1473 2883 1537 tempus
2916 1465 3216 1537 precandi,
3252 1464 3492 1519 ﬂectunt
3523 1480 3621 1535 ge-

1963 1572 2099 1609 nua.
2135 1556 2284 1609 Tum
2323 1562 2739 1609 sacrosanctus
2770 1555 2984 1609 Christi
3033 1563 3253 1623 martyr
3283 1553 3620 1625 Dionysius,

1963 1644 2211 1700 sublatis
2244 1645 2301 1699 in
2336 1646 2543 1700 cmlum
2578 1645 2764 1700 oculis
2790 1662 2803 1699 :
2832 1668 2857 1693 ‹‹
2887 1645 3128 1699 Domine
3176 1644 3327 1699 Deus
3358 1643 3624 1714 omnipo-

1960 1741 2112 1799 tens,
2172 1734 2302 1798 Fili,
2345 1736 2557 1805 inquit,
2610 1735 2931 1806 unigenite,
2982 1739 3039 1788 et
3086 1738 3287 1788 sancte
3344 1731 3617 1803 Spiritus,

1961 1828 2165 1879 sancta
2192 1824 2450 1879 Trinitas
2497 1824 2784 1895 principio
2829 1840 3058 1889 carens,
3091 1829 3147 1877 et
3174 1823 3233 1876 in
3271 1839 3445 1893 quam
3499 1838 3616 1876 non

1961 1914 2116 1968 cadit
2142 1913 2373 1982 divisio,
2399 1912 2633 1983 suscipe
2657 1929 2954 1967 servorum
2979 1916 3212 1967 tuorum
3247 1912 3301 1966 in
3330 1928 3469 1983 pace
3495 1910 3622 1965 ani-

1962 2019 2107 2070 mas,
2132 2002 2410 2073 quoniam
2449 2007 2683 2073 prepter
2705 2008 2759 2056 te
2784 2006 2970 2055 morte
2997 2001 3308 2055 atﬁcimur.
3332 2019 3358 2052 η
3391 1999 3615 2054 Etcum

1962 2093 2172 2158 sancti,
2199 2114 2227 2141 «
2256 2097 2456 2157 Amen,
2477 2116 2497 2142 ι
2524 2091 2973 2155 acclamassent,
2999 2106 3315 2144 conversus
3348 2089 3418 2142 ad
3451 2087 3618 2142 licto-

1959 2198 2090 2236 res:
2118 2204 2142 2229 ι(
2181 2181 2391 2246 Facite,
2416 2180 2628 2251 inquit,
2653 2180 2808 2250 quod
2843 2179 2952 2233 fuit
2984 2178 3146 2233 vobis
3185 2177 3557 2249 imperatum.
3589 2198 3610 2225 ι

1962 2270 2049 2325 Illi
2079 2275 2273 2324 autem
2317 2269 2573 2341 primum
2608 2270 2843 2339 quidem
2891 2268 3042 2322 beati
3096 2266 3375 2338 Dionysii,
3403 2266 3616 2320 deinde

1960 2359 2185 2414 Rustici
2224 2364 2280 2413 et
2320 2358 2632 2413 Eleutherii
2682 2362 2856 2428 caput
2905 2360 3236 2427 amputant.
3270 2355 3380 2411 Sed
3416 2371 3519 2409 nec
3551 2353 3611 2409 in

1958 2449 2067 2504 hoc
2111 2450 2346 2520 quidem
2382 2449 2435 2518 (ο
2462 2447 2723 2519 Dionysi)
2756 2448 2827 2515 is,
2859 2446 2960 2517 qui
3012 2454 3246 2517 propter
3294 2449 3351 2499 te
3398 2460 3611 2515 passus

1956 2542 2068 2604 est,
2103 2538 2213 2592 fuit
2243 2537 2461 2592 oblitus
2512 2538 2640 2607 ejus
2672 2536 2772 2607 qui
2814 2540 3049 2605 propter
3094 2535 3291 2605 ipsum
3324 2533 3609 2598 moritur;

1956 2629 2055 2683 sed
2092 2627 2439 2682 miraculum
2472 2627 2646 2681 etiam
2682 2625 3018 2679 ostenditin
3043 2621 3464 2695 amputatione.
3486 2622 3616 2676 Ete-

1958 2718 2078 2772 nim
2111 2733 2245 2771 cum
2279 2733 2455 2771 suum
2487 2720 2663 2785 caput
2693 2721 2975 2785 tanquam
3018 2712 3252 2783 aliquod
3297 2710 3605 2782 praemium

1957 2811 2179 2874 martyr
2212 2806 2335 2860 suis
2376 2804 2699 2876 accepisset
2738 2803 3033 2870 manibus,
3065 2802 3280 2857 transit
3310 2802 3380 2855 ad
3416 2815 3612 2854 remo-

1957 2895 2162 2951 tiorem
2198 2893 2413 2949 locum.
2441 2894 2679 2947 Ferebat
2699 2908 2834 2962 ergo
2870 2891 2995 2963 ipse
3018 2898 3190 2961 caput
3221 2890 3283 2944 in
3316 2888 3612 2954 manibus,

1955 2990 2238 3055 tanquam
2273 2983 2509 3054 aliquod
2544 2982 2890 3053 trophaaum.
2926 2998 2958 3035 a
2985 2980 3181 3034 divina
3210 2978 3451 3033 omnino
3483 2993 3616 3047 por-

1954 3079 2114 3128 tatus
2168 3075 2379 3145 gratia,
2423 3088 2611 3144 neque
2664 3070 2830 3142 prius
2874 3069 3120 3131 dimisit,
3153 3084 3327 3139 quam
3382 3065 3617 3121 mulieri

1955 3164 2153 3218 divina
2184 3162 2442 3232 quadam
2494 3161 2733 3215 omnino
2776 3174 3091 3213 occurrens
3139 3156 3523 3229 providentia,
3558 3153 3616 3207 in

1957 3251 2117 3306 illius
2170 3250 2445 3305 manibus
2476 3249 2772 3320 deposuit,
2804 3247 2980 3301 veluti
3014 3247 3328 3317 quemdam
3379 3243 3618 3298 thesau-

1959 3357 2114 3396 rum.
2145 3338 2432 3393 Jacebant
2463 3342 2659 3392 autem
2711 3335 2977 3407 neglecta
3023 3339 3360 3389 sanctorum
3398 3335 3620 3401 marty-

1958 3446 2090 3485 rum
2126 3427 2458 3481 veneranda
2506 3442 2769 3495 corpora,
2806 3423 2942 3478 ieris
2975 3428 3030 3477 et
3062 3423 3271 3477 avibus
3321 3420 3391 3474 ad
3444 3420 3620 3473 eden-

1960 3520 2102 3574 dum
2135 3516 2418 3589 exposita,
2451 3520 2508 3571 et
2542 3531 2646 3570 nec
2669 3515 2834 3585 justa
2864 3512 3098 3584 quidem
3132 3510 3449 3583 sepultura:
3481 3524 3623 3563 con-

1960 3612 2184 3661 secuta.

2035 3694 2287 3749 Lictores
2319 3696 2516 3748 autem
2548 3708 2621 3747 ne
2650 3690 2935 3746 hactenus
2959 3688 3199 3761 quidem
3231 3686 3405 3743 irasci
3437 3685 3619 3741 desie-

1960 3788 2120 3851 runt,
2145 3783 2247 3837 sed
2283 3783 2457 3837 etiam
2494 3781 2547 3835 in
2596 3780 2758 3852 ipsas
2791 3780 2996 3833 furunt
3029 3776 3330 3845 reliquias,
3355 3780 3618 3831 statuen-

1961 3876 2050 3926 tes
2076 3888 2175 3927 eas
2198 3871 2253 3925 in
2284 3871 2463 3925 maris
2496 3869 2854 3941 profundum
2888 3866 3191 3939 projicere,
3221 3882 3291 3920 ne
3319 3864 3400 3919 vel
3437 3862 3620 3918 inani-

1961 3967 2132 4015 matae
2166 3960 2461 4015 efﬁcerent
2492 3957 2799 4027 miracula,
2832 3962 2889 4012 et
2920 3956 3048 4011 ideo
3081 3955 3441 4009 attraherent
3472 3951 3621 4007 mul-

1961 4056 2051 4106 tos
2084 4054 2153 4107 ad
2188 4052 2572 4123 agnitionem.
2606 4049 2767 4112 Quod
2807 4049 3008 4113 etiam,
3037 4051 3101 4101 ut
3130 4046 3216 4100 eis
3248 4044 3440 4099 visum
3475 4046 3621 4111 erat,

1962 4142 2179 4196 factum
2203 4144 2380 4204 esset,
2403 4140 2513 4193 nisi
2537 4139 2645 4192 hoc
2670 4137 2889 4191 malum
2916 4134 3229 4189 consilium
3254 4133 3323 4186 ad
3349 4133 3620 4187 effectum

1961 4228 2171 4285 deduci
2195 4234 2344 4283 Deus
2365 4225 2782 4298 prohibuisset.
2799 4224 2944 4277 Nam
2964 4238 3096 4277 cum
3118 4220 3404 4276 sensisset
3419 4233 3618 4273 eorum

1961 4317 2225 4385 consilia,
2255 4334 2322 4373 ea
2353 4332 2482 4387 quae
2514 4313 2832 4384 pretiosum
2865 4310 3139 4381 martyris
3172 4318 3344 4379 caput
3374 4322 3619 4377 accepe-

1960 4414 2049 4461 rat
2069 4406 2324 4478 (mulieri
2350 4420 2561 4459 nomen
2586 4407 2709 4458 erat
2727 4400 2972 4468 Catule),
2996 4404 3249 4454 mentem
3275 4412 3444 4452 suam
3467 4412 3621 4451 com-

1962 4496 2303 4550 municabat
2342 4493 2633 4562 ﬁdelibus,
2668 4497 2733 4546 ut
2764 4491 2878 4546 Deo
2910 4496 3137 4561 gratam
3188 4492 3246 4543 et
3295 4490 3621 4557 acceptam.

1960 4586 2027 4639 EI.
2060 4602 2192 4639 cum
2230 4582 2598 4654 splendidam
2629 4586 2684 4636 et
2716 4581 2936 4635 lautam
2964 4583 3308 4651 apparasset
3332 4591 3620 4640 mensam,

175 4662 395 4734 λυτελῆ
456 4666 801 4739 παραθεμένη
842 4666 942 4734 τὴν
996 4665 1287 4740 τράπεζαν,
1348 4664 1423 4725 εἷς
1454 4664 1693 4739 εὐωχίαν
1718 4664 1847 4726 τοὺς

1962 4673 2197 4728 lictores
2223 4672 2447 4744 accepit
2462 4670 2746 4726 convivio.
2768 4669 3008 4725 Interim
3034 4684 3189 4736 vero,
3207 4669 3347 4722 dum
3372 4664 3410 4719 ii
3434 4663 3626 4720 convi-

179 4751 430 4827 δημίους
493 4749 799 4825 παρέλαϐεν
834 4799 846 4812 .
925 4756 1009 4808 Ἐν
1086 4754 1197 4826 ὅσῳ
1257 4751 1315 4809 δὲ
1373 4752 1520 4809 οὗτοι
1572 4754 1849 4808 εἱστιῶντο

180 4845 436 4919 παράτῆ
486 4845 722 4916 γυναικὶ,
782 4849 889 4899 τῶν
946 4848 1154 4898 πιστῶν
1212 4865 1356 4906 τινες
1414 4844 1481 4897 τὰ
1537 4844 1694 4917 τίμια
1742 4848 1849 4898 τῶν

181 4933 477 5007 μαρτύρων
542 4929 990 5007 ὑπολαμϐάνουσι
1036 4933 1263 5006 λείψανα
1312 4934 1402 4987 καὶ
1443 4932 1493 4986 έν
1526 4938 1607 5005 τῷ
1662 4933 1854 5010 ἀφανεῖ

176 5020 581 5084 κατατίθενται.
643 5024 811 5093 Εἶτα,
870 5026 969 5091 τῆς
1023 5022 1257 5097 εὐωχίας
1314 5020 1701 5094 διαλυθείσης,
1737 5028 1850 5084 τοῖς

177 5106 415 5181 δημίοις
445 5110 507 5163 τὸ
554 5117 781 5186 πρᾶγμα
825 5113 1141 5187 φωράσασιν
1205 5113 1293 5166 ἐπὶ
1349 5113 1486 5187 μέγα
1540 5112 1630 5165 καὶ
1686 5110 1850 5165 πάλιν

174 5198 482 5253 ἀνεκινεῖτο
509 5199 575 5252 τὰ
602 5205 698 5252 τοῦ
741 5205 916 5274 θυμοῦ
971 5201 1061 5256 καὶ
1112 5199 1533 5277 διεθερμαίνετο·
1590 5197 1736 5254 ἀλλά
1790 5201 1853 5254 τὸ

174 5295 282 5357 τῆς
312 5288 483 5363 ὀργῆς
517 5288 630 5357 ζέον
689 5290 752 5343 τὰ
805 5288 954 5365 δῶρα
1012 5292 1296 5365 κατέψυξε,
1348 5292 1433 5345 καὶ
1486 5292 1548 5345 τὸ
1582 5288 1727 5344 πολὺ
1756 5294 1853 5344 τοῦ

180 5379 369 5450 θυμοῦ
402 5380 686 5452 χρήμασιν
744 5381 778 5448 ἡ
828 5381 965 5455 γυνὴ
1014 5380 1303 5456 παραλύει.
1357 5380 1625 5435 Κάκείνων
1673 5378 1854 5434 ἀπαλ-

186 5466 497 5540 λαγέντων,
557 5465 607 5521 ἔν
662 5489 770 5522 τινι
823 5470 890 5522 τὰ
929 5474 1034 5523 τῶν
1092 5469 1381 5545 μαρτύρων
1418 5468 1649 5543 λείψανα
1678 5471 1712 5539 ἡ
1752 5490 1852 5543 μα-

185 5566 358 5631 καρία
430 5556 684 5613 Κατούλα
758 5557 1042 5632 δομήματι
1113 5558 1452 5633 κατατίθησι,
1508 5559 1695 5635 τρίτην
1754 5556 1852 5615 τοῦ

280 5772 358 5844 (k)
392 5771 539 5829 Psal.
571 5789 727 5844 cxm,
757 5774 811 5831 5.
843 5773 896 5829 6.

1960 4761 2121 4816 vium
2156 4761 2388 4814 inibant
2419 4760 2573 4830 apud
2618 4759 2947 4825 mulierem,
2973 4757 3215 4827 quidam
3248 4772 3317 4810 ex
3350 4752 3625 4808 fidelibus

1962 4850 2262 4920 accipiunt
2308 4853 2630 4918 martyrum
2678 4846 2977 4917 reliquias,
3011 4850 3068 4899 et
3098 4861 3197 4898 eas
3231 4842 3621 4897 abscondunt.

1962 4940 2204 5003 Deinde,
2228 4938 2390 4991 linito
2414 4936 2699 5004 convivio,
2724 4951 2857 4990 cum
2882 4950 3006 4988 eam
3043 4948 3163 4986 rem
3199 4929 3621 5000 deprehendis-

1965 5034 2094 5082 sent
2123 5027 2381 5094 lictores,
2414 5024 2501 5079 ira
2534 5023 2698 5078 valde
2735 5028 2901 5077 erant
2940 5020 3175 5092 perciti;
3204 5019 3303 5073 sed
3336 5017 3619 5071 fervorem

1965 5116 2059 5170 ira:
2093 5116 2377 5170 sedarunt
2406 5129 2669 5179 munera,
2695 5118 2752 5166 et
2780 5110 3180 5166 vehementem
3215 5106 3468 5161 furorem
3500 5104 3621 5159 dis-

1965 5204 2139 5260 solvit
2163 5204 2374 5258 mulier
2406 5202 2672 5274 pecunia.
2699 5204 2842 5254 Cum
2876 5198 2959 5251 illi
2986 5203 3181 5251 autem
3216 5195 3624 5262 recessissent,

1962 5294 2020 5349 in
2045 5294 2302 5366 quadam
2322 5293 2496 5347 domo
2516 5290 2755 5361 deponit
2771 5288 2974 5344 Catula
2996 5291 3319 5357 martyrum
3346 5284 3623 5354 reliquias

1962 5384 2134 5437 tertio
2194 5382 2418 5436 mensis
2477 5379 2763 5443 Octobris,
2806 5377 2959 5433 353
3015 5374 3318 5429 miraculis
3374 5373 3621 5438 affatim,

1963 5472 2411 5544 proﬂuentibus,
2445 5468 2685 5541 perinde
2725 5484 2791 5522 ac
2841 5466 3036 5537 aliquo
3088 5465 3244 5520 fonte
3294 5461 3535 5535 pulchre
3565 5465 3622 5515 et

1963 5562 2221 5617 suaviter
2251 5566 2545 5615 manante.
2580 5556 2705 5612 Non
2740 5556 2992 5612 multum
3024 5552 3305 5627 temporis
3338 5553 3616 5607 interces-
