4020 6358
382 411 489 467 607

1606 417 1666 469 Β.
1707 414 2023 469 DIONYSII
2061 412 2562 469 AREOPAGITE.

3702 408 3819 462 608

383 536 481 607 sit,
513 541 569 593 et
598 536 1011 592 convenientes
1060 535 1368 592 christiani
1416 535 1705 608 templum
1759 536 2036 608 gloriosis

2157 529 2455 609 ὃκτωῦρίου
2525 536 2696 608 μηνὸς
2743 531 2965 608 ἄγοντος
3001 574 3014 588 .
3069 537 3189 589 Τῶν
3253 532 3310 589 δι
3361 534 3658 608 θαυμάτων
3722 530 3821 584 οἷά

382 626 637 683 excitant
666 626 1007 694 victoribus,
1040 631 1098 682 et
1126 626 1186 680 in
1218 625 1347 699 ipso
1379 643 1580 682 eorum
1617 626 1902 697 pretiosas
1934 627 2038 682 de-

2157 644 2292 685 ιινος
2346 631 2527 699 πηγῆς
2585 625 2725 697 ὁμοῦ
2784 622 3016 692 ναούσης
3073 623 3162 676 καὶ
3216 620 3438 691 ¹ἥδιστον
3473 665 3487 690 ,

3554 620 3816 697 ἀφθόνως

383 719 613 787 ponunt
636 714 918 786 reliquias
944 732 956 769 :
985 717 1055 771 ad
1087 714 1335 787 gloriam
1372 715 1463 770 Dei
1500 715 1781 778 Patris,et
1809 715 2039 770 Domini

2157 714 2582 788 προχεομὲνων,
2659 713 2720 767 οὐ
2796 711 2940 767 πολὺ
3013 713 3075 765 τὸ
3133 712 3183 765 ἐν
3246 713 3392 785 μέσῳ
3450 708 3817 768 συνελθόντες

385 804 567 859 nostri
599 808 740 860 Jesu
774 805 1027 859 Christi:
1054 822 1228 876 quem
1253 806 1419 860 decet
1459 805 1645 858 honor
1670 810 1723 858 et
1756 805 2038 874 adoratio,

384 911 539 948 nunc
570 898 627 949 et
654 910 906 966 semper,
943 900 998 949 et
1026 894 1085 949 in
1118 895 1327 949 saecula
1360 894 1731 949 saeculorum.
1766 900 1975 948 Amen.

2149 805 2472 876 Χριστιανοὶ
2532 804 2656 858 ναὸν
2714 808 2831 863 τοῖς
2878 798 3219 863 καλλινίκοις
3268 802 3603 877 ἆνεγείρουσι
3643 845 3658 866 ,

2149 894 2216 946 τὰ
2253 893 2411 965 τίμια
2462 892 2668 947 τούτων
2733 892 2784 946 ἐν
2846 891 2991 962 αὐτῷ
3048 890 3358 946 ἀποτιθὲασι
3419 890 3671 963 λείψανα·
3741 887 3825 949 εἰς

3721 796 3821 852 καὶ

387 979 541 1051 δόξαι
603 986 740 1037 Θεοῦ
800 983 1035 1056 11ατρὸς,
1093 981 1182 1037 καὶ
1230 981 1429 1058 Κυρίου
1476 984 1635 1055 ἡμῶν
1685 982 1864 1052 Ἰησοῦ
1916 985 2171 1057 Χριστοῦ,
2223 982 2268 1052 ᾦ
2316 982 2509 1058 πρέπει
2551 984 2687 1055 τιμή
2722 982 2812 1037 καὶ
2842 982 3209 1055 προσκύνησις
3275 981 3348 1043 είς
3406 980 3536 1045 τοὺς
3592 978 3823 1039 αἰῶνας·

390 1071 589 1145 Ἀμήν.

710 1378 1011 1473 ΠΕΡΙ
1105 1377 1355 1474 ΤΟΥ
1434 1377 2126 1474 ΔΙΟΝΥΣΙΟΥ
2205 1376 2454 1474 ΤΟΥ
2534 1375 3489 1473 ΑΡΕΙΟΠΑΓΙΤΟΥ

1749 1576 1841 1628 ΕΚ
1877 1575 2006 1625 ΤΩΝ
2046 1573 2173 1625 ΤΟΥ
2215 1574 2461 1625 ΣΟΥΙΔΑ

1253 1822 1416 1913 DE
1492 1820 2089 1916 DIONYSIO
2162 1819 2959 1915 ABEUPAGITA

1902 2002 2006 2061 EX
2065 2003 2303 2064 SUIDA

547 2160 857 2222 Editionis
897 2160 1279 2223 Morellianze
1311 2163 1459 2223 anni
1492 2165 1669 2225 1662.
1703 2198 1781 2208 -
1813 2164 2170 2303 ῐηῑθτριιὲίοι
2193 2163 2380 2223 Petro
2425 2162 2768 2239 Lansselio,
2805 2162 3291 2240 Gravelingcno,
3327 2164 3470 2223 Soc.
3502 2161 3653 2221 Jesu

1911 2262 2055 2303 nres
2101 2262 2140 2303 ν
2174 2261 2301 2303 ero.

1911 2261 2301 2324 presbytero.

465 2528 776 2603 Dionysius
808 2531 1179 2603 Areopagita,
1204 2532 1517 2604 episcopus
1538 2530 1936 2596 Atheniensis,
1968 2529 2046 2584 vir

2235 2528 2516 2591 Διονύσιος
2574 2530 2602 2584 6
2663 2528 3075 2605 Ἀρειοπαγίτης
3109 2572 3122 2597 ,

393 2618 939 2691 eloquentissimus,
961 2626 1136 2692 atque
1162 2621 1231 2675 ad
1266 2621 1518 2692 profanae
1541 2621 1863 2691 disciplinas
1887 2619 2049 2675 fasti-

388 2708 551 2779 gium
594 2714 922 2779 provectus,
958 2709 1192 2764 auditor
1223 2709 1383 2764 Pauli
1434 2711 1491 2763 in
1543 2710 1866 2764 christiana
1912 2708 2048 2764 reli-

386 2796 580 2868 gione,
605 2815 671 2852 ac
722 2798 794 2853 ab
843 2798 972 2869 ipso
1003 2798 1316 2869 episcOpus
1347 2799 1709 2854 Athenarum
1761 2798 2049 2853 constitu-

388 2888 506 2951 tus,
529 2886 587 2940 in
610 2886 798 2957 patrio
816 2890 1014 2940 autem
1034 2886 1363 2942 Graecarum
1383 2887 1829 2958 disciplinarum
1850 2886 2047 2941 studio

389 2975 666 3029 omnibus
700 2974 1097 3046 praecellebat;
1124 2993 1257 3030 nam
1281 2976 1696 3047 cujuslibet,ut
1723 2976 1804 3031 ita
1830 2975 2043 3043 dicam,

390 3078 520 3132 quae
567 3063 638 3116 ab
685 3063 834 3133 ipsis
876 3063 1224 3132 celebratur,
1251 3071 1417 3120 secta:
1463 3065 1873 3136 peretissimus
1903 3068 2042 3120 erat.

392 3151 493 3204 Hic
526 3150 770 3205 Paulum
802 3152 1046 3208 Athenis
1071 3153 1512 3209 concionantem
1540 3154 1781 3221 audivit,
1806 3159 1862 3210 et
1880 3155 2047 3209 Chri-

389 3242 550 3295 stum
584 3256 649 3295 ac
682 3242 1171 3298 resurrectionem
1219 3259 1351 3298 cum
1397 3242 1667 3299 libertate
1696 3244 1911 3300 Graecis
1942 3262 2048 3301 an-

390 3328 787 3400 nuntiantem,
814 3334 986 3401 atque
1034 3330 1197 3387 Pauli
1231 3333 1495 3387 concioni
1529 3333 1703 3387 ﬁdem
1736 3333 2048 3404 adhibens,

390 3419 462 3472 ab
496 3432 561 3472 eo
593 3418 909 3490 episcopus
951 3420 1328 3476 Atheniensis
1359 3420 1682 3476 ordinatur.
1718 3422 1920 3493 Itaque
1951 3422 2045 3477 Ti-

392 3506 551 3562 berio
583 3510 806 3562 Caesare
847 3508 1196 3579 imperante,
1226 3511 1463 3580 quando
1495 3514 1662 3564 aetate
1691 3510 1953 3579 ﬂorebat,
1986 3512 2047 3566 in

388 3597 700 3668 Egyptum
734 3596 898 3665 abiit,
933 3615 1064 3653 cum
1101 3599 1467 3670 sapientibus
1499 3599 1658 3654 illius
1689 3600 1798 3654 loci
1828 3599 2048 3655 versari

390 3686 666 3756 cupiens;
716 3684 913 3739 socius
962 3692 1156 3742 autem
1211 3687 1262 3743 ei
1312 3692 1437 3742 erat
1486 3687 1921 3759 Apollophanes
1950 3687 2048 3744 ille

391 3772 690 3845 Sophiste,
710 3789 884 3844 quem
910 3774 1184 3829 Polemon
1214 3774 1587 3829 Laodicensis
1610 3776 1893 3848 Smyrnae,
1920 3776 2047 3830 Ari-

389 3860 561 3917 stidis
611 3866 953 3933 praeceptor,
980 3863 1216 3918 assidue
1264 3862 1506 3918 audivit.
1542 3868 1719 3919 Porro
1767 3864 2045 3919 salutaris

390 3950 691 4022 passionis
716 3950 932 4005 Christi
958 3951 1192 4005 Domini
1224 3956 1506 4024 tempore,
1535 3953 1709 4007 ambo
1730 3957 1897 4007 erant
1931 3952 2043 4009 He-

392 4038 593 4111 liopoli
626 4039 684 4093 in
712 4039 988 4111 Egypto;
1035 4056 1290 4111 cumque
1320 4041 1583 4097 defectus
1630 4040 1775 4096 solis
1807 4057 1920 4096 non
1954 4057 2047 4097 se-

394 4129 657 4183 cundum
693 4134 966 4183 naturam
1001 4130 1164 4186 ﬁeret
1186 4135 1398 4202 (neque
1425 4130 1583 4185 enim
1615 4131 2051 4200 conjunctionis

393 4221 632 4291 tempus
666 4220 833 4290 erat),
856 4220 1317 4293 Apollophanem
1342 4221 1666 4293 sophistam
1700 4221 1822 4276 haec
1848 4226 2052 4277 sancto

395 4306 673 4379 Dionysio
723 4309 943 4364 dixisse
995 4310 1226 4366 fertur:
1274 4311 1309 4364 0
1353 4311 1488 4365 bone
1534 4311 1781 4381 Dionysi,
1831 4310 2055 4365 div-ina-

394 4412 522 4451 rum
552 4414 740 4452 rerum
774 4399 1207 4455 vicissitudines.
1242 4399 1558 4471 Dionysius
1589 4399 1715 4470 ipse
1745 4399 1869 4455 haec
1897 4399 1947 4455 ei
1981 4400 2053 4455 ad

398 4487 744 4541 memoriam
782 4492 1012 4542 revocat
1061 4488 1118 4542 in
1170 4487 1417 4558 epistola
1449 4488 1519 4542 ad
1555 4505 1836 4559 magnum
1885 4488 2054 4561 Poly-

392 4592 634 4646 carpum
691 4576 954 4647 Smyrnm
1006 4576 1371 4648 episcopum.
1418 4578 1573 4634 854
1619 4577 2053 4649 Apollophanes

390 4662 547 4717 enim
580 4663 929 4735 Dionysium
979 4671 1217 4737 propter
1258 4664 1768 4721 Christianismum
1819 4667 2052 4738 injuriis

389 4750 736 4809 lacessebat.
763 4753 830 4808 Et
869 4754 950 4810 ait
975 4771 989 4811 :
1018 4757 1094 4811 Tu
1124 4764 1308 4811 autem
1338 4759 1427 4812 ais
1465 4774 1550 4812 me
1578 4756 1646 4812 ab
1675 4757 2052 4828 ApOIIOphane

389 4841 638 4913 sophista
669 4843 863 4899 invadi
889 4847 937 4898 et
965 4845 1307 4915 parricidam
1326 4847 1622 4917 appellari,
1645 4844 1789 4917 quod
1818 4844 1880 4899 in
1912 4845 2055 4901 Gru-

390 4946 477 4986 cos
514 4932 687 5003 impie
717 4931 1025 4988 ercorum
1060 4940 1191 4989 utar
1239 4937 1563 4990 sententiis?
1591 4937 1747 5006 atqui
1778 4937 1961 4990 verius
1990 4951 2054 4990 ac

392 5020 600 5087 iustius
631 5020 683 5076 ei
707 5023 942 5093 objicere
969 5028 1307 5093 poteramus,
1332 5023 1546 5080 ancos
1578 5024 1773 5079 divina
1802 5026 2051 5079 testimo-

391 5109 492 5164 nia
533 5127 643 5166 non
702 5110 961 5182 religiose
1007 5123 1202 5169 contra
1251 5113 1441 5168 divina
1488 5129 1777 5183 usurpare,
1812 5115 1907 5184 qui
1956 5114 2054 5169 Dei

391 5197 645 5254 divinum
674 5199 892 5256 cultum
936 5206 1097 5274 atque
1144 5202 1479 5274 religionem
1528 5201 1724 5257 tollere
1750 5211 2051 5264 conentur;

3200 2526 3493 2588 ἒπίσκοπος
3553 2526 3833 2595 Ἀθηνῶν,

2157 2618 2297 2693 ἀνὴρ
2332 2616 2798 2694 ἐλλογιμώτατος,
2848 2617 2937 2673 καὶ
2990 2624 3091 2687 τῆς
3125 2617 3426 2687 ἑλληνικῆς
3460 2612 3714 2676 παιδείας
3746 2613 3827 2675 εἷς

2158 2704 2319 2783 ἄκρον
2382 2705 2694 2778 ιληλακὼς,
2755 2708 3024 2776 ἀκουστὴς
3098 2704 3322 2763 ΙΙαύλου
3376 2706 3513 2781 πρὸς
3566 2705 3669 2771 τήν
3718 2707 3825 2758 τοῦ

2157 2801 2577 2870 χριστιανισμοῦ
2636 2798 2948 2872 θρησκείαν,
3016 2797 3106 2851 καὶ
3156 2796 3243 2849 ὑπ’
3311 2794 3476 2849 αὐτοῦ
3542 2814 3824 2848 καταστα-

2158 2885 2269 2948 θεὶς
2324 2885 2401 2947 εἰς
2444 2884 2607 2947 αὐτὰς
2641 2886 2737 2947 τὰς
2781 2886 3014 2955 Ἀθήνας
3046 2884 3360 2946 ἐπίσκοπος’
3408 2883 3544 2957 πρὸς
3602 2879 3661 2936 δὲ
3711 2883 3822 2950 τήν

2156 2973 2379 3048 πάτριον
2459 2979 2567 3029 τῶν
2618 2973 2925 3045 ἐλληνικῶν
2990 2974 3326 3047 μαθημάτων
3390 2969 3615 3041 ἄσκησιν
3677 2972 3823 3024 πάν-

2155 3083 2264 3118 των
2318 3062 2700 3139 προύκέκριτο’
2762 3062 2988 3133 ἑκάστης
3017 3063 3143 3138 γὰρ,
3173 3064 3247 3124 ὡς
3302 3060 3494 3128 εἰπεῖν,
3556 3060 3823 3132 αἱρέσεως

2157 3154 2253 3219 τῆς
2315 3153 2405 3206 ὑπ’
2462 3151 2636 3207 αὐτῶν
2692 3147 3133 3228 πρεσϐευομὲνης
3166 3150 3216 3205 ἓν
3246 3149 3435 3223 πολλῇ
3467 3150 3819 3218 καθειστήκει

2156 3244 2223 3313 τῇ
2282 3241 2460 3316 πείρᾳ.
2521 3239 2694 3304 Οὗτος
2750 3240 2951 3309 ἤκουσε
2998 3240 3217 3295 Παύλου
3278 3238 3731 3313 δημηγοροῦντος
3767 3237 3822 3291 ἐν

2157 3330 2433 3400 Ἀθήναις,
2484 3330 2574 3384 καὶ
2606 3330 2699 3384 τὸν
2751 3330 2979 3403 Χριστὸν
3031 3329 3122 3383 καὶ
3180 3329 3279 3398 τὴν
3329 3328 3614 3383 ἀνάστασιν
3680 3325 3826 3399 μετὰ

2157 3418 2468 3493 παρῥησίας
2513 3425 2630 3480 τοῖς
2696 3416 2966 3489 Ἕλλησιν
3012 3417 3523 3494 εὐαγγελιζομένου·
3579 3415 3669 3471 καὶ
3723 3436 3827 3470 πι-

2160 3508 2380 3570 στεύσας
2410 3512 2490 3579 τῷ
2524 3507 2744 3563 Παύλου
2800 3507 3139 3582 κηρύγματι,
3202 3508 3288 3561 ὑπ’
3343 3508 3511 3561 αὐτοῦ
3568 3505 3657 3560 καὶ
3714 3508 3823 3572 τῆς

2157 3596 2375 3658 πόλεως
2417 3595 2728 3650 ἐπισκοπεῖν
2787 3595 3053 3652 τάττεται.
3113 3597 3258 3651 Κατὰ
3316 3599 3443 3671 γοῦν
3501 3595 3601 3662 τὴν
3632 3594 3820 3669 ἀρχὴν

2156 3680 2412 3759 Τιϐερίου
2445 3684 2727 3759 Καίσαρος,
2759 3684 2849 3739 ὅτε
2879 3682 2945 3754 δὴ
2993 3686 3083 3739 καὶ
3126 3685 3224 3753 τὴν
3271 3683 3493 3753 ἡλικίαν
3543 3680 3818 3755 ἤκμαζεν,

2157 3775 2360 3849 ἀπῆρεν
2413 3773 2490 3836 εἷς
2535 3772 2832 3850 Αἴγυπτον,
2892 3779 3009 3836 τοῖς
3064 3772 3235 3828 ἐκεῖσε
3294 3778 3485 3850 σοφοῖς
3541 3771 3817 3843 ὁμιλῆσαι

2155 3862 2511 3940 γλιχόμενος·
2568 3870 2727 3933 συνῆν
2772 3861 2829 3918 δὲ
2885 3864 3031 3935 αὐτῷ
3090 3861 3517 3940 ’Λπολλοφάνης
3548 3860 3757 3921 ἐκεῖνος
3789 3860 3817 3913 6

2157 3955 2438 4029 σοφιστὴς,
2483 3953 2545 4006 οὗ
2596 3952 2867 4025 Πολέμων
2910 3954 2938 4006 6
2991 3949 3288 4013 Λαοδικεὺς
3335 3952 3385 4006 ἐν
3442 3952 3665 4025 Σμύρνῃ
3692 3946 3819 4017 διή-

2156 4062 2377 4112 κουσεν,
2436 4041 2463 4094 ὁ
2521 4038 2850 4103 διδάσκαλος
2907 4038 3273 4116 Ἀριστείδου.
3336 4039 3485 4095 Κατὰ
3533 4042 3663 4113 γοῦν
3721 4039 3817 4091 τὸν

2157 4130 2344 4203 καιρὸν
2403 4132 2499 4183 τοῦ
2556 4127 2834 4202 σωτηρίου
2884 4130 3090 4191 πάθους
3137 4133 3235 4183 τοῦ
3281 4128 3551 4183 Δεσπότου
3583 4129 3820 4201 Χριστοῦ

2161 4215 2326 4291 ἄμφω
2374 4214 2513 4287 ἤστην
2548 4216 2598 4271 ἐν
2630 4215 2989 4273 Ἡλιουπόλει
3039 4220 3109 4291 τῇ
3161 4216 3213 4272 ἰν
3264 4215 3547 4290 Αἲγύπτῳ.
3611 4212 3817 4281 Καὶδή

2157 4308 2255 4373 τῆς
2303 4305 2541 4375 ἡλιακῆς
2572 4305 2872 4380 ἐκλείψεως
2923 4305 2985 4360 οὐ
3030 4306 3166 4360 κατὰ
3213 4305 3371 4383 φύσιν
3423 4303 3820 4379 γεγενημένης,

2162 4394 2247 4469 (οὐ
2297 4395 2400 4469 γὰρ
2450 4395 2515 4463 ἦν
2547 4392 2770 4449 συνόδου
2798 4390 3037 4471 καιρός)
3077 4394 3244 4449 εἰπεῖν
3296 4395 3505 4468 λέγεται
3538 4394 3678 4468 πρὸς
3726 4392 3816 4446 τὸν

2165 4483 2427 4560 μακάριον
2505 4483 2780 4538 Διονύσιον
2856 4484 2949 4538 τὸν
3025 4483 3285 4560 σοφιστὴν
3361 4480 3814 4557 Ἀπολλοφάνην·

2158 4577 2371 4642 Ταῦτα,
2433 4574 2477 4626 ὦ
2535 4570 2669 4626 καλὲ
2727 4571 2992 4639 Διονύσιε,
3044 4566 3273 4645 ἀμοιϐαὶ
3333 4570 3492 4625 θείων
3552 4570 3817 4645 πραγμά-

2156 4667 2288 4717 τῶν.
2355 4659 2699 4734 Μνημονεύει
2751 4658 2809 4715 δί
2862 4662 3069 4715 τούτων
3130 4661 3157 4715 6
3216 4658 3375 4723 αὐτὸς
3436 4659 3720 4721 Διονύσιος
3767 4659 3819 4712 ἐν

2158 4755 2226 4825 τῇ
2258 4752 2394 4827 πρὸς
2446 4749 2805 4825 Πολύκαρπον
2838 4752 2931 4805 τὸν
2965 4751 3128 4825 μεγαν
3178 4747 3467 4822 ἐπιστολῇ,
3510 4749 3604 4803 τὸν
3636 4748 3819 4821 Σμύρ-

2156 4862 2256 4911 νης
2302 4840 2618 4895 ἐπίσκοπον·
2653 4840 2718 4908 ἦν
2770 4840 2875 4915 γὰρ
2907 4841 2934 4894 6
2982 4836 3404 4917 Ἀπολλοφάνης
3433 4842 3511 4909 τῷ
3551 4837 3817 4908 Διονυσίῳ

2156 4935 2253 4985 τοῦ
2285 4934 2706 5006 χριστιανισμοῦ
2762 4926 2916 4984 ἓνεκα
2948 4925 3490 5003 διαλοιδορούμενος.
3523 4927 3629 4984 Καί
3660 4944 3814 5005 φησι·

2160 5019 2235 5074 Σὺ
2287 5017 2343 5074 δὲ
2391 5018 2500 5097 φῂς
2560 5016 2934 5092 λοιδορεῖσθαί
2996 5038 3089 5091 μοι
3135 5018 3229 5072 τὸν
3287 5018 3548 5095 σοφιστὴν
3600 5015 3819 5071 ’Δπολ-

2158 5106 2426 5185 λοφάνην,
2512 5108 2604 5163 καὶ
2690 5105 3030 5182 πατραλοίαν
3122 5105 3455 5173 ἀποκαλεῖν,
3540 5105 3615 5166 ὡς
3700 5110 3817 5166 τοῖς

2154 5197 2438 5269 Ἑλλήνων
2516 5197 2605 5252 ἐπὶ
2691 5196 2817 5257 τοὺς
2890 5194 3171 5266 ’Έλληνας
3246 5194 3353 5268 οὐχ
3432 5193 3596 5255 ὁσίως
3666 5213 3819 5268 χρω-

392 5292 449 5343 et
479 5287 655 5358 paulo
688 5294 823 5360 post
855 5307 867 5345 :
900 5291 1004 5346 Sed
1046 5290 1475 5362 Ap0110phanem
1518 5292 1693 5345 etiam
1723 5292 1901 5361 ipsum
1929 5291 2046 5346 dico

2164 5289 2331 5361 μένῳ,
2403 5288 2580 5342 καίτοι
2650 5286 2785 5361 πρὸς
2860 5284 3023 5339 αὐτὸν
3098 5287 3246 5356 ἡμᾶς
3321 5283 3387 5351 ἦν
3456 5281 3818 5353 ἀληθέστερον

393 5375 601 5431 divinis
651 5378 813 5433 rebus
863 5380 1077 5449 nefarie
1124 5383 1182 5434 in
1232 5381 1423 5435 divina
1471 5381 1604 5434 uti:
1668 5395 1859 5434 rerum
1903 5381 2051 5436 enim

393 5466 653 5534 scientia,
689 5482 816 5537 qua:
862 5468 929 5522 ab
977 5484 1037 5524 eo
1082 5472 1227 5524 recte
1269 5468 1633 5540 philosophia
1678 5468 1904 5540 dicitur,
1936 5478 1987 5525 et
2015 5486 2050 5525 a

392 5553 580 5610 divino
628 5556 802 5611 Paulo
854 5558 955 5612 Dei
995 5560 1277 5628 sapientia
1306 5560 1591 5630 appellata
1619 5561 1715 5626 est,
1749 5559 1818 5613 ad
1860 5566 2046 5614 aucto-

394 5660 512 5701 rem
542 5649 595 5701 et
625 5660 810 5701 rerum
840 5645 1089 5717 ipsarum
1115 5650 1166 5703 et
1194 5649 1443 5705 scientiae
1477 5649 1748 5720 ipsarum,
1784 5646 1897 5704 veri
1923 5648 2048 5720 phi-

395 5732 619 5807 losophi
664 5733 928 5799 excitare,
974 5736 1319 5809 perducique
1363 5737 1693 5794 debuerunt.
1726 5735 2048 5808 Peucisque

2159 5377 2371 5444 εἲπεῖν,
2453 5377 2527 5438 ὡς
2599 5373 2874 5443 Ἕλληνες
2938 5377 3054 5436 τοῖς
3113 5371 3276 5435 θείοις
3342 5371 3451 5446 ούχ
3504 5369 3671 5431 ὁσίως
3732 5369 3815 5424 ἐπὶ

2154 5466 2223 5521 τὰ
2278 5468 2394 5520 θεῖα
2464 5469 2728 5541 χρῶνται,
2809 5460 2897 5517 διὰ
2964 5468 3064 5531 τῆς
3146 5461 3334 5539 σοφίας
3406 5464 3503 5514 τοῦ
3568 5464 3704 5515 Θεοῦ
3754 5458 3814 5513 τὸ

2158 5557 2300 5609 θεῖον
2366 5549 2653 5609 ἐκϐάλλειν
2717 5553 3051 5627 πειρώμενοι
3110 5545 3307 5613 σέϐας”
3376 5550 3466 5604 καὶ
3528 5550 3665 5621 μετὰ
3723 5569 3810 5621 μι-

2154 5644 2320 5716 κρόψ
2379 5641 2558 5698 Ἀλλὰ
2615 5643 2703 5697 καὶ
2770 5641 2931 5703 αὐτὸς
2990 5638 3417 5718 Ἀπολλοφάνης
3475 5637 3585 5713 οὐχ
3645 5636 3807 5698 ὁσίως

2154 5736 2273 5796 τοῖς
2330 5728 2497 5797 θείοις
2525 5729 2611 5787 ἰπὶ
2649 5729 2716 5787 τὰ
2765 5733 2881 5796 θεῖα
2921 5733 3139 5805 γρῆταιο
3198 5730 3269 5803 τῇ
3325 5727 3426 5805 γὰρ
3472 5729 3581 5784 τῶν
3638 5721 3803 5782 ὄντων
