4020 6358
135 374 235 430 609

1523 359 1718 424 VITA,
1757 355 1861 410 EX
1898 358 2139 413 SUIDA.

3437 361 3545 416 610

134 498 321 573 γνώσει
388 489 576 552 καλῶς
647 486 918 563 λεγομένῃ
999 486 1135 562 πρὸς
1219 484 1386 539 αὐτοῦ
1463 478 1780 573 φιλοσοφίᾳ,

1899 478 2215 573 interjectis
2262 497 2275 536 :
2318 482 2630 573 Intelligere
2684 483 2926 541 debebat
2980 484 3398 559 Apotlophanes,
3453 488 3551 559 qui

136 568 219 643 xxi
290 583 426 658 πρὸς
498 583 595 636 τοῦ
670 577 814 632 θείου
890 573 1107 631 Παύλου
1177 574 1339 651 σοφίᾳ
1394 575 1527 627 Θεοῦ
1579 568 1779 640 κεκλη-

141 675 290 749 μένῃ,
350 670 487 743 πρὸς
539 668 631 723 τὸν
688 663 862 721 αἷίειον
922 665 1013 719 καὶ
1071 663 1246 719 αὐτῶν
1301 666 1409 718 τῶν
1462 658 1630 717 ὄντων
1686 660 1774 715 καὶ

137 748 229 833 si}:
293 766 548 837 γνώσεως
615 756 789 812 αὐτῶν
864 754 1035 830 ἔχρῆν
1113 753 1393 827 ἀνάγεσθαι
1449 749 1578 812 τοὺς
1636 748 1777 818 ἀλη-

138 859 241 919 θεῖς
303 848 661 926 φιλοσόφους.
713 846 819 901 Καὶ
890 844 1025 917 μετά
1100 841 1350 919 βραχὲαο
1406 838 1555 896 Ἔδει
1629 859 1779 892 συνι-

138 941 238 998 δεῖν
325 936 730 1015 Απολλοφάνην
821 933 981 1010 σοφὸν
1072 928 1220 1001 ὅντα,
1292 931 1368 1003 μὴ
1450 927 1509 984 ἂν
1594 927 1783 991 ἄλλως

136 1030 261 1087 ποτὲ
346 1026 644 1097 δυνηθῆναι
726 1030 827 1093 τῆς
901 1021 1151 1097 οὐρανίας
1230 1041 1283 1073 τι
1367 1024 1781 1093 παρατραπῆναι

133 1121 326 1193 τάξεως
391 1117 484 1171 xui
552 1116 843 1185 κινήσεως,
892 1110 941 1166 εἴ
998 1111 1073 1184 μὴ
1131 1111 1220 1165 τὸν
1276 1113 1372 1162 τοῦ
1425 1109 1556 1162 εἶναι
1614 1106 1778 1174 αὐτὴν

133 1210 215 1265 καὶ
272 1208 533 1281 συνοχέα,
591 1204 682 1258 καὶ
740 1201 912 1256 αἴτιον
963 1199 1109 1276 ἔχειν
1166 1199 1243 1261 είς
1299 1203 1461 1253 τοῦτο
1511 1201 1781 1264 κινοῦντα,

133 1299 215 1353 τὸν
303 1301 572 1351 ποιοῦντα
647 1293 819 1347 πάντα
899 1289 989 1344 καὶ
1068 1287 1565 1362 μετασκευάζοντα,
1647 1286 1785 1341 κατὰ

133 1389 215 1442 τὸν
276 1386 425 1459 ἱερὸν
475 1384 660 1457 λόγον.
696 1381 796 1436 Καὶ
845 1378 996 1441 αὖθις
1059 1379 1193 1451 μετὰ
1248 1376 1480 1451 μικρόν·
1544 1374 1675 1433 Elui
1727 1372 1786 1429 δὲ

136 1477 277 1547 αὐτῷ
313 1492 328 1506 ³
364 1473 432 1531 Τί
494 1470 670 1548 λὲγεις
728 1470 853 1545 περὶ
908 1474 1010 1536 τῆς
1071 1467 1123 1521 ἰν
1179 1470 1258 1537 τῷ
1285 1465 1541 1541 σωτηρίῳ
1573 1468 1786 1539 σταυρῷ

135 1564 410 1639 γεγονυίας
495 1560 829 1633 ἐκλείψεως,
879 1556 1206 1634 Ἀμφοτέρω
1280 1556 1382 1631 γὰρ
1449 1554 1593 1622 τότε,
1652 1554 1787 1609 κατά

136 1652 496 1710 Ἡλιούπολιν
574 1653 689 1722 ἁμα
758 1646 993 1723 παρόντε
1052 1646 1141 1700 καὶ
1210 1648 1521 1711 συνεστῶτι,
1609 1663 1786 1719 παρα-

137 1740 304 1813 δόξως
375 1746 457 1812 τῷ
527 1738 673 1811 ἡλίῳ
737 1738 834 1805 τὴν
894 1733 1129 1806 σελήνην
1174 1733 1545 1807 ἐμπίπτουσαν
1603 1733 1786 1807 ἑωρῶ-

1888 571 2109 641 sapiens
2141 580 2300 642 esset,
2326 571 2475 627 nihil
2514 589 2757 643 unquam
2788 576 2847 628 in
2876 574 3069 631 ordine
3095 580 3352 648 motuque
3380 577 3548 632 ciete-

1887 658 2059 715 stiu'm
2091 661 2264 716 aliter
2290 671 2457 734 atque
2486 666 2565 717 est
2591 665 2801 717 mutari
2839 663 3099 733 potuisse,
3130 668 3245 721 nisi
3294 682 3420 721 eum
3450 667 3549 739 qui

1889 751 2073 821 ipsum
2111 758 2163 806 et
2214 760 2499 807 conservat
2549 760 2601 806 et
2650 754 2988 823 procreauit,
3038 753 3335 825 habuisset,
3387 756 3548 823 cuius

1887 842 2040 894 motu
2088 856 2158 894 ac
2209 850 2349 897 natu
2390 857 2449 896 eo
2490 840 2747 896 deductus
2777 844 2933 912 esset,
2964 842 3083 913 qui,
3116 847 3176 897 ut
3220 848 3300 898 est
3346 845 3407 899 in
3455 845 3545 900 di-

1892 930 2035 983 vinis
2068 929 2224 985 libris
2268 932 2532 1003 scriptum
2571 930 2731 1001 facit,
2764 935 2816 985 et
2846 937 3022 986 mutat
3053 934 3262 988 omnia.
3300 934 3547 988 Iterum-

1891 1034 2006 1090 que
2037 1024 2165 1089 post
2197 1037 2384 1091 pauca
2419 1036 2431 1074 :
2468 1021 2541 1074 Ab
2589 1036 2653 1075 eo
2703 1030 2894 1075 autem
2940 1037 3129 1093 quare,
3163 1022 3297 1092 quid
3346 1024 3551 1078 sentiat

1889 1108 1958 1163 de
1984 1107 2283 1178 defectione
2301 1110 2450 1175 solis,
2476 1124 2602 1180 quae
2621 1126 2747 1164 cum
2769 1109 3034 1165 Servator
3066 1112 3127 1166 in
3149 1127 3367 1166 crucem
3397 1120 3551 1166 actus

1890 1201 1991 1266 est,
2016 1197 2251 1253 exstitit.
2289 1202 2521 1253 Eramus
2553 1200 2702 1253 enim
2730 1215 2841 1253 una
2873 1200 3054 1263 ambo,
3085 1210 3136 1255 et
3167 1201 3446 1255 stabamus
3478 1201 3553 1257 ad

1892 1287 2242 1360 Heliopolim,
2269 1288 2464 1341 lunam
2511 1286 2795 1357 inopinato
2821 1304 2876 1341 se
2905 1287 3019 1342 soli
3049 1288 3402 1357 obiicientem
3430 1306 3553 1345 cer-

1892 1378 2197 1437 nebamus;
2244 1392 2422 1447 neque
2466 1378 2615 1430 enim
2659 1378 3070 1441 coniunctionis
3118 1383 3333 1448 tempus
3379 1383 3547 1433 erat:

1893 1480 2195 1535 rursusque
2222 1482 2345 1519 cum
2383 1465 2574 1520 eadem
2603 1465 2670 1519 ab
2700 1466 2841 1519 hora
2870 1480 3018 1520 nona
3065 1465 3139 1520 ad
3188 1482 3468 1538 vesperum
3496 1483 3554 1522 se

1892 1554 2086 1609 media:
2118 1554 2249 1608 solis
2297 1553 2464 1610 lineae
2508 1562 2716 1625 praeter
2745 1558 2968 1610 naturae
3012 1553 3263 1609 ordinem
3311 1571 3552 1627 appone-

1897 1643 2009 1699 bat.
2043 1643 2245 1713 Redige
2273 1648 2457 1697 autem
2488 1642 2657 1697 etiam
2697 1642 2915 1713 aliquid
2967 1643 3124 1697 aliud
3154 1645 3208 1698 ei
3237 1644 3296 1697 in
3344 1660 3550 1699 memo-

1894 1734 2062 1787 riam.
2089 1732 2202 1787 Scit
2232 1734 2382 1788 enim
2413 1734 2580 1787 etiam
2612 1731 2880 1799 obiectum
2915 1732 3098 1803 ipsum
3128 1749 3163 1787 a
3189 1732 3344 1788 nobis
3374 1735 3553 1788 visum

141 1851 267 1904 μεν·
332 1829 394 1885 οὐ
440 1829 544 1905 γὰρ
602 1828 668 1897 ἦν
725 1823 954 1881 συνόδου
1013 1825 1202 1900 καιρός
1236 1840 1250 1855 ⁸
1292 1821 1444 1887 αῦθίς
1493 1843 1551 1876 τε
1614 1822 1784 1889 αὐτὴν

148 1921 159 1933 .
210 1921 223 1933 .
356 1926 381 1933 _
508 1918 520 1933 .
608 1919 618 1933 .
821 1914 847 1933 υ
1046 1911 1071 1933 ,ι
1278 1919 1306 1930 -
1416 1912 1637 1933 ιγνικηκ
1713 1909 1783 1933 ,τι

1899 1838 2013 1877 esse
2043 1821 2186 1876 oriri
2215 1822 2281 1877 ab
2312 1826 2438 1876 ortu
2484 1822 2637 1888 solis,
2670 1823 2719 1876 et
2752 1820 2823 1875 ad
2849 1821 2981 1876 solis
3021 1830 3327 1877 extremum
3356 1838 3553 1894 perve-

1899 1911 2053 1933 μέμ--
2087 1914 2266 1933 ..-μιΑ-
2300 1910 2562 1933 _.-_-J__-
2608 1926 2905 1933 ---...--.--.--
2937 1925 3040 1933 μ-..
3080 1910 3139 1933 ..1.
3181 1911 3355 1933 --.1,---
3394 1918 3553 1933 ..Α--ι-

136 1921 234 1976 ἀπὸ
314 1926 416 1989 τῆς
503 1918 725 1988 ἐννάτης
808 1914 955 1991 ὥρας
1042 1911 1172 1988 ἄχρι
1240 1919 1339 1982 τῆς
1415 1912 1639 1987 ἑσπέρας
1709 1909 1784 1972 εἰς

132 2010 223 2078 τὴν
314 2012 414 2063 τοῦ
490 2006 654 2076 ἡλίου
736 2002 1025 2077 διάμετρον
1126 2002 1410 2077 ὑπερφυῶς
1498 2000 1784 2055 ἀντικατα-

134 2105 345 2155 στᾰσαν.
401 2096 736 2168 Ἀνάμνησον
791 2092 847 2148 δέ
897 2114 949 2146 τι
1019 2091 1110 2147 καὶ
1179 2086 1359 2166 ἕτερον
1419 2090 1579 2145 αὐτόν
1616 2106 1630 2119 ⁶
1680 2087 1791 2143 οἶδε

131 2189 226 2263 γὰρ
314 2187 400 2242 δτι
476 2184 565 2240 καὶ
642 2185 740 2252 τὴν
805 2180 1081 2255 ἔμπτωσιν
1158 2177 1325 2248 αὐτὴν
1388 2178 1439 2249 ἐξ
1509 2177 1784 2233 ἀνατολῶν

133 2277 447 2352 ἑωράκαμεν
532 2272 864 2349 άρξαμᾶνην,
945 2271 1035 2325 xui
1114 2270 1280 2345 μέχρι
1372 2272 1469 2322 τοῦ
1554 2266 1788 2337 ἡλιακοῦ

132 2367 362 2440 πέρατος
422 2361 707 2428 ἐλθοῦσαν,
778 2361 893 2415 εἶτα
967 2356 1361 2414 ἀναποδίσασαν
1399 2374 1411 2389 ’
1469 2357 1559 2411 καὶ
1636 2354 1789 2420 αὖθις

134 2454 228 2509 οὐκ
281 2453 341 2508 ἐκ
398 2457 495 2507 τοῦ
544 2452 709 2506 αὐτοῦ
752 2450 841 2504 καὶ
885 2451 984 2519 τὴν
1036 2442 1312 2520 ἔμπτωσιν
1361 2447 1449 2500 xui
1510 2447 1609 2515 τὴν
1662 2446 1788 2500 ἀνα-

133 2546 412 2619 κάθαρσιν,
482 2539 609 2596 ἀλλ’
681 2539 742 2594 ἐκ
814 2542 911 2593 τοῦ
983 2537 1120 2593 κατὰ
1187 2533 1477 2608 διάμετρον
1550 2533 1787 2589 ἐναντίου

135 2634 522 2706 γεγενημένην.
569 2633 811 2685 Τοσαῦτα
883 2631 979 2682 τοῦ
1053 2626 1174 2681 τότε
1249 2629 1441 2701 καιροῦ
1497 2625 1563 2679 τὰ
1624 2626 1787 2699 ὑπερ-

134 2729 242 2796 φυῆ
313 2721 407 2775 καὶ
473 2718 624 2793 μόνῳ
692 2721 908 2789 Χριστῷ
968 2720 1047 2787 τῷ
1113 2714 1380 2785 παναιτίῳ
1440 2711 1655 2779 δυνατὰ,
1713 2718 1790 2785 τῷ

129 2806 382 2864 ποιοῦντι
467 2807 680 2883 μεγάλα
742 2807 833 2861 καὶ
911 2804 1135 2877 ἐξαίσια,
1193 2805 1266 2857 ὧν
1327 2802 1424 2857 οὐκ
1471 2800 1610 2857 ἔστιν
1671 2802 1789 2875 ἀρι-

132 2900 294 2971 θμὸς.
329 2901 533 2967 Ταῦτα,
561 2895 614 2950 εἷ’
665 2916 749 2949 σοι
799 2894 1043 2967 θεμιτὸν,
1100 2893 1239 2962 εἰπὲ,
1287 2894 1373 2947 καὶ
1438 2892 1487 2947 εἴ
1541 2889 1788 2963 δυνατὸν,

129 2983 573 3063 Ἀπολλόφανες,
634 2982 907 3057 ἐξέλεγχε,
965 2983 1056 3037 καὶ
1132 2982 1266 3055 πρὸς
1340 2980 1438 3054 ἐμὲ
1510 2982 1600 3036 τὸν
1671 2980 1793 3035 τότε

127 3071 489 3148 συμπαρόντα
564 3094 648 3127 σοι
731 3073 821 3126 καὶ
910 3070 1304 3143 συνεωρακότα,
1388 3070 1478 3125 xui
1565 3090 1791 3124 συνανα-

1894 1911 2053 1971 nire;
2082 1914 2269 1981 postea
2299 1910 2583 1981 repedare,
2607 1926 2905 1980 rursusque
2934 1925 3044 1965 non
3074 1910 3141 1964 ab
3171 1911 3357 1966 eadem
3388 1918 3555 1982 parte

1895 1997 2034 2055 solis
2061 2007 2113 2054 et
2138 2000 2411 2071 objectum
2458 2008 2509 2055 et
2553 2015 2822 2054 recessum
2854 2000 3071 2054 evenire
3100 2017 3119 2054 :
3147 2000 3237 2055 sed
3285 2016 3555 2055 recessum

1898 2089 1966 2143 ab
1996 2105 2059 2144 ea
2088 2103 2213 2159 qua
2240 2089 2496 2143 naturali
2536 2104 2607 2143 ex
2637 2089 2913 2143 diametro
2940 2097 3062 2143 erat
3092 2090 3398 2144 contraria.
3430 2092 3555 2147 Haec

1898 2184 2023 2232 sunt
2052 2178 2345 2233 mirabilia
2393 2178 2552 2233 illius
2600 2180 2882 2249 temporis,
2917 2193 3037 2249 qua
3070 2177 3320 2234 Christus
3364 2184 3556 2235 auctor

1897 2283 2090 2323 rerum
2118 2269 2366 2322 omnium
2397 2267 2621 2341 efﬁcere
2666 2268 2817 2321 solus
2859 2269 3163 2338 potest,qu:‘
3186 2269 3326 2337 [acii
3351 2285 3558 2341 magna

1898 2364 1948 2417 et
2014 2360 2366 2429 admiranda,
2427 2376 2661 2431 quorum
2719 2378 2831 2415 non
2897 2365 2976 2416 est
3041 2377 3332 2416 numerus.
3400 2364 3551 2430 Haec,

1897 2451 2219 2523 Polycarpe,
2270 2452 2321 2504 si
2367 2453 2456 2521 fas
2522 2450 2625 2504 tibi
2681 2454 2760 2505 est
2814 2449 2867 2505 ei
2930 2450 3117 2516 dicito,
3178 2454 3228 2505 et
3282 2449 3332 2505 si
3381 2460 3554 2523 potes,

1898 2540 2320 2611 Apotlophanes,
2354 2556 2421 2593 ea
2469 2539 2679 2610 refelle,
2711 2541 2881 2594 etiam
2931 2547 3121 2595 contra
3168 2556 3276 2611 me,
3310 2542 3409 2611 qui
3437 2545 3553 2596 tum

1898 2630 2109 2684 scilicet
2136 2632 2313 2684 tecum
2360 2637 2415 2683 et
2459 2627 2620 2700 ad/ui
2666 2636 2718 2684 et
2762 2630 2983 2699 aspexi,
3030 2632 3083 2684 et
3126 2630 3407 2702 exquisivi
3433 2646 3554 2686 om-

1898 2718 2019 2785 nia,
2078 2735 2203 2774 cum
2248 2734 2463 2772 summa
2519 2718 2913 2773 admiratione.
2964 2719 3116 2773 Certe
3168 2722 3288 2773 tum
3333 2718 3563 2790 quidem

1899 2810 2067 2865 etiam
2123 2808 2375 2863 divinare
2424 2807 2572 2861 haud
2618 2807 2751 2877 scio,
2802 2807 2948 2862 unde
2995 2808 3401 2879 Apollophanes
3451 2825 3553 2864 ca:-

1893 2898 2003 2969 pit,
2034 2900 2085 2951 et
2112 2898 2257 2951 mihi
2295 2905 2558 2968 tanquam
2604 2913 2725 2967 qum
2773 2896 2969 2966 ﬁerent
3011 2896 3331 2968 conjiciens,
3361 2897 3556 2953 dixit:

1900 2988 2042 3043 Sunt
2070 2987 2195 3055 ista,
2229 3002 2258 3042 o
2289 2986 2420 3043 bene
2463 2984 2714 3057 Dionysi,
2747 2984 3072 3041 divinarum
3117 3001 3307 3041 rerum
3333 2986 3554 3043 vicissi-

1904 3074 2144 3130 tudines.

123 3163 384 3237 κρίνοντα
439 3162 613 3217 πάντα
668 3160 758 3215 xui
809 3157 1442 3235 συναγάμενον.⁹Αμὲλει
1492 3159 1580 3212 xui
1638 3158 1889 3229 μαντείας
1943 3161 2089 3233 τότε,
2141 3160 2241 3216 οὐκ
2289 3158 2390 3215 οἷδ’
2445 3159 2588 3231 ὅθεν,
2622 3160 2650 3213 ὁ
2697 3158 3126 3236 Ἀπολλοφάνης
3182 3148 3488 3239 ἀπάρχεται
3532 3205 3547 3221 .

124 3254 226 3308 καὶ
303 3253 440 3328 πρὸς
527 3250 625 3323 ἐμὲ
704 3249 884 3324 ὥσπερ
969 3249 1037 3304 τὰ
1104 3247 1365 3324 γινόμενα
1447 3242 1805 3320 συμϐάλλων,
1893 3246 1993 3327 ἔφη
2031 3269 2042 3282 ’
2103 3246 2325 3318 Ταῦτα,
2384 3250 2428 3303 ὦ
2505 3247 2639 3303 καλε
2713 3248 3006 3319 Διονύσιε,
3067 3248 3224 3304 θείων
3312 3245 3544 3323 ἀμοιϐαὶ

127 3343 468 3417 πραγμάτων
479 3383 491 3396 .

208 3446 446 3496 Τοσαῦτα
488 3442 562 3502 ὡς
607 3440 723 3495 κατ’
763 3437 1057 3508 ἂπιστολήν
1100 3436 1315 3514 εἷ’ρηκεν
1359 3439 1388 3492 ὁ
1441 3436 1607 3512 μὲγας
1655 3446 1781 3492 Διο-

1966 3440 2097 3495 Ηῖεο
2128 3457 2159 3495 a
2190 3443 2391 3496 sancto
2442 3439 2717 3513 Dionysio
2765 3445 3055 3512 quantum
3089 3440 3350 3513 epistolis
3402 3443 3555 3498 ratio

128 3530 318 3592 νῦσιος
376 3530 512 3599 πρὸς
565 3530 657 3584 τὸν
715 3529 975 3606 θεοφόρον
1038 3526 1560 3602 Πολύχαρπον.Τῆς
1617 3524 1674 3581 δέ
1733 3547 1796 3600 γε

136 3620 331 3696 σοφίας
384 3618 546 3673 αὐτοῦ
594 3618 681 3672 xui
731 3624 832 3686 τῆς
891 3614 1223 3691 εὐγλωττίας
1278 3610 1501 3684 ἔνδειξις
1562 3609 1793 3687 ἀκριϐὴς

134 3712 168 3775 ἡ
216 3714 323 3763 τῶν
371 3709 497 3781 παρ’
545 3706 709 3760 αὐτοῦ
752 3710 1056 3782 γραφεισῶν
1114 3700 1319 3780 βίϐλων
1382 3699 1796 3776 ἀνυπέρϐλητος

139 3800 331 3873 φράσις
367 3816 382 3830 ·
411 3800 480 3870 τῇ
510 3797 610 3872 γάρ
644 3794 791 3870 παρὰ
818 3799 925 3849 τῶν
958 3789 1148 3864 ἔξωθεν
1181 3792 1498 3866 καλουμένῃ
1554 3790 1792 3863 παιδείᾳ,

136 3890 203 3959 τῇ
234 3905 294 3939 τε
324 3887 443 3955 θεία
469 3886 559 3940 καὶ
609 3883 870 3959 ἡμετέρᾳ,
902 3882 1121 3951 πολλὴν
1176 3883 1292 3957 εἶχε
1332 3883 1430 3950 τήν
1483 3882 1792 3954 ἐπιστήμην

141 3974 190 4029 ἐν
221 3974 448 4048 ἑκατέρᾳ
480 3992 493 4005 ·
531 3974 576 4026 εἰ
625 3976 728 4048 γάρ
777 3994 860 4035 τις
922 3968 1107 4027 ἀπίδοι
1160 3973 1297 4043 πρὸς
1340 3971 1408 4025 τὰ
1443 3969 1625 4041 κάλλη
1685 3976 1793 4025 τῶν

139 4063 302 4117 αὐτοῦ
333 4060 511 4137 λόγων
545 4062 632 4116 xui
664 4064 731 4115 τὰ
766 4060 902 4135 βάθη
933 4065 1041 4115 τῶν
1091 4059 1409 4131 νοημάτων,
1443 4061 1543 4114 οὐκ
1586 4061 1793 4135 ἀνθρω-

139 4155 296 4222 πίνης
351 4152 561 4229 φύσεως
618 4155 785 4205 ταῦτα
830 4150 1041 4222 νομίσει
1092 4151 1423 4223 γεννήματα,
1457 4148 1601 4205 ἀλλά
1650 4151 1797 4211 τινὸς

144 4241 414 4316 ἀκηράτου
461 4239 550 4294 xui
602 4240 748 4302 θείας
798 4236 1099 4312 δυνάμεως.
1135 4239 1233 4292 Καὶ
1283 4238 1457 4292 τοίνυν
1518 4238 1663 4309 αὐτῷ
1710 4240 1796 4312 γέο

143 4350 379 4405 γραπται
424 4327 553 4383 τάδε
586 4350 598 4363 ·
664 4328 802 4403 Πρὸς
860 4327 1131 4400 Τιμόθεον
1189 4325 1484 4381 ἐπίσκοπον
1546 4328 1793 4403 Ἐφέσου,

143 4418 229 4473 καί
276 4417 435 4473 αὐτὸν
488 4418 738 4489 μαθητὴν
792 4415 1015 4472 Παύλου
1046 4414 1401 4490 ττγχάνοντα,
1454 4416 1581 4489 Περὶ
1639 4415 1793 4478 θείων

148 4508 427 4580 ὀνομάτων
485 4501 675 4581 βιϐλία
728 4506 816 4579 ιβ’.
869 4504 1001 4578 Περὶ
1084 4503 1379 4576 ἡνωμένης
1461 4511 1550 4559 καί
1619 4502 1799 4559 διακε-

145 4599 401 4670 κριμένης
463 4592 791 4668 θεολογίας·
852 4594 976 4667 περὶ
1045 4598 1162 4661 τοῦ,
1224 4594 1324 4657 Τίς
1371 4596 1405 4661 ἡ
1465 4600 1564 4662 τῆς
1627 4593 1799 4669 εὐχῆς

148 4684 392 4758 δύναμιςο
427 4683 517 4738 καὶ
568 4682 691 4757 περὶ
748 4686 843 4736 τοῦ
892 4682 1159 4755 μακαρίου
1190 4683 1477 4753 Ἰεροθέου,
1526 4682 1615 4736 xui
1675 4683 1796 4757 περὶ

149 4771 444 4841 εὐλαϐείας,
488 4772 579 4828 xui
617 4777 935 4849 συγγραφῆς
987 4770 1310 4847 θεολογικῆς
1340 4793 1351 4806 ·
1403 4772 1528 4845 περὶ
1573 4772 1795 4847 ἀγαθοῦ,

150 4865 342 4941 φωτὸς,
403 4862 602 4928 καλοῦ,
662 4856 886 4933 ἔρωτος,
945 4858 1269 4928 ἐκστάσεως,
1332 4858 1522 4929 ζήλου.
1568 4860 1663 4914 Καὶ
1715 4860 1797 4915 ὅτι

147 4954 205 5006 τὸ
230 4954 388 5007 κακὸν
425 4949 550 5007 οῦτε
581 4951 663 5020 ὃν,
698 4947 821 5004 οὕτε
863 4948 914 5019 ἐξ
964 4944 1143 5017 ὄντος,
1176 4945 1299 5003 οὔτε
1349 4948 1398 5001 ἐν
1445 4953 1563 5010 τοῖς
1624 4948 1743 5003 οῦσι
1779 4967 1791 4982 ·

149 5042 267 5116 περὶ
296 5045 392 5095 τοῦ
425 5038 604 5108 ὄντος,
636 5041 688 5093 ἐν
721 5040 766 5110 ᾦ
797 5037 887 5092 xui
942 5035 1360 5113 παραδείγματα
1396 5056 1407 5069 ·
1444 5038 1566 5111 περὶ
1632 5043 1797 5108 ζῶῆς,

150 5131 266 5204 περὶ
319 5130 533 5206 σοφίας,
589 5134 706 5197 νοῦ,
766 5126 960 5203 λόγου,
1022 5126 1305 5198 ἀληθείας,
1358 5125 1590 5189 πίστεως
1627 5147 1638 5160 '
1674 5128 1798 5203 περὶ

154 5215 454 5293 δυνάμεως,
527 5214 890 5286 δικαιοσύνης,
956 5216 1255 5289 σωτηρίας,
1312 5212 1795 5289 ἀπολυτρώσεως⁸

152 5309 265 5383 περὶ
322 5306 566 5382 μεγάλου
614 5304 704 5359 xui
762 5308 982 5377 μικροῦ,
1040 5304 1261 5372 ταύτοῦ,
1315 5304 1519 5380 ἑτέρου,
1577 5304 1798 5376 ὁμοίου,

154 5396 431 5470 ἀνομοίου,
488 5397 745 5463 στάσεως,
803 5394 1089 5463 κινήσεως,
1152 5394 1406 5463 ἰσότητος
1444 5412 1457 5426 ⁸
1491 5395 1613 5467 περὶ
1659 5400 1796 5449 Παν-

152 5485 490 5561 τοκράτορος.
526 5481 769 5540 Παλαιοῦ
799 5482 1045 5557 ἡμερῶν,
1078 5479 1130 5535 ἐν
1166 5481 1211 5552 ᾧ
1268 5479 1357 5537 xui
1391 5480 1515 5558 περὶ
1576 5481 1795 5551 αἰῶνος,

1904 3530 2147 3599 ferebat,
2180 3530 2399 3584 deii‘ero
2436 3528 2747 3602 Polycarpo
2781 3528 2937 3584 dicta
2969 3530 3147 3585 fuere.
3200 3529 3377 3585 Porro
3424 3532 3555 3603 ejus

1905 3618 2209 3690 sapientiae
2241 3624 2297 3674 et
2328 3618 2674 3690 eloquentia
2706 3623 2981 3673 accurata
3012 3620 3436 3675 demonstratio
3467 3624 3559 3677 est

1904 3708 2116 3763 eximia
2164 3724 2230 3763 ac
2282 3707 2601 3779 singularis
2649 3707 3005 3778 scriptorum
3052 3709 3124 3763 ab
3156 3725 3221 3764 eo
3271 3708 3555 3766 librorum

1905 3797 2191 3867 elocutio;
2223 3813 2352 3852 eam
2383 3796 2538 3853 enim
2572 3814 2703 3869 qua
2747 3798 2818 3853 ab
2860 3797 3115 3854 externis
3149 3815 3361 3855 nomen
3395 3816 3557 3856 acce-

1904 3887 1991 3957 pit
2022 3886 2418 3958 disciplinam,
2451 3891 2508 3941 et
2548 3886 2807 3941 divinam
2860 3891 3037 3958 atque
3083 3892 3369 3956 nostram,
3405 3888 3556 3943 mul-

1904 3979 2023 4029 tam
2059 3977 2118 4030 in
2150 3980 2397 4048 utraque
2427 3976 2576 4033 855
2614 3980 2967 4032 consecutus
2996 3981 3085 4032 est
3129 3977 3473 4045 scientiam;
3510 3977 3559 4032 si

1904 4065 2061 4120 enim
2111 4064 2327 4136 aliquis
2363 4066 2432 4119 ad
2466 4081 2806 4120 sermonum
2854 4066 2983 4135 ejus
3013 4067 3224 4121 decora
3253 4071 3309 4122 et
3339 4068 3558 4139 cogita-

1905 4154 2132 4209 tionum
2186 4154 2649 4223 profunditatem
2703 4154 3017 4224 aspexerit,
3049 4170 3117 4209 ea
3149 4154 3419 4211 humans:
3452 4173 3555 4211 na-

1904 4247 2048 4297 turae
2082 4244 2255 4298 fmtus
2307 4242 2550 4297 minime
2592 4242 2847 4313 putabit,
2879 4244 2976 4298 sed
3028 4244 3335 4314 cujusdam
3367 4245 3560 4299 incor-

1909 4331 2204 4401 ruptibilis
2254 4349 2320 4386 ac
2371 4330 2582 4385 divinas
2632 4331 2888 4386 virtutis.
2940 4334 3071 4385 Haec
3118 4331 3318 4404 itaque
3367 4334 3438 4388 ab
3490 4349 3557 4388 eo

1908 4421 2127 4489 scripta
2179 4424 2338 4476 sunt.
2373 4421 2454 4474 Ad
2496 4419 2873 4476 Timotheum
2920 4420 3131 4492 Ephesi
3191 4420 3554 4494 episcopum,

1908 4508 2005 4579 qui
2040 4513 2096 4562 et
2124 4509 2250 4579 ipse
2291 4509 2451 4563 Pauli
2487 4508 2816 4581 discipulus
2848 4515 2992 4577 erat,
3029 4516 3104 4566 De
3141 4509 3348 4566 divinis
3375 4512 3559 4567 nomi-

1905 4599 2087 4664 nibus,
2159 4598 2291 4652 libri
2352 4616 2431 4653 xn
2484 4600 2621 4670 (50).
2692 4602 2765 4654 De
2829 4602 3137 4669 conjuncta,
3198 4601 3562 4673 distinctaque

1909 4688 2219 4760 Theologia.
2258 4691 2385 4755 Quz
2414 4688 2487 4742 sit
2514 4690 2597 4742 ris
2641 4690 2929 4755 orationis,
2964 4694 3021 4743 et
3052 4690 3123 4744 de
3157 4690 3322 4746 beato
3355 4690 3559 4746 Hiero-

1907 4775 2063 4843 theo,
2096 4781 2153 4829 et
2183 4776 2253 4831 de
2284 4775 2565 4847 religione
2610 4793 2675 4831 ac
2725 4777 3153 4847 conscriptione
3183 4779 3556 4851 Theologica.

1908 4866 1986 4920 De
2026 4866 2201 4930 bono,
2249 4864 2400 4931 luce,
2454 4864 2721 4937 pulchro,
2774 4882 2994 4936 amore,
3026 4867 3242 4921 mentis
3291 4884 3555 4937 excessu,

1906 4953 2027 5009 zelo
2060 4958 2117 5009 et
2148 4953 2371 5009 malum
2423 4971 2528 5009 nec
2574 4971 2703 5009 esse
2756 4955 3078 5025 quidquam
3114 4957 3266 5028 quod
3311 4962 3421 5028 est,
3455 4974 3562 5013 nec

1908 5059 2036 5098 esse
2079 5060 2146 5098 ex
2194 5060 2260 5098 eo
2310 5043 2464 5115 quod
2498 5048 2609 5110 est,
2644 5060 2747 5098 nec
2798 5044 2858 5099 in
2907 5044 2980 5098 iis
3029 5060 3157 5116 qum
3189 5049 3349 5102 sunt.
3384 5051 3461 5102 De
3493 5063 3560 5102 eo

1909 5133 2063 5204 quod
2097 5137 2208 5198 est,
2240 5134 2298 5187 in
2333 5150 2448 5204 quo
2480 5132 2658 5187 etiam
2710 5133 2781 5187 de
2825 5133 3279 5206 exemplaribus.
3313 5134 3393 5190 De
3420 5136 3560 5205 vita,

1907 5222 1979 5276 de
2012 5221 2322 5292 sapientia,
2377 5228 2588 5292 mente,
2622 5222 2866 5291 ratione,
2899 5224 3162 5291 veritate,
3195 5224 3331 5280 ﬁde.
3363 5224 3444 5281 De
3482 5226 3560 5295 vi,

1901 5309 2154 5378 justitia,
2188 5310 2398 5379 salute,
2434 5312 2858 5382 redemptione.
2890 5312 2970 5367 De
3020 5329 3231 5385 magno
3261 5319 3319 5369 et
3362 5332 3560 5400 parvo,
3632 5326 3638 5331 '

1908 5400 2135 5467 eodem,
2170 5399 2304 5467 alio,
2339 5401 2538 5471 simili,
2569 5400 2865 5468 dissimili,
2899 5407 3079 5470 statu,
3111 5407 3297 5471 motu,
3322 5399 3563 5477 aequali-

1908 5489 2058 5558 tate;
2078 5488 2150 5544 de
2166 5488 2601 5562 Omnipotente,
2618 5488 2873 5561 Antiquo
2894 5490 3146 5560 dierum,
3164 5491 3223 5548 in
3245 5507 3362 5564 quo
3383 5494 3562 5551 etiam

224 5695 330 5769 (50)
360 5693 424 5751 Id
454 5695 547 5751 est
575 5690 798 5765 capita;
832 5692 1031 5747 censet
1059 5690 1255 5745 autem
1287 5691 1517 5747 tantum
1552 5692 1637 5762 12,
1671 5691 1810 5765 quia
1843 5692 2106 5765 primum
2136 5698 2226 5752 est
2255 5695 2443 5751 instar
2473 5692 2718 5766 prologi.
