4020 6358
515 335 615 390 611

1739 329 1799 380 S.
1839 324 2156 379 DIONYSII
2194 322 2697 377 AREOPAGITE.

3799 334 3888 388 612

516 466 587 519 de
642 460 965 518 aeternitate
1007 462 1065 515 et
1109 455 1495 529 temporibus.
1537 453 1603 508 Et
1656 449 1796 522 quid
1857 446 1970 503 sibi
2026 444 2154 500 velit

2278 443 2368 498 καὶ
2401 445 2639 520 χρόνων·
2673 446 2762 499 καὶ
2793 444 2847 500 τί
2882 444 3134 519 βούλεται
3161 447 3222 501 τὸ
3252 446 3383 502 αὐτὸ
3411 450 3561 503 εἶναι’
3586 453 3706 525 περὶ
3734 454 3888 528 ’Δγίου

518 554 717 625 ipsum
765 566 914 605 esse.
948 548 1027 604 De
1076 551 1280 603 sancto
1328 547 1691 611 sanctorum,
1741 540 1891 609 Rege
1944 551 2174 615 regum,

517 624 576 699 et
620 641 866 696 Domino
915 636 1315 700 dominorum,
1364 638 1540 704 atque
1590 630 1706 685 Deo
1760 628 2003 682 deorum
2038 624 2172 695 (51).

517 732 683 788 Alius
712 728 862 784 liber
883 728 952 783 ad
980 726 1253 782 eumdem
1287 722 1663 779 Timotheum
1701 718 1771 771 De
1800 714 2175 771 ecclesiastica

521 818 871 883 hierarchia,
925 816 1230 871 continens
1288 813 1481 884 capita
1533 810 1620 864 15.
1672 805 1839 861 Alius
1894 803 2043 859 liber
2098 803 2170 857 ad

518 910 793 967 eumdem
847 905 1220 965 Timotheum
1278 903 1353 957 De
1408 899 1622 955 caelesti
1678 894 2016 960 hierarchz'a,
2068 894 2170 963 qui

518 1000 693 1057 etiam
739 995 932 1068 capita
963 996 1029 1049 15
1060 990 1489 1063 complectitur.
1524 987 1689 1042 Alius
1719 985 1866 1039 liber
1897 983 1967 1038 ad
1999 999 2169 1037 eum—

515 1090 649 1144 dem
697 1084 1071 1141 Timotheum
1126 1083 1195 1136 De
1236 1082 1471 1151 mystica.
1521 1077 1818 1143 theoloyia,
1861 1072 2168 1128 continens

514 1178 710 1250 capita
738 1177 791 1231 5.
822 1176 1113 1231 Feruntur
1144 1176 1199 1227 et
1229 1171 1358 1239 ejus
1388 1167 1668 1241 epistolae,
1700 1166 1771 1221 ad
1803 1162 2010 1220 Gaium
2049 1161 2170 1216 the-

514 1274 819 1337 rapeutam
864 1264 918 1331 4,
962 1263 1027 1317 ad
1086 1259 1445 1315 Dorotheum
1497 1256 1810 1311 diaconum
1861 1253 1911 1323 1,
1945 1251 2014 1306 ad
2066 1251 2166 1305 So-

514 1360 747 1427 patrum
804 1351 1169 1408 sacerdotem
1231 1348 1282 1416 1,
1339 1348 1409 1403 ad
1471 1344 1854 1416 Polycarpum
1907 1341 2163 1411 Smyrnaa

511 1445 855 1516 episcopum
915 1442 981 1503 1,
1040 1441 1109 1494 ad
1170 1435 1579 1508 Denmphilum
1639 1433 2048 1502 therapeutam
2110 1428 2160 1497 1,

511 1534 581 1590 ad
612 1534 899 1589 Joannem
946 1527 1311 1600 theologum,
1343 1523 1676 1597 apostolum
1723 1538 1789 1577 ac
1833 1516 2161 1591 evangelis-

505 1628 627 1678 tam
664 1622 714 1675 1.

578 1710 891 1767 Sciendum
918 1712 1111 1763 autem
1134 1710 1243 1773 est,
1262 1704 1546 1776 quosdam
1570 1702 1843 1773 profanos
1861 1698 2159 1769 sapientes

501 1817 567 1856 ac
598 1799 847 1853 maxime
872 1798 1164 1865 Proclum,
1188 1792 1497 1850 sententiis
1521 1797 1695 1861 atque
1724 1787 1977 1843 inventis
2000 1786 2155 1841 beati
2189 1832 2236 1896 Β

501 1890 564 1896 _.
727 1888 760 1896 ..
803 1886 825 1896 -
1056 1889 1063 1896 .
1640 1878 1649 1896 ρ
1980 1875 2154 1896 ..--.νι-

497 1888 762 1959 Dionysii
801 1886 1136 1956 frequenter
1183 1898 1313 1937 esse
1364 1896 1524 1945 usos,
1552 1878 1696 1949 quin
1745 1877 1923 1931 etiam
1979 1875 2156 1930 nudis

497 1978 722 2041 verbis;
778 1976 932 2029 unde
982 1971 1269 2042 suspicari
1322 1969 1477 2035 licet,
1518 1965 1866 2022 vetustiores
1914 1964 2157 2019 Athenis

507 2063 915 2137 philosophos,
949 2062 1062 2115 sibi
1106 2060 1235 2131 ejus
1285 2074 1458 2129 opera
1494 2061 1868 2127 usurpantes,
1902 2070 2156 2124 quorum

506 2154 632 2225 ipse
664 2154 732 2207 ad
766 2150 1137 2205 Timotheum
1188 2148 1452 2203 scribens
1486 2145 1776 2209 meminit,
1808 2141 2156 2209 occultasse,

505 2248 569 2297 ut
600 2242 710 2313 ipsi
744 2241 1077 2295 divinorum
1102 2238 1230 2307 ejus
1265 2237 1545 2291 librorum
1580 2238 1777 2305 patres
1797 2233 2157 2288 viderentur.

502 2336 652 2403 Ergo
683 2330 785 2385 Dei
815 2329 1110 2399 interpres
1142 2326 1474 2395 Dionysius.
1502 2328 1771 2395 provecta
1808 2324 1936 2391 jam
1968 2326 2155 2387 aetate,

504 2421 850 2490 dierumque
894 2417 1136 2488 spiritus
1188 2413 1420 2487 plenus,
1454 2413 1735 2484 martyrio
1781 2427 1885 2481 pro
1928 2410 2157 2466 Christo

504 2513 953 2565 consummatur
975 2506 1085 2560 sub
1102 2505 1354 2574 Trajano
1375 2504 1619 2571 Caesare,
1637 2500 1872 2571 quando
1896 2505 1954 2554 et
1980 2498 2161 2553 deifer

504 2598 768 2671 Ignatius
812 2600 1106 2650 certamen
1151 2590 1612 2647 immortalitatis
1643 2587 1981 2643 docertavit.
2014 2586 2160 2642 Nota

506 2686 848 2743 Michaelem
883 2682 1201 2755 Syngelum
1237 2678 1827 2750 Hierosolymitanum
1864 2675 2158 2731 laudatio-

506 2793 638 2833 nem
670 2774 863 2846 magni
903 2772 1155 2843 Dionysii
1194 2769 1529 2840 scripsisse,
1564 2769 1622 2821 in
1659 2783 1775 2838 qua
1807 2766 1948 2819 dicit
1981 2782 2027 2818 τα
2053 2765 2159 2817 Ve-

510 2866 707 2920 nimus
738 2863 901 2918 vobis
933 2859 1211 2916 audiendi
1244 2858 1473 2929 cupidis
1509 2854 1883 2927 proposituri,
1908 2871 2037 2923 quae
2070 2853 2158 2909 vel

502 2954 819 3009 traditione
852 2968 966 3006 non
1000 2949 1238 3019 scripta.
1258 2953 1359 3002 aut
1381 2946 1599 3015 scripta
1621 2944 1977 3014 accepimus.
2002 2943 2159 2999 Talis

502 3043 685 3115 igitur
715 3056 903 3115 sermo
928 3039 1000 3093 ad
1026 3055 1131 3092 nos
1168 3036 1449 3107 pervenit,
1480 3035 1597 3089 ﬁlio
1629 3050 1660 3087 a
1692 3040 1851 3099 patre
1880 3032 2155 3098 traditus,

502 3146 785 3202 magnum
818 3129 973 3183 hunc
1007 3125 1374 3199 Dionysium,
1396 3128 1655 3193 tempore
1691 3123 1844 3179 356
1878 3121 2156 3177 salutaris

2285 532 2471 606 ἁγίων,
2534 531 2816 596 Βασιλέως
2903 532 3193 610 βασιλέων,
3253 536 3341 591 καὶ
3428 537 3623 614 Κυρίου
3698 542 3890 617 κυρίων,

2281 622 2368 675 καὶ
2421 627 2554 678 Θεοῦ
2615 626 2772 686 θεῶν.
2805 622 2996 700 Ἑτέρα
3038 620 3232 699 βίϐλος
3257 626 3391 699 πρὸς
3418 626 3508 680 τὸν
3543 626 3694 682 αὐτὸν
3742 632 3887 703 Τιμό-

2281 712 2423 780 θεον,
2486 711 2615 788 Περὶ
2696 710 3152 783 ἐκκλησιαπικῆς
3224 713 3525 790 ἱεραρχίας,
3595 718 3890 794 περιέχουσα

2279 799 2472 877 κεφάλ·
2507 802 2584 858 ιε’.
2608 800 2797 875 Ἑτέρα
2826 796 3024 878 βίϐλος
3082 804 3220 876 πρὸς
3278 803 3371 857 τὸν
3428 801 3583 859 αὐτὸν
3636 807 3888 878 Τιμόθεον,

2278 890 2407 963 Περὶ
2458 896 2559 954 τῖς
2601 890 2860 965 οὐρανίου
2908 891 3213 967 ἱεραρχίας,
3263 893 3593 967 περιέχουσα
3646 896 3732 949 καὶ
3776 896 3887 967 αὐτὴ

2277 978 2471 1056 κεφάλ’
2511 981 2585 1037 ιε’.
2618 980 2799 1051 ’Ἄλλη
2861 982 2997 1056 πρὸς
3044 983 3135 1036 τὸν
3188 982 3348 1037 αὐτὸν
3388 982 3647 1056 Τιμόθεον
3708 980 3888 1059 βίϐλος,

2275 1070 2411 1143 Περὶ
2502 1077 2767 1143 μυστικῆς
2849 1069 3177 1146 θεολογίας,
3256 1072 3585 1148 περιέχουσα
3654 1074 3889 1150 κεφάλαια

2276 1157 2452 1215 πέντε.
2484 1158 2748 1235 Φέρονται
2796 1157 2854 1215 δὲ
2895 1159 3059 1215 αὐτοῦ
3102 1161 3190 1215 καὶ
3252 1160 3535 1217 ἐπιστολαὶ
3587 1162 3717 1237 πρὸς
3762 1165 3890 1220 Γάϊον

2274 1250 2604 1324 θεραπευτὴν
2660 1247 2702 1303 δ’
2737 1270 2749 1282 ·
2782 1250 2918 1325 πρὸς
2968 1250 3244 1326 Δωρόθεον
3297 1248 3614 1327 λειτουργὸν
3659 1258 3699 1306 α’
3731 1271 3742 1283 ·
3780 1256 3890 1329 πρὸς

2275 1340 2576 1414 Σώπατρον
2629 1338 2773 1414 ἱερέα
2848 1341 2893 1394 α’
2931 1360 2943 1374 ο
3006 1341 3141 1414 πρὸς
3228 1339 3585 1415 Πολύκαρπον
3660 1342 3888 1418 ἱιράρχην

2274 1427 2533 1502 Σμύρνης
2574 1430 2664 1482 α’·
2698 1429 2835 1503 πρὸς
2883 1428 3205 1507 Δημόφιλον
3256 1431 3588 1505 θεραπευτὴν
3640 1432 3683 1486 α’
3718 1450 3729 1464 ο
3778 1433 3890 1506 πρὸς

2271 1518 2530 1587 Ἰωάννην
2562 1518 2651 1572 τὸν
2702 1517 2960 1593 θεολόγον
3008 1520 3099 1574 τὸν
3147 1518 3454 1575 ἀπόστολον
3507 1520 3598 1575 καὶ
3648 1520 3888 1597 εὐαγγελι-

2270 1608 2400 1677 στὴν
2436 1614 2500 1663 απ

2340 1696 2535 1752 Ἰστέον
2599 1694 2656 1751 δὲ
2711 1696 2786 1759 ὣς
2843 1718 2986 1760 τινες
3025 1703 3132 1753 τῶν
3166 1693 3265 1771 ἔξω
3299 1703 3507 1776 σοφῶν,
3540 1699 3631 1754 καὶ
3690 1698 3888 1773 μάλιστα

2267 1784 2541 1859 Πρόκλος,
2576 1788 2892 1862 θεωρήμασι
2940 1784 3213 1850 πολλάκις
3263 1792 3360 1843 τοῦ
3414 1790 3685 1864 μαγαρίου
3736 1798 3888 1843 Διονυ-

2267 1875 2388 1929 σίου
2417 1874 2710 1950 κέχρηται,
2742 1876 2831 1930 καὶ
2858 1877 3047 1938 αὐταῖς
3082 1874 3138 1931 δὲ
3183 1877 3373 1953 ξηραῖς
3427 1883 3552 1940 ταῖς
3600 1876 3783 1949 λέξεσι.
3810 1880 3887 1933 Καὶ

2267 1959 2407 2019 ἔστιν
2465 1965 2720 2018 ὑπόνοιαν
2770 1965 2828 2019 ἐκ
2867 1965 3063 2020 τούτου
3122 1961 3331 2035 λαϐεῖν,
3366 1966 3440 2029 ὡς
3500 1968 3553 2022 οἱ
3585 1966 3635 2022 ἐν
3669 1969 3889 2038 Ἀθήναις

2266 2050 2625 2127 παλαιότεροι
2657 2058 2762 2107 τῶν
2820 2053 3162 2132 φιλοσόφων,
3198 2055 3645 2132 σφετερισάμενοι
3691 2057 3776 2118 τὰς
3818 2057 3888 2111 αὐ-

2266 2147 2362 2196 τοῦ
2418 2143 2812 2218 πραγματείας,
2847 2142 2918 2197 ὧν
2978 2144 3137 2207 αὐτὸς
3201 2144 3540 2218 μνημονεύει
3572 2147 3703 2218 πρὸς
3751 2146 3889 2219 Τιμό-

2269 2244 2388 2296 θεον
2440 2236 2685 2310 γράφων,
2718 2234 3050 2309 ἀπέκρυψαν,
3089 2234 3181 2290 ’ίνα
3229 2236 3454 2310 πατέρες
3515 2236 3671 2291 αὐτοὶ
3718 2236 3889 2314 ὀφθῶσι

2266 2327 2373 2377 τῶν
2424 2321 2580 2377 θείων
2624 2323 2787 2378 αὐτοῦ
2832 2323 3040 2399 λόγων.
3106 2326 3166 2382 Ὁ
3215 2324 3395 2380 τοίνυν
3457 2326 3764 2403 θεοφάντωρ
3792 2335 3887 2380 Διο-

2267 2413 2467 2479 νύσιος,
2499 2410 2607 2483 ἤδη
2640 2434 2745 2467 που
2783 2414 2986 2489 μακρὸν
3037 2411 3234 2477 ἐλάσας
3292 2413 3523 2489 χρόνον,
3555 2416 3641 2469 καὶ
3703 2413 3892 2489 πλήρης

2268 2503 2491 2575 ἡμερῶν
2538 2504 2776 2576 γεγονὼς
2822 2508 2928 2557 τῶν
2976 2508 3073 2557 τοῦ
3121 2502 3453 2576 πνεύματος,
3516 2504 3785 2580 μαρτυρίῳ
3832 2508 3893 2573 τῷ

2274 2589 2405 2664 ὑπὲρ
2440 2590 2677 2665 Χριστοῦ
2706 2590 3031 2661 τελειοῦται,
3067 2591 3154 2647 ἐπὶ
3187 2595 3461 2668 Τραϊανοῦ
3524 2593 3797 2668 Καίσαρος,
3825 2590 3891 2645 ὅτε

2267 2678 2357 2732 καὶ
2390 2680 2417 2732 6
2449 2680 2709 2757 θεοφόρος
2743 2683 3006 2755 Ἰγνάτιος
3037 2683 3128 2735 τὸν
3162 2688 3258 2750 τῆς
3289 2681 3576 2744 ἀθανασίας
3635 2680 3892 2752 ὃιήθλησεν

2269 2770 2469 2841 ἀγῶνα.
2503 2772 2628 2825 ’Ὁτι
2677 2770 2753 2831 εἷς
2801 2771 2889 2825 τὸν
2938 2770 3099 2846 μέγαν
3145 2770 3422 2826 Διονύσιον
3478 2768 3708 2846 ἔγραψεν
3755 2769 3891 2845 ἐγκώ-

2273 2879 2395 2930 μιον
2446 2855 2680 2932 Μιχαὴλ
2734 2856 3006 2935 Σύγγελος
3057 2859 3482 2934 Ἱεροσολύμων,
3518 2860 3570 2915 ἐν
3617 2860 3661 2932 ᾧ
3720 2874 3894 2937 φησιν’

2270 2950 2464 3003 (ι”Οσα
2523 2944 2593 3000 δι’
2640 2948 2883 3025 ἀγράφου
2928 2944 3279 3021 παραδόσεως
3330 2948 3364 3018 ἢ
3410 2948 3693 3027 ἐγγράφως
3743 2967 3897 3022 παρει-

2270 3034 2545 3114 λήφαμεν,
2604 3036 2810 3109 ἥκομεν
2874 3038 3000 3110 ὑμῖν
3058 3035 3470 3117 φιλακροάμοσι
3548 3037 3897 3114 παραθησόμε-

2267 3147 2373 3179 νοι.
2406 3129 2660 3189 Τοιοῦτος
2718 3127 2806 3179 οὗν
2866 3127 2941 3189 εἷς
3002 3130 3150 3199 ἡμᾶς
3209 3129 3526 3198 κατήντηκε
3577 3128 3757 3202 λόγος,
3800 3126 3899 3179 ἀνέ-

502 3217 966 3285 Passionis,cum
1007 3214 1093 3269 sol
1126 3214 1183 3268 in
1216 3212 1461 3268 meridie
1492 3211 1902 3274 occultaretur,
1936 3227 2001 3264 eo
2037 3209 2147 3263 mi-

2266 3216 2417 3269 καθεν
2453 3215 2587 3289 πρὸς
2616 3218 2817 3289 πατρὸς
2848 3213 3002 3270 παιδὶ
3031 3214 3520 3290 παραδεδομένως,
3554 3218 3629 3281 ὡς
3686 3218 3711 3271 ὁ
3765 3217 3899 3289 μέγας

501 3307 701 3363 raculo
732 3306 1106 3361 vehementer
1153 3302 1489 3367 attonitum,
1522 3317 1587 3357 ac
1629 3300 1780 3354 ultra
1830 3299 2150 3353 humanam

502 3396 895 3468 cognitionem
937 3398 1225 3459 evectum,
1262 3391 1359 3445 ubi
1406 3397 1601 3445 mente
1632 3390 1782 3459 quod
1821 3388 1992 3442 {iebat
2023 3405 2149 3458 per-

500 3486 823 3558 pendisset,
864 3482 1124 3537 dixisse:
1160 3482 1376 3551 Ignotus
1426 3481 1562 3533 Deus
1606 3480 1843 3549 patitur,
1877 3477 1940 3531 ob
1987 3492 2147 3547 quem

499 3577 600 3630 hoc
656 3576 977 3628 universum
1022 3571 1266 3637 caligine
1320 3568 1611 3623 obductum
1669 3576 1747 3621 est
1803 3582 1868 3619 ac
1921 3581 2148 3619 concus-

497 3678 931 3731 sum:moxque
963 3665 1192 3729 tempus
1226 3675 1341 3728 quo
1366 3674 1466 3727 per
1490 3656 1826 3710 universum
1858 3656 2145 3709 mundum

498 3760 791 3825 patratum
851 3756 943 3804 est
1000 3748 1373 3811 miraculum,
1424 3746 1748 3800 certissime
1806 3744 2145 3815 designans,

499 3843 652 3913 apud
703 3857 764 3895 se
814 3838 1217 3903 conservabat,
1254 3835 1393 3906 quid
1446 3851 1511 3888 eo
1560 3835 2008 3889 denuntiaretnr
2051 3849 2146 3888 ex-

497 3937 792 4003 spectans.
827 3927 1091 3983 Meminit
1122 3925 1297 3980 etiam
1332 3925 1457 3995 ipse
1500 3924 1557 3977 in
1601 3922 1847 3992 epistola
1880 3924 1950 3977 ad
1983 3921 2147 3993 Poly-

498 4036 761 4092 carpum,
796 4019 1046 4072 maxime
1093 4014 1372 4070 horrendi
1408 4013 1565 4067 illius
1611 4011 1820 4066 solaris
1851 4012 2144 4079 defectus;

500 4126 636 4164 nam
681 4125 814 4162 cum
859 4104 1294 4176 Apollophanes
1344 4102 1519 4157 homo
1570 4099 1980 4172 philosophus,
2015 4100 2147 4156 reli-

497 4199 668 4269 gione
716 4198 969 4263 Graecus,
1031 4194 1455 4264 indignaretur,
1522 4193 1774 4260 huicque
1833 4196 1920 4243 ter
1980 4191 2146 4245 beato

496 4286 940 4347 conviciaretur,
972 4283 1125 4354 quod
1176 4298 1307 4336 cum
1367 4281 1768 4335 amicissimus
1820 4279 2029 4333 fuisset
2081 4296 2147 4335 ac

498 4374 819 4448 p0pularis,
855 4372 1072 4443 patrios
1122 4374 1317 4425 cultus
1366 4375 1754 4430 aversaretur,
1774 4374 1830 4422 et
1860 4368 2145 4423 Christia-

497 4482 632 4520 nam
666 4464 838 4517 {idem
886 4462 1178 4532 praeferret
1210 4462 1385 4527 atque
1434 4455 1889 4527 amplecteretur
1936 4458 2145 4511 acerri-

499 4569 710 4622 meque
753 4554 1037 4613 tueretur,
1084 4565 1149 4602 ac
1182 4546 1514 4601 Graecorum
1565 4544 1895 4600 rationibus
1944 4552 2149 4601 contra
2178 4569 2224 4633 D

495 4646 725 4696 Graecos
757 4644 1047 4703 uteretur;
1075 4636 1399 4690 convicium
1424 4640 1480 4688 et
1501 4633 1961 4704 indignationem
1988 4636 2140 4689 refu-

485 4736 610 4785 tare
659 4732 896 4784 tentans
955 4742 1021 4780 ac
1084 4725 1277 4795 potius
1337 4723 1650 4794 Polycarpo
1680 4723 2137 4793 (refutationem)

486 4832 835 4891 suggerens,
860 4814 917 4869 in
952 4830 1127 4886 quem
1161 4812 1259 4867 ille
1282 4811 1601 4867 commilito
1624 4811 1868 4866 dicteria
1898 4812 1998 4867 illa
2030 4816 2136 4866 lin-

478 4910 674 4982 gebat,
706 4907 828 4961 haec
860 4905 1002 4959 dicit
1036 4920 1048 4959 :
1085 4904 1171 4958 Tu
1202 4907 1395 4957 autem
1431 4901 1578 4956 dicis
1610 4900 1957 4956 maledicere
1990 4901 2136 4956 mihi

476 4998 805 5070 sophistam
857 4991 1345 5064 Apollophanem,
1398 5007 1462 5045 ac
1511 4990 1865 5061 parricidam
1943 4991 2133 5046 nomi-

480 5104 640 5155 nare,
677 5091 732 5141 et
761 5088 989 5139 caetera.

476 5170 602 5227 τάδε
669 5172 801 5249 φησί
836 5189 848 5205 ·

486 5262 626 5331 ὲξῆς-

552 5438 665 5510 (51)
695 5436 909 5494 Omisit
941 5454 954 5494 :
988 5438 1064 5492 De
1086 5437 1334 5507 perfecto
1362 5442 1413 5491 et
1442 5450 1573 5494 uno.

2260 3304 2535 3365 Διονύσιος
2591 3304 2748 3368 οῧτος
2796 3308 2932 3359 κατά
2979 3305 3069 3359 τὸν
3102 3310 3198 3359 τοῦ
3231 3306 3513 3382 σωτηρίου
3548 3309 3755 3371 ΙΙάθους
3798 3325 3898 3358 και-

2259 3394 2375 3466 Ρδνι
2405 3394 2567 3462 ἡνίκα
2619 3394 2891 3466 μεσούσης
2935 3396 3145 3471 ἡμέρας
3192 3396 3218 3449 6
3268 3394 3430 3465 ἥλιος
3488 3396 3795 3473 ἐκρύπτετο,
3824 3392 3892 3448 ἐπὶ

2255 3486 2336 3552 τῷ
2388 3480 2680 3554 παραδόξῳ
2729 3481 2937 3559 σφὸδῖα
2966 3483 3240 3553 τεθηπὼς,
3272 3484 3361 3539 καὶ
3420 3486 3527 3553 τὴν
3590 3482 3887 3558 ἀνθρωπείαν

2261 3566 2651 3644 ὑπερϐεϐηκὼς
2680 3576 2903 3646 γνῶσιν,
2937 3575 3277 3642 κατανοήσας
3325 3575 3387 3627 τὸ
3418 3575 3675 3649 γεγονὸς,
3708 3575 3885 3645 Ἀγνω-

2257 3680 2401 3728 στος,
2429 3656 2553 3736 ἔφη,
2586 3660 2783 3733 πάσχει
2816 3662 2966 3725 Θεὸς,
2996 3659 3065 3715 δι’
3096 3663 3151 3715 ’ὀν
3178 3660 3303 3717 τόδε
3358 3664 3420 3717 τὸ
3483 3670 3591 3718 πᾶν
3648 3658 3884 3740 ἐζόφωταί

2255 3769 2313 3801 τι
2364 3749 2454 3803 καί
2487 3748 2805 3803 σεσάλευται
2842 3768 2853 3780 ’
2888 3750 2977 3804 καὶ
3004 3759 3352 3826 παραχρῆμα
3408 3753 3507 3807 τὸν
3568 3754 3780 3828 χρόνον,
3804 3754 3897 3808 καθ’

2256 3838 2312 3891 ὃν
2370 3839 2521 3892 τουτὶ
2577 3839 2639 3893 τὸ
2692 3839 3034 3914 παγκόσμιον
3115 3840 3420 3896 ἐτετέλεστο
3484 3840 3896 3917 τερατούργημα,

2254 3929 2779 3999 τεκμηριωσάμενος
2863 3927 3045 4004 ἐτήρει
3128 3932 3255 4001 παρ’
3342 3930 3545 4001 ἐαυτῷ,
3614 3927 3896 3987 τούντεῦθεν

2258 4012 2551 4090 διαγγελού
2562 4035 2722 4087 μενον
2799 4015 3135 4090 καραδοκῶν.
3196 4020 3487 4091 Μέμνηται

2255 4103 2415 4164 αὐτὸς
2446 4101 2497 4156 έν
2528 4108 2596 4168 τῇ
2627 4105 2763 4179 πρὸς
2798 4103 3157 4180 Πολύκαρπον
3213 4104 3482 4177 ἐπιστολῇ
3544 4114 3645 4176 τῆς
3686 4105 3893 4174 ἡλιακῆς

2257 4188 2550 4264 ίκλείψεως
2604 4193 2815 4261 ἐκείνης
2877 4202 2979 4263 τῆς
3046 4193 3514 4269 φρικωδεστάτης.
3570 4190 3893 4267 Ἀπολλοφά-

2254 4300 2380 4343 νους
2427 4281 2525 4354 γάρ
2557 4278 2753 4357 ἀνδρὸς
2807 4282 3136 4360 φιλοσόφου,
3166 4285 3264 4352 τὴν
3321 4285 3614 4359 θρησκείαν
3648 4281 3893 4348 Ἕλληνος

2253 4368 2645 4444 τυγχάνοντος,
2710 4373 3050 4443 νεμεσῶντός
3102 4393 3157 4427 τε
3216 4373 3308 4426 καὶ
3348 4370 3780 4445 λοιδορουμένου
3830 4370 3894 4436 τῷ

2253 4453 2558 4533 τρισολϐίῳ
2589 4461 2788 4532 τούτῳ,
2820 4460 2892 4521 ὡς
2928 4459 3127 4536 ἑταίρῳ
3160 4459 3317 4530 δῆθεν
3365 4460 3477 4514 ὄντι
3539 4458 3782 4538 φιλτάτῳ
3821 4454 3893 4510 καὶ

3582 4018 3763 4091 μέντοι
3827 4026 3897 4077 καὶ

2256 4548 2532 4622 ὁμογενεῖ,
2570 4548 2638 4601 τά
2696 4554 2922 4624 πατρῷα
2975 4551 3069 4621 μὲν
3130 4548 3525 4621 μυσαττομένῳ
3588 4545 3892 4620 σεϐάσματα,

2253 4639 2352 4705 τὴν
2389 4634 2445 4690 δὲ
2474 4641 2581 4690 τῶν
2616 4640 2960 4708 Χριστιανῶν
3012 4641 3350 4711 προτιμῶντι
3405 4637 3496 4691 καὶ
3557 4635 3893 4707 ἀσπαζομένῳ

2254 4727 2454 4795 πίστιν,
2509 4727 2595 4781 καὶ
2676 4728 2879 4796 ταύτης
2956 4728 3430 4801 ἀγωνιστικώτατα
3496 4725 3890 4803 προασπίζοντι,

2257 4817 2346 4871 καὶ
2397 4822 2513 4877 τοῖς
2570 4815 2860 4886 Ἑλλήνων
2918 4816 3055 4871 κατὰ
3108 4821 3216 4871 τῶν
3267 4815 3554 4885 Ἑλλήνων
3616 4814 3889 4891 χρωμένῳ,

2243 4907 2343 4974 τὴν
2406 4902 2691 4980 λοιδορίαν
2758 4905 2846 4959 καὶ
2924 4906 3141 4974 νέμεσιν
3191 4904 3573 4973 ἀνασκευάζειν
3633 4902 3887 4977 πειρώμε-

2244 5015 2353 5061 νος,
2406 4992 2619 5066 μᾶλλον
2671 4991 2728 5048 δὲ
2777 4994 3167 5066 ὑποτιθέμενος
3217 4998 3295 5065 τῷ
3351 4993 3724 5068 ΙΙολυκάρπῳ,
3772 4990 3889 5063 πρὸς

2244 5083 2301 5136 ’ὀν
2353 5083 2443 5136 καὶ
2518 5084 2545 5136 ὁ
2625 5083 3029 5159 συστρατιώτης
3104 5081 3341 5136 ἐποιεῖτο
3425 5083 3491 5136 τά
3578 5082 3883 5151 σκώμματαν

905 5168 979 5225 Σὺ
1031 5165 1087 5222 δὲ
1138 5169 1242 5245 φὴς
1295 5162 1662 5242 λοιδορεῖσθαί
1712 5186 1803 5239 μοι
1852 5166 1941 5221 τὸν
1990 5170 2251 5244 σοφιστὴν
2302 5169 2752 5246 Ἀπολλοφάνην,
2805 5171 2895 5227 καὶ
2934 5169 3270 5247 πατραλοίαν
3320 5168 3641 5241 ἀποκαλεῖν,
3691 5166 3777 5223 καὶ
3823 5164 3877 5217 τὲ
