  <div class='ocr_page' id='page_1' title='image "/cluster/home/n/w/nwhite01/storage/ocr_20150623/4/mdp.39015078384529/318.png"; bbox 0 0 4020 6358; ppageno 0'>
   <div class='ocr_carea' id='block_1_1' title="bbox 185 404 275 460">
    <p class='ocr_par' dir='ltr' id='par_1_1' title="bbox 185 404 275 460">
     <span class='ocr_line' id='line_1_1' title="bbox 185 404 275 460; baseline -0.033 0"><span class='ocrx_word' id='word_1_1' title='bbox 185 404 275 460; x_wconf 89' lang='grc'><strong>613</strong></span> 
     </span>
    </p>
   </div>
   <div class='ocr_carea' id='block_1_2' title="bbox 1454 393 2257 464">
    <p class='ocr_par' dir='ltr' id='par_1_2' title="bbox 1454 393 2257 464">
     <span class='ocr_line' id='line_1_2' title="bbox 1454 393 2257 464; baseline 0 -15"><span class='ocrx_word' id='word_1_2' title='bbox 1454 396 1647 464; x_wconf 81' lang='lat' dir='ltr'><strong>VITA,</strong></span> <span class='ocrx_word' id='word_1_3' title='bbox 1685 396 1787 450; x_wconf 81' lang='lat' dir='ltr'><strong>EX</strong></span> <span class='ocrx_word' id='word_1_4' title='bbox 1822 393 2257 449; x_wconf 81' lang='lat' dir='ltr'><strong>NICEPHORO.</strong></span> 
     </span>
    </p>
   </div>
   <div class='ocr_carea' id='block_1_3' title="bbox 3454 399 3564 453">
    <p class='ocr_par' dir='ltr' id='par_1_3' title="bbox 3454 399 3564 453">
     <span class='ocr_line' id='line_1_3' title="bbox 3454 399 3564 453; baseline 0 0"><span class='ocrx_word' id='word_1_5' title='bbox 3454 399 3564 453; x_wconf 73' lang='grc'><strong>614</strong></span> 
     </span>
    </p>
   </div>
   <div class='ocr_carea' id='block_1_4' title="bbox 874 683 2839 779">
    <p class='ocr_par' dir='ltr' id='par_1_4' title="bbox 874 683 2839 779">
     <span class='ocr_line' id='line_1_4' title="bbox 874 683 2839 779; baseline -0.002 0"><span class='ocrx_word' id='word_1_6' title='bbox 874 684 1161 779; x_wconf 87' lang='lat' dir='ltr'><strong>VITA</strong></span> <span class='ocrx_word' id='word_1_7' title='bbox 1231 684 1322 779; x_wconf 91' lang='lat' dir='ltr'><strong>S.</strong></span> <span class='ocrx_word' id='word_1_8' title='bbox 1396 683 1956 779; x_wconf 91' lang='lat' dir='ltr'><strong>DIONYSII</strong></span> <span class='ocrx_word' id='word_1_9' title='bbox 2024 683 2839 778; x_wconf 58' lang='lat' dir='ltr'><strong>AREOPAGITIE</strong></span> 
     </span>
    </p>
   </div>
   <div class='ocr_carea' id='block_1_5' title="bbox 1444 867 2250 947">
    <p class='ocr_par' dir='ltr' id='par_1_5' title="bbox 1444 867 2250 947">
     <span class='ocr_line' id='line_1_5' title="bbox 1444 867 2250 947; baseline -0.001 -17"><span class='ocrx_word' id='word_1_10' title='bbox 1444 869 1537 930; x_wconf 82' lang='lat' dir='ltr'><strong>Ex</strong></span> <span class='ocrx_word' id='word_1_11' title='bbox 1584 868 1747 929; x_wconf 89' lang='lat' dir='ltr'><strong>libro</strong></span> <span class='ocrx_word' id='word_1_12' title='bbox 1796 884 1841 927; x_wconf 83' lang='lat' dir='ltr'><strong>II</strong></span> <span class='ocrx_word' id='word_1_13' title='bbox 1889 867 2250 947; x_wconf 83' lang='lat' dir='ltr'><strong>Nicephori.</strong></span> 
     </span>
    </p>
   </div>
   <div class='ocr_carea' id='block_1_6' title="bbox 768 1019 2934 1094">
    <p class='ocr_par' dir='ltr' id='par_1_6' title="bbox 768 1019 2934 1094">
     <span class='ocr_line' id='line_1_6' title="bbox 768 1019 2934 1094; baseline -0.001 -13"><span class='ocrx_word' id='word_1_14' title='bbox 768 1024 946 1081; x_wconf 65' lang='lat' dir='ltr'><strong>Grmce</strong></span> <span class='ocrx_word' id='word_1_15' title='bbox 974 1031 1025 1080; x_wconf 79' lang='lat' dir='ltr'><strong>et</strong></span> <span class='ocrx_word' id='word_1_16' title='bbox 1056 1022 1248 1079; x_wconf 77' lang='lat' dir='ltr'><strong>Latine</strong></span> <span class='ocrx_word' id='word_1_17' title='bbox 1275 1023 1491 1093; x_wconf 74' lang='lat' dir='ltr'><strong>primu:</strong></span> <span class='ocrx_word' id='word_1_18' title='bbox 1521 1019 1691 1076; x_wconf 79' lang='lat' dir='ltr'><strong>edidit</strong></span> <span class='ocrx_word' id='word_1_19' title='bbox 1718 1020 1918 1075; x_wconf 71' lang='lat' dir='ltr'><strong>Petrus</strong></span> <span class='ocrx_word' id='word_1_20' title='bbox 1947 1019 2288 1091; x_wconf 73' lang='lat' dir='ltr'><strong>Lansselius,</strong></span> <span class='ocrx_word' id='word_1_21' title='bbox 2321 1020 2442 1077; x_wconf 85' lang='lat' dir='ltr'><strong>Sac.</strong></span> <span class='ocrx_word' id='word_1_22' title='bbox 2473 1022 2599 1077; x_wconf 77' lang='lat' dir='ltr'><strong>Iesu</strong></span> <span class='ocrx_word' id='word_1_23' title='bbox 2626 1023 2934 1094; x_wconf 81' lang='lat' dir='ltr'><strong>presbyter.</strong></span> 
     </span>
    </p>
   </div>
   <div class='ocr_carea' id='block_1_7' title="bbox 237 1338 1816 1418">
    <p class='ocr_par' dir='ltr' id='par_1_7' title="bbox 237 1338 1801 1418">
     <span class='ocr_line' id='line_1_7' title="bbox 237 1338 1801 1418; baseline -0.004 -16"><span class='ocrx_word' id='word_1_24' title='bbox 237 1354 323 1402; x_wconf 79' lang='grc' dir='ltr'>Και</span> <span class='ocrx_word' id='word_1_25' title='bbox 353 1346 565 1408; x_wconf 59' lang='lat' dir='ltr'><strong>[Ias/ioc</strong></span> <span class='ocrx_word' id='word_1_26' title='bbox 592 1345 751 1418; x_wconf 74' lang='grc' dir='ltr'>ἄχρις</span> <span class='ocrx_word' id='word_1_27' title='bbox 781 1344 1023 1413; x_wconf 80' lang='grc' dir='ltr'>Ἀθηνῶν</span> <span class='ocrx_word' id='word_1_28' title='bbox 1076 1340 1384 1403; x_wconf 77' lang='grc' dir='ltr'>ἐπορεύετο.</span> <span class='ocrx_word' id='word_1_29' title='bbox 1419 1338 1692 1404; x_wconf 80' lang='grc' dir='ltr'>Εἷ’δώλοις</span> <span class='ocrx_word' id='word_1_30' title='bbox 1744 1338 1801 1396; x_wconf 73' lang='grc' dir='ltr'>δὲ</span> 
     </span>
    </p>
   </div>
   <div class='ocr_carea' id='block_1_8' title="bbox 1927 1338 3571 1418">
    <p class='ocr_par' dir='ltr' id='par_1_8' title="bbox 1982 1342 3571 1417">
     <span class='ocr_line' id='line_1_8' title="bbox 1982 1342 3571 1417; baseline 0.001 -19"><span class='ocrx_word' id='word_1_31' title='bbox 1982 1344 2053 1398; x_wconf 91' lang='lat' dir='ltr'><strong>Et</strong></span> <span class='ocrx_word' id='word_1_32' title='bbox 2084 1342 2298 1399; x_wconf 79' lang='lat' dir='ltr'><strong>Paulus</strong></span> <span class='ocrx_word' id='word_1_33' title='bbox 2337 1344 2597 1399; x_wconf 80' lang='lat' dir='ltr'><strong>Athenas</strong></span> <span class='ocrx_word' id='word_1_34' title='bbox 2647 1361 2833 1417; x_wconf 91' lang='lat' dir='ltr'><strong>usque</strong></span> <span class='ocrx_word' id='word_1_35' title='bbox 2865 1345 3043 1400; x_wconf 85' lang='lat' dir='ltr'><strong>venit.</strong></span> <span class='ocrx_word' id='word_1_36' title='bbox 3078 1346 3216 1400; x_wconf 88' lang='lat' dir='ltr'><strong>Eam</strong></span> <span class='ocrx_word' id='word_1_37' title='bbox 3252 1346 3457 1401; x_wconf 84' lang='lat' dir='ltr'><strong>urbem</strong></span> <span class='ocrx_word' id='word_1_38' title='bbox 3490 1345 3571 1400; x_wconf 89' lang='lat' dir='ltr'><strong>si-</strong></span> 
     </span>
    </p>
   </div>
   <div class='ocr_carea' id='block_1_9' title="bbox 178 1430 1808 1511">
    <p class='ocr_par' dir='ltr' id='par_1_9' title="bbox 178 1430 1808 1511">
     <span class='ocr_line' id='line_1_9' title="bbox 178 1430 1808 1511; baseline -0.004 -20"><span class='ocrx_word' id='word_1_39' title='bbox 178 1433 360 1511; x_wconf 83' lang='grc' dir='ltr'>σφόδρα</span> <span class='ocrx_word' id='word_1_40' title='bbox 398 1436 495 1503; x_wconf 78' lang='grc' dir='ltr'>τὴν</span> <span class='ocrx_word' id='word_1_41' title='bbox 544 1432 709 1488; x_wconf 90' lang='grc' dir='ltr'>πόλιν</span> <span class='ocrx_word' id='word_1_42' title='bbox 770 1433 909 1508; x_wconf 87' lang='grc' dir='ltr'>ὁρῶν</span> <span class='ocrx_word' id='word_1_43' title='bbox 960 1431 1425 1509; x_wconf 84' lang='grc' dir='ltr'>προσανέχουσαν,</span> <span class='ocrx_word' id='word_1_44' title='bbox 1473 1435 1591 1492; x_wconf 88' lang='grc' dir='ltr'>τοῖς</span> <span class='ocrx_word' id='word_1_45' title='bbox 1639 1451 1699 1484; x_wconf 82' lang='grc' dir='ltr'><strong>τι</strong></span> <span class='ocrx_word' id='word_1_46' title='bbox 1748 1430 1808 1485; x_wconf 80' lang='grc' dir='ltr'>ἐκ</span> 
     </span>
    </p>
   </div>
   <div class='ocr_carea' id='block_1_10' title="bbox 175 1518 1808 1599">
    <p class='ocr_par' dir='ltr' id='par_1_10' title="bbox 175 1518 1808 1599">
     <span class='ocr_line' id='line_1_10' title="bbox 175 1518 1808 1599; baseline -0.005 -18"><span class='ocrx_word' id='word_1_47' title='bbox 175 1532 260 1594; x_wconf 82' lang='grc' dir='ltr'><strong>τῆς</strong></span> <span class='ocrx_word' id='word_1_48' title='bbox 308 1529 619 1599; x_wconf 78' lang='grc' dir='ltr'><strong>συναγωγῆς</strong></span> <span class='ocrx_word' id='word_1_49' title='bbox 678 1519 1005 1593; x_wconf 90' lang='grc' dir='ltr'>διωμιλεῖτο</span> <span class='ocrx_word' id='word_1_50' title='bbox 1064 1521 1151 1575; x_wconf 84' lang='grc' dir='ltr'>καὶ</span> <span class='ocrx_word' id='word_1_51' title='bbox 1208 1524 1325 1581; x_wconf 90' lang='grc' dir='ltr'>τοῖς</span> <span class='ocrx_word' id='word_1_52' title='bbox 1360 1518 1529 1574; x_wconf 80' lang='grc' dir='ltr'><strong>ἐκεῖσε</strong></span> <span class='ocrx_word' id='word_1_53' title='bbox 1586 1518 1808 1597; x_wconf 83' lang='grc' dir='ltr'>φιλοσό-</span> 
     </span>
    </p>
   </div>
   <div class='ocr_carea' id='block_1_11' title="bbox 178 1607 1807 1689">
    <p class='ocr_par' dir='ltr' id='par_1_11' title="bbox 178 1607 1807 1689">
     <span class='ocr_line' id='line_1_11' title="bbox 178 1607 1807 1689; baseline -0.003 -22"><span class='ocrx_word' id='word_1_54' title='bbox 178 1635 303 1689; x_wconf 84' lang='grc' dir='ltr'>φοις,</span> <span class='ocrx_word' id='word_1_55' title='bbox 348 1617 459 1673; x_wconf 87' lang='grc' dir='ltr'>τοῖς</span> <span class='ocrx_word' id='word_1_56' title='bbox 516 1611 622 1665; x_wconf 77' lang='grc' dir='ltr'>ἀπὸ</span> <span class='ocrx_word' id='word_1_57' title='bbox 680 1614 776 1663; x_wconf 90' lang='grc' dir='ltr'><strong>τοῦ</strong></span> <span class='ocrx_word' id='word_1_58' title='bbox 828 1609 1155 1683; x_wconf 71' lang='grc' dir='ltr'>Ἑπικούρου</span> <span class='ocrx_word' id='word_1_59' title='bbox 1205 1607 1421 1677; x_wconf 76' lang='grc' dir='ltr'>καὶτῆς</span> <span class='ocrx_word' id='word_1_60' title='bbox 1464 1612 1656 1670; x_wconf 86' lang='grc' dir='ltr'>Στοᾶς.</span> <span class='ocrx_word' id='word_1_61' title='bbox 1708 1611 1807 1669; x_wconf 82' lang='grc' dir='ltr'><strong>Οἷς</strong></span> 
     </span>
    </p>
   </div>
   <div class='ocr_carea' id='block_1_12' title="bbox 184 1696 1806 1775">
    <p class='ocr_par' dir='ltr' id='par_1_12' title="bbox 184 1696 1806 1775">
     <span class='ocr_line' id='line_1_12' title="bbox 184 1696 1806 1775; baseline -0.004 -18"><span class='ocrx_word' id='word_1_62' title='bbox 184 1702 239 1770; x_wconf 82' lang='grc' dir='ltr'>δὴ</span> <span class='ocrx_word' id='word_1_63' title='bbox 291 1702 375 1756; x_wconf 87' lang='grc' dir='ltr'>καὶ</span> <span class='ocrx_word' id='word_1_64' title='bbox 419 1701 490 1762; x_wconf 81' lang='grc' dir='ltr'>ὡς</span> <span class='ocrx_word' id='word_1_65' title='bbox 539 1696 923 1775; x_wconf 76' lang='grc' dir='ltr'><strong>σπερμολόγος</strong></span> <span class='ocrx_word' id='word_1_66' title='bbox 974 1698 1062 1754; x_wconf 86' lang='grc' dir='ltr'><strong>καὶ</strong></span> <span class='ocrx_word' id='word_1_67' title='bbox 1113 1698 1272 1769; x_wconf 74' lang='grc' dir='ltr'>ξένων</span> <span class='ocrx_word' id='word_1_68' title='bbox 1332 1696 1628 1770; x_wconf 82' lang='grc' dir='ltr'><strong>δαιμονίων</strong></span> <span class='ocrx_word' id='word_1_69' title='bbox 1679 1719 1806 1752; x_wconf 81' lang='grc' dir='ltr'>κατ-</span> 
     </span>
    </p>
   </div>
   <div class='ocr_carea' id='block_1_13' title="bbox 179 1784 1809 1867">
    <p class='ocr_par' dir='ltr' id='par_1_13' title="bbox 179 1784 1809 1867">
     <span class='ocr_line' id='line_1_13' title="bbox 179 1784 1809 1867; baseline -0.004 -20"><span class='ocrx_word' id='word_1_70' title='bbox 179 1789 410 1867; x_wconf 79' lang='grc' dir='ltr'>αγγελεὺς</span> <span class='ocrx_word' id='word_1_71' title='bbox 469 1784 825 1863; x_wconf 75' lang='grc' dir='ltr'>περιύϐριστο</span> <span class='ocrx_word' id='word_1_72' title='bbox 856 1808 868 1821; x_wconf 84' lang='grc'><em>’</em></span> <span class='ocrx_word' id='word_1_73' title='bbox 921 1787 1010 1842; x_wconf 82' lang='grc' dir='ltr'><strong>καὶ</strong></span> <span class='ocrx_word' id='word_1_74' title='bbox 1089 1785 1225 1857; x_wconf 82' lang='grc' dir='ltr'>δῆτα</span> <span class='ocrx_word' id='word_1_75' title='bbox 1292 1785 1420 1842; x_wconf 72' lang='grc' dir='ltr'>ε’ίσω</span> <span class='ocrx_word' id='word_1_76' title='bbox 1473 1792 1674 1863; x_wconf 84' lang='grc' dir='ltr'>χειρῶν</span> <span class='ocrx_word' id='word_1_77' title='bbox 1724 1788 1809 1842; x_wconf 87' lang='grc' dir='ltr'>θέ-</span> 
     </span>
    </p>
   </div>
   <div class='ocr_carea' id='block_1_14' title="bbox 182 1873 1807 1953">
    <p class='ocr_par' dir='ltr' id='par_1_14' title="bbox 182 1873 1807 1953">
     <span class='ocr_line' id='line_1_14' title="bbox 182 1873 1807 1953; baseline -0.004 -19"><span class='ocrx_word' id='word_1_78' title='bbox 182 1900 332 1953; x_wconf 87' lang='grc' dir='ltr'>μενοι,</span> <span class='ocrx_word' id='word_1_79' title='bbox 380 1878 462 1933; x_wconf 70' lang='grc' dir='ltr'><strong>ἐπὶ</strong></span> <span class='ocrx_word' id='word_1_80' title='bbox 538 1878 601 1932; x_wconf 89' lang='grc' dir='ltr'>τὸ</span> <span class='ocrx_word' id='word_1_81' title='bbox 678 1878 804 1950; x_wconf 87' lang='grc' dir='ltr'>παρ’</span> <span class='ocrx_word' id='word_1_82' title='bbox 859 1876 1043 1940; x_wconf 79' lang='grc' dir='ltr'>αὐτοῖς</span> <span class='ocrx_word' id='word_1_83' title='bbox 1115 1878 1370 1951; x_wconf 84' lang='grc' dir='ltr'>μέγιστον</span> <span class='ocrx_word' id='word_1_84' title='bbox 1460 1873 1807 1949; x_wconf 85' lang='grc' dir='ltr'>δικαστήριον</span> 
     </span>
    </p>
   </div>
   <div class='ocr_carea' id='block_1_15' title="bbox 180 1961 1812 2044">
    <p class='ocr_par' dir='ltr' id='par_1_15' title="bbox 180 1961 1812 2044">
     <span class='ocr_line' id='line_1_15' title="bbox 180 1961 1812 2044; baseline -0.002 -23"><span class='ocrx_word' id='word_1_85' title='bbox 180 1965 391 2044; x_wconf 72' lang='grc' dir='ltr'>ἄγουσιν,</span> <span class='ocrx_word' id='word_1_86' title='bbox 441 1966 486 2038; x_wconf 88' lang='grc' dir='ltr'>ᾦ</span> <span class='ocrx_word' id='word_1_87' title='bbox 534 1968 753 2043; x_wconf 78' lang='grc' dir='ltr'>’Ἄρειος</span> <span class='ocrx_word' id='word_1_88' title='bbox 810 1965 981 2040; x_wconf 86' lang='grc' dir='ltr'>πάγος</span> <span class='ocrx_word' id='word_1_89' title='bbox 1040 1961 1236 2038; x_wconf 77' lang='grc' dir='ltr'>ὄνομα,</span> <span class='ocrx_word' id='word_1_90' title='bbox 1280 1965 1370 2019; x_wconf 84' lang='grc' dir='ltr'><strong>καὶ</strong></span> <span class='ocrx_word' id='word_1_91' title='bbox 1426 1969 1505 2037; x_wconf 78' lang='grc' dir='ltr'>τῷ</span> <span class='ocrx_word' id='word_1_92' title='bbox 1552 1962 1812 2037; x_wconf 80' lang='grc' dir='ltr'>συνεδρίῳ</span> 
     </span>
    </p>
   </div>
   <div class='ocr_carea' id='block_1_16' title="bbox 179 2051 1810 2130">
    <p class='ocr_par' dir='ltr' id='par_1_16' title="bbox 179 2051 1810 2130">
     <span class='ocr_line' id='line_1_16' title="bbox 179 2051 1810 2130; baseline -0.003 -19"><span class='ocrx_word' id='word_1_93' title='bbox 179 2060 271 2111; x_wconf 81' lang='grc' dir='ltr'><strong>τῶν</strong></span> <span class='ocrx_word' id='word_1_94' title='bbox 315 2053 572 2111; x_wconf 74' lang='grc' dir='ltr'>δικαστῶν</span> <span class='ocrx_word' id='word_1_95' title='bbox 624 2056 1085 2130; x_wconf 80' lang='grc' dir='ltr'>παραστήσαντες,</span> <span class='ocrx_word' id='word_1_96' title='bbox 1122 2052 1289 2127; x_wconf 79' lang='grc' dir='ltr'>(ἐννέα</span> <span class='ocrx_word' id='word_1_97' title='bbox 1339 2051 1395 2108; x_wconf 63' lang='grc' dir='ltr'><strong>δέ</strong></span> <span class='ocrx_word' id='word_1_98' title='bbox 1441 2054 1576 2123; x_wconf 81' lang='grc' dir='ltr'>ἦσαν</span> <span class='ocrx_word' id='word_1_99' title='bbox 1638 2053 1810 2122; x_wconf 81' lang='grc' dir='ltr'>οὗτοι,</span> 
     </span>
    </p>
   </div>
   <div class='ocr_carea' id='block_1_17' title="bbox 185 2141 1809 2222">
    <p class='ocr_par' dir='ltr' id='par_1_17' title="bbox 185 2141 1809 2222">
     <span class='ocr_line' id='line_1_17' title="bbox 185 2141 1809 2222; baseline -0.003 -24"><span class='ocrx_word' id='word_1_100' title='bbox 185 2143 324 2222; x_wconf 76' lang='grc' dir='ltr'>σοφίᾳ</span> <span class='ocrx_word' id='word_1_101' title='bbox 370 2143 671 2218; x_wconf 83' lang='grc' dir='ltr'>καὶ.γένει</span> <span class='ocrx_word' id='word_1_102' title='bbox 726 2143 816 2197; x_wconf 82' lang='grc' dir='ltr'><strong>καὶ</strong></span> <span class='ocrx_word' id='word_1_103' title='bbox 875 2141 1101 2215; x_wconf 76' lang='grc' dir='ltr'>πλούτῳ</span> <span class='ocrx_word' id='word_1_104' title='bbox 1174 2148 1282 2196; x_wconf 88' lang='grc' dir='ltr'><strong>τῶν</strong></span> <span class='ocrx_word' id='word_1_105' title='bbox 1353 2141 1538 2198; x_wconf 80' lang='grc' dir='ltr'>αλλων</span> <span class='ocrx_word' id='word_1_106' title='bbox 1596 2143 1809 2196; x_wconf 83' lang='grc' dir='ltr'>πάντων</span> 
     </span>
    </p>
   </div>
   <div class='ocr_carea' id='block_1_18' title="bbox 185 2229 1814 2310">
    <p class='ocr_par' dir='ltr' id='par_1_18' title="bbox 185 2229 1814 2310">
     <span class='ocr_line' id='line_1_18' title="bbox 185 2229 1814 2310; baseline -0.003 -22"><span class='ocrx_word' id='word_1_107' title='bbox 185 2232 467 2310; x_wconf 70' lang='grc' dir='ltr'>ὑπερφέρειν</span> <span class='ocrx_word' id='word_1_108' title='bbox 526 2231 859 2301; x_wconf 67' lang='grc' dir='ltr'>δοκοῦντεςθ)</span> <span class='ocrx_word' id='word_1_109' title='bbox 917 2231 1149 2286; x_wconf 76' lang='grc' dir='ltr'>ἐπὶτῶν</span> <span class='ocrx_word' id='word_1_110' title='bbox 1230 2229 1553 2286; x_wconf 81' lang='grc' dir='ltr'>δικαστικῶν</span> <span class='ocrx_word' id='word_1_111' title='bbox 1609 2230 1814 2305; x_wconf 84' lang='grc' dir='ltr'>θρόνων</span> 
     </span>
    </p>
   </div>
   <div class='ocr_carea' id='block_1_19' title="bbox 184 2319 1813 2396">
    <p class='ocr_par' dir='ltr' id='par_1_19' title="bbox 184 2319 1813 2396">
     <span class='ocr_line' id='line_1_19' title="bbox 184 2319 1813 2396; baseline -0.001 -22"><span class='ocrx_word' id='word_1_112' title='bbox 184 2319 462 2395; x_wconf 78' lang='grc' dir='ltr'>ἀριστίνδην</span> <span class='ocrx_word' id='word_1_113' title='bbox 512 2321 879 2396; x_wconf 70' lang='grc' dir='ltr'><strong>ἐξειλεγμένοι</strong></span> <span class='ocrx_word' id='word_1_114' title='bbox 938 2320 1344 2395; x_wconf 81' lang='grc' dir='ltr'>προύκάθηντο.</span> <span class='ocrx_word' id='word_1_115' title='bbox 1399 2324 1489 2373; x_wconf 86' lang='grc' dir='ltr'>Ὧν</span> <span class='ocrx_word' id='word_1_116' title='bbox 1543 2319 1595 2373; x_wconf 80' lang='grc' dir='ltr'><strong>έν</strong></span> <span class='ocrx_word' id='word_1_117' title='bbox 1667 2320 1813 2392; x_wconf 86' lang='grc' dir='ltr'>μέσῳ</span> 
     </span>
    </p>
   </div>
   <div class='ocr_carea' id='block_1_20' title="bbox 182 2406 1814 2485">
    <p class='ocr_par' dir='ltr' id='par_1_20' title="bbox 182 2406 1814 2485">
     <span class='ocr_line' id='line_1_20' title="bbox 182 2406 1814 2485; baseline -0.001 -21"><span class='ocrx_word' id='word_1_118' title='bbox 182 2410 463 2485; x_wconf 85' lang='grc' dir='ltr'>γενόμενος,</span> <span class='ocrx_word' id='word_1_119' title='bbox 511 2412 614 2478; x_wconf 77' lang='grc' dir='ltr'>τὴν</span> <span class='ocrx_word' id='word_1_120' title='bbox 665 2407 1093 2482; x_wconf 81' lang='grc' dir='ltr'>δεισιδαιμονίαν</span> <span class='ocrx_word' id='word_1_121' title='bbox 1150 2407 1368 2463; x_wconf 82' lang='grc' dir='ltr'>ἐκείνων</span> <span class='ocrx_word' id='word_1_122' title='bbox 1423 2406 1681 2484; x_wconf 76' lang='grc' dir='ltr'>ἤγγελλε,</span> <span class='ocrx_word' id='word_1_123' title='bbox 1724 2408 1814 2462; x_wconf 85' lang='grc' dir='ltr'><strong>καὶ</strong></span> 
     </span>
    </p>
   </div>
   <div class='ocr_carea' id='block_1_21' title="bbox 184 2497 1812 2573">
    <p class='ocr_par' dir='ltr' id='par_1_21' title="bbox 184 2497 1812 2573">
     <span class='ocr_line' id='line_1_21' title="bbox 184 2497 1812 2573; baseline -0.001 -20"><span class='ocrx_word' id='word_1_124' title='bbox 184 2504 264 2553; x_wconf 86' lang='grc' dir='ltr'><strong>τοῦ</strong></span> <span class='ocrx_word' id='word_1_125' title='bbox 314 2505 434 2573; x_wconf 84' lang='grc' dir='ltr'>παρ’</span> <span class='ocrx_word' id='word_1_126' title='bbox 478 2498 707 2559; x_wconf 83' lang='grc' dir='ltr'>ἐκείνοις</span> <span class='ocrx_word' id='word_1_127' title='bbox 759 2498 884 2566; x_wconf 80' lang='grc' dir='ltr'>νεὼ,</span> <span class='ocrx_word' id='word_1_128' title='bbox 928 2497 987 2559; x_wconf 81' lang='grc' dir='ltr'>ὃς</span> <span class='ocrx_word' id='word_1_129' title='bbox 1045 2498 1334 2572; x_wconf 84' lang='grc' dir='ltr'>Ἀγνώστῳ</span> <span class='ocrx_word' id='word_1_130' title='bbox 1384 2502 1499 2569; x_wconf 84' lang='grc' dir='ltr'><strong>Θεῷ</strong></span> <span class='ocrx_word' id='word_1_131' title='bbox 1551 2498 1812 2569; x_wconf 73' lang='grc' dir='ltr'>ἀνέκειτο,</span> 
     </span>
    </p>
   </div>
   <div class='ocr_carea' id='block_1_22' title="bbox 184 2582 1816 2661">
    <p class='ocr_par' dir='ltr' id='par_1_22' title="bbox 184 2582 1816 2661">
     <span class='ocr_line' id='line_1_22' title="bbox 184 2582 1816 2661; baseline 0 -21"><span class='ocrx_word' id='word_1_132' title='bbox 184 2587 356 2642; x_wconf 76' lang='grc' dir='ltr'>τούτου</span> <span class='ocrx_word' id='word_1_133' title='bbox 385 2589 513 2642; x_wconf 73' lang='grc' dir='ltr'>εἶναι</span> <span class='ocrx_word' id='word_1_134' title='bbox 548 2586 857 2642; x_wconf 86' lang='grc' dir='ltr'>ἀπόστολον</span> <span class='ocrx_word' id='word_1_135' title='bbox 892 2585 1099 2640; x_wconf 79' lang='grc' dir='ltr'>ἔπειθεν</span> <span class='ocrx_word' id='word_1_136' title='bbox 1136 2605 1149 2617; x_wconf 94' lang='grc'><strong>·</strong></span> <span class='ocrx_word' id='word_1_137' title='bbox 1184 2586 1242 2641; x_wconf 78' lang='grc' dir='ltr'><strong>’ὸν</strong></span> <span class='ocrx_word' id='word_1_138' title='bbox 1289 2586 1379 2639; x_wconf 87' lang='grc' dir='ltr'><strong>καὶ</strong></span> <span class='ocrx_word' id='word_1_139' title='bbox 1432 2585 1626 2661; x_wconf 75' lang='grc' dir='ltr'>Κύριον</span> <span class='ocrx_word' id='word_1_140' title='bbox 1665 2582 1816 2661; x_wconf 75' lang='grc' dir='ltr'>ἔλεγε</span> 
     </span>
    </p>
   </div>
   <div class='ocr_carea' id='block_1_23' title="bbox 182 2672 1813 2752">
    <p class='ocr_par' dir='ltr' id='par_1_23' title="bbox 182 2672 1813 2752">
     <span class='ocr_line' id='line_1_23' title="bbox 182 2672 1813 2752; baseline -0.001 -23"><span class='ocrx_word' id='word_1_141' title='bbox 182 2677 256 2730; x_wconf 82' lang='grc' dir='ltr'><strong>καὶ</strong></span> <span class='ocrx_word' id='word_1_142' title='bbox 295 2676 506 2747; x_wconf 76' lang='grc' dir='ltr'>κτίστην</span> <span class='ocrx_word' id='word_1_143' title='bbox 553 2681 661 2752; x_wconf 84' lang='grc' dir='ltr'><strong>γῆς</strong></span> <span class='ocrx_word' id='word_1_144' title='bbox 708 2676 798 2730; x_wconf 87' lang='grc' dir='ltr'><strong>καὶ</strong></span> <span class='ocrx_word' id='word_1_145' title='bbox 857 2676 1110 2751; x_wconf 85' lang='grc' dir='ltr'>οὐρανοῦ,</span> <span class='ocrx_word' id='word_1_146' title='bbox 1163 2672 1232 2729; x_wconf 84' lang='grc' dir='ltr'><strong>δι’</strong></span> <span class='ocrx_word' id='word_1_147' title='bbox 1282 2674 1343 2728; x_wconf 79' lang='grc' dir='ltr'><strong>οὗ</strong></span> <span class='ocrx_word' id='word_1_148' title='bbox 1390 2677 1453 2729; x_wconf 88' lang='grc' dir='ltr'><strong>τὸ</strong></span> <span class='ocrx_word' id='word_1_149' title='bbox 1515 2679 1618 2729; x_wconf 82' lang='grc' dir='ltr'><strong>πᾶν</strong></span> <span class='ocrx_word' id='word_1_150' title='bbox 1658 2691 1669 2708; x_wconf 88' lang='lat'>&#39;</span> <span class='ocrx_word' id='word_1_151' title='bbox 1724 2675 1813 2728; x_wconf 80' lang='grc' dir='ltr'>καὶ</span> 
     </span>
    </p>
   </div>
   <div class='ocr_carea' id='block_1_24' title="bbox 182 2763 1809 2840">
    <p class='ocr_par' dir='ltr' id='par_1_24' title="bbox 182 2763 1809 2840">
     <span class='ocr_line' id='line_1_24' title="bbox 182 2763 1809 2840; baseline 0.001 -22"><span class='ocrx_word' id='word_1_152' title='bbox 182 2763 375 2830; x_wconf 83' lang='grc' dir='ltr'>ἀνενδεῆ</span> <span class='ocrx_word' id='word_1_153' title='bbox 431 2770 631 2821; x_wconf 90' lang='grc' dir='ltr'>τοῦτον</span> <span class='ocrx_word' id='word_1_154' title='bbox 688 2764 778 2820; x_wconf 81' lang='grc' dir='ltr'><strong>καὶ</strong></span> <span class='ocrx_word' id='word_1_155' title='bbox 842 2764 1101 2837; x_wconf 82' lang='grc' dir='ltr'>ἀνόμοιον</span> <span class='ocrx_word' id='word_1_156' title='bbox 1172 2765 1314 2837; x_wconf 81' lang='grc' dir='ltr'>πάσῃ</span> <span class='ocrx_word' id='word_1_157' title='bbox 1361 2763 1464 2838; x_wconf 76' lang='grc' dir='ltr'><strong>ὕλῃ</strong></span> <span class='ocrx_word' id='word_1_158' title='bbox 1508 2763 1809 2840; x_wconf 79' lang='grc' dir='ltr'>προύτίθει.</span> 
     </span>
    </p>
   </div>
   <div class='ocr_carea' id='block_1_25' title="bbox 182 2851 1808 2928">
    <p class='ocr_par' dir='ltr' id='par_1_25' title="bbox 182 2851 1808 2928">
     <span class='ocr_line' id='line_1_25' title="bbox 182 2851 1808 2928; baseline -0.001 -19"><span class='ocrx_word' id='word_1_159' title='bbox 182 2851 315 2909; x_wconf 81' lang='grc' dir='ltr'>Ἀλλ’</span> <span class='ocrx_word' id='word_1_160' title='bbox 346 2851 465 2908; x_wconf 80' lang='grc' dir='ltr'>οὐδέ</span> <span class='ocrx_word' id='word_1_161' title='bbox 494 2876 603 2908; x_wconf 89' lang='grc' dir='ltr'>τινι</span> <span class='ocrx_word' id='word_1_162' title='bbox 639 2853 796 2926; x_wconf 79' lang='grc' dir='ltr'>ἄλλῳ</span> <span class='ocrx_word' id='word_1_163' title='bbox 825 2852 1171 2928; x_wconf 78' lang='grc' dir='ltr'>θεραπεύεται</span> <span class='ocrx_word' id='word_1_164' title='bbox 1204 2853 1238 2923; x_wconf 73' lang='grc' dir='ltr'><strong>ἢ</strong></span> <span class='ocrx_word' id='word_1_165' title='bbox 1271 2858 1387 2914; x_wconf 90' lang='grc' dir='ltr'>τοῖς</span> <span class='ocrx_word' id='word_1_166' title='bbox 1436 2858 1544 2907; x_wconf 91' lang='grc' dir='ltr'><strong>τῶν</strong></span> <span class='ocrx_word' id='word_1_167' title='bbox 1596 2852 1808 2927; x_wconf 82' lang='grc' dir='ltr'>ἀγαθῶν</span> 
     </span>
    </p>
   </div>
   <div class='ocr_carea' id='block_1_26' title="bbox 182 2939 1811 3018">
    <p class='ocr_par' dir='ltr' id='par_1_26' title="bbox 182 2939 1811 3018">
     <span class='ocr_line' id='line_1_26' title="bbox 182 2939 1811 3018; baseline 0 -21"><span class='ocrx_word' id='word_1_168' title='bbox 182 2939 338 3018; x_wconf 71' lang='grc' dir='ltr'>ἔργοις</span> <span class='ocrx_word' id='word_1_169' title='bbox 364 2943 449 2998; x_wconf 86' lang='grc' dir='ltr'><strong>καὶ</strong></span> <span class='ocrx_word' id='word_1_170' title='bbox 478 2948 546 3017; x_wconf 80' lang='grc' dir='ltr'><strong>τῇ</strong></span> <span class='ocrx_word' id='word_1_171' title='bbox 579 2942 870 3018; x_wconf 70' lang='grc' dir='ltr'>ἐπιγνώσει</span> <span class='ocrx_word' id='word_1_172' title='bbox 908 2949 1007 3011; x_wconf 78' lang='grc' dir='ltr'>τῆς</span> <span class='ocrx_word' id='word_1_173' title='bbox 1053 2940 1315 3011; x_wconf 72' lang='grc' dir='ltr'>ἀληθείας</span> <span class='ocrx_word' id='word_1_174' title='bbox 1349 2963 1360 2973; x_wconf 94' lang='grc'>·</span> <span class='ocrx_word' id='word_1_175' title='bbox 1394 2944 1481 2997; x_wconf 81' lang='grc' dir='ltr'>καὶ</span> <span class='ocrx_word' id='word_1_176' title='bbox 1530 2942 1597 2997; x_wconf 74' lang='grc' dir='ltr'><strong>τὰ</strong></span> <span class='ocrx_word' id='word_1_177' title='bbox 1645 2944 1811 3018; x_wconf 84' lang='grc' dir='ltr'>μέχρι</span> 
     </span>
    </p>
   </div>
   <div class='ocr_carea' id='block_1_27' title="bbox 178 3030 1813 3106">
    <p class='ocr_par' dir='ltr' id='par_1_27' title="bbox 178 3030 1813 3106">
     <span class='ocr_line' id='line_1_27' title="bbox 178 3030 1813 3106; baseline -0.001 -21"><span class='ocrx_word' id='word_1_178' title='bbox 178 3030 315 3086; x_wconf 73' lang='grc' dir='ltr'>τοῦδε</span> <span class='ocrx_word' id='word_1_179' title='bbox 346 3033 670 3106; x_wconf 78' lang='grc' dir='ltr'>ἀγνοήματα</span> <span class='ocrx_word' id='word_1_180' title='bbox 702 3030 771 3085; x_wconf 87' lang='grc' dir='ltr'><strong>δι’</strong></span> <span class='ocrx_word' id='word_1_181' title='bbox 803 3033 963 3104; x_wconf 78' lang='grc' dir='ltr'>ἡμῶν</span> <span class='ocrx_word' id='word_1_182' title='bbox 998 3036 1238 3105; x_wconf 84' lang='grc' dir='ltr'>παρορᾷν</span> <span class='ocrx_word' id='word_1_183' title='bbox 1273 3030 1447 3105; x_wconf 74' lang='grc' dir='ltr'>λέγει,</span> <span class='ocrx_word' id='word_1_184' title='bbox 1478 3036 1574 3085; x_wconf 89' lang='grc' dir='ltr'><strong>τοῦ</strong></span> <span class='ocrx_word' id='word_1_185' title='bbox 1615 3030 1813 3087; x_wconf 80' lang='grc' dir='ltr'>λοιποῦ</span> 
     </span>
    </p>
   </div>
   <div class='ocr_carea' id='block_1_28' title="bbox 180 3117 1812 3195">
    <p class='ocr_par' dir='ltr' id='par_1_28' title="bbox 180 3117 1812 3195">
     <span class='ocr_line' id='line_1_28' title="bbox 180 3117 1812 3195; baseline 0.001 -21"><span class='ocrx_word' id='word_1_186' title='bbox 180 3117 229 3174; x_wconf 74' lang='grc' dir='ltr'>δὲ</span> <span class='ocrx_word' id='word_1_187' title='bbox 276 3128 564 3193; x_wconf 78' lang='grc' dir='ltr'>μετανοεῖν,</span> <span class='ocrx_word' id='word_1_188' title='bbox 602 3121 695 3175; x_wconf 79' lang='grc' dir='ltr'>καὶ</span> <span class='ocrx_word' id='word_1_189' title='bbox 753 3119 940 3195; x_wconf 89' lang='grc' dir='ltr'>λόγοις</span> <span class='ocrx_word' id='word_1_190' title='bbox 997 3117 1155 3174; x_wconf 71' lang='grc' dir='ltr'>ε’ίκειν</span> <span class='ocrx_word' id='word_1_191' title='bbox 1188 3119 1441 3181; x_wconf 84' lang='grc' dir='ltr'>πίστεως.</span> <span class='ocrx_word' id='word_1_192' title='bbox 1479 3122 1569 3182; x_wconf 82' lang='grc' dir='ltr'>Ὧς</span> <span class='ocrx_word' id='word_1_193' title='bbox 1614 3122 1704 3175; x_wconf 84' lang='grc' dir='ltr'><strong>καὶ</strong></span> <span class='ocrx_word' id='word_1_194' title='bbox 1749 3122 1812 3175; x_wconf 89' lang='grc' dir='ltr'>τὸ</span> 
     </span>
    </p>
   </div>
   <div class='ocr_carea' id='block_1_29' title="bbox 180 3208 1816 3286">
    <p class='ocr_par' dir='ltr' id='par_1_29' title="bbox 180 3208 1816 3286">
     <span class='ocr_line' id='line_1_29' title="bbox 180 3208 1816 3286; baseline 0.001 -24"><span class='ocrx_word' id='word_1_195' title='bbox 180 3208 358 3284; x_wconf 74' lang='grc' dir='ltr'>κρίνειν</span> <span class='ocrx_word' id='word_1_196' title='bbox 418 3209 622 3274; x_wconf 73' lang='grc' dir='ltr'>ἐκεῖθεν</span> <span class='ocrx_word' id='word_1_197' title='bbox 674 3208 919 3286; x_wconf 78' lang='grc' dir='ltr'>εἰληφώς</span> <span class='ocrx_word' id='word_1_198' title='bbox 973 3208 1132 3264; x_wconf 77' lang='grc' dir='ltr'>ἐστιν.</span> <span class='ocrx_word' id='word_1_199' title='bbox 1183 3210 1356 3272; x_wconf 75' lang='grc' dir='ltr'>Οὗτός</span> <span class='ocrx_word' id='word_1_200' title='bbox 1415 3209 1555 3263; x_wconf 68' lang='grc' dir='ltr'>ἑστιν</span> <span class='ocrx_word' id='word_1_201' title='bbox 1604 3211 1816 3280; x_wconf 84' lang='grc' dir='ltr'>Ἰησοῦς</span> 
     </span>
    </p>
   </div>
   <div class='ocr_carea' id='block_1_30' title="bbox 184 3296 1814 3374">
    <p class='ocr_par' dir='ltr' id='par_1_30' title="bbox 184 3296 1814 3374">
     <span class='ocr_line' id='line_1_30' title="bbox 184 3296 1814 3374; baseline 0.001 -22"><span class='ocrx_word' id='word_1_202' title='bbox 184 3298 468 3371; x_wconf 78' lang='grc' dir='ltr'>ὁΧριστὸς,</span> <span class='ocrx_word' id='word_1_203' title='bbox 501 3300 586 3371; x_wconf 83' lang='grc' dir='ltr'>ὃς,</span> <span class='ocrx_word' id='word_1_204' title='bbox 624 3296 698 3352; x_wconf 86' lang='grc' dir='ltr'>δι’</span> <span class='ocrx_word' id='word_1_205' title='bbox 718 3296 890 3374; x_wconf 78' lang='grc' dir='ltr'>ἔργων</span> <span class='ocrx_word' id='word_1_206' title='bbox 918 3302 1232 3372; x_wconf 81' lang='grc' dir='ltr'>θεοπρεπῶν</span> <span class='ocrx_word' id='word_1_207' title='bbox 1292 3298 1420 3360; x_wconf 86' lang='grc' dir='ltr'>Θεὸς</span> <span class='ocrx_word' id='word_1_208' title='bbox 1469 3296 1679 3362; x_wconf 86' lang='grc' dir='ltr'>τέλειος</span> <span class='ocrx_word' id='word_1_209' title='bbox 1725 3300 1814 3353; x_wconf 86' lang='grc' dir='ltr'>καὶ</span> 
     </span>
    </p>
   </div>
   <div class='ocr_carea' id='block_1_31' title="bbox 180 3384 1814 3465">
    <p class='ocr_par' dir='ltr' id='par_1_31' title="bbox 180 3384 1814 3465">
     <span class='ocr_line' id='line_1_31' title="bbox 180 3384 1814 3465; baseline 0.002 -25"><span class='ocrx_word' id='word_1_210' title='bbox 180 3384 365 3451; x_wconf 82' lang='grc' dir='ltr'>τέλειος</span> <span class='ocrx_word' id='word_1_211' title='bbox 410 3386 727 3459; x_wconf 79' lang='grc' dir='ltr'>ἄνθρωπος,</span> <span class='ocrx_word' id='word_1_212' title='bbox 788 3388 930 3456; x_wconf 76' lang='grc' dir='ltr'>πλὴν</span> <span class='ocrx_word' id='word_1_213' title='bbox 988 3385 1275 3462; x_wconf 83' lang='grc' dir='ltr'>ἁμαρτίας,</span> <span class='ocrx_word' id='word_1_214' title='bbox 1336 3387 1646 3465; x_wconf 75' lang='grc' dir='ltr'>ἀναφανεὶς,</span> <span class='ocrx_word' id='word_1_215' title='bbox 1684 3389 1814 3463; x_wconf 67' lang='grc' dir='ltr'>ὑπὲρ</span> 
     </span>
    </p>
   </div>
   <div class='ocr_carea' id='block_1_32' title="bbox 180 3476 1814 3552">
    <p class='ocr_par' dir='ltr' id='par_1_32' title="bbox 180 3476 1814 3552">
     <span class='ocr_line' id='line_1_32' title="bbox 180 3476 1814 3552; baseline 0.002 -24"><span class='ocrx_word' id='word_1_216' title='bbox 180 3476 401 3533; x_wconf 78' lang='grc' dir='ltr'>ἁπάντων</span> <span class='ocrx_word' id='word_1_217' title='bbox 489 3477 852 3552; x_wconf 71' lang='grc' dir='ltr'>ὶσταόρωται,</span> <span class='ocrx_word' id='word_1_218' title='bbox 907 3476 993 3531; x_wconf 85' lang='grc' dir='ltr'><strong>καὶ</strong></span> <span class='ocrx_word' id='word_1_219' title='bbox 1056 3476 1115 3530; x_wconf 80' lang='grc' dir='ltr'>ἐκ</span> <span class='ocrx_word' id='word_1_220' title='bbox 1170 3480 1373 3552; x_wconf 79' lang='grc' dir='ltr'>νεκρῶν</span> <span class='ocrx_word' id='word_1_221' title='bbox 1453 3477 1669 3548; x_wconf 82' lang='grc' dir='ltr'>ἀνέστη,</span> <span class='ocrx_word' id='word_1_222' title='bbox 1726 3477 1814 3531; x_wconf 79' lang='grc' dir='ltr'><strong>καὶ</strong></span> 
     </span>
    </p>
   </div>
   <div class='ocr_carea' id='block_1_33' title="bbox 180 3563 1815 3643">
    <p class='ocr_par' dir='ltr' id='par_1_33' title="bbox 180 3563 1815 3643">
     <span class='ocr_line' id='line_1_33' title="bbox 180 3563 1815 3643; baseline 0.003 -26"><span class='ocrx_word' id='word_1_223' title='bbox 180 3563 367 3620; x_wconf 72' lang='grc' dir='ltr'>πάντων</span> <span class='ocrx_word' id='word_1_224' title='bbox 420 3567 703 3643; x_wconf 86' lang='grc' dir='ltr'>ὁρώντων,</span> <span class='ocrx_word' id='word_1_225' title='bbox 755 3567 890 3640; x_wconf 85' lang='grc' dir='ltr'>πρὸς</span> <span class='ocrx_word' id='word_1_226' title='bbox 934 3565 1025 3620; x_wconf 87' lang='grc' dir='ltr'>τὸν</span> <span class='ocrx_word' id='word_1_227' title='bbox 1085 3566 1284 3620; x_wconf 84' lang='grc' dir='ltr'>οἰκεῖον</span> <span class='ocrx_word' id='word_1_228' title='bbox 1348 3566 1557 3641; x_wconf 87' lang='grc' dir='ltr'>Πατέρα</span> <span class='ocrx_word' id='word_1_229' title='bbox 1617 3566 1815 3637; x_wconf 76' lang='grc' dir='ltr'>ἀνελή-</span> 
     </span>
    </p>
   </div>
   <div class='ocr_carea' id='block_1_34' title="bbox 180 3654 1813 3729">
    <p class='ocr_par' dir='ltr' id='par_1_34' title="bbox 180 3654 1813 3729">
     <span class='ocr_line' id='line_1_34' title="bbox 180 3654 1813 3729; baseline 0.001 -19"><span class='ocrx_word' id='word_1_230' title='bbox 180 3666 271 3729; x_wconf 75' lang='grc' dir='ltr'><strong>φθη</strong></span> <span class='ocrx_word' id='word_1_231' title='bbox 322 3658 407 3711; x_wconf 77' lang='grc' dir='ltr'><strong>τὸν</strong></span> <span class='ocrx_word' id='word_1_232' title='bbox 460 3662 566 3711; x_wconf 91' lang='grc' dir='ltr'><strong>τῶν</strong></span> <span class='ocrx_word' id='word_1_233' title='bbox 630 3655 776 3710; x_wconf 77' lang='grc' dir='ltr'>ὅλων</span> <span class='ocrx_word' id='word_1_234' title='bbox 843 3654 991 3710; x_wconf 89' lang='grc' dir='ltr'>Θεόν.</span> <span class='ocrx_word' id='word_1_235' title='bbox 1045 3655 1147 3711; x_wconf 86' lang='grc' dir='ltr'><strong>Καὶ</strong></span> <span class='ocrx_word' id='word_1_236' title='bbox 1196 3655 1305 3709; x_wconf 79' lang='grc' dir='ltr'>τισὶ</span> <span class='ocrx_word' id='word_1_237' title='bbox 1373 3656 1466 3728; x_wconf 73' lang='grc' dir='ltr'>μὲν</span> <span class='ocrx_word' id='word_1_238' title='bbox 1531 3656 1813 3711; x_wconf 82' lang='grc' dir='ltr'>ἀνάστασιν</span> 
     </span>
    </p>
   </div>
   <div class='ocr_carea' id='block_1_35' title="bbox 183 3742 1817 3821">
    <p class='ocr_par' dir='ltr' id='par_1_35' title="bbox 183 3742 1817 3821">
     <span class='ocr_line' id='line_1_35' title="bbox 183 3742 1817 3821; baseline 0.002 -24"><span class='ocrx_word' id='word_1_239' title='bbox 183 3742 416 3813; x_wconf 75' lang='grc' dir='ltr'>ἆκηκοόσι</span> <span class='ocrx_word' id='word_1_240' title='bbox 477 3744 662 3821; x_wconf 76' lang='grc' dir='ltr'>χλεύη</span> <span class='ocrx_word' id='word_1_241' title='bbox 724 3744 785 3798; x_wconf 88' lang='grc' dir='ltr'>τὸ</span> <span class='ocrx_word' id='word_1_242' title='bbox 843 3750 1072 3819; x_wconf 82' lang='grc' dir='ltr'>πρᾶγμα</span> <span class='ocrx_word' id='word_1_243' title='bbox 1121 3742 1340 3799; x_wconf 85' lang='grc' dir='ltr'>ἐδόκει·</span> <span class='ocrx_word' id='word_1_244' title='bbox 1374 3746 1515 3806; x_wconf 76' lang='grc' dir='ltr'>τινὲς</span> <span class='ocrx_word' id='word_1_245' title='bbox 1564 3743 1620 3800; x_wconf 75' lang='grc' dir='ltr'>δὲ</span> <span class='ocrx_word' id='word_1_246' title='bbox 1672 3745 1817 3818; x_wconf 82' lang='grc' dir='ltr'><strong>αὐτῷ</strong></span> 
     </span>
    </p>
   </div>
   <div class='ocr_carea' id='block_1_36' title="bbox 183 3831 1817 3909">
    <p class='ocr_par' dir='ltr' id='par_1_36' title="bbox 183 3831 1817 3909">
     <span class='ocr_line' id='line_1_36' title="bbox 183 3831 1817 3909; baseline 0.005 -28"><span class='ocrx_word' id='word_1_247' title='bbox 183 3831 429 3896; x_wconf 76' lang='grc' dir='ltr'>πείσαντες</span> <span class='ocrx_word' id='word_1_248' title='bbox 462 3833 711 3903; x_wconf 66' lang='grc' dir='ltr'>ε’ίποντο,</span> <span class='ocrx_word' id='word_1_249' title='bbox 746 3835 864 3905; x_wconf 86' lang='grc' dir='ltr'>μεθ’</span> <span class='ocrx_word' id='word_1_250' title='bbox 898 3835 973 3887; x_wconf 80' lang='grc' dir='ltr'>ὧν</span> <span class='ocrx_word' id='word_1_251' title='bbox 1017 3835 1108 3888; x_wconf 82' lang='grc' dir='ltr'><strong>καὶ</strong></span> <span class='ocrx_word' id='word_1_252' title='bbox 1158 3835 1186 3887; x_wconf 86' lang='grc' dir='ltr'>ὁ</span> <span class='ocrx_word' id='word_1_253' title='bbox 1218 3834 1635 3909; x_wconf 79' lang='grc' dir='ltr'>Ἀρειοπαγίτης</span> <span class='ocrx_word' id='word_1_254' title='bbox 1695 3844 1817 3889; x_wconf 90' lang='grc' dir='ltr'>Διο-</span> 
     </span>
    </p>
   </div>
   <div class='ocr_carea' id='block_1_37' title="bbox 182 3917 1815 4001">
    <p class='ocr_par' dir='ltr' id='par_1_37' title="bbox 182 3917 1815 4001">
     <span class='ocr_line' id='line_1_37' title="bbox 182 3917 1815 4001; baseline 0.007 -33"><span class='ocrx_word' id='word_1_255' title='bbox 182 3917 341 3981; x_wconf 74' lang='grc' dir='ltr'>νύσιος</span> <span class='ocrx_word' id='word_1_256' title='bbox 387 3922 471 3990; x_wconf 77' lang='grc' dir='ltr'><strong>ἦν,</strong></span> <span class='ocrx_word' id='word_1_257' title='bbox 505 3925 580 3986; x_wconf 81' lang='grc' dir='ltr'>εἷς</span> <span class='ocrx_word' id='word_1_258' title='bbox 638 3920 714 3979; x_wconf 78' lang='grc' dir='ltr'>ὢν</span> <span class='ocrx_word' id='word_1_259' title='bbox 759 3926 867 3977; x_wconf 88' lang='grc' dir='ltr'><strong>τῶν</strong></span> <span class='ocrx_word' id='word_1_260' title='bbox 916 3927 1094 4001; x_wconf 86' lang='grc' dir='ltr'>σοφῶν</span> <span class='ocrx_word' id='word_1_261' title='bbox 1148 3921 1365 3978; x_wconf 70' lang='grc' dir='ltr'>ἐκείνων</span> <span class='ocrx_word' id='word_1_262' title='bbox 1414 3924 1501 3978; x_wconf 85' lang='grc' dir='ltr'><strong>καὶ</strong></span> <span class='ocrx_word' id='word_1_263' title='bbox 1556 3922 1815 4000; x_wconf 84' lang='grc' dir='ltr'>ἐκκρίτων</span> 
     </span>
    </p>
   </div>
   <div class='ocr_carea' id='block_1_38' title="bbox 183 4003 386 4080">
    <p class='ocr_par' dir='ltr' id='par_1_38' title="bbox 183 4003 386 4080">
     <span class='ocr_line' id='line_1_38' title="bbox 183 4003 386 4080; baseline 0.044 -22"><span class='ocrx_word' id='word_1_264' title='bbox 183 4003 293 4080; x_wconf 75' lang='grc' dir='ltr'>ἀνδρ</span> <span class='ocrx_word' id='word_1_265' title='bbox 301 4014 386 4067; x_wconf 80' lang='grc' dir='ltr'><strong>ὧν.</strong></span> 
     </span>
    </p>
   </div>
   <div class='ocr_carea' id='block_1_39' title="bbox 1844 2727 1891 2791">
    <p class='ocr_par' dir='ltr' id='par_1_39' title="bbox 1844 2727 1891 2791">
     <span class='ocr_line' id='line_1_39' title="bbox 1844 2727 1891 2791; baseline 0 0"><span class='ocrx_word' id='word_1_266' title='bbox 1844 2727 1891 2791; x_wconf 92' lang='grc' dir='ltr'>Β</span> 
     </span>
    </p>
   </div>
   <div class='ocr_carea' id='block_1_40' title="bbox 1918 1432 3573 1501">
    <p class='ocr_par' dir='ltr' id='par_1_40' title="bbox 1918 1432 3573 1501">
     <span class='ocr_line' id='line_1_40' title="bbox 1918 1432 3573 1501; baseline 0.001 -15"><span class='ocrx_word' id='word_1_267' title='bbox 1918 1432 2316 1487; x_wconf 89' lang='lat' dir='ltr'><strong>mulacrorum</strong></span> <span class='ocrx_word' id='word_1_268' title='bbox 2348 1432 2531 1487; x_wconf 89' lang='lat' dir='ltr'><strong>cultui</strong></span> <span class='ocrx_word' id='word_1_269' title='bbox 2578 1434 2833 1487; x_wconf 82' lang='lat' dir='ltr'><strong>deditam</strong></span> <span class='ocrx_word' id='word_1_270' title='bbox 2875 1450 3142 1501; x_wconf 79' lang='lat' dir='ltr'><strong>cernens,</strong></span> <span class='ocrx_word' id='word_1_271' title='bbox 3177 1451 3481 1490; x_wconf 83' lang='lat' dir='ltr'><strong>sermones</strong></span> <span class='ocrx_word' id='word_1_272' title='bbox 3516 1437 3573 1488; x_wconf 89' lang='lat' dir='ltr'><strong>et</strong></span> 
     </span>
    </p>
   </div>
   <div class='ocr_carea' id='block_1_41' title="bbox 1918 1519 3571 1593">
    <p class='ocr_par' dir='ltr' id='par_1_41' title="bbox 1918 1519 3571 1593">
     <span class='ocr_line' id='line_1_41' title="bbox 1918 1519 3571 1593; baseline 0.001 -18"><span class='ocrx_word' id='word_1_273' title='bbox 1918 1537 2051 1575; x_wconf 93' lang='lat' dir='ltr'><strong>cum</strong></span> <span class='ocrx_word' id='word_1_274' title='bbox 2097 1519 2181 1576; x_wconf 90' lang='lat' dir='ltr'><strong>eis</strong></span> <span class='ocrx_word' id='word_1_275' title='bbox 2231 1522 2331 1592; x_wconf 86' lang='lat' dir='ltr'><strong>qui</strong></span> <span class='ocrx_word' id='word_1_276' title='bbox 2378 1536 2447 1575; x_wconf 82' lang='lat' dir='ltr'><strong>ex</strong></span> <span class='ocrx_word' id='word_1_277' title='bbox 2495 1537 2794 1593; x_wconf 79' lang='lat' dir='ltr'><strong>synagoga</strong></span> <span class='ocrx_word' id='word_1_278' title='bbox 2839 1527 3008 1577; x_wconf 89' lang='lat' dir='ltr'><strong>erant</strong></span> <span class='ocrx_word' id='word_1_279' title='bbox 3055 1522 3301 1593; x_wconf 69' lang='lat' dir='ltr'><strong>Judaais,</strong></span> <span class='ocrx_word' id='word_1_280' title='bbox 3330 1528 3386 1578; x_wconf 90' lang='lat' dir='ltr'><strong>et</strong></span> <span class='ocrx_word' id='word_1_281' title='bbox 3435 1538 3571 1578; x_wconf 86' lang='lat' dir='ltr'><strong>eum</strong></span> 
     </span>
    </p>
   </div>
   <div class='ocr_carea' id='block_1_42' title="bbox 1918 1604 3571 1681">
    <p class='ocr_par' dir='ltr' id='par_1_42' title="bbox 1918 1604 3571 1681">
     <span class='ocr_line' id='line_1_42' title="bbox 1918 1604 3571 1681; baseline 0.002 -17"><span class='ocrx_word' id='word_1_282' title='bbox 1918 1604 2290 1681; x_wconf 78' lang='lat' dir='ltr'><strong>philosophis</strong></span> <span class='ocrx_word' id='word_1_283' title='bbox 2321 1609 2625 1681; x_wconf 64' lang='lat' dir='ltr'><strong>epicuraais</strong></span> <span class='ocrx_word' id='word_1_284' title='bbox 2665 1610 2840 1666; x_wconf 87' lang='lat' dir='ltr'><strong>simul</strong></span> <span class='ocrx_word' id='word_1_285' title='bbox 2891 1616 2944 1666; x_wconf 93' lang='lat' dir='ltr'><strong>et</strong></span> <span class='ocrx_word' id='word_1_286' title='bbox 2997 1612 3196 1667; x_wconf 87' lang='lat' dir='ltr'><strong>stoicis</strong></span> <span class='ocrx_word' id='word_1_287' title='bbox 3243 1613 3490 1668; x_wconf 84' lang='lat' dir='ltr'><strong>confert.</strong></span> <span class='ocrx_word' id='word_1_288' title='bbox 3524 1613 3571 1668; x_wconf 82' lang='grc' dir='ltr'><strong>Α</strong></span> 
     </span>
    </p>
   </div>
   <div class='ocr_carea' id='block_1_43' title="bbox 1919 1698 3574 1769">
    <p class='ocr_par' dir='ltr' id='par_1_43' title="bbox 1919 1698 3574 1769">
     <span class='ocr_line' id='line_1_43' title="bbox 1919 1698 3574 1769; baseline 0.002 -18"><span class='ocrx_word' id='word_1_289' title='bbox 1919 1698 2134 1769; x_wconf 88' lang='lat' dir='ltr'><strong>quibus</strong></span> <span class='ocrx_word' id='word_1_290' title='bbox 2166 1704 2446 1769; x_wconf 83' lang='lat' dir='ltr'><strong>tanquam</strong></span> <span class='ocrx_word' id='word_1_291' title='bbox 2479 1700 2911 1755; x_wconf 76' lang='lat' dir='ltr'><strong>seminiverbius</strong></span> <span class='ocrx_word' id='word_1_292' title='bbox 2934 1717 3034 1755; x_wconf 89' lang='lat' dir='ltr'><strong>seu</strong></span> <span class='ocrx_word' id='word_1_293' title='bbox 3068 1700 3335 1755; x_wconf 88' lang='lat' dir='ltr'><strong>inanium</strong></span> <span class='ocrx_word' id='word_1_294' title='bbox 3368 1700 3574 1755; x_wconf 88' lang='lat' dir='ltr'><strong>verbo-</strong></span> 
     </span>
    </p>
   </div>
   <div class='ocr_carea' id='block_1_44' title="bbox 1918 1789 3574 1862">
    <p class='ocr_par' dir='ltr' id='par_1_44' title="bbox 1918 1789 3574 1862">
     <span class='ocr_line' id='line_1_44' title="bbox 1918 1789 3574 1862; baseline 0.002 -21"><span class='ocrx_word' id='word_1_295' title='bbox 1918 1802 2050 1842; x_wconf 88' lang='lat' dir='ltr'><strong>rum</strong></span> <span class='ocrx_word' id='word_1_296' title='bbox 2102 1793 2281 1854; x_wconf 84' lang='lat' dir='ltr'><strong>sator,</strong></span> <span class='ocrx_word' id='word_1_297' title='bbox 2314 1793 2371 1844; x_wconf 91' lang='lat' dir='ltr'><strong>et</strong></span> <span class='ocrx_word' id='word_1_298' title='bbox 2401 1791 2843 1861; x_wconf 87' lang='lat' dir='ltr'><strong>peregrinorum</strong></span> <span class='ocrx_word' id='word_1_299' title='bbox 2877 1791 3118 1846; x_wconf 92' lang='lat' dir='ltr'><strong>deorum</strong></span> <span class='ocrx_word' id='word_1_300' title='bbox 3169 1789 3574 1862; x_wconf 88' lang='lat' dir='ltr'><strong>annuntiator,</strong></span> 
     </span>
    </p>
   </div>
   <div class='ocr_carea' id='block_1_45' title="bbox 1919 1877 3569 1951">
    <p class='ocr_par' dir='ltr' id='par_1_45' title="bbox 1919 1877 3569 1951">
     <span class='ocr_line' id='line_1_45' title="bbox 1919 1877 3569 1951; baseline 0 -18"><span class='ocrx_word' id='word_1_301' title='bbox 1919 1877 2195 1933; x_wconf 89' lang='lat' dir='ltr'><strong>conviciis</strong></span> <span class='ocrx_word' id='word_1_302' title='bbox 2226 1880 2484 1950; x_wconf 82' lang='lat' dir='ltr'><strong>graviter</strong></span> <span class='ocrx_word' id='word_1_303' title='bbox 2512 1879 2842 1949; x_wconf 80' lang='lat' dir='ltr'><strong>exagitetur</strong></span> <span class='ocrx_word' id='word_1_304' title='bbox 2875 1896 2888 1933; x_wconf 89' lang='lat'><strong>:</strong></span> <span class='ocrx_word' id='word_1_305' title='bbox 2922 1885 2979 1935; x_wconf 92' lang='lat' dir='ltr'><strong>et</strong></span> <span class='ocrx_word' id='word_1_306' title='bbox 3013 1882 3477 1951; x_wconf 89' lang='lat' dir='ltr'><strong>comprehensus</strong></span> <span class='ocrx_word' id='word_1_307' title='bbox 3508 1881 3569 1933; x_wconf 89' lang='lat' dir='ltr'><strong>in</strong></span> 
     </span>
    </p>
   </div>
   <div class='ocr_carea' id='block_1_46' title="bbox 1919 1967 3574 2041">
    <p class='ocr_par' dir='ltr' id='par_1_46' title="bbox 1919 1967 3574 2041">
     <span class='ocr_line' id='line_1_46' title="bbox 1919 1967 3574 2041; baseline 0.001 -18"><span class='ocrx_word' id='word_1_308' title='bbox 1919 1983 2263 2038; x_wconf 90' lang='lat' dir='ltr'><strong>supremum</strong></span> <span class='ocrx_word' id='word_1_309' title='bbox 2314 1967 2394 2023; x_wconf 91' lang='lat' dir='ltr'><strong>ibi</strong></span> <span class='ocrx_word' id='word_1_310' title='bbox 2436 1969 2756 2038; x_wconf 86' lang='lat' dir='ltr'><strong>judicium,</strong></span> <span class='ocrx_word' id='word_1_311' title='bbox 2787 1971 3177 2041; x_wconf 85' lang='lat' dir='ltr'><strong>Areopagum,</strong></span> <span class='ocrx_word' id='word_1_312' title='bbox 3218 1986 3319 2025; x_wconf 89' lang='lat' dir='ltr'><strong>seu</strong></span> <span class='ocrx_word' id='word_1_313' title='bbox 3373 1969 3574 2024; x_wconf 86' lang='lat' dir='ltr'><strong>Martis</strong></span> 
     </span>
    </p>
   </div>
   <div class='ocr_carea' id='block_1_47' title="bbox 1917 2059 3575 2131">
    <p class='ocr_par' dir='ltr' id='par_1_47' title="bbox 1917 2059 3575 2131">
     <span class='ocr_line' id='line_1_47' title="bbox 1917 2059 3575 2131; baseline 0.001 -19"><span class='ocrx_word' id='word_1_314' title='bbox 1917 2059 2112 2113; x_wconf 89' lang='lat' dir='ltr'><strong>vicum</strong></span> <span class='ocrx_word' id='word_1_315' title='bbox 2165 2059 2493 2124; x_wconf 89' lang='lat' dir='ltr'><strong>nominant,</strong></span> <span class='ocrx_word' id='word_1_316' title='bbox 2545 2059 2911 2131; x_wconf 87' lang='lat' dir='ltr'><strong>producitur,</strong></span> <span class='ocrx_word' id='word_1_317' title='bbox 2963 2064 3140 2130; x_wconf 87' lang='lat' dir='ltr'><strong>atque</strong></span> <span class='ocrx_word' id='word_1_318' title='bbox 3189 2060 3257 2114; x_wconf 90' lang='lat' dir='ltr'><strong>ad</strong></span> <span class='ocrx_word' id='word_1_319' title='bbox 3300 2059 3575 2129; x_wconf 90' lang='lat' dir='ltr'><strong>judicum</strong></span> 
     </span>
    </p>
   </div>
   <div class='ocr_carea' id='block_1_48' title="bbox 1921 2149 3577 2221">
    <p class='ocr_par' dir='ltr' id='par_1_48' title="bbox 1921 2149 3577 2221">
     <span class='ocr_line' id='line_1_48' title="bbox 1921 2149 3577 2221; baseline 0.001 -19"><span class='ocrx_word' id='word_1_320' title='bbox 1921 2149 2205 2203; x_wconf 84' lang='lat' dir='ltr'><strong>subsellia</strong></span> <span class='ocrx_word' id='word_1_321' title='bbox 2253 2150 2505 2204; x_wconf 85' lang='lat' dir='ltr'><strong>sistitur.</strong></span> <span class='ocrx_word' id='word_1_322' title='bbox 2554 2150 2767 2204; x_wconf 90' lang='lat' dir='ltr'><strong>Novem</strong></span> <span class='ocrx_word' id='word_1_323' title='bbox 2804 2150 2843 2204; x_wconf 91' lang='lat' dir='ltr'><strong>ii</strong></span> <span class='ocrx_word' id='word_1_324' title='bbox 2875 2156 3062 2220; x_wconf 87' lang='lat' dir='ltr'><strong>erant,</strong></span> <span class='ocrx_word' id='word_1_325' title='bbox 3112 2150 3427 2221; x_wconf 83' lang='lat' dir='ltr'><strong>sapientia,</strong></span> <span class='ocrx_word' id='word_1_326' title='bbox 3462 2150 3577 2203; x_wconf 90' lang='lat' dir='ltr'><strong>vir-</strong></span> 
     </span>
    </p>
   </div>
   <div class='ocr_carea' id='block_1_49' title="bbox 1921 2238 3578 2311">
    <p class='ocr_par' dir='ltr' id='par_1_49' title="bbox 1921 2238 3578 2311">
     <span class='ocr_line' id='line_1_49' title="bbox 1921 2238 3578 2311; baseline 0.001 -19"><span class='ocrx_word' id='word_1_327' title='bbox 1921 2242 2066 2302; x_wconf 86' lang='lat' dir='ltr'><strong>tute,</strong></span> <span class='ocrx_word' id='word_1_328' title='bbox 2092 2254 2301 2309; x_wconf 88' lang='lat' dir='ltr'><strong>genere</strong></span> <span class='ocrx_word' id='word_1_329' title='bbox 2334 2242 2391 2293; x_wconf 89' lang='lat' dir='ltr'><strong>et</strong></span> <span class='ocrx_word' id='word_1_330' title='bbox 2421 2240 2633 2309; x_wconf 89' lang='lat' dir='ltr'><strong>opibus</strong></span> <span class='ocrx_word' id='word_1_331' title='bbox 2673 2240 2948 2294; x_wconf 88' lang='lat' dir='ltr'><strong>omnibus</strong></span> <span class='ocrx_word' id='word_1_332' title='bbox 2980 2238 3112 2294; x_wconf 91' lang='lat' dir='ltr'><strong>aliis</strong></span> <span class='ocrx_word' id='word_1_333' title='bbox 3143 2238 3578 2311; x_wconf 67' lang='lat' dir='ltr'><strong>praestantiores</strong></span> 
     </span>
    </p>
   </div>
   <div class='ocr_carea' id='block_1_50' title="bbox 1922 2326 3583 2399">
    <p class='ocr_par' dir='ltr' id='par_1_50' title="bbox 1922 2326 3583 2399">
     <span class='ocr_line' id='line_1_50' title="bbox 1922 2326 3583 2399; baseline 0.001 -18"><span class='ocrx_word' id='word_1_334' title='bbox 1922 2326 2128 2393; x_wconf 82' lang='lat' dir='ltr'><strong>habiti,</strong></span> <span class='ocrx_word' id='word_1_335' title='bbox 2172 2333 2229 2382; x_wconf 90' lang='lat' dir='ltr'><strong>et</strong></span> <span class='ocrx_word' id='word_1_336' title='bbox 2275 2328 2346 2383; x_wconf 91' lang='lat' dir='ltr'><strong>ad</strong></span> <span class='ocrx_word' id='word_1_337' title='bbox 2389 2328 2661 2399; x_wconf 86' lang='lat' dir='ltr'><strong>judicum</strong></span> <span class='ocrx_word' id='word_1_338' title='bbox 2719 2345 2933 2383; x_wconf 90' lang='lat' dir='ltr'><strong>munus</strong></span> <span class='ocrx_word' id='word_1_339' title='bbox 2990 2328 3353 2395; x_wconf 88' lang='lat' dir='ltr'><strong>obeundum,</strong></span> <span class='ocrx_word' id='word_1_340' title='bbox 3406 2331 3583 2399; x_wconf 81' lang='lat' dir='ltr'><strong>prout</strong></span> 
     </span>
    </p>
   </div>
   <div class='ocr_carea' id='block_1_51' title="bbox 1923 2415 3576 2488">
    <p class='ocr_par' dir='ltr' id='par_1_51' title="bbox 1923 2415 3576 2488">
     <span class='ocr_line' id='line_1_51' title="bbox 1923 2415 3576 2488; baseline 0.001 -19"><span class='ocrx_word' id='word_1_341' title='bbox 1923 2416 2174 2488; x_wconf 89' lang='lat' dir='ltr'><strong>quisque</strong></span> <span class='ocrx_word' id='word_1_342' title='bbox 2203 2433 2406 2472; x_wconf 90' lang='lat' dir='ltr'><strong>eorum</strong></span> <span class='ocrx_word' id='word_1_343' title='bbox 2441 2417 2601 2473; x_wconf 87' lang='lat' dir='ltr'><strong>visus</strong></span> <span class='ocrx_word' id='word_1_344' title='bbox 2624 2422 2711 2472; x_wconf 91' lang='lat' dir='ltr'><strong>est</strong></span> <span class='ocrx_word' id='word_1_345' title='bbox 2742 2418 3003 2488; x_wconf 89' lang='lat' dir='ltr'><strong>optimus</strong></span> <span class='ocrx_word' id='word_1_346' title='bbox 3026 2418 3096 2472; x_wconf 92' lang='lat' dir='ltr'><strong>ad</strong></span> <span class='ocrx_word' id='word_1_347' title='bbox 3131 2416 3389 2471; x_wconf 88' lang='lat' dir='ltr'><strong>tribunal</strong></span> <span class='ocrx_word' id='word_1_348' title='bbox 3420 2415 3576 2471; x_wconf 85' lang='lat' dir='ltr'><strong>lecti.</strong></span> 
     </span>
    </p>
   </div>
   <div class='ocr_carea' id='block_1_52' title="bbox 1925 2506 3579 2577">
    <p class='ocr_par' dir='ltr' id='par_1_52' title="bbox 1925 2506 3579 2577">
     <span class='ocr_line' id='line_1_52' title="bbox 1925 2506 3579 2577; baseline -0.001 -17"><span class='ocrx_word' id='word_1_349' title='bbox 1925 2507 1987 2560; x_wconf 90' lang='lat' dir='ltr'><strong>In</strong></span> <span class='ocrx_word' id='word_1_350' title='bbox 2025 2507 2216 2561; x_wconf 91' lang='lat' dir='ltr'><strong>medio</strong></span> <span class='ocrx_word' id='word_1_351' title='bbox 2245 2507 2454 2562; x_wconf 90' lang='lat' dir='ltr'><strong>horum</strong></span> <span class='ocrx_word' id='word_1_352' title='bbox 2487 2506 2838 2575; x_wconf 87' lang='lat' dir='ltr'><strong>consistens,</strong></span> <span class='ocrx_word' id='word_1_353' title='bbox 2864 2506 3341 2577; x_wconf 79' lang='lat' dir='ltr'><strong>superstitionem</strong></span> <span class='ocrx_word' id='word_1_354' title='bbox 3375 2521 3579 2560; x_wconf 90' lang='lat' dir='ltr'><strong>eorum</strong></span> 
     </span>
    </p>
   </div>
   <div class='ocr_carea' id='block_1_53' title="bbox 1925 2595 3582 2666">
    <p class='ocr_par' dir='ltr' id='par_1_53' title="bbox 1925 2595 3582 2666">
     <span class='ocr_line' id='line_1_53' title="bbox 1925 2595 3582 2666; baseline -0.001 -17"><span class='ocrx_word' id='word_1_355' title='bbox 1925 2611 2154 2666; x_wconf 64' lang='lat' dir='ltr'><strong>arisque</strong></span> <span class='ocrx_word' id='word_1_356' title='bbox 2182 2596 2310 2666; x_wconf 89' lang='lat' dir='ltr'><strong>ejus</strong></span> <span class='ocrx_word' id='word_1_357' title='bbox 2341 2612 2469 2665; x_wconf 64' lang='lat' dir='ltr'><strong>quas</strong></span> <span class='ocrx_word' id='word_1_358' title='bbox 2516 2597 2668 2665; x_wconf 91' lang='lat' dir='ltr'><strong>apud</strong></span> <span class='ocrx_word' id='word_1_359' title='bbox 2721 2611 2820 2650; x_wconf 92' lang='lat' dir='ltr'><strong>eos</strong></span> <span class='ocrx_word' id='word_1_360' title='bbox 2869 2595 3062 2664; x_wconf 80' lang='lat' dir='ltr'><strong>Ignoto</strong></span> <span class='ocrx_word' id='word_1_361' title='bbox 3103 2597 3207 2650; x_wconf 85' lang='lat' dir='ltr'><strong>Deo</strong></span> <span class='ocrx_word' id='word_1_362' title='bbox 3238 2599 3582 2650; x_wconf 88' lang='lat' dir='ltr'><strong>consecrata</strong></span> 
     </span>
    </p>
   </div>
   <div class='ocr_carea' id='block_1_54' title="bbox 1926 2682 3583 2755">
    <p class='ocr_par' dir='ltr' id='par_1_54' title="bbox 1926 2682 3583 2755">
     <span class='ocr_line' id='line_1_54' title="bbox 1926 2682 3583 2755; baseline -0.001 -17"><span class='ocrx_word' id='word_1_363' title='bbox 1926 2688 2068 2750; x_wconf 89' lang='lat' dir='ltr'><strong>erat,</strong></span> <span class='ocrx_word' id='word_1_364' title='bbox 2103 2685 2417 2739; x_wconf 82' lang='lat' dir='ltr'><strong>annuntiat</strong></span> <span class='ocrx_word' id='word_1_365' title='bbox 2450 2700 2463 2738; x_wconf 92' lang='lat'><strong>:</strong></span> <span class='ocrx_word' id='word_1_366' title='bbox 2497 2700 2674 2755; x_wconf 90' lang='lat' dir='ltr'><strong>seque</strong></span> <span class='ocrx_word' id='word_1_367' title='bbox 2705 2684 2833 2754; x_wconf 86' lang='lat' dir='ltr'><strong>ejus</strong></span> <span class='ocrx_word' id='word_1_368' title='bbox 2868 2682 3200 2755; x_wconf 88' lang='lat' dir='ltr'><strong>apostolum</strong></span> <span class='ocrx_word' id='word_1_369' title='bbox 3233 2688 3289 2738; x_wconf 87' lang='lat' dir='ltr'><strong>et</strong></span> <span class='ocrx_word' id='word_1_370' title='bbox 3320 2683 3583 2755; x_wconf 87' lang='lat' dir='ltr'><strong>legatum</strong></span> 
     </span>
    </p>
   </div>
   <div class='ocr_carea' id='block_1_55' title="bbox 1921 2772 3583 2845">
    <p class='ocr_par' dir='ltr' id='par_1_55' title="bbox 1921 2772 3583 2845">
     <span class='ocr_line' id='line_1_55' title="bbox 1921 2772 3583 2845; baseline -0.002 -17"><span class='ocrx_word' id='word_1_371' title='bbox 1921 2789 2049 2828; x_wconf 88' lang='lat' dir='ltr'><strong>esse</strong></span> <span class='ocrx_word' id='word_1_372' title='bbox 2078 2774 2312 2843; x_wconf 88' lang='lat' dir='ltr'><strong>asserit,</strong></span> <span class='ocrx_word' id='word_1_373' title='bbox 2347 2789 2521 2845; x_wconf 89' lang='lat' dir='ltr'><strong>quem</strong></span> <span class='ocrx_word' id='word_1_374' title='bbox 2566 2779 2625 2828; x_wconf 90' lang='lat' dir='ltr'><strong>et</strong></span> <span class='ocrx_word' id='word_1_375' title='bbox 2668 2775 2977 2828; x_wconf 91' lang='lat' dir='ltr'><strong>Dominum</strong></span> <span class='ocrx_word' id='word_1_376' title='bbox 3010 2778 3067 2828; x_wconf 89' lang='lat' dir='ltr'><strong>et</strong></span> <span class='ocrx_word' id='word_1_377' title='bbox 3096 2778 3416 2828; x_wconf 86' lang='lat' dir='ltr'><strong>creatorem</strong></span> <span class='ocrx_word' id='word_1_378' title='bbox 3449 2772 3583 2826; x_wconf 64' lang='lat' dir='ltr'><strong>caeli</strong></span> 
     </span>
    </p>
   </div>
   <div class='ocr_carea' id='block_1_56' title="bbox 1921 2860 3582 2934">
    <p class='ocr_par' dir='ltr' id='par_1_56' title="bbox 1921 2860 3582 2934">
     <span class='ocr_line' id='line_1_56' title="bbox 1921 2860 3582 2934; baseline -0.002 -16"><span class='ocrx_word' id='word_1_379' title='bbox 1921 2868 1977 2918; x_wconf 92' lang='lat' dir='ltr'><strong>et</strong></span> <span class='ocrx_word' id='word_1_380' title='bbox 2015 2863 2385 2933; x_wconf 65' lang='lat' dir='ltr'><strong>terras,quod</strong></span> <span class='ocrx_word' id='word_1_381' title='bbox 2436 2861 2661 2918; x_wconf 89' lang='lat' dir='ltr'><strong>scilicet</strong></span> <span class='ocrx_word' id='word_1_382' title='bbox 2712 2879 2814 2934; x_wconf 92' lang='lat' dir='ltr'><strong>per</strong></span> <span class='ocrx_word' id='word_1_383' title='bbox 2862 2878 2996 2917; x_wconf 89' lang='lat' dir='ltr'><strong>eum</strong></span> <span class='ocrx_word' id='word_1_384' title='bbox 3050 2863 3199 2919; x_wconf 75' lang='lat'><strong>851</strong></span> <span class='ocrx_word' id='word_1_385' title='bbox 3254 2860 3582 2917; x_wconf 84' lang='lat' dir='ltr'><strong>consistant</strong></span> 
     </span>
    </p>
   </div>
   <div class='ocr_carea' id='block_1_57' title="bbox 1922 2948 3581 3022">
    <p class='ocr_par' dir='ltr' id='par_1_57' title="bbox 1922 2948 3581 3022">
     <span class='ocr_line' id='line_1_57' title="bbox 1922 2948 3581 3022; baseline -0.001 -17"><span class='ocrx_word' id='word_1_386' title='bbox 1922 2951 2142 3017; x_wconf 86' lang='lat' dir='ltr'><strong>omnia,</strong></span> <span class='ocrx_word' id='word_1_387' title='bbox 2165 2950 2413 3022; x_wconf 88' lang='lat' dir='ltr'><strong>ipseque</strong></span> <span class='ocrx_word' id='word_1_388' title='bbox 2442 2950 2665 3005; x_wconf 88' lang='lat' dir='ltr'><strong>nullius</strong></span> <span class='ocrx_word' id='word_1_389' title='bbox 2700 2949 2781 3005; x_wconf 88' lang='lat' dir='ltr'><strong>rei</strong></span> <span class='ocrx_word' id='word_1_390' title='bbox 2813 2949 3108 3022; x_wconf 91' lang='lat' dir='ltr'><strong>indigens,</strong></span> <span class='ocrx_word' id='word_1_391' title='bbox 3132 2949 3283 3004; x_wconf 86' lang='lat' dir='ltr'><strong>nulli</strong></span> <span class='ocrx_word' id='word_1_392' title='bbox 3312 2948 3581 3004; x_wconf 89' lang='lat' dir='ltr'><strong>omnium</strong></span> 
     </span>
    </p>
   </div>
   <div class='ocr_carea' id='block_1_58' title="bbox 1925 3037 3582 3110">
    <p class='ocr_par' dir='ltr' id='par_1_58' title="bbox 1925 3037 3582 3110">
     <span class='ocr_line' id='line_1_58' title="bbox 1925 3037 3582 3110; baseline -0.001 -17"><span class='ocrx_word' id='word_1_393' title='bbox 1925 3038 2176 3093; x_wconf 65' lang='lat' dir='ltr'><strong>materiae</strong></span> <span class='ocrx_word' id='word_1_394' title='bbox 2235 3038 2451 3094; x_wconf 87' lang='lat' dir='ltr'><strong>similis</strong></span> <span class='ocrx_word' id='word_1_395' title='bbox 2508 3039 2608 3106; x_wconf 89' lang='lat' dir='ltr'><strong>sit,</strong></span> <span class='ocrx_word' id='word_1_396' title='bbox 2650 3038 2872 3095; x_wconf 88' lang='lat' dir='ltr'><strong>laudat.</strong></span> <span class='ocrx_word' id='word_1_397' title='bbox 2924 3038 3012 3093; x_wconf 88' lang='lat' dir='ltr'><strong>llli</strong></span> <span class='ocrx_word' id='word_1_398' title='bbox 3062 3038 3307 3110; x_wconf 88' lang='lat' dir='ltr'><strong>insuper</strong></span> <span class='ocrx_word' id='word_1_399' title='bbox 3357 3037 3582 3093; x_wconf 86' lang='lat' dir='ltr'><strong>addens</strong></span> 
     </span>
    </p>
   </div>
   <div class='ocr_carea' id='block_1_59' title="bbox 1923 3127 3586 3198">
    <p class='ocr_par' dir='ltr' id='par_1_59' title="bbox 1923 3127 3586 3198">
     <span class='ocr_line' id='line_1_59' title="bbox 1923 3127 3586 3198; baseline -0.001 -16"><span class='ocrx_word' id='word_1_400' title='bbox 1923 3128 2087 3182; x_wconf 88' lang='lat' dir='ltr'><strong>nulla</strong></span> <span class='ocrx_word' id='word_1_401' title='bbox 2117 3144 2253 3183; x_wconf 89' lang='lat' dir='ltr'><strong>eum</strong></span> <span class='ocrx_word' id='word_1_402' title='bbox 2286 3128 2402 3182; x_wconf 88' lang='lat' dir='ltr'><strong>alia</strong></span> <span class='ocrx_word' id='word_1_403' title='bbox 2435 3144 2493 3181; x_wconf 89' lang='lat' dir='ltr'><strong>re</strong></span> <span class='ocrx_word' id='word_1_404' title='bbox 2521 3144 2698 3198; x_wconf 88' lang='lat' dir='ltr'><strong>quam</strong></span> <span class='ocrx_word' id='word_1_405' title='bbox 2735 3128 2847 3198; x_wconf 91' lang='lat' dir='ltr'><strong>piis</strong></span> <span class='ocrx_word' id='word_1_406' title='bbox 2878 3128 3170 3182; x_wconf 90' lang='lat' dir='ltr'><strong>bonorum</strong></span> <span class='ocrx_word' id='word_1_407' title='bbox 3201 3127 3503 3198; x_wconf 89' lang='lat' dir='ltr'><strong>operibus,</strong></span> <span class='ocrx_word' id='word_1_408' title='bbox 3527 3130 3586 3181; x_wconf 89' lang='lat' dir='ltr'><strong>et</strong></span> 
     </span>
    </p>
   </div>
   <div class='ocr_carea' id='block_1_60' title="bbox 1923 3215 3585 3288">
    <p class='ocr_par' dir='ltr' id='par_1_60' title="bbox 1923 3215 3585 3288">
     <span class='ocr_line' id='line_1_60' title="bbox 1923 3215 3585 3288; baseline -0.001 -19"><span class='ocrx_word' id='word_1_409' title='bbox 1923 3217 2185 3270; x_wconf 87' lang='lat' dir='ltr'><strong>veritatis</strong></span> <span class='ocrx_word' id='word_1_410' title='bbox 2236 3216 2571 3288; x_wconf 86' lang='lat' dir='ltr'><strong>cognitione</strong></span> <span class='ocrx_word' id='word_1_411' title='bbox 2617 3216 2727 3270; x_wconf 89' lang='lat' dir='ltr'><strong>coli</strong></span> <span class='ocrx_word' id='word_1_412' title='bbox 2762 3232 2775 3269; x_wconf 91' lang='lat'>:</span> <span class='ocrx_word' id='word_1_413' title='bbox 2809 3220 2865 3270; x_wconf 90' lang='lat' dir='ltr'><strong>et</strong></span> <span class='ocrx_word' id='word_1_414' title='bbox 2897 3221 3134 3285; x_wconf 88' lang='lat' dir='ltr'><strong>peccata</strong></span> <span class='ocrx_word' id='word_1_415' title='bbox 3182 3215 3442 3285; x_wconf 90' lang='lat' dir='ltr'><strong>quidem,</strong></span> <span class='ocrx_word' id='word_1_416' title='bbox 3480 3230 3585 3286; x_wconf 91' lang='lat' dir='ltr'><strong>per</strong></span> 
     </span>
    </p>
   </div>
   <div class='ocr_carea' id='block_1_61' title="bbox 1924 3303 3584 3375">
    <p class='ocr_par' dir='ltr' id='par_1_61' title="bbox 1924 3303 3584 3375">
     <span class='ocr_line' id='line_1_61' title="bbox 1924 3303 3584 3375; baseline -0.001 -16"><span class='ocrx_word' id='word_1_417' title='bbox 1924 3304 2316 3375; x_wconf 83' lang='lat' dir='ltr'><strong>ignorantiam</strong></span> <span class='ocrx_word' id='word_1_418' title='bbox 2348 3305 2655 3375; x_wconf 87' lang='lat' dir='ltr'><strong>hucusque</strong></span> <span class='ocrx_word' id='word_1_419' title='bbox 2680 3323 2712 3360; x_wconf 92' lang='lat' dir='ltr'><strong>a</strong></span> <span class='ocrx_word' id='word_1_420' title='bbox 2735 3305 2906 3360; x_wconf 88' lang='lat' dir='ltr'><strong>nobis</strong></span> <span class='ocrx_word' id='word_1_421' title='bbox 2938 3304 3259 3359; x_wconf 90' lang='lat' dir='ltr'><strong>commissa</strong></span> <span class='ocrx_word' id='word_1_422' title='bbox 3288 3320 3423 3359; x_wconf 90' lang='lat' dir='ltr'><strong>eum</strong></span> <span class='ocrx_word' id='word_1_423' title='bbox 3461 3303 3584 3358; x_wconf 88' lang='lat' dir='ltr'><strong>dis-</strong></span> 
     </span>
    </p>
   </div>
   <div class='ocr_carea' id='block_1_62' title="bbox 1925 3393 3583 3463">
    <p class='ocr_par' dir='ltr' id='par_1_62' title="bbox 1925 3393 3583 3463">
     <span class='ocr_line' id='line_1_62' title="bbox 1925 3393 3583 3463; baseline -0.001 -16"><span class='ocrx_word' id='word_1_424' title='bbox 1925 3394 2230 3459; x_wconf 84' lang='lat' dir='ltr'><strong>simulare,</strong></span> <span class='ocrx_word' id='word_1_425' title='bbox 2265 3400 2442 3463; x_wconf 86' lang='lat' dir='ltr'><strong>atque</strong></span> <span class='ocrx_word' id='word_1_426' title='bbox 2493 3396 2812 3458; x_wconf 83' lang='lat' dir='ltr'><strong>remittere,</strong></span> <span class='ocrx_word' id='word_1_427' title='bbox 2847 3395 2919 3447; x_wconf 90' lang='lat' dir='ltr'><strong>de</strong></span> <span class='ocrx_word' id='word_1_428' title='bbox 2949 3398 3153 3448; x_wconf 60' lang='lat' dir='ltr'><strong>caetero</strong></span> <span class='ocrx_word' id='word_1_429' title='bbox 3204 3398 3403 3448; x_wconf 87' lang='lat' dir='ltr'><strong>autem</strong></span> <span class='ocrx_word' id='word_1_430' title='bbox 3436 3393 3583 3446; x_wconf 88' lang='lat' dir='ltr'><strong>resi-</strong></span> 
     </span>
    </p>
   </div>
   <div class='ocr_carea' id='block_1_63' title="bbox 1926 3480 3583 3554">
    <p class='ocr_par' dir='ltr' id='par_1_63' title="bbox 1926 3480 3583 3554">
     <span class='ocr_line' id='line_1_63' title="bbox 1926 3480 3583 3554; baseline -0.002 -17"><span class='ocrx_word' id='word_1_431' title='bbox 1926 3483 2372 3554; x_wconf 88' lang='lat' dir='ltr'><strong>piscendum,et</strong></span> <span class='ocrx_word' id='word_1_432' title='bbox 2395 3483 2585 3537; x_wconf 87' lang='lat' dir='ltr'><strong>verbis</strong></span> <span class='ocrx_word' id='word_1_433' title='bbox 2610 3483 2741 3537; x_wconf 81' lang='lat' dir='ltr'><strong>ﬁdei</strong></span> <span class='ocrx_word' id='word_1_434' title='bbox 2780 3483 3105 3537; x_wconf 91' lang='lat' dir='ltr'><strong>cedendum</strong></span> <span class='ocrx_word' id='word_1_435' title='bbox 3132 3498 3280 3537; x_wconf 90' lang='lat' dir='ltr'><strong>esse.</strong></span> <span class='ocrx_word' id='word_1_436' title='bbox 3322 3485 3393 3535; x_wconf 83' lang='lat' dir='ltr'><strong>Ac</strong></span> <span class='ocrx_word' id='word_1_437' title='bbox 3420 3480 3583 3550; x_wconf 88' lang='lat' dir='ltr'><strong>judi-</strong></span> 
     </span>
    </p>
   </div>
   <div class='ocr_carea' id='block_1_64' title="bbox 1927 3568 3585 3642">
    <p class='ocr_par' dir='ltr' id='par_1_64' title="bbox 1927 3568 3585 3642">
     <span class='ocr_line' id='line_1_64' title="bbox 1927 3568 3585 3642; baseline -0.002 -17"><span class='ocrx_word' id='word_1_438' title='bbox 1927 3572 2097 3625; x_wconf 89' lang='lat' dir='ltr'><strong>candi</strong></span> <span class='ocrx_word' id='word_1_439' title='bbox 2133 3586 2367 3641; x_wconf 90' lang='lat' dir='ltr'><strong>quoque</strong></span> <span class='ocrx_word' id='word_1_440' title='bbox 2398 3587 2532 3625; x_wconf 91' lang='lat' dir='ltr'><strong>eum</strong></span> <span class='ocrx_word' id='word_1_441' title='bbox 2578 3575 2925 3640; x_wconf 87' lang='lat' dir='ltr'><strong>potestatem</strong></span> <span class='ocrx_word' id='word_1_442' title='bbox 2959 3586 3263 3642; x_wconf 81' lang='lat' dir='ltr'><strong>propterea</strong></span> <span class='ocrx_word' id='word_1_443' title='bbox 3293 3568 3585 3638; x_wconf 85' lang='lat' dir='ltr'><strong>recepisse</strong></span> 
     </span>
    </p>
   </div>
   <div class='ocr_carea' id='block_1_65' title="bbox 1926 3656 3587 3731">
    <p class='ocr_par' dir='ltr' id='par_1_65' title="bbox 1926 3656 3587 3731">
     <span class='ocr_line' id='line_1_65' title="bbox 1926 3656 3587 3731; baseline -0.002 -18"><span class='ocrx_word' id='word_1_444' title='bbox 1926 3659 2089 3728; x_wconf 86' lang='lat' dir='ltr'><strong>dicit,</strong></span> <span class='ocrx_word' id='word_1_445' title='bbox 2121 3661 2321 3731; x_wconf 82' lang='lat' dir='ltr'><strong>ipsum</strong></span> <span class='ocrx_word' id='word_1_446' title='bbox 2371 3658 2594 3714; x_wconf 87' lang='lat' dir='ltr'><strong>scilicet</strong></span> <span class='ocrx_word' id='word_1_447' title='bbox 2639 3658 2841 3714; x_wconf 85' lang='lat' dir='ltr'><strong>Jesum</strong></span> <span class='ocrx_word' id='word_1_448' title='bbox 2876 3658 3199 3727; x_wconf 86' lang='lat' dir='ltr'><strong>Christum,</strong></span> <span class='ocrx_word' id='word_1_449' title='bbox 3232 3658 3333 3729; x_wconf 90' lang='lat' dir='ltr'><strong>qui</strong></span> <span class='ocrx_word' id='word_1_450' title='bbox 3370 3656 3587 3711; x_wconf 89' lang='lat' dir='ltr'><strong>divinis</strong></span> 
     </span>
    </p>
   </div>
   <div class='ocr_carea' id='block_1_66' title="bbox 1927 3746 3587 3821">
    <p class='ocr_par' dir='ltr' id='par_1_66' title="bbox 1927 3746 3587 3821">
     <span class='ocr_line' id='line_1_66' title="bbox 1927 3746 3587 3821; baseline -0.001 -18"><span class='ocrx_word' id='word_1_451' title='bbox 1927 3766 2172 3821; x_wconf 87' lang='lat' dir='ltr'><strong>prorsus</strong></span> <span class='ocrx_word' id='word_1_452' title='bbox 2222 3748 2393 3804; x_wconf 80' lang='lat' dir='ltr'><strong>factis</strong></span> <span class='ocrx_word' id='word_1_453' title='bbox 2432 3754 2491 3804; x_wconf 89' lang='lat' dir='ltr'><strong>et</strong></span> <span class='ocrx_word' id='word_1_454' title='bbox 2538 3748 2816 3819; x_wconf 89' lang='lat' dir='ltr'><strong>operibus</strong></span> <span class='ocrx_word' id='word_1_455' title='bbox 2876 3748 3030 3803; x_wconf 92' lang='lat' dir='ltr'><strong>Deus</strong></span> <span class='ocrx_word' id='word_1_456' title='bbox 3088 3748 3381 3819; x_wconf 79' lang='lat' dir='ltr'><strong>perfectus</strong></span> <span class='ocrx_word' id='word_1_457' title='bbox 3418 3746 3587 3817; x_wconf 87' lang='lat' dir='ltr'><strong>(citra</strong></span> 
     </span>
    </p>
   </div>
   <div class='ocr_carea' id='block_1_67' title="bbox 1926 3836 3588 3910">
    <p class='ocr_par' dir='ltr' id='par_1_67' title="bbox 1926 3836 3588 3910">
     <span class='ocr_line' id='line_1_67' title="bbox 1926 3836 3588 3910; baseline -0.002 -17"><span class='ocrx_word' id='word_1_458' title='bbox 1926 3841 2122 3893; x_wconf 85' lang='lat' dir='ltr'><strong>tamen</strong></span> <span class='ocrx_word' id='word_1_459' title='bbox 2177 3838 2505 3910; x_wconf 89' lang='lat' dir='ltr'><strong>peccatum)</strong></span> <span class='ocrx_word' id='word_1_460' title='bbox 2538 3838 2714 3892; x_wconf 92' lang='lat' dir='ltr'><strong>homo</strong></span> <span class='ocrx_word' id='word_1_461' title='bbox 2767 3838 3103 3893; x_wconf 86' lang='lat' dir='ltr'><strong>declaratus</strong></span> <span class='ocrx_word' id='word_1_462' title='bbox 3155 3854 3258 3907; x_wconf 83' lang='lat' dir='ltr'><strong>pro</strong></span> <span class='ocrx_word' id='word_1_463' title='bbox 3310 3836 3588 3891; x_wconf 88' lang='lat' dir='ltr'><strong>omnibus</strong></span> 
     </span>
    </p>
   </div>
   <div class='ocr_carea' id='block_1_68' title="bbox 1927 3926 3589 3995">
    <p class='ocr_par' dir='ltr' id='par_1_68' title="bbox 1927 3926 3589 3995">
     <span class='ocr_line' id='line_1_68' title="bbox 1927 3926 3589 3995; baseline -0.004 -10"><span class='ocrx_word' id='word_1_464' title='bbox 1927 3928 2241 3985; x_wconf 82' lang='lat' dir='ltr'><strong>crucifixus</strong></span> <span class='ocrx_word' id='word_1_465' title='bbox 2275 3927 2372 3993; x_wconf 92' lang='lat' dir='ltr'><strong>sit,</strong></span> <span class='ocrx_word' id='word_1_466' title='bbox 2405 3932 2460 3982; x_wconf 87' lang='lat' dir='ltr'><strong>et</strong></span> <span class='ocrx_word' id='word_1_467' title='bbox 2490 3945 2523 3981; x_wconf 89' lang='lat' dir='ltr'><strong>a</strong></span> <span class='ocrx_word' id='word_1_468' title='bbox 2552 3927 2801 3982; x_wconf 89' lang='lat' dir='ltr'><strong>mortuis</strong></span> <span class='ocrx_word' id='word_1_469' title='bbox 2842 3927 3162 3981; x_wconf 81' lang='lat' dir='ltr'><strong>resurrexit</strong></span> <span class='ocrx_word' id='word_1_470' title='bbox 3193 3926 3589 3995; x_wconf 90' lang='lat' dir='ltr'><strong>omnibusque</strong></span> 
     </span>
    </p>
   </div>
   <div class='ocr_carea' id='block_1_69' title="bbox 1927 4014 3590 4098">
    <p class='ocr_par' dir='ltr' id='par_1_69' title="bbox 1927 4014 3590 4098">
     <span class='ocr_line' id='line_1_69' title="bbox 1927 4014 3590 4098; baseline -0.002 -26"><span class='ocrx_word' id='word_1_471' title='bbox 1927 4017 2338 4088; x_wconf 84' lang='lat' dir='ltr'><strong>spectantibus</strong></span> <span class='ocrx_word' id='word_1_472' title='bbox 2378 4018 2449 4071; x_wconf 90' lang='lat' dir='ltr'><strong>ad</strong></span> <span class='ocrx_word' id='word_1_473' title='bbox 2499 4033 2675 4071; x_wconf 93' lang='lat' dir='ltr'><strong>suum</strong></span> <span class='ocrx_word' id='word_1_474' title='bbox 2708 4018 2766 4070; x_wconf 89' lang='lat' dir='ltr'><strong>in</strong></span> <span class='ocrx_word' id='word_1_475' title='bbox 2800 4014 3010 4070; x_wconf 71' lang='lat' dir='ltr'><strong>coelum</strong></span> <span class='ocrx_word' id='word_1_476' title='bbox 3060 4015 3300 4069; x_wconf 90' lang='lat' dir='ltr'><strong>redierit</strong></span> <span class='ocrx_word' id='word_1_477' title='bbox 3332 4014 3590 4098; x_wconf 56' lang='lat' dir='ltr'><strong>Patrem,</strong></span> 
     </span>
    </p>
   </div>
   <div class='ocr_carea' id='block_1_70' title="bbox 179 4102 3581 4177">
    <p class='ocr_par' dir='ltr' id='par_1_70' title="bbox 179 4102 3581 4177">
     <span class='ocr_line' id='line_1_70' title="bbox 179 4102 3581 4177; baseline 0.001 -24"><span class='ocrx_word' id='word_1_478' title='bbox 179 4111 353 4155; x_wconf 86' lang='lat' dir='ltr'><strong>rerum</strong></span> <span class='ocrx_word' id='word_1_479' title='bbox 383 4102 794 4158; x_wconf 83' lang='lat' dir='ltr'><strong>universarum</strong></span> <span class='ocrx_word' id='word_1_480' title='bbox 825 4104 1030 4159; x_wconf 88' lang='lat' dir='ltr'><strong>Deum.</strong></span> <span class='ocrx_word' id='word_1_481' title='bbox 1067 4103 1431 4169; x_wconf 89' lang='lat' dir='ltr'><strong>Quibusdam</strong></span> <span class='ocrx_word' id='word_1_482' title='bbox 1464 4104 1686 4176; x_wconf 87' lang='lat' dir='ltr'><strong>itaque,</strong></span> <span class='ocrx_word' id='word_1_483' title='bbox 1720 4107 1874 4177; x_wconf 86' lang='lat' dir='ltr'><strong>quod</strong></span> <span class='ocrx_word' id='word_1_484' title='bbox 1923 4107 2411 4163; x_wconf 86' lang='lat' dir='ltr'><strong>resurrectionem</strong></span> <span class='ocrx_word' id='word_1_485' title='bbox 2445 4107 2516 4161; x_wconf 90' lang='lat' dir='ltr'><strong>ab</strong></span> <span class='ocrx_word' id='word_1_486' title='bbox 2546 4122 2612 4160; x_wconf 91' lang='lat' dir='ltr'><strong>eo</strong></span> <span class='ocrx_word' id='word_1_487' title='bbox 2645 4105 2945 4172; x_wconf 86' lang='lat' dir='ltr'><strong>audirent,</strong></span> <span class='ocrx_word' id='word_1_488' title='bbox 2979 4121 3071 4160; x_wconf 90' lang='lat' dir='ltr'><strong>res</strong></span> <span class='ocrx_word' id='word_1_489' title='bbox 3104 4109 3225 4159; x_wconf 87' lang='lat' dir='ltr'><strong>lota</strong></span> <span class='ocrx_word' id='word_1_490' title='bbox 3255 4104 3581 4159; x_wconf 88' lang='lat' dir='ltr'><strong>ludibrium</strong></span> 
     </span>
    </p>
   </div>
   <div class='ocr_carea' id='block_1_71' title="bbox 182 4188 3581 4265">
    <p class='ocr_par' dir='ltr' id='par_1_71' title="bbox 182 4188 3581 4265">
     <span class='ocr_line' id='line_1_71' title="bbox 182 4188 3581 4265; baseline 0.002 -24"><span class='ocrx_word' id='word_1_491' title='bbox 182 4190 228 4242; x_wconf 81' lang='lat' dir='ltr'><strong>et</strong></span> <span class='ocrx_word' id='word_1_492' title='bbox 252 4188 438 4247; x_wconf 82' lang='lat' dir='ltr'><strong>fabula</strong></span> <span class='ocrx_word' id='word_1_493' title='bbox 464 4192 718 4247; x_wconf 84' lang='lat' dir='ltr'><strong>videtur.</strong></span> <span class='ocrx_word' id='word_1_494' title='bbox 753 4192 1001 4255; x_wconf 87' lang='lat' dir='ltr'><strong>Quidam</strong></span> <span class='ocrx_word' id='word_1_495' title='bbox 1030 4200 1248 4259; x_wconf 85' lang='lat' dir='ltr'><strong>autem,</strong></span> <span class='ocrx_word' id='word_1_496' title='bbox 1282 4194 1475 4249; x_wconf 91' lang='lat' dir='ltr'><strong>verbis</strong></span> <span class='ocrx_word' id='word_1_497' title='bbox 1504 4198 1632 4263; x_wconf 89' lang='lat' dir='ltr'><strong>ejus</strong></span> <span class='ocrx_word' id='word_1_498' title='bbox 1661 4197 1990 4265; x_wconf 90' lang='lat' dir='ltr'><strong>credentes,</strong></span> <span class='ocrx_word' id='word_1_499' title='bbox 2026 4213 2158 4252; x_wconf 90' lang='lat' dir='ltr'><strong>eum</strong></span> <span class='ocrx_word' id='word_1_500' title='bbox 2190 4200 2510 4251; x_wconf 87' lang='lat' dir='ltr'><strong>sectantur.</strong></span> <span class='ocrx_word' id='word_1_501' title='bbox 2546 4195 2608 4248; x_wconf 84' lang='lat' dir='ltr'><strong>In</strong></span> <span class='ocrx_word' id='word_1_502' title='bbox 2642 4195 2860 4264; x_wconf 90' lang='lat' dir='ltr'><strong>quibus</strong></span> <span class='ocrx_word' id='word_1_503' title='bbox 2892 4198 2949 4247; x_wconf 90' lang='lat' dir='ltr'><strong>et</strong></span> <span class='ocrx_word' id='word_1_504' title='bbox 2978 4192 3293 4262; x_wconf 80' lang='lat' dir='ltr'><strong>Dionysius</strong></span> <span class='ocrx_word' id='word_1_505' title='bbox 3326 4198 3581 4263; x_wconf 85' lang='lat' dir='ltr'><strong>Areopa-</strong></span> 
     </span>
    </p>
   </div>
   <div class='ocr_carea' id='block_1_72' title="bbox 184 4274 1958 4351">
    <p class='ocr_par' dir='ltr' id='par_1_72' title="bbox 184 4274 1958 4351">
     <span class='ocr_line' id='line_1_72' title="bbox 184 4274 1958 4351; baseline 0.007 -22"><span class='ocrx_word' id='word_1_506' title='bbox 184 4274 289 4347; x_wconf 83' lang='lat' dir='ltr'><strong>gita</strong></span> <span class='ocrx_word' id='word_1_507' title='bbox 312 4278 404 4334; x_wconf 87' lang='lat' dir='ltr'><strong>ille</strong></span> <span class='ocrx_word' id='word_1_508' title='bbox 433 4281 562 4350; x_wconf 80' lang='lat' dir='ltr'><strong>fuit,</strong></span> <span class='ocrx_word' id='word_1_509' title='bbox 601 4298 756 4335; x_wconf 90' lang='lat' dir='ltr'><strong>unus</strong></span> <span class='ocrx_word' id='word_1_510' title='bbox 788 4298 855 4335; x_wconf 86' lang='lat' dir='ltr'><strong>ex</strong></span> <span class='ocrx_word' id='word_1_511' title='bbox 886 4282 1248 4351; x_wconf 82' lang='lat' dir='ltr'><strong>sapientibus</strong></span> <span class='ocrx_word' id='word_1_512' title='bbox 1283 4282 1403 4338; x_wconf 88' lang='lat' dir='ltr'><strong>illis</strong></span> <span class='ocrx_word' id='word_1_513' title='bbox 1435 4289 1493 4337; x_wconf 92' lang='lat' dir='ltr'><strong>et</strong></span> <span class='ocrx_word' id='word_1_514' title='bbox 1524 4284 1766 4340; x_wconf 85' lang='lat' dir='ltr'><strong>delectis</strong></span> <span class='ocrx_word' id='word_1_515' title='bbox 1796 4286 1958 4341; x_wconf 90' lang='lat' dir='ltr'><strong>viris.</strong></span> 
     </span>
    </p>
   </div>
   <div class='ocr_carea' id='block_1_73' title="bbox 245 4342 1816 4443">
    <p class='ocr_par' dir='ltr' id='par_1_73' title="bbox 245 4342 1815 4443">
     <span class='ocr_line' id='line_1_73' title="bbox 245 4342 1579 4391; baseline 0.006 -8"><span class='ocrx_word' id='word_1_516' title='bbox 245 4362 256 4383; x_wconf 76' lang='grc'><strong>9</strong></span> <span class='ocrx_word' id='word_1_517' title='bbox 343 4362 357 4383; x_wconf 86' lang='lat'><em>\</em></span> <span class='ocrx_word' id='word_1_518' title='bbox 549 4342 560 4350; x_wconf 60' lang='lat'><strong><em>&#39;</em></strong></span> <span class='ocrx_word' id='word_1_519' title='bbox 705 4369 717 4388; x_wconf 67' lang='grc' dir='ltr'><strong>ν</strong></span> <span class='ocrx_word' id='word_1_520' title='bbox 768 4372 794 4383; x_wconf 79' lang='lat'><strong>~</strong></span> <span class='ocrx_word' id='word_1_521' title='bbox 877 4370 887 4384; x_wconf 62' lang='grc' dir='ltr'><strong>ε</strong></span> <span class='ocrx_word' id='word_1_522' title='bbox 955 4342 969 4351; x_wconf 59' lang='grc'><strong>⁸</strong></span> <span class='ocrx_word' id='word_1_523' title='bbox 992 4376 1019 4387; x_wconf 61' lang='grc' dir='ltr'><strong>ι-</strong></span> <span class='ocrx_word' id='word_1_524' title='bbox 1151 4368 1161 4389; x_wconf 79' lang='grc' dir='ltr'><strong><em>Ι</em></strong></span> <span class='ocrx_word' id='word_1_525' title='bbox 1564 4373 1579 4391; x_wconf 80' lang='lat'><strong><em>\</em></strong></span> 
     </span>
     <span class='ocr_line' id='line_1_74' title="bbox 260 4366 1815 4443; baseline 0.003 -23"><span class='ocrx_word' id='word_1_526' title='bbox 260 4366 357 4420; x_wconf 85' lang='grc' dir='ltr'>Επι</span> <span class='ocrx_word' id='word_1_527' title='bbox 382 4368 533 4422; x_wconf 86' lang='grc' dir='ltr'>τόσον</span> <span class='ocrx_word' id='word_1_528' title='bbox 569 4366 627 4423; x_wconf 68' lang='grc' dir='ltr'>δὲ</span> <span class='ocrx_word' id='word_1_529' title='bbox 658 4389 807 4440; x_wconf 88' lang='grc' dir='ltr'>αυτῳ</span> <span class='ocrx_word' id='word_1_530' title='bbox 834 4390 899 4423; x_wconf 91' lang='grc' dir='ltr'><strong>τα</strong></span> <span class='ocrx_word' id='word_1_531' title='bbox 952 4390 1052 4438; x_wconf 87' lang='grc' dir='ltr'><strong>της</strong></span> <span class='ocrx_word' id='word_1_532' title='bbox 1102 4390 1357 4437; x_wconf 63' lang='grc' dir='ltr'>πίστεως,</span> <span class='ocrx_word' id='word_1_533' title='bbox 1392 4371 1465 4432; x_wconf 85' lang='grc' dir='ltr'>ὡς</span> <span class='ocrx_word' id='word_1_534' title='bbox 1511 4393 1587 4443; x_wconf 88' lang='grc' dir='ltr'><strong>μη</strong></span> <span class='ocrx_word' id='word_1_535' title='bbox 1649 4372 1815 4443; x_wconf 88' lang='grc' dir='ltr'>μόνον</span> 
     </span>
    </p>
   </div>
   <div class='ocr_carea' id='block_1_74' title="bbox 1927 4342 3588 4443">
    <p class='ocr_par' dir='ltr' id='par_1_74' title="bbox 2002 4342 3588 4440">
     <span class='ocr_line' id='line_1_75' title="bbox 2002 4342 3588 4440; baseline -0.003 -11"><span class='ocrx_word' id='word_1_536' title='bbox 2002 4375 2189 4430; x_wconf 84' lang='lat' dir='ltr'><strong>Tanta</strong></span> <span class='ocrx_word' id='word_1_537' title='bbox 2220 4378 2417 4429; x_wconf 90' lang='lat' dir='ltr'><strong>autem</strong></span> <span class='ocrx_word' id='word_1_538' title='bbox 2453 4372 2561 4427; x_wconf 80' lang='lat' dir='ltr'><strong>fuit</strong></span> <span class='ocrx_word' id='word_1_539' title='bbox 2593 4372 2650 4427; x_wconf 89' lang='lat' dir='ltr'><strong>in</strong></span> <span class='ocrx_word' id='word_1_540' title='bbox 2675 4371 2975 4427; x_wconf 87' lang='lat' dir='ltr'><strong>Christum</strong></span> <span class='ocrx_word' id='word_1_541' title='bbox 3009 4371 3141 4440; x_wconf 82' lang='lat' dir='ltr'><strong>fide,</strong></span> <span class='ocrx_word' id='word_1_542' title='bbox 3168 4375 3233 4426; x_wconf 91' lang='lat' dir='ltr'><strong>ut</strong></span> <span class='ocrx_word' id='word_1_543' title='bbox 3266 4387 3380 4425; x_wconf 89' lang='lat' dir='ltr'><strong>non</strong></span> <span class='ocrx_word' id='word_1_544' title='bbox 3414 4342 3588 4425; x_wconf 85' lang='lat' dir='ltr'><strong>modo</strong></span> 
     </span>
    </p>
   </div>
   <div class='ocr_carea' id='block_1_75' title="bbox 187 4454 1818 4535">
    <p class='ocr_par' dir='ltr' id='par_1_75' title="bbox 187 4454 1818 4535">
     <span class='ocr_line' id='line_1_76' title="bbox 187 4454 1818 4535; baseline 0.006 -31"><span class='ocrx_word' id='word_1_545' title='bbox 187 4455 269 4505; x_wconf 84' lang='grc' dir='ltr'><strong>τοῦ</strong></span> <span class='ocrx_word' id='word_1_546' title='bbox 315 4454 452 4508; x_wconf 82' lang='grc' dir='ltr'>θείου</span> <span class='ocrx_word' id='word_1_547' title='bbox 504 4458 907 4526; x_wconf 80' lang='grc' dir='ltr'>καταξιωθῆναι</span> <span class='ocrx_word' id='word_1_548' title='bbox 951 4457 1207 4533; x_wconf 79' lang='grc' dir='ltr'>λουτροῦ,</span> <span class='ocrx_word' id='word_1_549' title='bbox 1242 4456 1388 4512; x_wconf 73' lang='grc' dir='ltr'>ἀλλὰ</span> <span class='ocrx_word' id='word_1_550' title='bbox 1424 4460 1513 4512; x_wconf 86' lang='grc' dir='ltr'><strong>καὶ</strong></span> <span class='ocrx_word' id='word_1_551' title='bbox 1561 4457 1647 4514; x_wconf 74' lang='grc' dir='ltr'><strong>διὰ</strong></span> <span class='ocrx_word' id='word_1_552' title='bbox 1692 4480 1818 4535; x_wconf 89' lang='grc' dir='ltr'>χει-</span> 
     </span>
    </p>
   </div>
   <div class='ocr_carea' id='block_1_76' title="bbox 189 4545 1817 4625">
    <p class='ocr_par' dir='ltr' id='par_1_76' title="bbox 189 4545 1817 4625">
     <span class='ocr_line' id='line_1_77' title="bbox 189 4545 1817 4625; baseline 0.007 -31"><span class='ocrx_word' id='word_1_553' title='bbox 189 4545 283 4614; x_wconf 86' lang='grc' dir='ltr'><strong>ρῶν</strong></span> <span class='ocrx_word' id='word_1_554' title='bbox 363 4545 579 4602; x_wconf 69' lang='grc' dir='ltr'>Παύλου</span> <span class='ocrx_word' id='word_1_555' title='bbox 639 4547 881 4616; x_wconf 86' lang='grc' dir='ltr'>Ἀθηνῶν</span> <span class='ocrx_word' id='word_1_556' title='bbox 966 4556 1424 4625; x_wconf 83' lang='grc' dir='ltr'>προχειρισθῆναι</span> <span class='ocrx_word' id='word_1_557' title='bbox 1494 4550 1817 4620; x_wconf 72' lang='grc' dir='ltr'>ἐπίσκοπον,</span> 
     </span>
    </p>
   </div>
   <div class='ocr_carea' id='block_1_77' title="bbox 190 4630 1821 4712">
    <p class='ocr_par' dir='ltr' id='par_1_77' title="bbox 190 4630 1821 4712">
     <span class='ocr_line' id='line_1_78' title="bbox 190 4630 1821 4712; baseline 0.006 -30"><span class='ocrx_word' id='word_1_558' title='bbox 190 4630 265 4683; x_wconf 82' lang='grc' dir='ltr'><strong>καὶ</strong></span> <span class='ocrx_word' id='word_1_559' title='bbox 311 4633 589 4712; x_wconf 83' lang='grc' dir='ltr'>ὑπερφυῶν</span> <span class='ocrx_word' id='word_1_560' title='bbox 642 4637 997 4711; x_wconf 76' lang='grc' dir='ltr'>χαρισμάτων</span> <span class='ocrx_word' id='word_1_561' title='bbox 1047 4639 1374 4708; x_wconf 82' lang='grc' dir='ltr'>ἀξιωθῆναι,</span> <span class='ocrx_word' id='word_1_562' title='bbox 1421 4639 1511 4693; x_wconf 83' lang='grc' dir='ltr'>καί</span> <span class='ocrx_word' id='word_1_563' title='bbox 1556 4644 1634 4711; x_wconf 82' lang='grc' dir='ltr'><strong>τῷ</strong></span> <span class='ocrx_word' id='word_1_564' title='bbox 1692 4639 1821 4712; x_wconf 85' lang='grc' dir='ltr'>θείῳ</span> 
     </span>
    </p>
   </div>
   <div class='ocr_carea' id='block_1_78' title="bbox 192 4722 1821 4799">
    <p class='ocr_par' dir='ltr' id='par_1_78' title="bbox 192 4722 1821 4799">
     <span class='ocr_line' id='line_1_79' title="bbox 192 4722 1821 4799; baseline 0.007 -28"><span class='ocrx_word' id='word_1_565' title='bbox 192 4722 505 4795; x_wconf 85' lang='grc' dir='ltr'>συγγενέσθαι</span> <span class='ocrx_word' id='word_1_566' title='bbox 536 4724 806 4799; x_wconf 84' lang='grc' dir='ltr'>Ἱεροθέῳ,</span> <span class='ocrx_word' id='word_1_567' title='bbox 839 4727 923 4786; x_wconf 83' lang='grc' dir='ltr'>οἷς</span> <span class='ocrx_word' id='word_1_568' title='bbox 957 4725 984 4778; x_wconf 84' lang='grc' dir='ltr'>ὁ</span> <span class='ocrx_word' id='word_1_569' title='bbox 1016 4725 1235 4788; x_wconf 79' lang='grc' dir='ltr'>Παῦλος</span> <span class='ocrx_word' id='word_1_570' title='bbox 1270 4729 1368 4781; x_wconf 79' lang='grc' dir='ltr'><strong>ὅσα</strong></span> <span class='ocrx_word' id='word_1_571' title='bbox 1415 4728 1506 4782; x_wconf 90' lang='grc' dir='ltr'><strong>καὶ</strong></span> <span class='ocrx_word' id='word_1_572' title='bbox 1548 4728 1821 4783; x_wconf 87' lang='grc' dir='ltr'>συνείσατο</span> 
     </span>
    </p>
   </div>
   <div class='ocr_carea' id='block_1_79' title="bbox 196 4805 1821 4892">
    <p class='ocr_par' dir='ltr' id='par_1_79' title="bbox 196 4805 1821 4892">
     <span class='ocr_line' id='line_1_80' title="bbox 196 4805 1821 4892; baseline 0.009 -34"><span class='ocrx_word' id='word_1_573' title='bbox 196 4805 261 4870; x_wconf 74' lang='grc' dir='ltr'>εἷς</span> <span class='ocrx_word' id='word_1_574' title='bbox 284 4811 367 4865; x_wconf 88' lang='grc' dir='ltr'>τὸν</span> <span class='ocrx_word' id='word_1_575' title='bbox 391 4812 571 4887; x_wconf 87' lang='grc' dir='ltr'>τρίτον</span> <span class='ocrx_word' id='word_1_576' title='bbox 604 4813 786 4885; x_wconf 84' lang='grc' dir='ltr'>ἀρθεὶς</span> <span class='ocrx_word' id='word_1_577' title='bbox 818 4812 1040 4886; x_wconf 81' lang='grc' dir='ltr'>οὐρανὸν</span> <span class='ocrx_word' id='word_1_578' title='bbox 1074 4816 1163 4868; x_wconf 72' lang='grc' dir='ltr'>καὶ</span> <span class='ocrx_word' id='word_1_579' title='bbox 1224 4815 1300 4876; x_wconf 67' lang='grc' dir='ltr'>εἷς</span> <span class='ocrx_word' id='word_1_580' title='bbox 1346 4814 1438 4869; x_wconf 87' lang='grc' dir='ltr'>τὸν</span> <span class='ocrx_word' id='word_1_581' title='bbox 1472 4815 1821 4892; x_wconf 69' lang='grc' dir='ltr'>παράδεισον,</span> 
     </span>
    </p>
   </div>
   <div class='ocr_carea' id='block_1_80' title="bbox 194 4899 1824 4980">
    <p class='ocr_par' dir='ltr' id='par_1_80' title="bbox 194 4899 1824 4980">
     <span class='ocr_line' id='line_1_81' title="bbox 194 4899 1824 4980; baseline 0.009 -35"><span class='ocrx_word' id='word_1_582' title='bbox 194 4899 567 4970; x_wconf 79' lang='grc' dir='ltr'>κατεπίστευσε,</span> <span class='ocrx_word' id='word_1_583' title='bbox 604 4902 727 4976; x_wconf 84' lang='grc' dir='ltr'>περί</span> <span class='ocrx_word' id='word_1_584' title='bbox 756 4922 814 4955; x_wconf 91' lang='grc' dir='ltr'><strong>τε</strong></span> <span class='ocrx_word' id='word_1_585' title='bbox 843 4909 944 4971; x_wconf 81' lang='grc' dir='ltr'><strong>τῆς</strong></span> <span class='ocrx_word' id='word_1_586' title='bbox 978 4901 1259 4977; x_wconf 85' lang='grc' dir='ltr'>θεολογίας</span> <span class='ocrx_word' id='word_1_587' title='bbox 1307 4904 1397 4958; x_wconf 85' lang='grc' dir='ltr'>καὶ</span> <span class='ocrx_word' id='word_1_588' title='bbox 1430 4906 1553 4980; x_wconf 86' lang='grc' dir='ltr'>περὶ</span> <span class='ocrx_word' id='word_1_589' title='bbox 1582 4913 1683 4974; x_wconf 78' lang='grc' dir='ltr'>τῆς</span> <span class='ocrx_word' id='word_1_590' title='bbox 1734 4906 1824 4960; x_wconf 84' lang='grc' dir='ltr'><strong>οὐ-</strong></span> 
     </span>
    </p>
   </div>
   <div class='ocr_carea' id='block_1_81' title="bbox 196 4983 1823 5071">
    <p class='ocr_par' dir='ltr' id='par_1_81' title="bbox 196 4983 1823 5071">
     <span class='ocr_line' id='line_1_82' title="bbox 196 4983 1823 5071; baseline 0.009 -37"><span class='ocrx_word' id='word_1_591' title='bbox 196 4983 360 5054; x_wconf 87' lang='grc' dir='ltr'>ρανίου</span> <span class='ocrx_word' id='word_1_592' title='bbox 406 4990 689 5066; x_wconf 76' lang='grc' dir='ltr'>ῖεραρχίας</span> <span class='ocrx_word' id='word_1_593' title='bbox 737 5012 795 5044; x_wconf 87' lang='grc' dir='ltr'><strong>τε</strong></span> <span class='ocrx_word' id='word_1_594' title='bbox 844 4992 933 5045; x_wconf 82' lang='grc' dir='ltr'><strong>καὶ</strong></span> <span class='ocrx_word' id='word_1_595' title='bbox 985 4989 1425 5065; x_wconf 65' lang='grc' dir='ltr'>διακοσμήσεως,</span> <span class='ocrx_word' id='word_1_596' title='bbox 1454 4993 1486 5047; x_wconf 77' lang='grc' dir='ltr'>ἃ</span> <span class='ocrx_word' id='word_1_597' title='bbox 1519 4994 1570 5055; x_wconf 78' lang='grc' dir='ltr'>ἐς</span> <span class='ocrx_word' id='word_1_598' title='bbox 1604 4994 1823 5071; x_wconf 77' lang='grc' dir='ltr'>ὕστερον</span> 
     </span>
    </p>
   </div>
   <div class='ocr_carea' id='block_1_82' title="bbox 193 5071 1824 5156">
    <p class='ocr_par' dir='ltr' id='par_1_82' title="bbox 193 5071 1824 5156">
     <span class='ocr_line' id='line_1_83' title="bbox 193 5071 1824 5156; baseline 0.007 -30"><span class='ocrx_word' id='word_1_599' title='bbox 193 5071 271 5156; x_wconf 56' lang='grc' dir='ltr'><strong>καί</strong></span> <span class='ocrx_word' id='word_1_600' title='bbox 292 5081 462 5153; x_wconf 84' lang='grc' dir='ltr'>γραφῇ</span> <span class='ocrx_word' id='word_1_601' title='bbox 493 5078 794 5156; x_wconf 83' lang='grc' dir='ltr'>παρεδόθη.</span> <span class='ocrx_word' id='word_1_602' title='bbox 830 5080 1107 5144; x_wconf 68' lang='grc' dir='ltr'>Διονύσιος</span> <span class='ocrx_word' id='word_1_603' title='bbox 1160 5079 1239 5151; x_wconf 72' lang='grc' dir='ltr'>δὲ,</span> <span class='ocrx_word' id='word_1_604' title='bbox 1269 5084 1358 5136; x_wconf 85' lang='grc' dir='ltr'><strong>τὸν</strong></span> <span class='ocrx_word' id='word_1_605' title='bbox 1394 5080 1560 5156; x_wconf 91' lang='grc' dir='ltr'>λόγον</span> <span class='ocrx_word' id='word_1_606' title='bbox 1602 5088 1702 5153; x_wconf 72' lang='grc' dir='ltr'>τῆς</span> <span class='ocrx_word' id='word_1_607' title='bbox 1740 5085 1824 5139; x_wconf 77' lang='grc' dir='ltr'><strong>εὐ-</strong></span> 
     </span>
    </p>
   </div>
   <div class='ocr_carea' id='block_1_83' title="bbox 194 5154 1825 5245">
    <p class='ocr_par' dir='ltr' id='par_1_83' title="bbox 194 5154 1825 5245">
     <span class='ocr_line' id='line_1_84' title="bbox 194 5154 1825 5245; baseline 0.009 -32"><span class='ocrx_word' id='word_1_608' title='bbox 194 5154 382 5245; x_wconf 73' lang='grc' dir='ltr'>σεϐείας</span> <span class='ocrx_word' id='word_1_609' title='bbox 461 5154 731 5240; x_wconf 74' lang='grc' dir='ltr'>λαμπρῶς</span> <span class='ocrx_word' id='word_1_610' title='bbox 807 5169 1355 5245; x_wconf 72' lang='grc' dir='ltr'>παρῥησιασάμενος,</span> <span class='ocrx_word' id='word_1_611' title='bbox 1418 5154 1506 5225; x_wconf 82' lang='grc' dir='ltr'><strong>ἐπὶ</strong></span> <span class='ocrx_word' id='word_1_612' title='bbox 1588 5178 1825 5235; x_wconf 70' lang='grc' dir='ltr'>πολλοῖς</span> 
     </span>
    </p>
   </div>
   <div class='ocr_carea' id='block_1_84' title="bbox 195 5243 1827 5337">
    <p class='ocr_par' dir='ltr' id='par_1_84' title="bbox 195 5243 1827 5337">
     <span class='ocr_line' id='line_1_85' title="bbox 195 5243 1827 5337; baseline 0.011 -38"><span class='ocrx_word' id='word_1_613' title='bbox 195 5243 316 5304; x_wconf 79' lang='grc' dir='ltr'>ἔτεσι</span> <span class='ocrx_word' id='word_1_614' title='bbox 362 5255 496 5309; x_wconf 78' lang='grc' dir='ltr'>κατὰ</span> <span class='ocrx_word' id='word_1_615' title='bbox 541 5258 641 5325; x_wconf 82' lang='grc' dir='ltr'><strong>τήν</strong></span> <span class='ocrx_word' id='word_1_616' title='bbox 701 5260 924 5330; x_wconf 70' lang='grc' dir='ltr'>ἑσπέραν</span> <span class='ocrx_word' id='word_1_617' title='bbox 982 5257 1205 5329; x_wconf 79' lang='grc' dir='ltr'>δοξάσας</span> <span class='ocrx_word' id='word_1_618' title='bbox 1254 5261 1507 5334; x_wconf 80' lang='grc' dir='ltr'>Χριστὸν,</span> <span class='ocrx_word' id='word_1_619' title='bbox 1554 5261 1628 5324; x_wconf 79' lang='grc' dir='ltr'><strong>εἰς</strong></span> <span class='ocrx_word' id='word_1_620' title='bbox 1693 5262 1827 5337; x_wconf 74' lang='grc' dir='ltr'>βαθὺ</span> 
     </span>
    </p>
   </div>
   <div class='ocr_carea' id='block_1_85' title="bbox 199 5340 1829 5425">
    <p class='ocr_par' dir='ltr' id='par_1_85' title="bbox 199 5340 1829 5425">
     <span class='ocr_line' id='line_1_86' title="bbox 199 5340 1829 5425; baseline 0.002 -23"><span class='ocrx_word' id='word_1_621' title='bbox 199 5340 351 5413; x_wconf 76' lang='grc' dir='ltr'>γῆρας</span> <span class='ocrx_word' id='word_1_622' title='bbox 407 5343 581 5413; x_wconf 72' lang='grc' dir='ltr'>ἥκων,</span> <span class='ocrx_word' id='word_1_623' title='bbox 636 5346 725 5399; x_wconf 80' lang='grc' dir='ltr'><strong>καὶ</strong></span> <span class='ocrx_word' id='word_1_624' title='bbox 781 5350 859 5415; x_wconf 79' lang='grc' dir='ltr'>τῷ</span> <span class='ocrx_word' id='word_1_625' title='bbox 919 5350 1051 5423; x_wconf 71' lang='grc' dir='ltr'>ὑπὲρ</span> <span class='ocrx_word' id='word_1_626' title='bbox 1112 5350 1280 5404; x_wconf 83' lang='grc' dir='ltr'>αὐτοῦ</span> <span class='ocrx_word' id='word_1_627' title='bbox 1325 5351 1607 5425; x_wconf 87' lang='grc' dir='ltr'>μαρτυρίῳ</span> <span class='ocrx_word' id='word_1_628' title='bbox 1668 5372 1829 5405; x_wconf 67' lang='grc' dir='ltr'>κατεο</span> 
     </span>
    </p>
   </div>
   <div class='ocr_carea' id='block_1_86' title="bbox 198 5432 1834 5516">
    <p class='ocr_par' dir='ltr' id='par_1_86' title="bbox 198 5432 1834 5516">
     <span class='ocr_line' id='line_1_87' title="bbox 198 5432 1834 5516; baseline 0.01 -39"><span class='ocrx_word' id='word_1_629' title='bbox 198 5432 459 5503; x_wconf 78' lang='grc' dir='ltr'>κοσμήθη.</span> <span class='ocrx_word' id='word_1_630' title='bbox 494 5436 634 5489; x_wconf 82' lang='grc' dir='ltr'>Φασί</span> <span class='ocrx_word' id='word_1_631' title='bbox 684 5432 741 5489; x_wconf 70' lang='grc' dir='ltr'>δὲ</span> <span class='ocrx_word' id='word_1_632' title='bbox 790 5436 976 5504; x_wconf 82' lang='grc' dir='ltr'>αὐτὸν,</span> <span class='ocrx_word' id='word_1_633' title='bbox 1006 5440 1101 5504; x_wconf 70' lang='grc' dir='ltr'>τὴν</span> <span class='ocrx_word' id='word_1_634' title='bbox 1158 5438 1322 5513; x_wconf 73' lang='grc' dir='ltr'>χάραν</span> <span class='ocrx_word' id='word_1_635' title='bbox 1359 5439 1493 5516; x_wconf 82' lang='grc' dir='ltr'>ξίφει</span> <span class='ocrx_word' id='word_1_636' title='bbox 1556 5437 1834 5494; x_wconf 82' lang='grc' dir='ltr'>διακοπεῖ-</span> 
     </span>
    </p>
   </div>
   <div class='ocr_carea' id='block_1_87' title="bbox 200 5517 1825 5599">
    <p class='ocr_par' dir='ltr' id='par_1_87' title="bbox 200 5517 1825 5599">
     <span class='ocr_line' id='line_1_88' title="bbox 200 5517 1825 5599; baseline 0.009 -29"><span class='ocrx_word' id='word_1_637' title='bbox 200 5532 282 5599; x_wconf 49' lang='lat' dir='ltr'><strong>adv</strong></span> <span class='ocrx_word' id='word_1_638' title='bbox 335 5517 430 5575; x_wconf 76' lang='grc' dir='ltr'>ἀνὰ</span> <span class='ocrx_word' id='word_1_639' title='bbox 486 5529 675 5599; x_wconf 81' lang='grc' dir='ltr'>χεῖρας</span> <span class='ocrx_word' id='word_1_640' title='bbox 732 5520 993 5593; x_wconf 73' lang='grc' dir='ltr'>λαϐόντα,</span> <span class='ocrx_word' id='word_1_641' title='bbox 1039 5523 1127 5580; x_wconf 77' lang='grc' dir='ltr'><strong>ἐπὶ</strong></span> <span class='ocrx_word' id='word_1_642' title='bbox 1192 5528 1347 5599; x_wconf 84' lang='grc' dir='ltr'>μίλια</span> <span class='ocrx_word' id='word_1_643' title='bbox 1401 5526 1497 5583; x_wconf 70' lang='grc' dir='ltr'>δύο</span> <span class='ocrx_word' id='word_1_644' title='bbox 1558 5526 1825 5583; x_wconf 88' lang='grc' dir='ltr'>ὁδεῦσαι·</span> 
     </span>
    </p>
   </div>
   <div class='ocr_carea' id='block_1_88' title="bbox 204 5597 1828 5691">
    <p class='ocr_par' dir='ltr' id='par_1_88' title="bbox 204 5597 1828 5691">
     <span class='ocr_line' id='line_1_89' title="bbox 204 5597 1828 5691; baseline 0.008 -30"><span class='ocrx_word' id='word_1_645' title='bbox 204 5597 355 5662; x_wconf 67' lang='grc' dir='ltr'>ξκεῖσε</span> <span class='ocrx_word' id='word_1_646' title='bbox 402 5607 458 5665; x_wconf 76' lang='grc' dir='ltr'>δὲ</span> <span class='ocrx_word' id='word_1_647' title='bbox 508 5597 719 5688; x_wconf 81' lang='grc' dir='ltr'>γυναικὶ</span> <span class='ocrx_word' id='word_1_648' title='bbox 772 5612 1088 5689; x_wconf 79' lang='grc' dir='ltr'>ἐντυχόντα,</span> <span class='ocrx_word' id='word_1_649' title='bbox 1120 5597 1446 5691; x_wconf 81' lang='grc' dir='ltr'>παραθέσθαι</span> <span class='ocrx_word' id='word_1_650' title='bbox 1476 5617 1676 5688; x_wconf 78' lang='grc' dir='ltr'>ταύτην</span> <span class='ocrx_word' id='word_1_651' title='bbox 1735 5618 1828 5674; x_wconf 82' lang='grc' dir='ltr'><strong>αὖ·</strong></span> 
     </span>
    </p>
   </div>
   <div class='ocr_carea' id='block_1_89' title="bbox 202 5692 1827 5782">
    <p class='ocr_par' dir='ltr' id='par_1_89' title="bbox 202 5692 1827 5782">
     <span class='ocr_line' id='line_1_90' title="bbox 202 5692 1827 5782; baseline 0.001 -19"><span class='ocrx_word' id='word_1_652' title='bbox 202 5692 282 5763; x_wconf 64' lang='grc' dir='ltr'><strong>τῇι</strong></span> <span class='ocrx_word' id='word_1_653' title='bbox 328 5698 461 5756; x_wconf 80' lang='grc' dir='ltr'><strong>Ὅσα</strong></span> <span class='ocrx_word' id='word_1_654' title='bbox 501 5723 563 5776; x_wconf 78' lang='grc' dir='ltr'>γι</span> <span class='ocrx_word' id='word_1_655' title='bbox 614 5705 721 5778; x_wconf 74' lang='grc' dir='ltr'>μὴν</span> <span class='ocrx_word' id='word_1_656' title='bbox 767 5703 1138 5780; x_wconf 82' lang='grc' dir='ltr'>συνεγράψατο</span> <span class='ocrx_word' id='word_1_657' title='bbox 1190 5706 1405 5780; x_wconf 80' lang='grc' dir='ltr'>θεωρίᾳ,</span> <span class='ocrx_word' id='word_1_658' title='bbox 1452 5707 1540 5763; x_wconf 81' lang='grc' dir='ltr'><strong>καὶ</strong></span> <span class='ocrx_word' id='word_1_659' title='bbox 1589 5710 1827 5782; x_wconf 71' lang='grc' dir='ltr'>νοήμασι</span> 
     </span>
    </p>
   </div>
   <div class='ocr_carea' id='block_1_90' title="bbox 1931 4457 3591 4531">
    <p class='ocr_par' dir='ltr' id='par_1_90' title="bbox 1931 4457 3591 4531">
     <span class='ocr_line' id='line_1_91' title="bbox 1931 4457 3591 4531; baseline -0.002 -15"><span class='ocrx_word' id='word_1_660' title='bbox 1931 4464 2146 4531; x_wconf 75' lang='lat' dir='ltr'><strong>dignus</strong></span> <span class='ocrx_word' id='word_1_661' title='bbox 2178 4463 2374 4517; x_wconf 90' lang='lat' dir='ltr'><strong>divino</strong></span> <span class='ocrx_word' id='word_1_662' title='bbox 2405 4461 2632 4516; x_wconf 84' lang='lat' dir='ltr'><strong>lavacro</strong></span> <span class='ocrx_word' id='word_1_663' title='bbox 2660 4467 2833 4527; x_wconf 84' lang='lat' dir='ltr'><strong>esset,</strong></span> <span class='ocrx_word' id='word_1_664' title='bbox 2861 4462 2963 4515; x_wconf 85' lang='lat' dir='ltr'><strong>sed</strong></span> <span class='ocrx_word' id='word_1_665' title='bbox 2996 4461 3173 4515; x_wconf 90' lang='lat' dir='ltr'><strong>etiam</strong></span> <span class='ocrx_word' id='word_1_666' title='bbox 3207 4459 3396 4531; x_wconf 85' lang='lat' dir='ltr'><strong>ipsius</strong></span> <span class='ocrx_word' id='word_1_667' title='bbox 3433 4457 3591 4513; x_wconf 83' lang='lat' dir='ltr'><strong>Pauli</strong></span> 
     </span>
    </p>
   </div>
   <div class='ocr_carea' id='block_1_91' title="bbox 1933 4548 3593 4620">
    <p class='ocr_par' dir='ltr' id='par_1_91' title="bbox 1933 4548 3593 4620">
     <span class='ocr_line' id='line_1_92' title="bbox 1933 4548 3593 4620; baseline -0.003 -14"><span class='ocrx_word' id='word_1_668' title='bbox 1933 4552 2207 4606; x_wconf 86' lang='lat' dir='ltr'><strong>manibus</strong></span> <span class='ocrx_word' id='word_1_669' title='bbox 2253 4550 2699 4606; x_wconf 80' lang='lat' dir='ltr'><strong>Atheniensium</strong></span> <span class='ocrx_word' id='word_1_670' title='bbox 2751 4550 3205 4605; x_wconf 86' lang='lat' dir='ltr'><strong>constitueretur</strong></span> <span class='ocrx_word' id='word_1_671' title='bbox 3255 4548 3593 4620; x_wconf 87' lang='lat' dir='ltr'><strong>episcopus,</strong></span> 
     </span>
    </p>
   </div>
   <div class='ocr_carea' id='block_1_92' title="bbox 1934 4638 3593 4712">
    <p class='ocr_par' dir='ltr' id='par_1_92' title="bbox 1934 4638 3593 4712">
     <span class='ocr_line' id='line_1_93' title="bbox 1934 4638 3593 4712; baseline -0.002 -17"><span class='ocrx_word' id='word_1_672' title='bbox 1934 4639 2200 4695; x_wconf 80' lang='lat' dir='ltr'><strong>miriﬁcis</strong></span> <span class='ocrx_word' id='word_1_673' title='bbox 2224 4657 2463 4712; x_wconf 88' lang='lat' dir='ltr'><strong>prorsus</strong></span> <span class='ocrx_word' id='word_1_674' title='bbox 2487 4646 2663 4710; x_wconf 87' lang='lat' dir='ltr'><strong>atque</strong></span> <span class='ocrx_word' id='word_1_675' title='bbox 2685 4639 2900 4693; x_wconf 90' lang='lat' dir='ltr'><strong>divinis</strong></span> <span class='ocrx_word' id='word_1_676' title='bbox 2924 4638 3387 4693; x_wconf 87' lang='lat' dir='ltr'><strong>charismatibus</strong></span> <span class='ocrx_word' id='word_1_677' title='bbox 3410 4643 3465 4692; x_wconf 91' lang='lat' dir='ltr'><strong>et</strong></span> <span class='ocrx_word' id='word_1_678' title='bbox 3488 4638 3593 4691; x_wconf 91' lang='lat' dir='ltr'><strong>do-</strong></span> 
     </span>
    </p>
   </div>
   <div class='ocr_carea' id='block_1_93' title="bbox 1935 4725 3592 4801">
    <p class='ocr_par' dir='ltr' id='par_1_93' title="bbox 1935 4725 3592 4801">
     <span class='ocr_line' id='line_1_94' title="bbox 1935 4725 3592 4801; baseline -0.002 -17"><span class='ocrx_word' id='word_1_679' title='bbox 1935 4730 2023 4784; x_wconf 86' lang='lat' dir='ltr'><strong>nis</strong></span> <span class='ocrx_word' id='word_1_680' title='bbox 2056 4728 2319 4801; x_wconf 90' lang='lat' dir='ltr'><strong>polleret,</strong></span> <span class='ocrx_word' id='word_1_681' title='bbox 2353 4731 2570 4783; x_wconf 83' lang='lat' dir='ltr'><strong>viveret</strong></span> <span class='ocrx_word' id='word_1_682' title='bbox 2614 4728 2789 4783; x_wconf 88' lang='lat' dir='ltr'><strong>etiam</strong></span> <span class='ocrx_word' id='word_1_683' title='bbox 2840 4727 3193 4782; x_wconf 81' lang='lat' dir='ltr'><strong>familiarius</strong></span> <span class='ocrx_word' id='word_1_684' title='bbox 3227 4744 3360 4780; x_wconf 90' lang='lat' dir='ltr'><strong>cum</strong></span> <span class='ocrx_word' id='word_1_685' title='bbox 3395 4725 3592 4781; x_wconf 90' lang='lat' dir='ltr'><strong>divino</strong></span> 
     </span>
    </p>
   </div>
   <div class='ocr_carea' id='block_1_94' title="bbox 1934 4812 3592 4887">
    <p class='ocr_par' dir='ltr' id='par_1_94' title="bbox 1934 4812 3592 4887">
     <span class='ocr_line' id='line_1_95' title="bbox 1934 4812 3592 4887; baseline -0.004 -14"><span class='ocrx_word' id='word_1_686' title='bbox 1934 4820 2055 4873; x_wconf 90' lang='lat' dir='ltr'><strong>viro</strong></span> <span class='ocrx_word' id='word_1_687' title='bbox 2087 4818 2433 4873; x_wconf 87' lang='lat' dir='ltr'><strong>Hierotheo:</strong></span> <span class='ocrx_word' id='word_1_688' title='bbox 2471 4833 2718 4887; x_wconf 90' lang='lat' dir='ltr'><strong>quorum</strong></span> <span class='ocrx_word' id='word_1_689' title='bbox 2755 4817 2989 4886; x_wconf 90' lang='lat' dir='ltr'><strong>utrique</strong></span> <span class='ocrx_word' id='word_1_690' title='bbox 3021 4833 3112 4870; x_wconf 92' lang='lat' dir='ltr'><strong>res</strong></span> <span class='ocrx_word' id='word_1_691' title='bbox 3144 4830 3415 4869; x_wconf 87' lang='lat' dir='ltr'><strong>summas</strong></span> <span class='ocrx_word' id='word_1_692' title='bbox 3449 4812 3592 4867; x_wconf 90' lang='lat' dir='ltr'><strong>Pau-</strong></span> 
     </span>
    </p>
   </div>
   <div class='ocr_carea' id='block_1_95' title="bbox 1934 4902 3589 4975">
    <p class='ocr_par' dir='ltr' id='par_1_95' title="bbox 1934 4902 3589 4975">
     <span class='ocr_line' id='line_1_96' title="bbox 1934 4902 3589 4975; baseline -0.003 -14"><span class='ocrx_word' id='word_1_693' title='bbox 1934 4907 2050 4973; x_wconf 90' lang='lat' dir='ltr'><strong>lus,</strong></span> <span class='ocrx_word' id='word_1_694' title='bbox 2084 4912 2148 4960; x_wconf 90' lang='lat' dir='ltr'><strong>ut</strong></span> <span class='ocrx_word' id='word_1_695' title='bbox 2178 4922 2276 4962; x_wconf 86' lang='lat' dir='ltr'><strong>eas</strong></span> <span class='ocrx_word' id='word_1_696' title='bbox 2308 4908 2366 4960; x_wconf 90' lang='lat' dir='ltr'><strong>in</strong></span> <span class='ocrx_word' id='word_1_697' title='bbox 2400 4908 2639 4961; x_wconf 79' lang='lat' dir='ltr'><strong>tertium</strong></span> <span class='ocrx_word' id='word_1_698' title='bbox 2683 4921 2869 4975; x_wconf 88' lang='lat' dir='ltr'><strong>usque</strong></span> <span class='ocrx_word' id='word_1_699' title='bbox 2914 4904 3122 4959; x_wconf 66' lang='lat' dir='ltr'><strong>caelum</strong></span> <span class='ocrx_word' id='word_1_700' title='bbox 3157 4910 3213 4957; x_wconf 90' lang='lat' dir='ltr'><strong>et</strong></span> <span class='ocrx_word' id='word_1_701' title='bbox 3245 4902 3589 4972; x_wconf 89' lang='lat' dir='ltr'><strong>paradisum</strong></span> 
     </span>
    </p>
   </div>
   <div class='ocr_carea' id='block_1_96' title="bbox 1937 4989 3590 5066">
    <p class='ocr_par' dir='ltr' id='par_1_96' title="bbox 1937 4989 3590 5066">
     <span class='ocr_line' id='line_1_97' title="bbox 1937 4989 3590 5066; baseline -0.002 -16"><span class='ocrx_word' id='word_1_702' title='bbox 1937 4997 2131 5066; x_wconf 89' lang='lat' dir='ltr'><strong>ipsum</strong></span> <span class='ocrx_word' id='word_1_703' title='bbox 2175 5001 2375 5064; x_wconf 88' lang='lat' dir='ltr'><strong>raplus</strong></span> <span class='ocrx_word' id='word_1_704' title='bbox 2417 4995 2726 5061; x_wconf 90' lang='lat' dir='ltr'><strong>didicerat,</strong></span> <span class='ocrx_word' id='word_1_705' title='bbox 2760 4993 3143 5055; x_wconf 83' lang='lat' dir='ltr'><strong>concredidit,</strong></span> <span class='ocrx_word' id='word_1_706' title='bbox 3176 4998 3233 5046; x_wconf 90' lang='lat' dir='ltr'><strong>et</strong></span> <span class='ocrx_word' id='word_1_707' title='bbox 3264 4992 3341 5044; x_wconf 84' lang='lat' dir='ltr'><strong>de</strong></span> <span class='ocrx_word' id='word_1_708' title='bbox 3365 4989 3590 5046; x_wconf 91' lang='lat' dir='ltr'><strong>theolo-</strong></span> 
     </span>
    </p>
   </div>
   <div class='ocr_carea' id='block_1_97' title="bbox 1936 5079 3592 5157">
    <p class='ocr_par' dir='ltr' id='par_1_97' title="bbox 1936 5079 3592 5157">
     <span class='ocr_line' id='line_1_98' title="bbox 1936 5079 3592 5157; baseline -0.004 -18"><span class='ocrx_word' id='word_1_709' title='bbox 1936 5086 2051 5157; x_wconf 84' lang='lat' dir='ltr'><strong>gia,</strong></span> <span class='ocrx_word' id='word_1_710' title='bbox 2090 5085 2307 5154; x_wconf 90' lang='lat' dir='ltr'><strong>Deique</strong></span> <span class='ocrx_word' id='word_1_711' title='bbox 2339 5085 2493 5138; x_wconf 91' lang='lat' dir='ltr'><strong>verbi</strong></span> <span class='ocrx_word' id='word_1_712' title='bbox 2531 5084 2753 5139; x_wconf 78' lang='lat' dir='ltr'><strong>ratione</strong></span> <span class='ocrx_word' id='word_1_713' title='bbox 2787 5083 3031 5147; x_wconf 84' lang='lat' dir='ltr'><strong>scilicet,</strong></span> <span class='ocrx_word' id='word_1_714' title='bbox 3067 5098 3171 5135; x_wconf 89' lang='lat' dir='ltr'><strong>nec</strong></span> <span class='ocrx_word' id='word_1_715' title='bbox 3206 5097 3319 5135; x_wconf 90' lang='lat' dir='ltr'><strong>non</strong></span> <span class='ocrx_word' id='word_1_716' title='bbox 3370 5079 3592 5135; x_wconf 77' lang='lat' dir='ltr'><strong>cmlesti</strong></span> 
     </span>
    </p>
   </div>
   <div class='ocr_carea' id='block_1_98' title="bbox 1938 5167 3595 5242">
    <p class='ocr_par' dir='ltr' id='par_1_98' title="bbox 1938 5167 3595 5242">
     <span class='ocr_line' id='line_1_99' title="bbox 1938 5167 3595 5242; baseline -0.004 -13"><span class='ocrx_word' id='word_1_717' title='bbox 1938 5174 2265 5229; x_wconf 86' lang='lat' dir='ltr'><strong>hierarchia</strong></span> <span class='ocrx_word' id='word_1_718' title='bbox 2300 5189 2612 5242; x_wconf 83' lang='lat' dir='ltr'><strong>rerumque</strong></span> <span class='ocrx_word' id='word_1_719' title='bbox 2644 5171 2968 5226; x_wconf 82' lang='lat' dir='ltr'><strong>caelestium</strong></span> <span class='ocrx_word' id='word_1_720' title='bbox 3002 5167 3449 5225; x_wconf 89' lang='lat' dir='ltr'><strong>absolutissima</strong></span> <span class='ocrx_word' id='word_1_721' title='bbox 3479 5168 3595 5223; x_wconf 86' lang='lat' dir='ltr'><strong>dis-</strong></span> 
     </span>
    </p>
   </div>
   <div class='ocr_carea' id='block_1_99' title="bbox 1939 5257 3592 5336">
    <p class='ocr_par' dir='ltr' id='par_1_99' title="bbox 1939 5257 3592 5336">
     <span class='ocr_line' id='line_1_100' title="bbox 1939 5257 3592 5336; baseline -0.004 -17"><span class='ocrx_word' id='word_1_722' title='bbox 1939 5264 2227 5336; x_wconf 76' lang='lat' dir='ltr'><strong>positione</strong></span> <span class='ocrx_word' id='word_1_723' title='bbox 2258 5269 2433 5332; x_wconf 87' lang='lat' dir='ltr'><strong>atquc</strong></span> <span class='ocrx_word' id='word_1_724' title='bbox 2465 5262 2854 5329; x_wconf 87' lang='lat' dir='ltr'><strong>ordinatione,</strong></span> <span class='ocrx_word' id='word_1_725' title='bbox 2883 5276 3032 5331; x_wconf 87' lang='lat' dir='ltr'><strong>quas</strong></span> <span class='ocrx_word' id='word_1_726' title='bbox 3065 5275 3155 5313; x_wconf 91' lang='lat' dir='ltr'><strong>res</strong></span> <span class='ocrx_word' id='word_1_727' title='bbox 3188 5265 3387 5329; x_wconf 84' lang='lat' dir='ltr'><strong>postea</strong></span> <span class='ocrx_word' id='word_1_728' title='bbox 3417 5257 3592 5312; x_wconf 90' lang='lat' dir='ltr'><strong>etiam</strong></span> 
     </span>
    </p>
   </div>
   <div class='ocr_carea' id='block_1_100' title="bbox 1938 5347 3594 5424">
    <p class='ocr_par' dir='ltr' id='par_1_100' title="bbox 1938 5347 3594 5424">
     <span class='ocr_line' id='line_1_101' title="bbox 1938 5347 3594 5424; baseline -0.003 -17"><span class='ocrx_word' id='word_1_729' title='bbox 1938 5354 1996 5407; x_wconf 91' lang='lat' dir='ltr'><strong>in</strong></span> <span class='ocrx_word' id='word_1_730' title='bbox 2030 5353 2253 5424; x_wconf 87' lang='lat' dir='ltr'><strong>scripta</strong></span> <span class='ocrx_word' id='word_1_731' title='bbox 2275 5350 2494 5407; x_wconf 89' lang='lat' dir='ltr'><strong>retulit.</strong></span> <span class='ocrx_word' id='word_1_732' title='bbox 2521 5350 2833 5423; x_wconf 80' lang='lat' dir='ltr'><strong>Dionysius</strong></span> <span class='ocrx_word' id='word_1_733' title='bbox 2861 5366 3055 5421; x_wconf 87' lang='lat' dir='ltr'><strong>porro,</strong></span> <span class='ocrx_word' id='word_1_734' title='bbox 3083 5349 3325 5404; x_wconf 89' lang='lat' dir='ltr'><strong>verbum</strong></span> <span class='ocrx_word' id='word_1_735' title='bbox 3359 5347 3594 5418; x_wconf 86' lang='lat' dir='ltr'><strong>pietatis</strong></span> 
     </span>
    </p>
   </div>
   <div class='ocr_carea' id='block_1_101' title="bbox 1937 5438 3594 5512">
    <p class='ocr_par' dir='ltr' id='par_1_101' title="bbox 1937 5438 3594 5512">
     <span class='ocr_line' id='line_1_102' title="bbox 1937 5438 3594 5512; baseline -0.002 -18"><span class='ocrx_word' id='word_1_736' title='bbox 1937 5443 2177 5512; x_wconf 71' lang='lat' dir='ltr'><strong>v‘brique</strong></span> <span class='ocrx_word' id='word_1_737' title='bbox 2208 5441 2403 5495; x_wconf 90' lang='lat' dir='ltr'><strong>cultus</strong></span> <span class='ocrx_word' id='word_1_738' title='bbox 2433 5440 2745 5511; x_wconf 86' lang='lat' dir='ltr'><strong>magniﬁce</strong></span> <span class='ocrx_word' id='word_1_739' title='bbox 2779 5438 3174 5510; x_wconf 71' lang='lat' dir='ltr'><strong>praadicando,</strong></span> <span class='ocrx_word' id='word_1_740' title='bbox 3200 5452 3415 5508; x_wconf 85' lang='lat' dir='ltr'><strong>magna</strong></span> <span class='ocrx_word' id='word_1_741' title='bbox 3448 5452 3594 5491; x_wconf 87' lang='lat' dir='ltr'><strong>usus</strong></span> 
     </span>
    </p>
   </div>
   <div class='ocr_carea' id='block_1_102' title="bbox 1940 5524 3598 5599">
    <p class='ocr_par' dir='ltr' id='par_1_102' title="bbox 1940 5524 3598 5599">
     <span class='ocr_line' id='line_1_103' title="bbox 1940 5524 3598 5599; baseline -0.004 -14"><span class='ocrx_word' id='word_1_742' title='bbox 1940 5537 2030 5585; x_wconf 89' lang='lat' dir='ltr'><strong>est</strong></span> <span class='ocrx_word' id='word_1_743' title='bbox 2061 5529 2348 5594; x_wconf 87' lang='lat' dir='ltr'><strong>libertate,</strong></span> <span class='ocrx_word' id='word_1_744' title='bbox 2372 5528 2707 5599; x_wconf 89' lang='lat' dir='ltr'><strong>muItosque</strong></span> <span class='ocrx_word' id='word_1_745' title='bbox 2730 5544 2917 5583; x_wconf 89' lang='lat' dir='ltr'><strong>annos</strong></span> <span class='ocrx_word' id='word_1_746' title='bbox 2947 5527 3006 5582; x_wconf 89' lang='lat' dir='ltr'><strong>in</strong></span> <span class='ocrx_word' id='word_1_747' title='bbox 3036 5527 3302 5598; x_wconf 89' lang='lat' dir='ltr'><strong>partibus</strong></span> <span class='ocrx_word' id='word_1_748' title='bbox 3328 5524 3598 5581; x_wconf 89' lang='lat' dir='ltr'><strong>occiden-</strong></span> 
     </span>
    </p>
   </div>
   <div class='ocr_carea' id='block_1_103' title="bbox 1939 5611 3597 5690">
    <p class='ocr_par' dir='ltr' id='par_1_103' title="bbox 1939 5611 3597 5690">
     <span class='ocr_line' id='line_1_104' title="bbox 1939 5611 3597 5690; baseline -0.004 -15"><span class='ocrx_word' id='word_1_749' title='bbox 1939 5618 2159 5675; x_wconf 86' lang='lat' dir='ltr'><strong>talibus</strong></span> <span class='ocrx_word' id='word_1_750' title='bbox 2189 5617 2488 5674; x_wconf 90' lang='lat' dir='ltr'><strong>Cbristum</strong></span> <span class='ocrx_word' id='word_1_751' title='bbox 2534 5617 2894 5690; x_wconf 82' lang='lat' dir='ltr'><strong>gloriﬁcans,</strong></span> <span class='ocrx_word' id='word_1_752' title='bbox 2927 5616 2993 5672; x_wconf 90' lang='lat' dir='ltr'><strong>sd</strong></span> <span class='ocrx_word' id='word_1_753' title='bbox 3030 5616 3278 5671; x_wconf 89' lang='lat' dir='ltr'><strong>multam</strong></span> <span class='ocrx_word' id='word_1_754' title='bbox 3328 5611 3597 5686; x_wconf 86' lang='lat' dir='ltr'><strong>pervenit</strong></span> 
     </span>
    </p>
   </div>
   <div class='ocr_carea' id='block_1_104' title="bbox 1942 5700 3593 5780">
    <p class='ocr_par' dir='ltr' id='par_1_104' title="bbox 1942 5700 3593 5780">
     <span class='ocr_line' id='line_1_105' title="bbox 1942 5700 3593 5780; baseline -0.006 -14"><span class='ocrx_word' id='word_1_755' title='bbox 1942 5713 2324 5775; x_wconf 87' lang='lat' dir='ltr'><strong>senectutem,</strong></span> <span class='ocrx_word' id='word_1_756' title='bbox 2357 5713 2416 5763; x_wconf 91' lang='lat' dir='ltr'><strong>et</strong></span> <span class='ocrx_word' id='word_1_757' title='bbox 2444 5723 2549 5779; x_wconf 92' lang='lat' dir='ltr'><strong>pro</strong></span> <span class='ocrx_word' id='word_1_758' title='bbox 2595 5707 2724 5780; x_wconf 91' lang='lat' dir='ltr'><strong>ipso</strong></span> <span class='ocrx_word' id='word_1_759' title='bbox 2756 5706 3020 5779; x_wconf 81' lang='lat' dir='ltr'><strong>martyrii</strong></span> <span class='ocrx_word' id='word_1_760' title='bbox 3051 5720 3267 5762; x_wconf 89' lang='lat' dir='ltr'><strong>corona</strong></span> <span class='ocrx_word' id='word_1_761' title='bbox 3296 5706 3387 5759; x_wconf 87' lang='lat' dir='ltr'><strong>est</strong></span> <span class='ocrx_word' id='word_1_762' title='bbox 3416 5700 3593 5759; x_wconf 88' lang='lat' dir='ltr'><strong>coho-</strong></span> 
     </span>
    </p>
   </div>
  </div>
