4020 6358
449 382 557 436 615

1677 381 1736 434 S.
1775 377 2096 434 DIONYSII
2135 378 2635 436 ARROPAGITE.
3748 383 3844 438 616

455 510 747 564 nestatus.
798 505 1015 560 Ferunt
1063 507 1258 560 autem
1309 519 1467 570 eum,
1500 506 1678 574 caput
1723 516 1916 565 suum,
1949 501 2107 573 quod

2219 499 2310 554 καὶ
2367 502 2556 576 φράσει
2610 500 2788 576 ἐξόχῳ
2818 499 3016 572 πάντη,
3046 501 3139 556 καὶ
3171 501 3364 576 ἀμιγιῖ
3406 505 3548 571 ταῖς,
3582 501 3698 557 ὅσαι
3747 507 3850 560 κατ’

452 597 650 670 gladio
666 598 955 650 resectum
975 594 1185 659 fuerat,
1201 593 1258 647 in
1282 593 1556 648 manibus
1574 595 1872 664 gerentem
1896 591 1968 645 ad
1991 591 2109 646 duo

452 686 638 742 millia
686 699 974 756 passuum
1022 683 1231 738 tulisse
1264 698 1276 736 :
1312 682 1510 754 ibique
1542 682 1620 751 id,
1655 682 1714 735 in
1750 697 1927 752 quam
1960 679 2107 736 inci-

454 777 638 844 derat,
665 773 898 829 mulieri
935 779 1216 844 tanquam
1248 773 1582 843 depositum
1615 771 1950 826 tradidisse.
1973 773 2109 835 Qum

453 869 650 920 autem
683 862 782 918 ille
812 862 1054 935 scripta,
1086 859 1326 917 sublimi
1377 876 1569 915 rerum
1604 860 1937 914 divinarum
1971 875 2109 915 con-

450 952 857 1024 templatione,
908 951 1219 1007 sententiis
1271 955 1328 1004 et
1376 949 1702 1005 elocutione
1760 949 2111 1004 admiranda

453 1059 695 1114 prorsus
747 1046 805 1096 et
851 1040 1211 1106 excellentia,
1245 1039 1533 1110 longeque
1583 1039 1655 1092 ab
1704 1038 1776 1092 iis
1833 1054 1959 1109 quae
2005 1055 2109 1110 pro

453 1131 760 1187 hominum
785 1135 953 1202 captu
978 1130 1135 1184 edita
1159 1129 1559 1196 sunt,dissita,
1585 1126 2000 1198 composuerit,
2025 1128 2111 1182 sic

451 1238 514 1276 se
537 1221 758 1275 habent
783 1237 796 1274 :
824 1219 1085 1272 Primum
1113 1217 1350 1288 quidem
1377 1233 1524 1288 Opus
1548 1218 1621 1270 De
1640 1215 1847 1270 divinis
1865 1216 2108 1270 nomini-

457 1311 554 1365 bus
586 1307 959 1380 conscripsit,
989 1307 1266 1362 tredecim
1296 1305 1589 1377 capitibus
1615 1306 1724 1376 (52)
1751 1322 1764 1360 :
1796 1304 1856 1359 in
1890 1321 2006 1377 quo
2038 1305 2109 1361 ad

454 1403 690 1454 centum
716 1413 946 1469 quoque
976 1395 1088 1451 alia
1119 1395 1314 1467 capita
1346 1399 1481 1449 sunt
1507 1395 1738 1465 adjecta
1769 1394 1983 1449 divinae
2015 1411 2111 1448 sa-

452 1487 684 1560 pientize
737 1486 928 1558 plena.
961 1486 1265 1541 Secundus
1298 1486 1369 1539 ab
1412 1501 1477 1539 eo
1521 1484 1668 1538 liber
1715 1482 1967 1555 scriptus
1998 1488 2109 1554 est,

453 1578 546 1633 cui
580 1577 732 1634 358
768 1576 1008 1630 titulum
1038 1575 1174 1630 fecit
1206 1578 1286 1630 De
1311 1575 1514 1628 caelesti
1543 1573 1893 1637 hierarchia,
1919 1571 2113 1642 capita

452 1666 679 1722 habens
712 1665 1067 1738 quindecim.
1096 1664 1330 1720 Tertius
1360 1665 1436 1719 De
1473 1663 1847 1718 ecclesiastica
1885 1662 2110 1717 hierar-

450 1756 605 1821 chia,
640 1755 900 1826 capitum
926 1759 1170 1824 septem-
1197 1754 1451 1816 Quartus
1475 1754 1548 1806 De
1577 1768 1784 1806 arcana
1803 1766 1899 1805 seu
1920 1751 2114 1822 mysti-

451 1861 520 1900 ca
550 1845 850 1912 theologia,
885 1843 1143 1912 quinque
1175 1841 1461 1913 capitum.
1497 1840 1757 1911 Reliquit
1786 1839 1961 1894 etiam
1997 1839 2113 1911 epi-

454 1933 632 1989 stolas
664 1933 889 2000 decem,
918 1947 1173 2002 quarum
1205 1935 1502 2000 postrema
1533 1927 1902 1998 evangelista:
1932 1932 2109 1983 Joan-

454 2022 536 2088 ni,
570 2020 672 2092 qui
706 2037 884 2091 supra
917 2025 1118 2089 pectus
1148 2018 1381 2074 Domini
1426 2018 1715 2087 recubuit,
1748 2022 1838 2072 est
1869 2017 2108 2088 scripta.

451 2115 643 2181 Atque
674 2109 796 2164 hinc
827 2109 1063 2179 quidem
1106 2109 1236 2177 ejus
1277 2107 1500 2178 scripta
1529 2106 1700 2161 hodie
1732 2122 1962 2176 quoque
1993 2106 2108 2161 cir-

452 2201 886 2254 cumferuntur.
918 2203 1048 2268 Ipse
1070 2203 1268 2251 autem
1296 2196 1544 2250 aliarum
1571 2211 1802 2266 quoque
1832 2194 2108 2249 lucubra-

451 2287 679 2341 tionum
716 2301 958 2340 suarum
993 2285 1353 2339 mentionem
1390 2283 1546 2350 facit,
1577 2283 1780 2354 quales
1812 2287 1952 2338 sunt
1982 2299 2106 2352 quis

2142 1890 2190 1954 B

2220 588 2538 664 ἀνθρώπους
2596 589 2888 664 ἐφάνησαν,
2945 593 3140 644 τοῦτον
3229 587 3419 666 ἔχουσι
3485 590 3575 645 τὸν
3627 593 3845 666 τρόπον·

2220 683 2442 754 Πρῶτον
2490 680 2583 752 μὶν
2617 679 2747 756 Περὶ
2779 679 2937 734 θείων
2982 679 3265 753 ὀνομάτων
3329 679 3495 756 λόγον
3548 683 3846 737 συντάττει·

2219 765 2527 842 ἐνῷἓτερα
2574 767 2841 846 κεφάλαια
2894 769 3246 824 ὑποτέτακται
3309 767 3440 845 ἄχρι
3495 773 3602 824 τῶν
3664 773 3704 847 ρ’
3731 793 3849 847 προ-

2215 857 2371 911 ’ἰόντα
2428 857 2712 929 θεοσοφίας
2772 857 2961 930 μεστά.
3017 859 3273 933 Δεύτερος
3334 857 3480 929 αὖτῷ
3533 858 3850 915 συντὶτακται

2219 945 2349 1020 Περὶ
2395 949 2492 1015 τῆς
2526 945 2784 1019 οὐρανίου
2815 948 3100 1023 ἱεραρχίας
3163 944 3306 1023 ἔχων
3360 946 3663 1024 ἰπιγραφὴν
3703 951 3852 1025 κεφά-

2221 1035 2350 1092 λαια
2399 1038 2457 1091 ιε’
2487 1032 2944 1112 προϐαλλόμενος
2979 1057 2991 1068 ·
3025 1039 3209 1113 τρίτος
3265 1037 3351 1092 ἐπὶ
3407 1038 3623 1100 τούτοις
3671 1040 3697 1094 ὁ
3738 1042 3850 1116 Περὶ

2218 1133 2320 1196 τῆς
2368 1125 2829 1196 ἐκκλησιαστικῆς
2878 1127 3164 1203 ἱεραρχίας
3220 1126 3272 1182 ἐν
3321 1125 3642 1206 κεφαλαίοις
3689 1130 3847 1183 ἑπτά·

2219 1216 2474 1286 τέταρτος
2522 1217 2550 1270 ὁ
2582 1216 2710 1292 Περὶ
2752 1224 3014 1289 μυστικῆς
3046 1215 3328 1292 θεολογίας
3378 1216 3428 1272 ἐν
3471 1216 3774 1295 κεφαλαίοις
3803 1219 3849 1272 ι’.

2220 1304 2321 1360 Καὶ
2352 1303 2637 1360 ἐπιστολαὶ
2671 1303 2819 1375 δέκα,
2853 1307 2925 1360 ὧν
2958 1309 2994 1375 ἡ
3024 1303 3305 1361 τελευταία
3331 1311 3409 1378 τῷ
3450 1305 3747 1378 ἐπιστηθίῳ
3773 1308 3851 1360 καὶ

2221 1393 2578 1470 εὖαγγελιστῇ
2612 1393 2832 1466 Ἰωάννῃ
2881 1394 3104 1465 ἐστάλη.
3136 1400 3312 1450 Ταῦτα
3361 1396 3456 1468 μὶν
3498 1395 3568 1450 τὰ
3615 1395 3666 1450 ἐς
3717 1392 3851 1468 δεῦρο

2221 1485 2358 1556 ἡμῖν
2391 1481 2754 1559 ἐμφερόμενα.
2786 1488 2841 1536 Ὁ
2866 1480 2913 1538 δ’
2939 1482 3098 1545 αὐτὸς
3145 1484 3234 1538 καὶ
3286 1484 3482 1558 ἑτέρων
3531 1482 3692 1538 αὐτοῦ
3731 1504 3849 1554 πρα-

2221 1575 2498 1645 γματειῶν
2536 1573 2761 1645 μνήμην
2791 1578 3052 1644 ποιεῖται,
3081 1574 3156 1627 ὧν
3211 1573 3307 1646 μία
3335 1574 3390 1627 αἱ
3416 1579 3543 1648 παρ’
3572 1572 3714 1644 αὐτῷ
3743 1579 3849 1626 Θεο-

2221 1658 2440 1736 λογικαὶ
2509 1661 2880 1724 ὑποτυπώσιις
2940 1661 3346 1736 ὀνομασθεῖσαι,
3396 1662 3431 1731 ἥ
3489 1683 3551 1717 τε
3606 1656 3854 1735 Συμϐολι-

2221 1751 2291 1819 κή
2350 1748 2646 1825 Θεολογία·
2707 1751 2859 1826 ὲτέρα
2909 1753 2944 1820 ἡ
3005 1752 3134 1825 Περὶ
3191 1756 3300 1806 τῶν
3371 1749 3682 1826 ἀγγελικῶν
3733 1747 3851 1804 ἰδιο-

2219 1840 2398 1908 τήτων
2465 1839 2554 1892 καὶ
2622 1837 2840 1910 τάξεων,
2891 1838 2926 1908 ἥ
2977 1859 3036 1894 τε
3093 1838 3223 1914 Περὶ
3287 1843 3472 1914 ψυχῆς
3535 1839 3681 1907 αὐτῷ
3734 1859 3850 1913 πρα-

2219 1926 2449 2003 γματεία
2482 1947 2493 1960 ·
2544 1927 2699 2001 ὲτὲρα
2748 1929 2783 1996 ἡ
2836 1927 2966 2001 Περὶ
3039 1925 3249 1983 δικαίου
3310 1930 3398 1982 καὶ
3452 1927 3603 1982 θείου
3661 1926 3853 1981 δικαιω-

2218 2015 2432 2090 τηρίου,
2491 2015 2581 2069 καὶ
2629 2018 2663 2084 ἡ
2717 2017 2842 2089 Περὶ
2893 2022 3001 2072 τῶν
3076 2016 3234 2071 θείων
3285 2017 3471 2090 ὕμνων
3535 2017 3727 2092 ἒτὲρα’
3782 2016 3853 2070 καὶ

2219 2101 2364 2174 ἄλλη
2400 2102 2530 2179 Περὶ
2578 2108 2792 2174 νοητῶν
2835 2125 2893 2159 τε
2939 2105 3030 2159 καὶ
3083 2104 3378 2175 αἰσθητῶν.
3412 2107 3483 2161 Αἳ
3540 2103 3609 2175 δὴ
3636 2125 3856 2180 πραγμα-

2216 2197 2353 2246 τεῖαι
2387 2191 2720 2246 παντάπασιν
2769 2193 3101 2268 ἀθεώρητοι,
3134 2195 3377 2266 καθάπαξ
3429 2196 3562 2268 μήθ’
3593 2197 3744 2268 ἡμῖν,
3773 2196 3856 2267 μή·

2215 2302 2274 2335 τε
2302 2286 2417 2343 τοῖς
2452 2281 2557 2357 πρὸ
2587 2285 2746 2354 ἡμῶν
2775 2285 3155 2358 γνωρισθεῖσαι

451 2375 523 2431 ab
555 2392 621 2431 eo
651 2375 984 2442 Theologicae
1012 2373 1404 2444 dispositiones
1434 2377 1576 2428 sunt
1607 2373 1938 2428 nominatis.
1971 2373 2111 2427 Item
2142 2371 2461 2443 Symbolica
2503 2372 2811 2442 Theologia,
2847 2382 3124 2446 praeterea
3152 2375 3228 2430 De
3255 2373 3542 2444 Angelicis
3571 2375 3826 2445 praprieta

450 2466 594 2520 tibus
622 2471 674 2520 et
701 2463 1004 2519 ordinibus.
1033 2463 1504 2519 Commentarius
1531 2465 1605 2518 De
1635 2464 1856 2522 anima:
1892 2463 1962 2515 De
1977 2463 2134 2532 justo
2162 2466 2216 2516 et
2245 2462 2436 2516 divino
2467 2462 2713 2534 judicio,-
2746 2464 2818 2518 De
2847 2463 3056 2519 divinis
3087 2466 3327 2536 hymnis.
3359 2467 3501 2520 Item
3537 2465 3614 2519 De
3645 2466 3713 2519 iis
3749 2476 3851 2534 qua:

449 2552 545 2607 vel
572 2552 947 2624 intelligentia
977 2553 1064 2608 vel
1083 2568 1246 2607 sensu
1274 2551 1771 2624 deprehenduntur.
1792 2550 2211 2607 Commentarii
2239 2556 2432 2606 autem
2465 2551 2560 2607 isti
2593 2552 2832 2607 omnino
2858 2551 2964 2608 visi
2996 2569 3111 2608 non
3145 2557 3285 2610 sunt
3306 2552 3442 2624 (53),
3466 2568 3654 2624 neque
3681 2551 3849 2616 nobis,

458 2658 650 2714 neque
682 2643 754 2697 iis
785 2643 886 2713 qui
919 2648 1053 2697 ante
1084 2658 1192 2697 nos
1219 2643 1481 2707 fuerunt,
1514 2641 1751 2713 cogniti.

2227 2794 2284 2848 in
2318 2793 2598 2867 Vaticana
2630 2793 2990 2850 Bibliotheca
3039 2811 3142 2851 nec
3193 2795 3426 2867 uspiam
3478 2793 3599 2850 alia
3644 2789 3858 2865 reperiri

523 2795 637 2866 (52)
671 2795 938 2868 lntellige
970 2796 1042 2852 de
1073 2813 1172 2868 sex
1216 2794 1422 2866 primis
1467 2793 1757 2868 capitibus
1786 2792 1845 2868 in
1878 2798 2114 2849 centum

2229 2868 2449 2937 scripta
2478 2866 2537 2921 S.
2578 2867 2854 2940 Dionysii.

453 2865 747 2923 sectibnes
779 2865 1007 2936 divisis,
1041 2867 1198 2922 sicut
1218 2865 1428 2922 monet
1461 2883 1570 2921 ms.
1604 2865 1945 2938 Dionysian.

525 2939 644 3008 (53)
676 2940 759 2994 Ad
794 2956 887 2995 me
928 2955 1159 3009 quoque
1210 2939 1395 2993 Roma
1446 2939 1831 3010 perscriptum
1869 2940 1976 3006 est,
2011 2953 2117 2992 nec

1071 3230 1454 3292 ALOYSIUS
1501 3227 1926 3291 EPISCOPUS
1971 3229 2472 3290 VERONENSIS
2519 3230 2868 3290 CANDIDO
2913 3229 3270 3291 LECTORI.

529 3389 744 3466 Pra’ter
765 3404 830 3443 ea
861 3403 989 3466 quae
1017 3397 1070 3466 te
1197 3403 1487 3466 sacrarum
1505 3386 1838 3466 litterarum
1867 3384 2049 3466 studia
2082 3384 2340 3466 ardenter
2367 3387 2801 3466 capessenda_,_et
2829 3387 2900 3442 ad
2913 3388 3261 3466 gravissima
3285 3401 3519 3466 quaeque
3542 3403 3646 3466 pro
3677 3387 3857 3466 Christi

458 3475 645 3514 amore
674 3457 973 3524 toleranda,
1009 3463 1070 3515 in
1099 3463 1201 3514 hac
1228 3461 1419 3529 magni
1447 3459 1701 3530 Dionysii
1729 3459 2076 3531 Arrepagitw
2113 3457 2236 3531 Vita
2258 3457 2590 3531 alacriorem
2625 3457 2868 3526 reddent,
2904 3457 3021 3515 haec
3050 3461 3278 3531 insuper
3303 3457 3527 3526 cognitu
3545 3457 3858 3530 dignissima

451 3533 713 3586 invenies.
751 3534 1001 3585 Primum
1030 3533 1172 3601 quod
1202 3531 1268 3585 ab
1299 3528 1522 3601 antiquo
1553 3528 1794 3600 tempore
1823 3545 1856 3582 a
1885 3530 2157 3601 patribus
2179 3528 2292 3601 dici
2340 3529 2480 3598 ﬁliis
2507 3530 2662 3596 solet,
2698 3545 2885 3585 omnes
2927 3528 3190 3585 videlicet
3227 3535 3441 3586 sanctos
3489 3528 3755 3599 apostolos
3781 3545 3854 3583 re-

454 3604 608 3673 quiei
634 3604 995 3657 sanctissimae
1028 3599 1326 3658 Genitricis
1362 3599 1468 3656 Dei
1505 3599 1771 3671 adfuisse,
1806 3603 2027 3673 ejusque
2064 3599 2480 3673 nobilissimum
2507 3607 2680 3670 funus
2707 3602 2950 3672 prapriis
2981 3603 3240 3657 manibus
3269 3619 3512 3666 curasse,
3549 3604 3646 3656 hoc
3675 3604 3852 3673 ipsum,

453 3670 610 3745 quod,
646 3681 707 3726 ut
737 3676 1202 3745 frequentissime,
1238 3676 1316 3728 ita
1360 3676 1532 3729 etiam
1564 3670 1916 3745 veracissime
1967 3670 2176 3724 dicitur
2204 3674 2277 3745 in
2294 3673 2397 3745 hac
2426 3673 2660 3745 historia
2697 3670 3146 3739 manifestissime
3175 3675 3537 3743 comprobari.
3571 3670 3853 3730 Secundum

455 3741 615 3811 illud,
650 3741 763 3800 tria
793 3741 908 3802 hac
933 3745 1372 3816 praetorissima
1417 3745 1701 3798 volumina
1747 3741 1946 3816 quibus
1976 3745 2199 3816 sancta
2241 3744 2486 3816 Ecclesia
2541 3744 2795 3816 dogmata
2840 3745 3190 3816 potissimum
3244 3741 3647 3814 defenduntur,
3680 3755 3854 3810 nempe

453 3817 531 3872 De
565 3817 781 3872 caelesti
835 3812 1058 3873 necnon
1109 3817 1509 3872 ecclesnastica
1557 3813 1908 3877 hierarchia,
1941 3829 2004 3865 ac
2034 3812 2113 3866 De
2144 3813 2358 3868 divinis
2410 3812 2770 3880 nominibus,
2804 3812 2871 3870 ab
2920 3817 3018 3871 hoc
3065 3812 3414 3872 sanctissimo
3461 3818 3851 3882 doctissimoque

451 3891 596 3958 viro,
643 3899 962 3944 sanctorum
1010 3889 1396 3962 apostolorum
1437 3895 1913 3962 contemporaneo,
1961 3886 2135 3962 fuisse
2183 3887 2352 3962 edita,
2383 3887 2533 3962 quod,
2568 3904 2604 3962 ιι
2648 3889 2930 3962 sceleratis
2977 3888 3458 3962 quibusdamgui
3486 3903 3638 3962 nunc
3682 3889 3850 3962 calum

453 3955 768 4033 terramque
796 3977 1013 4017 movere
1047 3955 1341 4029 conantur,
1374 3957 1854 4025 impudentissime
1898 3959 2149 4025 negatur.
2183 3955 2283 4010 Sed
2328 3955 2535 4026 perditi
2583 3959 2854 4027 homines,
2888 3963 2942 4014 et
2969 3955 3000 4015 ἁ
3037 3966 3144 4016 Deo
3169 3955 3380 4030 alieni;
3401 3961 3529 4032 quid
3575 3974 3684 4012 non
3727 3957 3849 4027 aﬂu-

462 4034 625 4087 tiunt.

527 4105 661 4160 Vitw
689 4103 850 4171 hujus
878 4102 1220 4158 divinissimi
1250 4099 1438 4156 Patris
1467 4106 1661 4173 auctor
1689 4105 1770 4152 est
1791 4095 2028 4173 Michael
2049 4095 2336 4173 Syngelus,
2358 4100 2640 4173 presbyter
2661 4103 3586 4173 Hicrosolg-mitanus,Apervetustus
3617 4099 3846 4173 scriptor,

449 4179 508 4229 ut
537 4175 737 4230 Suidas
757 4169 988 4232 Graecus
1019 4185 1217 4230 auctor
1242 4173 1447 4248 asserit
1479 4173 1538 4224 in
1573 4170 1686 4224 Vita
1733 4185 1897 4248 quam
1927 4173 1977 4248 et
2007 4169 2121 4248 ipse
2147 4170 2394 4248 ejusdem
2442 4169 2624 4248 sancti
2668 4174 2880 4248 scribit,
2911 4169 3183 4248 quamque
3213 4169 3369 4248 {in/ra
3409 4171 3849 4248 lcgere_potes,_ut

449 4248 530 4301 sic
557 4248 945 4302 celeberrimus
976 4249 1211 4301 Antistes
1243 4248 1325 4299 ter
1354 4244 1486 4313 (imo
1516 4259 1663 4296 nunc
1690 4239 1906 4309 septies)
1939 4242 1994 4293 in
2028 4239 2125 4313 hoc
2148 4239 2296 4313 libro
2328 4240 2685 4304 describatur.
2718 4261 2787 4298 ne
2818 4239 2873 4298 is
2897 4239 3112 4299 alicubi
3138 4246 3252 4298 suis
3278 4239 3543 4299 laudibus
3572 4239 3843 4313 difraude-

449 4327 559 4373 tur.
595 4320 882 4389 Eloquium
914 4320 1199 4385 scriptoris
1230 4325 1307 4369 est
1337 4311 1745 4389 perobscurum,
1779 4327 1876 4365 seu
1922 4311 2061 4389 quod
2091 4311 2161 4366 ad
2189 4313 2366 4378 ipsius
2397 4317 2587 4389 magni
2624 4316 2876 4389 Dionysii
2907 4319 3048 4386 styto
3078 4331 3590 4389 magnopereﬂong
3625 4311 3841 4389 recedat.

452 4391 646 4445 Verum
677 4383 979 4444 translator
1008 4383 1093 4443 vir
1122 4391 1248 4457 pius
1277 4391 1326 4440 et
1356 4386 1549 4440 doctus
1583 4389 1859 4452 quantam
1887 4384 2061 4449 potuit
2091 4397 2311 4457 operum
2335 4385 2610 4446 adhibuit.
2635 4390 2695 4440 ut
2724 4383 2783 4441 is
2801 4383 3015 4442 clarior
3041 4391 3092 4442 et
3122 4383 3324 4442 cultior
3354 4383 3846 4457 redderetur._Graz-

449 4477 576 4516 cum
604 4463 892 4527 exemplar
924 4455 1149 4516 Lutelim
1190 4473 1459 4512 excusum
1507 4457 1601 4510 ubi
1645 4461 1871 4510 sanctus
1897 4469 1993 4527 pro
2028 4456 2127 4527 Dei
2154 4469 2347 4527 amore
2377 4459 2653 4527 occubuit,
2689 4461 2946 4514 Nicotaus
2981 4458 3330 4519 Balserisius,
3362 4458 3644 4527 presbyter
3689 4455 3846 4527 Bono-

450 4533 686 4594 niensis,
715 4524 804 4586 vir
833 4534 1054 4602 probus,
1089 4531 1222 4586 olim
1253 4529 1409 4584 bonae
1436 4528 1730 4602 memoriae
1771 4526 2006 4602 Joannis
2039 4524 2283 4602 Matthxi
2308 4526 2567 4602 episcopi,
2600 4532 2718 4584 viri
2763 4530 3118 4586 celeberrimi
3144 4535 3195 4583 et
3226 4524 3581 4602 sanctissimi,
3613 4529 3706 4597 qui
3731 4525 3848 4578 huic

355 4629 365 4636 -
448 4603 710 4659 Ecclesiae
737 4597 906 4672 paulo
938 4610 1073 4659 ante
1101 4618 1188 4656 me
1216 4598 1549 4670 dignissime
1573 4599 1822 4672 praefuit,
1850 4597 2202 4672 amanuensts
2229 4597 2608 4672 superioribus
2662 4602 2936 4658 mensibus
2965 4602 3186 4656 donavit
3210 4599 3372 4664 mihi,
3404 4598 3548 4672 quod
3575 4615 3691 4652 cum
3718 4611 3848 4672 nun-

453 4691 616 4745 quam
646 4667 979 4730 translatum
1008 4667 1412 4742 comperissem,
1448 4667 1600 4745 illico
1628 4667 1726 4742 per
1756 4670 2018 4745 Basiliam
2046 4667 2401 4745 _lllillaniumg,
2434 4688 2617 4745 meum
2643 4673 3092 4745 dilectissimum
3123 4674 3379 4742 fratrem,
3414 4667 3474 4725 in
3508 4671 3675 4726 lucem
3702 4667 3846 4723 eden-

450 4740 583 4801 dum
613 4747 822 4801 curavi.
857 4747 1020 4810 Vale,
1052 4749 1102 4801 et
1125 4740 1226 4798 hos
1251 4746 1463 4798 nostros
1491 4740 1696 4798 labores
1725 4743 1834 4795 tuis
1862 4740 2009 4811 apud
2038 4742 2206 4795 Deum
2236 4743 2589 4799 orationibus
2616 4744 2761 4816 fove.
