4020 6358
225 445 314 501 617

1202 439 1392 502 VITA,
1434 436 1771 493 AUCTORE
1811 437 2182 492 MICHAELE
2221 439 2572 496 SYNGELO.

3487 448 3596 502 618

226 567 3589 597 Μ

572 721 1636 894 MIXAHV

1908 721 3216 898 ΞΥΓΓΕΛΟΥ

1367 997 1851 1050 ΠΡΕΣΒΥΤΕΡΟΥ
1903 993 2391 1051 ΙΕΡΟΣΟΛΥΜΩΝ

342 1175 1121 1277 ΕΓΚΩΜΙΟΝ
1241 1176 1474 1269 ΕΙΣ
1591 1173 1882 1271 ΤΟΝ
1998 1174 2460 1271 ΑΓΙΟΝ
2582 1178 3422 1279 ΔΙΟΝΥΣΙΟΝ

540 1563 1929 1736 MICHAELIS
2138 1564 3226 1732 SYNGELI

1297 1833 1744 1890 PRESBYTERI
1784 1833 2451 1891 HIEBOSOLYMITANI

558 1989 1226 2090 ENCOMIUM
1287 1988 1650 2082 BEATI
1723 1988 2279 2084 DIONYSII
2349 1993 3175 2088 ABEOPAGITZE

307 2186 417 2244 Per
446 2178 748 2242 Basilium
781 2173 1131 2237 Millanium
1157 2169 1510 2252 Casinatem
1545 2168 1926 2252 monachum
1964 2169 2301 2252 Latinitate
2329 2172 2632 2232 donatum
2667 2179 2857 2252 atque
2887 2174 2967 2235 ab
2999 2175 3218 2236 eodem
3251 2180 3440 2238 Petro

1194 2249 1514 2312 Lansselio
1553 2249 1838 2328 pluribus
1867 2249 1930 2310 in
1964 2249 2116 2311 locis
2147 2252 2544 2331 castigatum.

247 2580 494 2659 Οὐρανίαν
519 2574 699 2640 ὅντως
753 2575 844 2629 καὶ
906 2570 1051 2627 θείαν
1109 2567 1216 2624 ἔδει
1276 2571 1523 2642 παρεῖναι
1563 2565 1797 2643 γλῶτται

1993 2568 2145 2625 359
2179 2569 2487 2627 leestem
2521 2587 2763 2642 prorsus
2792 2574 2968 2642 atque
2991 2571 3248 2626 divinam
3284 2571 3575 2644 linguam,

188 2676 276 2726 τῶν
319 2656 673 2743 θεοπέμπτων
720 2663 810 2719 καὶ
853 2661 1088 2736 πτρίνων
1136 2658 1395 2732 γλωττῶν
1437 2656 1675 2728 ἐκείνων,
1704 2657 1809 2710 οἶαι

187 2765 293 2814 τοῖσ
316 2759 606 2819 αὐτόπταις
637 2759 734 2810 τοῦ
785 2751 956 2826 λόγου
1004 2749 1092 2804 καὶ
1135 2749 1428 2823 ὑπηρέταις
1457 2744 1811 2817 διανενέμηνο

179 2870 273 2916 ται,
303 2849 386 2902 καὶ
427 2847 616 2922 φωνὴν
673 2840 992 2917 ἀγγελικὴν,
1042 2841 1122 2909 τῷ
1169 2835 1525 2912 ἐγκωμιάζειν
1571 2832 1808 2897 ἐθέλοντι

182 2937 433 2991 Διονύσιον
487 2935 582 2990 τὸν
637 2931 984 3008 θεοφάντορα,
1017 2928 1107 2980 τὸν
1155 2932 1257 2994 τῆς
1313 2923 1487 2978 πάντα
1533 2922 1810 2995 θεωμένης

176 3026 252 3080 καὶ
281 3025 568 3102 ἀγαθότητι
629 3018 884 3075 παντελεῖ
927 3018 1101 3072 πάντα
1148 3013 1506 3089 περιθεούσης
1560 3012 1649 3067 καὶ
1686 3034 1807 3066 συν-

179 3115 395 3190 εχούσης
451 3115 752 3181 Θεότητος,
793 3106 894 3174 τῆς
941 3105 992 3159 ἐν
1036 3107 1104 3178 τῇ
1157 3103 1462 3177 ὖπερουσίῳ
1518 3103 1605 3156 καὶ
1641 3103 1808 3190 ὑπερ-

177 3189 288 3275 θέφ,
318 3203 403 3258 καὶ
457 3198 785 3276 ὐπεραγάθῳ
831 3192 1020 3269 Τριάδι
1064 3191 1544 3267 προσκυνουμένης
1593 3189 1680 3244 καὶ
1708 3190 1806 3245 λα-

174 3293 481 3367 τρευομένης
533 3290 821 3363 ὑμνῆτορα
850 3303 861 3315 ’
912 3285 1004 3339 τὸν
1049 3287 1156 3336 τῶν
1206 3282 1522 3353 θεωνυμιῶν
1567 3278 1656 3333 καὶ
1695 3283 1802 3332 τῶν

175 3380 460 3458 ἆποῤῥήτον
511 3382 710 3434 θεϊκῶν
765 3373 1077 3448 μυττηρίων
1131 3369 1534 3445 θεολογώτατον
1587 3368 1802 3443 ὑφηγη-

173 3455 332 3546 τοραᾎ
359 3473 450 3526 τὸν
471 3473 572 3535 τῆς
629 3463 876 3540 οὐρανίας
919 3457 1202 3546 ἰεραρχίας
1247 3456 1538 3532 ἐξηγητὴν,
1569 3455 1658 3546 καὶ
1693 3459 1799 3508 τῶν

174 3541 408 3634 οὐρανίων
439 3561 648 3632 νοερῶν
701 3551 1116 3626 στρατευμάτων
1159 3545 1441 3614 ἐπαινέτην
1498 3545 1587 3598 καὶ
1615 3541 1798 3598 διακο-

172 3631 421 3724 σμήτορα,
477 3631 570 3703 καὶ
632 3644 722 3698 τὸν
796 3645 901 3694 τῶν
965 3635 1429 3706 έκκλησιαστικῶν
1486 3631 1797 3706 διακοσμή-

171 3758 308 3807 σεων,
338 3722 692 3813 -ὶεραρχικῆς
740 3751 799 3785 τε
852 3727 942 3782 καὶ
990 3723 1340 3801 προηγεσίας,
1399 3723 1488 3776 καὶ
1523 3722 1794 3796 ἷεροτελε-

166 3828 314 3899 στίας,
344 3829 428 3882 καὶ
461 3819 849 3896 τελεταρχίας,
880 3815 969 3871 γαὶ
1007 3816 1184 3883 πάσης
1225 3816 1556 3885 Χριστιανῶν
1604 3813 1759 3865 θεοσο
1780 3844 1792 3853 -

167 3916 270 3992 τοίας
291 3918 374 3970 καὶ
406 3915 753 3991 ὡραιότητος
803 3905 1009 3980 μύστην
1060 3902 1149 3957 καὶ
1211 3900 1567 3974 μυσταγωγὸν
1596 3900 1682 3954 καὶ
1712 3898 1791 3953 ἐκ·

165 3989 375 4081 (ράντορα
407 4027 420 4040 ·
457 3989 573 4059 ήτὸν
639 3998 730 4054 διὰ
777 3993 1120 4070 καθαρότητα
1180 3990 1320 4065 βίου,
1389 3990 1480 4044 καὶ
1532 3989 1792 4051 παντοίας

165 4079 338 4165 ἆρετῆς
379 4093 730 4161 τελειότητα,
778 4085 913 4160 πρὸς
951 4079 1170 4137 Παύλου
1213 4084 1309 4134 τοῦ
1354 4079 1632 4143 θεσπεσίου
1685 4083 1790 4133 τῶν

165 4183 422 4262 ὀφθηντων
457 4184 613 4254 αὐτῷ
659 4177 748 4234 καὶ
797 4171 1178 4248 ένηχηθέντων
1229 4169 1304 4232 εἷς
1349 4169 1533 4262 τρίτον
1565 4169 1790 4244 οὐρανὸν

164 4259 426 4348 ἁρπαγέντι
486 4267 776 4344 θεαμάτων
848 4263 938 4318 καὶ
1009 4262 1366 4333 ἀκουσμάτων
1432 4259 1790 4330 ἐμπεπιστευ-

167 4364 304 4434 μένον
335 4365 432 4432 τὴν
471 4362 675 4436 μύησιν
707 4377 720 4389 ·
748 4355 839 4409 τὸν
882 4355 978 4406 τοῦ
1020 4349 1387 4405 ἀποστολικοῦ
1419 4352 1594 4421 χοροῦ
1626 4369 1789 4417 συνη-

163 4450 406 4524 λικιωτην
438 4453 528 4507 καὶ
586 4441 907 4518 συνόμιλον,
957 4439 1046 4494 καὶ
1097 4437 1232 4494 κατὰ
1276 4435 1402 4498 τοὺς
1449 4435 1627 4511 ἱεροὺς
1654 4438 1796 4509 ἀγῶ-

163 4562 239 4604 νας
269 4539 576 4620 ἐφάμιλλον
617 4558 628 4570 ·
661 4537 753 4590 τὸν
800 4531 853 4587 ἐν
898 4529 1182 4605 ἱεράρχαις
1247 4525 1670 4598 πανιερώτατον,
1703 4527 1792 4578 καί

163 4627 206 4682 ἐν
241 4614 460 4706 μάρτυσι
495 4623 912 4700 λαμπρότατον,
960 4620 1049 4673 καὶ
1098 4617 1148 4671 ἐν
1203 4614 1486 4706 θεολόγοις
1517 4615 1790 4706 θεοσοφώγ-

160 4703 323 4787 τατον,
348 4721 437 4774 καὶ
470 4718 523 4774 ἐν
571 4709 946 4774 διδασκάλοις,
996 4703 1488 4785 φωτιστικώτατον.
1540 4705 1716 4770 Ὅθεν,
1749 4705 1794 4756 ὦ

163 4807 287 4862 θεῖον
338 4809 661 4884 ἱεράτευμα,
726 4799 815 4856 καὶ
893 4794 1043 4860 ἔθνος
1121 4796 1300 4864 ἅγιον,
1363 4791 1453 4846 καὶ
1511 4790 1796 4847 θεόλεκτον

164 4879 416 4971 σὸστημα,
450 4893 674 4952 δέδοικα
708 4891 783 4963 μὴ
826 4892 943 4948 τοῖς
971 4883 1067 4940 τοῦ
1113 4882 1364 4937 τοιούτου
1401 4879 1638 4957 μεγάλου
1680 4903 1792 4959 φω-

162 4970 342 5056 στῆρικ
370 4987 645 5062 ἐγχειγῶν
700 4977 1021 5054 ἐγκωμίοις,
1066 4974 1296 5062 θράσους
1327 4970 1796 5062 γραιρήνᾶπγενὲγ-

162 5093 327 5146 κωμαι
361 5095 373 5108 ·
409 5060 540 5129 668‘s
570 5071 673 5146 γάρ
705 5064 871 5139 ἂν,ἐῗ
900 5069 1063 5118 πᾶσαι
1097 5060 1403 5124 συνέλθοιεν
1435 5061 1574 5131 ὁμοὸ
1605 5061 1658 5113 αἱ
1687 5065 1794 5114 τῶν

161 5164 366 5220 πώποτε
400 5162 709 5240 γεγονότων
765 5154 1008 5233 ρητόρων
1043 5149 1390 5225 εὖγλωττίαι,
1421 5147 1670 5204 δύοαιντο
1695 5156 1796 5216 τῆς

162 5237 442 5324 ἀκρότητος
480 5237 771 5328 ⁷ἐφικέσθαι
817 5247 923 5298 τῶν
970 5242 1087 5295 κατ’
1134 5238 1279 5308 ἀξίαν
1325 5240 1557 5292 ἐπαίνων
1588 5242 1685 5291 τοῦ
1713 5237 1796 5292 εὖ·

1823 3960 1868 4024 Β

1926 2674 2168 2729 eamque
2190 2676 2257 2714 ex
2289 2659 2406 2714 illis
2437 2677 2565 2730 quae
2597 2660 2777 2731 igneae
2811 2676 2876 2715 ac
2907 2659 3138 2716 cmlitus
3170 2678 3202 2715 a
3236 2665 3344 2717 Deo
3381 2662 3574 2718 missa;

1925 2747 2086 2803 fuere
2109 2750 2438 2820 cujusmodi
2466 2749 2591 2804 Filii
2616 2749 2715 2804 Dei
2740 2749 3169 2820 spectatoribus
3194 2767 3260 2805 ac
3285 2751 3576 2808 ministris

1923 2836 2244 2907 dispertita:
2283 2842 2442 2904 sunt,
2466 2843 2522 2892 et
2554 2836 2877 2908 angelicam
2910 2853 3106 2893 vocem
3144 2844 3456 2910 suppetere
3487 2841 3573 2895 illi

1920 2930 2234 2996 oporteret,
2255 2927 2353 2998 qui
2380 2927 2451 2981 de
2477 2926 2691 2980 divinis
2718 2926 2999 2997 praeconis
3016 2926 3271 2998 Dionysii
3296 2926 3571 2984 laudibus

1919 3015 1996 3069 sit
2024 3016 2288 3070 dicturus
2324 3034 2337 3071 :
2372 3016 2471 3086 qui
2505 3014 2704 3070 omnia
2753 3016 3102 3082 contuentis,
3130 3015 3570 3089 singularisque

1919 3120 2019 3158 seu
2047 3105 2474 3176 perfectissima
2495 3105 2857 3176 benignitate
2874 3105 3092 3159 circum
3115 3106 3313 3160 omnia
3331 3123 3571 3163 cursan-

1915 3192 1992 3246 tis
2023 3210 2088 3247 ac
2122 3193 2481 3248 continentis
2503 3193 2848 3261 divinitatis,
2875 3210 3002 3264 quae
3034 3194 3092 3247 in
3117 3195 3416 3258 Trinitate.
3442 3214 3569 3268 quas

1916 3299 2152 3336 summa
2183 3282 2459 3336 divinitas
2490 3285 2598 3348 est,
2628 3298 2874 3353 quaeque
2907 3283 3300 3338 substantiam
3336 3301 3569 3341 omnem

1913 3387 1979 3425 ac
2006 3371 2327 3426 bonitatem
2359 3370 2676 3436 antecellit,
2704 3371 2985 3426 aduratur
3015 3375 3073 3425 et
3103 3371 3329 3439 colitur,
3364 3373 3572 3429 lauda—

1911 3466 2001 3515 tor
2032 3460 2160 3515 fuit.
2186 3461 2292 3524 Qui
2321 3459 2421 3514 Dei
2445 3459 2904 3531 appellationum
2932 3463 2989 3514 et
3014 3458 3399 3516 inel'fabilium
3424 3463 3569 3517 divi-

1911 3566 2118 3603 norum
2154 3549 2562 3621 mysteriorum
2599 3548 3108 3619 sapientissimum
3135 3549 3254 3621 egit
3283 3550 3568 3623 interpre-

1905 3641 2056 3705 tem;
2091 3639 2190 3710 qui
2226 3639 2296 3692 de
2329 3655 2494 3693 sacro
2527 3637 2749 3693 caelesti
2794 3637 3129 3709 principatu
3164 3639 3461 3706 disseruit,
3500 3656 3568 3698 ac

1906 3727 2133 3782 divinas
2167 3726 2423 3782 crclestis
2476 3727 2702 3782 militiae
2745 3730 2970 3781 mentes
3004 3728 3255 3782 summis
3285 3729 3564 3787 laudibus

1903 3816 2222 3872 exornavit.
2255 3817 2359 3880 Qui
2392 3815 2941 3872 Ecclesiasticorum
2979 3817 3253 3872 ordinum
3288 3820 3560 3891 sacrique

1903 3906 2303 3975 magistratus,
2329 3910 2382 3961 et
2415 3921 2547 3960 cum
2583 3905 2762 3959 divini
2798 3905 3091 3974 sacrificii,
3127 3911 3251 3962 tum
3284 3924 3557 3964 caeremo-

1903 3993 2132 4049 niarum
2169 4010 2234 4049 ac
2271 3995 2464 4050 omnis
2505 3993 2712 4047 divinae
2745 3992 3210 4049 Christianorum
3248 3998 3548 4067 sapientia

1903 4088 2074 4154 atque
2095 4084 2319 4138 decoris
2342 4083 2698 4151 doctor,dux
2721 4087 2776 4136 et
2801 4082 3142 4152 explanator
3166 4085 3290 4138 fuit.
3313 4087 3419 4150 Qui
3446 4105 3554 4158 pu-

1903 4173 2074 4226 ritate
2095 4173 2226 4227 vitze
2258 4189 2323 4227 ac
2355 4171 2676 4237 omnigenis
2697 4170 2932 4225 virtutis
2954 4170 3299 4228 excellentia
3321 4191 3560 4236 concre.

1903 4261 2096 4316 ditum
2129 4262 2239 4316 sibi
2273 4280 2307 4316 a
2337 4262 2468 4316 divo
2499 4259 2675 4314 Paulo
2710 4261 3050 4330 mysterium
3079 4277 3300 4328 eorum,
3331 4281 3456 4334 quae
3489 4265 3551 4320 in

1901 4351 2138 4404 tertium
2172 4350 2294 4421 ipse
2323 4349 2531 4404 cmlum
2558 4354 2762 4419 raptus
2785 4349 3027 4418 viderat,
3047 4366 3113 4404 ac
3134 4353 3432 4408 audiverat
3453 4372 3553 4410 ac-

1902 4440 2186 4508 cepit.Qui
2208 4438 2609 4510 apostolorum
2635 4438 2802 4492 caetui
2827 4447 3081 4510 tempore
3104 4441 3364 4511 aequalis,
3389 4443 3555 4499 fami-

1903 4527 2621 4598 liaritatejunctus,atque
2641 4527 2699 4581 in
2721 4527 2906 4582 sacris
2924 4531 3341 4586 certaminibus
3360 4534 3554 4589 socius

1903 4621 1959 4671 et
1981 4615 2291 4670 auxiliator
2317 4615 2454 4683 fuit;
2482 4615 2581 4685 qui
2613 4615 2767 4670 inter
2788 4616 3068 4688 praesules
3089 4620 3552 4689 sacratissimus,

1903 4705 2057 4759 inter
2085 4709 2372 4776 martyres
2405 4704 2791 4774 clarissimus,
2812 4705 3143 4761 divinarum
3185 4725 3379 4764 rerum
3403 4711 3557 4767 inter

1901 4794 2208 4866 theologos
2227 4792 2608 4848 callentissim
2621 4809 2710 4857 us,
2728 4794 3042 4865 magistros
3059 4813 3261 4852 omnes
3279 4799 3556 4854 doctrinas

1906 4885 2254 4940 claritudine
2304 4884 2620 4956 superavit.
2675 4884 2958 4948 Quocirca
3005 4901 3170 4940 sacer
3226 4888 3554 4954 confessus,

1906 4991 2049 5046 gens
2077 4977 2304 5037 sancta,
2323 4973 2524 5028 concio
2546 4973 2660 5028 Deo
2684 4973 2898 5037 dicata,
2914 4988 3114 5028 vereor
3134 4991 3206 5030 ne
3227 4976 3425 5047 magni
3447 4977 3556 5032 hu-

1900 5065 2068 5136 jusce
2099 5062 2345 5117 luminis
2385 5061 2589 5117 laudes
2620 5061 2811 5116 dicere
2843 5077 3178 5132 aggressus,
3209 5065 3561 5122 temeritatis

1909 5155 2130 5208 crimen
2166 5155 2483 5208 incurram.
2511 5152 2666 5206 360
2695 5150 2891 5220 Neque
2930 5150 3087 5205 enim
3119 5151 3167 5206 si
3208 5154 3402 5210 omnis
3433 5172 3560 5211 om-

1912 5243 2074 5298 nium
2110 5245 2400 5312 quotquot
2431 5256 2693 5311 unquam
2731 5241 2889 5294 fuere
2921 5241 3224 5296 rhetorum
3255 5243 3342 5298 vis
3372 5260 3437 5299 ac
3468 5246 3561 5300 di-

161 5345 507 5416 φημουμένου
539 5324 921 5412 θεορῥήμονος
957 5350 969 5362 ·
1008 5331 1082 5402 μή
1116 5329 1166 5382 τί
1194 5349 1255 5402 γε
1284 5329 1345 5381 τὸ
1374 5334 1473 5395 τῆς
1508 5326 1647 5398 ἐμῆς
1683 5324 1797 5381 δια-

1913 5332 2080 5384 cendi
2116 5330 2362 5384 facultas
2390 5329 2504 5384 huc
2527 5327 2705 5383 simul
2739 5328 2989 5395 adesset,
3018 5328 3198 5397 hujus
3229 5331 3335 5386 viri
3367 5333 3564 5390 divina

155 5431 295 5492 κοίας
324 5433 446 5505 περὶ
478 5429 612 5490 τοὺς
649 5421 844 5498 λόγους
876 5418 1120 5496 ἀδρανές.
1149 5416 1309 5474 Ἀλλ’
1341 5418 1430 5470 οὖν
1462 5420 1529 5488 τῇ
1557 5437 1798 5490 προτρο-

154 5524 223 5585 πῆ
276 5504 401 5590 τῆς
439 5519 707 5594 ὑμετέρας
769 5510 984 5586 ἀγάπης
1051 5508 1140 5562 καὶ
1186 5505 1423 5568 πίστεως
1482 5504 1662 5561 εἷ’κων.
1719 5511 1797 5577 τῷ

153 5591 277 5682 Θεῷ,
307 5610 395 5664 καὶ
427 5591 510 5681 τῷ
544 5604 707 5680 ἁγίῳ,
750 5603 841 5656 καὶ
895 5601 1022 5672 ὑμῖν
1069 5594 1346 5671 προσοίσω
1375 5596 1435 5648 τὸ
1467 5594 1602 5648 κατὰ
1633 5591 1795 5647 ’δύνα-

159 5720 239 5771 μιν
270 5717 280 5729 .
308 5697 398 5755 καὶ
446 5697 551 5773 γὰρ
605 5693 652 5748 εἷ
700 5687 998 5762 ἡττηθείην
1046 5691 1153 5740 τῶν
1207 5683 1596 5756 προσηκόντων
1627 5683 1794 5760 ἐγκω-

163 5789 289 5860 μίων
342 5771 471 5850 τοῖς*
518 5788 618 5840 τοῦ
664 5777 1150 5859 ἐγκωμιαζομένου
1207 5771 1647 5848 πλεονεκτήμασι
1702 5774 1792 5829 καὶ

426 5922 691 5981 Pyram.
742 5917 851 5976 Gn.
895 5913 999 5975 ιν.

1910 5420 2244 5490 eloquentia
2269 5417 2515 5489 prazditi,
2539 5417 2708 5486 cujus
2730 5415 2936 5471 laudes
2959 5417 3127 5471 nobis
3147 5422 3564 5491 proposuimus

1907 5525 2203 5563 summam
2239 5507 2481 5561 laudum
2517 5507 2806 5575 attingere
2846 5505 3062 5560 nedum
3095 5506 3317 5579 ingenii
3349 5512 3458 5567 mei
3491 5515 3559 5568 ad

1906 5597 2304 5668 eloquendum
2329 5595 2705 5650 imbecillitas
2740 5611 2842 5664 pro
2866 5595 3155 5665 dignitate
3182 5601 3416 5670 assequi
3443 5619 3570 5672 pos-

1906 5690 1996 5741 set
2022 5703 2034 5740 :
2059 5690 2466 5741 verumtamen
2487 5681 2652 5739 vobis
2677 5697 2902 5738 morem
2927 5699 3158 5755 gerens,
3175 5687 3274 5757 qui
3301 5704 3394 5743 me
3415 5690 3566 5759 (qua:

1902 5779 2097 5832 vestra
2130 5773 2388 5830 charitas
2420 5776 2528 5843 est,
2564 5775 2622 5828 et
2654 5770 2714 5826 in
2745 5770 2930 5828 Deum
2978 5772 3149 5843 ﬁdes)
3181 5776 3252 5830 ad
3286 5776 3396 5832 hoc
3428 5779 3562 5835 hor-

3215 5905 3296 5966 20
