4020 6358
447 400 555 457 619
1683 397 1744 451 8.
1785 395 2103 450 DIONYSII
2142 393 2622 452 AREOPAGITB
3723 405 3813 461 620

447 524 679 594 tamini,
713 523 849 591 Deo,
885 522 1007 579 viro
1049 525 1275 592 sancto,
1307 522 1565 593 itemque
1595 520 1759 575 vobis
1804 517 2027 591 quidqu

2210 517 2589 590 προτερήμασι
2646 517 2734 573 καὶ
2790 516 3166 591 ἀριπιύμασι,
3219 516 3397 594 χαίρω
3440 518 3557 575 λίαν
3594 544 3791 598 ηττωμε

447 619 670 687 potero,
704 613 913 669 lubens
946 613 1256 685 prastabo.
1289 612 1433 666 Nam
1468 611 1516 666 si
1555 626 1647 665 me
1683 608 1900 663 laudati
1928 606 2034 662 isti

2217 625 2304 667 νος
2338 624 2350 636 ·
2387 606 2450 660 οὐ
2482 608 2584 681 γὰρ
2618 606 2911 681 ἐλάττωμα
2951 612 3030 680 τῷ
3072 606 3443 681 ἐπαινουμένῳ
3471 611 3528 664 τὸ
3557 616 3643 665 τοῦ
3674 614 3804 670 ἐπαι-

445 704 555 759 viri
588 703 855 770 laudum,
888 719 1016 774 qua
1055 702 1142 757 iili
1173 705 1500 774 congruent
1552 700 1840 765 ubertate,
1875 713 2032 767 magr

2226 698 2430 756 ροῦντος
2463 694 2516 750 ἐν
2547 702 2664 760 ταῖς
2690 704 2789 766 τῆς
2821 696 3264 773 ἐγκωμιαστικῆς
3294 698 3533 774 φράσεως
3560 700 3813 775 ἁρμονίαις

446 793 653 848 tudine
683 796 857 863 atque
908 791 1242 863 prastantia
1274 789 1538 861 superari
1581 786 1913 858 contigerit,
1948 784 2101 840 vinci
2216 783 2463 857 ἥττημα.

448 897 543 937 me
572 881 819 937 libenter
850 881 1057 952 patiar.
1089 880 1286 951 Neque
1334 878 1491 933 enim
1540 877 1725 933 ullum
1757 876 1808 931 ei
1840 875 1941 945 qui
1993 873 2266 930 laudatur
2307 876 2591 932 damnum
2639 878 2908 947 infertur,
2942 880 2991 934 si
3024 878 3123 951 qui
3176 878 3331 934 hunc
3379 878 3571 951 ipsum
3617 880 3817 953 laudat,

448 970 809 1028 ornamentis
838 976 895 1026 et
924 975 1209 1043 apparatu
1240 970 1519 1024 laudandi
1558 966 1788 1040 generis
1823 969 2154 1037 superetur.

523 1080 682 1135 Unde
711 1079 891 1151 igitur
930 1080 1122 1135 laudis
1171 1077 1528 1150 principium
1579 1075 1854 1132 sumam?
1886 1074 2097 1129 Rheto-

2282 1073 2447 1129 Πόθεν
2478 1079 2770 1151 τοιγαροῦν
2813 1082 2911 1145 τῆς
2962 1075 3239 1153 εὐφημίας
3291 1074 3519 1150 ἄρξομαι
3553 1096 3564 1144 ;
3594 1078 3716 1139 Τοῖς
3747 1089 3816 1141 θε-

450 1185 661 1224 rumne
690 1168 749 1223 in
783 1168 1108 1223 scribendis
1140 1168 1419 1222 laudibus
1450 1165 1755 1237 praeceptis
1786 1169 1920 1218 utar
1951 1166 2037 1234 (qu

2228 1168 2372 1234 πμοῖς
2414 1168 2520 1217 τῶν
2580 1164 2885 1239 ῥητορικῶν
2933 1164 3218 1239 ἐγκωμίων
3277 1167 3577 1239 χρήσομαι,
3632 1164 3686 1220 ἐκ
3727 1171 3815 1221 τῶν

450 1258 522 1313 ab
544 1258 637 1323 iis,
663 1274 789 1328 qua
812 1256 977 1311 humi
1004 1266 1234 1327 repunt,
1254 1255 1560 1322 labuntur,
1579 1270 1643 1309 ac
1665 1253 1912 1309 subinde
1935 1251 2036 1306 alit

2235 1251 2390 1325 [αμαί
2422 1250 2762 1327 ἐρχομένων,
2793 1255 2880 1307 καὶ
2908 1250 3308 1325 διαλυομένων,
3332 1252 3419 1307 καὶ
3453 1250 3672 1317 ἂλλοθεν
3701 1252 3822 1319 ἄλλη

447 1346 841 1402 immutantur
871 1350 927 1401 et
957 1346 1274 1411 intereunt,
1300 1349 1365 1399 ut
1386 1348 1527 1399 sunt
1547 1360 1755 1415 genus,
1784 1341 1995 1413 patria,
2020 1357 2034 1394 (

2235 1341 2684 1411 ιετοπιπτόντων,
2735 1342 2825 1396 καὶ
2875 1342 3251 1418 φθείρομένων
3293 1361 3304 1374 ·
3352 1346 3541 1415 γένους
3590 1343 3719 1420 φημὶ
3749 1344 3822 1397 καὶ

444 1434 601 1491 vitia
632 1435 838 1490 mundi
888 1434 1087 1504 hujus,
1115 1433 1301 1507 gloria
1332 1438 1389 1488 et
1421 1432 1687 1500 ambitio,
1712 1431 1826 1502 peti
1870 1429 2031 1486 solen

2237 1427 2494 1503 πατρίδος,
2555 1430 2642 1485 καὶ
2703 1432 2972 1503 πλούτου,
3044 1431 3133 1486 καὶ
3199 1439 3473 1503 κοσμικῆς
3528 1428 3702 1503 δόξης,
3750 1433 3824 1486 καὶ

448 1525 589 1579 dum
624 1522 783 1579 illius
807 1524 907 1595 qui
937 1523 1031 1577 his
1057 1523 1335 1577 omnibus
1367 1521 1680 1577 sublimior
1699 1524 1806 1588 est,
1833 1523 1889 1574 et
1911 1518 2035 1589 qua}

2239 1519 2524 1586 >αντασίας,
2555 1525 2635 1592 τῷ
2663 1520 2867 1575 τούτων
2903 1519 3150 1578 ἁπάντων
3196 1519 3519 1594 ὑψηλοτέρῳ
3550 1520 3636 1574 καὶ
3672 1521 3826 1593 κρείτ-

447 1613 545 1668 bet
567 1612 816 1666 nimium
843 1610 1111 1666 mutabili
1138 1611 1295 1666 fama
1310 1627 1375 1665 ac
1400 1610 1662 1665 humana
1684 1608 1871 1680 gloria
1892 1609 2034 1678 majc

2237 1628 2326 1660 ovc
2357 1604 2549 1670 κλέους
2582 1608 2962 1684 εὐπαροίστου,
3014 1609 3103 1665 καὶ
3146 1611 3472 1684 καυχήσεως
3517 1609 3824 1685 ἀνθρωπίνης

447 1701 653 1757 laudes
684 1700 970 1772 corrogo?
1014 1701 1092 1755 An
1131 1700 1201 1754 ab
1233 1700 1589 1770 incorruptis
1622 1698 1815 1769 potius
1858 1714 1923 1753 ac
1972 1712 2034 1751 ve

2237 1697 2493 1759 »ποθὲσεις
2523 1695 2904 1773 ἐρανιζόμενος
2930 1716 2943 1766 ;
2989 1696 3025 1767 ἤ
3078 1696 3291 1771 μᾶλλον
3326 1697 3432 1752 ἀπὸ
3461 1701 3567 1752 τῶν
3599 1698 3824 1775 ἀφθίτων,

449 1791 657 1857 beatis,
682 1807 748 1845 ac
780 1806 882 1861 per
911 1789 1125 1844 sacula
1147 1788 1448 1843 duraturis
1478 1788 1753 1843 laudibus
1780 1786 2036 1842 ordiemu

2237 1785 2299 1838 ιαὶ
2322 1787 2396 1849 ὡς
2426 1786 2647 1856 ἀληθῶς
2684 1787 2989 1863 μακαρίων,
3021 1788 3112 1842 καὶ
3144 1786 3566 1856 διαιωνιζόντων
3597 1785 3824 1861 αὐχημά-

454 1896 602 1951 quas
633 1878 732 1934 ille
763 1895 831 1934 ex
860 1895 976 1950 quo
1010 1895 1044 1933 a
1074 1877 1524 1933 simulacrorum
1570 1877 1727 1932 cultu
1771 1876 1998 1944 desivit,
2030 1892 2041 1928 ‹

2392 1872 2403 1891 \
2444 1872 2466 1891 Ν
2505 1875 2518 1891 \
2593 1882 2620 1892 ρο
2719 1874 2733 1895 ι
2986 1876 2998 1893 \
3118 1877 3131 1893 \
3221 1872 3245 1891 Ἰ
3443 1871 3468 1893 ,ί
3664 1876 3676 1892 \
3749 1875 3760 1891 Ἴ
3810 1876 3821 1892 κ

2239 1896 2343 1942 ων,
2377 1875 2408 1927 ἂ
2440 1888 2528 1928 οια
2554 1897 2654 1944 της
2689 1896 2764 1937 εις
2807 1877 3036 1952 Χριστον
3077 1898 3168 1931 τον
3217 1897 3389 1938 οντως
3440 1895 3565 1929 οντα
3593 1882 3710 1930 Θεον
3740 1896 3826 1929 απο

456 1968 752 2040 insignem
777 1984 914 2038 erga
934 1966 1230 2023 Christum
1256 1984 1459 2021 verum
1495 1965 1694 2039 procul
1719 1966 1895 2021 dubio
1923 1969 2039 2019 Deu

2242 1970 2312 2031 ῆς
2343 1961 2639 2034 εἰδωλικῆς
2688 1933 2975 2039 θρησοίείας
3027 1965 3251 2039 ἀρίστης
3298 1963 3583 2038 εὐτροπίας
3638 1964 3720 2017 καὶ
3758 1964 3829 2017 εὐ-

458 2058 642 2113 animi
698 2056 1169 2128 propensionem,
1231 2072 1580 2127 morumque
1633 2056 2045 2127 probitatem,:

2241 2050 2516 2127 ιγγελικῆς
2568 2055 2805 2128 ἀγωγῆς,
2857 2054 2947 2108 καὶ
2999 2051 3305 2123 ἀθλητικῆς
3354 2053 3593 2127 ἀγωνίας
3633 2051 3828 2126 ﬁgam;

456 2145 861 2218 Evangelicam
908 2145 1357 2214 institutionem,
1390 2162 1495 2200 nec
1528 2162 1639 2200 non
1675 2144 1842 2199 lucta
1879 2144 2040 2199 labor

2243 2142 2273 2195 ’ί
2300 2142 2400 2217 γὰρ
2434 2142 2508 2203 εἷς
2541 2139 2784 2197 εὔκλειαν
2835 2141 3016 2213 ἀληθῆ
3068 2142 3384 2197 συνεισοίσει
3427 2140 3733 2218 γενεαλογία
3753 2162 3830 2215 γο·

456 2235 677 2301 retulit,
695 2251 870 2306 quam
894 2235 1049 2289 enim
1072 2239 1436 2290 terrenorum
1468 2233 1909 2305 parentum,qui
1932 2232 2043 2287 lute

2247 2232 2343 2284 ἑων
2377 2236 2703 2307 χαμερπῶν,
2736 2233 2823 2286 καὶ
2870 2230 2994 2307 περί
3041 2234 3139 2300 τῆν
3171 2230 3290 2287 ἰλὺν
3323 2229 3733 2303 ίλυσπωμὲνων,
3761 2229 3832 2283 καὶ

455 2324 631 2379 rebus
648 2340 784 2379 cum
809 2323 1133 2396 primisque
1151 2322 1673 2394 superstitionibus
1694 2324 1815 2379 sint
1836 2324 2042 2377 involuf

2245 2318 2454 2375 ιάλιστα
2485 2318 2924 2393 δεισιδαιμόνων,
2951 2325 3028 2393 τῷ
3058 2327 3157 2389 τῆς
3178 2320 3451 2385 υἱοθεσίας
3474 2323 3569 2373 τοῦ
3590 2314 3832 2391 παμϐασι-

452 2412 679 2468 natales
711 2414 782 2468 ad
816 2430 1009 2468 veram
1051 2413 1293 2484 gloriam
1325 2412 1718 2468 accessionem
1751 2412 1835 2467 illi
1870 2413 2036 2467 faciei

2254 2410 2353 2470 ἑως
2382 2413 2514 2463 Θεοῦ
2562 2409 2980 2482 κατηξιωμένῳ,
3032 2408 3121 2463 καὶ
3165 2414 3281 2471 τοῖς
3344 2408 3621 2483 οὐρανίοις
3649 2407 3837 2482 ἀγγελι-

453 2503 553 2574 qui
588 2502 659 2557 ab
691 2502 953 2558 omnium
987 2503 1134 2574 Rege
1164 2502 1279 2557 Deo
1307 2502 1617 2573 adoptione
1648 2502 1724 2557 sit
1754 2502 1969 2573 dignus
2004 2503 2033 2556 h

2250 2503 2330 2559 οῖς
2376 2500 2838 2573 συνηριθμημὲνῳ
2891 2499 3150 2572 τάγμασι,
3207 2499 3296 2551 καὶ
3337 2503 3461 2559 τοῖς
3500 2496 3620 2574 περί
3664 2498 3837 2571 Πέτρον

441 2591 633 2661 'bitus,
662 2596 719 2646 et
747 2590 807 2644 in
831 2591 1095 2646 ccelestes
1119 2590 1472 2662 Angelorum
1501 2591 1735 2646 ordines
1759 2596 2028 2662 cooptatu

2248 2588 2300 2641 αὶ
2359 2588 2572 2643 Ηαῦλον
2630 2589 2965 2661 θεοκήρυξιν,
3048 2589 3160 2660 ἅμα
3233 2588 3331 2657 τὴν
3392 2588 3711 2663 ἱεραρχικὴν
3763 2586 3834 2639 καὶ

451 2685 509 2735 et
540 2697 655 2735 una
684 2697 817 2735 cum
859 2680 959 2735 Dei
1009 2680 1373 2750 praconibus
1421 2684 1591 2735 Petro
1622 2685 1679 2735 et
1710 2680 1887 2735 Paulo
1936 2698 2034 2735 sac

2250 2675 2585 2746 ποστολικήν
2627 2676 2991 2752 περικειμένῳ
3028 2674 3389 2755 φαιδρότητα,
3442 2677 3657 2744 καὶτῆς
3689 2694 3837 2749 μακα-

452 2768 700 2839 imperio
723 2773 781 2823 et
811 2767 1133 2839 apostolica
1164 2768 1604 2838 pulchritudine
1627 2769 1701 2823 sit
1722 2769 2039 2824 convestitu

2253 2767 2484 2835 ιωτάτης
2539 2769 2722 2840 γενεᾶς
2791 2764 3001 2835 ἐκείνης
3055 2763 3429 2840 γεγενημένῳ,
3491 2764 3582 2819 καὶ
3635 2768 3710 2835 τῷ
3758 2766 3837 2817 τοῦ

454 2856 753 2928 simulque
794 2857 1138 2911 beatissima
1166 2856 1267 2911 illa
1298 2857 1598 2911 nativitate
1652 2858 2041 2928 prOgenitus,i

2249 2853 2511 2928 ,αρτυρίου
2539 2854 2954 2927 συνεστεμμὲνῳ
2998 2850 3295 2927 διαδήματι
3333 2872 3346 2922 ;
3381 2854 3456 2909 ’Ἡ
3487 2853 3603 2908 τίνα
3631 2851 3836 2924 περιφά-

458 2945 720 3017 martyrii
753 2945 938 3017 gloria
968 2946 1371 3002 circumdatus
1392 2947 1419 3001 Τ
1449 2952 1535 3000 An
1566 2947 1753 3017 patria
1782 2947 1950 3017 equis
1981 2965 2045 3001 ov

2249 2964 2353 2997 ιιαν
2384 2944 2580 3017 πατρὶς
2615 2941 2929 3012 ἱππήλατος
2964 2943 3055 2997 καὶ
3089 2938 3472 3020 μηλοτρόφος,
3510 2941 3599 2996 καὶ
3629 2938 3836 3006 πεδίοις,

454 3035 688 3105 busque
731 3034 961 3103 referta,
994 3035 1241 3105 campis,
1274 3036 1595 3104 montibus,
1628 3034 1900 3103 saltibus,
1934 3036 2041 3091 vall

2248 3033 2295 3086 αὶ
2332 3028 2501 3108 ὄρεσι,
2532 3032 2619 3086 καὶ
2647 3032 2867 3103 νάπαις,
2914 3032 3004 3086 καὶ
3055 3031 3285 3110 φάραγξι
3317 3028 3835 3108 περιεστοιχισμένη,

455 3123 685 3194 busque
714 3123 1175 3179 circummunita
1208 3142 1220 3179 :
1256 3124 1437 3195 pratis
1468 3126 1628 3192 item,
1664 3126 2004 3180 nemoribus
2037 3145 2042 3178 ε

2248 3124 2301 3176 αἱ
2344 3122 2599 3193 λειμῶσι,
2644 3120 2733 3175 καὶ
2784 3118 2989 3192 ἄλσεσι,
3030 3122 3119 3176 καὶ
3175 3118 3545 3183 παντοδαποῖς
3596 3116 3835 3193 δένδροις,

454 3212 716 3284 quolibet
737 3213 1013 3268 arborum
1034 3218 1208 3285 atque
1231 3212 1563 3284 plantarum
1585 3231 1794 3287 genere
1816 3214 2041 3286 constip

2260 3210 2299 3263 1i
2340 3214 2526 3287 φυτοῖς
2569 3212 2993 3282 πεπυκνωμένη,
3044 3210 3137 3264 καὶ
3188 3211 3509 3273 θαλαττίοις
3568 3208 3847 3281 λιμέσιπε-

450 3306 539 3369 ta;
560 3306 617 3357 et
638 3301 952 3357 maritimis
974 3302 1262 3374 portubus
1279 3303 1717 3373 circumcincta,
1735 3303 2037 3359 ﬂuminibu

2262 3297 2650 3372 ικυκλουμένη,
2684 3299 2771 3353 καὶ
2814 3304 3112 3371 ποταμοῖς,
3153 3299 3241 3352 καὶ
3274 3305 3512 3374 πηγαῖς,
3536 3297 3625 3354 καὶ
3656 3295 3849 3367 λίμναις

456 3396 736 3461 praeterea
759 3390 1040 3459 fontibus,
1057 3392 1285 3463 stagnis
1309 3392 1742 3460 circumﬂuens,
1763 3393 2043 3465 magnitm

2268 3387 2643 3463 εριῤῥεομὲνη,
2682 3387 2771 3441 καὶ
2822 3388 3032 3460 μεγὲθει
3084 3385 3613 3460 κεκαλλωπισμένη,
3654 3384 3853 3440 καὶτῶν

458 3497 531 3537 ne
561 3481 799 3535 demum
844 3480 1245 3548 adiﬁciorum,
1267 3498 1333 3537 ac
1367 3482 1806 3554 pulchritudine
1839 3482 2041 3554 pradit

2271 3477 2568 3549 ειμαμένων
2602 3475 2730 3538 τοὺς
2778 3471 3022 3550 τύμϐους
3075 3478 3256 3548 θαῦμα
3303 3483 3427 3541 τοῖς
3467 3479 3717 3553 παριοῦσι
3743 3490 3858 3544 προ-

455 3585 701 3640 quaque
733 3568 1003 3641 sepulcra
1036 3586 1261 3638 eorum,
1292 3572 1392 3641 qui
1418 3570 1569 3626 hanc
1595 3572 2042 3635 construxerit,l

2268 3563 2569 3637 αλλομένη,
2603 3565 2885 3641 παρέξεται
2934 3563 3014 3637 τῷ
3052 3566 3151 3633 τὴν
3186 3564 3298 3620 ἅνω
3328 3557 3855 3642 Ἱερουσαλὴμπόλιν

462 3657 840 3725 miraculum,
885 3660 1376 3728 pratereuntibus
1421 3660 1709 3729 obtendit,
1745 3661 2049 3732 splendore

2269 3655 2567 3728 εκτημὲνῳ,
2598 3656 2665 3723 ἧς
2707 3654 2758 3707 ἐν
2808 3656 2955 3730 χειρὶ
3005 3654 3208 3731 Κυρίου
3258 3656 3329 3710 τὰ
3378 3657 3545 3731 τείχη
3580 3649 3856 3725 ἰξωγράφη·

462 3745 548 3800 illi
581 3745 832 3816 aliquem
872 3747 1091 3816 ati’eret,
1125 3748 1226 3818 qui
1269 3749 1393 3818 jam
1429 3749 1507 3803 sit
1551 3749 1846 3804 calestem
1878 3751 2049 3805 Jerus

2268 3766 2339 3812 αι,
2366 3745 2455 3799 καὶ
2487 3742 2613 3808 ἔνθα
2643 3745 2857 3798 πάντων
2906 3744 3345 3820 εὐφραινομένων
3403 3747 3438 3815 ἡ
3472 3740 3717 3799 κατοικία
3735 3732 3855 3810 ἦχός

462 3833 575 3890 lem
625 3840 964 3903 assecutus;
1020 3836 1190 3905 cujus
1242 3837 1395 3891 muri
1457 3854 1634 3891 manu
1685 3838 1913 3892 Domini
1964 3840 2049 3893 3t}

2271 3855 2284 3888 ε
2314 3834 2699 3907 ἑορταζόντων,
2733 3832 2823 3887 καὶ
2857 3838 3006 3908 φωνή
3044 3832 3477 3908 ἀγαλλιάσεωςς
3513 3831 3687 3898 Πλῆν,
3716 3826 3760 3881 εἴ
3784 3821 3858 3877 καὶ

461 3924 598 3995 picti
634 3928 796 3991 sunt,
819 3924 916 3979 ubi
952 3925 1218 3979 omnium
1252 3925 1575 3980 latantium
1602 3932 1691 3981 est
1725 3926 2048 3982 domiciliun

2276 3928 2367 3996 μῖν
2396 3923 2445 3977 ἐν
2497 3922 2818 3999 προοιμίοις
2860 3923 3014 3978 ταύτὶ
3064 3922 3339 3995 λέλεκται,
3392 3925 3487 3979 τὸν
3535 3914 3859 3993 παμμακάρι·

460 4012 717 4069 celebres
748 4019 1069 4069 conventus
1093 4014 1395 4085 agentium
1428 4032 1631 4083 sonus,
1655 4019 1713 4069 et
1745 4032 1864 4069 una
1892 4032 1998 4069 vox
2031 4032 2047 4069 ε

2275 4032 2355 4065 ιον
2405 4012 2650 4087 κρίνουσι
2706 4017 2815 4066 τῶν
2863 4014 3249 4085 ὑπερκοσμίων
3300 4012 3434 4068 εἶναί
3488 4032 3633 4073 τινα,
3663 4006 3862 4063 καὶτῶν

459 4103 892 4179 gxsultationis.
916 4103 1093 4175 Atqui
1124 4103 1256 4158 licet
1281 4103 1399 4158 hac
1424 4104 1593 4159 nobis
1617 4104 1674 4157 in
1698 4103 1933 4159 exordio
1964 4103 2046 4158 dic

2276 4101 2430 4171 ηίνων
2467 4102 2887 4175 ἀπῳκισμὲνων,
2938 4101 3065 4158 ἀλλ’
3111 4101 3235 4159 οὔτε
3279 4104 3628 4179 γεννητόρων
3662 4098 3863 4167 ἀσήμων

459 4193 598 4261 sint,
624 4192 908 4248 nimirum
941 4192 1353 4248 beatissimum
1384 4194 1569 4247 virum
1597 4209 1780 4247 unum
1808 4193 2046 4264 aliquen

2277 4211 2309 4251 νς
2341 4191 2431 4259 ἦν»
2460 4187 2583 4245 οὕτέ
2620 4192 2719 4259 τὴν
2780 4192 3139 4267 ἐνεγκαμένην
3194 4194 3341 4267 εἶχεν
3389 4194 3591 4270 ἅιρανῆ,
3638 4184 3753 4243 οὔτε
3777 4181 3864 4255 μὴν

458 4282 755 4339 cmlitibus
779 4282 877 4354 qui
903 4299 971 4337 ex
992 4282 1099 4337 hac
1123 4281 1240 4336 vita
1272 4282 1624 4352 migrarunt,
1646 4298 1773 4337 esse
1806 4286 2039 4337 statuen

2281 4300 2415 4341 πτεος
2447 4279 2698 4342 εὐτελοῦς
2748 4282 2963 4357 ὑπῆρχε
3003 4280 3263 4352 πολίτης.
3314 4287 3486 4336 Ποῖον
3536 4280 3639 4357 γὰρ
3682 4277 3770 4343 τῆς
3798 4270 3868 4323 οἳ·

456 4372 590 4440 bus,
608 4388 721 4427 non
745 4371 961 4426 idcirco
980 4375 1178 4425 tamen
1203 4375 1510 4441 parentum
1532 4371 1661 4439 ejus
1680 4371 1895 4442 aliquis
1916 4373 2043 4427 obsc

2280 4371 2498 4441 ›υμὲνης
2537 4369 2699 4444 μέρος
2753 4370 2851 4425 οὐκ
2901 4371 3123 4441 ἀκηκόει
3174 4372 3234 4425 τὸ
3284 4378 3386 4442 τῆς
3438 4365 3708 4427 Ἑλλάδος
3737 4379 3867 4435 περι·

459 4478 560 4515 rus
585 4460 715 4525 fuit,
737 4476 924 4529 neque
947 4460 1197 4530 patriam
1221 4476 1335 4513 non
1358 4458 1650 4515 illustrem
1678 4460 1904 4526 habuit,
1924 4462 2023 4516 sed

2282 4459 2389 4520 κνὲς
2423 4456 2494 4528 ;ή
2526 4459 2606 4522 τίς
2633 4459 2728 4523 τὰς
2767 4460 3004 4529 Ἀθήνας
3045 4459 3231 4535 ἀγνοεῖ
3276 4460 3337 4514 τὸ
3370 4465 3473 4528 τῆς
3504 4451 3768 4513 Ἐλλάδος
3797 4444 3869 4501 ὦ·

461 4548 703 4620 ignobili
730 4549 969 4619 quidem
993 4547 1226 4603 civitate
1248 4547 1534 4603 oriundus
1558 4548 1700 4605 civis
1725 4550 1966 4605 exstitit.
1985 4552 2048 4616 Οι

2281 4569 2355 4615 ος,
2383 4549 2444 4602 τὸ
2475 4548 2804 4622 περίπυστον
2856 4548 2944 4602 καὶ
2986 4546 3347 4621 παναοίδιμον
3383 4548 3540 4619 ἄστὸ,
3572 4547 3633 4601 τὸ
3660 4547 3762 4598 τῶν
3793 4556 3868 4611 φι-

460 4643 552 4694 est
582 4638 735 4691 enim
772 4637 932 4692 orbis
963 4642 1128 4692 terra
1164 4653 1297 4708 pars
1320 4654 1449 4707 quae
1483 4654 1593 4692 non
1628 4638 1858 4693 Gracia
1892 4638 2047 4693 clarii

2279 4637 2489 4715 οσόφων
2525 4635 2926 4711 διαιτητήριον,
2983 4638 3070 4691 καὶ
3124 4642 3231 4691 τῶν
3266 4638 3353 4693 ἐπὶ
3390 4637 3548 4712 λόγῳ
3579 4638 3713 4709 μέγα

461 4732 578 4783 tem
611 4725 905 4781 audierit?
938 4730 1000 4780 ut
1030 4726 1291 4781 Athenas
1315 4727 1544 4782 Gracia
1576 4727 1823 4800 gloriam
1859 4727 2048 4783 celebr

2278 4728 2407 4782 ένων
2441 4729 2849 4801 γυμναστήριον
2880 4748 2938 4781 τε
2966 4728 3056 4781 καὶ
3080 4725 3474 4803 παιδευτήριον
3510 4748 3524 4798 ;
3552 4729 3669 4791 ὅθεν
3699 4713 3865 4778 Διονύ-

462 4822 605 4882 tam,
638 4831 704 4870 ac
736 4814 954 4886 ubique
983 4814 1353 4869 decantatam
1386 4816 1700 4884 civitatem,
1738 4817 2047 4889 philosoph

2272 4839 2341 4879 ,ος
2376 4817 2534 4879 οὗτος
2565 4817 2813 4891 ὡρμᾶτο,
2860 4817 2949 4871 καὶ
3001 4814 3063 4871 οὗ
3107 4814 3522 4890 διασημότατος
3554 4811 3859 4891 προηγέτης,

461 4922 593 4960 rum
621 4905 841 4973 sedem,
868 4909 1042 4974 atque
1064 4903 1258 4958 locum
1292 4904 1391 4959 ubi
1412 4905 1668 4961 celebres
1691 4912 1950 4961 oratores
1975 4924 2041 4962 su

2276 4906 2314 4959 ιὶ
2342 4911 2448 4960 τῶν
2478 4904 2528 4959 ἐν
2560 4904 2758 4980 Ἀρείῳ
2803 4907 2961 4982 πάγῳ
3010 4903 3279 4961 δικαστῶν
3331 4904 3683 4981 ἐχρημάτιζε
3713 4895 3863 4976 προῦ-

461 4997 732 5050 exercent
762 4997 819 5047 et
849 4992 1077 5056 docent,
1108 4991 1243 5063 quis
1274 4993 1541 5065 ignorat?
1573 4994 1732 5049 Unde
1763 4995 1871 5050 iste
1903 4995 2044 5050 Dion

2275 5000 2340 5049 ὧν
2374 4994 2461 5050 καὶ
2492 4994 2806 5070 πρόκριτος,
2857 4997 2929 5050 ὧν
2984 4996 3045 5050 τὸ
3092 5000 3190 5051 τοῦ
3229 4997 3425 5070 γένους
3461 4994 3752 5068 περίοπτον
3783 4998 3862 5051 καὶ

462 5082 590 5137 sius
620 5085 813 5136 ortum
847 5080 1091 5151 accepit,
1116 5086 1173 5135 et
1213 5080 1313 5136 ubi
1356 5098 1567 5151 prases
1594 5083 2022 5151 nobilissimus,
2048 5126 2049 5131 η

2276 5081 2596 5160 εγαλόδοξον
2679 5090 2794 5145 τοῖς
2904 5090 3011 5139 τῶν
3110 5083 3373 5149 Ἀτθίδων
3468 5084 3863 5161 συγγραφεῦσιν,

460 5168 1153 5240 interAreopagijudices
1173 5170 1381 5239 primas
1396 5170 2045 5243 obtinens,magistratu

2279 5172 2570 5247 .νδροτίωνι
2626 5172 2714 5227 καὶ
2786 5172 3116 5249 Φιλοχόρῳ,
3191 5176 3326 5229 κατά
3387 5172 3604 5235 πλάτος
3661 5164 3866 5243 ἱστόρη-

460 5257 1008 5326 honorariusjudex
1030 5257 1525 5330 agebat,quorum
1552 5262 1861 5330 prasentia
1881 5263 2113 5332 generis
2221 5285 2337 5321 ται.

461 5352 518 5403 et
538 5345 791 5418 insignis
812 5344 999 5416 gloria
1019 5345 1092 5399 ab
1112 5347 1468 5404 Androtione
1490 5365 1553 5404 ac
1582 5348 1923 5405 Pbilochoro
1942 5351 2115 5407 Athe-

462 5434 772 5490 niensibus
797 5433 1185 5504 scriptoribus
1204 5437 1438 5506 copiose
1458 5437 1668 5494 litteris
1694 5439 1969 5494 mandata
1999 5446 2109 5496 est.

536 5540 682 5596 Hinc
710 5540 889 5596 etiam
922 5544 1011 5594 est
1042 5539 1206 5596 facile
1235 5542 1523 5611 conjicere
1554 5553 1817 5614 parentes
1847 5546 1975 5615 ejus
2005 5563 2110 5617 op-

2293 5551 2407 5627 Ἀιρ’
2466 5546 2538 5602 ὧν
2588 5543 2700 5603 ἔστι
2753 5569 2809 5603 τε
2865 5548 2953 5603 καὶ
3019 5551 3395 5621 τεκμήρασθαι
3450 5548 3540 5601 καὶ
3594 5548 3697 5598 τῶν
3741 5558 3860 5613 προ-

462 5630 692 5687 timates
724 5627 1109 5703 prastabiles,
1129 5646 1193 5685 ac
1224 5632 1433 5688 virtute
1464 5634 1653 5690 claros
1686 5634 1888 5690 fuisse.
1912 5634 2049 5707 Neqi

2268 5631 2388 5692 ivwv
2424 5637 2586 5692 αὐτοῦ
2641 5642 2935 5713 πρωτεῖον,
2989 5636 3079 5692 καὶ
3129 5632 3348 5712 ἔντιμον
3403 5635 3497 5692 καὶ
3532 5627 3855 5703 διαϐόητον·

465 5722 617 5776 enim
678 5721 833 5793 apud
885 5718 1263 5777 Athenienses
1310 5722 1494 5778 elatos
1544 5722 1831 5794 homines,
1878 5725 1937 5779 in
1988 5729 2047 5783 ta

2266 5726 2281 5781 5
2313 5729 2415 5804 γὰρ
2448 5727 2505 5782 ἂν
2540 5728 2664 5803 παρ’
2714 5724 3027 5798 Ἀθηναίοις
3072 5733 3189 5791 τοῖς
3237 5726 3556 5803 ἀγερώχοις
3590 5722 3666 5781 εἷς
3694 5719 3853 5796 ἆρχῆν
