4020 6358
148 495 235 550 621

1136 494 1328 560 VITA,
1372 492 1706 548 AUCTORE
1745 495 2119 548 MICHAELE
2156 496 2508 551 SYNGELO.

3426 499 3534 554 622

149 624 376 695 προῆκτο
401 614 683 686 τοσαύτην,
735 614 778 669 εἰ
829 615 903 687 μὴ
949 614 1084 690 πρὸς
1112 618 1180 689 τῇ
1215 614 1375 693 σοφίᾳ
1426 614 1514 669 καὶ
1544 618 1613 687 τῇ
1664 620 1768 669 τῶν

1906 617 2199 674 sublimem
2232 620 2629 692 principatum
2663 626 2893 677 evectus
2924 627 3096 690 esset,
3142 623 3253 679 nisi
3302 625 3537 696 sapien~

149 713 335 785 φρενῶν
377 704 654 778 εὐκοσμίᾳ,
704 704 1023 782 σωφροσύνῃ
1069 726 1127 759 τε
1174 706 1259 759 καὶ
1296 703 1633 779 δικαιοσύνῃ,
1686 704 1775 759 καὶ

147 796 337 873 ἀνδρίᾳ,
387 796 476 850 καὶ
523 798 591 868 τῇ
647 789 997 870 περιϐλέπτῳ
1026 798 1122 849 τοῦ
1151 795 1338 870 γένους
1369 795 1616 870 ὑπεροχῇ
1648 815 1775 848 κατ-

144 886 427 961 ηγλάϊστο·
502 887 582 955 τῷ
654 884 755 959 γάρ
838 889 1047 938 Λουκᾶν
1133 884 1223 937 τὸν
1306 882 1773 962 φιλαληθέστατον

142 977 220 1031 καὶ
275 974 580 1050 σοφώτατον
641 971 693 1027 έν
750 976 819 1047 τῇ
894 977 1002 1027 τῶν
1075 972 1454 1028 ἀποστολικῶν
1528 973 1772 1047 Πράξεων

150 1063 258 1139 ἀγίᾳ
335 1064 424 1117 καὶ
507 1062 765 1140 πανσόφῳ
845 1066 1145 1139 συγγραφῇ,
1230 1062 1353 1137 περὶ
1420 1066 1528 1118 τῶν
1612 1064 1776 1133 Ἀθή-

146 1174 249 1227 νῃσι
298 1150 731 1206 πεπιστευκότων
786 1148 873 1204 διὰ
926 1157 1025 1220 τῆς
1080 1150 1215 1206 κατᾶ
1265 1152 1353 1205 τὸν
1416 1152 1631 1225 ’Δρειον
1672 1151 1776 1205 πά-

146 1262 224 1317 γον
279 1240 634 1305 θεοπνεύστου
693 1245 789 1293 τοῦ
850 1239 1119 1314 μακαρίου
1167 1238 1388 1295 Παύλου
1422 1237 1648 1309 διδαχῆς
1688 1240 1777 1293 καὶ

149 1329 475 1405 δημηγορίας
520 1327 903 1404 διηγούμενον,
932 1331 1091 1406 φάναι
1140 1331 1257 1383 κατ’
1305 1328 1501 1404 ἐξοχῆς
1551 1330 1775 1404 τρόπον,

144 1426 217 1475 Ἐν
274 1423 353 1481 οἷς
410 1422 475 1488 ἦν
544 1420 632 1473 καὶ
694 1419 974 1480 Διονύσιος
1034 1421 1060 1473 6
1135 1419 1549 1495 Ἀρεοπαγίτης·
1626 1418 1779 1493 ἐναρ-

145 1514 239 1585 γῶς
266 1510 322 1564 τὸ
367 1513 463 1563 τοῦ
506 1512 695 1583 νοεροῦ
734 1504 895 1563 τοῦδε
921 1508 1247 1583 λαμπτῆρος
1294 1508 1430 1563 κατά
1477 1530 1535 1563 τε
1594 1510 1781 1583 γένους

147 1597 525 1671 ἐπισημότητα,
586 1598 675 1652 καὶ
733 1599 847 1652 κατ’
908 1598 1139 1672 ἀρετῆς,
1190 1598 1279 1652 καὶ
1338 1598 1629 1672 γνώσεως,
1691 1598 1781 1651 καὶ

146 1687 311 1762 σοφίας
342 1688 429 1742 καὶ
473 1683 865 1762 ἐλλογιότητος
914 1687 1251 1761 περιουσίαν,
1308 1688 1600 1765 ὑπερφερὲς
1648 1688 1780 1741 ἀπο-

149 1775 418 1833 δείκνυται.
477 1778 557 1835 Οὐ
616 1777 717 1853 γὰρ
780 1775 1017 1851 εἶ’ρηκεν,
1078 1778 1165 1833 Ἐν
1219 1779 1300 1839 οἷς
1350 1778 1415 1846 ἦν
1480 1780 1615 1853 ἀνὴρ
1657 1776 1783 1831 ὀνό-

152 1887 262 1939 ματι
292 1865 591 1933 Διονύσιος,
624 1867 700 1928 ὡς
732 1865 784 1921 εἷ’
825 1887 971 1927 τινος
1002 1864 1199 1921 ε’ίνεκεν
1229 1864 1464 1938 ἀδήλου,
1492 1865 1638 1934 ἀλλ’,
1698 1869 1783 1921 Ἑν

1885 707 2026 762 tiam
2062 712 2117 762 et
2149 708 2330 764 animi
2367 715 2738 780 ornamenta,
2782 712 3175 782 prudentiam,
3216 712 3537 784 justitiam,

1887 797 2317 863 fortitudinem,
2370 799 2588 854 illustri
2640 800 2810 855 etiam
2867 802 3062 871 generi
3113 803 3535 873 conjunxisset.

1884 890 2029 942 Cum
2064 888 2219 941 enim
2250 890 2433 943 Lucas
2459 889 2719 945 veritatis
2745 890 3191 946 amantissimus
3240 892 3539 963 simulque

1887 975 2364 1047 sapientissimus
2400 977 2457 1031 in
2492 985 2695 1033 sancta
2718 979 2996 1051 omnique
3027 978 3198 1051 plena
3228 981 3538 1052 sapientia,

1888 1068 2164 1119 Actorum
2202 1067 2603 1137 apostolorum
2651 1068 2899 1124 historia
2929 1070 2998 1124 de
3044 1069 3136 1124 his
3167 1070 3265 1142 qui
3294 1070 3539 1124 Athenis

1892 1155 1948 1208 Β.
1991 1154 2152 1209 Pauli
2190 1156 2386 1210 divino
2422 1157 2606 1212 afﬂati
2656 1161 2920 1225 numine,
2951 1159 3217 1213 doctrina
3247 1162 3302 1213 et
3332 1158 3540 1230 praedi-

1889 1244 2118 1298 catione
2153 1247 2530 1300 crediderant
2563 1246 2921 1319 loqueretur,
2976 1248 3149 1319 alque
3198 1247 3543 1318 hujusmodi

1891 1334 2066 1388 verba
2098 1350 2202 1404 per
2233 1335 2645 1391 excellentiam
2690 1342 3052 1409 usurpasset,
3104 1340 3165 1392 In
3196 1338 3393 1408 quibus
3421 1346 3545 1394 erat

1890 1428 1942 1478 et
1977 1422 2274 1495 Dionysius
2309 1425 2637 1496 Areopagita
2670 1426 2731 1497 (Ι)
2783 1427 3089 1497 perspicue
3137 1426 3320 1480 divini
3374 1426 3542 1482 istius

1892 1510 2135 1567 luminis
2167 1530 2300 1567 cum
2336 1514 2567 1585 generis
2599 1514 2943 1571 excellentia
2994 1521 3117 1571 tum
3154 1515 3413 1585 virtutis,
3446 1532 3540 1571 co-

1892 1602 2173 1673 gnitionis
2208 1620 2272 1657 ac
2304 1602 2650 1675 eloquentiae
2683 1605 2947 1660 ubertate
2996 1606 3420 1677 praestantiam,
3455 1606 3544 1660 in-

1892 1690 2127 1746 dicavit.
2164 1697 2359 1763 Neque
2392 1692 2549 1747 enim
2585 1693 2732 1747 dixit
2767 1711 2779 1748 :
2814 1696 2875 1748 fn
2905 1694 3122 1765 quibus
3172 1700 3296 1749 erat
3327 1695 3412 1750 vir
3444 1712 3540 1749 no-

1894 1780 2050 1833 mine
2078 1781 2404 1852 Dionysius,
2441 1782 2683 1853 perinde
2716 1798 2778 1835 ac
2804 1783 2851 1836 si
2899 1784 2968 1837 de
3001 1784 3196 1852 ignoto
3228 1783 3422 1855 aliquo
3454 1782 3541 1838 lo-

1894 1873 2192 1940 queretur,
2219 1871 2314 1923 sed
2352 1872 2411 1925 In
2444 1872 2641 1941 quibus
2699 1876 2898 1926 eratet
2957 1872 3255 1943 Dionysius
3302 1875 3545 1943 Areopa-

149 1958 218 2015 οἷς
271 1957 333 2023 ἦν
390 1956 481 2009 καὶ
543 1956 823 2019 Διονύσιος
881 1956 907 2009 6
968 1956 1397 2031 Ἀρεοπαγίτης,
1469 1955 1780 2030 ὑποφαίνων

151 2042 163 2060 .
250 2049 301 2060 τ-
450 2043 464 2060 ,
640 2044 651 2060 .
891 2044 904 2060 ς
975 2046 985 2060 ι
1190 2042 1244 2060 νε.
1313 2046 1336 2060 ι,
1485 2045 1498 2060 .
1599 2044 1622 2060 ,ι
1666 2043 1689 2060 κ

1906 1961 2027 2026 )z'm.
2063 1959 2205 2014 Hinc
2232 1958 2617 2014 subindicans
2652 1960 2841 2014 virum
2875 1961 3269 2016 clarissimum
3294 1979 3394 2032 per
3416 1979 3547 2016 om-

148 2042 389 2113 ἐντεῦθεν,
446 2043 499 2099 ἐν
561 2044 819 2117 στόμασιν
880 2044 1127 2099 ἀπάντων
1182 2042 1396 2115 ᾅδεσθαι
1447 2045 1537 2099 τὸν
1594 2043 1782 2120 ἄνδρα,

150 2134 227 2187 καὶ
267 2132 694 2205 ὀνομαστότατον
729 2136 884 2190 εἶναι.
946 2135 1050 2190 Καὶ
1095 2136 1169 2206 μή
1218 2156 1303 2195 τις
1356 2135 1429 2207 μὴ
1483 2130 1614 2208 μέγα
1662 2156 1784 2188 συν-

147 2221 303 2277 τελεῖν
337 2222 535 2286 οἰέσθω
589 2222 664 2284 εἷς
693 2224 783 2277 τὸν
816 2228 913 2277 τοῦ
958 2222 1129 2299 λόγου
1178 2224 1377 2277 σκοπὸν
1410 2224 1635 2293 ταυτηνὶ
1683 2225 1782 2292 την

149 2311 279 2382 ίερᾶτ
330 2310 733 2386 βραχυλογίανο
765 2312 808 2366 εἰ
840 2312 941 2386 γὰρ
974 2312 1062 2366 καὶ
1115 2311 1324 2387 βραχὺς
1362 2312 1389 2365 6
1423 2312 1611 2385 λόγος,
1643 2311 1787 2366 ἀλλᾶ

151 2398 301 2461 πολὺς
348 2402 375 2456 6
418 2402 550 2477 παρ’
579 2401 743 2455 αὐτοῦ
800 2401 978 2476 βρύων
1035 2400 1111 2463 εἷς
1145 2401 1412 2479 εὐφημίαν
1463 2401 1659 2455 τούτου
1688 2405 1785 2455 τοῦ

154 2491 545 2563 θαυμαζομένου
599 2489 858 2551 πλοῦτος.
924 2491 1084 2546 Οὕτω
1130 2491 1231 2566 γὰρ
1293 2493 1535 2559 Μωϋσῆς
1592 2492 1619 2545 6
1670 2490 1785 2553 θεό-

152 2600 271 2648 πτης
310 2578 359 2633 ἔν
399 2600 509 2634 τινι
557 2586 657 2648 τῆς
708 2581 1094 2654 κοσμογενείας
1152 2579 1302 2654 ῥητῷ
1361 2578 1785 2652 συντομωτοὶτῳ,

156 2666 479 2743 Μελχισεδὲκ
556 2668 1071 2741 ἀπομνημονεύσας,
1139 2674 1235 2722 τοῦ
1308 2672 1405 2739 τὴν
1466 2670 1584 2732 καθ’
1639 2672 1789 2740 ἡμᾶς

154 2760 500 2830 πνευματικὴν
551 2759 849 2833 ἱερωσύνην
902 2758 1384 2833 προτυπώσαντος,
1450 2761 1587 2829 μήτε
1626 2758 1787 2812 τίνων

155 2847 331 2921 γονέων
378 2848 493 2909 υἱὸς
550 2847 803 2922 ἐγεγόνει,
857 2844 988 2920 μηδ’
1047 2849 1240 2910 ὁπόθεν
1292 2848 1543 2922 ὥρμητο,
1600 2844 1791 2916 διαση-

160 2935 468 3008 μηνάμενος,
532 2937 607 2997 ὡς
652 2935 704 2991 ἐν
754 2936 1000 2999 ἀθανάτω
1051 2936 1226 3010 στήλῃ
1254 2939 1352 3005 τήν
1397 2937 1604 2991 ἐκείνου
1649 2938 1790 3009 μνή-

161 3045 252 3094 μην
272 3031 385 3087 ταῖς
435 3024 728 3097 μετέπειτα
778 3031 989 3099 γενεαῖς
1035 3022 1455 3095 διαιωνιζόντως
1510 3026 1793 3102 εὐφημου-

161 3114 307 3184 μὲνην
354 3111 743 3170 καταλέλοιπε.
779 3120 943 3190 Δεῦρο
977 3112 1043 3182 δὴ
1077 3116 1166 3169 οὗν
1221 3115 1401 3179 αὐτὸς,
1433 3117 1476 3169 ὦ
1515 3123 1614 3184 τῆς
1664 3137 1794 3188 παγ-

158 3202 366 3273 κοσμίου
412 3203 690 3277 σωτηρίας
736 3203 825 3257 καὶ
878 3208 1053 3279 χαρᾶς
1103 3201 1489 3278 εύαγγελιστᾶι,
1550 3206 1639 3258 καὶ
1694 3211 1793 3273 τῆς

161 3290 408 3366 ἀφράστου
450 3297 554 3347 τοῦ
604 3296 737 3347 Θεοῦ
789 3292 963 3368 Λόγου
1015 3294 1339 3368 σαρκώσεως
1394 3292 1795 3368 μεγαλοκήρυξ,

1896 2047 2058 2101 nium
2091 2065 2189 2102 ora
2221 2048 2526 2104 celebrari.
2574 2054 2772 2120 Neque
2823 2050 2974 2105 hanc
3027 2051 3205 2104 divini
3259 2050 3548 2106 sermonis

1893 2136 2232 2191 brevitatem
2283 2138 2352 2190 ad
2408 2137 2795 2193 intentionem
2850 2139 3133 2193 orationis
3183 2139 3549 2210 propositam

1895 2242 2009 2279 non
2046 2226 2239 2296 magni
2277 2227 2489 2281 referre
2522 2226 2811 2298 quispiam
2847 2228 3335 2282 arbitretur.Nam
3370 2229 3548 2282 etiam

1895 2316 1941 2369 si
1977 2317 2166 2370 brevis
2200 2316 2277 2369 sit
2309 2316 2515 2383 oratio,
2550 2316 2763 2370 divitiae
2795 2321 2990 2371 tamen
3024 2333 3150 2388 qua:
3181 2317 3315 2372 inde
3348 2317 3407 2371 in
3436 2316 3548 2371 hu-

1887 2405 1989 2473 jus
2021 2405 2118 2475 qui
2170 2404 2500 2459 celebratur
2549 2406 2657 2460 viri
2705 2404 2939 2461 laudem
2976 2407 3188 2473 fluunt,
3240 2410 3379 2461 sunt
3410 2422 3541 2477 per-

1898 2493 2118 2547 multae.
2156 2493 2354 2564 Neque
2382 2510 2552 2549 secus
2583 2494 2737 2547 enim
2771 2494 3070 2566 inspector
3103 2494 3197 2550 Dei
3233 2494 3457 2566 Moyses
3480 2495 3541 2548 in

1896 2581 2111 2652 scripto
2172 2583 2425 2651 quodam
2486 2582 2797 2637 creationis
2876 2584 3081 2638 mundi
3168 2583 3537 2651 brevissimo,

1898 2687 2031 2725 cum
2074 2670 2498 2725 Melchisedech
2552 2671 2652 2741 qui
2703 2672 2966 2727 divinum
3010 2674 3181 2742 juxta
3231 2670 3407 2725 ritum
3440 2686 3549 2724 no-

1898 2766 2088 2815 strum
2144 2761 2540 2815 sacerdotium
2588 2778 2705 2832 prie
2756 2778 2817 2815 se
2888 2762 3131 2826 ferebat,
3184 2761 3543 2815 mentionem

1902 2850 2157 2915 fecisset,
2181 2865 2299 2904 .nee
2340 2849 2558 2921 quibus
2610 2850 2951 2921 parentibus
2999 2854 3164 2905 ortus
3198 2853 3388 2917 ‘esset,
3439 2863 3547 2903 nec

1902 2940 2058 2995 unde
2090 2940 2243 2995 362
2274 2938 2562 3010 originem
2596 2939 2854 2994 traheret
2878 2940 3306 3009 aperiens,ejus
3329 2954 3555 2991 memo-

1902 3029 2068 3097 riam,
2101 3045 2226 3099 quas
2260 3046 2361 3099 per
2381 3027 2595 3083 saecula
2636 3028 2880 3083 celebris
2914 3030 3079 3093 f'oret,
3132 3034 3416 3099 tanquam
3444 3027 3558 3081 im-

1905 3116 2135 3172 mortali
2171 3117 2529 3172 monimento
2552 3124 2976 3180 consecratam,
3006 3117 3255 3189 posteris
3290 3116 3551 3187 reliquit.

1905 3212 2023 3277 Age
2058 3206 2335 3276 (obsecro)
2370 3206 2549 3277 igitur
2579 3207 2725 3277 ipse,
2768 3224 2799 3261 ο
2846 3207 3045 3277 gaudii
3093 3211 3149 3261 et
3198 3208 3388 3260 fausto
3422 3222 3553 3277 pre-

1904 3297 2065 3350 tiosae
2098 3293 2307 3349 salutis
2343 3296 2565 3360 nuntie,
2600 3312 2631 3348 o
2663 3294 2874 3365 ingens
2896 3295 3211 3350 ineffabilis
3236 3296 3556 3349 descensus

158 3378 361 3435 καίτῶν
414 3380 579 3436 θείων
611 3383 779 3436 αὐτοῦ
826 3383 1069 3455 σημείων
1120 3382 1209 3436 καὶ
1260 3380 1563 3457 μεγαλείων
1627 3382 1794 3457 ῥῆτορ

1909 3384 2036 3439 Filii
2070 3384 2168 3438 Dei
2203 3400 2411 3453 praco,
2445 3389 2501 3437 et
2543 3383 2873 3437 divinorum
2926 3385 3054 3453 ejus
3107 3383 3553 3448 miraculorum,

159 3468 527 3543 ἀψευδέστατε,
586 3470 676 3524 καὶ
735 3475 840 3525 τῶν
899 3469 1299 3547 εὐαγγελιστῶν
1362 3470 1795 3542 διεξοδικώτατε,

164 3564 327 3613 Λουκᾶ
356 3559 806 3634 παμμακάριστε,
835 3557 991 3633 δεῦρο
1024 3559 1245 3635 φράσειν
1275 3562 1434 3632 ἡμῖν,
1465 3561 1545 3621 τίς
1578 3558 1735 3622 οὗτος
1769 3562 1796 3615 ὁ

160 3648 427 3719 Διονύσιος,
458 3650 557 3705 καὶ
589 3654 774 3717 ποῖος,
808 3648 899 3703 καὶ
930 3651 1032 3718 τὴν
1080 3648 1309 3705 πλεῖστα
1356 3651 1795 3722 συντετμημὲνην

164 3756 243 3791 σου
270 3740 607 3815 ἱερολογίαν,
635 3740 753 3804 καθ’
783 3741 843 3808 ἣν
874 3740 1095 3795 τουτονῖ
1126 3742 1216 3795 τὸν
1251 3739 1574 3813 ἱεροφάντην
1624 3742 1799 3814 προή-

164 3847 324 3903 γαγες,
356 3829 700 3901 ἐξάπλωσον.

230 4007 388 4069 Οὗτός
418 4008 557 4075 ἐστι,
590 4007 776 4084 φησὶν,
812 4010 839 4062 6
868 4012 977 4063 τῶν
1005 4008 1121 4061 καθ’
1143 4004 1383 4063 Ἑλλάδα
1414 4006 1660 4081 λογάδων
1710 4007 1802 4061 καὶ

174 4093 480 4171 εὐπατριδῶν
541 4097 973 4165 εὐκλεέστατος,
1044 4097 1133 4151 καὶ
1190 4104 1289 4166 τῆς
1348 4094 1801 4173 Ἀρεοπαγίτιδος

177 4182 358 4256 βουλῆς
414 4185 781 4261 ἐξοχώτατος·
835 4186 896 4241 ού
959 4188 1054 4257 μὲν
1095 4190 1351 4241 τοσοῦτον
1411 4185 1471 4241 ἐκ
1499 4194 1598 4256 τῆς
1656 4186 1805 4259 ἀξίας

172 4274 471 4345 περικλυτὸς
526 4276 877 4353 ἀποφανθεῖς,
937 4274 1059 4329 ὅσον
1108 4275 1267 4337 αὐτὸς
1322 4276 1528 4345 ἐκείνην
1582 4297 1807 4354 περιφα-

174 4364 393 4436 νεστέραν
449 4365 743 4442 ἀπέφηνεν.
808 4363 975 4425 Οὗτός
1030 4362 1170 4418 ἐστιν
1232 4366 1258 4418 6
1323 4366 1397 4436 μὴ
1455 4366 1618 4437 μόνον
1669 4368 1806 4420 κατὰ

176 4456 323 4506 πᾶσαν
371 4453 684 4526 ἐπιστήμης
738 4451 965 4529 λογικῆς
1015 4450 1159 4506 ἰδέαν
1207 4450 1565 4521 τελεώτατος,
1628 4460 1801 4507 Στωϊ-

176 4544 266 4593 κῶν
310 4563 365 4597 τι
417 4545 507 4599 καὶ
559 4542 966 4617 Ἐπικουρείων,
1000 4543 1088 4595 καὶ
1118 4546 1225 4595 τῶν
1271 4539 1459 4595 ἄλλων
1488 4540 1801 4617 φιλοσόφων

179 4625 623 4707 φιλοσοφώτατος,
676 4630 767 4683 καὶ
823 4634 931 4683 τῶν
989 4628 1395 4696 Ἀττικιζόντων
1426 4629 1515 4682 καὶ
1546 4648 1803 4703 γραμμα-

1908 3478 2084 3543 atque
2118 3488 2311 3526 rerum
2347 3472 2795 3543 magnificarum
2838 3472 3212 3527 veracissime
3243 3470 3555 3525 conciona-

1908 3566 2057 3627 tor,o
2090 3560 2582 3632 evangelistarum
2619 3560 3005 3632 amplissime,
3027 3560 3365 3616 beatissime
3388 3560 3559 3627 Luca,

1911 3656 2024 3721 Age
2056 3652 2172 3704 t'are
2207 3651 2397 3721 nobis,
2426 3650 2667 3721 quinam
2721 3656 2776 3704 et
2820 3650 3013 3721 qualis
3055 3650 3133 3704 sit
3182 3650 3291 3705 iste
3338 3649 3556 3719 Diony-

1909 3740 2052 3803 sius,
2084 3745 2142 3793 et
2173 3755 2399 3794 sacram
2434 3745 2594 3793 tuam
2634 3756 2909 3810 perquam
2956 3739 3368 3794 brevissimam
3412 3736 3562 3792 scri-

1911 3828 2316 3899 ptionem,qua
2339 3827 2493 3883 hunc
2512 3829 2775 3883 omnium
2793 3829 3091 3883 doctorem
3115 3827 3174 3881 in
3206 3826 3399 3882 lucem
3429 3842 3565 3898 pro-

1911 3917 2139 3985 vexisti,
2176 3917 2344 3972 nobis
2378 3918 2655 3972 edissere.

1989 4008 2087 4061 Hic
2132 4013 2240 4073 est,
2294 4007 2510 4077 inquit,
2563 4006 2715 4060 inter
2762 4005 3115 4061 lectissimos
3161 4023 3226 4061 ac
3282 4006 3565 4077 dignitate

1912 4100 2260 4167 praestantes
2289 4095 2519 4150 Grascia:
2551 4095 2725 4158 viros,
2763 4094 2999 4165 pietatis
3059 4094 3249 4150 cultor
3289 4096 3561 4162 eximius,

1912 4191 1967 4241 et
1996 4184 2481 4256 Areopagitarum
2513 4182 2741 4238 concilii
2766 4188 3001 4238 senator
3028 4183 3562 4255 amplissimus,qui

1912 4292 2028 4329 non
2077 4279 2197 4328 tam
2251 4274 2504 4344 inclytus
2551 4273 2623 4326 ob
2674 4272 3019 4343 dignitatem
3069 4272 3308 4326 effectus
3356 4273 3560 4339 fuisse,

1912 4368 2198 4435 quantum
2221 4362 2567 4433 dignitatem
2595 4362 2719 4431 ipse
2749 4362 3055 4417 clariorem
3083 4362 3345 4416 effecisse
3369 4367 3457 4415 est
3480 4361 3565 4433 ju-

1911 4453 2220 4507 dicandus.
2254 4453 2353 4505 Hic
2385 4456 2473 4506 est
2504 4451 2601 4522 qui
2642 4468 2752 4505 non
2787 4451 2977 4506 solum
3002 4451 3199 4507 omnia
3233 4451 3567 4505 disserendi

1914 4540 2170 4596 scientiae
2203 4546 2550 4595 ornamenta
2608 4540 2946 4610 complexus
2996 4545 3084 4595 est
3136 4540 3462 4595 Stoicorum
3512 4545 3570 4595 et

1915 4630 2329 4702 Epicureorum
2363 4634 2821 4700 eaaterorumque
2855 4629 3335 4700 philosophorum
3357 4629 3573 4685 doctis-

180 4719 514 4791 τικευομένων
572 4718 939 4780 ἀττικώτατός
996 4738 1055 4772 τε
1100 4715 1187 4771 καί
1234 4718 1659 4792 τεχνικώτατος,
1715 4718 1794 4771 καί

1916 4721 2127 4781 simus,
2159 4724 2215 4772 et
2250 4717 2429 4771 Attice
2449 4722 2505 4772 et
2537 4717 2788 4771 litterate
2813 4717 3181 4788 loquentium
3214 4717 3571 4773 facundissi-

186 4802 404 4883 ῥητόρων
440 4808 904 4884 ῥητορικώτατος,
958 4807 1047 4861 καί
1095 4812 1205 4860 τῶν
1253 4808 1377 4879 περὶ
1406 4808 1506 4875 τὴν
1556 4807 1811 4882 ἀστρονο-

189 4892 294 4963 μίαν
340 4898 772 4972 καταγινομίνων
819 4897 1325 4968 θεωρητικώτατος,
1374 4896 1469 4949 κάν
1524 4902 1638 4956 ταῖς
1699 4896 1816 4950 λοι-

186 4989 294 5045 παῖς
332 4985 640 5061 ἐγκυκλίοις
691 4983 1030 5039 παιδεύσεσιν
1076 4980 1485 5056 ἀκριϐέστατος,
1534 4984 1679 5039 ἀλλὰ
1724 4987 1814 5039 καὶ

188 5074 244 5141 τῇ
269 5076 544 5146 τετρακτύϊ
574 5080 680 5130 τῶν
731 5075 933 5149 ἀρετῶν
985 5074 1340 5149 ἀρτιώτατος.
1390 5073 1560 5133 υῦτός
1594 5073 1730 5127 ἐστιν
1789 5075 1815 5127 6

191 5154 322 5230 δίκης
351 5164 717 5240 ἀρῥεπεστατῃ
760 5164 993 5236 τρυτάνῃ
1046 5162 1412 5237 κεχρημένος,
1460 5162 1551 5215 καὶ
1595 5166 1700 5215 τῶν
1763 5162 1814 5216 έν

188 5246 413 5319 Ἀθήναις
472 5253 897 5325 θεμιστευόντων
957 5251 1283 5315 εύθύτατος’
1333 5250 1422 5303 καὶ
1480 5254 1647 5304 ταῦτα
1703 5256 1821 5311 τοῖς

190 5334 515 5409 Ἑλληνικοῖς
546 5339 623 5397 ἔτι
654 5340 1091 5415 προσηλωμένος
1123 5339 1517 5414 θρησκεύμασι,
1559 5340 1648 5392 καὶ
1706 5345 1820 5402 τοῖς

194 5427 295 5487 Διὸς
325 5430 734 5505 ἐμπεφυρμὲνος
773 5429 1138 5505 βδελύγμασι,
1189 5430 1275 5482 καὶ
1311 5434 1427 5488 τοῖς
1472 5434 1570 5495 τῆς
1605 5426 1825 5487 Παλλά,

196 5510 271 5578 δος
328 5520 554 5590 Ἀθηνᾶς
609 5518 922 5581 εἰδωλιγηοῖς
983 5517 1450 5593 ἐπαγλαϊζόμενος
1502 5512 1825 5588 σεδάσμασι,

193 5606 269 5657 καὶ
310 5610 399 5670 τὰς
447 5611 562 5664 κατ’
616 5608 815 5686 Ὀρφέα
860 5609 952 5662 τὸν
1016 5607 1188 5661 πάντα
1244 5611 1357 5667 τοῖς
1421 5610 1705 5678 μουσικοῖς
1736 5603 1827 5659 ἔλ-

256 5821 311 5893 (ι)
339 5825 460 5881 Act.
488 5842 628 5897 xvn,
661 5827 750 5883 34.

1923 4808 2357 4876 mus,idemque
2384 4806 2849 4874 eruditissimus,
2891 4807 3191 4860 rhetorum
3226 4806 3576 4877 eloquentis-

1924 4899 2136 4959 simus,
2165 4895 2536 4950 astronomiaa
2567 4895 2702 4949 item
2738 4896 3207 4950 incumbentium
3242 4897 3577 4965 speculator

1927 4986 2268 5054 acerrimus,
2303 5000 2367 5038 ac
2397 4986 2451 5038 in
2485 4985 2706 5039 creteris
2740 4984 3082 5039 liberalibus
3113 4984 3443 5054 disciplinis
3477 5000 3577 5053 pe-

1929 5074 2273 5138 ritissimus,
2311 5073 2455 5144 quin
2520 5078 2576 5127 et
2624 5077 2875 5143 quatuor
2925 5077 3205 5143 praeterea
3259 5073 3576 5127 virtutibus

1930 5181 2165 5220 summe
2196 5169 2440 5217 ornatus
2475 5163 2583 5216 fuit
2624 5162 2725 5215 Hic
2757 5166 2845 5216 est
2870 5162 2966 5232 qui
2993 5162 3321 5217 rectissima
3352 5161 3579 5231 injudi-

1930 5254 2117 5309 cando
2149 5253 2769 5318 trutioausus,eorum
2806 5251 2903 5321 qui
2926 5250 3284 5319 Athenisjus
3308 5251 3582 5307 dicebant

1925 5341 2301 5411 justissimus
2336 5340 2464 5409 fuit,
2503 5342 2680 5408 idque
2711 5357 2843 5394 eum
2880 5339 3072 5394 adhuc
3104 5340 3413 5410 gentilium
3450 5341 3581 5395 reli-

1934 5433 2103 5501 gione
2136 5432 2480 5494 obstrictus,
2515 5429 2788 5496 Jovisque
2821 5428 3357 5484 abominationibus
3388 5430 3587 5501 inqui—

1937 5526 2135 5587 natus,
2168 5524 2224 5573 et
2271 5519 2626 5573 exsecrando
2684 5518 2938 5573 Palladis
2987 5518 3364 5574 Atheniensis
3404 5520 3588 5573 cultui

1939 5609 2160 5662 nefarie
2191 5612 2347 5662 esset
2380 5606 2673 5673 addictus,
2707 5606 3005 5662 fabulosos
3038 5607 3178 5663 item
3218 5607 3454 5679 Orphei,
3488 5607 3590 5678 qui
