4020 6358
386 406 494 462 623

1625 403 1685 457 S.
1724 400 2044 455 DIONYSII
2079 398 2563 457 AREOPAGITzE

3694 403 3794 459 624

386 532 584 589 omnia
615 533 685 587 ad
716 547 779 586 se
832 528 1075 585 musicis
1122 526 1502 583 concentibus
1553 524 1883 581 attrahebat
1930 540 2028 578 su-

2145 541 2310 577 κοντα
2366 523 2667 596 κρούμασι,
2732 522 2999 597 μυθώδεις
3058 524 3341 599 θεολογίας
3404 527 3797 599 ἀσπαζόμενος,

386 621 594 678 blimes
625 622 696 675 de
726 620 840 675 diis
873 634 1175 673 sermones
1205 616 1589 688 amplectens,
1642 621 1699 669 et
1742 613 1884 669 anili
1930 612 2038 668 He-

385 711 535 767 siodi
568 708 907 781 Theogonia
936 707 1183 761 libenter
1205 706 1567 760 detineretur
1587 702 1921 758 illectus.At
1939 700 2038 756 ubi

386 801 575 873 gratia
604 798 884 855 salutaris
920 797 1150 851 cunctis
1200 794 1541 849 hominibus
1594 791 1806 858 illuxit,
1840 790 2037 859 genti-

383 889 529 945 lium
579 888 880 943 ebrietatis
926 892 983 941 et
1031 886 1303 940 amentiae
1364 884 1637 938 tenebras
1689 880 2035 949 eliminavit,

388 980 916 1047 universorumque
965 974 1421 1030 simulacrorum
1468 988 1730 1027 errorem
1780 971 1850 1025 de
1881 976 2038 1025 terra

382 1066 650 1131 sustulit,
683 1082 748 1120 ac
784 1066 997 1136 ubique
1023 1070 1311 1119 terrarum
1355 1061 1456 1116 Dei
1492 1066 1549 1115 et
1580 1058 1896 1115 servatoris
1928 1076 2035 1113 no-

384 1157 492 1214 stri
524 1156 738 1212 Christi
768 1153 1350 1225 discipuli,tanquam
1376 1149 1587 1222 aquilae
1610 1149 1878 1220 quaedam
1904 1164 2037 1219 pas-

384 1246 469 1303 sis
503 1245 611 1301 alis
641 1243 937 1300 evolantes
968 1258 1033 1297 ac
1064 1244 1492 1313 percurrentes,
1514 1238 1723 1293 divinae
1756 1237 2035 1309 cognitio-

384 1335 478 1391 nis
512 1333 734 1389 lumine
767 1332 1054 1387 mundum
1085 1330 1551 1385 illustraverunt.
1584 1327 1827 1390 Quando
1859 1326 2035 1380 etiam

384 1423 605 1480 Paulus
654 1423 1062 1493 theologorum
1126 1434 1438 1489 supremus
1483 1423 1540 1472 et
1602 1414 2033 1481 divinissimus,

384 1512 651 1585 gentium
684 1509 1009 1581 apostolus,
1032 1509 1174 1563 tuba
1204 1506 1415 1561 coelum
1452 1521 1639 1576 usque
1669 1504 2033 1575 pertingens,

382 1627 487 1669 vas
520 1608 845 1673 electionis,
878 1607 1135 1661 Athenas
1180 1604 1489 1670 concessit,
1525 1602 1623 1657 ubi
1677 1600 2035 1671 praeconium

383 1716 418 1757 ει
447 1715 559 1769 quo
588 1697 841 1753 salutem
873 1700 930 1751 et
960 1695 1140 1749 vitam
1175 1693 1435 1748 mundus
1461 1691 1770 1763 acciperet,
1797 1706 2033 1744 annun-

382 1787 830 1857 tians,divinum
863 1782 1095 1839 Domini
1122 1799 1333 1838 nomen
1367 1780 1817 1836 circumferebat
1843 1794 2037 1833 :cum-

2148 611 2236 665 xui
2289 612 2386 679 τὴν
2447 620 2769 687 γραοπρεπῆ
2804 616 2933 686 παρ’
2988 611 3225 686 Ἡσιόδῳ
3257 616 3544 690 Θεογονίαν
3580 616 3795 688 ἀσμενι-

2151 699 2396 772 ζόμενος.
2445 699 2667 771 Ἐπειδή
2717 699 2773 756 δὲ
2816 704 2915 770 τὴν
2951 709 3053 771 τῆς
3082 701 3418 774 Ἑλληνικῆς
3467 704 3651 765 ἀνοίας
3708 705 3794 759 καῖ

2151 790 2323 861 μέθης
2368 789 2545 865 ἀχλὺν
2578 793 2611 860 ἡ
2668 797 2827 845 πᾶσιν
2881 792 3189 866 ἀνθρώποις
3250 792 3572 868 ἀπιφανεῖσα
3619 796 3792 863 σωτή-

2148 898 2263 952 ριος
2311 878 2471 953 χάρις
2520 877 2865 949 ἀπεσκέδασε,
2914 880 3001 935 καὶ
3051 886 3221 935 πᾶσαν
3266 881 3370 936 ἀπὸ
3418 888 3524 956 γῆς
3578 879 3797 937 εἷδωλι-

2144 968 2244 1035 κήν
2297 968 2512 1023 καθεῖλε
2540 968 2774 1039 πλάνην,
2826 970 2916 1024 καῖ
2946 970 3257 1045 πανταχόσε
3312 977 3412 1040 τῆς
3448 969 3797 1043 οἰκουμένης,

2146 1056 2233 1111 οἷά
2262 1078 2402 1118 τινες
2432 1057 2577 1112 ἀετοὶ
2607 1058 3005 1134 τανυσίπτεροι,
3066 1056 3411 1133 διιπτάμενοι
3472 1059 3562 1114 καῖ
3621 1058 3795 1114 διαθὲ-

2147 1165 2294 1234 οντες
2330 1144 2378 1200 οἱ
2410 1151 2505 1200 τοῦ
2556 1152 2690 1201 Θεοῦ
2737 1148 2827 1202 καῖ
2857 1155 3118 1220 Σωτῆρος
3167 1151 3329 1221 ἡμῶν
3358 1151 3594 1224 Χριστοῦ
3630 1151 3801 1222 μαθη-

2146 1235 2233 1289 ταὶ
2284 1239 2363 1306 τῷ
2418 1242 2521 1304 τῆς
2566 1237 2888 1312 θεογνωσίας
2938 1236 3077 1312 φωτί
3121 1238 3212 1293 τὸν
3261 1239 3469 1312 κόσμον
3524 1239 3803 1312 κατηύγα-

2148 1342 2262 1376 σαν·
2309 1323 2397 1377 καῖ
2431 1322 2646 1387 Ηαῦλος
2676 1330 2784 1381 τῶν
2816 1324 3092 1401 θεολόγων
3123 1328 3151 1381 ὁ
3199 1327 3506 1401 κράτιστος,
3551 1328 3639 1382 καὶ
3692 1331 3799 1381 τῶν

2146 1409 2312 1475 ἐθνῶν
2374 1415 2400 1467 ὁ
2460 1413 2732 1477 θειότατος
2790 1412 3120 1483 ἀπόστολος,
3177 1418 3212 1486 ἡ
3260 1417 3652 1490 οὐρανομήκης
3677 1414 3805 1471 σάλ-

2145 1501 2295 1575 πιγξ,
2349 1503 2409 1556 τὸ
2467 1507 2652 1565 σκεῦος
2706 1507 2806 1570 τῆς
2865 1504 3122 1579 ἐκλογῆς,
3154 1510 3273 1567 ταῖς
3314 1506 3577 1575 Ἀθήναις
3604 1502 3802 1577 ἐπεδή-

2151 1612 2311 1663 μησε,
2373 1591 2652 1661 σαλπίζων
2711 1594 2771 1647 τὸ
2820 1593 3159 1667 σωσίκοσμον
3213 1594 3303 1649 καῖ
3356 1589 3639 1671 φερέσϐιον
3701 1598 3805 1666 κή⁴

2148 1699 2351 1755 ρυγμα,
2403 1681 2493 1735 καῖ
2536 1681 2600 1735 τὸ
2633 1687 2774 1745 θεῖον
2804 1686 2895 1737 καῖ
2930 1680 3247 1738 δεσποτικὸν
3292 1683 3572 1758 βαστάζων
3606 1681 3809 1757 ὄνομα,

2146 1777 2236 1830 καὶ
2295 1779 2411 1832 κατ’
2458 1775 2690 1834 εἷ’δωλον
2735 1780 2833 1849 τὴν
2897 1778 2948 1835 ἐν
2983 1785 3103 1841 ταῖς
3133 1778 3420 1850 Ἑλληνίσι
3449 1778 3803 1857 προῦχουσαν

386 1894 502 1950 que
552 1879 814 1932 cerneret
856 1874 1174 1940 civitatem,
1224 1888 1348 1942 quae
1413 1870 1636 1925 caeteris
1702 1872 2031 1922 Graecorum

2149 1863 2343 1969 πόλεσι
2375 1868 2716 1940 τεθεαμένος,
2750 1869 2841 1923 καὶ
2872 1874 2951 1941 τῷ
2982 1872 3146 1942 θεῖ’κῷ
3196 1869 3573 1943 πυρποληθεῖς
3627 1871 3807 1944 ζήλῳ,

390 1969 669 2025 omnibus
701 1970 1041 2030 antestaret,
1076 1964 1525 2019 simulacrorum
1552 1961 1705 2016 363
1739 1959 1923 2014 cultui
1947 1959 2039 2013 de-

390 2060 595 2126 ditam,
629 2071 828 2110 amore
860 2054 1056 2109 divino
1088 2051 1647 2117 succensus,ardore
1680 2050 1933 2121 quodam
1956 2048 2037 2102 ci-

388 2147 625 2202 vitatem
656 2144 960 2215 ingressus
992 2146 1101 2210 est,
1136 2146 1193 2197 et
1221 2157 1355 2196 cum
1377 2140 1761 2204 Judaaos,tum
1789 2138 2038 2206 Gracos,

385 2234 685 2305 sapientes
715 2237 771 2287 et
812 2232 1099 2299 indoctos,
1145 2244 1530 2300 quoscunque
1573 2226 1771 2281 obvios
1807 2225 2037 2289 habuit,

387 2321 753 2397 argumentis
785 2319 1067 2390 impetere
1096 2318 1290 2389 coepit,
1316 2316 1640 2388 Jesumque
1694 2316 1792 2386 qui
1827 2331 1932 2370 nos
1964 2313 2037 2369 ab

379 2410 744 2483 impostoris,
769 2406 1495 2477 homicidm,draconisque
1517 2405 2037 2478 tyrannide,morte

383 2518 449 2555 ao
465 2500 703 2556 interitu
720 2498 1133 2563 vindicaret,et
1154 2500 1453 2551 mortuoru
1467 2512 1518 2549 m
1542 2494 2033 2549 resurrectionem

377 2587 528 2661 latis
553 2587 833 2659 auspiciis
866 2585 1266 2641 nuntiavit.Ac
1290 2584 1693 2655 Epicureos,et
1725 2582 1881 2653 quia
1905 2598 2036 2652 por-

388 2678 501 2733 ticu
536 2676 784 2749 picturis
814 2675 1109 2745 variegata
1143 2689 1356 2728 nomen
1400 2677 1774 2742 acceperunt,
1806 2687 1952 2724 nova
1979 2676 2037 2724 et

380 2766 650 2823 inaudita
671 2782 735 2820 ac
763 2762 1298 2834 ccslestisapientia
1336 2761 1396 2816 in
1438 2762 1737 2831 ingentem
1782 2759 2035 2814 admira-

377 2857 598 2910 tionem
624 2853 963 2909 attraxit.Et
982 2852 1050 2905 ad
1074 2848 1855 2921 AreOpagitarumjudicium
1882 2846 2036 2902 dela-

376 2941 1021 3021 tus,ipsosquejudices
1035 2939 1299 2994 omnium
1319 2938 1797 3007 maxime,omnes
1818 2937 2031 2991 caelesti

375 3033 515 3088 huic
530 3029 911 3103 philosophiae
925 3027 1499 3085 animumintendere
1512 3024 1766 3080 suaviter
1781 3024 2030 3079 induxit.

382 3131 533 3186 Tum
566 3128 877 3200 Dionysius
909 3125 1218 3182 confestim
1252 3141 1285 3180 a
1321 3124 1501 3191 luteo,
1535 3127 1591 3178 et
1624 3123 1831 3178 insano
1863 3122 2033 3193 quasi

378 3217 833 3274 simulacrorum
868 3222 1076 3287 stagno
1133 3214 1499 3281 desciscens,
1531 3211 1711 3267 Paulo
1762 3211 2027 3266 divinum

2151 1955 2365 2029 θερμῶς
2393 1957 2491 2025 τήν
2526 1955 2689 2011 πόλιν
2724 1957 3121 2030 είσεληλακὼς,
3170 1961 3306 2033 πρὸς
3352 1959 3479 2024 τοὺς
3527 1982 3809 2036 παρατυγ-

2150 2042 2414 2118 χάνοντας
2458 2043 2755 2109 Ἰουδαίους
2803 2069 2861 2102 τε
2907 2050 2997 2103 καὶ
3025 2047 3328 2119 Ἕλληνας,
3380 2050 3582 2126 σοφούς
3613 2071 3672 2105 τε
3722 2052 3811 2105 καῖ

2150 2130 2370 2195 ἰδιώτας
2433 2131 2747 2204 διείλεκται,
2787 2136 2877 2191 καὶ
2924 2137 3016 2191 τὸν
3066 2142 3164 2203 τῆς
3214 2142 3311 2192 τοῦ
3361 2137 3656 2194 δελεαστοῦ
3717 2142 3805 2195 καὶ

2153 2218 2515 2298 βροτοκτόνου
2537 2225 2626 2280 καῖ
2659 2223 2950 2300 δράκοντος
2977 2225 3309 2302 τυραννίδος,
3341 2232 3438 2283 τοῦ
3467 2249 3526 2282 τε
3573 2230 3808 2292 θανάτου

2146 2313 2236 2366 καὶ
2287 2319 2387 2382 τῆς
2446 2320 2649 2391 φθορᾶς
2710 2313 3079 2390 λυτρούμενον
3116 2318 3348 2386 Ἰησοῦν,
3409 2316 3500 2371 καῖ
3554 2319 3656 2385 τήν
3698 2323 3805 2372 τῶν

2145 2406 2351 2477 νεκρῶν
2399 2402 2681 2457 ἀνάστασιν
2742 2401 3152 2480 εὐηγγελίσατο,
3220 2409 3309 2460 καὶ
3366 2405 3494 2468 τοῦς
3543 2406 3593 2479 ἐξ
3655 2407 3810 2462 Ἐπι-

2146 2491 2347 2566 κούρου
2406 2492 2493 2546 καὶ
2550 2493 2674 2554 τοὺς
2724 2499 2824 2561 τῆς
2878 2493 3143 2565 Ποικίλης
3177 2501 3343 2558 στοᾶς
3372 2495 3713 2574 φιλοσόφους
3745 2501 3809 2571 τῇ

2148 2580 2266 2655 ξένῃ
2342 2581 2433 2635 καὶ
2500 2581 2799 2658 ἀπορρήτῳ
2866 2581 2955 2637 καῖ
3021 2584 3373 2659 ὑπερκοσμίῳ
3433 2585 3596 2663 σοφίᾳ
3653 2586 3813 2641 κατί-

2144 2666 2341 2739 πληξε,
2374 2670 2503 2724 κάπὶ
2533 2675 2629 2723 τοῦ
2662 2670 2877 2745 Ἀρείου
2908 2674 3081 2748 πάγου
3112 2675 3399 2750 κριτήριον
3428 2673 3815 2745 ἀπενήνεκται,

2144 2766 2233 2820 καὶ
2268 2766 2396 2821 τοὺς
2449 2768 2697 2822 ἀπάντων
2746 2770 3181 2843 ὑπερακοντίζειν
3228 2770 3530 2849 φιλοσοφίᾳ
3577 2776 3816 2844 κατεκή-

2146 2853 2332 2924 λησεν·
2363 2854 2555 2910 αὐτίκα
2587 2856 2867 2920 Διονύσιος
2898 2859 3102 2929 ἀπέστη
3132 2866 3231 2928 τῆς
3288 2855 3681 2937 βορϐορώδους
3712 2869 3815 2932 τῆς

2145 2942 2547 3017 εἰδωλομανίας
2593 2944 2821 3019 λίμνης,
2874 2948 2964 3002 καῖ
3008 2946 3212 3021 Παύλῳ
3262 2954 3340 3021 τῷ
3389 2950 3603 3005 πνέοντι
3664 2951 3814 3015 θείαν

2145 3030 2372 3087 εὐωδίαν
2400 3032 2704 3105 ἐκολλήθη·
2753 3035 3070 3108 ἀπεσπάσθη
3128 3042 3236 3093 τῶν
3294 3046 3396 3108 τῆς
3428 3040 3641 3111 ἀπάτης
3704 3041 3816 3095 εἰσ-

2144 3128 2394 3196 ηγητῶν,
2451 3123 2539 3178 καὶ
2597 3129 2678 3197 τῷ
2740 3131 2842 3195 τῆς
2901 3125 3160 3197 ἀληθείας
3224 3130 3424 3203 κήρυκι
3476 3128 3813 3205 προσεδέξω·

2144 3210 2364 3287 ἀνήχθη
2416 3217 2515 3268 τοῦ
2572 3220 2672 3283 τῆς
2728 3212 3002 3277 ἀπωλείας
3057 3216 3246 3291 βυθοῦ,
3290 3218 3550 3292 καὶπρὸς
3595 3220 3659 3275 τὸ
3714 3229 3813 3290 τῆς

374 3273 615 3364 odorem
648 3305 904 3362 exerenti
936 3273 1254 3375 adjunctus
1287 3307 1398 3358 est.
1431 3273 1516 3357 Ab
1548 3301 1935 3372 interpretum
1974 3304 2031 3355 et

2143 3301 2411 3374 σωτηρίας
2471 3300 2605 3375 ὕψος
2660 3303 2884 3374 ἀνέπτη·
2932 3304 3267 3378 ἀπεφοίτησε
3323 3310 3420 3361 τοῦ
3457 3273 3574 3376 ιτῆς
3622 3273 3814 3372 ἀθείάς

370 3397 727 3468 scriptorum
753 3393 992 3450 avulsus
1019 3390 1502 3463 errore,praeconi
1534 3389 1797 3445 veritatis
1832 3390 2024 3443 adhae-

374 3486 472 3542 sit.
507 3490 553 3538 A
586 3484 873 3555 profundo
906 3481 1323 3536 internecionis
1354 3478 1686 3545 emersit,et
1716 3478 1786 3533 ad
1821 3477 2031 3533 salutis

376 3574 788 3631 celsitudinem
820 3570 1136 3627 evolavit.A
1161 3570 1419 3625 tenebris
1453 3568 1774 3639 impietatis
1804 3568 2034 3622 absces-

385 3664 482 3733 sit,
515 3668 573 3719 et
604 3664 673 3717 ad
725 3658 1078 3732 cognitionis
1127 3660 1337 3713 divinae
1384 3658 1583 3712 lumen
1632 3657 1939 3713 concessit.
1989 3659 2035 3711 A

383 3769 522 3807 vera
554 3750 809 3807 stultitia
842 3750 913 3803 ad
963 3764 1155 3803 veram
1205 3747 1633 3802 beatitudinem
1680 3745 2032 3818 properavit.

379 3849 561 3906 Belial
596 3847 804 3903 mortis
829 3846 1125 3917 pararium
1151 3844 1338 3900 valere
1360 3844 1629 3914 jussit,et
1658 3844 1788 3898 vita":
1810 3842 2034 3898 auctori

378 3944 436 3994 et
464 3936 713 4010 principi
737 3935 968 3991 Christo
1000 3950 1062 3989 se
1092 3933 1418 4004 conjunxit.
1468 3932 1876 4003 lmpuritatem
1911 3933 2030 3986 das-

377 4044 621 4084 monum
653 4025 1051 4093 abominatus,
1083 4022 1429 4095 angelorum
1462 4022 1835 4077 sanctitatem
1866 4038 2027 4076 com-

374 4118 580 4189 plexus
600 4116 959 4172 est.Luteam
987 4114 1192 4168 mundi
1222 4111 1525 4167 materiam
1551 4110 1891 4175 excussit,et
1912 4126 2027 4164 cce—

372 4204 520 4261 leste
551 4202 780 4259 vivendi
827 4202 1167 4258 institutum
1214 4200 1479 4272 appetiit.
1517 4200 1663 4255 Cum
1708 4198 1861 4252 enim
1895 4214 2025 4268 spe-

373 4294 672 4351 ctaculum
704 4293 892 4348 factus
923 4301 1078 4347 esset
1107 4291 1233 4362 (per
1264 4288 1507 4344 Paulum
1550 4286 1860 4359 splendore
1892 4304 2025 4342 cum

370 4384 677 4440 cherubim
709 4386 1053 4450 certantem,
1082 4383 1281 4450 utpote
1302 4378 1597 4432 Christum
1630 4376 1727 4447 qui
1752 4377 1915 4431 sedet
1933 4394 2026 4431 su-

371 4490 476 4545 per
507 4471 811 4527 cherubim
844 4470 1219 4524 insonantem
1255 4466 1499 4521 auribus
1530 4466 2023 4536 habentem),spe-

372 4561 570 4618 culum
593 4576 776 4631 capax
798 4557 1074 4630 fulgentis
1110 4556 1382 4628 principii
1411 4554 1653 4609 luminis
1678 4560 1734 4610 et
1752 4555 2024 4609 divinita-

2143 3388 2331 3466 ζόφου,
2391 3390 2481 3444 καῖ
2528 3396 2606 3462 τῷ
2652 3398 2751 3461 τῆς
2794 3393 3124 3467 θεογνωσίας
3177 3396 3315 3471 φωτῖ
3346 3396 3808 3473 προσεφοίτησεν·

2142 3480 2463 3555 ἀνεχώρησε
2493 3488 2593 3550 τῆς
2626 3481 2702 3544 ὡς
2752 3480 2974 3552 ἀληθῶς
3020 3484 3411 3556 ματαιότητος,
3460 3488 3548 3541 καῖ
3729 3486 3814 3543 ὅν-

2141 3589 2247 3631 τως
2304 3569 2664 3645 μακαριότητι
2715 3573 3161 3647 προσεχώρησεν·
3217 3574 3513 3645 ἀπετάξατο
3569 3581 3650 3647 τῴ
3713 3583 3810 3633 τοῦ

2146 3660 2375 3722 θανάτου
2419 3660 2666 3733 προξένῳ
2698 3660 2921 3736 Βελίαρ,
2966 3661 3054 3717 καὶ
3084 3666 3165 3734 τῷ
3210 3670 3310 3731 τῆς
3346 3667 3489 3732 ζωῆς
3522 3664 3689 3739 αἰτίῳ
3723 3670 3810 3721 καὶ

2145 3754 2379 3824 χορηγῷ
2442 3753 2669 3823 Χριστῷ
2726 3751 3074 3821 συνετάξατο·
3156 3747 3479 3823 ἂϐδελύξατο
3534 3756 3637 3823 τὴν
3704 3762 3813 3811 τῶν

2149 3834 2425 3909 δαιμόνων
2470 3837 2817 3913 ἀκαθαρσίαν,
2862 3840 3080 3909 καῖτὴν
3125 3846 3235 3896 τῶν
3288 3842 3533 3918 ἀγγέλων
3595 3842 3815 3917 ἁγνείαν

2147 3927 2449 3995 ἠσπάσατο·
2497 3927 2849 3998 ἀπετινάξατο
2894 3929 2994 3998 τὴν
3045 3927 3259 4000 ἰλυώδη
3310 3932 3583 4003 κοσμικὴν
3644 3932 3811 4003 ὕλην,

2142 4027 2233 4081 καὶ
2280 4027 2378 4094 τὴν
2430 4025 2595 4081 ἀϋλον
2651 4029 2840 4101 βιοτὴν
2894 4026 3306 4103 ἑνηγκαλίσατο.
3365 4032 3678 4107 Ἐσοπτρον
3709 4033 3808 4109 γὰρ

2136 4114 2372 4191 γεγονὼς
2432 4112 2673 4171 δεκτικὸν
2720 4123 2822 4185 τῆς
2854 4115 2945 4172 διὰ
2974 4116 3191 4173 Παύλου
3236 4122 3336 4173 τοῦ
3371 4124 3451 4192 τῷ
3489 4116 3812 4195 χερουϐικῷ

2145 4204 2319 4278 θρόνῳ
2384 4202 2780 4279 ἁμιλλωμένου
2850 4210 2919 4280 τῇ
2984 4205 3358 4282 λαμπρότητι,
3429 4209 3521 4263 ἅτε
3567 4211 3809 4284 Χριστὸν

2140 4296 2245 4345 τῶν
2297 4288 2576 4368 χερουϐῖμ
2628 4294 3004 4369 ἐποχούμενον
3055 4292 3281 4352 ἔναυλον
3340 4293 3569 4373 ἔχοντος
3602 4343 3616 4368 ,
3679 4300 3812 4355 ἀπαο

2144 4379 2521 4456 στραπτούσης
2569 4383 2829 4453 ἀκτῖνος,
2888 4385 2979 4439 καῖ
3034 4392 3135 4455 τῆς
3191 4384 3543 4460 ἐνδιδομένης
3604 4387 3807 4463 αἶ’γλης

2142 4470 2668 4548 ἀποπληρούμενον,
2716 4474 3107 4551 κατηύγασται,
3165 4477 3254 4531 καῖ
3304 4476 3435 4540 ὅλος
3474 4476 3578 4552 ὅλῃ
3608 4483 3679 4553 τῇ
3710 4483 3806 4552 ψυ-

2133 4564 2235 4635 χῇ,
2275 4560 2365 4614 καὶ
2398 4558 2630 4633 διανοίᾳ,
2662 4562 2750 4617 καῖ
2772 4561 2966 4639 καρδίᾳ
2989 4568 3070 4636 τῷ
3095 4561 3410 4638 διδασκάλῳ
3471 4566 3814 4641 προσκεχόλ-

374 4654 453 4705 tis
485 4649 741 4704 auctoris
788 4646 936 4701 radii
977 4645 1411 4715 crescentisque
1464 4643 1614 4698 lucis
1647 4643 1857 4714 plenus
1890 4643 2024 4697 illu-

2143 4648 2324 4720 ληται.
2377 4647 2545 4705 Βαϐαῖ
2587 4660 2688 4721 τῆς
2738 4658 2834 4708 τοῦ
2880 4653 3141 4729 ἀριστέως
3170 4654 3372 4710 τούτου
3403 4656 3543 4729 πρὸς
3572 4657 3677 4725 τήν
3711 4664 3811 4725 τῆς

372 4745 595 4797 stratus
624 4735 841 4793 est.Cui
873 4735 1051 4791 etiam
1085 4734 1210 4805 ipse
1242 4739 1403 4789 totus
1433 4732 1630 4787 animo
1665 4730 2029 4801 toto,cogita-
2058 4762 2061 4766 ›

374 4830 534 4886 tione
565 4844 631 4883 ac
663 4826 836 4881 corde
886 4822 1227 4895 praeceptori
1268 4821 1677 4893 agglutinatus
1726 4826 1835 4875 est.
1900 4820 2026 4887 Cui,

379 4943 559 4999 qnam
582 4926 791 4996 ingens
816 4921 1077 4994 praeclari
1104 4921 1350 4991 hujusce
1382 4920 1487 4975 viri
1513 4918 1694 4978 animi
1717 4919 2029 4991 propensio

372 5017 485 5071 fuit
513 5014 849 5088 apostolicae
874 5011 953 5066 illi
978 5028 1045 5066 ac
1071 5010 1337 5065 divinum
1365 5010 1562 5065 lumen
1590 5009 1857 5079 largienti
1884 5026 2027 5079 pra:-

367 5104 647 5159 dicationi
683 5099 1069 5171 suscipiendas
1096 5101 1119 5153 ἲ
1145 5098 1523 5153 Obedientem
1558 5102 1615 5151 et
1644 5095 2024 5150 illuminatis-

365 5197 584 5250 simum
626 5193 892 5247 animum
928 5187 1123 5255 illum,
1164 5187 1265 5258 qui
1313 5186 1589 5242 facillime
1622 5186 1921 5251 doctrinae]
1958 5202 2025 5239 ac

360 5281 773 5358 praeceptionis
804 5277 1153 5349 evangelica:
1186 5281 1349 5332 notas
1383 5292 1447 5331 ac
1477 5275 1648 5347 signa
1672 5275 1863 5345 prima
1886 5274 2026 5328 reti-

365 5373 513 5429 nuit.
549 5370 593 5425 Ο
624 5386 724 5426 cor
756 5366 945 5435 facile,
979 5374 1035 5421 et
1062 5366 1134 5420 ab
1168 5364 1327 5419 omni
1374 5364 1569 5419 carnis
1600 5363 1808 5417 affectu
1844 5362 2017 5416 undi-

363 5478 478 5535 que
509 5458 801 5522 avulsum,
826 5456 980 5526 quod
1010 5470 1289 5525 corporea
1322 5453 1483 5508 omni
1521 5451 2024 5508 demonstratione

365 5554 602 5621 rejects,
638 5546 846 5603 salutis
881 5545 1170 5617 praconio
1203 5543 1469 5599 ccleriter
1491 5541 1819 5609 credidit,et
1843 5541 2022 5595 Paulo

367 5640 567 5697 divina
599 5634 959 5709 praedicanti,
994 5633 1241 5705 coelique
1274 5630 1498 5687 cursori
1530 5631 1600 5687 ad
1634 5630 1898 5685 cmlestes
1930 5647 2019 5686 se-

367 5732 470 5787 des
503 5725 843 5801 provehenti
875 5741 936 5781 se
968 5722 1349 5794 conjunxiLO
1375 5721 1626 5777 fertilem
1658 5726 1711 5777 et
1734 5720 2016 5793 pinguem

2140 4738 2510 4809 ἀποστολικῆς
2566 4739 2901 4819 φωτοδώρου
2948 4742 3313 4817 παραινέσεως
3346 4742 3636 4820 ὑποδοχὴν
3690 4744 3805 4801 ἐπιο

2136 4826 2530 4898 τηδειότηοοςί
2581 4824 2753 4885 Βαϐαῖ
2798 4837 2900 4899 τῆς
2955 4828 3195 4886 εῦείκτου
3255 4832 3345 4887 καὶ
3408 4831 3805 4908 διαυγεστάτης

2137 4920 2323 4992 ψυχῆς
2374 4916 2604 4986 ἐκείνης,
2635 4925 2736 4987 τῆς
2768 4918 2932 4993 ῥᾷστα
2959 4918 3056 4981 τὰς
3084 4924 3193 4974 τῶν
3244 4920 3571 4996 ἀρχετύπων
3634 4943 3803 5000 σφρα-

2135 5003 2300 5082 γίδων
2352 5011 2460 5061 τῶν
2512 5007 2884 5081 εὐαγγεΛικῶν
2933 5005 3280 5083 διδαγμάτων
3313 5008 3649 5075 ἐκτυπώσεις
3680 5012 3803 5066 ἀνα-

2140 5096 2494 5169 μαξαμὲνηςι
2575 5090 2742 5150 Βαϐαῖ
2807 5100 2908 5162 τῆς
2964 5094 3186 5172 καρδίας
3253 5104 3354 5167 τῆς
3406 5098 3646 5161 εὐπετῶς
3710 5100 3798 5155 καὶ

2135 5192 2541 5270 ἀνεπιστρόφως
2618 5192 2797 5261 πάσης
2864 5201 3129 5268 σαρκικῆς
3197 5196 3568 5268 προσπαθείας
3632 5195 3800 5273 ἀπορο

2136 5280 2414 5357 ῥαγείσης,
2458 5282 2548 5336 καῖ
2595 5281 2855 5336 παντοίαν
2911 5281 3105 5352 ὐλικήν
3156 5278 3388 5359 ἔμφασιν
3427 5286 3798 5359 ἀποσεισάμε-

2132 5392 2251 5439 νης,
2283 5370 2371 5424 καῖ
2422 5375 2499 5441 τῷ
2540 5367 2882 5443 σωτηριώδει
2924 5377 3114 5434 θᾶττον
3167 5372 3533 5444 πιστευσάσης
3584 5376 3792 5449 κηρύγ-

2138 5479 2287 5530 ματι,
2338 5458 2427 5513 καῖ
2460 5463 2537 5530 τῷ
2570 5458 2818 5534 θεηγόρῳ
2849 5464 2928 5530 τῷ
2979 5460 3115 5534 πρὸς
3165 5462 3259 5523 τὰς
3292 5462 3579 5538 οὐρανίους
3611 5484 3773 5538 χειρα

2132 5552 2403 5622 γωγοῦντι
2459 5548 2651 5620 μονὰς,
2705 5546 3107 5623 οὐρανοδρόμῳ
3139 5550 3340 5623 Παύλῳ
3368 5549 3747 5623 κολληθείσης
3776 5554 3787 5607 l

2128 5632 2299 5692 Βαϐαῖ
2334 5638 2433 5706 τῆς
2494 5636 2703 5711 εὐγείου
2749 5636 2838 5692 καῖ
2883 5637 3071 5701 πίονος
3114 5643 3320 5711 νοητῆς
3374 5641 3629 5718 ἀρούρας,
3691 5648 3791 5711 τῆς

2127 5726 2217 5781 τὸν
2255 5727 2479 5796 ζωτικὸν
2531 5725 3030 5803 ἂγκολπωσαμὲνης
3077 5730 3304 5807 σπόρον,
3358 5732 3448 5788 καὶ
3503 5730 3789 5808 πολύχουν
