  <div class='ocr_page' id='page_1' title='image "/cluster/home/n/w/nwhite01/storage/ocr_20150623/4/mdp.39015078384529/324.png"; bbox 0 0 4020 6358; ppageno 0'>
   <div class='ocr_carea' id='block_1_1' title="bbox 243 446 339 501">
    <p class='ocr_par' dir='ltr' id='par_1_1' title="bbox 243 446 339 501">
     <span class='ocr_line' id='line_1_1' title="bbox 243 446 339 501; baseline -0.021 0"><span class='ocrx_word' id='word_1_1' title='bbox 243 446 339 501; x_wconf 84' lang='grc'>625</span> 
     </span>
    </p>
   </div>
   <div class='ocr_carea' id='block_1_2' title="bbox 1245 445 2615 511">
    <p class='ocr_par' dir='ltr' id='par_1_2' title="bbox 1245 445 2615 511">
     <span class='ocr_line' id='line_1_2' title="bbox 1245 445 2615 511; baseline 0.004 -12"><span class='ocrx_word' id='word_1_2' title='bbox 1245 447 1434 511; x_wconf 84' lang='lat' dir='ltr'>VITA,</span> <span class='ocrx_word' id='word_1_3' title='bbox 1475 446 1814 503; x_wconf 78' lang='lat' dir='ltr'>AUCTOBE</span> <span class='ocrx_word' id='word_1_4' title='bbox 1852 445 2227 503; x_wconf 82' lang='lat' dir='ltr'>MICHAELE</span> <span class='ocrx_word' id='word_1_5' title='bbox 2264 452 2615 507; x_wconf 82' lang='lat' dir='ltr'>SYNGELO.</span> 
     </span>
    </p>
   </div>
   <div class='ocr_carea' id='block_1_3' title="bbox 3527 456 3635 511">
    <p class='ocr_par' dir='ltr' id='par_1_3' title="bbox 3527 456 3635 511">
     <span class='ocr_line' id='line_1_3' title="bbox 3527 456 3635 511; baseline -0.009 0"><span class='ocrx_word' id='word_1_6' title='bbox 3527 456 3635 511; x_wconf 86' lang='lat'>626</span> 
     </span>
    </p>
   </div>
   <div class='ocr_carea' id='block_1_4' title="bbox 239 564 1843 649">
    <p class='ocr_par' dir='ltr' id='par_1_4' title="bbox 239 564 1840 643">
     <span class='ocr_line' id='line_1_4' title="bbox 239 564 1840 643; baseline 0.001 -21"><span class='ocrx_word' id='word_1_7' title='bbox 239 564 609 627; x_wconf 74' lang='grc' dir='ltr'>ἀναδιδωκυίας</span> <span class='ocrx_word' id='word_1_8' title='bbox 665 566 753 620; x_wconf 81' lang='grc' dir='ltr'>καὶ</span> <span class='ocrx_word' id='word_1_9' title='bbox 812 564 1183 641; x_wconf 74' lang='grc' dir='ltr'>εὐγενέστατον</span> <span class='ocrx_word' id='word_1_10' title='bbox 1245 567 1523 643; x_wconf 77' lang='grc' dir='ltr'>ἄσταχυνὲ</span> <span class='ocrx_word' id='word_1_11' title='bbox 1586 567 1696 623; x_wconf 77' lang='grc' dir='ltr'>Οὐκ</span> <span class='ocrx_word' id='word_1_12' title='bbox 1749 567 1840 623; x_wconf 83' lang='grc' dir='ltr'>ἆνε</span> 
     </span>
    </p>
   </div>
   <div class='ocr_carea' id='block_1_5' title="bbox 1955 564 3631 649">
    <p class='ocr_par' dir='ltr' id='par_1_5' title="bbox 1983 572 3631 649">
     <span class='ocr_line' id='line_1_5' title="bbox 1983 572 3631 649; baseline 0.007 -25"><span class='ocrx_word' id='word_1_13' title='bbox 1983 572 2473 637; x_wconf 82' lang='lat' dir='ltr'>terram,rationis</span> <span class='ocrx_word' id='word_1_14' title='bbox 2503 591 2800 647; x_wconf 84' lang='lat' dir='ltr'>capacem,</span> <span class='ocrx_word' id='word_1_15' title='bbox 2824 592 2951 649; x_wconf 75' lang='lat' dir='ltr'>quae</span> <span class='ocrx_word' id='word_1_16' title='bbox 2984 582 3308 635; x_wconf 83' lang='lat' dir='ltr'>sementem</span> <span class='ocrx_word' id='word_1_17' title='bbox 3341 578 3475 635; x_wconf 81' lang='lat' dir='ltr'>vitae</span> <span class='ocrx_word' id='word_1_18' title='bbox 3497 580 3631 635; x_wconf 82' lang='lat' dir='ltr'>sinu</span> 
     </span>
    </p>
   </div>
   <div class='ocr_carea' id='block_1_6' title="bbox 242 653 1866 737">
    <p class='ocr_par' dir='ltr' id='par_1_6' title="bbox 242 653 1866 737">
     <span class='ocr_line' id='line_1_6' title="bbox 242 653 1866 737; baseline -0.002 -22"><span class='ocrx_word' id='word_1_19' title='bbox 242 661 460 737; x_wconf 83' lang='grc' dir='ltr'>χαίτισεν</span> <span class='ocrx_word' id='word_1_20' title='bbox 493 656 650 712; x_wconf 78' lang='grc' dir='ltr'>αὐτὸν</span> <span class='ocrx_word' id='word_1_21' title='bbox 683 657 920 732; x_wconf 80' lang='grc' dir='ltr'>ἀρχικῆς</span> <span class='ocrx_word' id='word_1_22' title='bbox 949 677 1008 711; x_wconf 90' lang='grc' dir='ltr'>τε</span> <span class='ocrx_word' id='word_1_23' title='bbox 1027 656 1117 711; x_wconf 81' lang='grc' dir='ltr'>καὶ</span> <span class='ocrx_word' id='word_1_24' title='bbox 1147 653 1464 726; x_wconf 80' lang='grc' dir='ltr'>δικαστικῆς</span> <span class='ocrx_word' id='word_1_25' title='bbox 1494 654 1655 728; x_wconf 82' lang='grc' dir='ltr'>δόξης</span> <span class='ocrx_word' id='word_1_26' title='bbox 1689 653 1866 732; x_wconf 76' lang='grc' dir='ltr'>ὄγκοςο</span> 
     </span>
    </p>
   </div>
   <div class='ocr_carea' id='block_1_7' title="bbox 239 743 1870 822">
    <p class='ocr_par' dir='ltr' id='par_1_7' title="bbox 239 743 1870 822">
     <span class='ocr_line' id='line_1_7' title="bbox 239 743 1870 822; baseline -0.003 -17"><span class='ocrx_word' id='word_1_27' title='bbox 239 750 327 806; x_wconf 71' lang='grc' dir='ltr'>οὒκ</span> <span class='ocrx_word' id='word_1_28' title='bbox 376 746 701 822; x_wconf 82' lang='grc' dir='ltr'>ἀνεσείρασεν</span> <span class='ocrx_word' id='word_1_29' title='bbox 759 745 917 799; x_wconf 82' lang='grc' dir='ltr'>αὐτὸν</span> <span class='ocrx_word' id='word_1_30' title='bbox 979 743 1209 822; x_wconf 87' lang='grc' dir='ltr'>φιλίας,</span> <span class='ocrx_word' id='word_1_31' title='bbox 1283 746 1373 802; x_wconf 84' lang='grc' dir='ltr'>καὶ</span> <span class='ocrx_word' id='word_1_32' title='bbox 1433 746 1731 820; x_wconf 88' lang='grc' dir='ltr'>ὁμηλικίας</span> <span class='ocrx_word' id='word_1_33' title='bbox 1780 746 1870 801; x_wconf 86' lang='grc' dir='ltr'>καὶ</span> 
     </span>
    </p>
   </div>
   <div class='ocr_carea' id='block_1_8' title="bbox 238 833 1865 910">
    <p class='ocr_par' dir='ltr' id='par_1_8' title="bbox 238 833 1865 910">
     <span class='ocr_line' id='line_1_8' title="bbox 238 833 1865 910; baseline -0.002 -17"><span class='ocrx_word' id='word_1_34' title='bbox 238 836 499 907; x_wconf 80' lang='grc' dir='ltr'>συνηθείας</span> <span class='ocrx_word' id='word_1_35' title='bbox 553 836 747 898; x_wconf 79' lang='grc' dir='ltr'>πόθος’</span> <span class='ocrx_word' id='word_1_36' title='bbox 783 834 880 889; x_wconf 80' lang='grc' dir='ltr'>οὐκ</span> <span class='ocrx_word' id='word_1_37' title='bbox 932 833 1157 909; x_wconf 84' lang='grc' dir='ltr'>ἐπέσχεν</span> <span class='ocrx_word' id='word_1_38' title='bbox 1199 837 1359 890; x_wconf 77' lang='grc' dir='ltr'>αὐτὸν</span> <span class='ocrx_word' id='word_1_39' title='bbox 1416 838 1618 910; x_wconf 83' lang='grc' dir='ltr'>γονέων</span> <span class='ocrx_word' id='word_1_40' title='bbox 1651 836 1739 891; x_wconf 86' lang='grc' dir='ltr'>καὶ</span> <span class='ocrx_word' id='word_1_41' title='bbox 1771 837 1865 910; x_wconf 82' lang='grc' dir='ltr'>ἀγ-</span> 
     </span>
    </p>
   </div>
   <div class='ocr_carea' id='block_1_9' title="bbox 234 920 1868 1004">
    <p class='ocr_par' dir='ltr' id='par_1_9' title="bbox 234 920 1868 1004">
     <span class='ocr_line' id='line_1_9' title="bbox 234 920 1868 1004; baseline -0.002 -22"><span class='ocrx_word' id='word_1_42' title='bbox 234 928 471 1004; x_wconf 83' lang='grc' dir='ltr'>χιστέων,</span> <span class='ocrx_word' id='word_1_43' title='bbox 529 925 618 979; x_wconf 77' lang='grc' dir='ltr'>καὶ</span> <span class='ocrx_word' id='word_1_44' title='bbox 652 924 946 997; x_wconf 24' lang='grc' dir='ltr'>κὸμεστίων</span> <span class='ocrx_word' id='word_1_45' title='bbox 993 926 1319 999; x_wconf 84' lang='grc' dir='ltr'>τυραννικὸς</span> <span class='ocrx_word' id='word_1_46' title='bbox 1352 923 1510 1001; x_wconf 79' lang='grc' dir='ltr'>ἔρως·</span> <span class='ocrx_word' id='word_1_47' title='bbox 1556 926 1654 980; x_wconf 78' lang='grc' dir='ltr'>οὐκ</span> <span class='ocrx_word' id='word_1_48' title='bbox 1682 920 1868 995; x_wconf 79' lang='grc' dir='ltr'>ἔδησεν</span> 
     </span>
    </p>
   </div>
   <div class='ocr_carea' id='block_1_10' title="bbox 234 1008 1864 1090">
    <p class='ocr_par' dir='ltr' id='par_1_10' title="bbox 234 1008 1864 1090">
     <span class='ocr_line' id='line_1_10' title="bbox 234 1008 1864 1090; baseline -0.002 -17"><span class='ocrx_word' id='word_1_49' title='bbox 234 1017 375 1073; x_wconf 70' lang='grc' dir='ltr'>αὐτὸν</span> <span class='ocrx_word' id='word_1_50' title='bbox 406 1008 776 1070; x_wconf 85' lang='grc' dir='ltr'>πολυπλόκων</span> <span class='ocrx_word' id='word_1_51' title='bbox 807 1013 1111 1090; x_wconf 85' lang='grc' dir='ltr'>χρημάτων</span> <span class='ocrx_word' id='word_1_52' title='bbox 1162 1016 1250 1068; x_wconf 86' lang='grc' dir='ltr'>καὶ</span> <span class='ocrx_word' id='word_1_53' title='bbox 1297 1015 1590 1087; x_wconf 87' lang='grc' dir='ltr'>κτημάτων</span> <span class='ocrx_word' id='word_1_54' title='bbox 1639 1016 1864 1087; x_wconf 85' lang='grc' dir='ltr'>μανικὸς</span> 
     </span>
    </p>
   </div>
   <div class='ocr_carea' id='block_1_11' title="bbox 233 1102 1867 1180">
    <p class='ocr_par' dir='ltr' id='par_1_11' title="bbox 233 1102 1867 1180">
     <span class='ocr_line' id='line_1_11' title="bbox 233 1102 1867 1180; baseline -0.002 -19"><span class='ocrx_word' id='word_1_55' title='bbox 233 1107 442 1180; x_wconf 72' lang='grc' dir='ltr'>οἶστρος·</span> <span class='ocrx_word' id='word_1_56' title='bbox 479 1105 579 1159; x_wconf 85' lang='grc' dir='ltr'>οὐκ</span> <span class='ocrx_word' id='word_1_57' title='bbox 622 1104 932 1179; x_wconf 73' lang='grc' dir='ltr'>έχαύνωσεν</span> <span class='ocrx_word' id='word_1_58' title='bbox 980 1103 1138 1158; x_wconf 82' lang='grc' dir='ltr'>αὐτὸν</span> <span class='ocrx_word' id='word_1_59' title='bbox 1196 1104 1462 1177; x_wconf 85' lang='grc' dir='ltr'>σωμάτων</span> <span class='ocrx_word' id='word_1_60' title='bbox 1510 1102 1705 1175; x_wconf 77' lang='grc' dir='ltr'>ἡδονή·</span> <span class='ocrx_word' id='word_1_61' title='bbox 1768 1104 1867 1158; x_wconf 81' lang='grc' dir='ltr'>οὐκ</span> 
     </span>
    </p>
   </div>
   <div class='ocr_carea' id='block_1_12' title="bbox 226 1187 1865 1268">
    <p class='ocr_par' dir='ltr' id='par_1_12' title="bbox 226 1187 1865 1268">
     <span class='ocr_line' id='line_1_12' title="bbox 226 1187 1865 1268; baseline -0.001 -19"><span class='ocrx_word' id='word_1_62' title='bbox 226 1194 459 1266; x_wconf 84' lang='grc' dir='ltr'>ἐθήλυνεν</span> <span class='ocrx_word' id='word_1_63' title='bbox 536 1193 696 1249; x_wconf 78' lang='grc' dir='ltr'>αὐτὸν</span> <span class='ocrx_word' id='word_1_64' title='bbox 778 1187 1134 1267; x_wconf 77' lang='grc' dir='ltr'>ἀϐροδιαίτου</span> <span class='ocrx_word' id='word_1_65' title='bbox 1222 1194 1413 1268; x_wconf 80' lang='grc' dir='ltr'>βιοτῆς</span> <span class='ocrx_word' id='word_1_66' title='bbox 1490 1194 1577 1248; x_wconf 84' lang='grc' dir='ltr'>καὶ</span> <span class='ocrx_word' id='word_1_67' title='bbox 1656 1200 1865 1268; x_wconf 84' lang='grc' dir='ltr'>τρυφῆς</span> 
     </span>
    </p>
   </div>
   <div class='ocr_carea' id='block_1_13' title="bbox 222 1279 1862 1361">
    <p class='ocr_par' dir='ltr' id='par_1_13' title="bbox 222 1279 1862 1361">
     <span class='ocr_line' id='line_1_13' title="bbox 222 1279 1862 1361; baseline -0.001 -24"><span class='ocrx_word' id='word_1_68' title='bbox 222 1279 413 1361; x_wconf 82' lang='grc' dir='ltr'>ἔφεσις·</span> <span class='ocrx_word' id='word_1_69' title='bbox 496 1280 643 1338; x_wconf 76' lang='grc' dir='ltr'>ἀλλὰ</span> <span class='ocrx_word' id='word_1_70' title='bbox 718 1285 821 1347; x_wconf 81' lang='grc' dir='ltr'>τῆς</span> <span class='ocrx_word' id='word_1_71' title='bbox 875 1285 972 1336; x_wconf 81' lang='grc' dir='ltr'>τοῦ</span> <span class='ocrx_word' id='word_1_72' title='bbox 1029 1281 1270 1358; x_wconf 80' lang='grc' dir='ltr'>κήρυκος</span> <span class='ocrx_word' id='word_1_73' title='bbox 1325 1281 1686 1360; x_wconf 84' lang='grc' dir='ltr'>θεοφθέγκτου</span> <span class='ocrx_word' id='word_1_74' title='bbox 1746 1304 1862 1359; x_wconf 84' lang='grc' dir='ltr'>φω-</span> 
     </span>
    </p>
   </div>
   <div class='ocr_carea' id='block_1_14' title="bbox 220 1368 1864 1447">
    <p class='ocr_par' dir='ltr' id='par_1_14' title="bbox 220 1368 1864 1447">
     <span class='ocr_line' id='line_1_14' title="bbox 220 1368 1864 1447; baseline -0.001 -21"><span class='ocrx_word' id='word_1_75' title='bbox 220 1378 308 1442; x_wconf 84' lang='grc' dir='ltr'>νῆς</span> <span class='ocrx_word' id='word_1_76' title='bbox 378 1372 653 1442; x_wconf 84' lang='grc' dir='ltr'>ἀκηκοὼς,</span> <span class='ocrx_word' id='word_1_77' title='bbox 728 1372 816 1426; x_wconf 85' lang='grc' dir='ltr'>καὶ</span> <span class='ocrx_word' id='word_1_78' title='bbox 892 1371 1029 1446; x_wconf 86' lang='grc' dir='ltr'>πρὸς</span> <span class='ocrx_word' id='word_1_79' title='bbox 1100 1368 1253 1425; x_wconf 76' lang='grc' dir='ltr'>οὐδὲν</span> <span class='ocrx_word' id='word_1_80' title='bbox 1312 1376 1422 1426; x_wconf 78' lang='grc' dir='ltr'>τῶν</span> <span class='ocrx_word' id='word_1_81' title='bbox 1476 1371 1575 1426; x_wconf 75' lang='grc' dir='ltr'>ὅσα</span> <span class='ocrx_word' id='word_1_82' title='bbox 1637 1370 1864 1447; x_wconf 85' lang='grc' dir='ltr'>βροτοὺς</span> 
     </span>
    </p>
   </div>
   <div class='ocr_carea' id='block_1_15' title="bbox 218 1458 1859 1536">
    <p class='ocr_par' dir='ltr' id='par_1_15' title="bbox 218 1458 1859 1536">
     <span class='ocr_line' id='line_1_15' title="bbox 218 1458 1859 1536; baseline -0.002 -19"><span class='ocrx_word' id='word_1_83' title='bbox 218 1460 412 1536; x_wconf 85' lang='grc' dir='ltr'>τέρπειν</span> <span class='ocrx_word' id='word_1_84' title='bbox 472 1459 658 1516; x_wconf 77' lang='grc' dir='ltr'>εἷ’ωθεν</span> <span class='ocrx_word' id='word_1_85' title='bbox 717 1460 1139 1536; x_wconf 80' lang='grc' dir='ltr'>προσεσχηκὼς,</span> <span class='ocrx_word' id='word_1_86' title='bbox 1197 1460 1391 1534; x_wconf 88' lang='grc' dir='ltr'>ἀθρόον</span> <span class='ocrx_word' id='word_1_87' title='bbox 1452 1460 1601 1532; x_wconf 81' lang='grc' dir='ltr'>αὐτῷ</span> <span class='ocrx_word' id='word_1_88' title='bbox 1648 1458 1859 1530; x_wconf 85' lang='grc' dir='ltr'>κολλη-</span> 
     </span>
    </p>
   </div>
   <div class='ocr_carea' id='block_1_16' title="bbox 220 1546 1860 1627">
    <p class='ocr_par' dir='ltr' id='par_1_16' title="bbox 220 1546 1860 1627">
     <span class='ocr_line' id='line_1_16' title="bbox 220 1546 1860 1627; baseline -0.001 -22"><span class='ocrx_word' id='word_1_89' title='bbox 220 1554 383 1617; x_wconf 76' lang='grc' dir='ltr'>θῆναι,</span> <span class='ocrx_word' id='word_1_90' title='bbox 440 1551 679 1625; x_wconf 83' lang='grc' dir='ltr'>καθάπερ</span> <span class='ocrx_word' id='word_1_91' title='bbox 748 1552 994 1627; x_wconf 80' lang='grc' dir='ltr'>μαγνήτῃ</span> <span class='ocrx_word' id='word_1_92' title='bbox 1053 1548 1303 1625; x_wconf 85' lang='grc' dir='ltr'>σίδηρος,</span> <span class='ocrx_word' id='word_1_93' title='bbox 1352 1546 1676 1607; x_wconf 65' lang='grc' dir='ltr'>ἐσπούδακε.</span> <span class='ocrx_word' id='word_1_94' title='bbox 1717 1556 1860 1604; x_wconf 86' lang='grc' dir='ltr'>Θαυ-</span> 
     </span>
    </p>
   </div>
   <div class='ocr_carea' id='block_1_17' title="bbox 221 1634 1853 1715">
    <p class='ocr_par' dir='ltr' id='par_1_17' title="bbox 221 1634 1853 1715">
     <span class='ocr_line' id='line_1_17' title="bbox 221 1634 1853 1715; baseline -0.001 -21"><span class='ocrx_word' id='word_1_95' title='bbox 221 1642 442 1713; x_wconf 79' lang='grc' dir='ltr'>μάζομεν</span> <span class='ocrx_word' id='word_1_96' title='bbox 502 1638 563 1694; x_wconf 70' lang='grc' dir='ltr'>δὲ</span> <span class='ocrx_word' id='word_1_97' title='bbox 617 1638 712 1695; x_wconf 84' lang='grc' dir='ltr'>τὸν</span> <span class='ocrx_word' id='word_1_98' title='bbox 736 1641 1085 1715; x_wconf 88' lang='grc' dir='ltr'>πατριάρχην</span> <span class='ocrx_word' id='word_1_99' title='bbox 1142 1634 1396 1713; x_wconf 74' lang='grc' dir='ltr'>Ἀϐραὰν,</span> <span class='ocrx_word' id='word_1_100' title='bbox 1427 1644 1505 1711; x_wconf 81' lang='grc' dir='ltr'>τῷ</span> <span class='ocrx_word' id='word_1_101' title='bbox 1532 1640 1649 1711; x_wconf 85' lang='grc' dir='ltr'>Θεῷ</span> <span class='ocrx_word' id='word_1_102' title='bbox 1681 1659 1853 1712; x_wconf 87' lang='grc' dir='ltr'>προσ-</span> 
     </span>
    </p>
   </div>
   <div class='ocr_carea' id='block_1_18' title="bbox 217 1725 1855 1804">
    <p class='ocr_par' dir='ltr' id='par_1_18' title="bbox 217 1725 1855 1804">
     <span class='ocr_line' id='line_1_18' title="bbox 217 1725 1855 1804; baseline -0.002 -20"><span class='ocrx_word' id='word_1_103' title='bbox 217 1729 453 1804; x_wconf 81' lang='grc' dir='ltr'>τεταχότι</span> <span class='ocrx_word' id='word_1_104' title='bbox 505 1736 608 1798; x_wconf 84' lang='grc' dir='ltr'>τῆς</span> <span class='ocrx_word' id='word_1_105' title='bbox 658 1734 889 1804; x_wconf 77' lang='grc' dir='ltr'>πατριᾶς</span> <span class='ocrx_word' id='word_1_106' title='bbox 938 1728 1029 1783; x_wconf 83' lang='grc' dir='ltr'>καὶ</span> <span class='ocrx_word' id='word_1_107' title='bbox 1081 1725 1342 1803; x_wconf 83' lang='grc' dir='ltr'>πατρίδος</span> <span class='ocrx_word' id='word_1_108' title='bbox 1392 1728 1711 1797; x_wconf 85' lang='grc' dir='ltr'>ἆποικῆσαι,</span> <span class='ocrx_word' id='word_1_109' title='bbox 1765 1728 1855 1781; x_wconf 90' lang='grc' dir='ltr'>καὶ</span> 
     </span>
    </p>
   </div>
   <div class='ocr_carea' id='block_1_19' title="bbox 218 1815 1853 1895">
    <p class='ocr_par' dir='ltr' id='par_1_19' title="bbox 218 1815 1853 1895">
     <span class='ocr_line' id='line_1_19' title="bbox 218 1815 1853 1895; baseline -0.002 -22"><span class='ocrx_word' id='word_1_110' title='bbox 218 1819 284 1882; x_wconf 73' lang='grc' dir='ltr'>εἴς</span> <span class='ocrx_word' id='word_1_111' title='bbox 310 1815 629 1886; x_wconf 73' lang='grc' dir='ltr'>ἀλλοδαπὴν</span> <span class='ocrx_word' id='word_1_112' title='bbox 676 1815 949 1895; x_wconf 79' lang='grc' dir='ltr'>ἄγνωστον</span> <span class='ocrx_word' id='word_1_113' title='bbox 994 1815 1328 1883; x_wconf 70' lang='grc' dir='ltr'>στείλασθαι,</span> <span class='ocrx_word' id='word_1_114' title='bbox 1386 1818 1853 1891; x_wconf 85' lang='grc' dir='ltr'>πειθαρχήσαντα·</span> 
     </span>
    </p>
   </div>
   <div class='ocr_carea' id='block_1_20' title="bbox 1980 663 3629 737">
    <p class='ocr_par' dir='ltr' id='par_1_20' title="bbox 1980 663 3629 737">
     <span class='ocr_line' id='line_1_20' title="bbox 1980 663 3629 737; baseline 0.006 -22"><span class='ocrx_word' id='word_1_115' title='bbox 1980 663 2240 733; x_wconf 84' lang='lat' dir='ltr'>suscepit</span> <span class='ocrx_word' id='word_1_116' title='bbox 2262 679 2369 719; x_wconf 88' lang='lat' dir='ltr'>suo</span> <span class='ocrx_word' id='word_1_117' title='bbox 2385 664 2833 737; x_wconf 76' lang='lat' dir='ltr'>fcecundamque</span> <span class='ocrx_word' id='word_1_118' title='bbox 2850 683 2916 722; x_wconf 90' lang='lat' dir='ltr'>ac</span> <span class='ocrx_word' id='word_1_119' title='bbox 2932 667 3365 725; x_wconf 82' lang='lat' dir='ltr'>nobilissimam</span> <span class='ocrx_word' id='word_1_120' title='bbox 3387 669 3629 725; x_wconf 79' lang='lat' dir='ltr'>aristam</span> 
     </span>
    </p>
   </div>
   <div class='ocr_carea' id='block_1_21' title="bbox 1980 751 3627 830">
    <p class='ocr_par' dir='ltr' id='par_1_21' title="bbox 1980 751 3627 830">
     <span class='ocr_line' id='line_1_21' title="bbox 1980 751 3627 830; baseline 0.006 -27"><span class='ocrx_word' id='word_1_121' title='bbox 1980 751 2272 820; x_wconf 89' lang='lat' dir='ltr'>produxit.</span> <span class='ocrx_word' id='word_1_122' title='bbox 2308 753 2431 808; x_wconf 93' lang='lat' dir='ltr'>Non</span> <span class='ocrx_word' id='word_1_123' title='bbox 2492 753 2657 809; x_wconf 91' lang='lat' dir='ltr'>illum</span> <span class='ocrx_word' id='word_1_124' title='bbox 2711 771 2841 809; x_wconf 92' lang='lat' dir='ltr'>cum</span> <span class='ocrx_word' id='word_1_125' title='bbox 2870 754 3232 827; x_wconf 80' lang='lat' dir='ltr'>principatus</span> <span class='ocrx_word' id='word_1_126' title='bbox 3258 758 3465 830; x_wconf 83' lang='lat' dir='ltr'>gloria,</span> <span class='ocrx_word' id='word_1_127' title='bbox 3502 762 3627 813; x_wconf 90' lang='lat' dir='ltr'>tum</span> 
     </span>
    </p>
   </div>
   <div class='ocr_carea' id='block_1_22' title="bbox 1980 839 3628 917">
    <p class='ocr_par' dir='ltr' id='par_1_22' title="bbox 1980 839 3628 917">
     <span class='ocr_line' id='line_1_22' title="bbox 1980 839 3628 917; baseline 0.005 -23"><span class='ocrx_word' id='word_1_128' title='bbox 1980 839 2133 895; x_wconf 76' lang='lat'>364</span> <span class='ocrx_word' id='word_1_129' title='bbox 2156 842 2855 913; x_wconf 88' lang='lat' dir='ltr'>amplitudojudiciorum</span> <span class='ocrx_word' id='word_1_130' title='bbox 2878 844 3054 899; x_wconf 90' lang='lat' dir='ltr'>veluti</span> <span class='ocrx_word' id='word_1_131' title='bbox 3078 846 3226 915; x_wconf 85' lang='lat' dir='ltr'>juba</span> <span class='ocrx_word' id='word_1_132' title='bbox 3257 852 3491 917; x_wconf 86' lang='lat' dir='ltr'>arrepta</span> <span class='ocrx_word' id='word_1_133' title='bbox 3534 864 3628 903; x_wconf 88' lang='lat' dir='ltr'>re-</span> 
     </span>
    </p>
   </div>
   <div class='ocr_carea' id='block_1_23' title="bbox 1978 931 3627 997">
    <p class='ocr_par' dir='ltr' id='par_1_23' title="bbox 1978 931 3627 997">
     <span class='ocr_line' id='line_1_23' title="bbox 1978 931 3627 997; baseline 0.006 -16"><span class='ocrx_word' id='word_1_134' title='bbox 1978 931 2343 997; x_wconf 91' lang='lat' dir='ltr'>vocavit,non</span> <span class='ocrx_word' id='word_1_135' title='bbox 2367 931 2692 986; x_wconf 89' lang='lat' dir='ltr'>amicorum</span> <span class='ocrx_word' id='word_1_136' title='bbox 2726 938 2784 988; x_wconf 92' lang='lat' dir='ltr'>et</span> <span class='ocrx_word' id='word_1_137' title='bbox 2815 950 3143 988; x_wconf 60' lang='lat' dir='ltr'>coaevorum</span> <span class='ocrx_word' id='word_1_138' title='bbox 3178 936 3627 993; x_wconf 86' lang='lat' dir='ltr'>consuetudinis</span> 
     </span>
    </p>
   </div>
   <div class='ocr_carea' id='block_1_24' title="bbox 1979 1018 3624 1097">
    <p class='ocr_par' dir='ltr' id='par_1_24' title="bbox 1979 1018 3624 1097">
     <span class='ocr_line' id='line_1_24' title="bbox 1979 1018 3624 1097; baseline 0.007 -27"><span class='ocrx_word' id='word_1_139' title='bbox 1979 1018 2333 1074; x_wconf 84' lang='lat' dir='ltr'>desiderium</span> <span class='ocrx_word' id='word_1_140' title='bbox 2368 1020 2536 1075; x_wconf 88' lang='lat' dir='ltr'>illum</span> <span class='ocrx_word' id='word_1_141' title='bbox 2571 1021 2957 1078; x_wconf 84' lang='lat' dir='ltr'>retraxit.Non</span> <span class='ocrx_word' id='word_1_142' title='bbox 2976 1023 3268 1080; x_wconf 89' lang='lat' dir='ltr'>violentus</span> <span class='ocrx_word' id='word_1_143' title='bbox 3294 1031 3624 1097; x_wconf 89' lang='lat' dir='ltr'>parentum,</span> 
     </span>
    </p>
   </div>
   <div class='ocr_carea' id='block_1_25' title="bbox 1976 1110 3625 1182">
    <p class='ocr_par' dir='ltr' id='par_1_25' title="bbox 1976 1110 3625 1182">
     <span class='ocr_line' id='line_1_25' title="bbox 1976 1110 3625 1182; baseline 0.006 -21"><span class='ocrx_word' id='word_1_144' title='bbox 1976 1110 2934 1182; x_wconf 84' lang='lat' dir='ltr'>agnatorum,domesticorumque</span> <span class='ocrx_word' id='word_1_145' title='bbox 2958 1128 3124 1167; x_wconf 92' lang='lat' dir='ltr'>amor</span> <span class='ocrx_word' id='word_1_146' title='bbox 3146 1114 3491 1181; x_wconf 89' lang='lat' dir='ltr'>retardavit;</span> <span class='ocrx_word' id='word_1_147' title='bbox 3510 1132 3625 1171; x_wconf 90' lang='lat' dir='ltr'>non</span> 
     </span>
    </p>
   </div>
   <div class='ocr_carea' id='block_1_26' title="bbox 1975 1195 3624 1271">
    <p class='ocr_par' dir='ltr' id='par_1_26' title="bbox 1975 1195 3624 1271">
     <span class='ocr_line' id='line_1_26' title="bbox 1975 1195 3624 1271; baseline 0.007 -21"><span class='ocrx_word' id='word_1_148' title='bbox 1975 1195 2223 1252; x_wconf 86' lang='lat' dir='ltr'>insanus</span> <span class='ocrx_word' id='word_1_149' title='bbox 2273 1197 2605 1254; x_wconf 88' lang='lat' dir='ltr'>divitiarum</span> <span class='ocrx_word' id='word_1_150' title='bbox 2651 1216 2716 1255; x_wconf 91' lang='lat' dir='ltr'>ac</span> <span class='ocrx_word' id='word_1_151' title='bbox 2741 1201 3185 1271; x_wconf 84' lang='lat' dir='ltr'>possessionum</span> <span class='ocrx_word' id='word_1_152' title='bbox 3209 1202 3388 1257; x_wconf 88' lang='lat' dir='ltr'>variis</span> <span class='ocrx_word' id='word_1_153' title='bbox 3432 1204 3624 1261; x_wconf 82' lang='lat' dir='ltr'>modis</span> 
     </span>
    </p>
   </div>
   <div class='ocr_carea' id='block_1_27' title="bbox 1974 1283 3628 1362">
    <p class='ocr_par' dir='ltr' id='par_1_27' title="bbox 1974 1283 3628 1362">
     <span class='ocr_line' id='line_1_27' title="bbox 1974 1283 3628 1362; baseline 0.007 -24"><span class='ocrx_word' id='word_1_154' title='bbox 1974 1283 2406 1356; x_wconf 89' lang='lat' dir='ltr'>implicantium</span> <span class='ocrx_word' id='word_1_155' title='bbox 2442 1287 2604 1342; x_wconf 85' lang='lat' dir='ltr'>furor</span> <span class='ocrx_word' id='word_1_156' title='bbox 2626 1288 2981 1359; x_wconf 86' lang='lat' dir='ltr'>ligavit.Non</span> <span class='ocrx_word' id='word_1_157' title='bbox 3010 1288 3175 1345; x_wconf 90' lang='lat' dir='ltr'>illum</span> <span class='ocrx_word' id='word_1_158' title='bbox 3194 1307 3507 1362; x_wconf 88' lang='lat' dir='ltr'>corporum</span> <span class='ocrx_word' id='word_1_159' title='bbox 3529 1309 3628 1349; x_wconf 84' lang='lat' dir='ltr'>vo-</span> 
     </span>
    </p>
   </div>
   <div class='ocr_carea' id='block_1_28' title="bbox 1970 1373 3623 1453">
    <p class='ocr_par' dir='ltr' id='par_1_28' title="bbox 1970 1373 3623 1453">
     <span class='ocr_line' id='line_1_28' title="bbox 1970 1373 3623 1453; baseline 0.005 -26"><span class='ocrx_word' id='word_1_160' title='bbox 1970 1373 2167 1445; x_wconf 89' lang='lat' dir='ltr'>luptas</span> <span class='ocrx_word' id='word_1_161' title='bbox 2199 1375 2466 1432; x_wconf 88' lang='lat' dir='ltr'>emolliit.</span> <span class='ocrx_word' id='word_1_162' title='bbox 2501 1376 2625 1432; x_wconf 93' lang='lat' dir='ltr'>Non</span> <span class='ocrx_word' id='word_1_163' title='bbox 2660 1377 2919 1433; x_wconf 85' lang='lat' dir='ltr'>delicatae</span> <span class='ocrx_word' id='word_1_164' title='bbox 2951 1379 3105 1446; x_wconf 81' lang='lat' dir='ltr'>vitae,</span> <span class='ocrx_word' id='word_1_165' title='bbox 3156 1380 3623 1453; x_wconf 88' lang='lat' dir='ltr'>deliciarumque</span> 
     </span>
    </p>
   </div>
   <div class='ocr_carea' id='block_1_29' title="bbox 1971 1465 3619 1544">
    <p class='ocr_par' dir='ltr' id='par_1_29' title="bbox 1971 1465 3619 1544">
     <span class='ocr_line' id='line_1_29' title="bbox 1971 1465 3619 1544; baseline 0.005 -25"><span class='ocrx_word' id='word_1_166' title='bbox 1971 1465 2326 1521; x_wconf 88' lang='lat' dir='ltr'>desiderium</span> <span class='ocrx_word' id='word_1_167' title='bbox 2350 1466 2517 1521; x_wconf 90' lang='lat' dir='ltr'>illum</span> <span class='ocrx_word' id='word_1_168' title='bbox 2538 1468 3026 1534; x_wconf 75' lang='lat' dir='ltr'>etfeminavit,sed</span> <span class='ocrx_word' id='word_1_169' title='bbox 3054 1487 3183 1526; x_wconf 89' lang='lat' dir='ltr'>cum</span> <span class='ocrx_word' id='word_1_170' title='bbox 3211 1474 3496 1544; x_wconf 81' lang='lat' dir='ltr'>praeconis</span> <span class='ocrx_word' id='word_1_171' title='bbox 3517 1489 3619 1527; x_wconf 88' lang='lat' dir='ltr'>vo-</span> 
     </span>
    </p>
   </div>
   <div class='ocr_carea' id='block_1_30' title="bbox 1969 1555 3620 1633">
    <p class='ocr_par' dir='ltr' id='par_1_30' title="bbox 1969 1555 3620 1633">
     <span class='ocr_line' id='line_1_30' title="bbox 1969 1555 3620 1633; baseline 0.005 -25"><span class='ocrx_word' id='word_1_172' title='bbox 1969 1571 2094 1609; x_wconf 90' lang='lat' dir='ltr'>cem</span> <span class='ocrx_word' id='word_1_173' title='bbox 2127 1555 2324 1611; x_wconf 90' lang='lat' dir='ltr'>divina</span> <span class='ocrx_word' id='word_1_174' title='bbox 2347 1555 2643 1627; x_wconf 90' lang='lat' dir='ltr'>loquentis</span> <span class='ocrx_word' id='word_1_175' title='bbox 2666 1558 3160 1626; x_wconf 88' lang='lat' dir='ltr'>audisset,omnia</span> <span class='ocrx_word' id='word_1_176' title='bbox 3182 1576 3313 1633; x_wconf 65' lang='lat' dir='ltr'>quas</span> <span class='ocrx_word' id='word_1_177' title='bbox 3329 1560 3620 1617; x_wconf 87' lang='lat' dir='ltr'>oblectare</span> 
     </span>
    </p>
   </div>
   <div class='ocr_carea' id='block_1_31' title="bbox 1969 1643 3616 1717">
    <p class='ocr_par' dir='ltr' id='par_1_31' title="bbox 1969 1643 3616 1717">
     <span class='ocr_line' id='line_1_31' title="bbox 1969 1643 3616 1717; baseline 0.006 -20"><span class='ocrx_word' id='word_1_178' title='bbox 1969 1643 2243 1699; x_wconf 86' lang='lat' dir='ltr'>mortales</span> <span class='ocrx_word' id='word_1_179' title='bbox 2265 1652 2713 1716; x_wconf 88' lang='lat' dir='ltr'>consueverunt,</span> <span class='ocrx_word' id='word_1_180' title='bbox 2738 1648 2905 1702; x_wconf 90' lang='lat' dir='ltr'>nihili</span> <span class='ocrx_word' id='word_1_181' title='bbox 2938 1649 3181 1717; x_wconf 90' lang='lat' dir='ltr'>ducens,</span> <span class='ocrx_word' id='word_1_182' title='bbox 3208 1667 3322 1705; x_wconf 88' lang='lat' dir='ltr'>non</span> <span class='ocrx_word' id='word_1_183' title='bbox 3345 1668 3517 1706; x_wconf 91' lang='lat' dir='ltr'>secus</span> <span class='ocrx_word' id='word_1_184' title='bbox 3549 1669 3616 1707; x_wconf 90' lang='lat' dir='ltr'>ac</span> 
     </span>
    </p>
   </div>
   <div class='ocr_carea' id='block_1_32' title="bbox 1969 1732 3611 1803">
    <p class='ocr_par' dir='ltr' id='par_1_32' title="bbox 1969 1732 3611 1803">
     <span class='ocr_line' id='line_1_32' title="bbox 1969 1732 3611 1803; baseline 0.006 -18"><span class='ocrx_word' id='word_1_185' title='bbox 1969 1732 2221 1803; x_wconf 88' lang='lat' dir='ltr'>magneti</span> <span class='ocrx_word' id='word_1_186' title='bbox 2258 1733 2590 1801; x_wconf 84' lang='lat' dir='ltr'>ferrum,illi</span> <span class='ocrx_word' id='word_1_187' title='bbox 2612 1736 2915 1791; x_wconf 84' lang='lat' dir='ltr'>confestim</span> <span class='ocrx_word' id='word_1_188' title='bbox 2938 1737 3336 1794; x_wconf 67' lang='lat' dir='ltr'>adhaerescere</span> <span class='ocrx_word' id='word_1_189' title='bbox 3358 1740 3611 1795; x_wconf 89' lang='lat' dir='ltr'>studuit.</span> 
     </span>
    </p>
   </div>
   <div class='ocr_carea' id='block_1_33' title="bbox 1965 1822 3611 1898">
    <p class='ocr_par' dir='ltr' id='par_1_33' title="bbox 1965 1822 3611 1898">
     <span class='ocr_line' id='line_1_33' title="bbox 1965 1822 3611 1898; baseline 0.005 -22"><span class='ocrx_word' id='word_1_190' title='bbox 1965 1822 2257 1878; x_wconf 86' lang='lat' dir='ltr'>Abraham</span> <span class='ocrx_word' id='word_1_191' title='bbox 2305 1824 2540 1895; x_wconf 89' lang='lat' dir='ltr'>quidem</span> <span class='ocrx_word' id='word_1_192' title='bbox 2577 1826 2971 1896; x_wconf 89' lang='lat' dir='ltr'>patriarcham</span> <span class='ocrx_word' id='word_1_193' title='bbox 3005 1828 3283 1883; x_wconf 86' lang='lat' dir='ltr'>admirari</span> <span class='ocrx_word' id='word_1_194' title='bbox 3325 1828 3611 1898; x_wconf 90' lang='lat' dir='ltr'>solemus,</span> 
     </span>
    </p>
   </div>
   <div class='ocr_carea' id='block_1_34' title="bbox 215 1904 1843 2009">
    <p class='ocr_par' dir='ltr' id='par_1_34' title="bbox 215 1904 1843 1979">
     <span class='ocr_line' id='line_1_34' title="bbox 215 1904 1843 1979; baseline -0.002 -16"><span class='ocrx_word' id='word_1_195' title='bbox 215 1908 292 1963; x_wconf 83' lang='grc' dir='ltr'>καὶ</span> <span class='ocrx_word' id='word_1_196' title='bbox 343 1906 487 1979; x_wconf 80' lang='grc' dir='ltr'>μάλα</span> <span class='ocrx_word' id='word_1_197' title='bbox 534 1904 779 1968; x_wconf 85' lang='grc' dir='ltr'>δικαίως.</span> <span class='ocrx_word' id='word_1_198' title='bbox 838 1907 1216 1979; x_wconf 84' lang='grc' dir='ltr'>Ἐκθειάζομεν</span> <span class='ocrx_word' id='word_1_199' title='bbox 1279 1904 1335 1959; x_wconf 79' lang='grc' dir='ltr'>δὲ</span> <span class='ocrx_word' id='word_1_200' title='bbox 1385 1906 1473 1960; x_wconf 88' lang='grc' dir='ltr'>καὶ</span> <span class='ocrx_word' id='word_1_201' title='bbox 1520 1906 1612 1960; x_wconf 87' lang='grc' dir='ltr'>τὸν</span> <span class='ocrx_word' id='word_1_202' title='bbox 1664 1906 1843 1962; x_wconf 74' lang='grc' dir='ltr'>Ἐλισ-</span> 
     </span>
    </p>
   </div>
   <div class='ocr_carea' id='block_1_35' title="bbox 1955 1904 3605 2009">
    <p class='ocr_par' dir='ltr' id='par_1_35' title="bbox 1965 1911 3605 1987">
     <span class='ocr_line' id='line_1_35' title="bbox 1965 1911 3605 1987; baseline 0.004 -21"><span class='ocrx_word' id='word_1_203' title='bbox 1965 1928 2097 1966; x_wconf 91' lang='lat' dir='ltr'>cum</span> <span class='ocrx_word' id='word_1_204' title='bbox 2123 1911 2262 1978; x_wconf 86' lang='lat' dir='ltr'>Deo,</span> <span class='ocrx_word' id='word_1_205' title='bbox 2297 1916 2361 1967; x_wconf 92' lang='lat' dir='ltr'>ut</span> <span class='ocrx_word' id='word_1_206' title='bbox 2398 1928 2426 1967; x_wconf 91' lang='lat' dir='ltr'>e</span> <span class='ocrx_word' id='word_1_207' title='bbox 2459 1915 2806 1985; x_wconf 84' lang='lat' dir='ltr'>cognatione</span> <span class='ocrx_word' id='word_1_208' title='bbox 2830 1932 2895 1971; x_wconf 89' lang='lat' dir='ltr'>ac</span> <span class='ocrx_word' id='word_1_209' title='bbox 2928 1916 3115 1987; x_wconf 87' lang='lat' dir='ltr'>patria</span> <span class='ocrx_word' id='word_1_210' title='bbox 3143 1917 3326 1973; x_wconf 86' lang='lat' dir='ltr'>exiret</span> <span class='ocrx_word' id='word_1_211' title='bbox 3349 1934 3479 1983; x_wconf 88' lang='lat' dir='ltr'>sua,</span> <span class='ocrx_word' id='word_1_212' title='bbox 3510 1934 3605 1973; x_wconf 82' lang='lat' dir='ltr'>ex-</span> 
     </span>
    </p>
   </div>
   <div class='ocr_carea' id='block_1_36' title="bbox 213 1994 1846 2071">
    <p class='ocr_par' dir='ltr' id='par_1_36' title="bbox 213 1994 1846 2071">
     <span class='ocr_line' id='line_1_36' title="bbox 213 1994 1846 2071; baseline -0.001 -21"><span class='ocrx_word' id='word_1_213' title='bbox 213 2000 370 2064; x_wconf 83' lang='grc' dir='ltr'>σαῖον,</span> <span class='ocrx_word' id='word_1_214' title='bbox 423 1996 490 2051; x_wconf 80' lang='grc' dir='ltr'>τὰ</span> <span class='ocrx_word' id='word_1_215' title='bbox 537 1995 703 2071; x_wconf 79' lang='grc' dir='ltr'>ζεύγη</span> <span class='ocrx_word' id='word_1_216' title='bbox 734 2000 842 2049; x_wconf 82' lang='grc' dir='ltr'>τῶν</span> <span class='ocrx_word' id='word_1_217' title='bbox 889 1996 1029 2070; x_wconf 84' lang='grc' dir='ltr'>βοῶν</span> <span class='ocrx_word' id='word_1_218' title='bbox 1090 1994 1553 2061; x_wconf 87' lang='grc' dir='ltr'>καταλελοιπότα,</span> <span class='ocrx_word' id='word_1_219' title='bbox 1611 1996 1700 2049; x_wconf 88' lang='grc' dir='ltr'>καὶ</span> <span class='ocrx_word' id='word_1_220' title='bbox 1748 1995 1846 2063; x_wconf 82' lang='grc' dir='ltr'>τὴν</span> 
     </span>
    </p>
   </div>
   <div class='ocr_carea' id='block_1_37' title="bbox 210 2081 1848 2161">
    <p class='ocr_par' dir='ltr' id='par_1_37' title="bbox 210 2081 1848 2161">
     <span class='ocr_line' id='line_1_37' title="bbox 210 2081 1848 2161; baseline -0.001 -21"><span class='ocrx_word' id='word_1_221' title='bbox 210 2086 441 2160; x_wconf 80' lang='grc' dir='ltr'>πατρῴαν</span> <span class='ocrx_word' id='word_1_222' title='bbox 493 2086 712 2161; x_wconf 83' lang='grc' dir='ltr'>χαίρειν</span> <span class='ocrx_word' id='word_1_223' title='bbox 757 2083 930 2138; x_wconf 74' lang='grc' dir='ltr'>ἑστίαν</span> <span class='ocrx_word' id='word_1_224' title='bbox 964 2083 1210 2155; x_wconf 78' lang='grc' dir='ltr'>ἐάσαντα,</span> <span class='ocrx_word' id='word_1_225' title='bbox 1242 2084 1332 2138; x_wconf 88' lang='grc' dir='ltr'>καὶ</span> <span class='ocrx_word' id='word_1_226' title='bbox 1364 2081 1532 2154; x_wconf 83' lang='grc' dir='ltr'>Ἧλίᾳ</span> <span class='ocrx_word' id='word_1_227' title='bbox 1568 2089 1645 2155; x_wconf 81' lang='grc' dir='ltr'>τῷ</span> <span class='ocrx_word' id='word_1_228' title='bbox 1692 2105 1848 2138; x_wconf 88' lang='grc' dir='ltr'>πνευ-</span> 
     </span>
    </p>
   </div>
   <div class='ocr_carea' id='block_1_38' title="bbox 213 2168 1846 2252">
    <p class='ocr_par' dir='ltr' id='par_1_38' title="bbox 213 2168 1846 2252">
     <span class='ocr_line' id='line_1_38' title="bbox 213 2168 1846 2252; baseline 0 -24"><span class='ocrx_word' id='word_1_229' title='bbox 213 2174 489 2252; x_wconf 84' lang='grc' dir='ltr'>ματοφόρῳ</span> <span class='ocrx_word' id='word_1_230' title='bbox 554 2172 780 2247; x_wconf 82' lang='grc' dir='ltr'>ζηλωτῇ</span> <span class='ocrx_word' id='word_1_231' title='bbox 829 2171 1125 2242; x_wconf 73' lang='grc' dir='ltr'>κεκληκότι</span> <span class='ocrx_word' id='word_1_232' title='bbox 1168 2170 1345 2242; x_wconf 77' lang='grc' dir='ltr'>πᾶσης</span> <span class='ocrx_word' id='word_1_233' title='bbox 1396 2171 1520 2249; x_wconf 75' lang='grc' dir='ltr'>ἄτερ</span> <span class='ocrx_word' id='word_1_234' title='bbox 1569 2168 1846 2243; x_wconf 73' lang='grc' dir='ltr'>ἀναϐολῆς</span> 
     </span>
    </p>
   </div>
   <div class='ocr_carea' id='block_1_39' title="bbox 208 2260 1845 2333">
    <p class='ocr_par' dir='ltr' id='par_1_39' title="bbox 208 2260 1845 2333">
     <span class='ocr_line' id='line_1_39' title="bbox 208 2260 1845 2333; baseline -0.001 -15"><span class='ocrx_word' id='word_1_235' title='bbox 208 2261 632 2333; x_wconf 66' lang='grc' dir='ltr'>ἠκολουθηκόταο</span> <span class='ocrx_word' id='word_1_236' title='bbox 683 2264 771 2318; x_wconf 79' lang='grc' dir='ltr'>καὶ</span> <span class='ocrx_word' id='word_1_237' title='bbox 826 2262 948 2318; x_wconf 85' lang='grc' dir='ltr'>λίαν</span> <span class='ocrx_word' id='word_1_238' title='bbox 997 2260 1240 2325; x_wconf 83' lang='grc' dir='ltr'>ἐνδίκως.</span> <span class='ocrx_word' id='word_1_239' title='bbox 1288 2260 1566 2317; x_wconf 81' lang='grc' dir='ltr'>Φίλιππον</span> <span class='ocrx_word' id='word_1_240' title='bbox 1600 2263 1664 2317; x_wconf 74' lang='grc' dir='ltr'>αὖ</span> <span class='ocrx_word' id='word_1_241' title='bbox 1695 2262 1845 2318; x_wconf 79' lang='grc' dir='ltr'>ἐπαί-</span> 
     </span>
    </p>
   </div>
   <div class='ocr_carea' id='block_1_40' title="bbox 206 2351 1848 2429">
    <p class='ocr_par' dir='ltr' id='par_1_40' title="bbox 206 2351 1848 2429">
     <span class='ocr_line' id='line_1_40' title="bbox 206 2351 1848 2429; baseline -0.001 -22"><span class='ocrx_word' id='word_1_242' title='bbox 206 2373 306 2414; x_wconf 88' lang='grc' dir='ltr'>νοις</span> <span class='ocrx_word' id='word_1_243' title='bbox 360 2351 687 2427; x_wconf 78' lang='grc' dir='ltr'>ἐξαίρομεν,</span> <span class='ocrx_word' id='word_1_244' title='bbox 760 2353 943 2423; x_wconf 85' lang='grc' dir='ltr'>Ἰησοῦ</span> <span class='ocrx_word' id='word_1_245' title='bbox 998 2356 1078 2424; x_wconf 79' lang='grc' dir='ltr'>τῷ</span> <span class='ocrx_word' id='word_1_246' title='bbox 1127 2359 1228 2421; x_wconf 79' lang='grc' dir='ltr'>τῆς</span> <span class='ocrx_word' id='word_1_247' title='bbox 1284 2352 1557 2426; x_wconf 86' lang='grc' dir='ltr'>σωτηρίας</span> <span class='ocrx_word' id='word_1_248' title='bbox 1614 2352 1848 2429; x_wconf 83' lang='grc' dir='ltr'>ἀρχηγῷ</span> 
     </span>
    </p>
   </div>
   <div class='ocr_carea' id='block_1_41' title="bbox 203 2438 1850 2517">
    <p class='ocr_par' dir='ltr' id='par_1_41' title="bbox 203 2438 1850 2517">
     <span class='ocr_line' id='line_1_41' title="bbox 203 2438 1850 2517; baseline -0.001 -21"><span class='ocrx_word' id='word_1_249' title='bbox 203 2441 635 2517; x_wconf 77' lang='grc' dir='ltr'>προκεκλημένῳ</span> <span class='ocrx_word' id='word_1_250' title='bbox 697 2441 892 2517; x_wconf 82' lang='grc' dir='ltr'>τάχιον</span> <span class='ocrx_word' id='word_1_251' title='bbox 952 2440 1359 2516; x_wconf 75' lang='grc' dir='ltr'>ἄναντιρῥήτως</span> <span class='ocrx_word' id='word_1_252' title='bbox 1432 2438 1850 2517; x_wconf 84' lang='grc' dir='ltr'>προσδεδραμη-</span> 
     </span>
    </p>
   </div>
   <div class='ocr_carea' id='block_1_42' title="bbox 204 2528 1843 2607">
    <p class='ocr_par' dir='ltr' id='par_1_42' title="bbox 204 2528 1843 2607">
     <span class='ocr_line' id='line_1_42' title="bbox 204 2528 1843 2607; baseline -0.001 -21"><span class='ocrx_word' id='word_1_253' title='bbox 204 2532 321 2586; x_wconf 84' lang='grc' dir='ltr'>κότα</span> <span class='ocrx_word' id='word_1_254' title='bbox 362 2531 451 2587; x_wconf 80' lang='grc' dir='ltr'>καὶ</span> <span class='ocrx_word' id='word_1_255' title='bbox 500 2531 836 2607; x_wconf 75' lang='grc' dir='ltr'>προφρόνως</span> <span class='ocrx_word' id='word_1_256' title='bbox 896 2529 1193 2604; x_wconf 78' lang='grc' dir='ltr'>ἑπόμενον,</span> <span class='ocrx_word' id='word_1_257' title='bbox 1248 2530 1339 2585; x_wconf 89' lang='grc' dir='ltr'>καὶ</span> <span class='ocrx_word' id='word_1_258' title='bbox 1395 2528 1843 2605; x_wconf 72' lang='grc' dir='ltr'>πρεπωδέστατον</span> 
     </span>
    </p>
   </div>
   <div class='ocr_carea' id='block_1_43' title="bbox 205 2614 380 2683">
    <p class='ocr_par' dir='ltr' id='par_1_43' title="bbox 205 2614 380 2683">
     <span class='ocr_line' id='line_1_43' title="bbox 205 2614 380 2683; baseline 0.034 -10"><span class='ocrx_word' id='word_1_259' title='bbox 205 2614 380 2683; x_wconf 75' lang='grc' dir='ltr'>ὅντως.</span> 
     </span>
    </p>
   </div>
   <div class='ocr_carea' id='block_1_44' title="bbox 263 2889 1842 2966">
    <p class='ocr_par' dir='ltr' id='par_1_44' title="bbox 263 2889 1842 2966">
     <span class='ocr_line' id='line_1_44' title="bbox 263 2889 1842 2966; baseline 0.001 -22"><span class='ocrx_word' id='word_1_260' title='bbox 263 2890 451 2953; x_wconf 90' lang='grc' dir='ltr'>Πόσοις</span> <span class='ocrx_word' id='word_1_261' title='bbox 478 2895 769 2966; x_wconf 79' lang='grc' dir='ltr'>τοιγαροῦν</span> <span class='ocrx_word' id='word_1_262' title='bbox 799 2890 888 2946; x_wconf 85' lang='grc' dir='ltr'>καὶ</span> <span class='ocrx_word' id='word_1_263' title='bbox 920 2889 1102 2952; x_wconf 86' lang='grc' dir='ltr'>ποίοις</span> <span class='ocrx_word' id='word_1_264' title='bbox 1131 2894 1342 2962; x_wconf 83' lang='grc' dir='ltr'>τοῦτον,</span> <span class='ocrx_word' id='word_1_265' title='bbox 1375 2890 1433 2953; x_wconf 78' lang='grc' dir='ltr'>ὃς</span> <span class='ocrx_word' id='word_1_266' title='bbox 1467 2889 1529 2945; x_wconf 82' lang='grc' dir='ltr'>οὗ</span> <span class='ocrx_word' id='word_1_267' title='bbox 1562 2892 1842 2964; x_wconf 84' lang='grc' dir='ltr'>Μωσαϊκῷ</span> 
     </span>
    </p>
   </div>
   <div class='ocr_carea' id='block_1_45' title="bbox 201 2978 1840 3059">
    <p class='ocr_par' dir='ltr' id='par_1_45' title="bbox 201 2978 1840 3059">
     <span class='ocr_line' id='line_1_45' title="bbox 201 2978 1840 3059; baseline 0.001 -25"><span class='ocrx_word' id='word_1_268' title='bbox 201 2978 694 3056; x_wconf 71' lang='grc' dir='ltr'>πφοκατηχημένος</span> <span class='ocrx_word' id='word_1_269' title='bbox 740 2982 807 3050; x_wconf 83' lang='grc' dir='ltr'>ἧν</span> <span class='ocrx_word' id='word_1_270' title='bbox 855 2980 1031 3054; x_wconf 87' lang='grc' dir='ltr'>νόμῳ,</span> <span class='ocrx_word' id='word_1_271' title='bbox 1065 2978 1125 3034; x_wconf 82' lang='grc' dir='ltr'>οὐ</span> <span class='ocrx_word' id='word_1_272' title='bbox 1156 2981 1498 3059; x_wconf 78' lang='grc' dir='ltr'>προφητικὰς</span> <span class='ocrx_word' id='word_1_273' title='bbox 1548 2978 1840 3036; x_wconf 81' lang='grc' dir='ltr'>πεπαιδευ-</span> 
     </span>
    </p>
   </div>
   <div class='ocr_carea' id='block_1_46' title="bbox 204 3065 1841 3147">
    <p class='ocr_par' dir='ltr' id='par_1_46' title="bbox 204 3065 1841 3147">
     <span class='ocr_line' id='line_1_46' title="bbox 204 3065 1841 3147; baseline 0.001 -24"><span class='ocrx_word' id='word_1_274' title='bbox 204 3065 346 3139; x_wconf 64' lang='grc' dir='ltr'>μῖνος</span> <span class='ocrx_word' id='word_1_275' title='bbox 375 3070 585 3146; x_wconf 77' lang='grc' dir='ltr'>ῥήσεις,</span> <span class='ocrx_word' id='word_1_276' title='bbox 623 3070 732 3145; x_wconf 84' lang='grc' dir='ltr'>οὐχ</span> <span class='ocrx_word' id='word_1_277' title='bbox 761 3071 1061 3143; x_wconf 81' lang='grc' dir='ltr'>ἱστορικοῖς</span> <span class='ocrx_word' id='word_1_278' title='bbox 1089 3069 1243 3124; x_wconf 85' lang='grc' dir='ltr'>θείων</span> <span class='ocrx_word' id='word_1_279' title='bbox 1302 3068 1590 3145; x_wconf 82' lang='grc' dir='ltr'>τερατείων</span> <span class='ocrx_word' id='word_1_280' title='bbox 1640 3090 1841 3147; x_wconf 84' lang='grc' dir='ltr'>προγε-</span> 
     </span>
    </p>
   </div>
   <div class='ocr_carea' id='block_1_47' title="bbox 201 3156 1842 3233">
    <p class='ocr_par' dir='ltr' id='par_1_47' title="bbox 201 3156 1842 3233">
     <span class='ocr_line' id='line_1_47' title="bbox 201 3156 1842 3233; baseline 0.001 -22"><span class='ocrx_word' id='word_1_281' title='bbox 201 3160 559 3233; x_wconf 85' lang='grc' dir='ltr'>γυμνασμένος</span> <span class='ocrx_word' id='word_1_282' title='bbox 635 3160 732 3222; x_wconf 80' lang='grc' dir='ltr'>τὰς</span> <span class='ocrx_word' id='word_1_283' title='bbox 813 3160 977 3220; x_wconf 73' lang='grc' dir='ltr'>ἀκοὰς</span> <span class='ocrx_word' id='word_1_284' title='bbox 1050 3156 1408 3233; x_wconf 78' lang='grc' dir='ltr'>διηγήμασιν,</span> <span class='ocrx_word' id='word_1_285' title='bbox 1496 3159 1561 3213; x_wconf 83' lang='grc' dir='ltr'>οὐ</span> <span class='ocrx_word' id='word_1_286' title='bbox 1639 3165 1842 3232; x_wconf 89' lang='grc' dir='ltr'>σημεῖα</span> 
     </span>
    </p>
   </div>
   <div class='ocr_carea' id='block_1_48' title="bbox 198 3250 1839 3327">
    <p class='ocr_par' dir='ltr' id='par_1_48' title="bbox 198 3250 1839 3327">
     <span class='ocr_line' id='line_1_48' title="bbox 198 3250 1839 3327; baseline 0.002 -24"><span class='ocrx_word' id='word_1_287' title='bbox 198 3252 545 3327; x_wconf 84' lang='grc' dir='ltr'>προιωρακὼς</span> <span class='ocrx_word' id='word_1_288' title='bbox 626 3250 1149 3326; x_wconf 76' lang='grc' dir='ltr'>τερατουργούμενα,</span> <span class='ocrx_word' id='word_1_289' title='bbox 1221 3250 1631 3326; x_wconf 81' lang='grc' dir='ltr'>καταγεραίρειν</span> <span class='ocrx_word' id='word_1_290' title='bbox 1708 3251 1839 3326; x_wconf 91' lang='grc' dir='ltr'>κρό-</span> 
     </span>
    </p>
   </div>
   <div class='ocr_carea' id='block_1_49' title="bbox 195 3315 1923 3418">
    <p class='ocr_par' dir='ltr' id='par_1_49' title="bbox 195 3315 1923 3418">
     <span class='ocr_line' id='line_1_49' title="bbox 195 3315 1923 3418; baseline 0.003 -27"><span class='ocrx_word' id='word_1_291' title='bbox 195 3315 324 3409; x_wconf 83' lang='grc' dir='ltr'>τοις,</span> <span class='ocrx_word' id='word_1_292' title='bbox 370 3315 648 3414; x_wconf 63' lang='grc' dir='ltr'>ἐῦφήμοις</span> <span class='ocrx_word' id='word_1_293' title='bbox 689 3315 1033 3416; x_wconf 38' lang='grc' dir='ltr'>’ἀναρρήσεσι</span> <span class='ocrx_word' id='word_1_294' title='bbox 1094 3315 1440 3417; x_wconf 62' lang='grc' dir='ltr'>καταστέφειν</span> <span class='ocrx_word' id='word_1_295' title='bbox 1501 3315 1836 3418; x_wconf 74' lang='grc' dir='ltr'>όφείλομένς</span> <span class='ocrx_word' id='word_1_296' title='bbox 1871 3315 1923 3382; x_wconf 62' lang='grc' dir='ltr'>δ</span> 
     </span>
    </p>
   </div>
   <div class='ocr_carea' id='block_1_50' title="bbox 200 3426 1841 3503">
    <p class='ocr_par' dir='ltr' id='par_1_50' title="bbox 200 3426 1841 3503">
     <span class='ocr_line' id='line_1_50' title="bbox 200 3426 1841 3503; baseline 0.003 -23"><span class='ocrx_word' id='word_1_297' title='bbox 200 3426 337 3490; x_wconf 83' lang='grc' dir='ltr'>ἀπως</span> <span class='ocrx_word' id='word_1_298' title='bbox 360 3430 690 3503; x_wconf 72' lang='grc' dir='ltr'>ἑτοιμότατα</span> <span class='ocrx_word' id='word_1_299' title='bbox 753 3427 971 3485; x_wconf 75' lang='grc' dir='ltr'>Ηαύλου</span> <span class='ocrx_word' id='word_1_300' title='bbox 1022 3429 1115 3484; x_wconf 85' lang='grc' dir='ltr'>τὸν</span> <span class='ocrx_word' id='word_1_301' title='bbox 1171 3426 1379 3484; x_wconf 75' lang='grc' dir='ltr'>ἅπλοῦν</span> <span class='ocrx_word' id='word_1_302' title='bbox 1412 3431 1717 3503; x_wconf 87' lang='grc' dir='ltr'>αροσήκατο</span> <span class='ocrx_word' id='word_1_303' title='bbox 1747 3430 1841 3485; x_wconf 88' lang='grc' dir='ltr'>λό-</span> 
     </span>
    </p>
   </div>
   <div class='ocr_carea' id='block_1_51' title="bbox 196 3515 1843 3594">
    <p class='ocr_par' dir='ltr' id='par_1_51' title="bbox 196 3515 1843 3594">
     <span class='ocr_line' id='line_1_51' title="bbox 196 3515 1843 3594; baseline 0.001 -24"><span class='ocrx_word' id='word_1_304' title='bbox 196 3536 302 3590; x_wconf 85' lang='grc' dir='ltr'>γον,</span> <span class='ocrx_word' id='word_1_305' title='bbox 354 3517 548 3594; x_wconf 88' lang='grc' dir='ltr'>ἀνδρὸς</span> <span class='ocrx_word' id='word_1_306' title='bbox 600 3516 846 3588; x_wconf 80' lang='grc' dir='ltr'>ἰδιώτου,</span> <span class='ocrx_word' id='word_1_307' title='bbox 877 3518 965 3572; x_wconf 82' lang='grc' dir='ltr'>καὶ</span> <span class='ocrx_word' id='word_1_308' title='bbox 997 3520 1249 3589; x_wconf 85' lang='grc' dir='ltr'>πένητος,</span> <span class='ocrx_word' id='word_1_309' title='bbox 1275 3518 1365 3572; x_wconf 83' lang='grc' dir='ltr'>καὶ</span> <span class='ocrx_word' id='word_1_310' title='bbox 1397 3517 1547 3588; x_wconf 81' lang='grc' dir='ltr'>ξένου</span> <span class='ocrx_word' id='word_1_311' title='bbox 1576 3520 1723 3580; x_wconf 87' lang='grc' dir='ltr'>τινὸς</span> <span class='ocrx_word' id='word_1_312' title='bbox 1754 3515 1843 3572; x_wconf 79' lang='grc' dir='ltr'>ὅν-</span> 
     </span>
    </p>
   </div>
   <div class='ocr_carea' id='block_1_52' title="bbox 194 3605 1843 3683">
    <p class='ocr_par' dir='ltr' id='par_1_52' title="bbox 194 3605 1843 3683">
     <span class='ocr_line' id='line_1_52' title="bbox 194 3605 1843 3683; baseline 0.004 -26"><span class='ocrx_word' id='word_1_313' title='bbox 194 3623 296 3672; x_wconf 87' lang='grc' dir='ltr'>τος,</span> <span class='ocrx_word' id='word_1_314' title='bbox 355 3607 415 3662; x_wconf 80' lang='grc' dir='ltr'>οὗ</span> <span class='ocrx_word' id='word_1_315' title='bbox 475 3607 798 3683; x_wconf 74' lang='grc' dir='ltr'>ῥητορικαῖς</span> <span class='ocrx_word' id='word_1_316' title='bbox 857 3608 1299 3681; x_wconf 68' lang='grc' dir='ltr'>κεκομψευμένου</span> <span class='ocrx_word' id='word_1_317' title='bbox 1341 3605 1671 3677; x_wconf 81' lang='grc' dir='ltr'>δεινώσεσιν,</span> <span class='ocrx_word' id='word_1_318' title='bbox 1716 3607 1843 3664; x_wconf 76' lang='grc' dir='ltr'>οὖδὶ</span> 
     </span>
    </p>
   </div>
   <div class='ocr_carea' id='block_1_53' title="bbox 201 3696 1841 3772">
    <p class='ocr_par' dir='ltr' id='par_1_53' title="bbox 201 3696 1841 3772">
     <span class='ocr_line' id='line_1_53' title="bbox 201 3696 1841 3772; baseline 0.004 -25"><span class='ocrx_word' id='word_1_319' title='bbox 201 3703 520 3772; x_wconf 74' lang='grc' dir='ltr'>σοφιστικαῖς</span> <span class='ocrx_word' id='word_1_320' title='bbox 570 3698 979 3772; x_wconf 80' lang='grc' dir='ltr'>τετεχνημένου</span> <span class='ocrx_word' id='word_1_321' title='bbox 1009 3698 1354 3772; x_wconf 86' lang='grc' dir='ltr'>προτάσεσιν,</span> <span class='ocrx_word' id='word_1_322' title='bbox 1400 3696 1525 3753; x_wconf 86' lang='grc' dir='ltr'>ἀλλ’</span> <span class='ocrx_word' id='word_1_323' title='bbox 1556 3697 1670 3753; x_wconf 83' lang='grc' dir='ltr'>οἷόν</span> <span class='ocrx_word' id='word_1_324' title='bbox 1724 3719 1841 3753; x_wconf 87' lang='grc' dir='ltr'>τινα</span> 
     </span>
    </p>
   </div>
   <div class='ocr_carea' id='block_1_54' title="bbox 204 3781 1840 3862">
    <p class='ocr_par' dir='ltr' id='par_1_54' title="bbox 204 3781 1840 3862">
     <span class='ocr_line' id='line_1_54' title="bbox 204 3781 1840 3862; baseline 0.003 -24"><span class='ocrx_word' id='word_1_325' title='bbox 204 3786 389 3861; x_wconf 74' lang='grc' dir='ltr'>σπορὰν</span> <span class='ocrx_word' id='word_1_326' title='bbox 442 3786 519 3849; x_wconf 80' lang='grc' dir='ltr'>εἰς</span> <span class='ocrx_word' id='word_1_327' title='bbox 569 3787 675 3861; x_wconf 80' lang='grc' dir='ltr'>γὴν</span> <span class='ocrx_word' id='word_1_328' title='bbox 720 3782 1099 3861; x_wconf 82' lang='grc' dir='ltr'>πρωτοϐόλως</span> <span class='ocrx_word' id='word_1_329' title='bbox 1140 3781 1628 3858; x_wconf 76' lang='grc' dir='ltr'>καταϐεϐλημένην</span> <span class='ocrx_word' id='word_1_330' title='bbox 1662 3784 1840 3862; x_wconf 86' lang='grc' dir='ltr'>δεδεγ-</span> 
     </span>
    </p>
   </div>
   <div class='ocr_carea' id='block_1_55' title="bbox 204 3872 1836 3953">
    <p class='ocr_par' dir='ltr' id='par_1_55' title="bbox 204 3872 1836 3953">
     <span class='ocr_line' id='line_1_55' title="bbox 204 3872 1836 3953; baseline 0.003 -27"><span class='ocrx_word' id='word_1_331' title='bbox 204 3874 367 3943; x_wconf 79' lang='grc' dir='ltr'>μένος,</span> <span class='ocrx_word' id='word_1_332' title='bbox 418 3875 507 3930; x_wconf 83' lang='grc' dir='ltr'>καὶ</span> <span class='ocrx_word' id='word_1_333' title='bbox 550 3875 672 3929; x_wconf 80' lang='grc' dir='ltr'>κατ’</span> <span class='ocrx_word' id='word_1_334' title='bbox 702 3872 854 3929; x_wconf 74' lang='grc' dir='ltr'>οὐδὲν</span> <span class='ocrx_word' id='word_1_335' title='bbox 889 3872 1167 3937; x_wconf 83' lang='grc' dir='ltr'>ἐνδοιάσας</span> <span class='ocrx_word' id='word_1_336' title='bbox 1196 3879 1274 3946; x_wconf 80' lang='grc' dir='ltr'>τῷ</span> <span class='ocrx_word' id='word_1_337' title='bbox 1310 3876 1458 3949; x_wconf 84' lang='grc' dir='ltr'>βάθει</span> <span class='ocrx_word' id='word_1_338' title='bbox 1489 3880 1597 3931; x_wconf 83' lang='grc' dir='ltr'>τῶν</span> <span class='ocrx_word' id='word_1_339' title='bbox 1630 3881 1836 3953; x_wconf 83' lang='grc' dir='ltr'>φρενῶν</span> 
     </span>
    </p>
   </div>
   <div class='ocr_carea' id='block_1_56' title="bbox 199 3957 1836 4040">
    <p class='ocr_par' dir='ltr' id='par_1_56' title="bbox 199 3957 1836 4040">
     <span class='ocr_line' id='line_1_56' title="bbox 199 3957 1836 4040; baseline 0.004 -26"><span class='ocrx_word' id='word_1_340' title='bbox 199 3957 456 4033; x_wconf 78' lang='grc' dir='ltr'>ἐμϐαλὼν,</span> <span class='ocrx_word' id='word_1_341' title='bbox 494 3959 813 4027; x_wconf 77' lang='grc' dir='ltr'>εὐθυϐόλως</span> <span class='ocrx_word' id='word_1_342' title='bbox 844 3964 971 4025; x_wconf 86' lang='grc' dir='ltr'>τοὺς</span> <span class='ocrx_word' id='word_1_343' title='bbox 1013 3963 1336 4039; x_wconf 88' lang='grc' dir='ltr'>ζωηφόρους</span> <span class='ocrx_word' id='word_1_344' title='bbox 1363 3971 1463 4033; x_wconf 82' lang='grc' dir='ltr'>τῆς</span> <span class='ocrx_word' id='word_1_345' title='bbox 1497 3964 1718 4040; x_wconf 83' lang='grc' dir='ltr'>εὐαγοῦς</span> <span class='ocrx_word' id='word_1_346' title='bbox 1747 3967 1836 4021; x_wconf 90' lang='grc' dir='ltr'>πί-</span> 
     </span>
    </p>
   </div>
   <div class='ocr_carea' id='block_1_57' title="bbox 195 4052 1838 4131">
    <p class='ocr_par' dir='ltr' id='par_1_57' title="bbox 195 4052 1838 4131">
     <span class='ocr_line' id='line_1_57' title="bbox 195 4052 1838 4131; baseline 0.004 -28"><span class='ocrx_word' id='word_1_347' title='bbox 195 4070 343 4115; x_wconf 85' lang='grc' dir='ltr'>στεως</span> <span class='ocrx_word' id='word_1_348' title='bbox 419 4052 665 4130; x_wconf 85' lang='grc' dir='ltr'>καρποὺς</span> <span class='ocrx_word' id='word_1_349' title='bbox 737 4052 1184 4130; x_wconf 84' lang='grc' dir='ltr'>ἐτελεσφόρησεν,</span> <span class='ocrx_word' id='word_1_350' title='bbox 1258 4055 1333 4118; x_wconf 85' lang='grc' dir='ltr'>ὡς</span> <span class='ocrx_word' id='word_1_351' title='bbox 1387 4053 1582 4126; x_wconf 78' lang='grc' dir='ltr'>Ἠσαίᾳ</span> <span class='ocrx_word' id='word_1_352' title='bbox 1636 4076 1838 4131; x_wconf 87' lang='grc' dir='ltr'>συγχο-</span> 
     </span>
    </p>
   </div>
   <div class='ocr_carea' id='block_1_58' title="bbox 192 4138 1835 4220">
    <p class='ocr_par' dir='ltr' id='par_1_58' title="bbox 192 4138 1835 4220">
     <span class='ocr_line' id='line_1_58' title="bbox 192 4138 1835 4220; baseline 0.004 -26"><span class='ocrx_word' id='word_1_353' title='bbox 192 4141 347 4213; x_wconf 71' lang='grc' dir='ltr'>ρεύειν</span> <span class='ocrx_word' id='word_1_354' title='bbox 405 4142 608 4214; x_wconf 80' lang='grc' dir='ltr'>ᾅδοντα</span> <span class='ocrx_word' id='word_1_355' title='bbox 671 4142 968 4218; x_wconf 83' lang='grc' dir='ltr'>μονονουχὶ</span> <span class='ocrx_word' id='word_1_356' title='bbox 1019 4147 1096 4215; x_wconf 81' lang='grc' dir='ltr'>τῷ</span> <span class='ocrx_word' id='word_1_357' title='bbox 1130 4138 1666 4220; x_wconf 78' lang='grc' dir='ltr'>προϐλεπτικωτάτῳ</span> <span class='ocrx_word' id='word_1_358' title='bbox 1696 4165 1835 4218; x_wconf 84' lang='grc' dir='ltr'>προ-</span> 
     </span>
    </p>
   </div>
   <div class='ocr_carea' id='block_1_59' title="bbox 192 4227 1834 4310">
    <p class='ocr_par' dir='ltr' id='par_1_59' title="bbox 192 4227 1834 4310">
     <span class='ocr_line' id='line_1_59' title="bbox 192 4227 1834 4310; baseline 0.003 -27"><span class='ocrx_word' id='word_1_359' title='bbox 192 4232 320 4305; x_wconf 80' lang='grc' dir='ltr'>φήτῃ</span> <span class='ocrx_word' id='word_1_360' title='bbox 356 4234 581 4307; x_wconf 82' lang='grc' dir='ltr'>βοῶντι·</span> <span class='ocrx_word' id='word_1_361' title='bbox 646 4234 743 4287; x_wconf 80' lang='grc' dir='ltr'>Διά</span> <span class='ocrx_word' id='word_1_362' title='bbox 796 4233 890 4287; x_wconf 89' lang='grc' dir='ltr'>τὸν</span> <span class='ocrx_word' id='word_1_363' title='bbox 949 4227 1116 4310; x_wconf 75' lang='grc' dir='ltr'>φόϐον</span> <span class='ocrx_word' id='word_1_364' title='bbox 1165 4254 1281 4305; x_wconf 89' lang='grc' dir='ltr'>σου,</span> <span class='ocrx_word' id='word_1_365' title='bbox 1342 4233 1522 4309; x_wconf 82' lang='grc' dir='ltr'>Κύριε,</span> <span class='ocrx_word' id='word_1_366' title='bbox 1558 4233 1609 4288; x_wconf 83' lang='grc' dir='ltr'>ἐν</span> <span class='ocrx_word' id='word_1_367' title='bbox 1642 4235 1834 4310; x_wconf 82' lang='grc' dir='ltr'>γαστρὶ</span> 
     </span>
    </p>
   </div>
   <div class='ocr_carea' id='block_1_60' title="bbox 193 4315 1835 4396">
    <p class='ocr_par' dir='ltr' id='par_1_60' title="bbox 193 4315 1835 4396">
     <span class='ocr_line' id='line_1_60' title="bbox 193 4315 1835 4396; baseline 0.004 -25"><span class='ocrx_word' id='word_1_368' title='bbox 193 4315 443 4393; x_wconf 71' lang='grc' dir='ltr'>ἐλάϐομεν</span> <span class='ocrx_word' id='word_1_369' title='bbox 473 4366 487 4390; x_wconf 91' lang='grc'>,</span> <span class='ocrx_word' id='word_1_370' title='bbox 546 4322 638 4377; x_wconf 79' lang='grc' dir='ltr'>καὶ</span> <span class='ocrx_word' id='word_1_371' title='bbox 698 4319 1062 4395; x_wconf 86' lang='grc' dir='ltr'>ὠδινήσαμεν,</span> <span class='ocrx_word' id='word_1_372' title='bbox 1117 4322 1206 4376; x_wconf 82' lang='grc' dir='ltr'>καὶ</span> <span class='ocrx_word' id='word_1_373' title='bbox 1266 4321 1518 4394; x_wconf 85' lang='grc' dir='ltr'>ἐτέκομεν</span> <span class='ocrx_word' id='word_1_374' title='bbox 1548 4369 1561 4390; x_wconf 84' lang='grc'>,</span> <span class='ocrx_word' id='word_1_375' title='bbox 1619 4327 1835 4396; x_wconf 80' lang='grc' dir='ltr'>πνεῦμα</span> 
     </span>
    </p>
   </div>
   <div class='ocr_carea' id='block_1_61' title="bbox 192 4411 1835 4487">
    <p class='ocr_par' dir='ltr' id='par_1_61' title="bbox 192 4411 1835 4487">
     <span class='ocr_line' id='line_1_61' title="bbox 192 4411 1835 4487; baseline 0.003 -27"><span class='ocrx_word' id='word_1_376' title='bbox 192 4412 446 4486; x_wconf 86' lang='grc' dir='ltr'>σωτηρίας</span> <span class='ocrx_word' id='word_1_377' title='bbox 499 4433 598 4467; x_wconf 91' lang='grc' dir='ltr'>σου</span> <span class='ocrx_word' id='word_1_378' title='bbox 650 4411 980 4485; x_wconf 70' lang='grc' dir='ltr'>ἐπιιήσαμεν</span> <span class='ocrx_word' id='word_1_379' title='bbox 1033 4411 1121 4466; x_wconf 81' lang='grc' dir='ltr'>ἐπὶ</span> <span class='ocrx_word' id='word_1_380' title='bbox 1170 4415 1271 4476; x_wconf 77' lang='grc' dir='ltr'>τῆς</span> <span class='ocrx_word' id='word_1_381' title='bbox 1321 4415 1441 4487; x_wconf 82' lang='grc' dir='ltr'>γῆς.</span> <span class='ocrx_word' id='word_1_382' title='bbox 1499 4414 1681 4467; x_wconf 80' lang='grc' dir='ltr'>Ταῦτα</span> <span class='ocrx_word' id='word_1_383' title='bbox 1712 4412 1835 4483; x_wconf 83' lang='grc' dir='ltr'>μέν-</span> 
     </span>
    </p>
   </div>
   <div class='ocr_carea' id='block_1_62' title="bbox 191 4499 1831 4576">
    <p class='ocr_par' dir='ltr' id='par_1_62' title="bbox 191 4499 1831 4576">
     <span class='ocr_line' id='line_1_62' title="bbox 191 4499 1831 4576; baseline 0.004 -28"><span class='ocrx_word' id='word_1_384' title='bbox 191 4513 271 4549; x_wconf 83' lang='grc' dir='ltr'>τοι</span> <span class='ocrx_word' id='word_1_385' title='bbox 300 4505 507 4563; x_wconf 85' lang='grc' dir='ltr'>Λουκᾶς</span> <span class='ocrx_word' id='word_1_386' title='bbox 538 4505 680 4573; x_wconf 82' lang='grc' dir='ltr'>ἡμῖν</span> <span class='ocrx_word' id='word_1_387' title='bbox 720 4502 749 4554; x_wconf 82' lang='grc' dir='ltr'>ὁ</span> <span class='ocrx_word' id='word_1_388' title='bbox 787 4499 1188 4576; x_wconf 80' lang='grc' dir='ltr'>μεγαλοκήρυξ,</span> <span class='ocrx_word' id='word_1_389' title='bbox 1220 4501 1521 4574; x_wconf 88' lang='grc' dir='ltr'>συμπαρὼν</span> <span class='ocrx_word' id='word_1_390' title='bbox 1549 4501 1630 4571; x_wconf 84' lang='grc' dir='ltr'>τῷ</span> <span class='ocrx_word' id='word_1_391' title='bbox 1661 4500 1831 4555; x_wconf 75' lang='grc' dir='ltr'>Ηνεό-</span> 
     </span>
    </p>
   </div>
   <div class='ocr_carea' id='block_1_63' title="bbox 196 4587 1828 4665">
    <p class='ocr_par' dir='ltr' id='par_1_63' title="bbox 196 4587 1828 4665">
     <span class='ocr_line' id='line_1_63' title="bbox 196 4587 1828 4665; baseline 0.002 -26"><span class='ocrx_word' id='word_1_392' title='bbox 196 4605 330 4657; x_wconf 86' lang='grc' dir='ltr'>ματι,</span> <span class='ocrx_word' id='word_1_393' title='bbox 386 4590 476 4644; x_wconf 84' lang='grc' dir='ltr'>καὶ</span> <span class='ocrx_word' id='word_1_394' title='bbox 506 4592 610 4659; x_wconf 84' lang='grc' dir='ltr'>τήν</span> <span class='ocrx_word' id='word_1_395' title='bbox 664 4590 810 4665; x_wconf 78' lang='grc' dir='ltr'>ἱερὰν</span> <span class='ocrx_word' id='word_1_396' title='bbox 872 4588 1071 4658; x_wconf 78' lang='grc' dir='ltr'>ταύτην</span> <span class='ocrx_word' id='word_1_397' title='bbox 1131 4593 1229 4643; x_wconf 78' lang='grc' dir='ltr'>τοῦ</span> <span class='ocrx_word' id='word_1_398' title='bbox 1267 4587 1659 4663; x_wconf 76' lang='grc' dir='ltr'>ἱερομοὶρτυρος</span> <span class='ocrx_word' id='word_1_399' title='bbox 1692 4592 1828 4662; x_wconf 87' lang='grc' dir='ltr'>μνή-</span> 
     </span>
    </p>
   </div>
   <div class='ocr_carea' id='block_1_64' title="bbox 1958 2002 3610 2077">
    <p class='ocr_par' dir='ltr' id='par_1_64' title="bbox 1958 2002 3610 2077">
     <span class='ocr_line' id='line_1_64' title="bbox 1958 2002 3610 2077; baseline 0.005 -22"><span class='ocrx_word' id='word_1_400' title='bbox 1958 2003 2344 2073; x_wconf 81' lang='lat' dir='ltr'>traneamque</span> <span class='ocrx_word' id='word_1_401' title='bbox 2375 2019 2439 2057; x_wconf 89' lang='lat' dir='ltr'>ac</span> <span class='ocrx_word' id='word_1_402' title='bbox 2470 2002 2731 2074; x_wconf 88' lang='lat' dir='ltr'>ignotam</span> <span class='ocrx_word' id='word_1_403' title='bbox 2758 2005 3364 2077; x_wconf 72' lang='lat' dir='ltr'>peteret,praacipienti</span> <span class='ocrx_word' id='word_1_404' title='bbox 3389 2008 3610 2063; x_wconf 88' lang='lat' dir='ltr'>obtem-</span> 
     </span>
    </p>
   </div>
   <div class='ocr_carea' id='block_1_65' title="bbox 1958 2094 3603 2167">
    <p class='ocr_par' dir='ltr' id='par_1_65' title="bbox 1958 2094 3603 2167">
     <span class='ocr_line' id='line_1_65' title="bbox 1958 2094 3603 2167; baseline 0.004 -21"><span class='ocrx_word' id='word_1_405' title='bbox 1958 2098 2261 2163; x_wconf 88' lang='lat' dir='ltr'>perantem</span> <span class='ocrx_word' id='word_1_406' title='bbox 2294 2094 2653 2162; x_wconf 89' lang='lat' dir='ltr'>audivimus,</span> <span class='ocrx_word' id='word_1_407' title='bbox 2685 2099 2743 2151; x_wconf 91' lang='lat' dir='ltr'>et</span> <span class='ocrx_word' id='word_1_408' title='bbox 2769 2095 3130 2167; x_wconf 82' lang='lat' dir='ltr'>valdejuste.</span> <span class='ocrx_word' id='word_1_409' title='bbox 3163 2097 3603 2153; x_wconf 76' lang='lat' dir='ltr'>Elissaumdivi-</span> 
     </span>
    </p>
   </div>
   <div class='ocr_carea' id='block_1_66' title="bbox 1959 2181 3601 2259">
    <p class='ocr_par' dir='ltr' id='par_1_66' title="bbox 1959 2181 3601 2259">
     <span class='ocr_line' id='line_1_66' title="bbox 1959 2181 3601 2259; baseline 0.004 -24"><span class='ocrx_word' id='word_1_410' title='bbox 1959 2181 2051 2237; x_wconf 91' lang='lat' dir='ltr'>nis</span> <span class='ocrx_word' id='word_1_411' title='bbox 2082 2182 2385 2249; x_wconf 64' lang='lat' dir='ltr'>prmconiis</span> <span class='ocrx_word' id='word_1_412' title='bbox 2417 2183 2877 2251; x_wconf 82' lang='lat' dir='ltr'>etl&#39;erimus,cum</span> <span class='ocrx_word' id='word_1_413' title='bbox 2908 2186 3245 2258; x_wconf 88' lang='lat' dir='ltr'>boumjuga</span> <span class='ocrx_word' id='word_1_414' title='bbox 3267 2186 3601 2259; x_wconf 88' lang='lat' dir='ltr'>dereliquit,</span> 
     </span>
    </p>
   </div>
   <div class='ocr_carea' id='block_1_67' title="bbox 1958 2271 3604 2341">
    <p class='ocr_par' dir='ltr' id='par_1_67' title="bbox 1958 2271 3604 2341">
     <span class='ocr_line' id='line_1_67' title="bbox 1958 2271 3604 2341; baseline 0.003 -16"><span class='ocrx_word' id='word_1_415' title='bbox 1958 2286 2023 2325; x_wconf 89' lang='lat' dir='ltr'>ac</span> <span class='ocrx_word' id='word_1_416' title='bbox 2054 2271 2410 2327; x_wconf 86' lang='lat' dir='ltr'>domesticos</span> <span class='ocrx_word' id='word_1_417' title='bbox 2462 2272 2617 2328; x_wconf 85' lang='lat' dir='ltr'>lares</span> <span class='ocrx_word' id='word_1_418' title='bbox 2665 2272 2832 2329; x_wconf 65' lang='lat' dir='ltr'>laetus</span> <span class='ocrx_word' id='word_1_419' title='bbox 2867 2274 3114 2341; x_wconf 86' lang='lat' dir='ltr'>dimisit,</span> <span class='ocrx_word' id='word_1_420' title='bbox 3146 2282 3201 2330; x_wconf 85' lang='lat' dir='ltr'>et</span> <span class='ocrx_word' id='word_1_421' title='bbox 3228 2274 3408 2331; x_wconf 88' lang='lat' dir='ltr'>Eliam</span> <span class='ocrx_word' id='word_1_422' title='bbox 3440 2276 3604 2330; x_wconf 82' lang='lat' dir='ltr'>afﬂa-</span> 
     </span>
    </p>
   </div>
   <div class='ocr_carea' id='block_1_68' title="bbox 1958 2360 3605 2435">
    <p class='ocr_par' dir='ltr' id='par_1_68' title="bbox 1958 2360 3605 2435">
     <span class='ocr_line' id='line_1_68' title="bbox 1958 2360 3605 2435; baseline 0.003 -22"><span class='ocrx_word' id='word_1_423' title='bbox 1958 2363 2081 2414; x_wconf 91' lang='lat' dir='ltr'>tum</span> <span class='ocrx_word' id='word_1_424' title='bbox 2113 2360 2359 2415; x_wconf 92' lang='lat' dir='ltr'>numine</span> <span class='ocrx_word' id='word_1_425' title='bbox 2390 2360 2809 2433; x_wconf 87' lang='lat' dir='ltr'>fervidum,qui</span> <span class='ocrx_word' id='word_1_426' title='bbox 2844 2379 2906 2418; x_wconf 88' lang='lat' dir='ltr'>se</span> <span class='ocrx_word' id='word_1_427' title='bbox 2935 2368 3187 2429; x_wconf 88' lang='lat' dir='ltr'>vocaret,</span> <span class='ocrx_word' id='word_1_428' title='bbox 3221 2364 3422 2435; x_wconf 90' lang='lat' dir='ltr'>procul</span> <span class='ocrx_word' id='word_1_429' title='bbox 3443 2365 3605 2420; x_wconf 89' lang='lat' dir='ltr'>omni</span> 
     </span>
    </p>
   </div>
   <div class='ocr_carea' id='block_1_69' title="bbox 1958 2453 3606 2524">
    <p class='ocr_par' dir='ltr' id='par_1_69' title="bbox 1958 2453 3606 2524">
     <span class='ocr_line' id='line_1_69' title="bbox 1958 2453 3606 2524; baseline 0.003 -20"><span class='ocrx_word' id='word_1_430' title='bbox 1958 2466 2122 2505; x_wconf 85' lang='lat' dir='ltr'>mora</span> <span class='ocrx_word' id='word_1_431' title='bbox 2154 2454 2392 2505; x_wconf 91' lang='lat' dir='ltr'>secutus</span> <span class='ocrx_word' id='word_1_432' title='bbox 2422 2455 2596 2517; x_wconf 89' lang='lat' dir='ltr'>est,et</span> <span class='ocrx_word' id='word_1_433' title='bbox 2626 2468 2768 2507; x_wconf 89' lang='lat' dir='ltr'>sane</span> <span class='ocrx_word' id='word_1_434' title='bbox 2818 2453 2974 2522; x_wconf 91' lang='lat' dir='ltr'>jure.</span> <span class='ocrx_word' id='word_1_435' title='bbox 3012 2453 3354 2524; x_wconf 91' lang='lat' dir='ltr'>Philippum</span> <span class='ocrx_word' id='word_1_436' title='bbox 3397 2470 3606 2510; x_wconf 88' lang='lat' dir='ltr'>rursus</span> 
     </span>
    </p>
   </div>
   <div class='ocr_carea' id='block_1_70' title="bbox 1954 2538 3607 2613">
    <p class='ocr_par' dir='ltr' id='par_1_70' title="bbox 1954 2538 3607 2613">
     <span class='ocr_line' id='line_1_70' title="bbox 1954 2538 3607 2613; baseline 0.002 -19"><span class='ocrx_word' id='word_1_437' title='bbox 1954 2538 2155 2594; x_wconf 85' lang='lat' dir='ltr'>Jesum</span> <span class='ocrx_word' id='word_1_438' title='bbox 2188 2539 2396 2595; x_wconf 86' lang='lat' dir='ltr'>salutis</span> <span class='ocrx_word' id='word_1_439' title='bbox 2428 2544 2728 2597; x_wconf 90' lang='lat' dir='ltr'>auctorem</span> <span class='ocrx_word' id='word_1_440' title='bbox 2761 2545 3090 2613; x_wconf 90' lang='lat' dir='ltr'>vocantem,</span> <span class='ocrx_word' id='word_1_441' title='bbox 3147 2541 3409 2598; x_wconf 83' lang='lat' dir='ltr'>celeriter</span> <span class='ocrx_word' id='word_1_442' title='bbox 3456 2542 3607 2597; x_wconf 90' lang='lat' dir='ltr'>nihil</span> 
     </span>
    </p>
   </div>
   <div class='ocr_carea' id='block_1_71' title="bbox 1957 2630 3606 2704">
    <p class='ocr_par' dir='ltr' id='par_1_71' title="bbox 1957 2630 3606 2704">
     <span class='ocr_line' id='line_1_71' title="bbox 1957 2630 3606 2704; baseline 0.003 -21"><span class='ocrx_word' id='word_1_443' title='bbox 1957 2633 2329 2684; x_wconf 89' lang='lat' dir='ltr'>cunctantem</span> <span class='ocrx_word' id='word_1_444' title='bbox 2355 2630 2702 2698; x_wconf 89' lang='lat' dir='ltr'>accurrisse,</span> <span class='ocrx_word' id='word_1_445' title='bbox 2729 2647 2986 2702; x_wconf 90' lang='lat' dir='ltr'>eumque</span> <span class='ocrx_word' id='word_1_446' title='bbox 3034 2636 3305 2704; x_wconf 88' lang='lat' dir='ltr'>prompte</span> <span class='ocrx_word' id='word_1_447' title='bbox 3336 2636 3606 2688; x_wconf 88' lang='lat' dir='ltr'>secutum</span> 
     </span>
    </p>
   </div>
   <div class='ocr_carea' id='block_1_72' title="bbox 1954 2717 3459 2792">
    <p class='ocr_par' dir='ltr' id='par_1_72' title="bbox 1954 2717 3459 2792">
     <span class='ocr_line' id='line_1_72' title="bbox 1954 2717 3459 2792; baseline 0.002 -19"><span class='ocrx_word' id='word_1_448' title='bbox 1954 2717 2234 2774; x_wconf 89' lang='lat' dir='ltr'>laudibus</span> <span class='ocrx_word' id='word_1_449' title='bbox 2264 2718 2628 2789; x_wconf 85' lang='lat' dir='ltr'>extollimus,</span> <span class='ocrx_word' id='word_1_450' title='bbox 2659 2724 2718 2777; x_wconf 90' lang='lat' dir='ltr'>et</span> <span class='ocrx_word' id='word_1_451' title='bbox 2752 2721 2992 2792; x_wconf 87' lang='lat' dir='ltr'>quidem</span> <span class='ocrx_word' id='word_1_452' title='bbox 3026 2720 3459 2778; x_wconf 88' lang='lat' dir='ltr'>decentissime.</span> 
     </span>
    </p>
   </div>
   <div class='ocr_carea' id='block_1_73' title="bbox 2024 2897 3601 2970">
    <p class='ocr_par' dir='ltr' id='par_1_73' title="bbox 2024 2897 3601 2970">
     <span class='ocr_line' id='line_1_73' title="bbox 2024 2897 3601 2970; baseline 0.003 -18"><span class='ocrx_word' id='word_1_453' title='bbox 2024 2897 2146 2962; x_wconf 88' lang='lat' dir='ltr'>Quo</span> <span class='ocrx_word' id='word_1_454' title='bbox 2176 2897 2359 2969; x_wconf 84' lang='lat' dir='ltr'>igitur</span> <span class='ocrx_word' id='word_1_455' title='bbox 2391 2898 2625 2969; x_wconf 90' lang='lat' dir='ltr'>plausu,</span> <span class='ocrx_word' id='word_1_456' title='bbox 2645 2915 2833 2970; x_wconf 90' lang='lat' dir='ltr'>quove</span> <span class='ocrx_word' id='word_1_457' title='bbox 2858 2914 3072 2970; x_wconf 86' lang='lat' dir='ltr'>genere</span> <span class='ocrx_word' id='word_1_458' title='bbox 3092 2898 3335 2955; x_wconf 90' lang='lat' dir='ltr'>laudum</span> <span class='ocrx_word' id='word_1_459' title='bbox 3368 2899 3463 2956; x_wconf 90' lang='lat' dir='ltr'>hic</span> <span class='ocrx_word' id='word_1_460' title='bbox 3492 2900 3601 2956; x_wconf 93' lang='lat' dir='ltr'>ho-</span> 
     </span>
    </p>
   </div>
   <div class='ocr_carea' id='block_1_74' title="bbox 1952 2987 3602 3058">
    <p class='ocr_par' dir='ltr' id='par_1_74' title="bbox 1952 2987 3602 3058">
     <span class='ocr_line' id='line_1_74' title="bbox 1952 2987 3602 3058; baseline 0.001 -16"><span class='ocrx_word' id='word_1_461' title='bbox 1952 2987 2303 3053; x_wconf 88' lang='lat' dir='ltr'>nestandus,</span> <span class='ocrx_word' id='word_1_462' title='bbox 2359 3004 2424 3042; x_wconf 91' lang='lat' dir='ltr'>ac</span> <span class='ocrx_word' id='word_1_463' title='bbox 2455 2989 2728 3058; x_wconf 74' lang='lat' dir='ltr'>praeconii</span> <span class='ocrx_word' id='word_1_464' title='bbox 2760 3006 2795 3044; x_wconf 88' lang='lat' dir='ltr'>a</span> <span class='ocrx_word' id='word_1_465' title='bbox 2824 2988 2993 3044; x_wconf 89' lang='lat' dir='ltr'>nobis</span> <span class='ocrx_word' id='word_1_466' title='bbox 3037 2990 3410 3045; x_wconf 88' lang='lat' dir='ltr'>coronandus</span> <span class='ocrx_word' id='word_1_467' title='bbox 3439 2989 3602 3045; x_wconf 87' lang='lat' dir='ltr'>vide-</span> 
     </span>
    </p>
   </div>
   <div class='ocr_carea' id='block_1_75' title="bbox 1950 3076 3603 3148">
    <p class='ocr_par' dir='ltr' id='par_1_75' title="bbox 1950 3076 3603 3148">
     <span class='ocr_line' id='line_1_75' title="bbox 1950 3076 3603 3148; baseline 0.001 -16"><span class='ocrx_word' id='word_1_468' title='bbox 1950 3080 2068 3143; x_wconf 89' lang='lat' dir='ltr'>tur,</span> <span class='ocrx_word' id='word_1_469' title='bbox 2093 3077 2193 3147; x_wconf 91' lang='lat' dir='ltr'>qui</span> <span class='ocrx_word' id='word_1_470' title='bbox 2230 3093 2345 3132; x_wconf 91' lang='lat' dir='ltr'>non</span> <span class='ocrx_word' id='word_1_471' title='bbox 2386 3076 2501 3148; x_wconf 86' lang='lat' dir='ltr'>legi</span> <span class='ocrx_word' id='word_1_472' title='bbox 2556 3076 2821 3132; x_wconf 66' lang='lat' dir='ltr'>Mosaicae</span> <span class='ocrx_word' id='word_1_473' title='bbox 2854 3077 3151 3143; x_wconf 88' lang='lat' dir='ltr'>subditus,</span> <span class='ocrx_word' id='word_1_474' title='bbox 3213 3094 3318 3133; x_wconf 89' lang='lat' dir='ltr'>nec</span> <span class='ocrx_word' id='word_1_475' title='bbox 3364 3077 3603 3134; x_wconf 89' lang='lat' dir='ltr'>oracula</span> 
     </span>
    </p>
   </div>
   <div class='ocr_carea' id='block_1_76' title="bbox 1952 3165 3603 3238">
    <p class='ocr_par' dir='ltr' id='par_1_76' title="bbox 1952 3165 3603 3238">
     <span class='ocr_line' id='line_1_76' title="bbox 1952 3165 3603 3238; baseline 0.001 -17"><span class='ocrx_word' id='word_1_476' title='bbox 1952 3166 2367 3238; x_wconf 86' lang='lat' dir='ltr'>prophetarum</span> <span class='ocrx_word' id='word_1_477' title='bbox 2408 3166 2672 3235; x_wconf 90' lang='lat' dir='ltr'>edoctus,</span> <span class='ocrx_word' id='word_1_478' title='bbox 2726 3183 2843 3222; x_wconf 89' lang='lat' dir='ltr'>non</span> <span class='ocrx_word' id='word_1_479' title='bbox 2905 3165 3207 3222; x_wconf 88' lang='lat' dir='ltr'>historicis</span> <span class='ocrx_word' id='word_1_480' title='bbox 3266 3166 3603 3223; x_wconf 92' lang='lat' dir='ltr'>divinorum</span> 
     </span>
    </p>
   </div>
   <div class='ocr_carea' id='block_1_77' title="bbox 1951 3254 3605 3326">
    <p class='ocr_par' dir='ltr' id='par_1_77' title="bbox 1951 3254 3605 3326">
     <span class='ocr_line' id='line_1_77' title="bbox 1951 3254 3605 3326; baseline 0.001 -17"><span class='ocrx_word' id='word_1_481' title='bbox 1951 3255 2351 3326; x_wconf 87' lang='lat' dir='ltr'>prodigiorum</span> <span class='ocrx_word' id='word_1_482' title='bbox 2376 3254 2816 3310; x_wconf 88' lang='lat' dir='ltr'>narrationibus</span> <span class='ocrx_word' id='word_1_483' title='bbox 2828 3255 3351 3322; x_wconf 86' lang='lat' dir='ltr'>exercitatus,necd</span> <span class='ocrx_word' id='word_1_484' title='bbox 3363 3273 3459 3310; x_wconf 91' lang='lat' dir='ltr'>um</span> <span class='ocrx_word' id='word_1_485' title='bbox 3481 3255 3605 3312; x_wconf 86' lang='lat' dir='ltr'>ulla</span> 
     </span>
    </p>
   </div>
   <div class='ocr_carea' id='block_1_78' title="bbox 1950 3343 3603 3416">
    <p class='ocr_par' dir='ltr' id='par_1_78' title="bbox 1950 3343 3603 3416">
     <span class='ocr_line' id='line_1_78' title="bbox 1950 3343 3603 3416; baseline 0.001 -17"><span class='ocrx_word' id='word_1_486' title='bbox 1950 3343 2436 3413; x_wconf 63' lang='lat' dir='ltr'>intuitus-praeter</span> <span class='ocrx_word' id='word_1_487' title='bbox 2466 3347 2741 3398; x_wconf 89' lang='lat' dir='ltr'>naturam</span> <span class='ocrx_word' id='word_1_488' title='bbox 2762 3344 2920 3398; x_wconf 91' lang='lat' dir='ltr'>edita</span> <span class='ocrx_word' id='word_1_489' title='bbox 2951 3344 3481 3416; x_wconf 88' lang='lat' dir='ltr'>signa,simplicem</span> <span class='ocrx_word' id='word_1_490' title='bbox 3514 3349 3603 3400; x_wconf 91' lang='lat' dir='ltr'>ta-</span> 
     </span>
    </p>
   </div>
   <div class='ocr_carea' id='block_1_79' title="bbox 1952 3432 3606 3504">
    <p class='ocr_par' dir='ltr' id='par_1_79' title="bbox 1952 3432 3606 3504">
     <span class='ocr_line' id='line_1_79' title="bbox 1952 3432 3606 3504; baseline 0.001 -17"><span class='ocrx_word' id='word_1_491' title='bbox 1952 3449 2084 3488; x_wconf 89' lang='lat' dir='ltr'>men</span> <span class='ocrx_word' id='word_1_492' title='bbox 2112 3432 2273 3487; x_wconf 88' lang='lat' dir='ltr'>Pauli</span> <span class='ocrx_word' id='word_1_493' title='bbox 2298 3432 2769 3502; x_wconf 72' lang='lat' dir='ltr'>prsedicationem</span> <span class='ocrx_word' id='word_1_494' title='bbox 2794 3432 3075 3503; x_wconf 88' lang='lat' dir='ltr'>suscepit,</span> <span class='ocrx_word' id='word_1_495' title='bbox 3108 3432 3368 3504; x_wconf 84' lang='lat' dir='ltr'>imperiti</span> <span class='ocrx_word' id='word_1_496' title='bbox 3400 3434 3606 3503; x_wconf 84' lang='lat' dir='ltr'>cujus-</span> 
     </span>
    </p>
   </div>
   <div class='ocr_carea' id='block_1_80' title="bbox 1951 3520 3605 3593">
    <p class='ocr_par' dir='ltr' id='par_1_80' title="bbox 1951 3520 3605 3593">
     <span class='ocr_line' id='line_1_80' title="bbox 1951 3520 3605 3593; baseline 0.001 -18"><span class='ocrx_word' id='word_1_497' title='bbox 1951 3523 2087 3577; x_wconf 89' lang='lat' dir='ltr'>dam</span> <span class='ocrx_word' id='word_1_498' title='bbox 2106 3520 2386 3587; x_wconf 88' lang='lat' dir='ltr'>hominis,</span> <span class='ocrx_word' id='word_1_499' title='bbox 2414 3520 2687 3592; x_wconf 90' lang='lat' dir='ltr'>pauperis</span> <span class='ocrx_word' id='word_1_500' title='bbox 2710 3538 2776 3576; x_wconf 89' lang='lat' dir='ltr'>ac</span> <span class='ocrx_word' id='word_1_501' title='bbox 2802 3520 3117 3593; x_wconf 89' lang='lat' dir='ltr'>peregrini,</span> <span class='ocrx_word' id='word_1_502' title='bbox 3135 3521 3235 3592; x_wconf 88' lang='lat' dir='ltr'>qui</span> <span class='ocrx_word' id='word_1_503' title='bbox 3268 3537 3373 3577; x_wconf 88' lang='lat' dir='ltr'>nec</span> <span class='ocrx_word' id='word_1_504' title='bbox 3406 3526 3605 3577; x_wconf 81' lang='lat' dir='ltr'>orato-</span> 
     </span>
    </p>
   </div>
   <div class='ocr_carea' id='block_1_81' title="bbox 1952 3607 3601 3679">
    <p class='ocr_par' dir='ltr' id='par_1_81' title="bbox 1952 3607 3601 3679">
     <span class='ocr_line' id='line_1_81' title="bbox 1952 3607 3601 3679; baseline -0.001 -15"><span class='ocrx_word' id='word_1_505' title='bbox 1952 3609 2049 3665; x_wconf 63' lang='lat' dir='ltr'>ria;</span> <span class='ocrx_word' id='word_1_506' title='bbox 2082 3609 2224 3663; x_wconf 91' lang='lat' dir='ltr'>artis</span> <span class='ocrx_word' id='word_1_507' title='bbox 2256 3609 2620 3665; x_wconf 87' lang='lat' dir='ltr'>ornamentis</span> <span class='ocrx_word' id='word_1_508' title='bbox 2642 3607 2970 3679; x_wconf 87' lang='lat' dir='ltr'>excelleret,</span> <span class='ocrx_word' id='word_1_509' title='bbox 2996 3626 3101 3663; x_wconf 88' lang='lat' dir='ltr'>nec</span> <span class='ocrx_word' id='word_1_510' title='bbox 3132 3607 3271 3664; x_wconf 88' lang='lat' dir='ltr'>ullis</span> <span class='ocrx_word' id='word_1_511' title='bbox 3314 3608 3601 3679; x_wconf 89' lang='lat' dir='ltr'>sophisti-</span> 
     </span>
    </p>
   </div>
   <div class='ocr_carea' id='block_1_82' title="bbox 1950 3697 3601 3769">
    <p class='ocr_par' dir='ltr' id='par_1_82' title="bbox 1950 3697 3601 3769">
     <span class='ocr_line' id='line_1_82' title="bbox 1950 3697 3601 3769; baseline 0 -16"><span class='ocrx_word' id='word_1_512' title='bbox 1950 3699 2035 3753; x_wconf 90' lang='lat' dir='ltr'>cis</span> <span class='ocrx_word' id='word_1_513' title='bbox 2057 3698 2558 3769; x_wconf 85' lang='lat' dir='ltr'>propositionibus</span> <span class='ocrx_word' id='word_1_514' title='bbox 2587 3698 2871 3753; x_wconf 88' lang='lat' dir='ltr'>niteretur</span> <span class='ocrx_word' id='word_1_515' title='bbox 2889 3697 3141 3753; x_wconf 85' lang='lat' dir='ltr'>?Verum</span> <span class='ocrx_word' id='word_1_516' title='bbox 3167 3697 3253 3752; x_wconf 90' lang='lat' dir='ltr'>uti</span> <span class='ocrx_word' id='word_1_517' title='bbox 3276 3701 3601 3753; x_wconf 87' lang='lat' dir='ltr'>sementem</span> 
     </span>
    </p>
   </div>
   <div class='ocr_carea' id='block_1_83' title="bbox 1948 3786 3596 3859">
    <p class='ocr_par' dir='ltr' id='par_1_83' title="bbox 1948 3786 3596 3859">
     <span class='ocr_line' id='line_1_83' title="bbox 1948 3786 3596 3859; baseline 0.001 -20"><span class='ocrx_word' id='word_1_518' title='bbox 1948 3789 2264 3859; x_wconf 80' lang='lat' dir='ltr'>quamdam</span> <span class='ocrx_word' id='word_1_519' title='bbox 2300 3788 2357 3841; x_wconf 90' lang='lat' dir='ltr'>in</span> <span class='ocrx_word' id='word_1_520' title='bbox 2388 3788 2841 3857; x_wconf 86' lang='lat' dir='ltr'>terramjactam</span> <span class='ocrx_word' id='word_1_521' title='bbox 2865 3804 2996 3843; x_wconf 90' lang='lat' dir='ltr'>cum</span> <span class='ocrx_word' id='word_1_522' title='bbox 3030 3786 3286 3859; x_wconf 91' lang='lat' dir='ltr'>primum</span> <span class='ocrx_word' id='word_1_523' title='bbox 3310 3786 3596 3858; x_wconf 87' lang='lat' dir='ltr'>suscepit,</span> 
     </span>
    </p>
   </div>
   <div class='ocr_carea' id='block_1_84' title="bbox 1948 3876 3601 3948">
    <p class='ocr_par' dir='ltr' id='par_1_84' title="bbox 1948 3876 3601 3948">
     <span class='ocr_line' id='line_1_84' title="bbox 1948 3876 3601 3948; baseline -0.001 -17"><span class='ocrx_word' id='word_1_524' title='bbox 1948 3876 2212 3948; x_wconf 82' lang='lat' dir='ltr'>nihilque</span> <span class='ocrx_word' id='word_1_525' title='bbox 2236 3876 2519 3932; x_wconf 89' lang='lat' dir='ltr'>dubitans</span> <span class='ocrx_word' id='word_1_526' title='bbox 2535 3876 2765 3932; x_wconf 86' lang='lat' dir='ltr'>intimis</span> <span class='ocrx_word' id='word_1_527' title='bbox 2780 3876 3053 3931; x_wconf 87' lang='lat' dir='ltr'>sensibus</span> <span class='ocrx_word' id='word_1_528' title='bbox 3083 3876 3429 3946; x_wconf 78' lang='lat' dir='ltr'>reposuit,et</span> <span class='ocrx_word' id='word_1_529' title='bbox 3446 3876 3601 3930; x_wconf 83' lang='lat' dir='ltr'>vita-</span> 
     </span>
    </p>
   </div>
   <div class='ocr_carea' id='block_1_85' title="bbox 1945 3965 3596 4036">
    <p class='ocr_par' dir='ltr' id='par_1_85' title="bbox 1945 3965 3596 4036">
     <span class='ocr_line' id='line_1_85' title="bbox 1945 3965 3596 4036; baseline -0.001 -15"><span class='ocrx_word' id='word_1_530' title='bbox 1945 3966 2032 4021; x_wconf 89' lang='lat' dir='ltr'>les</span> <span class='ocrx_word' id='word_1_531' title='bbox 2056 3966 2187 4020; x_wconf 82' lang='lat' dir='ltr'>{idei</span> <span class='ocrx_word' id='word_1_532' title='bbox 2218 3967 2441 4021; x_wconf 86' lang='lat' dir='ltr'>fructus</span> <span class='ocrx_word' id='word_1_533' title='bbox 2470 3982 2604 4021; x_wconf 82' lang='lat' dir='ltr'>mox</span> <span class='ocrx_word' id='word_1_534' title='bbox 2633 3983 2666 4020; x_wconf 88' lang='lat' dir='ltr'>a</span> <span class='ocrx_word' id='word_1_535' title='bbox 2684 3965 3103 4036; x_wconf 87' lang='lat' dir='ltr'>seminisjactu</span> <span class='ocrx_word' id='word_1_536' title='bbox 3123 3965 3416 4020; x_wconf 90' lang='lat' dir='ltr'>uberrime</span> <span class='ocrx_word' id='word_1_537' title='bbox 3437 3965 3596 4030; x_wconf 88' lang='lat' dir='ltr'>tulit,</span> 
     </span>
    </p>
   </div>
   <div class='ocr_carea' id='block_1_86' title="bbox 1947 4053 3596 4126">
    <p class='ocr_par' dir='ltr' id='par_1_86' title="bbox 1947 4053 3596 4126">
     <span class='ocr_line' id='line_1_86' title="bbox 1947 4053 3596 4126; baseline -0.002 -16"><span class='ocrx_word' id='word_1_538' title='bbox 1947 4061 2013 4110; x_wconf 89' lang='lat' dir='ltr'>ut</span> <span class='ocrx_word' id='word_1_539' title='bbox 2044 4072 2176 4110; x_wconf 90' lang='lat' dir='ltr'>cum</span> <span class='ocrx_word' id='word_1_540' title='bbox 2212 4055 2362 4110; x_wconf 81' lang='lat' dir='ltr'>Isaia</span> <span class='ocrx_word' id='word_1_541' title='bbox 2418 4054 2705 4126; x_wconf 82' lang='lat' dir='ltr'>propheta</span> <span class='ocrx_word' id='word_1_542' title='bbox 2754 4054 3269 4125; x_wconf 89' lang='lat' dir='ltr'>providentissimo</span> <span class='ocrx_word' id='word_1_543' title='bbox 3301 4053 3596 4108; x_wconf 88' lang='lat' dir='ltr'>clamante</span> 
     </span>
    </p>
   </div>
   <div class='ocr_carea' id='block_1_87' title="bbox 1946 4141 3598 4210">
    <p class='ocr_par' dir='ltr' id='par_1_87' title="bbox 1946 4141 3598 4210">
     <span class='ocr_line' id='line_1_87' title="bbox 1946 4141 3598 4210; baseline -0.001 -11"><span class='ocrx_word' id='word_1_544' title='bbox 1946 4145 2063 4200; x_wconf 90' lang='lat' dir='ltr'>fere</span> <span class='ocrx_word' id='word_1_545' title='bbox 2094 4143 2358 4198; x_wconf 88' lang='lat' dir='ltr'>hilariter</span> <span class='ocrx_word' id='word_1_546' title='bbox 2380 4150 2570 4198; x_wconf 90' lang='lat' dir='ltr'>canat.</span> <span class='ocrx_word' id='word_1_547' title='bbox 2614 4142 2698 4198; x_wconf 88' lang='lat' dir='ltr'>Ob</span> <span class='ocrx_word' id='word_1_548' title='bbox 2745 4141 3015 4197; x_wconf 90' lang='lat' dir='ltr'>timorem</span> <span class='ocrx_word' id='word_1_549' title='bbox 3079 4147 3271 4210; x_wconf 90' lang='lat' dir='ltr'>tuum,</span> <span class='ocrx_word' id='word_1_550' title='bbox 3331 4142 3598 4208; x_wconf 86' lang='lat' dir='ltr'>Domine,</span> 
     </span>
    </p>
   </div>
   <div class='ocr_carea' id='block_1_88' title="bbox 1944 4230 3597 4304">
    <p class='ocr_par' dir='ltr' id='par_1_88' title="bbox 1944 4230 3597 4304">
     <span class='ocr_line' id='line_1_88' title="bbox 1944 4230 3597 4304; baseline -0.001 -15"><span class='ocrx_word' id='word_1_551' title='bbox 1944 4234 2322 4304; x_wconf 90' lang='lat' dir='ltr'>concepimus</span> <span class='ocrx_word' id='word_1_552' title='bbox 2336 4236 2394 4287; x_wconf 91' lang='lat' dir='ltr'>et</span> <span class='ocrx_word' id='word_1_553' title='bbox 2425 4230 2939 4300; x_wconf 90' lang='lat' dir='ltr'>parturivimus,ac</span> <span class='ocrx_word' id='word_1_554' title='bbox 2962 4230 3296 4302; x_wconf 86' lang='lat' dir='ltr'>peperimus</span> <span class='ocrx_word' id='word_1_555' title='bbox 3320 4230 3597 4301; x_wconf 89' lang='lat' dir='ltr'>spiritum</span> 
     </span>
    </p>
   </div>
   <div class='ocr_carea' id='block_1_89' title="bbox 1943 4320 3597 4392">
    <p class='ocr_par' dir='ltr' id='par_1_89' title="bbox 1943 4320 3597 4392">
     <span class='ocr_line' id='line_1_89' title="bbox 1943 4320 3597 4392; baseline -0.002 -14"><span class='ocrx_word' id='word_1_556' title='bbox 1943 4323 2151 4378; x_wconf 88' lang='lat' dir='ltr'>salutis</span> <span class='ocrx_word' id='word_1_557' title='bbox 2184 4327 2316 4388; x_wconf 69' lang='lat' dir='ltr'>tuae,</span> <span class='ocrx_word' id='word_1_558' title='bbox 2352 4337 2525 4392; x_wconf 89' lang='lat' dir='ltr'>quem</span> <span class='ocrx_word' id='word_1_559' title='bbox 2560 4335 2738 4391; x_wconf 86' lang='lat' dir='ltr'>super</span> <span class='ocrx_word' id='word_1_560' title='bbox 2767 4325 2984 4375; x_wconf 88' lang='lat' dir='ltr'>terram</span> <span class='ocrx_word' id='word_1_561' title='bbox 3032 4320 3279 4375; x_wconf 89' lang='lat' dir='ltr'>fecimus</span> <span class='ocrx_word' id='word_1_562' title='bbox 3308 4320 3431 4390; x_wconf 86' lang='lat' dir='ltr'>(m).</span> <span class='ocrx_word' id='word_1_563' title='bbox 3465 4320 3597 4375; x_wconf 63' lang='lat' dir='ltr'>Ilaec</span> 
     </span>
    </p>
   </div>
   <div class='ocr_carea' id='block_1_90' title="bbox 1941 4407 3598 4480">
    <p class='ocr_par' dir='ltr' id='par_1_90' title="bbox 1941 4407 3598 4480">
     <span class='ocr_line' id='line_1_90' title="bbox 1941 4407 3598 4480; baseline -0.003 -14"><span class='ocrx_word' id='word_1_564' title='bbox 1941 4427 2083 4466; x_wconf 90' lang='lat' dir='ltr'>sane</span> <span class='ocrx_word' id='word_1_565' title='bbox 2105 4411 2286 4465; x_wconf 91' lang='lat' dir='ltr'>Lucas</span> <span class='ocrx_word' id='word_1_566' title='bbox 2309 4409 2559 4464; x_wconf 84' lang='lat' dir='ltr'>eximius</span> <span class='ocrx_word' id='word_1_567' title='bbox 2584 4425 2794 4479; x_wconf 66' lang='lat' dir='ltr'>praeco,</span> <span class='ocrx_word' id='word_1_568' title='bbox 2827 4410 2967 4464; x_wconf 93' lang='lat' dir='ltr'>dum</span> <span class='ocrx_word' id='word_1_569' title='bbox 3010 4408 3225 4480; x_wconf 86' lang='lat' dir='ltr'>spiritu</span> <span class='ocrx_word' id='word_1_570' title='bbox 3258 4407 3428 4463; x_wconf 89' lang='lat' dir='ltr'>nobis</span> <span class='ocrx_word' id='word_1_571' title='bbox 3451 4407 3598 4463; x_wconf 87' lang='lat' dir='ltr'>assi-</span> 
     </span>
    </p>
   </div>
   <div class='ocr_carea' id='block_1_91' title="bbox 1940 4497 3596 4570">
    <p class='ocr_par' dir='ltr' id='par_1_91' title="bbox 1940 4497 3596 4570">
     <span class='ocr_line' id='line_1_91' title="bbox 1940 4497 3596 4570; baseline -0.003 -14"><span class='ocrx_word' id='word_1_572' title='bbox 1940 4504 2137 4566; x_wconf 88' lang='lat' dir='ltr'>steret,</span> <span class='ocrx_word' id='word_1_573' title='bbox 2156 4498 2453 4569; x_wconf 91' lang='lat' dir='ltr'>simulque</span> <span class='ocrx_word' id='word_1_574' title='bbox 2474 4498 2625 4553; x_wconf 90' lang='lat' dir='ltr'>hanc</span> <span class='ocrx_word' id='word_1_575' title='bbox 2643 4514 2869 4554; x_wconf 88' lang='lat' dir='ltr'>sacram</span> <span class='ocrx_word' id='word_1_576' title='bbox 2897 4499 3047 4554; x_wconf 86' lang='lat' dir='ltr'>sacri</span> <span class='ocrx_word' id='word_1_577' title='bbox 3075 4497 3354 4570; x_wconf 86' lang='lat' dir='ltr'>martyris</span> <span class='ocrx_word' id='word_1_578' title='bbox 3372 4513 3596 4553; x_wconf 89' lang='lat' dir='ltr'>memo-</span> 
     </span>
    </p>
   </div>
   <div class='ocr_carea' id='block_1_92' title="bbox 1940 4585 3597 4658">
    <p class='ocr_par' dir='ltr' id='par_1_92' title="bbox 1940 4585 3597 4658">
     <span class='ocr_line' id='line_1_92' title="bbox 1940 4585 3597 4658; baseline -0.002 -15"><span class='ocrx_word' id='word_1_579' title='bbox 1940 4588 2084 4644; x_wconf 89' lang='lat' dir='ltr'>riam</span> <span class='ocrx_word' id='word_1_580' title='bbox 2108 4587 2341 4657; x_wconf 89' lang='lat' dir='ltr'>coleret,</span> <span class='ocrx_word' id='word_1_581' title='bbox 2359 4586 2719 4658; x_wconf 88' lang='lat' dir='ltr'>percensuit,</span> <span class='ocrx_word' id='word_1_582' title='bbox 2741 4603 2943 4643; x_wconf 89' lang='lat' dir='ltr'>eorum</span> <span class='ocrx_word' id='word_1_583' title='bbox 2978 4587 3369 4654; x_wconf 90' lang='lat' dir='ltr'>multitudini,</span> <span class='ocrx_word' id='word_1_584' title='bbox 3404 4586 3502 4657; x_wconf 91' lang='lat' dir='ltr'>qui</span> <span class='ocrx_word' id='word_1_585' title='bbox 3529 4585 3597 4640; x_wconf 86' lang='lat' dir='ltr'>il-</span> 
     </span>
    </p>
   </div>
   <div class='ocr_carea' id='block_1_93' title="bbox 198 4676 1843 4753">
    <p class='ocr_par' dir='ltr' id='par_1_93' title="bbox 198 4677 1828 4753">
     <span class='ocr_line' id='line_1_93' title="bbox 198 4677 1828 4753; baseline 0.003 -26"><span class='ocrx_word' id='word_1_586' title='bbox 198 4693 290 4743; x_wconf 86' lang='grc' dir='ltr'>μην</span> <span class='ocrx_word' id='word_1_587' title='bbox 340 4680 732 4753; x_wconf 85' lang='grc' dir='ltr'>συνεορτάζων,</span> <span class='ocrx_word' id='word_1_588' title='bbox 789 4678 880 4733; x_wconf 80' lang='grc' dir='ltr'>καὶ</span> <span class='ocrx_word' id='word_1_589' title='bbox 928 4681 1024 4747; x_wconf 77' lang='grc' dir='ltr'>τῆς</span> <span class='ocrx_word' id='word_1_590' title='bbox 1072 4682 1180 4733; x_wconf 83' lang='grc' dir='ltr'>τῶν</span> <span class='ocrx_word' id='word_1_591' title='bbox 1240 4677 1604 4752; x_wconf 68' lang='grc' dir='ltr'>ἑορταζόντων</span> <span class='ocrx_word' id='word_1_592' title='bbox 1662 4678 1828 4748; x_wconf 74' lang='grc' dir='ltr'>αὐτὴν</span> 
     </span>
    </p>
   </div>
   <div class='ocr_carea' id='block_1_94' title="bbox 1955 4676 3591 4753">
    <p class='ocr_par' dir='ltr' id='par_1_94' title="bbox 1963 4676 3591 4748">
     <span class='ocr_line' id='line_1_94' title="bbox 1963 4676 3591 4748; baseline -0.001 -15"><span class='ocrx_word' id='word_1_593' title='bbox 1963 4695 2056 4733; x_wconf 91' lang='lat' dir='ltr'>am</span> <span class='ocrx_word' id='word_1_594' title='bbox 2082 4677 2379 4732; x_wconf 89' lang='lat' dir='ltr'>celebrant</span> <span class='ocrx_word' id='word_1_595' title='bbox 2400 4692 2466 4731; x_wconf 88' lang='lat' dir='ltr'>ac</span> <span class='ocrx_word' id='word_1_596' title='bbox 2497 4676 2828 4746; x_wconf 90' lang='lat' dir='ltr'>dilaudant,</span> <span class='ocrx_word' id='word_1_597' title='bbox 2856 4693 3072 4748; x_wconf 69' lang='lat' dir='ltr'>praeses</span> <span class='ocrx_word' id='word_1_598' title='bbox 3104 4693 3170 4731; x_wconf 86' lang='lat' dir='ltr'>ac</span> <span class='ocrx_word' id='word_1_599' title='bbox 3211 4676 3453 4732; x_wconf 91' lang='lat' dir='ltr'>laudum</span> <span class='ocrx_word' id='word_1_600' title='bbox 3473 4677 3591 4731; x_wconf 86' lang='lat' dir='ltr'>dux</span> 
     </span>
    </p>
   </div>
   <div class='ocr_carea' id='block_1_95' title="bbox 187 4761 1818 4843">
    <p class='ocr_par' dir='ltr' id='par_1_95' title="bbox 187 4761 1818 4843">
     <span class='ocr_line' id='line_1_95' title="bbox 187 4761 1818 4843; baseline 0.004 -27"><span class='ocrx_word' id='word_1_601' title='bbox 187 4762 264 4816; x_wconf 83' lang='grc' dir='ltr'>καὶ</span> <span class='ocrx_word' id='word_1_602' title='bbox 305 4766 616 4838; x_wconf 78' lang='grc' dir='ltr'>ὑμνούντων</span> <span class='ocrx_word' id='word_1_603' title='bbox 669 4767 993 4843; x_wconf 78' lang='grc' dir='ltr'>ὁμηγύρεως</span> <span class='ocrx_word' id='word_1_604' title='bbox 1034 4768 1382 4836; x_wconf 88' lang='grc' dir='ltr'>καθεστηκὼς</span> <span class='ocrx_word' id='word_1_605' title='bbox 1429 4761 1677 4842; x_wconf 76' lang='grc' dir='ltr'>ἔξαρχος,</span> <span class='ocrx_word' id='word_1_606' title='bbox 1729 4768 1818 4843; x_wconf 84' lang='grc' dir='ltr'>καὶ</span> 
     </span>
    </p>
   </div>
   <div class='ocr_carea' id='block_1_96' title="bbox 187 4841 1826 4933">
    <p class='ocr_par' dir='ltr' id='par_1_96' title="bbox 187 4841 1826 4933">
     <span class='ocr_line' id='line_1_96' title="bbox 187 4841 1826 4933; baseline 0.005 -30"><span class='ocrx_word' id='word_1_607' title='bbox 187 4855 280 4905; x_wconf 80' lang='grc' dir='ltr'>τῶν</span> <span class='ocrx_word' id='word_1_608' title='bbox 308 4852 541 4911; x_wconf 85' lang='grc' dir='ltr'>ἐπαίνων</span> <span class='ocrx_word' id='word_1_609' title='bbox 573 4841 1014 4933; x_wconf 69' lang='grc' dir='ltr'>προηγοῦμενος,</span> <span class='ocrx_word' id='word_1_610' title='bbox 1048 4853 1450 4927; x_wconf 80' lang='grc' dir='ltr'>διεξελήλυθεν.</span> <span class='ocrx_word' id='word_1_611' title='bbox 1501 4841 1643 4913; x_wconf 71' lang='lat' dir='ltr'>&quot;Ocni</span> <span class='ocrx_word' id='word_1_612' title='bbox 1673 4854 1729 4911; x_wconf 74' lang='grc' dir='ltr'>δὲ</span> <span class='ocrx_word' id='word_1_613' title='bbox 1758 4841 1826 4911; x_wconf 66' lang='grc' dir='ltr'>δι’</span> 
     </span>
    </p>
   </div>
   <div class='ocr_carea' id='block_1_97' title="bbox 190 4937 1827 5023">
    <p class='ocr_par' dir='ltr' id='par_1_97' title="bbox 190 4937 1827 5023">
     <span class='ocr_line' id='line_1_97' title="bbox 190 4937 1827 5023; baseline 0.007 -32"><span class='ocrx_word' id='word_1_614' title='bbox 190 4937 409 5020; x_wconf 80' lang='grc' dir='ltr'>ἀγράφου</span> <span class='ocrx_word' id='word_1_615' title='bbox 494 4944 847 5020; x_wconf 82' lang='grc' dir='ltr'>παραδόσεως</span> <span class='ocrx_word' id='word_1_616' title='bbox 923 4945 959 5015; x_wconf 68' lang='grc' dir='ltr'>ἢ</span> <span class='ocrx_word' id='word_1_617' title='bbox 1036 4945 1303 5022; x_wconf 81' lang='grc' dir='ltr'>ἐγγράφου</span> <span class='ocrx_word' id='word_1_618' title='bbox 1385 4944 1827 5023; x_wconf 86' lang='grc' dir='ltr'>παρειλήφαμεν,</span> 
     </span>
    </p>
   </div>
   <div class='ocr_carea' id='block_1_98' title="bbox 187 5034 1829 5113">
    <p class='ocr_par' dir='ltr' id='par_1_98' title="bbox 187 5034 1829 5113">
     <span class='ocr_line' id='line_1_98' title="bbox 187 5034 1829 5113; baseline 0.004 -30"><span class='ocrx_word' id='word_1_619' title='bbox 187 5035 337 5086; x_wconf 72' lang='grc' dir='ltr'>ταῦτα</span> <span class='ocrx_word' id='word_1_620' title='bbox 386 5039 466 5107; x_wconf 78' lang='grc' dir='ltr'>τῷ</span> <span class='ocrx_word' id='word_1_621' title='bbox 521 5040 626 5091; x_wconf 83' lang='grc' dir='ltr'>τῶν</span> <span class='ocrx_word' id='word_1_622' title='bbox 690 5035 979 5113; x_wconf 80' lang='grc' dir='ltr'>ἐγκωμίων</span> <span class='ocrx_word' id='word_1_623' title='bbox 1043 5035 1338 5113; x_wconf 79' lang='grc' dir='ltr'>ὑφάσματι,</span> <span class='ocrx_word' id='word_1_624' title='bbox 1397 5034 1635 5110; x_wconf 82' lang='grc' dir='ltr'>καθάπερ</span> <span class='ocrx_word' id='word_1_625' title='bbox 1696 5037 1829 5090; x_wconf 78' lang='grc' dir='ltr'>ἅττα</span> 
     </span>
    </p>
   </div>
   <div class='ocr_carea' id='block_1_99' title="bbox 191 5115 1827 5201">
    <p class='ocr_par' dir='ltr' id='par_1_99' title="bbox 191 5115 1827 5201">
     <span class='ocr_line' id='line_1_99' title="bbox 191 5115 1827 5201; baseline 0.006 -30"><span class='ocrx_word' id='word_1_626' title='bbox 191 5115 558 5197; x_wconf 77' lang='grc' dir='ltr'>δαιδαλμάτων</span> <span class='ocrx_word' id='word_1_627' title='bbox 594 5125 882 5201; x_wconf 81' lang='grc' dir='ltr'>ἐνείροντες</span> <span class='ocrx_word' id='word_1_628' title='bbox 934 5124 1088 5197; x_wconf 76' lang='grc' dir='ltr'>ἄνθη,</span> <span class='ocrx_word' id='word_1_629' title='bbox 1141 5126 1231 5180; x_wconf 85' lang='grc' dir='ltr'>καί</span> <span class='ocrx_word' id='word_1_630' title='bbox 1275 5146 1413 5179; x_wconf 91' lang='grc' dir='ltr'>τισιν</span> <span class='ocrx_word' id='word_1_631' title='bbox 1462 5126 1641 5200; x_wconf 83' lang='grc' dir='ltr'>ὥσπερ</span> <span class='ocrx_word' id='word_1_632' title='bbox 1699 5124 1827 5194; x_wconf 79' lang='grc' dir='ltr'>ἡδύ-</span> 
     </span>
    </p>
   </div>
   <div class='ocr_carea' id='block_1_100' title="bbox 188 5213 1825 5290">
    <p class='ocr_par' dir='ltr' id='par_1_100' title="bbox 188 5213 1825 5290">
     <span class='ocr_line' id='line_1_100' title="bbox 188 5213 1825 5290; baseline 0.001 -24"><span class='ocrx_word' id='word_1_633' title='bbox 188 5228 335 5279; x_wconf 83' lang='grc' dir='ltr'>σμασι</span> <span class='ocrx_word' id='word_1_634' title='bbox 364 5215 464 5282; x_wconf 79' lang='grc' dir='ltr'>τὴν</span> <span class='ocrx_word' id='word_1_635' title='bbox 490 5218 868 5288; x_wconf 76' lang='grc' dir='ltr'>πνευματικὴν</span> <span class='ocrx_word' id='word_1_636' title='bbox 911 5214 1430 5290; x_wconf 84' lang='grc' dir='ltr'>καταγλυκαίνοντες</span> <span class='ocrx_word' id='word_1_637' title='bbox 1462 5213 1657 5284; x_wconf 75' lang='grc' dir='ltr'>ἑστίαν,</span> <span class='ocrx_word' id='word_1_638' title='bbox 1689 5214 1825 5282; x_wconf 77' lang='grc' dir='ltr'>ἥκο-</span> 
     </span>
    </p>
   </div>
   <div class='ocr_carea' id='block_1_101' title="bbox 192 5300 1827 5380">
    <p class='ocr_par' dir='ltr' id='par_1_101' title="bbox 192 5300 1827 5380">
     <span class='ocr_line' id='line_1_101' title="bbox 192 5300 1827 5380; baseline 0.002 -26"><span class='ocrx_word' id='word_1_639' title='bbox 192 5318 274 5367; x_wconf 84' lang='grc' dir='ltr'>μεν</span> <span class='ocrx_word' id='word_1_640' title='bbox 305 5300 428 5374; x_wconf 77' lang='grc' dir='ltr'>ὑμῖν</span> <span class='ocrx_word' id='word_1_641' title='bbox 461 5308 578 5367; x_wconf 83' lang='grc' dir='ltr'>τοῖς</span> <span class='ocrx_word' id='word_1_642' title='bbox 612 5304 1018 5380; x_wconf 85' lang='grc' dir='ltr'>φιλακροάμοσί</span> <span class='ocrx_word' id='word_1_643' title='bbox 1049 5326 1107 5359; x_wconf 87' lang='grc' dir='ltr'>τε</span> <span class='ocrx_word' id='word_1_644' title='bbox 1149 5304 1238 5359; x_wconf 90' lang='grc' dir='ltr'><strong>καί</strong></span> <span class='ocrx_word' id='word_1_645' title='bbox 1287 5308 1674 5374; x_wconf 86' lang='grc' dir='ltr'>πνευματικοῖς</span> <span class='ocrx_word' id='word_1_646' title='bbox 1707 5300 1827 5357; x_wconf 86' lang='grc' dir='ltr'>δαι-</span> 
     </span>
    </p>
   </div>
   <div class='ocr_carea' id='block_1_102' title="bbox 185 5390 1826 5467">
    <p class='ocr_par' dir='ltr' id='par_1_102' title="bbox 185 5390 1826 5467">
     <span class='ocr_line' id='line_1_102' title="bbox 185 5390 1826 5467; baseline 0 -23"><span class='ocrx_word' id='word_1_647' title='bbox 185 5391 365 5458; x_wconf 81' lang='grc' dir='ltr'>τυμόσι</span> <span class='ocrx_word' id='word_1_648' title='bbox 396 5393 862 5467; x_wconf 87' lang='grc' dir='ltr'>παραθησόμενοι.</span> <span class='ocrx_word' id='word_1_649' title='bbox 911 5396 1174 5453; x_wconf 78' lang='grc' dir='ltr'>Τοιοῦτος</span> <span class='ocrx_word' id='word_1_650' title='bbox 1205 5390 1294 5447; x_wconf 77' lang='grc' dir='ltr'>οὖν</span> <span class='ocrx_word' id='word_1_651' title='bbox 1324 5391 1401 5453; x_wconf 72' lang='grc' dir='ltr'>εἷς</span> <span class='ocrx_word' id='word_1_652' title='bbox 1449 5394 1597 5464; x_wconf 79' lang='grc' dir='ltr'>ἡμᾶς</span> <span class='ocrx_word' id='word_1_653' title='bbox 1624 5394 1826 5461; x_wconf 85' lang='grc' dir='ltr'>κατήν-</span> 
     </span>
    </p>
   </div>
   <div class='ocr_carea' id='block_1_103' title="bbox 185 5477 1827 5557">
    <p class='ocr_par' dir='ltr' id='par_1_103' title="bbox 185 5477 1827 5557">
     <span class='ocr_line' id='line_1_103' title="bbox 185 5477 1827 5557; baseline -0.002 -20"><span class='ocrx_word' id='word_1_654' title='bbox 185 5493 305 5545; x_wconf 83' lang='grc' dir='ltr'>τηκε</span> <span class='ocrx_word' id='word_1_655' title='bbox 328 5480 514 5556; x_wconf 80' lang='grc' dir='ltr'>Λόγος,</span> <span class='ocrx_word' id='word_1_656' title='bbox 548 5483 800 5547; x_wconf 72' lang='grc' dir='ltr'>ἀνέκαθεν</span> <span class='ocrx_word' id='word_1_657' title='bbox 830 5482 966 5556; x_wconf 87' lang='grc' dir='ltr'>πρὸς</span> <span class='ocrx_word' id='word_1_658' title='bbox 998 5482 1202 5557; x_wconf 85' lang='grc' dir='ltr'>πατρὸς</span> <span class='ocrx_word' id='word_1_659' title='bbox 1259 5478 1413 5536; x_wconf 83' lang='grc' dir='ltr'>παιδὶ</span> <span class='ocrx_word' id='word_1_660' title='bbox 1463 5477 1827 5555; x_wconf 78' lang='grc' dir='ltr'>παραδιδομε-</span> 
     </span>
    </p>
   </div>
   <div class='ocr_carea' id='block_1_104' title="bbox 182 5569 1827 5647">
    <p class='ocr_par' dir='ltr' id='par_1_104' title="bbox 182 5569 1827 5647">
     <span class='ocr_line' id='line_1_104' title="bbox 182 5569 1827 5647; baseline -0.002 -20"><span class='ocrx_word' id='word_1_661' title='bbox 182 5583 285 5627; x_wconf 79' lang='grc' dir='ltr'>νος.</span> <span class='ocrx_word' id='word_1_662' title='bbox 333 5569 420 5632; x_wconf 82' lang='grc' dir='ltr'>Ὦς</span> <span class='ocrx_word' id='word_1_663' title='bbox 453 5572 482 5626; x_wconf 84' lang='grc' dir='ltr'>ὁ</span> <span class='ocrx_word' id='word_1_664' title='bbox 513 5570 679 5647; x_wconf 75' lang='grc' dir='ltr'>μέγας</span> <span class='ocrx_word' id='word_1_665' title='bbox 710 5571 993 5633; x_wconf 82' lang='grc' dir='ltr'>Διονύσιος</span> <span class='ocrx_word' id='word_1_666' title='bbox 1026 5569 1204 5640; x_wconf 78' lang='grc' dir='ltr'>οὗτος,</span> <span class='ocrx_word' id='word_1_667' title='bbox 1235 5571 1373 5626; x_wconf 83' lang='grc' dir='ltr'>κατά</span> <span class='ocrx_word' id='word_1_668' title='bbox 1396 5569 1488 5625; x_wconf 89' lang='grc' dir='ltr'>τὸν</span> <span class='ocrx_word' id='word_1_669' title='bbox 1521 5573 1615 5624; x_wconf 85' lang='grc' dir='ltr'>τοῦ</span> <span class='ocrx_word' id='word_1_670' title='bbox 1648 5590 1827 5640; x_wconf 90' lang='grc' dir='ltr'>σωτη-</span> 
     </span>
    </p>
   </div>
   <div class='ocr_carea' id='block_1_105' title="bbox 253 5780 790 5857">
    <p class='ocr_par' dir='ltr' id='par_1_105' title="bbox 253 5780 790 5857">
     <span class='ocr_line' id='line_1_105' title="bbox 253 5780 790 5857; baseline 0.013 -20"><span class='ocrx_word' id='word_1_671' title='bbox 253 5780 349 5856; x_wconf 87' lang='lat' dir='ltr'>(m)</span> <span class='ocrx_word' id='word_1_672' title='bbox 373 5784 486 5843; x_wconf 89' lang='lat' dir='ltr'>Isa.</span> <span class='ocrx_word' id='word_1_673' title='bbox 519 5802 669 5857; x_wconf 73' lang='lat' dir='ltr'>xxvx,</span> <span class='ocrx_word' id='word_1_674' title='bbox 703 5787 790 5846; x_wconf 87' lang='grc'>18.</span> 
     </span>
    </p>
   </div>
   <div class='ocr_carea' id='block_1_106' title="bbox 1938 4763 3591 4836">
    <p class='ocr_par' dir='ltr' id='par_1_106' title="bbox 1938 4763 3591 4836">
     <span class='ocr_line' id='line_1_106' title="bbox 1938 4763 3591 4836; baseline -0.004 -12"><span class='ocrx_word' id='word_1_675' title='bbox 1938 4767 2640 4835; x_wconf 70' lang='lat' dir='ltr'>adhibitus.Quaecunque</span> <span class='ocrx_word' id='word_1_676' title='bbox 2660 4781 2793 4820; x_wconf 90' lang='lat' dir='ltr'>vero</span> <span class='ocrx_word' id='word_1_677' title='bbox 2812 4781 2880 4820; x_wconf 86' lang='lat' dir='ltr'>ex</span> <span class='ocrx_word' id='word_1_678' title='bbox 2917 4764 3152 4836; x_wconf 89' lang='lat' dir='ltr'>scriptis</span> <span class='ocrx_word' id='word_1_679' title='bbox 3181 4770 3285 4819; x_wconf 90' lang='lat' dir='ltr'>aut</span> <span class='ocrx_word' id='word_1_680' title='bbox 3302 4782 3414 4819; x_wconf 87' lang='lat' dir='ltr'>nou</span> <span class='ocrx_word' id='word_1_681' title='bbox 3438 4763 3591 4819; x_wconf 87' lang='lat' dir='ltr'>scri-</span> 
     </span>
    </p>
   </div>
   <div class='ocr_carea' id='block_1_107' title="bbox 1938 4853 3587 4929">
    <p class='ocr_par' dir='ltr' id='par_1_107' title="bbox 1938 4853 3587 4929">
     <span class='ocr_line' id='line_1_107' title="bbox 1938 4853 3587 4929; baseline -0.003 -17"><span class='ocrx_word' id='word_1_682' title='bbox 1938 4858 2057 4929; x_wconf 90' lang='lat' dir='ltr'>ptis</span> <span class='ocrx_word' id='word_1_683' title='bbox 2080 4855 2479 4911; x_wconf 88' lang='lat' dir='ltr'>monumentis</span> <span class='ocrx_word' id='word_1_684' title='bbox 2503 4854 2872 4926; x_wconf 81' lang='lat' dir='ltr'>collegimus,</span> <span class='ocrx_word' id='word_1_685' title='bbox 2908 4854 3027 4908; x_wconf 76' lang='lat' dir='ltr'>ha=c</span> <span class='ocrx_word' id='word_1_686' title='bbox 3068 4855 3271 4909; x_wconf 91' lang='lat' dir='ltr'>eadem</span> <span class='ocrx_word' id='word_1_687' title='bbox 3298 4853 3587 4909; x_wconf 83' lang='lat' dir='ltr'>contextis</span> 
     </span>
    </p>
   </div>
   <div class='ocr_carea' id='block_1_108' title="bbox 1938 4942 3584 5014">
    <p class='ocr_par' dir='ltr' id='par_1_108' title="bbox 1938 4942 3584 5014">
     <span class='ocr_line' id='line_1_108' title="bbox 1938 4942 3584 5014; baseline -0.002 -13"><span class='ocrx_word' id='word_1_688' title='bbox 1938 4944 2327 5009; x_wconf 87' lang='lat' dir='ltr'>laudibus,uti</span> <span class='ocrx_word' id='word_1_689' title='bbox 2361 4944 2625 5014; x_wconf 54' lang='lat' dir='ltr'>quaedam</span> <span class='ocrx_word' id='word_1_690' title='bbox 2662 4942 3232 4997; x_wconf 86' lang='lat' dir='ltr'>ornamentaﬂorum</span> <span class='ocrx_word' id='word_1_691' title='bbox 3257 4948 3584 5008; x_wconf 88' lang='lat' dir='ltr'>assuentes,</span> 
     </span>
    </p>
   </div>
   <div class='ocr_carea' id='block_1_109' title="bbox 1938 5031 3589 5104">
    <p class='ocr_par' dir='ltr' id='par_1_109' title="bbox 1938 5031 3589 5104">
     <span class='ocr_line' id='line_1_109' title="bbox 1938 5031 3589 5104; baseline -0.004 -13"><span class='ocrx_word' id='word_1_692' title='bbox 1938 5054 2006 5091; x_wconf 83' lang='lat' dir='ltr'>ac</span> <span class='ocrx_word' id='word_1_693' title='bbox 2035 5033 2365 5091; x_wconf 85' lang='lat' dir='ltr'>convivium</span> <span class='ocrx_word' id='word_1_694' title='bbox 2390 5033 2540 5090; x_wconf 74' lang='lat'>865</span> <span class='ocrx_word' id='word_1_695' title='bbox 2568 5031 2929 5104; x_wconf 88' lang='lat' dir='ltr'>quibusdam</span> <span class='ocrx_word' id='word_1_696' title='bbox 2964 5032 3135 5103; x_wconf 83' lang='lat' dir='ltr'>quasi</span> <span class='ocrx_word' id='word_1_697' title='bbox 3168 5031 3385 5087; x_wconf 88' lang='lat' dir='ltr'>divinis</span> <span class='ocrx_word' id='word_1_698' title='bbox 3414 5047 3589 5103; x_wconf 85' lang='lat' dir='ltr'>sapo-</span> 
     </span>
    </p>
   </div>
   <div class='ocr_carea' id='block_1_110' title="bbox 1938 5120 3589 5191">
    <p class='ocr_par' dir='ltr' id='par_1_110' title="bbox 1938 5120 3589 5191">
     <span class='ocr_line' id='line_1_110' title="bbox 1938 5120 3589 5191; baseline -0.002 -12"><span class='ocrx_word' id='word_1_699' title='bbox 1938 5125 2102 5179; x_wconf 88' lang='lat' dir='ltr'>ribus</span> <span class='ocrx_word' id='word_1_700' title='bbox 2124 5124 2487 5191; x_wconf 90' lang='lat' dir='ltr'>condientes,</span> <span class='ocrx_word' id='word_1_701' title='bbox 2514 5123 2799 5178; x_wconf 85' lang='lat' dir='ltr'>adsumus</span> <span class='ocrx_word' id='word_1_702' title='bbox 2863 5138 3060 5177; x_wconf 87' lang='lat' dir='ltr'>coram</span> <span class='ocrx_word' id='word_1_703' title='bbox 3108 5121 3275 5177; x_wconf 89' lang='lat' dir='ltr'>vobis</span> <span class='ocrx_word' id='word_1_704' title='bbox 3309 5120 3589 5189; x_wconf 80' lang='lat' dir='ltr'>convivis;</span> 
     </span>
    </p>
   </div>
   <div class='ocr_carea' id='block_1_111' title="bbox 1939 5210 3595 5284">
    <p class='ocr_par' dir='ltr' id='par_1_111' title="bbox 1939 5210 3595 5284">
     <span class='ocr_line' id='line_1_111' title="bbox 1939 5210 3595 5284; baseline -0.001 -17"><span class='ocrx_word' id='word_1_705' title='bbox 1939 5214 2038 5284; x_wconf 91' lang='lat' dir='ltr'>qui</span> <span class='ocrx_word' id='word_1_706' title='bbox 2069 5212 2269 5267; x_wconf 83' lang='lat' dir='ltr'>divina</span> <span class='ocrx_word' id='word_1_707' title='bbox 2298 5212 2549 5267; x_wconf 87' lang='lat' dir='ltr'>libenter</span> <span class='ocrx_word' id='word_1_708' title='bbox 2579 5211 2797 5267; x_wconf 84' lang='lat' dir='ltr'>auditis</span> <span class='ocrx_word' id='word_1_709' title='bbox 2839 5212 3189 5283; x_wconf 90' lang='lat' dir='ltr'>apposituri.</span> <span class='ocrx_word' id='word_1_710' title='bbox 3222 5211 3385 5267; x_wconf 88' lang='lat' dir='ltr'>Talis</span> <span class='ocrx_word' id='word_1_711' title='bbox 3411 5210 3595 5283; x_wconf 82' lang='lat' dir='ltr'>igitur</span> 
     </span>
    </p>
   </div>
   <div class='ocr_carea' id='block_1_112' title="bbox 1941 5299 3592 5373">
    <p class='ocr_par' dir='ltr' id='par_1_112' title="bbox 1941 5299 3592 5373">
     <span class='ocr_line' id='line_1_112' title="bbox 1941 5299 3592 5373; baseline -0.001 -16"><span class='ocrx_word' id='word_1_712' title='bbox 1941 5302 2183 5357; x_wconf 88' lang='lat' dir='ltr'>historia</span> <span class='ocrx_word' id='word_1_713' title='bbox 2213 5300 2390 5371; x_wconf 87' lang='lat' dir='ltr'>longa</span> <span class='ocrx_word' id='word_1_714' title='bbox 2433 5306 2763 5372; x_wconf 88' lang='lat' dir='ltr'>temporum</span> <span class='ocrx_word' id='word_1_715' title='bbox 2799 5301 3147 5372; x_wconf 86' lang='lat' dir='ltr'>serie,quasi</span> <span class='ocrx_word' id='word_1_716' title='bbox 3182 5319 3215 5356; x_wconf 89' lang='lat' dir='ltr'>a</span> <span class='ocrx_word' id='word_1_717' title='bbox 3256 5305 3419 5373; x_wconf 88' lang='lat' dir='ltr'>patre</span> <span class='ocrx_word' id='word_1_718' title='bbox 3452 5299 3592 5356; x_wconf 85' lang='lat' dir='ltr'>ﬁliis</span> 
     </span>
    </p>
   </div>
   <div class='ocr_carea' id='block_1_113' title="bbox 1938 5390 3591 5463">
    <p class='ocr_par' dir='ltr' id='par_1_113' title="bbox 1938 5390 3591 5463">
     <span class='ocr_line' id='line_1_113' title="bbox 1938 5390 3591 5463; baseline 0 -18"><span class='ocrx_word' id='word_1_719' title='bbox 1938 5390 2173 5459; x_wconf 88' lang='lat' dir='ltr'>tradita,</span> <span class='ocrx_word' id='word_1_720' title='bbox 2202 5391 2269 5444; x_wconf 89' lang='lat' dir='ltr'>ad</span> <span class='ocrx_word' id='word_1_721' title='bbox 2306 5407 2411 5444; x_wconf 91' lang='lat' dir='ltr'>nos</span> <span class='ocrx_word' id='word_1_722' title='bbox 2445 5407 2633 5461; x_wconf 90' lang='lat' dir='ltr'>usque</span> <span class='ocrx_word' id='word_1_723' title='bbox 2665 5390 2949 5462; x_wconf 89' lang='lat' dir='ltr'>pervenit.</span> <span class='ocrx_word' id='word_1_724' title='bbox 3013 5393 3155 5446; x_wconf 89' lang='lat' dir='ltr'>Cum</span> <span class='ocrx_word' id='word_1_725' title='bbox 3197 5407 3451 5463; x_wconf 88' lang='lat' dir='ltr'>magnus</span> <span class='ocrx_word' id='word_1_726' title='bbox 3480 5390 3591 5445; x_wconf 88' lang='lat' dir='ltr'>iste</span> 
     </span>
    </p>
   </div>
   <div class='ocr_carea' id='block_1_114' title="bbox 1937 5479 3586 5551">
    <p class='ocr_par' dir='ltr' id='par_1_114' title="bbox 1937 5479 3586 5551">
     <span class='ocr_line' id='line_1_114' title="bbox 1937 5479 3586 5551; baseline -0.001 -16"><span class='ocrx_word' id='word_1_727' title='bbox 1937 5480 2249 5551; x_wconf 81' lang='lat' dir='ltr'>Dionysius</span> <span class='ocrx_word' id='word_1_728' title='bbox 2278 5484 2540 5549; x_wconf 85' lang='lat' dir='ltr'>tempore</span> <span class='ocrx_word' id='word_1_729' title='bbox 2571 5496 2687 5549; x_wconf 91' lang='lat' dir='ltr'>quo</span> <span class='ocrx_word' id='word_1_730' title='bbox 2722 5484 2994 5535; x_wconf 87' lang='lat' dir='ltr'>Servator</span> <span class='ocrx_word' id='word_1_731' title='bbox 3016 5479 3309 5551; x_wconf 85' lang='lat' dir='ltr'>supplicio</span> <span class='ocrx_word' id='word_1_732' title='bbox 3331 5485 3421 5535; x_wconf 82' lang='lat' dir='ltr'>est</span> <span class='ocrx_word' id='word_1_733' title='bbox 3453 5480 3586 5535; x_wconf 76' lang='lat' dir='ltr'>aﬂ&#39;e-</span> 
     </span>
    </p>
   </div>
   <div class='ocr_carea' id='block_1_115' title="bbox 1938 5567 3585 5640">
    <p class='ocr_par' dir='ltr' id='par_1_115' title="bbox 1938 5567 3585 5640">
     <span class='ocr_line' id='line_1_115' title="bbox 1938 5567 3585 5640; baseline 0.001 -17"><span class='ocrx_word' id='word_1_734' title='bbox 1938 5575 2088 5636; x_wconf 88' lang='lat' dir='ltr'>ctus,</span> <span class='ocrx_word' id='word_1_735' title='bbox 2123 5567 2355 5638; x_wconf 87' lang='lat' dir='ltr'>quando</span> <span class='ocrx_word' id='word_1_736' title='bbox 2388 5571 2543 5621; x_wconf 89' lang='lat' dir='ltr'>terra</span> <span class='ocrx_word' id='word_1_737' title='bbox 2572 5583 2861 5624; x_wconf 89' lang='lat' dir='ltr'>concussa</span> <span class='ocrx_word' id='word_1_738' title='bbox 2890 5574 3001 5635; x_wconf 90' lang='lat' dir='ltr'>est,</span> <span class='ocrx_word' id='word_1_739' title='bbox 3034 5574 3209 5640; x_wconf 90' lang='lat' dir='ltr'>atque</span> <span class='ocrx_word' id='word_1_740' title='bbox 3237 5569 3324 5624; x_wconf 89' lang='lat' dir='ltr'>sol</span> <span class='ocrx_word' id='word_1_741' title='bbox 3364 5585 3478 5624; x_wconf 88' lang='lat' dir='ltr'>non</span> <span class='ocrx_word' id='word_1_742' title='bbox 3503 5569 3585 5624; x_wconf 87' lang='lat' dir='ltr'>fe-</span> 
     </span>
    </p>
   </div>
  </div>
