4020 6358
399 421 506 477 627

1636 429 1693 482 Β.
1742 427 2061 482 DIONYSII
2100 427 2577 482 AREOPAGITE

3712 430 3820 483 6‘38

404 570 539 610 rens
562 552 828 624 opiﬁcem
860 554 1550 627 universorum,eumque
1576 556 1673 627 qui
1705 556 2038 612 obdivinam

2166 552 2283 629 ρίου
2338 556 2545 617 πάθους
2592 556 2801 630 καιρὸν,
2852 551 3013 622 ἡνίκα
3065 549 3395 606 διεκλονεῖτο
3427 559 3527 627 γῆ,
3568 554 3659 608 καὶ
3718 557 3815 616 τὰς

403 643 798 699 substantiam
831 643 1150 715 cujuslibet
1176 646 1655 716 perturbationis,
1689 664 1753 701 ac
1776 646 2047 701 interitus

404 748 609 803 expers
630 737 773 799 erat,
797 732 955 804 ligno
987 749 1159 788 carne
1190 734 1408 807 sulfigi,
1445 752 1583 789 suos
1634 735 1821 806 ipsius
1853 736 2047 790 radios

401 820 461 875 in
494 821 733 877 meridie
755 822 1126 890 occultasset,
1176 841 1291 895 prae
1343 828 1458 878 tam
1518 824 1851 879 admirabili
1898 826 2048 880 facto

403 910 1633 984 vehementerstupefactus,humanumque
1657 913 2048 985 cognitionem

402 1016 846 1071 supergressus,
876 1002 1089 1055 factum
1119 1000 1262 1055 illud
1290 1004 1671 1074 perpendens.
1706 1026 1731 1051 α
1764 1004 1939 1071 Deus,
1967 1005 2049 1057 in-

405 1089 553 1160 quit,
577 1088 815 1160 ignotus
838 1107 1011 1145 carne
1046 1091 1283 1162 patitur,
1312 1092 1480 1161 cujus
1530 1110 1708 1148 causa
1738 1093 1895 1148 orbis
1920 1092 2047 1147 uni-

402 1178 879 1233 versustenebris
898 1179 1205 1242 oﬁ'usus,et
1223 1180 1550 1237 turbatione
1566 1187 2048 1237 concussusest.»

406 1265 803 1339 Protinusque
850 1285 917 1323 eo
942 1268 1067 1339 ipso
1092 1273 1353 1341 tempore
1378 1286 1490 1340 quo
1516 1276 1633 1326 tam
1663 1272 1891 1343 insigne
1915 1290 2049 1327 con-

399 1354 632 1426 jectans
656 1356 1026 1423 observabat,
1053 1357 1190 1427 quid
1244 1358 1379 1411 hinc
1424 1359 1745 1431 signiﬁcari
1789 1362 2049 1416 daretur.

403 1445 580 1514 Atqui
608 1444 1053 1501 horrendissimi
1090 1446 1249 1501 illius
1282 1447 1424 1502 solis
1454 1452 1713 1504 del'ectus
1753 1450 1875 1520 ipse
1908 1467 2051 1521 quo-

404 1549 518 1604 que
548 1533 604 1587 in
640 1533 897 1605 Epistola
930 1535 1001 1590 ad
1037 1535 1421 1609 Polycarpum
1448 1540 1804 1595 mentionem
1827 1540 1978 1595 fecit.

477 1837 761 1893 Caeterum
797 1842 1031 1909 prazstat
1070 1840 1393 1895 orationem
1445 1842 1904 1914 elegantissimis
1926 1847 2053 1914 ejus

2159 644 2347 697 ἑαυτοῦ
2420 645 2779 718 μαρμαρυγὰς
2854 640 3120 714 μεσούσης
3173 640 3381 713 ἡμέρας
3449 642 3817 717 κατέκρυπτεν

2158 732 2339 801 ἥλιος,
2396 736 2470 805 μή
2506 732 2679 809 φέρων
2730 732 2821 786 τὸν
2872 736 2968 786 τοῦ
3000 731 3203 793 παντὸς
3258 727 3599 805 δημιουργὸν
3654 731 3816 804 ἷκρίῳ

2158 823 2389 895 καθορᾷν
2448 822 2602 897 σαρκῖ
2660 819 3171 895 προσπηγνύμενον,
3223 818 3313 871 xui
3374 821 3603 874 θανάτου
3654 820 3816 895 γευό-

2164 934 2344 985 μενον,
2380 913 2473 966 τὸν
2517 912 2698 976 ἀπαθῆ
2747 933 2805 965 τε
2847 911 2963 964 κατ’
3016 908 3195 962 οὐσίαν
3237 909 3421 977 θεϊκὴν
3476 910 3565 962 xui
3621 907 3817 963 ἀνόλε-

2161 1014 2310 1074 θρον,
2344 1001 2430 1055 ἐπὶ
2478 1006 2555 1072 τῷ
2589 998 2876 1073 παραδόξῳ
2909 996 3117 1075 σφόδρα
3146 997 3418 1067 τεθηπὼς,
3473 998 3561 1051 καὶ
3593 999 3693 1066 τὴν
3724 999 3819 1052 ἀν-

2159 1090 2426 1165 θρωπείαν
2496 1084 2882 1162 ὑπερϐεϐηκὼς
2944 1093 3162 1162 γνῶσιν,
3212 1088 3551 1155 κατανοήσας
3609 1088 3673 1141 τὸ
3730 1108 3818 1163 γε·

2159 1176 2339 1254 γονάς’
2376 1204 2401 1230 ‹‹
2435 1185 2493 1235 Ὁ
2537 1180 2835 1253 ἄγνωστος,
2888 1176 3012 1254 ἔφη,
3048 1176 3204 1252 σαρκὶ
3236 1177 3437 1251 πάσχει
3470 1177 3623 1247 Θεὸς,
3660 1174 3732 1230 δι’
3765 1178 3821 1231 ὃν

2158 1269 2220 1322 τὸ
2252 1273 2355 1322 πᾶν
2388 1267 2653 1342 ἐζόφωταί
2686 1289 2744 1321 τε
2780 1266 2868 1321 καὶ
2902 1264 3237 1321 σεσάλευται.
3271 1286 3297 1314 ιι
3340 1266 3433 1321 Καὶ
3478 1269 3829 1342 παραχρῆμα

2158 1360 2249 1412 τὸν
2281 1358 2626 1433 χρόνον,καθ“
2655 1357 2712 1410 ’ὸν
2743 1358 2895 1411 τουτί
2924 1356 2985 1410 τὸ
3018 1356 3355 1430 παγκόσμιον
3390 1354 3703 1410 ἐτετέλεστο
3735 1376 3821 1409 τε-

2164 1448 2537 1523 ρατούργημα,
2613 1446 3133 1520 τεκμηριωσάμενος
3198 1442 3379 1516 ἐτήρει
3429 1448 3557 1519 παρ’
3619 1444 3819 1516 ἐαυτῷ,

2159 1536 2469 1599 τούντεῦθεν
2506 1533 2962 1610 διαγγελούμενον
2991 1530 3327 1608 καραδοκῶν.
3364 1532 3656 1604 Μέμνηται
3692 1534 3819 1605 μέν·

2160 1646 2245 1679 τοι
2278 1626 2473 1687 καύτὸς
2502 1623 2553 1677 ἐν
2585 1628 2653 1697 τῇ
2685 1624 2821 1696 πρὸς
2843 1622 3200 1698 Ιιολύκαρπον
3235 1621 3498 1696 ἐπιστολῇ
3528 1626 3628 1692 τῆς
3660 1622 3823 1691 ἡλια-

2161 1716 2263 1782 κῆς
2298 1712 2590 1786 ἐκλείψεως
2624 1711 2830 1783 ἐκείνης
2858 1719 2957 1780 τῆς
2988 1709 3453 1788 φρικωδεστάτης.

2234 1841 2296 1893 Ἀ
2311 1860 2494 1912 μεινον
2522 1837 2578 1893 δὲ
2602 1839 2693 1893 τὸν
2741 1835 2907 1912 λόγον
2938 1843 3057 1899 τοῖς
3098 1837 3301 1892 ἐκείνου
3326 1841 3423 1891 τοῦ
3479 1841 3547 1910 τῇ
3577 1837 3821 1913 θεοῤῥη-

406 1928 620 1989 verbis,
654 1928 755 1997 qui
813 1927 1147 1998 eloquentia
1205 1946 1273 1983 ac
1303 1930 1499 1985 divina
1530 1933 1783 2002 quadam
1820 1934 2038 1989 dicend:j

2165 1930 2370 2003 μοσύνῃ
2416 1931 2500 1983 xui
2555 1926 2854 2003 εὐγλωττίᾳ
2911 1927 3122 1981 πάντων
3187 1927 3653 2003 ὑπερφερεστάτου
3686 1926 3825 1981 καλ·

408 2015 684 2071 facultate
706 2032 910 2070 omnes
933 2016 1511 2089 excelluit,tanquam
1536 2021 1751 2091 regiam
1774 2038 2047 2077 coronam

400 2104 674 2175 pretiosis
689 2104 1153 2159 aclucidissimis
1168 2104 1466 2177 lapidibus
1489 2110 2046 2166 condecorare.Cum

400 2193 557 2249 enim
576 2192 1010 2264 Apollophanes
1032 2195 1117 2249 vir
1140 2195 1835 2270 philosophus,religione
1858 2202 2045 2272 genti-

397 2279 473 2335 lis
499 2286 673 2348 esset,
716 2286 892 2351 atque
924 2282 1079 2338 hunc
1134 2284 1569 2354 beatissimum,
1602 2289 2043 2359 magnanimum

396 2376 455 2425 et
477 2371 891 2425 admirandum
933 2372 1146 2440 virum,
1180 2390 1434 2445 quocum
1474 2378 1823 2433 necessitate
1855 2395 1919 2433 ac
1944 2395 2043 2450 ge-

400 2476 540 2515 nere
569 2461 926 2531 conjunctus
959 2468 1103 2530 erat,
1138 2464 1271 2518 odio
1304 2472 1773 2535 prosequeretur,
1810 2485 1875 2523 ac
1907 2485 2043 2523 con-

398 2548 564 2603 viciis
587 2550 862 2620 jactaret,
900 2557 960 2606 ut
991 2552 1088 2622 qui
1113 2554 1263 2607 ritus
1295 2554 1518 2625 patrios
1551 2556 1956 2626 detestaretur,
1989 2564 2045 2614 et

397 2638 871 2695 Christianorum
907 2641 1079 2696 fidem
1136 2641 1253 2696 illis
1288 2644 1601 2713 praeferret,
1638 2646 1873 2717 coloret,
1919 2666 2041 2703 am-

396 2727 767 2799 plecteretur,
801 2746 867 2784 ac
900 2747 1001 2800 pro
1053 2732 1182 2802 ipsa
1210 2736 1493 2803 tanquam
1537 2738 2039 2807 propugnaculum

395 2817 764 2872 validissime
798 2824 996 2883 staret,
1032 2821 1319 2888 rebusque
1336 2822 1645 2891 gentilium
1670 2831 1867 2881 contra
1903 2844 2042 2898 gen-

392 2905 527 2960 tiles
552 2912 850 2961 uteretur:
876 2907 983 2961 hoc
1016 2908 1341 2962 convicium
1368 2914 1425 2963 et
1454 2913 1885 2969 accusationem
1910 2932 2042 2971 cum

394 2994 714 3064 Dionysius
737 3001 991 3050 evertere
1014 2999 1384 3063 decrevisset,
1414 2999 1740 3071 Polycarpo,
1772 3004 1870 3072 qui
1897 3005 2043 3058 mul-

398 3083 471 3137 tis
495 3100 625 3138 cum
655 3084 883 3154 pietatis
908 3090 1033 3139 tum
1056 3087 1285 3141 virtutis
1308 3089 1590 3144 fructibus
1620 3091 2042 3165 ﬂorebat,apud

397 3186 569 3240 quem
596 3177 652 3224 et
682 3172 948 3242 sophista
969 3173 1065 3228 ille
1097 3176 1356 3229 convicia
1397 3176 1739 3249 jactaverat,
1773 3180 1890 3235 hazc
1910 3184 2045 3237 scri-

396 3259 516 3313 bit:
558 3282 584 3312 α
614 3262 699 3315 Tu
728 3279 859 3316 vero
884 3264 1344 3335 Apollophancm
1371 3268 1699 3337 sopbistam
1734 3272 2043 3328 maledicta

396 3346 455 3402 in
483 3366 574 3404 me
596 3366 1146 3423 congerere,meque
1173 3356 1513 3425 patricidam
1550 3360 1844 3429 appellare
1868 3362 2035 3429 dicis,

393 3439 893 3509 utquigentilium
921 3442 1091 3496 dictis
1118 3442 1269 3497 haud
1289 3445 1378 3514 pie
1402 3451 1603 3500 contra
1617 3448 2039 3520 gentilesipsos

391 3528 544 3581 utar.
581 3528 755 3598 Atqui
782 3546 888 3583 nos
924 3529 1026 3585 hoc
1058 3531 1252 3602 ipsum
1291 3534 1478 3587 verius
1512 3534 1848 3605 intorquere
1880 3538 1937 3591 in
1974 3539 2038 3592 il-

382 3613 502 3669 lum
531 3633 859 3687 possemus,
886 3620 1038 3689 quod
1076 3620 1326 3691 gentiles
1354 3623 1629 3678 adversus
1665 3626 1860 3680 divina
1889 3628 2037 3680 divi-

388 3703 480 3757 nis
506 3721 617 3758 non
653 3705 745 3774 pie
778 3711 1042 3773 utuntur,
1076 3714 1353 3763 conantes
1398 3727 1497 3781 per
1530 3714 1879 3783 sapientium
1914 3716 2038 3771 cul-

384 3795 514 3846 tum
541 3792 640 3847 Dei
665 3794 927 3848 divinum
953 3798 1573 3870 exterminare.Neque
1593 3818 1698 3872 ego
1722 3821 1859 3858 sane
1883 3823 2039 3860 nunc

390 3880 461 3934 de
492 3880 891 3938 multitudinis
915 3885 1187 3956 opinione
1213 3886 1438 3958 loquor,
1472 3907 1598 3960 quae
1632 3891 1687 3946 in
1732 3900 2035 3963 poetarum

386 3968 606 4024 fabulis
625 3987 864 4042 corpore
890 3978 946 4027 et
977 3976 1275 4045 voluptate
1298 3980 1637 4047 acquiescit.
1657 3981 1802 4043 Quin
1829 3987 1883 4037 et
1915 3984 2038 4054 ipse

384 4057 819 4129 Apollophanes
843 4063 1123 4117 adversus
1146 4065 1344 4120 divina
1368 4068 1582 4123 nefarie
1604 4069 1817 4125 divinis
1834 4072 2035 4128 utitur.

388 4147 523 4201 Erat
540 4148 695 4203 enim
714 4156 1172 4207 consentaneum
1191 4170 1288 4209 eos
1303 4157 1681 4227 qui366veri
1702 4159 2035 4232 philosophi

384 4240 657 4307 sunt,per
680 4238 830 4294 hanc
854 4258 1047 4296 rerum
1074 4244 1489 4315 cognitionem,
1508 4265 1634 4318 quae
1669 4250 1777 4303 rite
1802 4250 1875 4304 ab
1909 4250 2037 4321 ipso

385 4323 760 4397 philosophia
798 4329 1033 4397 dicitur,
1090 4348 1330 4403 quaeque
1365 4353 1397 4390 a
1428 4336 1492 4390 D.
1540 4337 1718 4392 Paulo
1751 4340 2039 4410 sapientia

385 4416 484 4470 Dei
516 4418 809 4488 appellata
830 4426 935 4488 est,
955 4422 1024 4476 ad
1042 4429 1339 4479 auctorem
1377 4443 1506 4480 cum
1533 4428 1795 4498 ipsarum
1823 4447 2036 4499 rerum,

383 4507 511 4558 tum
535 4507 885 4577 cognitionis
909 4509 1166 4581 illorum,
1198 4513 1516 4569 adduci.Ae
1551 4534 1620 4571 ne
1656 4518 1906 4572 aliorum
1938 4525 2038 4574 aut

384 4593 574 4665 ipsius
600 4597 935 4668 opinionem
971 4608 1173 4658 contra
1208 4604 1541 4660 institutum
1598 4625 1791 4663 meum
1830 4612 2034 4664 conlu—

2161 2015 2533 2079 λιεπεστάτοις
2575 2013 2908 2089 καθωραίσαι
2943 2014 3149 2091 λόγοις,
3207 2017 3296 2068 οἷα
3352 2018 3459 2068 τῶν
3493 2012 3824 2069 πολυτελῶν

2160 2103 2329 2159 λίθων
2359 2111 2477 2167 τοῖς
2506 2103 2917 2178 διαυγεστάτοις
2965 2103 3239 2177 βασίλειον
3303 2100 3565 2176 διάδημα.
3609 2104 3827 2160 Ἀπολ-

2158 2192 2425 2272 λοφάνους
2472 2194 2575 2270 γάρ
2635 2192 2829 2269 ἀνδρὸς
2862 2191 3188 2271 φιλοσόφου,
3219 2194 3317 2261 τήν
3352 2195 3642 2265 θρησκείαν
3684 2194 3823 2251 ’Ἐλ-

2157 2282 2323 2353 ληνος
2352 2284 2734 2359 τυγχάνοντος,
2784 2283 3120 2355 νεμεσῶντός
3168 2304 3227 2336 τε
3255 2282 3344 2336 καὶ
3378 2279 3821 2356 λοιδορουμένου

2153 2379 2230 2445 τῷ
2259 2369 2564 2449 τρισολϐίῳ
2593 2374 2771 2445 τοῦτῳ
2811 2373 2900 2426 καὶ
2954 2369 3381 2448 μεγαλεμπόρῳ,
3434 2373 3523 2426 καὶ
3587 2372 3819 2446 (istm-

2155 2484 2283 2535 στῳ,
2317 2463 2391 2524 ὡς
2425 2463 2618 2538 ἑταίρῳ
2650 2460 2808 2530 δῆθεν
2842 2456 2954 2516 ὄντι
2989 2460 3238 2538 φιλτάτῳ
3284 2459 3372 2514 xui
3428 2461 3715 2535 ὁμογενεῖ,
3750 2461 3816 2516 τά

2152 2556 2375 2625 πατρῷα
2438 2553 2531 2623 μὲν
2596 2549 2986 2623 μυσαττομένῳ
3042 2544 3372 2620 σεϐάσματα,
3429 2551 3527 2619 τὴν
3590 2546 3649 2603 δὲ
3700 2555 3811 2603 τῶν

2152 2644 2485 2714 Χριστιανῶν
2544 2645 2908 2715 προτιμῶντι,
2952 2639 3040 2692 καὶ
3102 2638 3362 2711 μετιόντι,
3420 2638 3510 2691 xui
3568 2639 3819 2707 ἀσπαζο-

2159 2729 2299 2802 μένῳ
2356 2729 2534 2783 πίστιν
2566 2776 2580 2802 ,
2640 2729 2728 2783 καὶ
2781 2729 2947 2797 αὐτῆς
3002 2727 3475 2801 ἀγωνιστικώτατα
3540 2728 3821 2801 προασπί-

2157 2824 2329 2886 ζοντι,
2359 2818 2447 2872 καὶ
2478 2824 2592 2879 τοῖς
2624 2815 2909 2887 Ἐλλήνων
2962 2816 3097 2871 κατὰ
3124 2821 3229 2869 τῶν
3260 2814 3546 2885 Ἑλλήνων
3582 2818 3818 2891 χρωμέ-

2154 2926 2250 2979 νῳ·
2291 2909 2390 2975 τήν
2432 2906 2711 2981 λοιδορίαν
2765 2907 2853 2961 xui
2912 2920 3123 2977 νέμεσιν
3181 2905 3557 2974 ἁνασκευάζειν
3624 2907 3821 2960 ὑποτι-

2157 2996 2379 3070 θέμενος
2408 3003 2485 3069 τῷ
2539 2996 2776 3060 πολλοῖς
2832 2992 3135 3057 θεοσεϐείας
3182 2993 3271 3049 xui
3322 2996 3518 3070 ἀρετῆς
3546 2995 3817 3064 τεθηλότι

2154 3093 2385 3161 καρποῖς
2413 3088 2779 3162 Πολυκάρπῳ,
2810 3086 2945 3159 πρὸς
3004 3085 3054 3139 έν
3089 3084 3177 3139 καὶ
3211 3085 3238 3139 ὁ
3272 3085 3533 3160 σοφιστὴς
3565 3083 3820 3138 ἐποιεῖτο

2152 3178 2219 3231 τὰ
2250 3178 2576 3249 σκώμματα,
2624 3174 2751 3230 τάδε
2812 3175 2965 3252 φησί·
3018 3200 3044 3225 ‹‹
3080 3173 3153 3228 Σὺ
3213 3171 3269 3227 δὲ
3300 3172 3405 3250 φῂς
3438 3170 3823 3249 λοιδορεῖσθαί

2073 3302 2115 3368 C
2159 3287 2250 3338 μοι
2282 3266 2375 3319 τὸν
2401 3268 2658 3342 σοφιστὴν
2694 3263 3140 3341 Ἀπολλοφάνην,
3173 3262 3261 3317 καὶ
3301 3261 3638 3333 πατραλοίαν
3669 3262 3821 3317 ἀπο-

2225 3354 2241 3368 .
2290 3360 2312 3368 ..
2438 3355 2449 3368 .
2621 3360 2640 3368 -
2727 3352 2844 3368 ..πη
2884 3355 2895 3368 .
3070 3352 3083 3368 ς
3138 3351 3148 3364 .
3278 3351 3289 3368 ι
3381 3349 3512 3368 ...πη
3752 3352 3765 3368 .

2152 3354 2362 3422 καλεῖν,
2422 3355 2494 3415 ὡς
2554 3360 2668 3416 τοῖς
2727 3352 3007 3423 Ἑλλήνιον
3066 3351 3153 3405 ἐπὶ
3209 3351 3335 3413 τοὺς
3381 3349 3669 3420 Ἕλληνας
3705 3352 3817 3426 οὐχ

2148 3444 2312 3505 ὁσίως
2361 3443 2655 3519 χρωμένῳ’
2700 3444 2874 3497 καίτοι
2925 3443 3061 3515 πρὸς
3113 3441 3268 3494 αὐτὸν
3320 3443 3469 3513 ἡμᾶς
3500 3441 3566 3508 ἦν
3601 3439 3814 3510 ἀληθέ-

2148 3552 2330 3605 στερον
2388 3532 2577 3599 εἰπεῖν,
2614 3533 2687 3593 ὡς
2736 3529 3009 3600 ’Έλληνες
3037 3536 3152 3584 τοῖς
3184 3529 3349 3591 θείοις
3380 3528 3483 3603 οὐχ
3516 3528 3684 3591 ὁσίως
3717 3530 3817 3584 ἐπὶ

2144 3622 2209 3675 τὰ
2240 3627 2356 3684 θεῖα
2393 3626 2658 3695 χρῶνται,
2718 3619 2809 3674 διὰ
2860 3626 2959 3687 τῆς
3020 3617 3208 3695 σοφίας
3236 3622 3333 3672 τοῦ
3366 3622 3499 3671 Θεοῦ
3548 3617 3609 3671 τὸ
3660 3619 3810 3673 θεῖον

2146 3705 2433 3765 ἐκϐάλλειν
2479 3710 2810 3782 πειρώμενοι
2865 3703 3045 3769 σέϐας.
3078 3707 3181 3764 Καὶ
3214 3706 3276 3760 οὐ
3304 3708 3403 3774 τήν
3435 3711 3542 3761 τῶν
3572 3704 3813 3761 πολλῶν

2147 3798 2316 3873 ἔγωγέ
2350 3821 2492 3876 φημι
2526 3796 2703 3868 δόξαν,
2761 3802 2879 3859 τοῖς
2930 3801 3038 3851 τῶν
3092 3799 3336 3865 ποιητῶν
3387 3792 3687 3869 προσύλως
3717 3797 3811 3850 καὶ

2146 3888 2401 3961 ἐμπαθῶς
2449 3886 2915 3960 ἐναπομενόντων,
2966 3884 3111 3941 ἀλλᾶ
3155 3884 3245 3939 καὶ
3306 3883 3465 3945 αὐτὸς
3522 3882 3813 3940 Ἀπολλο-

2148 3980 2320 4052 φάνης
2376 3978 2485 4051 οὐχ
2542 3976 2705 4040 ὁσίως
2732 3981 2850 4039 τοῖς
2896 3976 3060 4035 θείοις
3107 3973 3195 4028 ἐπὶ
3226 3973 3293 4027 τά
3324 3975 3440 4027 θεῖα
3472 3980 3703 4047 χρῆται·
3735 3979 3806 4047 τῇ

2145 4069 2245 4142 γὰρ
2304 4072 2407 4121 τῶν
2463 4064 2630 4121 ὄντων
2687 4067 2879 4141 γνώσει
2928 4064 3111 4124 καλῶς
3144 4063 3413 4137 λεγομένῃ
3464 4063 3602 4136 πρὸς
3634 4062 3809 4118 αὐτοῦ

2148 4156 2463 4235 φιλοσοφίᾳ,
2516 4156 2605 4210 καὶ
2664 4156 2801 4229 πρὸς
2854 4158 2951 4209 τοῦ
3010 4153 3155 4216 θείου
3210 4151 3429 4207 Παύλου
3462 4151 3623 4229 σοφίᾳ
3669 4157 3811 4207 Θεοῦ

2145 4244 2480 4319 κεκλημένῃ,
2531 4245 2667 4320 πρὸς
2692 4245 2782 4299 τὸν
2816 4242 2987 4297 αἶ’τιον
3037 4242 3127 4296 xui
3162 4241 3335 4296 αὐτῶν
3361 4246 3469 4295 τῶν
3509 4238 3682 4294 ὄντων
3716 4242 3809 4295 καὶ

2146 4341 2246 4403 τῆς
2300 4334 2547 4407 γνώσεως
2596 4332 2769 4387 αὐτῶν
2812 4330 2982 4407 ἐχρῆν
3041 4329 3325 4405 ἀνάγεσθαι
3384 4328 3511 4389 τοὺς
3571 4326 3806 4397 ἀληθεῖς

2148 4421 2528 4499 φιλοσόφους.“
2562 4422 2663 4477 Καὶ
2708 4419 2795 4474 ’ίνα
2843 4421 2919 4492 μὴ
2950 4421 3050 4489 τὴν
3083 4416 3269 4473 ἄλλων
3299 4419 3333 4487 ἢ
3367 4418 3463 4485 τὴν
3496 4416 3665 4471 αὐτοῦ
3698 4439 3804 4472 πα-

2148 4512 2214 4586 ρά
2239 4513 2299 4566 τὸ
2332 4509 2523 4566 δοκοῦν
2567 4510 2917 4585 ἐξελέγχοιμι
2955 4506 3132 4580 δόξαν,
3185 4506 3292 4563 ἔδει
3325 4504 3556 4561 συνιδεῖν
3602 4506 3805 4563 Ἀπολ·

2147 4600 2417 4678 λοφάνηνδ
2439 4601 2601 4678 σοφὸν
2654 4597 2800 4670 ὅντα,
2849 4600 2924 4671 μὴ
2975 4598 3032 4652 ἃν
3085 4597 3271 4659 ἄλλως
3321 4597 3453 4651 ποτὶ
3494 4594 3798 4667 δυνηθῆναι

383 4683 526 4748 tem,
559 4686 866 4754 oportebat
896 4690 1356 4761 Apollophanem
1387 4711 1518 4749 cum
1554 4696 1631 4749 sit
1662 4698 1922 4766 sapiens,
1946 4698 2037 4751 in-

2152 4694 2240 4759 τῆς
2274 4691 2608 4767 οὐρανίαςξτι
2638 4695 3053 4765 παρατραπῆναι
3111 4690 3313 4760 τάξεως
3366 4687 3456 4741 xui
3506 4688 3796 4757 κινήσεως,

382 4769 648 4842 telligere
678 4775 823 4830 nihil
858 4795 1116 4849 unquam
1164 4781 1416 4836 caelestis
1474 4785 1698 4837 ordinis
1759 4791 1815 4839 et
1847 4792 2035 4841 motus

384 4857 686 4917 immutari
716 4864 887 4920 aliter
918 4867 1319 4937 potuisse,nisi
1344 4872 1416 4924 ab
1440 4888 1504 4926 eo
1534 4872 1651 4925 haec
1686 4889 1876 4927 rerum
1904 4892 2035 4929 mu-

379 4951 526 5006 tatio
560 4952 740 5018 fieret,
775 4955 873 5026 qui
935 4962 1155 5012 naturae
1189 4959 1375 5029 ipsius
1419 4969 1794 5017 conservator
1837 4970 1944 5030 est,
1978 4970 2035 5020 et

384 5046 610 5111 auctor,
643 5044 860 5115 quique
893 5046 1090 5101 omnia
1120 5052 1203 5113 (ut
1235 5064 1425 5103 sermo
1461 5049 1693 5106 diximls
1728 5052 1923 5125 habet)
1950 5055 2032 5109 Γίλ-

380 5128 458 5182 cit
486 5136 662 5203 atque
693 5138 1073 5192 transmutat.
1098 5140 1211 5193 Cur
1240 5154 1372 5202 ergo
1434 5156 1594 5207 eum,
1628 5158 1801 5212 quem
1837 5161 2030 5200 rerum

383 5222 650 5279 omnium
680 5226 860 5282 Deum
896 5244 1025 5283 esse
1059 5230 1583 5299 cognovimus,non
1618 5241 1946 5301 veneratur,
1978 5242 2035 5290 et

384 5310 457 5364 ob
492 5311 847 5372 ineli‘abilem
909 5320 1035 5388 ejus
1095 5320 1435 5390 potentiam,
1471 5339 1585 5391 qua
1612 5330 1818 5379 cuncta
1840 5331 2033 5380 creata

382 5404 543 5469 sunt,
578 5419 691 5457 non
743 5406 1107 5460 admiratur?
1155 5408 1638 5480 Quandoquidem
1674 5413 1759 5467 sol
1806 5420 1862 5467 et
1892 5414 2031 5470 luna

384 5504 502 5543 una
531 5506 666 5547 cum
700 5496 857 5549 omni
888 5495 1015 5551 cmli
1046 5497 1425 5552 conversione
1474 5516 1575 5570 per
1629 5502 1744 5556 vim
1796 5504 1869 5557 ab
1903 5504 2029 5574 ipso

381 5574 671 5635 immobili
704 5587 859 5639 statu
895 5584 1317 5640 incredibiliter
1338 5588 1659 5645 consistere
1683 5592 2028 5662 jussasunt,

383 5670 559 5739 atque
582 5672 652 5726 ad
689 5690 1025 5730 mensuram
1060 5676 1242 5730 totius
1300 5676 1413 5731 diei
1464 5678 1519 5731 in
1583 5680 1792 5736 iisdem
1845 5682 2030 5753 signis

382 5757 583 5815 omnia
614 5762 1274 5835 consistunt.»Etpaulo
1297 5769 1461 5835 post:
1490 5769 1804 5826 «Caeterum
1828 5771 1919 5827 dic
1939 5771 2023 5827 ei:

2145 4780 2189 4835 εί
2227 4784 2300 4853 μὴ
2332 4785 2422 4834 τόν
2453 4784 2548 4835 τοῦ
2580 4778 2898 4853 εἶναιαύτὴν
2930 4778 3019 4833 καὶ
3052 4778 3284 4851 συνοχέα
3312 4778 3401 4830 xui
3435 4773 3606 4829 αἴτιον
3639 4772 3796 4849 ἔσχεν

2145 4869 2219 4931 είς
2261 4875 2420 4924 τοῦτο
2469 4874 2751 4937 κινοῦντα,
2805 4869 2897 4923 τὸν
2943 4871 3199 4922 ποιοῦντα
3257 4867 3428 4920 πάντα
3484 4867 3569 4919 xui
3629 4885 3793 4937 μετα·

2146 4958 2490 5029 σκευάζοντα,
2524 4960 2659 5015 κατὰ
2705 4959 2797 5013 τὸν
2831 4958 2971 5032 ἱερὸν
3019 4956 3202 5031 λόγον.
3258 4960 3380 5017 Πῶς
3432 4952 3525 5009 οὖν
3559 4954 3620 5008 οὐ
3654 4950 3794 5008 σέϐει

2142 5050 2231 5104 τὸν
2266 5049 2604 5125 ἐγνωσμένον
2654 5052 2789 5122 ἡμῖν
2839 5048 2943 5102 κάκ
2983 5050 3079 5102 τοῦ
3130 5043 3285 5108 ὄντος
3332 5040 3460 5098 ὅντα
3504 5047 3614 5098 τῶν
3651 5043 3791 5097 ὅλων

2144 5141 2297 5210 Θεὸν,
2350 5140 2618 5215 ἀγάμενος
2672 5138 2828 5192 αὐτὸν
2859 5144 2959 5207 τῆς
3006 5134 3293 5191 παναιτίου
3336 5135 3424 5189 καὶ
3484 5132 3790 5209 ὑπεραρῥήο

2140 5253 2236 5287 του
2269 5229 2570 5303 δυνάμεως,
2604 5231 2727 5283 ὅταν
2770 5227 2931 5296 ἥλιος
2956 5227 3041 5281 ὑπ’
3073 5224 3241 5280 αὑτοῦ
3272 5226 3359 5280 xui
3391 5223 3623 5294 σελήνη,
3660 5220 3792 5276 κατα

2142 5318 2366 5393 δύναμιν
2425 5321 2514 5374 καὶ
2572 5319 2750 5373 στάσιν
2814 5318 3293 5394 ὑπερφυεστάτην,
3340 5317 3452 5387 ἅμα
3498 5318 3577 5384 τῷ
3633 5310 3785 5367 παντὶ

2139 5411 2273 5485 πρὸς
2319 5410 2380 5464 τὸ
2430 5411 2604 5479 πάντη
2656 5408 2912 5477 ἀκίνητον
2970 5405 3280 5479 ὁρίζωνται,
3334 5404 3423 5458 καὶ
3475 5402 3549 5464 ἐς
3597 5403 3784 5476 μέτρον

2138 5501 2347 5575 ἡμέρας
2397 5498 2533 5568 ὅλης
2579 5498 2662 5552 ἐπὶ
2714 5501 2821 5551 τῶν
2873 5495 3047 5550 αὐτῶν
3095 5494 3289 5549 ἐστῶσι
3346 5494 3413 5548 τά
3456 5498 3627 5547 πάντα
3684 5510 3778 5559 ση-

2142 5588 2341 5661 μείων;
2376 5613 2403 5642 ››
2439 5587 2535 5641 Καὶ
2571 5586 2703 5660 μετὰ
2738 5586 2967 5661 βραχέα·
3009 5605 3030 5634 α
3064 5584 3200 5641 Εἰπὲ
3231 5580 3287 5637 δὲ
3317 5582 3482 5653 αὐτῷ’
3511 5580 3580 5637 Τί
3612 5578 3782 5653 λέγεις

2135 5678 2259 5753 περὶ
2290 5685 2391 5746 τῆς
2422 5676 2472 5731 ἐν
2499 5681 2578 5746 τῷ
2607 5674 2865 5750 σωτηρίῳ
2899 5677 3111 5747 σταυρῷ
3140 5672 3421 5749 γεγονυίας
3453 5669 3739 5742 ἐκλείψεως
3764 5686 3778 5735 ;

2136 5767 2462 5844 Ἀμφοτέρω
2508 5766 2611 5842 γὰρ
2641 5765 2784 5834 τότε,
2833 5765 2969 5819 κατὰ
3015 5760 3376 5821 Ἡλιούπολιν
3432 5762 3543 5836 ἅμα
3584 5756 3776 5833 παρόν-
