4020 6358
226 412 319 465 629

1214 414 1409 479 VITA,
1450 414 1785 468 AUCTORE
1821 412 2193 466 MICHAELE
2231 414 2585 468 BYNGELO.

3503 408 3611 465 630

222 555 298 594 τες
324 554 377 587 τε
410 531 495 587 xui
526 535 871 602 συνεστῶτες,
919 529 1236 608 παραδόξως
1277 538 1356 606 τῷ
1398 533 1545 606 ἡλίῳ
1602 534 1699 602 τὴν
1758 554 1835 587 σε-

1957 534 2104 600 Quid
2137 535 2208 591 de
2238 534 2339 591 illo
2372 534 2511 592 solis
2546 535 2793 605 defectu,
2822 536 2917 608 qui
2953 553 3067 609 quo
3096 539 3361 608 tempore
3406 532 3609 589 Domi-

225 619 380 692 λήνην
412 619 775 694 ἐμπίπτουσαν
809 622 1087 697 ἑωρῶμεν·
1122 623 1208 693 (οὗ
1239 622 1339 699 γὰρ
1370 625 1437 692 ἧν
1473 620 1702 678 συνόδου
1732 644 1849 677 και-

224 709 305 784 ρός
332 714 345 779 )
372 708 516 772 αὖθίς
542 730 599 764 τε
629 709 793 778 αὐτὴν
820 711 923 765 ἀπὸ
953 709 1055 780 τῆς
1096 710 1320 779 ἐννάτης
1375 712 1518 786 ὥρας
1572 713 1703 786 ἄχρι
1750 718 1848 780 τῆς

224 800 430 874 ἑσπέρας
460 798 533 860 εἷς
562 799 624 852 τὸ
663 802 759 853 τοῦ
806 797 970 868 ἡλίου
1020 797 1307 873 διάμετρον
1370 801 1650 877 ὑπερφυῶς
1702 800 1847 854 ἀντι-

222 892 551 941 καταστᾶσαν.
588 888 927 959 Ἀνάμνησον
953 886 997 942 δ’
1029 885 1105 943 ἔτι
1136 887 1225 943 xui
1260 888 1439 965 ἕτερον
1497 889 1657 943 αὐτόν
1693 909 1704 922 ·
1740 886 1850 943 οἶδε

220 978 327 1052 γὰρ,
355 974 433 1036 ὅτι
463 976 549 1031 καὶ
579 979 677 1046 τὴν
712 972 991 1050 ἔμπτωσιν
1038 978 1203 1048 αὐτὴν
1247 979 1296 1049 ἐξ
1346 978 1628 1033 ἀνατολῶν
1679 978 1848 1054 ἑωρά-

218 1086 369 1138 καμεν
392 1065 714 1143 ἀρξαμένην,
747 1067 837 1121 καὶ
890 1069 1055 1143 μέχρι
1086 1072 1180 1122 τοῦ
1211 1067 1448 1137 ἡλιακοῦ
1481 1068 1711 1144 πέρατος
1758 1067 1849 1123 ἐλ-

218 1156 408 1223 Θοῦσαν,
460 1156 571 1210 εἶτα
631 1153 1030 1211 ἀναποδίσασαν
1065 1176 1076 1189 ·
1131 1155 1218 1211 καὶ
1275 1155 1429 1221 αὖθις
1487 1158 1589 1212 οὐκ
1640 1157 1697 1211 ἐκ
1750 1161 1848 1212 τοῦ

218 1242 363 1297 αὐτοῦ
415 1242 503 1298 καὶ
562 1245 662 1313 τήν
724 1239 1002 1318 ἔμπτωσιν
1054 1245 1141 1299 καὶ
1179 1247 1277 1315 τήν
1312 1245 1689 1321 ἀνακάθαρσιν,
1721 1246 1848 1301 ἀλλ’

215 1330 265 1385 ἐκ
286 1336 375 1386 τοῦ
404 1333 540 1387 κατά
570 1331 861 1407 διάμετρον
896 1332 1137 1388 ἐναντίου
1185 1336 1571 1410 γεγενημένην.
1607 1336 1850 1392 Τοιαῦτά

214 1418 310 1475 ἐστι
356 1424 447 1475 τοῦ
500 1420 625 1476 τότε
652 1425 844 1495 καιροῦ
872 1423 939 1476 τὰ
970 1423 1239 1500 ὑπερφυῆ,
1270 1426 1357 1478 καὶ
1413 1423 1565 1497 μόνῳ
1624 1426 1847 1498 Χριστῷ

210 1512 280 1580 τῷ
310 1509 571 1582 παναιτίῳ
621 1508 842 1581 δυνατὰ,
874 1516 955 1583 τῷ
996 1517 1245 1566 ποιοῦντι
1298 1514 1514 1588 μεγάλα
1557 1512 1646 1568 καὶ
1704 1512 1846 1583 ἐξαί-

212 1597 305 1666 σία,
336 1598 403 1651 ὧν
457 1599 556 1653 οὒκ
598 1594 738 1653 ἔστιν
793 1599 1043 1673 ἀριθμός.
1075 1605 1272 1669 Ταῦτα,
1306 1601 1351 1655 εἷ
1385 1603 1465 1656 σοὶ
1491 1602 1730 1674 θεμιτὸν,
1765 1601 1846 1655 εἲ-

208 1687 285 1755 πὶ,
314 1687 419 1755 καὶ,
450 1686 499 1741 εἷ’
530 1685 779 1757 δυνατόν,
814 1688 1250 1768 Ἀπολλόφανες,
1280 1688 1532 1766 ἐξέλεγχε
1574 1692 1661 1745 καὶ
1708 1692 1845 1765 πρὸς

209 1775 292 1847 ἐμὲ
336 1775 424 1830 τὸν
473 1777 599 1831 τότε
656 1777 745 1832 καὶ
803 1780 1158 1853 συμπαρόντα
1188 1801 1294 1852 σοι,
1326 1781 1417 1835 καὶ
1447 1775 1842 1857 συνεωρακότα,

206 1864 281 1918 xui
309 1866 752 1939 συνανακρίνοντα
778 1868 972 1935 πάντα,
1006 1868 1095 1922 καὶ
1130 1870 1518 1945 συναγάμενον.
1553 1893 1582 1921 ››

1961 640 2074 678 nus
2098 623 2155 679 in
2188 641 2421 680 crucem
2456 629 2625 681 actus
2643 630 2751 693 est,
2786 623 3189 697 contigit,ais?
3221 623 3408 680 Ambo
3448 622 3606 678 enim

1959 729 2093 767 cum
2128 717 2277 785 apud
2297 713 2643 786 Heliopolim
2661 719 2978 785 prasentes
3002 712 3175 769 simul
3200 716 3607 768 essemustum

1958 801 2155 857 lunam
2183 803 2291 859 soli
2324 804 2553 859 obviam
2589 803 2942 858 mirabiliter
2974 806 3182 857 iactam
3214 802 3427 873 (neque
3453 799 3608 855 enim

1958 907 2282 947 concursus
2313 898 2547 964 tempus
2579 898 2742 962 erat),
2768 897 2824 948 et
2855 893 3120 948 eamdem
3153 908 3357 945 rursus
3377 889 3606 945 abhora

1956 998 2109 1036 nona
2140 999 2323 1053 usque
2355 983 2425 1037 ad
2464 999 2764 1054 vesperam
2789 1000 2819 1037 e
2851 984 3086 1055 regione
3109 980 3249 1036 solis
3274 978 3601 1051 perdiame-

1954 1074 2111 1126 trum
2157 1071 2582 1127 incredibiliter
2612 1072 2940 1144 appositam
2974 1070 3285 1142 persistere
3324 1068 3601 1124 cerneba-

1956 1177 2111 1216 mus.
2144 1162 2428 1217 Caaterum
2452 1166 2510 1216 et
2540 1162 2697 1217 aliud
2733 1162 3017 1232 quiddam
3058 1161 3236 1231 hujus
3286 1157 3516 1232 generis
3542 1157 3601 1212 in

1958 1252 2302 1306 memoriam
2335 1250 2494 1306 illius
2526 1251 2872 1306 revoca.Nos
2904 1250 3061 1306 enim
3084 1249 3260 1321 (quod
3287 1249 3478 1319 ipsum
3503 1246 3602 1301 ille

1958 1357 2190 1411 quoque
2220 1341 2401 1412 novit)
2432 1345 2489 1396 et
2536 1356 2847 1396 occursum
2897 1340 3094 1411 ipsum
3128 1339 3200 1394 ab
3232 1337 3464 1393 Oriente
3493 1352 3604 1392 caa-

1956 1429 2135 1500 pisse,
2167 1434 2225 1484 et
2250 1430 2321 1484 ad
2355 1429 2565 1485 solaris
2592 1428 2852 1500 corporis
2911 1428 3085 1483 ﬁnem
3147 1426 3500 1499 pervenisse,
3534 1440 3601 1479 ac

1956 1519 2193 1573 demum
2227 1520 2538 1590 repedasse
2570 1519 2843 1575 vidimus.
2879 1522 3226 1589 Rursusque
3257 1534 3371 1573 non
3394 1516 3600 1572 eadem

1953 1624 2019 1662 ex
2052 1613 2236 1680 parte,
2261 1610 2362 1663 sed
2388 1625 2419 1662 θ
2455 1609 2695 1680 regione
2727 1625 2831 1679 per
2851 1607 3205 1662 diametrum
3230 1610 3287 1661 et
3319 1621 3601 1662 occursus

1954 1700 2011 1751 et
2041 1696 2219 1751 ablati
2254 1696 2501 1752 luminis
2534 1697 2824 1752 restitutio
2855 1698 3010 1752 facta
3040 1700 3149 1751 est.
3184 1696 3313 1750 Haec
3360 1700 3479 1750 tam
3519 1695 3605 1749 in-

1954 1786 2151 1854 gentia
2177 1790 2233 1839 et
2263 1784 2635 1840 incredibilia
2664 1790 2787 1840 tum
2820 1784 3602 1857 temporisacciderunt,qua3

1958 1872 2229 1929 Christus
2262 1874 2527 1929 omnium
2562 1879 2787 1940 auctor,
2813 1874 2912 1945 qui
2947 1890 3158 1945 magna
3178 1878 3234 1927 et
3254 1872 3604 1927 admiranda

203 1955 345 2021 facit,
373 1973 501 2026 quae
531 1958 891 2014 dinumerari
928 1966 1529 2031 nequeunt,prasstare
1563 1960 1727 2017 solus
1778 1963 2171 2031 potestzhrec,
2198 1963 2438 2034 inquam
2504 1964 2608 2031 (id,
2671 1962 2720 2018 si
2775 1964 2903 2033 tibi,
2964 1963 3298 2035 Polycarpe,
3349 1960 3600 2027 licuerit,

202 2042 273 2097 illi
304 2045 495 2117 dicito)
527 2051 586 2101 et
615 2047 663 2102 si
696 2047 819 2102 ﬁeri
851 2054 1061 2120 potest,
1098 2050 1551 2122 Apollophanes,
1579 2051 1701 2105 haec
1734 2051 2004 2106 falsitatis
2036 2069 2237 2125 argue,
2284 2059 2341 2108 et
2390 2052 2632 2123 quidem
2692 2056 2895 2108 contra
2947 2068 3038 2107 me
3090 2050 3191 2123 qui
3249 2056 3376 2105 tum
3408 2054 3600 2105 tecum

202 2133 438 2202 aderam,
472 2136 771 2207 simulque
800 2138 997 2193 omnia
1023 2142 1214 2194 tecum
1252 2139 1551 2211 perpendi,
1584 2145 1642 2195 et
1670 2156 1802 2194 cum
1835 2140 2223 2196 admiratione
2254 2142 2529 2213 spectavi.
2556 2162 2583 2191 ι)

271 2236 479 2293 Παύλου
508 2238 692 2295 τοίνυν
726 2240 948 2304 στάντος
981 2241 1032 2296 ἐν
1081 2241 1229 2315 μέσῳ
1270 2248 1368 2298 τοῦ
1400 2244 1616 2319 Ἀρείου
1668 2244 1835 2316 πάγου

2019 2250 2164 2303 Cum
2196 2247 2380 2319 igitur
2412 2247 2625 2303 Paulus
2657 2248 2716 2303 in
2752 2247 3014 2303 medium
3037 2245 3321 2317 AreOpagi
3348 2242 3602 2316 prodiis-

201 2325 278 2379 xui
328 2326 915 2403 παῤῥησιαστικώτατα
971 2329 1424 2405 διαγορεύσαντος
1456 2354 1468 2366 ·
1534 2356 1562 2385 ι(
1618 2330 1842 2407 Ἄνδρες

200 2418 482 2485 Ἀθηναῖοι,
512 2420 656 2473 κατά
712 2422 884 2474 πάντα
929 2419 1002 2482 ὡς
1054 2417 1648 2496 δεισιδαιμονεστέρους
1702 2421 1843 2493 ὑμᾶς

202 2509 369 2579 Θεωρῶ
402 2525 414 2537 ·
466 2504 829 2583 διερχόμενος
884 2510 983 2585 γὰρ
1036 2510 1125 2564 καὶ
1186 2511 1505 2586 ἀναθεωρῶν
1560 2511 1628 2565 τά
1683 2506 1839 2564 σεϐα-

200 2613 355 2666 σματα
403 2595 585 2669 ὑμῶν,
621 2598 779 2674 εὗρον
822 2600 911 2652 καὶ
962 2599 1151 2675 βωμὸν
1210 2598 1263 2653 ἐν
1323 2598 1368 2672 ᾧ
1426 2598 1787 2676 ἐπεγέγραπτο
1822 2619 1834 2633 ·

199 2683 468 2759 Ἀγνώστῳ
525 2691 668 2758 Θεῷ.
714 2689 808 2745 Ὃν
858 2686 951 2743 οῦν
1003 2689 1322 2762 ἀγνοοῦντες
1371 2685 1659 2761 εὐσεϐεῖτε,
1712 2693 1837 2743 τοῦ·

200 2791 280 2825 τον
309 2773 412 2847 ἐγὼ
436 2774 802 2850 καταγγέλλω
835 2777 961 2849 ὑμῖν
998 2799 1011 2811 ο
1048 2802 1075 2828 ››
1110 2779 1208 2832 Καὶ
1237 2780 1337 2847 τήν
1396 2779 1518 2851 ἑξῆς
1548 2778 1833 2855 Θεηγορίαν

201 2857 462 2932 διεξιόντος
518 2866 726 2919 ἅπασαν
764 2885 777 2899 ο
843 2864 1036 2928 εὐθέως
1092 2868 1247 2930 οὗτος
1305 2869 1332 2922 ὁ
1390 2869 1836 2941 θαυμασιώτατος

197 2950 335 3025 ἀνὴρ,
366 2953 438 3015 ὡς
470 2953 762 3030 οὐρανόθεν
826 2952 1248 3030 διηγορευμένον
1278 2957 1369 3012 τὸν
1407 2956 1572 3032 λόγον
1608 2955 1834 3029 δεξάμε-

196 3062 296 3109 νος,
346 3039 709 3108 ἀδιάσπαστος
764 3044 927 3099 αὐτοῦ
974 3045 1193 3120 γέγονεν
1253 3045 1475 3110 ὀπαδός.
1545 3048 1648 3104 Καὶ
1701 3052 1829 3101 πᾶσι

200 3130 282 3200 μὲν
338 3128 501 3206 ἄρδην
557 3138 678 3195 τοῖς
734 3131 1085 3203 Ἑλληνικοῖς
1145 3135 1355 3211 ὀργίοις
1400 3158 1459 3191 τε
1488 3137 1577 3190 καὶ
1612 3141 1835 3209 θεσμοῖς

197 3218 557 3292 ἀποτάσσεται,
607 3221 697 3276 καὶ
753 3223 1008 3279 παντοίαν
1062 3221 1400 3298 δαιμονιώδη
1461 3224 1674 3296 πλάνην
1734 3248 1833 3298 μ.)-

197 3309 418 3364 σάττεται
453 3330 466 3343 ·
528 3312 633 3380 τήν
720 3311 970 3388 οὐράνιον
1033 3311 1090 3368 δὲ
1144 3314 1433 3387 μαθητείαν
1492 3314 1833 3389 μετέρχεται,

195 3397 273 3449 καὶ
301 3404 667 3475 στοιχειοῦται
712 3407 833 3463 ταῖς
875 3407 981 3456 τῶν
1038 3402 1212 3477 ὀρθῶν
1265 3401 1550 3477 δογμάτων
1600 3404 1691 3459 καὶ
1734 3411 1834 3473 τῆς

197 3483 526 3562 εὖαγγελικῆς
560 3487 915 3553 διδασκαλίας
945 3494 1345 3567 στοιχειώσεσι,
1377 3494 1466 3548 καὶ
1522 3494 1620 3562 τήν
1674 3494 1833 3566 ἀμώ-

201 3594 354 3645 μητον
394 3576 574 3633 πίστιν
609 3576 1000 3652 ἐκδιδάσκεται,
1033 3582 1122 3635 καὶ
1181 3585 1248 3655 τῇ
1297 3586 1395 3636 τοῦ
1421 3586 1694 3651 ζωοποιοῦ
1733 3583 1824 3657 βαρ
1864 3619 1910 3685 c

201 3683 229 3685 κ
266 3664 276 3685 Ι
542 3668 556 3685 9
902 3673 926 3684 υ
1085 3670 1104 3685 \
1205 3667 1233 3685 ο
1259 3674 1303 3685 ,Α
1598 3670 1609 3685 Ι

197 3664 493 3747 πτίσματος
530 3668 929 3744 ἀνα-γεννητικῇ
1014 3667 1379 3745 κολυμϐήθρᾳ
1447 3670 1831 3747 προσέρχεται,

197 3753 273 3806 καὶ
300 3755 383 3809 τὸν
418 3752 746 3834 διεφθαρότα
776 3759 1008 3813 παλαιὸν
1060 3757 1343 3834 ἄνθρωπον
1398 3758 1711 3829 ἀποδύεται,
1744 3762 1834 3815 καὶ

197 3845 401 3915 Χριστὸν
457 3846 644 3915 αὐτὸν,
680 3848 770 3901 τὸν
827 3856 929 3917 τῆς
964 3853 1108 3917 ζωῆς
1140 3849 1411 3925 ἀρχηγὸν,
1446 3848 1708 3921 ἐνδύεται,
1742 3849 1833 3904 καὶ

198 3927 599 4004 ἀναπλάττεται,
630 3936 719 3989 xui
753 3936 868 3989 ἀντὶ
924 3933 1126 3991 δούλου
1168 3942 1406 4015 φθαρτοῦ
1448 3938 1537 3992 xui
1593 3946 1834 4012 φθαρτῆς

197 4022 372 4095 σαρκὸς
400 4025 540 4093 υἱοῦ,
576 4031 678 4093 τῆς
729 4023 979 4080 ἀκτίστου
1038 4026 1129 4081 καὶ
1184 4027 1481 4101 ἀφθάρτου,
1514 4028 1831 4081 πανταιτίου

194 4127 243 4162 τε
267 4112 349 4165 xui
396 4112 817 4188 παντεργέτιδος
865 4116 1162 4187 ὁμοουσίου
1223 4114 1547 4187 δεσποτικῆς
1594 4114 1832 4193 Τριάδος

196 4198 295 4260 υἱὸς
334 4200 555 4273 γίνεται,
593 4203 683 4257 καὶ
736 4203 1136 4281 ἀφθαρτίζεται,
1170 4206 1259 4260 καὶ
1305 4207 1368 4261 τὸ
1411 4211 1518 4261 τῶν
1573 4204 1831 4284 ὀφλημά-

195 4305 285 4340 των
312 4292 556 4365 χάρισμα
587 4293 892 4364 κομίζεται,
922 4295 1007 4348 καῖ
1040 4294 1107 4348 τὰ
1143 4302 1241 4363 τῆς
1293 4294 1598 4369 ἐλευθερίας
1654 4297 1831 4359 υἱοθε-

194 4374 293 4438 σίας
343 4400 399 4435 τε
454 4381 545 4436 καὶ
604 4378 918 4444 δεσποτείας
974 4382 1340 4461 φωτεινότατα
1399 4378 1651 4456 σύμϐολα
1703 4405 1830 4456 μετ-

197 4469 522 4544 αμφιέννυται
556 4515 571 4541 ,
630 4469 720 4525 καὶ
802 4475 899 4525 τοῦ
981 4471 1193 4527 τελείου
1277 4472 1616 4542 καταξιοῦται
1651 4517 1664 4543 ,
1737 4473 1826 4527 καὶ

193 4559 295 4618 τοῖς
327 4561 420 4612 τοῦ
450 4558 636 4637 φωτὸς
668 4557 863 4622 ὅπλοις
897 4561 1271 4636 θωρακίζεται,
1303 4560 1395 4617 καὶ
1423 4560 1489 4616 τὰ
1519 4560 1831 4616 τελεώτατα

194 4650 280 4711 τῆς
307 4646 566 4704 ἀνωτάτω
600 4648 789 4725 σοφίας
825 4656 1253 4726 μυσταγωγεῖται
1307 4652 1597 4727 μυστήρια.
1630 4651 1828 4704 Ἀπεν-

194 4736 353 4797 τεῦθεν
389 4734 496 4808 ἤδη
530 4736 777 4813 πρόεισιν
837 4737 925 4792 ἐπὶ
950 4740 1050 4808 τήν
1080 4744 1176 4794 τοῦ
1204 4738 1535 4813 ἀμπελῶνος
1563 4738 1825 4813 καλλιερο

195 4821 317 4895 γίαν,
355 4827 441 4879 xui
472 4833 575 4896 τῆς
603 4831 710 4882 τῶν
762 4826 1127 4903 εὐαγγελικῶν
1171 4827 1520 4902 ἐνταλμάτων
1580 4828 1827 4904 ἐργασίας

200 4909 418 4985 ἅπτεται,
448 4917 540 4971 καὶ
598 4916 696 4985 τὴν
757 4917 1207 4995 ἀγγελομίμητον
1263 4919 1464 4991 μέτεισι
1523 4918 1824 4993 πολιτείαν,

1953 2340 2061 2403 set,
2094 2353 2161 2392 ac
2191 2337 2351 2391 omni
2394 2352 2527 2391 cum
2574 2336 2787 2391 ﬁducia
2844 2335 3093 2407 loquens
3125 2336 3380 2389 diceret:
3419 2356 3448 2384 «
3478 2332 3603 2388 Viri

1950 2425 2428 2493 Athenienses,in
2452 2426 2728 2481 omnibus
2752 2432 3035 2496 tanquam
3070 2442 3135 2479 su
3148 2422 3601 2496 perstitiosiores

1951 2530 2052 2569 vos
2079 2514 2245 2570 video
2270 2532 2283 2570 :
2320 2514 2656 2586 praeteriens
2680 2515 2861 2583 enim,
2885 2519 2943 2569 et
2972 2514 3167 2569 cultus
3207 2517 3432 2569 vestros
3462 2528 3599 2567 con-

1948 2603 2263 2675 templans,
2299 2621 2461 2659 aram
2515 2620 2749 2675 quoque
2779 2604 2964 2674 reperi
2996 2602 3055 2657 in
3106 2619 3220 2672 qua
3249 2600 3599 2672 inscriptum

1947 2698 2108 2747 erat:
2142 2694 2333 2762 Ignoto
2363 2694 2489 2750 Deo.
2548 2693 2728 2756 Quem
2766 2692 2945 2764 igitur
3001 2693 3340 2764 ignorantes
3379 2689 3595 2757 colitis,

1948 2782 2102 2837 hunc
2136 2799 2240 2854 ego
2271 2783 2436 2838 vobis
2478 2782 2790 2838 annuntio.
2827 2804 2855 2831 »
2880 2781 3145 2851 Cumque
3184 2779 3404 2834 Paulus
3444 2778 3595 2834 367

1937 2887 2173 2926 omnem
2198 2871 2455 2926 divinam
2481 2873 2822 2927 concionem
2866 2869 3597 2942 percurrisset,contestim

1941 2960 2033 3016 vir
2065 2962 2159 3016 hic
2192 2963 2446 3017 maxime
2478 2961 2917 3033 suspiciendas,
2944 2960 3102 3015 hunc
3125 2974 3452 3015 sermonem
3476 2963 3602 3013 tan-

1949 3067 2127 3123 quam
2161 3050 2824 3106 ccslitusannuntiatum
2852 3049 3111 3122 suscepit
3136 3048 3599 3118 individuusque

1948 3140 2076 3208 ejus
2110 3144 2435 3194 assectator
2464 3140 2706 3193 effectus
2737 3143 2847 3194 est.
2898 3141 2977 3193 Ac
3023 3137 3301 3193 omnibus
3358 3136 3599 3205 quidem

1947 3228 2247 3300 mysteriis
2261 3228 2559 3299 simulque
2591 3228 2801 3282 ritibus
2832 3226 3090 3298 profanis
3113 3226 3388 3280 nuntium
3409 3224 3601 3280 remit-

1945 3316 2497 3388 tens,multiplicem
2541 3316 2870 3371 daemonum
2894 3332 3151 3371 errorem
3183 3315 3593 3382 detestatur,et

1946 3407 2237 3462 cmlestem
2266 3405 2640 3477 disciplinam
2669 3403 3111 3475 capessit.Veraa
3136 3405 3274 3458 item
3292 3401 3595 3474 religionis

1946 3495 2256 3565 institutis,
2291 3493 2765 3566 Evangelicazque
2786 3494 3068 3549 doctrinae
3098 3492 3267 3563 quasi
3288 3490 3593 3547 elementis

1947 3585 2233 3639 imbuitur
2254 3582 3066 3653 etiniormatur,inculpatam
3094 3582 3268 3637 ﬁdem
3293 3581 3591 3650 edocetur,

1946 3679 2003 3730 et
2032 3675 2102 3729 ad
2136 3673 2432 3728 lavacrum
2467 3672 2865 3743 baptismatis,
2899 3687 3014 3742 quo
3041 3686 3475 3742 regeneramur,
3500 3669 3587 3724 vi-

1942 3767 2184 3834 tamque
2216 3763 2559 3833 recipimus,
2592 3760 2835 3829 accedit,
2871 3765 2929 3816 et
2949 3765 3201 3816 veterem
3247 3763 3589 3829 corruptum

1943 3852 2237 3908 hominem
2271 3852 2450 3921 exuit,
2467 3852 2783 3924 ipsumque
2804 3850 3103 3906 Christum
3123 3850 3251 3904 vitae
3274 3865 3474 3904 amore
3496 3849 3589 3902 in-

1944 3943 2128 3997 duens
2153 3942 2524 4011 reformatur,
2557 3945 2614 3995 et
2637 3957 2738 4012 pro
2774 3956 2937 3995 servo
2970 3943 3263 4009 corrupto,
3296 3943 3351 3992 et
3386 3954 3585 3992 corru-

1943 4036 2052 4103 ptae
2084 4030 2277 4086 carnis
2311 4031 2451 4097 ﬁlio,
2484 4030 2752 4084 increatae
2791 4032 2849 4082 et
2878 4028 3229 4097 incorruptae
3259 4024 3586 4095 Trinitatis,

1942 4122 2327 4191 ejusdemque
2350 4118 2895 4186 substantia,cujus
2919 4116 3181 4188 potentia
3204 4120 3414 4169 cuncta
3432 4115 3590 4170 edita

1942 4215 2101 4275 sunt,
2136 4214 2193 4264 et
2223 4207 2605 4272 creata,ﬁlius
2635 4205 2912 4273 efﬁcitur,
2937 4209 3113 4274 atque
3146 4203 3215 4257 ad
3244 4201 3588 4258 immortali-

1940 4303 2148 4364 tatem,
2208 4300 2479 4368 percepta
2534 4294 2864 4348 debitorum
2924 4309 3164 4348 suorum
3219 4292 3584 4357 remissione,

1937 4387 2325 4450 transcendit,
2355 4384 2664 4451 libertatis,
2697 4382 3052 4454 adoptionis,
3085 4379 3403 4452 herilisque
3434 4386 3587 4451 pote-

1940 4475 2108 4531 statis
2136 4473 2420 4547 symbolis
2467 4472 2817 4529 clarissimis
2857 4470 3236 4539 convestitur,
3269 4475 3327 4525 et
3371 4468 3587 4541 dignus

1939 4565 2036 4634 qui
2060 4564 2214 4619 inter
2242 4562 2532 4634 perfectos
2563 4559 3091 4628 censeatur,armis
3123 4559 3271 4615 lucis
3302 4560 3582 4625 munitur,

1939 4659 1995 4710 et
2023 4652 2469 4726 perfectissimis
2500 4649 2841 4706 celsissimae
2891 4649 3194 4720 sapientiae
3226 4647 3457 4703 arcanis
3478 4648 3585 4703 ini-

1937 4745 2135 4799 tiatur.
2171 4742 2318 4796 Hinc
2342 4742 2413 4795 ad
2447 4739 2903 4810 pulcherrimam
2933 4736 3113 4791 vinea:
3136 4735 3425 4791 culturam
3445 4752 3582 4807 pro-

1936 4834 2108 4901 cedit,
2134 4829 2507 4901 disciplinam
2548 4827 2940 4898 evangelicum
2992 4826 3161 4880 factis
3219 4824 3579 4895 exsequitur,

1934 4921 2165 4976 vivendi
2191 4919 2531 4974 institutum
2557 4935 2658 4988 par
2680 4914 2900 4985 angelis
2923 4913 3345 4985 aggreditur,et
3364 4912 3422 4966 in
3446 4912 3578 4967 Hie-

195 5000 271 5053 xui
321 5012 440 5079 παρ’
491 5006 739 5081 Ἰεροθέῳ
934 4986 1227 5081 θεολήτπτῳ
1263 4986 1442 5083 ’φοιτᾷ
1486 4986 1823 5084 καθηγεμόνι

1947 5010 2121 5068 rothci
2158 5009 2353 5065 divino
2378 4986 2620 5062 numine
2641 5004 2824 5060 afﬂati
2848 5001 3220 5074 praeceptoris
3243 5001 3441 5070 sui(de
3464 5017 3578 5071 quo

196 5089 270 5159 (οὗ
312 5092 396 5147 καὶ
443 5091 513 5149 δι’
538 5095 825 5172 ἐγκωμίων
867 5095 1027 5160 αὐτὸς
1061 5096 1112 5151 ἐν
1143 5104 1259 5160 τοῖς
1289 5097 1629 5173 θεολογεκοῖς
1662 5098 1824 5153 αὐτοῦ

201 5177 450 5251 μέμνηται
500 5184 934 5260 συγγράμμασιῆ
971 5188 1060 5240 καὶ
1105 5192 1221 5248 τοῖς
1270 5187 1405 5241 κατὰ
1453 5188 1579 5241 Θεὸν
1634 5184 1825 5258 διαϐή-

201 5288 313 5337 μασι
339 5273 733 5348 καταροίζεται.

258 5378 390 5451 Πρὸς
433 5377 489 5434 δὲ
533 5379 660 5444 τοὺς
705 5388 804 5450 τῆς
853 5380 1160 5456 ἐγκρατείας
1212 5384 1298 5436 καὶ
1360 5383 1635 5452 ἀσκήσεως
1682 5384 1821 5458 ἀγῶ-

197 5484 277 5526 νας
299 5473 487 5543 χωρεῖ,
520 5469 609 5523 καὶ
656 5474 825 5524 πᾶσαν
872 5477 1107 5526 ποιεῖται
1155 5468 1392 5544 κομιδὴν
1441 5478 1540 5539 τῆς
1569 5477 1664 5525 τοῦ
1716 5470 1823 5527 8d)-

202 5570 283 5624 ρου
311 5559 612 5631 τηρήσεως,
642 5557 731 5612 καὶ
760 5563 841 5631 τῷ
871 5556 1239 5635 δεδωρημένῳ
1294 5558 1485 5635 δοτῆρι
1532 5564 1642 5615 τῶν
1687 5561 1824 5616 ἐάων

203 5644 427 5717 καρποὺς
473 5646 736 5722 ἐπείγεται
783 5648 1099 5725 προσοίσειν
1143 5655 1243 5718 τῆς
1273 5648 1648 5724 ἀγαθαρχικῆς
1694 5650 1823 5705 ἐπα-

204 5729 330 5801 ξίους
356 5733 703 5811 ἀγαθότητος,
733 5737 823 5793 καὶ
853 5738 989 5814 πρὸς
1009 5738 1099 5794 τὸν
1128 5734 1424 5794 ἀντίπαλον
1477 5745 1579 5810 τῆς
1626 5740 1822 5814 ἡμετέ-

1935 5102 2061 5173 ipse
2093 5115 2325 5170 quoque
2356 5097 2414 5151 in
2467 5094 2813 5167 theologicis
2867 5092 3103 5161 scriptis
3160 5106 3397 5144 summa
3443 5105 3577 5145 cum

1934 5191 2108 5246 laude
2144 5187 2499 5242 mentionem
2550 5184 2706 5253 facit)
2766 5179 3136 5252 disciplinam
3185 5195 3246 5234 se
3289 5179 3492 5251 tradit,
3522 5184 3579 5235 et

1936 5280 2199 5351 ejusdem
2232 5275 2444 5355 divinis
2478 5270 2949 5328 institutionibus
2981 5266 3268 5325 eruditur.

2008 5388 2181 5441 Porro
2213 5384 2270 5437 in
2298 5381 2619 5437 exercenda
2669 5376 3031 5433 continentia
3054 5374 3377 5447 plurimum
3400 5377 3576 5433 desu-

1935 5477 2418 5542 dat,omnemque
2449 5486 2647 5524 curam
2675 5468 2732 5521 in
2757 5484 2823 5522 eo
2855 5467 2983 5537 ipso
3005 5466 3155 5520 dono
3174 5470 3575 5523 conservando

1934 5563 2246 5633 impendit,
2280 5564 2336 5615 et
2366 5560 2591 5613 fructus
2618 5556 2881 5611 bonitate
2926 5555 3219 5625 praecipua
3247 5554 3457 5626 dignos
3490 5557 3575 5611 af-

1938 5654 2089 5708 ferre
2113 5649 2371 5722 gratioso
2417 5648 2700 5702 donorum
2738 5642 3001 5715 largitori
3051 5648 3313 5698 conatur.
3363 5646 3575 5700 Contra

1934 5742 2061 5797 vitae
2093 5757 2157 5795 ac
2188 5737 2397 5794 salutis
2438 5741 2652 5791 nostrae
2683 5732 3083 5789 adversarium
3115 5730 3390 5787 decertat.
3426 5731 3570 5795 Edo-
