4020 6358
372 404 471 459 631

1617 408 1675 460 S.
1716 404 2029 459 DIONYSII
2070 400 2552 457 ARBOPAGITE

3680 399 3792 454 632

378 534 509 585 ctus
534 532 623 584 est
652 529 806 584 enim
841 528 1138 599 quomodo
1196 545 1300 600 per
1354 528 1795 585 immersionem
1819 528 1878 582 in
1898 527 2020 583 Jor-

2135 543 2231 595 ρας
2268 528 2411 592 ζωῆς
2464 523 2554 576 καὶ
2599 520 2871 596 σωτηρίας
2928 518 3345 595 ἀνταγωνίζεται
3380 538 3393 551 ·
3431 524 3793 597 μεμυσταγώ-

378 620 532 674 dane
565 618 808 673 ﬂumine
838 618 1058 689 peccati
1090 619 1243 688 quod
1269 618 1340 673 ab
1359 620 1581 673 Adamo
1600 617 2020 686 contraximus,

377 712 433 762 et
460 714 683 762 natura;
716 706 978 762 mortalis
1012 708 1543 780 purgatione,quod
1576 708 1864 771 muneris,
1899 705 2023 776 ipse

378 798 474 868 qui
508 796 752 851 lavacris
787 814 902 851 non
934 797 1255 868 indigebat,
1290 797 1568 853 innocens
1612 803 1667 851 et
1713 801 2020 868 purgatus,

376 886 546 941 nobis
592 886 915 957 impertivit
954 904 1147 941 rerum
1183 887 1441 941 omnium
1500 893 1725 951 auctor,
1762 884 2024 956 provisor

376 976 717 1046 unigenitus
733 976 833 1030 Dei
856 976 1058 1043 Filius,
1081 976 1337 1030 Verbum
1364 975 1487 1039 Dei,
1511 976 1664 1045 quod
1699 990 1831 1028 cum
1856 977 2024 1026 Patre

374 1064 664 1135 principio
687 1065 1319 1135 caret,sempiternum,
1346 1065 1726 1135 ejusdemque
1748 1062 2025 1117 substan-

377 1152 778 1225 tiae,splendor
797 1152 1078 1225 gloriae,et
1101 1155 1285 1208 forma
1307 1170 1433 1225 quas
1450 1152 1593 1207 nihil
1627 1170 1659 1206 a
1689 1150 1866 1207 Patris
1890 1150 2026 1204 sub-

381 1243 602 1297 stantia
630 1242 843 1297 difI‘ert.
877 1243 984 1308 Qui
1017 1259 1150 1297 cum
1185 1243 1485 1298 hominem
1528 1245 1698 1313 juxta
1730 1240 2026 1313 propriam

380 1331 700 1403 imaginem
731 1331 1247 1387 etsimililudinem
1270 1332 1821 1401 condidisset,isque
1845 1328 2027 1383 invidi

382 1420 569 1476 hostis
600 1420 854 1488 insidiis,
889 1422 989 1492 qui
1014 1427 1315 1492 peccatum
1351 1422 1409 1477 in
1443 1422 1641 1477 orbem
1682 1420 1908 1492 primus
1938 1418 2030 1471 in-

383 1511 556 1579 vexit,
590 1527 654 1564 ac
678 1510 939 1565 mulieris
982 1511 1217 1566 hortatu
1249 1511 1482 1566 Domini
1514 1515 1867 1581 praceptum
1891 1524 2033 1562 con-

387 1599 747 1670 tempsisset,
771 1600 922 1655 368
954 1605 1011 1655 et
1043 1605 1281 1672 peccato
1316 1600 1581 1672 pollutus
1622 1603 1691 1654 ad
1722 1597 2029 1653 interitum

385 1689 696 1760 prolapsus
730 1694 903 1757 esset,
938 1707 1053 1744 non
1086 1690 1256 1743 illum
1286 1690 1574 1760 despexit,
1607 1690 1706 1743 scd
1742 1704 2032 1759 propensa

382 1779 572 1833 Patris
602 1778 927 1845 affectione,
971 1779 1267 1849 simulque
1320 1779 1378 1832 iu
1420 1779 1528 1833 hoc
1574 1777 1793 1848 Spiritu
1829 1780 2029 1829 sancto

378 1867 1000 1934 adnitente,ineffabili
1036 1868 1426 1922 humanitatis
1460 1867 1725 1921 ubertate
1757 1882 1825 1919 ex
1848 1872 2030 1936 paler-

380 1957 474 2011 nis
506 1956 737 2011 sinibus
767 1956 1069 2010 descendit
1094 1973 1105 2009 :
1129 1958 1284 2010 unde
1306 1956 1567 2011 tamenis
1596 1973 1710 2009 non
1735 1954 2027 2019 discessit,

386 2045 486 2116 qui
510 2045 709 2099 omnia
732 2045 954 2115 implet,
995 2062 1027 2099 a
1052 2045 1216 2099 nulla
1247 2061 1307 2099 re
1365 2044 1872 2115 circumscriptus,
1896 2058 2029 2096 cum

380 2135 701 2189 descensus
725 2134 961 2189 divinus
997 2151 1111 2189 non
1141 2151 1209 2189 ex
1240 2134 1351 2189 loci
1384 2134 1708 2189 mutatione
1738 2132 2030 2203 intelliga-

379 2223 887 2295 tur.ApagelQua
934 2224 1089 2279 enim
1124 2224 1350 2279 ratione
1398 2224 1753 2279 descendere
1802 2223 1853 2277 is
1897 2238 2032 2293 pos-

387 2316 497 2378 set,
532 2313 631 2383 qui
664 2316 722 2367 et
754 2328 994 2383 corpore
1017 2318 1269 2381 caret,et
1302 2312 1462 2368 nullo
1512 2312 1744 2367 deﬁniri
1794 2316 1893 2365 aut
1949 2309 2037 2363 in-

390 2401 574 2473 telligi
610 2405 777 2473 pacto
809 2402 1050 2473 potest?
1080 2403 1186 2457 Sed
1221 2418 1285 2457 ea
1308 2402 1551 2467 ratione,
1584 2419 1710 2473 quae
1734 2399 2038 2456 conveniat

392 2490 530 2546 Deo.
564 2491 909 2545 Exinanitur
929 2491 1084 2546 enim
1117 2493 1188 2547 ad
1221 2492 1391 2546 breve
1424 2495 1657 2562 tempus
1679 2489 1877 2545 divina
1910 2488 2037 2560 glo-

393 2583 479 2636 ria
508 2597 577 2636 ex
603 2580 1137 2652 dispensatione,ut
1159 2599 1249 2637 me
1279 2600 1386 2637 sua
1418 2580 2036 2653 impleretdivinitate,

384 2688 451 2726 ac
483 2671 635 2725 dono
698 2670 860 2726 illius
909 2671 1062 2727 Deus
1098 2672 1382 2727 efficerer.
1435 2671 1718 2725 Caeterum
1752 2668 2033 2724 Davidicae

381 2759 590 2830 puella)
619 2760 863 2831 virginis
893 2765 1159 2815 ventrem
1194 2778 1320 2832 quis
1354 2762 1695 2831 nuptiarum
1730 2776 1933 2829 expers
1966 2775 2032 2813 ac

378 2848 618 2903 omnino
652 2848 933 2904 innocens
966 2849 1129 2920 virgo
1163 2866 1396 2920 semper
1442 2850 1787 2919 permansit,
1826 2847 1908 2901 uti
1939 2864 2030 2902 se-

375 2937 612 3004 mentis,
638 2937 839 3003 subiit,
872 2942 1046 3008 atque
1079 2939 1175 2992 ubi
1205 2955 1429 2992 carnem
1460 2954 1527 2991 ex
1558 2936 1715 2992 illius
1741 2936 2027 3007 sanguine

366 3026 741 3096 produxit,ac
772 3042 897 3080 eam
932 3026 1132 3081 anima
1148 3028 1390 3081 rationis
1423 3026 1877 3096 intellectusque
1902 3043 2026 3095 par-

370 3115 547 3185 ticipe
580 3114 861 3169 animavit
886 3114 1120 3186 sibique
1152 3115 1466 3186 cepulavit,
1491 3120 1548 3170 et
1578 3116 1648 3170 ab
1684 3117 1813 3186 ipsa
1835 3115 2024 3169 editus

361 3203 520 3259 Deus
553 3221 726 3259 carne
755 3205 1634 3276 compactusapparuit,duplex
1652 3205 1752 3275 qui
1769 3204 2021 3274 simplex

2130 633 2289 685 γηται
2322 613 2426 686 γὰρ
2459 612 2533 675 ὡς
2585 612 2719 684 μετὰ
2744 612 2843 680 τὴν
2900 608 2950 663 ἐν
3007 615 3124 672 τοῖς
3180 606 3523 685 Ἰορδανείοις
3555 610 3791 687 ῥείθροις

2129 709 2228 770 τῆς
2259 699 2581 772 Ἀδαμιαίας
2615 700 2878 773 ἁμαρτίας
2928 698 3241 768 κατάδυσιν,
3274 700 3359 753 καὶ
3395 706 3495 769 τῆς
3544 701 3794 775 βροτείας

2133 789 2339 867 φύσεως
2398 791 2676 864 κάθαρσιν,
2718 791 2778 859 ἣν
2827 793 2962 863 ἡμῖν
3023 789 3434 864 ἐπρυτάνευσεν,
3487 790 3653 852 αὐτὸς
3703 812 3801 845 κα-

2134 880 2367 955 θαρθεὶς,
2400 882 2427 933 6
2458 878 2764 954 καθαρσίων
2826 881 2903 952 μὴ
2938 878 3223 952 δεόμενος,
3258 880 3286 932 6
3308 883 3413 933 τῶν
3475 874 3648 934 ὄντων
3710 880 3793 934 αἶ’-

2131 990 2245 1030 τιος
2302 970 2389 1023 καὶ
2440 968 2776 1043 προμηθεὺς,
2830 973 2927 1023 τοῦ
2985 973 3119 1023 Θεοῦ
3177 970 3478 1043 μονογενὴς
3536 970 3660 1029 Υἱὸς
3704 971 3797 1023 καὶ

2134 1058 2311 1133 Λόγος
2340 1064 2434 1113 τοῦ
2458 1065 2610 1127 Θεοῦ,
2637 1060 2664 1113 6
2694 1064 2772 1130 τῷ
2802 1059 3153 1133 γεγεννηκότι
3188 1060 3529 1133 συνάναρχος
3552 1058 3645 1113 καὶ
3678 1080 3802 1112 συν-

2135 1146 2334 1214 αίδιος,
2365 1148 2455 1201 καὶ
2488 1149 2804 1221 ὁμοούσιος,
2838 1148 2929 1203 καὶ
2964 1149 3249 1223 χαρακτὴρ
3303 1148 3563 1224 ὑπάρχων
3619 1150 3801 1223 ἀπαρ-

2135 1234 2408 1298 άλλακτος
2457 1243 2558 1306 τῆς
2606 1244 2876 1313 πατρικῆς
2928 1237 3298 1305 ὑποστάσεως,
3331 1237 3421 1292 καὶ
3474 1240 3574 1301 τῆς
3636 1234 3802 1308 δόξης

2142 1327 2468 1401 ἀπαύγασμα
2500 1344 2513 1357 ’
2549 1326 2577 1380 6
2607 1328 2723 1379 κατ’
2748 1325 2945 1380 οἰκείαν
2981 1326 3075 1398 μὶν
3105 1325 3415 1393 εἴκόνα,καὶ
3444 1327 3563 1389 καθ’
3595 1325 3805 1398 ὁμοίω-

2142 1437 2221 1469 σιν
2255 1417 2465 1477 πλάσας
2509 1416 2602 1469 τὸν
2637 1417 2922 1490 ἄνθρωπον
2955 1434 2967 1447 ’
2999 1420 3191 1470 τοῦτον
3252 1413 3309 1470 δὲ
3357 1421 3438 1488 τῷ
3466 1420 3564 1470 τοῦ
3597 1413 3803 1488 δυσμε-

2140 1509 2259 1566 νοῦς
2290 1505 2598 1579 ἀρχεκάκου
2630 1503 2921 1579 δράκοντος
2952 1502 3298 1578 δελεάσματι,
3328 1507 3417 1560 καὶ
3468 1509 3535 1578 τῇ
3568 1512 3673 1573 τῆς
3700 1526 3803 1579 γυ-

2140 1594 2324 1655 ναικὸς
2356 1594 2601 1666 ἐπηρείᾳ,
2634 1595 2732 1663 τήν
2775 1593 3104 1663 δεσποτικὴν
3164 1593 3388 1663 ἐντολήν
3440 1594 3803 1664 ἆθετήσαντα,

2139 1683 2226 1736 καὶ
2282 1686 2349 1755 τῇ
2413 1684 2648 1757 ἁμαρτίᾳ
2708 1682 3166 1757 καταχρανθέντα,
3227 1684 3317 1737 καὶ
3393 1683 3529 1757 πρὸς
3596 1683 3806 1758 φθορὰν

2138 1772 2609 1841 κατολισθησαντα
2643 1774 2718 1845 μὴ
2748 1770 3017 1847 παριδὼν,
3036 1771 3162 1827 ἀλλ’
3196 1770 3415 1843 εὐδοκία
3440 1776 3538 1825 τοῦ
3562 1772 3807 1845 Πατρὸς,

2138 1863 2227 1915 καὶ
2262 1861 2513 1937 συνεργίᾳ
2533 1866 2629 1915 τοῦ
2662 1862 2817 1936 ἁγίου
2872 1863 3185 1935 Ηνεύματος
3236 1859 3324 1915 διὰ
3383 1860 3809 1938 φιλανθρωπίας

2143 1952 2342 2025 ἄφατον
2398 1952 2661 2026 πέλαγος,
2720 1950 2780 2005 ἐκ
2848 1956 2955 2004 τῶν
3033 1952 3301 2026 πατρῴων
3381 1944 3810 2019 καταϐεϐηκὼς,

2143 2039 2260 2094 ὅθεν
2310 2041 2411 2094 οὐκ
2440 2041 2667 2110 ἀπέστη,
2700 2038 2921 2094 κόλπων
2958 2059 2970 2073 ·
3007 2042 3035 2094 6
3064 2042 3239 2095 πάντα
3267 2037 3523 2113 πληρῶν,
3554 2039 3644 2093 καὶ
3696 2059 3811 2111 μη-

2145 2127 2253 2184 δενὶ
2288 2129 2782 2207 περι-γραφόμενος,
2814 2129 2874 2183 οὐ
2906 2124 3277 2201 μεταϐατικῶς
3323 2135 3424 2197 τῆς
3475 2128 3622 2191 θείας
3669 2138 3807 2190 καθ-

2148 2216 2275 2274 ὅδου
2324 2221 2650 2292 νοουμένης,
2702 2218 2905 2294 ἄπαγεί
2952 2222 3089 2292 (πῶς
3142 2219 3243 2294 γὰρ
3294 2216 3354 2272 ἂν
3408 2211 3678 2291 μεταϐαίη
3745 2216 3808 2271 τὸ

2148 2308 2465 2381 ἀσώματον,
2496 2308 2583 2362 καὶ
2626 2308 3027 2382 ἀπεριόριστον,
3061 2308 3149 2362 καὶ
3197 2308 3555 2383 ἀπερινόητον
3584 2309 3623 2379 ;)
3656 2304 3813 2360 ἀλλὰ

2147 2400 2503 2472 θεοπρεπῶς·
2562 2402 2806 2451 κενοῦται
2880 2398 2981 2473 γὰρ
3035 2397 3171 2473 πρὸς
3225 2396 3404 2472 βραχὺ
3461 2403 3560 2465 τῆς
3619 2398 3815 2464 θεϊκῆς

2150 2485 2311 2557 δόξης
2341 2487 2727 2559 οἰκονομικῶς,
2751 2484 2838 2541 ’ίνα
2887 2508 2953 2558 με
2985 2484 3260 2563 πληρώσῃ
3291 2491 3391 2552 τῆς
3422 2488 3588 2541 αὑτοῦ
3619 2486 3815 2555 θεότη-

2146 2598 2259 2643 τος,
2291 2576 2381 2631 καί
2413 2576 2533 2638 θεὸς
2564 2578 2751 2651 χάριτι
2783 2574 3026 2650 γένωμαι
3062 2597 3074 2609 ·
3108 2577 3207 2645 τὴν
3235 2577 3564 2651 παρθενικήν
3616 2572 3677 2629 δὲ
3711 2597 3815 2643 νη-

2147 2664 2238 2720 δὺν
2269 2674 2369 2735 τῆς
2416 2667 2795 2740 ἀπειρογάμου
2839 2668 3117 2741 πανάγνου
3163 2668 3253 2721 καὶ
3305 2666 3658 2741 ἀειπαρθὲνου
3706 2672 3812 2719 Δα-

2144 2751 2351 2818 ϐίτιδος
2394 2756 2586 2828 κόρης,
2618 2756 2784 2809 οἱονεὶ
2844 2755 3067 2831 σπόρος,
3110 2752 3311 2822 εἰσδὺς,
3347 2756 3436 2809 καὶ
3493 2754 3682 2815 κτίσας
3751 2752 3812 2808 ἐκ

2139 2849 2246 2898 τῶν
2271 2844 2435 2912 αὐτῆς
2462 2843 2707 2917 αἱμάτων
2738 2846 2928 2920 σάρκα,
2948 2845 3038 2899 καὶ
3068 2843 3331 2920 ψυχώσας
3383 2847 3538 2918 ψυχῇ
3588 2841 3805 2917 λογικῇ

2136 2954 2196 2987 τε
2224 2933 2312 2989 καὶ
2343 2938 2521 3009 νοερᾷ,
2557 2933 2647 2987 καὶ
2698 2934 2899 2996 ἒνώσας
2949 2935 3143 3007 ἑαυτῷ,
3176 2935 3262 2988 καὶ
3312 2932 3526 3008 τεχθεὶς
3584 2932 3635 3005 ἐξ
3701 2932 3801 2987 αὖ·

2135 3030 2233 3091 τῆς
2282 3024 2409 3084 Θεὸς
2461 3022 2894 3099 σεσαρκωμένος,
2947 3021 3175 3085 διπλοῦς
3226 3025 3254 3077 6
3303 3022 3533 3090 ἁπλοῦς,
3565 3020 3619 3075 ἒν
3673 3018 3802 3075 δυσὶ

2132 3111 2369 3175 τελείαις
2414 3114 2663 3190 φυσικαῖς
2711 3110 2964 3183 θελήσεσι
3008 3113 3097 3167 καὶ
3156 3113 3462 3188 ἐνεργείαις,
3515 3111 3606 3166 καὶ
3654 3112 3803 3165 κατᾶ

2130 3203 2303 3255 πάντα
2351 3202 2782 3276 κεχρηματικὼς
2829 3203 2948 3265 καθ’
2996 3204 3163 3274 ἡμᾶς,
3197 3203 3345 3269 πλὴν
3371 3208 3470 3271 τῆς
3498 3201 3800 3274 ἁμαρτίας,

363 3297 507 3360 erat,
530 3293 589 3347 in
624 3293 855 3347 duabus
881 3293 1154 3364 perfectis
1188 3294 1559 3349 naturalibus
1590 3294 2009 3361 voluntatibus,

2133 3293 2348 3364 βροτὸς,
2384 3294 2561 3361 πάσης
2593 3288 2718 3368 ἄτερ
2766 3299 2976 3368 τροπῆς
3028 3292 3117 3347 καὶ
3174 3292 3489 3369 συγχύσεως
3546 3312 3799 3364 μεμενη-

364 3398 430 3437 ac
462 3383 923 3453 operationibus,
960 3383 1015 3437 in
1050 3384 1350 3451 omnibus,
1385 3388 1545 3439 extra
1580 3390 1906 3454 peccatum,
1940 3385 2011 3437 si-

368 3471 585 3527 militer
615 3490 680 3527 ac
710 3490 817 3528 nos
849 3472 1136 3539 mortalis,
1174 3474 1372 3544 procul
1400 3475 1557 3528 omni
1593 3474 1919 3529 mutatione
1951 3490 2015 3528 ac

370 3562 713 3617 confusione
745 3562 1097 3633 appellatus,
1130 3571 1184 3616 et
1214 3568 1347 3633 post
1395 3568 1730 3633 susceptam
1780 3580 2015 3619 carnem

374 3656 598 3706 unuset
626 3652 750 3722 ipse
786 3652 965 3705 Filius
995 3658 1053 3705 et
1085 3669 1202 3706 una
1234 3653 1563 3706 substantia
1592 3668 1720 3707 esse
1743 3653 2010 3722 perrexit.

373 3741 493 3794 Sub
524 3744 785 3809 tempore
819 3743 1005 3794 factus
1036 3746 1143 3805 est,
1171 3742 1272 3809 qui
1304 3758 1539 3795 omnem
1583 3742 1863 3811 temporis
1888 3758 2013 3795 mo-

370 3833 497 3882 tum
530 3829 915 3893 transcendit,
937 3835 993 3881 et
1025 3834 1237 3882 natura
1268 3829 1611 3883 saeculorum
1639 3829 1900 3884 omnium
1926 3834 2016 3885 est

371 3916 905 3986 etfector.Corporis
937 3918 1068 3971 item
1091 3917 1519 3972 incrementum
1547 3918 1824 3988 suscepit,
1856 3924 1913 3972 et
1942 3920 2013 3973 ad

367 4004 593 4061 virilem
623 4010 875 4075 aetatem,
897 4007 996 4076 qui
1031 4006 1497 4077 perfectissimus
1526 4007 1804 4078 omnique
1837 4024 2009 4077 supe-

369 4094 488 4149 rior
520 4095 872 4165 perfectione
895 4098 1017 4148 erat
1041 4095 1320 4164 pervenit.
1356 4096 1423 4149 Et
1454 4094 1630 4149 simul
1659 4112 1722 4149 ac
1752 4112 1820 4149 ex
1850 4095 2009 4150 lava-

368 4200 466 4238 cro
499 4184 825 4255 baptizatus
858 4184 1116 4249 emersit,
1150 4188 1354 4239 contra
1388 4183 1742 4239 homicidam
1776 4191 2008 4255 aposta-

366 4275 487 4327 tam
520 4272 740 4327 variam
774 4272 882 4326 init
910 4272 1159 4338 viam,ac
1190 4273 1507 4345 tricipitem
1537 4274 1665 4342 ejus
1696 4273 2010 4344 impugna-

369 4362 595 4415 tionum
632 4360 964 4416 machinam
989 4361 1690 4428 evertit,insolescentem,
1708 4366 1763 4416 et
1784 4364 2012 4433 magni-

370 4451 475 4506 fice
496 4466 558 4505 se
582 4452 902 4519 jactantem
944 4454 1259 4522 tyrannum
1290 4452 1625 4521 prosternit.
1660 4451 1899 4505 Varium
1947 4469 2011 4506 ac

370 4539 677 4610 multiplex
707 4539 1094 4594 certaminum
1150 4539 1308 4594 illius
1348 4558 1533 4611 genus
1590 4540 1822 4595 irritum
1852 4542 2011 4610 facit,

369 4626 565 4699 ipsum
598 4632 768 4698 captu
794 4629 1112 4683 admodum
1146 4628 1372 4684 facilem
1390 4630 1889 4693 reddit,rationem
1915 4646 2013 4684 no-

2125 3383 2255 3450 κὼς,
2288 3384 2376 3436 καὶ
2413 3382 2545 3454 μετὰ
2584 3384 2682 3451 την
2745 3385 3015 3457 σάρκωσιν
3075 3386 3150 3445 εἴς
3199 3383 3288 3439 καὶ
3339 3384 3367 3438 6
3429 3382 3590 3444 αὐτὸς
3652 3383 3800 3452 υἱὸς,

2125 3472 2213 3525 καί
2249 3475 2344 3543 μία
2375 3470 2665 3533 ὑπόστασις
2702 3488 2717 3505 ·
2752 3472 2855 3525 ὑπὸ
2886 3472 3084 3546 χρόνον
3115 3493 3173 3527 τε
3219 3473 3481 3547 γεγονὼς,
3516 3472 3544 3526 6
3604 3472 3795 3542 πάσης

2127 3561 2439 3634 ὑπερέκεινα
2496 3567 2763 3635 χρονικῆς
2824 3563 3111 3631 κινήσεως,
3144 3561 3233 3615 καὶ
3285 3563 3500 3615 πάντων
3544 3561 3795 3630 ποιητὴς

2123 3653 2229 3701 τῶν
2278 3649 2487 3702 αἰώνων
2536 3649 2791 3725 πεφυκώς
2822 3668 2833 3680 ⁸
2882 3648 2971 3703 καὶ
3039 3646 3505 3725 καταδεδεγμὲνος
3558 3646 3794 3720 αὔξησιν

2126 3738 2466 3809 σωματικὴν,
2525 3737 2614 3791 καὶ
2677 3737 2754 3800 εἷς
2810 3736 3032 3807 ἡλικίαν
3086 3738 3373 3809 ἐληλυθὼς
3434 3737 3724 3814 ἀνδρικὴν,
3763 3740 3791 3793 6

2123 3825 2462 3896 παντελειος,
2519 3826 2609 3879 καὶ
2667 3825 2968 3901 ὑπερτελής
3001 3846 3013 3859 °
3069 3828 3157 3881 καὶ
3236 3828 3569 3902 βαπτισθεὶς,
3622 3826 3788 3889 εὐθὺς

2124 3916 2229 3969 ἀπὸ
2257 3918 2354 3968 τοῦ
2388 3915 2761 3989 βαπτίσματος
2795 3913 3045 3984 ἐξαναδὺς
3076 3915 3163 3969 ἐπὶ
3203 3917 3302 3985 τὴν
3362 3917 3499 3991 πρὸς
3543 3916 3637 3969 τὸν
3688 3917 3788 3970 ἀν-

2126 4004 2503 4077 θρωποκτόνὸν
2535 4003 2842 4075 ἀποστάτην
2872 4003 3006 4060 ἷέται
3042 4005 3280 4076 πλάνην,
3312 4008 3404 4061 καὶ
3453 4007 3552 4072 τὴν
3586 4006 3786 4080 τρικά-

2127 4112 2285 4167 ρανον
2336 4097 2443 4146 τῶν
2492 4090 2679 4147 δεινῶν
2725 4092 2889 4148 αὐτοῦ
2934 4092 3330 4166 παλαισμάτων
3364 4093 3622 4149 καταλύει
3686 4115 3788 4167 μη-

2122 4184 2297 4255 χανήν
2334 4203 2344 4214 ·
2380 4183 2465 4235 καὶ
2499 4183 2591 4237 τὸν
2620 4180 2858 4251 ἀλαζόνα
2900 4185 2987 4238 καὶ
3027 4182 3374 4259 μεγάλαυχον
3420 4183 3785 4240 καταπαλαίει

2120 4271 2402 4345 τύραννον,
2432 4269 2519 4324 καί
2568 4272 2659 4327 τὸν
2686 4271 3089 4327 πολυποίκιλον
3140 4278 3248 4328 τῶν
3301 4275 3467 4329 αὑτοῦ
3514 4273 3782 4347 πολέμων

2123 4360 2286 4433 ἑσμὸν
2342 4366 2619 4437 καταργεῖ,
2651 4361 2739 4416 καὶ
2794 4362 3125 4437 εὐχείρωτον
3182 4364 3341 4419 αὐτὸν
3369 4364 3607 4434 τίθησιν,
3644 4365 3781 4417 ὑπο-

2119 4450 2374 4524 γραμμὸν
2435 4452 2572 4522 ἡμῖν
2626 4449 2946 4516 ὑποδεικνὺς
2996 4455 3097 4521 τῆς
3128 4454 3262 4527 πρὸς
3289 4454 3447 4509 αὐτὸν
3511 4460 3778 4528 καρτερᾶς

2127 4542 2330 4613 μάχης.
2392 4539 2480 4594 καὶ
2552 4543 2648 4609 τῆς
2696 4544 2811 4596 κατ’
2870 4542 3034 4597 αὐτοῦ
3093 4540 3276 4606 διδοὺς
3355 4543 3627 4618 ἀριστείας
3686 4544 3782 4604 τὰς

2124 4628 2398 4701 ἀφορμάς·

367 4717 458 4771 bis
489 4716 822 4784 ostendens,
857 4734 973 4789 qua
1001 4716 1086 4771 illi
1129 4718 1245 4773 acri
1296 4734 1495 4790 pugna
1523 4718 1950 4785 resisteremus,
1986 4721 2043 4773 et
2079 4717 2446 4772 fortitudinis
2496 4718 2851 4790 occasiones,
2875 4720 3093 4791 quibus
3123 4727 3328 4777 contra
3365 4722 3533 4778 illum
3584 4727 3773 4778 utere-

369 4822 522 4875 mur,
552 4806 832 4877 impertit.

440 4932 523 4987 Ad
555 4930 884 5003 exemplum
915 4948 1050 5003 ergo
1082 4932 1209 4986 vitae
1233 4932 1451 5003 Optime
1483 4933 1812 4987 constitutae
1837 4950 2005 5003 gene-

2190 4930 2329 5006 Ηρὸς
2358 4928 2447 4983 οῦν
2481 4930 2540 4984 τὸ
2563 4938 2661 5000 τῆς
2694 4930 3083 5006 σωτηριώδους
3131 4933 3410 5001 πολιτείας
3468 4936 3771 5012 ὑπόδεῖγμα

364 5038 533 5078 rosus
565 5019 658 5075 hic
690 5020 909 5075 athleta
938 5021 1251 5092 Dionysius
1283 5023 1653 5094 suamipsius
1679 5024 2010 5095 composuit

362 5116 537 5184 atque
587 5111 893 5177 formavit;
952 5128 1020 5165 ex
1074 5113 1229 5167 fonte
1289 5113 1532 5167 luminis
1582 5113 1706 5168 vita:
1753 5114 2007 5169 auctoris

362 5206 619 5267 exortus,
652 5204 707 5254 et
738 5199 947 5277 gratia,
981 5217 1108 5270 quae
1156 5201 1288 5255 inde
1323 5204 1561 5272 petitur,
1616 5208 1898 5265 armatus.
1954 5210 2010 5258 et

364 5290 639 5346 unctione
671 5289 867 5343 divina
900 5292 1368 5361 perunctus(non
1401 5290 1571 5344 aliter
1597 5308 1662 5345 ac
1696 5290 2010 5346 luctatores

364 5385 565 5435 contra
590 5377 861 5433 hostilem
897 5380 1077 5433 aciem
1128 5378 1185 5433 in
1220 5378 1506 5449 palaestris
1550 5380 1885 5450 insurgunt)
1909 5382 2009 5433 ad-

362 5486 567 5525 versus
597 5468 1066 5522 infensissimum
1093 5468 1630 5540 latronem,vizsque
1661 5486 1776 5541 qua
1796 5469 1917 5522 itur
1937 5470 2008 5523 ad

367 5559 543 5616 ccslos
567 5559 933 5613 obsessorem
958 5562 1013 5614 et
1032 5558 1384 5613 insidiosum
1418 5559 1781 5629 bellatorem,
1815 5559 2006 5614 confe-

369 5651 506 5707 stim
547 5648 698 5704 369
728 5648 1063 5719 opponitur,
1096 5664 1161 5703 ac
1212 5665 1446 5703 omnem
1478 5649 1604 5704 vitae
1664 5648 2009 5704 sollicitudi-

369 5756 505 5795 nem
538 5737 758 5809 abjicit,
791 5740 848 5792 et
876 5742 1035 5793 totus
1067 5737 1273 5792 divinae
1330 5738 1390 5792 in
1446 5737 1631 5793 Deum
1666 5737 2009 5795 intentionis

2118 5020 2207 5073 τὸν
2243 5020 2434 5074 ίεαυτοῦ
2463 5019 2741 5097 ῥυθμίζων
2772 5020 2860 5077 καὶ
2922 5023 3232 5088 ἀπευθύνων
3280 5026 3394 5101 βίον
3448 5029 3475 5082 6
3520 5027 3771 5103 γεννάδας

2122 5111 2296 5182 οὗτος,
2350 5117 2449 5180 τῆς
2503 5114 2598 5164 τοῦ
2660 5116 2971 5188 ζωαρχικοῦ
3029 5114 3377 5190 φωτίσματος
3437 5116 3771 5187 ἒξανατείλας

2120 5206 2320 5274 πηγῆς,
2356 5200 2445 5253 καὶ
2503 5202 2601 5268 τὴν
2649 5198 2845 5256 ἐκεῖθεν
2908 5203 3278 5278 ὁπλισάμενος
3326 5209 3511 5283 χάριν,
3562 5209 3651 5264 καὶ
3698 5213 3773 5280 τῷ

2120 5289 2248 5360 θείῳ
2280 5289 2522 5364 χρισθεὶς
2556 5289 2855 5363 ἀλείμματι
2887 5292 3146 5368 (καθάπερ
3193 5297 3244 5350 οἱ
3294 5296 3345 5351 ἐν
3396 5304 3515 5360 ταῖς
3576 5297 3769 5355 παλαί-

2122 5401 2303 5453 στραις
2334 5382 2637 5455 γυμνασταί
2685 5384 2819 5457 πρὸς
2868 5383 3136 5458 πολεμίαν
3187 5388 3767 5465 ἀντιπαραταττόμενοι

2121 5469 2418 5546 φάλαγγαο)
2474 5478 2816 5545 παραχρῆμα
2876 5475 3012 5546 πρὸς
3066 5476 3159 5531 τὸν
3207 5485 3309 5548 τῆς
3373 5480 3450 5542 εἷς
3507 5481 3765 5557 οὐρανοὺς

2120 5559 2422 5633 ἀναγούσης
2481 5560 2704 5634 πορείας
2760 5561 3128 5619 ἀντιτάσσεται
3190 5564 3613 5641 δυσμενέστατον
3646 5569 3763 5627 ὁδο-

2122 5651 2342 5718 στάτην,
2373 5648 2812 5723 πανουργότατον
2861 5652 3240 5733 πολεμήτορα,
3273 5659 3362 5713 καί
3415 5660 3511 5724 τὰς
3579 5663 3757 5737 βιωτι-

2121 5738 2218 5799 κᾶς
2256 5738 2565 5793 ἀποτίθεται
2596 5738 2904 5815 φροντίδας,
2926 5741 3016 5797 καὶ
3046 5746 3142 5814 τῆς
3200 5747 3336 5823 πρὸς
3387 5751 3516 5805 Θεὸν
3567 5748 3756 5807 ἀνατάο
