4020 6358
107 412 217 465 633
774 457 811 479 κ

1157 408 1349 476 VITA,
1392 406 1727 462 AUCTORE
1765 408 2137 462 MICHAELE
2176 408 2529 465 BYNGELO.

3447 408 3552 463 634

111 555 247 595 σεως
279 532 424 594 ὅλος
455 530 685 608 ἐραστὴς
730 528 821 584 καὶ
872 529 1177 605 ἀγωνιστὴς
1222 528 1555 597 καθίσταται,
1615 548 1757 602 προσ

1899 534 2127 586 amator
2157 535 2213 588 et
2237 533 2393 605 pugil
2428 533 2705 588 etlicitur.
2738 532 3010 589 Assiduis
3034 530 3309 604 precibus
3332 530 3425 588 die
3447 547 3559 588 n0“

110 628 303 698 ενδχαῖς
368 620 659 681 συντόνοις
714 616 1057 693 διημερεύων
1086 639 1145 672 τε
1193 617 1283 671 καὶ
1339 614 1786 691 διανυκτερεύων,

115 712 203 766 καὶ
236 709 583 784 παννυχίσιν
642 705 863 768 ἀύπνοις
915 706 1270 781 έγκαρτερῶν,
1302 707 1387 761 καὶ
1424 704 1674 777 νηστείας
1727 707 1789 760 τὸ

114 800 334 876 σαρκίον
374 796 669 871 δαμάζων,
716 794 805 851 καί
831 797 928 864 τήν
963 795 1186 870 χείρονα
1219 800 1413 869 μοῖραν
1442 796 1787 858 καθυποτάσ-

116 913 221 945 σων
280 894 355 963 τῇ
423 910 721 964 κρειττονι,
752 888 842 941 τὸν
902 890 1037 961 χοῦν
1068 890 1148 957 τῷ
1207 886 1312 953 νοῒ,
1357 885 1446 939 καὶ
1478 887 1576 954 τὴν
1605 882 1784 959 γεώδη

113 979 551 1035 καταλεπτύνων
609 977 923 1052 παχύτητα,
956 975 992 1045 ἢ
1048 981 1167 1037 ταῖς
1225 974 1502 1043 διανοίαις,
1563 976 1652 1028 οἷά
1705 995 1787 1036 τις

114 1068 326 1144 ὁμίχλη
394 1064 675 1142 ζωφώδης
722 1071 842 1128 ταῖς
888 1063 1145 1134 ἡλιακαῖς
1178 1064 1408 1131 ἀκτῖσιν,
1442 1061 1786 1139 έπιπροσθεῖν

115 1157 318 1213 εἴωθεν.
356 1158 558 1214 Ἑνθεν
602 1154 690 1211 ἐπὶ
748 1156 809 1209 τὸ
865 1161 968 1223 τῆς
1026 1154 1255 1229 θεωρίας
1313 1152 1449 1226 ὕψος
1510 1153 1785 1228 ἀνάγεται,

114 1252 195 1303 καὶ
253 1252 377 1311 ταῖς
452 1245 583 1320 περὶ
640 1246 767 1300 Θεὸν
830 1243 1063 1307 ἐννοίαις
1119 1241 1541 1321 έμφιλοχωρεῖ,
1605 1240 1784 1312 πάσης

114 1335 361 1399 ὑλώδους
392 1337 464 1391 τὸ
495 1342 596 1405 τῆς
644 1339 830 1409 ψυχῆς
861 1331 1091 1398 θεοειδές
1124 1332 1361 1410 ἀφιστῶν
1411 1332 1781 1404 ἐνθυμήσεως,

110 1425 192 1481 καὶ
220 1427 282 1481 τὸ
332 1427 538 1501 νοερὸν
572 1427 740 1490 αὐτῆς
770 1424 927 1497 ὄμμα
976 1424 1113 1498 πρὸς
1141 1425 1242 1491 τήν
1277 1424 1474 1477 ἰκεῖθεν
1504 1422 1779 1498 ἀπαστρά-

110 1535 343 1569 πτουσαν
434 1512 675 1587 ἀγλαΐαν
755 1511 884 1574 ὅλος
962 1514 1279 1585 ἀναπτεροῖ,
1364 1516 1482 1573 ταῖς
1545 1511 1779 1566 ἀποστο-

111 1605 284 1667 λικαῖς
339 1602 701 1667 αύτοπτικῶς
779 1603 1052 1679 ἐντρυφῶν
1123 1600 1400 1676 διδαχαῖς,
1460 1601 1549 1655 καὶ
1604 1607 1777 1655 πᾶσαν

114 1696 288 1763 κεινήν
344 1714 409 1748 τε
459 1693 557 1747 καὶ
605 1691 842 1747 παλαιὰν
901 1690 1213 1766 ἱερολόγίαν
1274 1690 1551 1758 ἀναπνοὴν
1608 1691 1782 1761 ἑαυτῷ

110 1782 191 1834 καὶ
249 1783 473 1859 τροφὴν
504 1780 995 1855 κατεργαζόμενος,
1054 1785 1171 1841 τοῖς
1228 1787 1327 1848 τῆς
1352 1782 1659 1853 πρακτικῆς
1692 1769 1781 1831 καὶ

116 1878 459 1943 θεωρητικῆς
525 1872 722 1945 ἀρετῆς
778 1869 1243 1941 πλεονεκτήμασι,
1284 1875 1399 1931 τοῖς
1434 1868 1652 1923 Παύλου
1682 1873 1778 1922 τοῦ

114 1959 377 2036 μακαρίου
412 1957 876 2020 διοπτικωτάτοις
925 1957 1247 2035 καταφανεὶς
1299 1956 1630 2035 ὀφθαλμοῖς,
1685 1958 1771 2012 καὶ

117 2048 316 2121 βαθμοῦ
373 2053 482 2103 τοῦ
542 2056 642 2117 τῆς
702 2047 987 2123 ἱεραρχίας
1042 2045 1187 2117 ἄξιος
1245 2048 1495 2120 κριθεὶς,
1558 2052 1779 2121 πρῶτος

113 2137 349 2206 Ἀθηνῶν
376 2137 688 2200 ἐπίσκοπος
724 2139 810 2193 ὑπ’
860 2136 1023 2191 αὐτοῦ
1054 2137 1488 2212 προχειρίζεται,
1535 2137 1623 2191 καὶ
1677 2143 1775 2206 τῆς

115 2224 302 2287 οἶκείας
361 2224 636 2302 πατρίδος
667 2228 845 2300 πατὴρ
891 2226 1297 2301 ἀναγορεύεται,
1351 2226 1437 2280 καὶ
1491 2225 1557 2279 τὰ
1611 2225 1767 2300 ἀκρο-

115 2314 243 2368 θίνια
269 2320 383 2369 τῶν
416 2315 667 2391 λογικῶν
714 2316 1052 2390 πραγμάτων
1105 2314 1483 2391 ἐγχειρίζεται,
1543 2314 1634 2368 καὶ
1680 2315 1772 2369 τὸν

114 2402 285 2467 αύτόθι
341 2405 752 2459 πεπιστευκότα
808 2402 937 2459 λαὸν
999 2403 1419 2475 ἐμπιστεύεται·
1503 2399 1609 2457 ἔδει
1672 2403 1773 2477 γὰρ

110 2493 198 2561 τὴν
268 2491 641 2569 ἐνεγκοῦσαν,
711 2492 801 2548 καί
888 2493 1271 2567 θρεψαμένην,
1338 2492 1429 2547 καὶ
1494 2489 1777 2546 παιδεύσα·

118 2601 201 2636 σαν
254 2578 448 2651 πόλιν,
511 2587 595 2654 τῷ
650 2579 775 2655 ἰδίῳ
831 2580 1204 2657 βλαστήματι,
1233 2581 1322 2635 καὶ
1356 2581 1648 2654 θρέμματι,
1682 2580 1771 2635 καὶ

118 2668 435 2744 παιδεύματι
500 2672 728 2746 πρώτην
807 2669 1224 2745 ἐπαγλαΐζεσθαι
1289 2671 1493 2743 πρώτῳ
1549 2674 1656 2724 τῶν
1718 2669 1769 2741 ἐξ

122 2759 273 2829 αὐτῆς
346 2766 744 2835 πνευματικῶς
800 2762 1019 2835 Χριστῷ
1072 2760 1152 2831 τῷ
1207 2763 1305 2828 τῆς
1364 2758 1633 2832 σωτηρίας
1685 2757 1768 2811 αἰ-

119 2847 210 2920 τίῳ
263 2851 696 2925 γεγενημένων,
774 2849 864 2904 καὶ
941 2856 1069 2916 πᾶσι
1129 2854 1244 2911 τοῖς
1302 2849 1442 2904 κατά
1502 2848 1619 2924 βίον
1675 2846 1766 2901 καὶ

116 2934 266 3012 λόγον
294 2938 602 3013 πρωτείοις
641 2936 931 3014 τηλαυγῶς
979 2938 1332 3013 πρωτεύοντι·
1366 2938 1456 2991 καὶ
1494 2942 1612 2997 ταῖς
1642 2956 1765 2990 ποι-

119 3034 390 3095 μαντικαῖς
449 3032 558 3083 τοῦ
616 3030 945 3103 παναρίστου
976 3029 1134 3089 υἱέως
1191 3028 1438 3101 ἡγεσίαις
1473 3026 1760 3093 ἰθύνεσθαι,

116 3115 430 3189 φωτίζοντος
488 3117 663 3187 αὐτῆς
717 3117 784 3172 τὰ
812 3117 949 3172 κατὰ
978 3118 1105 3171 Θεὸν
1161 3112 1492 3189 διαδήματα,
1526 3116 1614 3170 καὶ
1673 3114 1760 3169 ἐπὶ

119 3205 409 3281 σωτηρίους
432 3208 619 3279 νομὰς
672 3204 920 3279 ἄγοντος,
970 3207 1061 3260 καὶ
1110 3205 1163 3268 ἐς
1220 3205 1385 3260 τόπον
1420 3202 1603 3280 χλόης
1657 3211 1758 3273 τῆς

1905 625 2120 691 ctuque
2170 621 2432 677 intentus
2490 626 2671 678 totam
2727 628 2958 678 noctem
2997 623 3157 677 ducit
3196 622 3554 678 insomnem.

1904 713 2147 765 Carnem
2172 712 2418 781 jejuniis
2444 712 2665 781 domat,
2700 716 2757 766 et
2786 712 3135 767 deteriorem
3159 718 3382 783 partem
3416 728 3557 784 prae-

1905 798 2171 853 stantiori
2200 801 2459 871 subjicit,
2487 817 2695 871 nempe
2729 800 3023 870 pulverem
3051 802 3253 869 menti,
3286 804 3344 855 et
3373 808 3555 855 terre-

1903 904 2035 942 nam
2054 889 2530 956 crassitudinem,
2553 891 2679 944 dure
2705 890 2981 944 sensibus
2996 889 3236 961 perinde
3253 908 3317 945 ac
3342 889 3554 946 nebula

1903 978 2168 1047 quaedam
2200 978 2513 1035 tenebrosa
2544 978 2839 1033 solaribus
2871 995 2999 1033 sese
3034 977 3214 1033 radiis
3260 995 3555 1051 opponere

1902 1068 2222 1136 consuevit,
2256 1068 2625 1122 comminuit.
2661 1070 2808 1122 Hinc
2839 1069 2908 1122 ad
2946 1066 3333 1139 spculatiouis
3377 1068 3553 1123 celsi-

1902 1157 2168 1212 tudinem
2188 1157 2433 1224 tollitur,
2467 1157 2836 1229 libenterque
2885 1157 2943 1211 in
2996 1156 3451 1228 cogitationibus
3482 1158 3553 1212 de

1904 1246 2013 1300 Deo
2034 1252 2325 1315 versatur,
2350 1247 2605 1301 divinam
2631 1249 2839 1301 animae
2863 1246 3117 1318 efﬁgiem
3142 1247 3213 1302 ab
3228 1246 3388 1302 omni
3413 1263 3551 1301 con-

1900 1335 2253 1390 sideratione
2281 1343 2512 1391 terrena
2537 1352 2860 1403 removens,
2894 1342 2951 1391 et
2982 1334 3305 1406 spiritualis
3362 1335 3553 1407 ipsius

1899 1429 2101 1483 oculus
2126 1430 2195 1483 ad
2222 1429 2544 1484 claritatem
2581 1427 2737 1482 illam
2772 1444 2899 1498 quae
2931 1427 3093 1482 illinc
3126 1426 3362 1497 etlulget
3394 1432 3554 1483 totus

1898 1517 2101 1585 evolat,
2135 1524 2190 1573 et
2223 1518 2279 1572 in
2314 1515 2655 1589 apostolicis
2702 1516 2985 1571 doctrinis
3034 1516 3305 1587 praesenti
3351 1516 3550 1572 animo

1899 1607 2224 1662 deliciatur.
2259 1607 2477 1662 Novam
2509 1606 2647 1661 item
2673 1622 2907 1660 omnem
2933 1609 3108 1675 atque
3136 1610 3388 1661 veterem
3414 1606 3555 1661 divi-

1897 1712 1982 1749 me
2012 1697 2159 1767 legis
2190 1695 2592 1765 scriptionem,
2626 1695 2804 1765 idque
2826 1695 3057 1749 virtutis
3086 1693 3223 1749 illus
3241 1696 3551 1749 abundan-

1896 1784 1997 1849 tia,
2030 1802 2155 1856 quaz
2187 1785 2245 1840 in
2278 1785 2504 1839 actione
2535 1790 2591 1839 et
2633 1782 3123 1854 contemplatione
3174 1789 3461 1849 versatur,
3488 1788 3553 1839 ut

1894 1872 2338 1941 respirationem
2376 1871 2487 1926 sibi
2538 1888 2603 1925 ac
2652 1871 2846 1925 cibum
2889 1870 3215 1926 constituit.
3263 1870 3365 1926 Hic
3414 1888 3549 1928 cum

1895 1921 2338 1941 __-r___-_-_-___
2376 1921 2487 1926 η-
2540 1921 2598 1925 τ,
2659 1921 2846 1925 --πῄ
3263 1921 3361 1926 η-
3418 1921 3546 1928 -____

1813 1921 1860 1985 Β
1892 1962 2045 2015 beati
2081 1961 2239 2015 Pauli
2273 1960 2621 2016 clarissimis
2654 1960 2842 2015 oculis
2875 1965 3151 2015 ostensus
3174 1966 3347 2027 esset,
3382 1966 3439 2016 et
3461 1962 3546 2017 di-

1888 2048 2008 2103 vini
2041 2050 2355 2105 sacerdotii
2378 2050 2562 2121 gradu
2587 2049 2799 2120 dignus
2821 2048 3146 2119 judicatus,
3180 2050 3547 2106 Athenarum

1889 2140 2205 2211 episcopus
2236 2140 2308 2193 ab
2343 2140 2468 2210 ipso
2494 2140 2722 2210 primus
2772 2138 3032 2210 eligitur,
3084 2144 3142 2193 et
3191 2155 3313 2194 suae
3358 2139 3547 2211 ipsius

1890 2233 2055 2299 pater
2098 2229 2299 2299 patriae
2349 2226 2703 2294 declaratur,
2744 2232 2800 2282 et
2853 2228 3126 2299 primitiaa
3172 2228 3544 2300 negotiorum

1888 2318 2268 2373 rationalium
2304 2317 2363 2372 in
2419 2334 2630 2372 manus
2680 2318 3015 2385 traduntur,
3062 2321 3239 2389 atque
3290 2317 3547 2390 populus

1890 2406 2061 2462 isthic
2086 2407 2259 2462 ﬁdem
2285 2406 2592 2479 amplexus
2610 2406 2722 2477 ipsi
2746 2407 3023 2462 creditur.
3050 2406 3366 2478 Oportebat
3389 2407 3546 2463 enim

1885 2500 1951 2551 ut
1981 2495 2211 2563 civitas,
2242 2514 2369 2567 qua:
2401 2496 2558 2551 hunc
2590 2495 2873 2563 ediderat,
2907 2494 3153 2564 aluerat,
3178 2500 3234 2550 et
3266 2496 3543 2551 erudive-

1883 2590 1995 2649 rat,
2020 2587 2304 2656 aproprio
2336 2585 2599 2657 germine
2629 2591 2685 2639 et
2717 2583 2977 2651 alumno,
3011 2589 3187 2655 atque
3209 2584 3541 2640 eruditione

1881 2675 2072 2745 prima
2094 2675 2360 2729 omnium
2394 2674 2811 2740 illustraretur,
2837 2675 3027 2745 primo
3060 2690 3265 2729 eorum
3296 2691 3365 2729 ex
3407 2674 3543 2746 ipsa

1879 2763 2262 2818 oriundorum
2297 2763 2801 2836 quispiritualiter
2821 2762 3049 2818 Christo
3072 2762 3282 2819 salutis
3306 2764 3535 2818 auctori

1879 2852 1999 2907 nati
2034 2853 2291 2919 fuerunt,
2325 2852 2546 2924 quique
2574 2853 2873 2918 omnibus,
2910 2852 3008 2923 qui
3043 2853 3161 2907 vita
3199 2857 3257 2908 et
3306 2852 3529 2909 ratione

1875 2943 2099 3012 primas
2124 2942 2409 3010 obtinent,
2445 2942 2755 3013 magniﬁce
2797 2945 3026 3013 praeest.
3077 2941 3193 2997 Nec
3242 2958 3414 2998 secus
3463 2958 3531 2997 ac

1870 3031 2129 3102 optimus
2195 3030 2353 3087 ﬁlius
2387 3031 2540 3086 viam
2571 3031 2761 3087 instar
2783 3032 3037 3103 pastoris
3086 3036 3533 3102 commonstrat,

1872 3121 2163 3191 docetque
2194 3122 2696 3192 quemadmodum
2731 3138 2797 3176 ex
2845 3121 2947 3176 Dei
2996 3120 3339 3193 praescripto
3389 3137 3531 3176 suos

1869 3209 2000 3280 ipsa
2040 3226 2276 3279 gressus
2327 3209 2562 3281 dirigat,
2610 3210 2750 3263 dum
2789 3208 2953 3264 illam
3014 3209 3072 3264 in
3120 3209 3247 3264 loca
3277 3226 3532 3282 pascuae,

116 3289 248 3356 λείας
303 3297 392 3350 καὶ
465 3292 780 3367 ἀκιϐδήλου
845 3294 1192 3358 διδασκαλίας
1245 3300 1712 3365 κατασκηνοῦντος
1746 3342 1759 3369 ,

1883 3298 2063 3367 planae
2096 3314 2308 3368 nempe
2338 3314 2402 3352 ac
2434 3299 2675 3352 sincerae
2700 3297 3006 3364 doctrinae,
3041 3297 3307 3369 collocat,
3339 3304 3395 3353 et
3431 3315 3535 3354 su-

113 3383 189 3435 καὶ
220 3383 303 3438 ἐπὶ
337 3384 550 3448 ὕδατος
583 3386 955 3458 ἀναπαύσεως,
1014 3393 1115 3456 τῆς
1166 3386 1434 3460 μακαρίας
1467 3382 1633 3448 ὅντως
1664 3385 1765 3457 λή-

114 3470 230 3539 ξεως
261 3472 649 3555 ἐκτρέφοντος.

175 3598 237 3652 "ﬂ
286 3607 385 3668 τῆς
417 3599 799 3677 θεοψηφίστου
854 3602 952 3669 τῆς
981 3604 1088 3655 τῶν
1144 3600 1449 3670 Ἀθηναίων
1485 3600 1766 3676 μητροπό-

121 3681 244 3747 λεως
273 3687 589 3766 εὐμοιρίας,
622 3690 695 3752 ὡς
739 3689 1130 3764 τρισμακάριος
1166 3690 1397 3764 ὑπάρχει
1426 3692 1437 3746 l
1500 3690 1574 3752 ὡς
1625 3688 1731 3761 ἀλη
1755 3727 1765 3733 -

124 3772 215 3834 θῶς
260 3780 348 3830 καί
377 3773 705 3847 τρισόλϐιος
737 3776 902 3841 πόλις
948 3781 1200 3833 τοιοῦτον
1258 3781 1490 3832 τεκοῦσα
1546 3778 1632 3832 καὶ
1669 3777 1765 3833 λα-

122 3864 278 3933 χοῦσα
306 3868 570 3938 ποιμένα,
621 3864 709 3919 καί
759 3866 1096 3940 προηγέτην,
1156 3864 1245 3919 καὶ
1296 3862 1644 3935 διδάσκαλον,
1691 3867 1766 3927 ὡς

125 3949 508 4027 ὁΊσραηλίτης
542 3952 677 4016 λαὸς
708 3954 879 4009 πάλαι
907 3956 997 4009 τὸν
1027 3955 1258 4010 Μωϋσέα
1285 3956 1297 4010 ί
1335 3954 1425 4009 καὶ
1465 3955 1563 4028 γάρ
1596 3952 1769 4019 ἄλλος

123 4058 191 4100 τις
242 4041 613 4099 ἀναδέδεικται
691 4052 953 4115 Μωυσῆς,
1019 4044 1320 4119 Αἴγυπτον,
1375 4046 1474 4114 τήν
1537 4045 1762 4119 ζοφερὰν

126 4126 258 4203 λέγω
300 4135 386 4187 καὶ
421 4134 695 4190 πολύθεον
732 4132 1027 4202 εἷδωλικήν
1075 4132 1312 4204 πλάνην,
1371 4133 1432 4189 ού
1464 4131 1590 4188 δέκα
1618 4134 1764 4202 πλη-

128 4224 235 4289 γαῖς
284 4220 429 4278 ἀλλᾶ
461 4222 683 4297 μυρίαις
739 4225 1121 4296 καιριωτάταις
1178 4224 1265 4277 καὶ
1327 4221 1763 4299 πυρωδεστᾶταις

125 4310 219 4363 τῶν
267 4310 426 4386 ἱερῶν
490 4314 660 4368 αὐτοῦ
718 4309 1003 4388 δογμάτων
1056 4313 1141 4366 καὶ
1204 4310 1549 4386 διδαγμόίτων
1596 4334 1765 4368 κατα-

127 4396 359 4465 τοξεύσας
412 4401 632 4477 βολαῖς·
685 4400 776 4456 καὶ
804 4401 895 4455 τὸν
933 4401 1027 4473 μὲν
1060 4401 1254 4470 νοητὸν
1290 4402 1493 4475 Φαραὼ
1525 4400 1616 4454 σὺν
1644 4407 1763 4464 ταῖς

130 4482 383 4562 ὄλεθρίαις
434 4492 602 4546 αὐτοῦ
636 4488 917 4563 δυνάμεσι,
976 4496 1095 4552 ταῖς
1152 4491 1289 4565 πρὸς
1318 4496 1418 4558 τῆς
1474 4490 1639 4545 αὐτοῦ
1666 4512 1762 4545 κα-

128 4571 438 4650 κοδαίμονος
496 4579 705 4648 ἀπάτης
764 4578 1156 4657 ἐπιφυομέναις
1193 4576 1561 4648 ζιζανιώδεσιν
1622 4580 1762 4654 αἱρε-

1877 3402 1979 3457 per
2012 3402 2226 3457 aquam
2260 3386 2614 3453 refectionis,
2649 3386 2932 3442 nimirum
2964 3403 3107 3442 verre
3153 3386 3533 3457 haereditatis,

1877 3476 2108 3530 educat

1949 3600 1992 3655 Ο
2040 3599 2336 3672 ingentem
2391 3601 2734 3672 metropolis
2780 3600 3232 3657 Atheniensium
3273 3600 3531 3659 civitatis

1875 3689 2237 3759 felicitatem,
2272 3690 2433 3746 nullo
2464 3690 2880 3762 suffragiorum
2904 3690 3184 3747 beneﬁcio
3232 3689 3314 3745 illi
3366 3692 3535 3747 dela-

1876 3778 2031 3834 tam!
2066 3782 2249 3843 Quam
2286 3796 2416 3835 vcre
2452 3778 2608 3846 felix,
2644 3780 3164 3851 multipliciicrque
3205 3781 3375 3835 beata
3419 3788 3530 3849 est,

1876 3883 2005 3939 quae
2037 3874 2267 3923 tantum
2301 3870 2510 3923 ducem
2542 3873 2719 3940 atque
2751 3869 3102 3941 magistrum
3138 3870 3227 3940 (ut
3256 3869 3530 3925 Israeliti-

1876 3974 1981 4013 cus
2029 3958 2169 4012 olim
2220 3958 2475 4030 populus
2526 3958 2787 4031 Moysen)
2838 3959 3133 4030 talemque
3199 3958 3368 4014 enixa
3419 3965 3531 4027 est,

1876 4052 2053 4118 atque
2074 4047 2282 4102 sortita
2315 4054 2609 4119 pastorem
2641 4047 2654 4101 ί
2689 4049 2904 4103 etenim
2937 4047 3083 4102 alter
3104 4048 3343 4118 quidam
3370 4048 3533 4121 Moy-

1874 4153 1969 4191 ses
2010 4137 2201 4192 denuo
2232 4136 2395 4191 visus
2442 4141 2551 4205 est,
2599 4136 2702 4206 qui
2749 4137 3084 4207 ZEgyptum,
3137 4135 3535 4206 caliginosum

1874 4226 2003 4279 dico
2034 4225 2093 4278 in
2138 4223 2397 4279 colendis
2446 4224 2784 4279 simulacris
2831 4240 3109 4291 errorem,
3156 4241 3273 4279 non
3326 4226 3528 4282 decem

1873 4314 2087 4385 plagis,
2121 4316 2221 4369 sed
2254 4313 2582 4369 innumeris
2634 4313 2928 4369 laetalibus
2972 4314 3529 4388 ardentissimisque

1874 4420 2051 4457 sacrae
2075 4402 2235 4457 illius
2266 4403 2543 4458 doctrinae
2583 4402 2860 4457 acdivnm
2920 4402 3247 4475 disciplinae
3298 4405 3531 4476 sagittis

1870 4492 2186 4558 transﬁxit,
2217 4497 2274 4547 et
2297 4494 2612 4563 ﬁguratum
2642 4493 3009 4548 Pharaonem
3041 4510 3174 4548 cum
3206 4493 3367 4549 omni
3398 4495 3528 4565 ejus

1871 4581 2201 4653 perniciosa
2220 4587 2526 4652 potestate,
2553 4583 3159 4657 nugisquebazreticis
3191 4600 3256 4639 ac
3285 4584 3527 4640 zizaniis

127 4670 284 4727 τικαῖς
340 4668 768 4744 εἲκαιομυθίαις,
816 4670 1208 4730 καταποντίσας
1235 4674 1352 4730 τοῖς
1399 4668 1756 4746 γλαφυρωτά-

1883 4670 2080 4743 plenis,
2140 4688 2265 4742 quae
2313 4688 2346 4725 a
2396 4672 2820 4727 cacodaemonis
2873 4672 3029 4727 370
3078 4672 3265 4743 ipsius
3317 4674 3523 4729 fraude

130 4770 230 4815 τοις
258 4763 352 4825 τῆς
384 4758 549 4815 αὐτοῦ
575 4758 851 4837 πανσόφου
882 4758 1023 4820 θείας
1072 4760 1322 4833 γνώσεως
1380 4760 1470 4813 καὶ
1525 4758 1757 4832 εύγλωτ·

131 4841 231 4905 τίας
278 4848 482 4919 βυθοῖςο
534 4850 625 4905 τὸν
680 4847 932 4904 ἐκλεκτὸν
988 4846 1044 4903 δὲ
1088 4854 1186 4903 τοῦ
1217 4846 1461 4923 Χριστοῦ
1489 4849 1619 4904 λαὸν
1654 4849 1757 4903 ἀπὸ

133 4933 216 4994 τῆς
278 4941 371 4990 τοῦ
428 4936 625 5012 Βελίαρ
673 4936 1004 5013 τυραννίδος,
1064 4940 1149 4993 καὶ
1203 4945 1304 5008 τῆς
1362 4936 1761 5011 δεισιδαίμονος

135 5018 396 5089 θρησκείας
441 5025 802 5105 φυγαδευτὴν,
846 5029 943 5095 τήν
988 5032 1093 5082 τῶν
1130 5024 1565 5100 ἐπανισταμένων
1625 5049 1756 5082 παν-

136 5106 361 5168 τοδαπῶν
419 5116 701 5190 πολεμίων
758 5119 1174 5193 ἀγριαινομένην
1252 5116 1516 5181 θάλατταν
1597 5138 1758 5172 κατα-

136 5205 403 5286 ξτατοῦντα,
432 5209 503 5279 τῇ
531 5205 863 5286 φωτοειδοῦς
895 5206 1095 5262 στύλου
1129 5205 1284 5278 δίκην
1340 5206 1390 5262 ἐν
1441 5208 1587 5279 αὐτῷ
1639 5204 1757 5262 δια-

138 5280 408 5369 lapte-3cm
466 5295 941 5373 καθοδηγούμενον
997 5296 1235 5372 χάριτι,
1292 5297 1381 5351 καὶ
1429 5296 1629 5373 νεφέλῃ
1688 5301 1756 5370 τῇ

136 5380 224 5428 τοῦ
274 5385 526 5459 παναγίου
594 5387 908 5459 Πνεύματος
988 5387 1154 5460 σκέπῃ
1212 5385 1615 5464 φραυρούμενον
1671 5385 1759 5439 ἐπὶ

136 5462 214 5515 τὸν
268 5469 562 5545 ἀκύμαντον
624 5474 892 5537 διασώσας
944 5474 1115 5551 ὅρμον
1142 5482 1241 5545 τῆς
1300 5476 1609 5549 ἀμωμήτου
1666 5475 1757 5529 πί-

144 5569 307 5641 item,
360 5563 447 5617 καὶ
503 5569 608 5619 τῶν
667 5569 973 5641 χαμερπῶν
1029 5567 1366 5619 παντάπασιν
1430 5559 1759 5641 ὑπεραναϐε-

146 5632 331 5715 ετριὼς,
356 5650 443 5705 καὶ
473 5661 573 5724 τῆς
602 5658 703 5709 τοῦ
735 5649 899 5729 ὅρους
943 5657 1051 5709 τῶν
1083 5652 1285 5729 ἀρετῶν
1322 5650 1759 5733 κορυφαιοτάτης

146 5742 401 5807 πιριωπῆς
453 5742 577 5806 τοὺς
653 5741 1177 5819 εὐαγγελιζομένους
1250 5742 1469 5820 εΐρήνην
1522 5742 1755 5818 ὡραίους

1867 4759 2162 4827 oriuntur,
2202 4758 2601 4814 ornatissimis
2624 4759 2991 4815 admirabilis
3014 4762 3147 4831 ejus
3184 4778 3247 4817 ac
3266 4762 3427 4816 omni
3445 4763 3530 4816 di-

1867 4849 2015 4903 vinas
2048 4847 2397 4920 cognitionis
2435 4856 2487 4902 et
2517 4847 2867 4921 eloquentiae
2901 4850 3525 4921 profunditatibusde-

1870 4938 2094 4992 mersit.
2142 4941 2318 4991 Porro
2366 4936 2617 4991 electum
2669 4938 2888 4994 Christi
2931 4940 3216 5010 populum
3270 4956 3301 4994 a
3342 4939 3525 4994 Belial

1868 5027 2196 5099 tyrannide,
2230 5031 2288 5081 et
2318 5044 2346 5080 a
2382 5026 2795 5097 superstitiosa
2822 5026 3055 5082 cultura
3086 5028 3397 5100 profugum
3415 5027 3523 5083 ho-

1869 5118 2062 5172 stibus
2086 5115 2345 5186 undique
2376 5120 2581 5170 contra
2612 5115 2779 5170 illum
2814 5115 3279 5185 insurgentibus,
3313 5117 3525 5172 solitu—

1869 5206 2027 5263 dinis
2058 5205 2203 5261 mari
2250 5206 2518 5275 trajecto,
2561 5209 2619 5260 et
2668 5205 2950 5261 cbaritate
3004 5206 3193 5261 instar
3233 5206 3521 5263 columna;

1869 5296 2024 5370 ignis
2050 5295 2437 5350 illucescente
2465 5294 2787 5363 deduxit,et
2818 5295 3056 5361 nebula,
3082 5297 3363 5351 nimirum
3390 5313 3524 5351 san-

1868 5385 2113 5442 ctissimi
2146 5385 2396 5456 Spiritus
2426 5384 2809 5455 protectione,
2844 5385 3234 5441 custodivitac
3266 5387 3338 5441 ad
3370 5390 3528 5442 tran-

1870 5475 2119 5547 quillum
2145 5490 2332 5545 usque
2359 5472 2675 5544 inculpatae
2716 5474 2847 5530 ﬁdei
2892 5480 3125 5547 portum
3158 5476 3528 5533 conservavit

1869 5564 2138 5620 Humana
2170 5580 2408 5635 prorsus
2435 5563 2635 5618 omnia
2683 5579 3103 5636 supergressus
3134 5564 3194 5620 in
3244 5582 3527 5637 suprema

1868 5653 2090 5710 montis
2119 5652 2402 5708 virtutum
2434 5651 2673 5724 specula
2702 5654 2998 5725 speeiosos
3028 5670 3231 5727 pacem
3275 5671 3513 5710 annun-

1865 5745 2079 5801 tiantes
2110 5743 2283 5814 pedes
2308 5742 2454 5811 ﬁxit,
2479 5740 2857 5815 divinamqus
2884 5742 3197 5817 caliginem
3214 5743 3515 5814 ingressus
