  <div class='ocr_page' id='page_1' title='image "/cluster/home/n/w/nwhite01/storage/ocr_20150623/4/mdp.39015078384529/329.png"; bbox 0 0 4020 6358; ppageno 0'>
   <div class='ocr_carea' id='block_1_1' title="bbox 468 362 577 418">
    <p class='ocr_par' dir='ltr' id='par_1_1' title="bbox 468 362 577 418">
     <span class='ocr_line' id='line_1_1' title="bbox 468 362 577 418; baseline -0.018 0"><span class='ocrx_word' id='word_1_1' title='bbox 468 362 577 418; x_wconf 82' lang='grc'><strong>635</strong></span> 
     </span>
    </p>
   </div>
   <div class='ocr_carea' id='block_1_2' title="bbox 1714 360 2649 417">
    <p class='ocr_par' dir='ltr' id='par_1_2' title="bbox 1714 360 2649 417">
     <span class='ocr_line' id='line_1_2' title="bbox 1714 360 2649 417; baseline 0.002 -2"><span class='ocrx_word' id='word_1_2' title='bbox 1714 363 1772 415; x_wconf 81' lang='lat'><strong>8.</strong></span> <span class='ocrx_word' id='word_1_3' title='bbox 1814 361 2127 415; x_wconf 84' lang='lat' dir='ltr'><strong>DIONYSII</strong></span> <span class='ocrx_word' id='word_1_4' title='bbox 2170 360 2649 417; x_wconf 74' lang='lat' dir='ltr'><strong>AREOPAGITE</strong></span> 
     </span>
    </p>
   </div>
   <div class='ocr_carea' id='block_1_3' title="bbox 3774 360 3872 414">
    <p class='ocr_par' dir='ltr' id='par_1_3' title="bbox 3774 360 3872 414">
     <span class='ocr_line' id='line_1_3' title="bbox 3774 360 3872 414; baseline 0 0"><span class='ocrx_word' id='word_1_5' title='bbox 3774 360 3872 414; x_wconf 79' lang='lat'><strong>636</strong></span> 
     </span>
    </p>
   </div>
   <div class='ocr_carea' id='block_1_4' title="bbox 470 476 2110 556">
    <p class='ocr_par' dir='ltr' id='par_1_4' title="bbox 470 483 2110 553">
     <span class='ocr_line' id='line_1_4' title="bbox 470 483 2110 553; baseline -0.003 -10"><span class='ocrx_word' id='word_1_6' title='bbox 470 502 606 543; x_wconf 93' lang='lat' dir='ltr'><strong>cum</strong></span> <span class='ocrx_word' id='word_1_7' title='bbox 642 490 754 541; x_wconf 90' lang='lat' dir='ltr'><strong>Deo</strong></span> <span class='ocrx_word' id='word_1_8' title='bbox 785 484 1155 541; x_wconf 77' lang='lat' dir='ltr'><strong>familiariter</strong></span> <span class='ocrx_word' id='word_1_9' title='bbox 1184 488 1273 539; x_wconf 89' lang='lat' dir='ltr'><strong>est</strong></span> <span class='ocrx_word' id='word_1_10' title='bbox 1300 483 1552 553; x_wconf 84' lang='lat' dir='ltr'><strong>locutus,</strong></span> <span class='ocrx_word' id='word_1_11' title='bbox 1586 500 1651 539; x_wconf 88' lang='lat' dir='ltr'><strong>ac</strong></span> <span class='ocrx_word' id='word_1_12' title='bbox 1669 483 1876 539; x_wconf 68' lang='lat' dir='ltr'><strong>divinae</strong></span> <span class='ocrx_word' id='word_1_13' title='bbox 1927 484 2110 538; x_wconf 91' lang='lat' dir='ltr'><strong>mani-</strong></span> 
     </span>
    </p>
   </div>
   <div class='ocr_carea' id='block_1_5' title="bbox 2222 476 3876 556">
    <p class='ocr_par' dir='ltr' id='par_1_5' title="bbox 2229 476 3876 556">
     <span class='ocr_line' id='line_1_5' title="bbox 2229 476 3876 556; baseline -0.001 -21"><span class='ocrx_word' id='word_1_14' title='bbox 2229 478 2402 544; x_wconf 85' lang='grc' dir='ltr'>πόδας</span> <span class='ocrx_word' id='word_1_15' title='bbox 2458 481 2757 556; x_wconf 77' lang='grc' dir='ltr'><strong>ἐπερείσας,</strong></span> <span class='ocrx_word' id='word_1_16' title='bbox 2816 480 2906 536; x_wconf 83' lang='grc' dir='ltr'>καὶ</span> <span class='ocrx_word' id='word_1_17' title='bbox 2937 482 3029 536; x_wconf 82' lang='grc' dir='ltr'>τὸν</span> <span class='ocrx_word' id='word_1_18' title='bbox 3082 485 3228 544; x_wconf 86' lang='grc' dir='ltr'>θεῖον</span> <span class='ocrx_word' id='word_1_19' title='bbox 3280 476 3614 540; x_wconf 84' lang='grc' dir='ltr'>είσδεδυκὼς</span> <span class='ocrx_word' id='word_1_20' title='bbox 3666 480 3876 555; x_wconf 72' lang='grc' dir='ltr'>γνόφον,</span> 
     </span>
    </p>
   </div>
   <div class='ocr_carea' id='block_1_6' title="bbox 468 573 2113 646">
    <p class='ocr_par' dir='ltr' id='par_1_6' title="bbox 468 573 2113 646">
     <span class='ocr_line' id='line_1_6' title="bbox 468 573 2113 646; baseline -0.003 -14"><span class='ocrx_word' id='word_1_21' title='bbox 468 576 799 632; x_wconf 81' lang='lat' dir='ltr'><strong>festationis</strong></span> <span class='ocrx_word' id='word_1_22' title='bbox 822 580 878 630; x_wconf 88' lang='lat' dir='ltr'><strong>et</strong></span> <span class='ocrx_word' id='word_1_23' title='bbox 910 574 1297 646; x_wconf 75' lang='lat' dir='ltr'><strong>legislationis</strong></span> <span class='ocrx_word' id='word_1_24' title='bbox 1319 574 1549 629; x_wconf 79' lang='lat' dir='ltr'><strong>tabulas</strong></span> <span class='ocrx_word' id='word_1_25' title='bbox 1572 574 1812 644; x_wconf 89' lang='lat' dir='ltr'><strong>accepit.</strong></span> <span class='ocrx_word' id='word_1_26' title='bbox 1843 573 2113 627; x_wconf 79' lang='lat' dir='ltr'><strong>Manibus</strong></span> 
     </span>
    </p>
   </div>
   <div class='ocr_carea' id='block_1_7' title="bbox 466 662 2111 736">
    <p class='ocr_par' dir='ltr' id='par_1_7' title="bbox 466 662 2111 736">
     <span class='ocr_line' id='line_1_7' title="bbox 466 662 2111 736; baseline -0.002 -18"><span class='ocrx_word' id='word_1_27' title='bbox 466 665 525 720; x_wconf 89' lang='lat' dir='ltr'><strong>in</strong></span> <span class='ocrx_word' id='word_1_28' title='bbox 557 665 751 719; x_wconf 90' lang='lat' dir='ltr'><strong>crucis</strong></span> <span class='ocrx_word' id='word_1_29' title='bbox 782 664 1035 736; x_wconf 87' lang='lat' dir='ltr'><strong>speciem</strong></span> <span class='ocrx_word' id='word_1_30' title='bbox 1064 664 1336 729; x_wconf 80' lang='lat' dir='ltr'><strong>sublatis,</strong></span> <span class='ocrx_word' id='word_1_31' title='bbox 1370 663 1601 718; x_wconf 77' lang='lat' dir='ltr'><strong>Amalec</strong></span> <span class='ocrx_word' id='word_1_32' title='bbox 1652 663 1766 718; x_wconf 90' lang='lat' dir='ltr'><strong>Deo</strong></span> <span class='ocrx_word' id='word_1_33' title='bbox 1809 662 2111 717; x_wconf 83' lang='lat' dir='ltr'><strong>infensum</strong></span> 
     </span>
    </p>
   </div>
   <div class='ocr_carea' id='block_1_8' title="bbox 464 752 2113 825">
    <p class='ocr_par' dir='ltr' id='par_1_8' title="bbox 464 752 2113 825">
     <span class='ocr_line' id='line_1_8' title="bbox 464 752 2113 825; baseline -0.002 -17"><span class='ocrx_word' id='word_1_34' title='bbox 464 754 521 808; x_wconf 90' lang='lat' dir='ltr'><strong>in</strong></span> <span class='ocrx_word' id='word_1_35' title='bbox 555 754 924 825; x_wconf 85' lang='lat' dir='ltr'><strong>triumphum</strong></span> <span class='ocrx_word' id='word_1_36' title='bbox 959 753 1142 807; x_wconf 78' lang='lat' dir='ltr'><strong>duxit.</strong></span> <span class='ocrx_word' id='word_1_37' title='bbox 1176 753 1451 824; x_wconf 88' lang='lat' dir='ltr'><strong>Vipereos</strong></span> <span class='ocrx_word' id='word_1_38' title='bbox 1472 770 1725 817; x_wconf 82' lang='lat' dir='ltr'><strong>morsus,</strong></span> <span class='ocrx_word' id='word_1_39' title='bbox 1769 770 1835 807; x_wconf 86' lang='lat' dir='ltr'><strong>ac</strong></span> <span class='ocrx_word' id='word_1_40' title='bbox 1880 752 2113 806; x_wconf 65' lang='lat' dir='ltr'><strong>insndiis</strong></span> 
     </span>
    </p>
   </div>
   <div class='ocr_carea' id='block_1_9' title="bbox 463 841 2111 914">
    <p class='ocr_par' dir='ltr' id='par_1_9' title="bbox 463 841 2111 914">
     <span class='ocr_line' id='line_1_9' title="bbox 463 841 2111 914; baseline -0.002 -15"><span class='ocrx_word' id='word_1_41' title='bbox 463 845 799 899; x_wconf 45' lang='lat' dir='ltr'><strong>daemonum</strong></span> <span class='ocrx_word' id='word_1_42' title='bbox 834 842 1267 914; x_wconf 84' lang='lat' dir='ltr'><strong>supplantatos,</strong></span> <span class='ocrx_word' id='word_1_43' title='bbox 1294 842 1638 913; x_wconf 83' lang='lat' dir='ltr'><strong>sagittisque</strong></span> <span class='ocrx_word' id='word_1_44' title='bbox 1669 841 1887 896; x_wconf 79' lang='lat' dir='ltr'><strong>nefarie</strong></span> <span class='ocrx_word' id='word_1_45' title='bbox 1911 844 2111 911; x_wconf 86' lang='lat' dir='ltr'><strong>captos</strong></span> 
     </span>
    </p>
   </div>
   <div class='ocr_carea' id='block_1_10' title="bbox 462 929 2111 1004">
    <p class='ocr_par' dir='ltr' id='par_1_10' title="bbox 462 929 2111 1004">
     <span class='ocr_line' id='line_1_10' title="bbox 462 929 2111 1004; baseline -0.003 -17"><span class='ocrx_word' id='word_1_46' title='bbox 462 939 651 1001; x_wconf 82' lang='lat' dir='ltr'><strong>curat,</strong></span> <span class='ocrx_word' id='word_1_47' title='bbox 686 934 862 1004; x_wconf 87' lang='lat' dir='ltr'><strong>idque</strong></span> <span class='ocrx_word' id='word_1_48' title='bbox 895 949 1068 988; x_wconf 88' lang='lat' dir='ltr'><strong>carne</strong></span> <span class='ocrx_word' id='word_1_49' title='bbox 1100 932 1282 996; x_wconf 85' lang='lat' dir='ltr'><strong>verbi,</strong></span> <span class='ocrx_word' id='word_1_50' title='bbox 1317 933 1469 1003; x_wconf 84' lang='lat' dir='ltr'><strong>quod</strong></span> <span class='ocrx_word' id='word_1_51' title='bbox 1505 932 1561 985; x_wconf 92' lang='lat' dir='ltr'><strong>in</strong></span> <span class='ocrx_word' id='word_1_52' title='bbox 1614 930 1772 1003; x_wconf 84' lang='lat' dir='ltr'><strong>ligno</strong></span> <span class='ocrx_word' id='word_1_53' title='bbox 1816 929 2111 1001; x_wconf 80' lang='lat' dir='ltr'><strong>pependit,</strong></span> 
     </span>
    </p>
   </div>
   <div class='ocr_carea' id='block_1_11' title="bbox 464 1019 2113 1093">
    <p class='ocr_par' dir='ltr' id='par_1_11' title="bbox 464 1019 2113 1093">
     <span class='ocr_line' id='line_1_11' title="bbox 464 1019 2113 1093; baseline -0.002 -17"><span class='ocrx_word' id='word_1_54' title='bbox 464 1028 836 1093; x_wconf 89' lang='lat' dir='ltr'><strong>mortemque</strong></span> <span class='ocrx_word' id='word_1_55' title='bbox 858 1022 1062 1087; x_wconf 85' lang='lat' dir='ltr'><strong>subiit,</strong></span> <span class='ocrx_word' id='word_1_56' title='bbox 1082 1026 1139 1076; x_wconf 92' lang='lat' dir='ltr'><strong>et</strong></span> <span class='ocrx_word' id='word_1_57' title='bbox 1160 1021 1459 1092; x_wconf 86' lang='lat' dir='ltr'><strong>Oppositas</strong></span> <span class='ocrx_word' id='word_1_58' title='bbox 1478 1021 1626 1074; x_wconf 90' lang='lat' dir='ltr'><strong>vires</strong></span> <span class='ocrx_word' id='word_1_59' title='bbox 1642 1020 1906 1087; x_wconf 86' lang='lat' dir='ltr'><strong>peremit,</strong></span> <span class='ocrx_word' id='word_1_60' title='bbox 1934 1019 2113 1090; x_wconf 88' lang='lat' dir='ltr'><strong>quod-</strong></span> 
     </span>
    </p>
   </div>
   <div class='ocr_carea' id='block_1_12' title="bbox 461 1108 2110 1182">
    <p class='ocr_par' dir='ltr' id='par_1_12' title="bbox 461 1108 2110 1182">
     <span class='ocr_line' id='line_1_12' title="bbox 461 1108 2110 1182; baseline -0.001 -18"><span class='ocrx_word' id='word_1_61' title='bbox 461 1127 574 1182; x_wconf 91' lang='lat' dir='ltr'><strong>que</strong></span> <span class='ocrx_word' id='word_1_62' title='bbox 604 1111 818 1182; x_wconf 86' lang='lat' dir='ltr'><strong>abipso</strong></span> <span class='ocrx_word' id='word_1_63' title='bbox 843 1111 1019 1182; x_wconf 85' lang='lat' dir='ltr'><strong>probe</strong></span> <span class='ocrx_word' id='word_1_64' title='bbox 1036 1116 1374 1165; x_wconf 87' lang='lat' dir='ltr'><strong>veneratum</strong></span> <span class='ocrx_word' id='word_1_65' title='bbox 1400 1116 1456 1165; x_wconf 91' lang='lat' dir='ltr'><strong>et</strong></span> <span class='ocrx_word' id='word_1_66' title='bbox 1476 1110 1682 1181; x_wconf 80' lang='lat' dir='ltr'><strong>spiritu</strong></span> <span class='ocrx_word' id='word_1_67' title='bbox 1709 1108 2110 1180; x_wconf 66' lang='lat' dir='ltr'><strong>praedicatum,</strong></span> 
     </span>
    </p>
   </div>
   <div class='ocr_carea' id='block_1_13' title="bbox 461 1199 2110 1256">
    <p class='ocr_par' dir='ltr' id='par_1_13' title="bbox 461 1199 2110 1256">
     <span class='ocr_line' id='line_1_13' title="bbox 461 1199 2110 1256; baseline -0.002 -1"><span class='ocrx_word' id='word_1_68' title='bbox 461 1205 519 1255; x_wconf 90' lang='lat' dir='ltr'><strong>et</strong></span> <span class='ocrx_word' id='word_1_69' title='bbox 541 1202 849 1256; x_wconf 88' lang='lat' dir='ltr'><strong>adoratum</strong></span> <span class='ocrx_word' id='word_1_70' title='bbox 884 1200 1011 1255; x_wconf 83' lang='lat' dir='ltr'><strong>fuit.</strong></span> <span class='ocrx_word' id='word_1_71' title='bbox 1050 1202 1117 1255; x_wconf 88' lang='lat' dir='ltr'><strong>Et</strong></span> <span class='ocrx_word' id='word_1_72' title='bbox 1150 1205 1212 1254; x_wconf 93' lang='lat' dir='ltr'><strong>ut</strong></span> <span class='ocrx_word' id='word_1_73' title='bbox 1243 1199 1387 1255; x_wconf 80' lang='lat' dir='ltr'><strong>alter</strong></span> <span class='ocrx_word' id='word_1_74' title='bbox 1432 1200 1606 1254; x_wconf 88' lang='lat' dir='ltr'><strong>Josue</strong></span> <span class='ocrx_word' id='word_1_75' title='bbox 1654 1199 1970 1254; x_wconf 89' lang='lat' dir='ltr'><strong>Jordanem</strong></span> <span class='ocrx_word' id='word_1_76' title='bbox 2021 1214 2110 1253; x_wconf 91' lang='lat' dir='ltr'><strong>se-</strong></span> 
     </span>
    </p>
   </div>
   <div class='ocr_carea' id='block_1_14' title="bbox 460 1287 2112 1361">
    <p class='ocr_par' dir='ltr' id='par_1_14' title="bbox 460 1287 2112 1361">
     <span class='ocr_line' id='line_1_14' title="bbox 460 1287 2112 1361; baseline -0.002 -18"><span class='ocrx_word' id='word_1_77' title='bbox 460 1294 574 1357; x_wconf 85' lang='lat' dir='ltr'><strong>cat,</strong></span> <span class='ocrx_word' id='word_1_78' title='bbox 607 1306 672 1344; x_wconf 92' lang='lat' dir='ltr'><strong>ac</strong></span> <span class='ocrx_word' id='word_1_79' title='bbox 705 1289 1060 1361; x_wconf 86' lang='lat' dir='ltr'><strong>peculiarem</strong></span> <span class='ocrx_word' id='word_1_80' title='bbox 1099 1289 1380 1361; x_wconf 91' lang='lat' dir='ltr'><strong>populum</strong></span> <span class='ocrx_word' id='word_1_81' title='bbox 1412 1288 1663 1360; x_wconf 85' lang='lat' dir='ltr'><strong>peditem</strong></span> <span class='ocrx_word' id='word_1_82' title='bbox 1719 1288 1893 1342; x_wconf 88' lang='lat' dir='ltr'><strong>siccis</strong></span> <span class='ocrx_word' id='word_1_83' title='bbox 1943 1287 2112 1341; x_wconf 90' lang='lat' dir='ltr'><strong>vesti-</strong></span> 
     </span>
    </p>
   </div>
   <div class='ocr_carea' id='block_1_15' title="bbox 462 1374 2111 1451">
    <p class='ocr_par' dir='ltr' id='par_1_15' title="bbox 462 1374 2111 1451">
     <span class='ocr_line' id='line_1_15' title="bbox 462 1374 2111 1451; baseline -0.001 -19"><span class='ocrx_word' id='word_1_84' title='bbox 462 1379 577 1451; x_wconf 87' lang='lat' dir='ltr'><strong>giis</strong></span> <span class='ocrx_word' id='word_1_85' title='bbox 626 1379 1055 1447; x_wconf 85' lang='lat' dir='ltr'><strong>ambulantem,</strong></span> <span class='ocrx_word' id='word_1_86' title='bbox 1115 1382 1566 1451; x_wconf 88' lang='lat' dir='ltr'><strong>portantemque</strong></span> <span class='ocrx_word' id='word_1_87' title='bbox 1606 1374 1995 1432; x_wconf 79' lang='lat' dir='ltr'><strong>venerabilem</strong></span> <span class='ocrx_word' id='word_1_88' title='bbox 2045 1393 2111 1431; x_wconf 88' lang='lat' dir='ltr'><strong>ac</strong></span> 
     </span>
    </p>
   </div>
   <div class='ocr_carea' id='block_1_16' title="bbox 461 1465 2108 1538">
    <p class='ocr_par' dir='ltr' id='par_1_16' title="bbox 461 1465 2108 1538">
     <span class='ocr_line' id='line_1_16' title="bbox 461 1465 2108 1538; baseline -0.001 -16"><span class='ocrx_word' id='word_1_89' title='bbox 461 1473 896 1523; x_wconf 83' lang='lat' dir='ltr'><strong>sacrosanctam</strong></span> <span class='ocrx_word' id='word_1_90' title='bbox 926 1483 1147 1534; x_wconf 90' lang='lat' dir='ltr'><strong>arcam,</strong></span> <span class='ocrx_word' id='word_1_91' title='bbox 1167 1484 1293 1538; x_wconf 66' lang='lat' dir='ltr'><strong>qum</strong></span> <span class='ocrx_word' id='word_1_92' title='bbox 1314 1466 1497 1521; x_wconf 89' lang='lat' dir='ltr'><strong>instar</strong></span> <span class='ocrx_word' id='word_1_93' title='bbox 1518 1465 1677 1521; x_wconf 86' lang='lat' dir='ltr'><strong>illius</strong></span> <span class='ocrx_word' id='word_1_94' title='bbox 1693 1466 1901 1521; x_wconf 91' lang='lat' dir='ltr'><strong>veteris</strong></span> <span class='ocrx_word' id='word_1_95' title='bbox 1926 1466 2108 1520; x_wconf 91' lang='lat' dir='ltr'><strong>Deum</strong></span> 
     </span>
    </p>
   </div>
   <div class='ocr_carea' id='block_1_17' title="bbox 459 1554 2108 1627">
    <p class='ocr_par' dir='ltr' id='par_1_17' title="bbox 459 1554 2108 1627">
     <span class='ocr_line' id='line_1_17' title="bbox 459 1554 2108 1627; baseline -0.002 -14"><span class='ocrx_word' id='word_1_96' title='bbox 459 1558 741 1624; x_wconf 85' lang='lat' dir='ltr'><strong>continet,</strong></span> <span class='ocrx_word' id='word_1_97' title='bbox 788 1557 1021 1627; x_wconf 86' lang='lat' dir='ltr'><strong>trajicit.</strong></span> <span class='ocrx_word' id='word_1_98' title='bbox 1069 1557 1555 1612; x_wconf 89' lang='lat' dir='ltr'><strong>Detestandorum</strong></span> <span class='ocrx_word' id='word_1_99' title='bbox 1608 1554 2108 1611; x_wconf 85' lang='lat' dir='ltr'><strong>Jerichuntiorum</strong></span> 
     </span>
    </p>
   </div>
   <div class='ocr_carea' id='block_1_18' title="bbox 461 1644 2112 1719">
    <p class='ocr_par' dir='ltr' id='par_1_18' title="bbox 461 1644 2112 1719">
     <span class='ocr_line' id='line_1_18' title="bbox 461 1644 2112 1719; baseline -0.001 -18"><span class='ocrx_word' id='word_1_100' title='bbox 461 1653 828 1719; x_wconf 86' lang='lat' dir='ltr'><strong>argumenta,</strong></span> <span class='ocrx_word' id='word_1_101' title='bbox 862 1648 961 1717; x_wconf 88' lang='lat' dir='ltr'><strong>qui</strong></span> <span class='ocrx_word' id='word_1_102' title='bbox 1016 1646 1189 1701; x_wconf 88' lang='lat' dir='ltr'><strong>alieni</strong></span> <span class='ocrx_word' id='word_1_103' title='bbox 1243 1645 1673 1719; x_wconf 85' lang='lat' dir='ltr'><strong>intelliguntur,</strong></span> <span class='ocrx_word' id='word_1_104' title='bbox 1724 1662 1791 1699; x_wconf 90' lang='lat' dir='ltr'><strong>ac</strong></span> <span class='ocrx_word' id='word_1_105' title='bbox 1842 1644 2112 1714; x_wconf 76' lang='lat' dir='ltr'><strong>praesidia</strong></span> 
     </span>
    </p>
   </div>
   <div class='ocr_carea' id='block_1_19' title="bbox 461 1733 2110 1809">
    <p class='ocr_par' dir='ltr' id='par_1_19' title="bbox 461 1733 2110 1809">
     <span class='ocr_line' id='line_1_19' title="bbox 461 1733 2110 1809; baseline -0.002 -18"><span class='ocrx_word' id='word_1_106' title='bbox 461 1736 929 1809; x_wconf 87' lang='lat' dir='ltr'><strong>conspirantium</strong></span> <span class='ocrx_word' id='word_1_107' title='bbox 951 1736 1355 1791; x_wconf 71' lang='lat' dir='ltr'><strong>hazreticorum</strong></span> <span class='ocrx_word' id='word_1_108' title='bbox 1383 1736 1538 1790; x_wconf 91' lang='lat' dir='ltr'><strong>vario</strong></span> <span class='ocrx_word' id='word_1_109' title='bbox 1563 1742 1739 1806; x_wconf 88' lang='lat' dir='ltr'><strong>atque</strong></span> <span class='ocrx_word' id='word_1_110' title='bbox 1779 1733 2110 1805; x_wconf 81' lang='lat' dir='ltr'><strong>multiplici,</strong></span> 
     </span>
    </p>
   </div>
   <div class='ocr_carea' id='block_1_20' title="bbox 459 1822 2108 1896">
    <p class='ocr_par' dir='ltr' id='par_1_20' title="bbox 459 1822 2108 1896">
     <span class='ocr_line' id='line_1_20' title="bbox 459 1822 2108 1896; baseline -0.002 -17"><span class='ocrx_word' id='word_1_111' title='bbox 459 1841 563 1896; x_wconf 90' lang='lat' dir='ltr'><strong>pro</strong></span> <span class='ocrx_word' id='word_1_112' title='bbox 598 1823 1161 1896; x_wconf 83' lang='lat' dir='ltr'><strong>pietate,certamine</strong></span> <span class='ocrx_word' id='word_1_113' title='bbox 1192 1825 1528 1895; x_wconf 74' lang='lat' dir='ltr'><strong>prosternit,</strong></span> <span class='ocrx_word' id='word_1_114' title='bbox 1563 1830 1620 1878; x_wconf 92' lang='lat' dir='ltr'><strong>et</strong></span> <span class='ocrx_word' id='word_1_115' title='bbox 1642 1840 1745 1895; x_wconf 89' lang='lat' dir='ltr'><strong>pro</strong></span> <span class='ocrx_word' id='word_1_116' title='bbox 1778 1822 2108 1877; x_wconf 85' lang='lat' dir='ltr'><strong>divinarum</strong></span> 
     </span>
    </p>
   </div>
   <div class='ocr_carea' id='block_1_21' title="bbox 2224 570 3873 647">
    <p class='ocr_par' dir='ltr' id='par_1_21' title="bbox 2224 570 3873 647">
     <span class='ocr_line' id='line_1_21' title="bbox 2224 570 3873 647; baseline -0.003 -20"><span class='ocrx_word' id='word_1_117' title='bbox 2224 573 2313 627; x_wconf 85' lang='lat' dir='ltr'><strong>xui</strong></span> <span class='ocrx_word' id='word_1_118' title='bbox 2375 577 2490 644; x_wconf 79' lang='grc' dir='ltr'><strong>Θεῷ</strong></span> <span class='ocrx_word' id='word_1_119' title='bbox 2547 570 2991 647; x_wconf 77' lang='grc' dir='ltr'><strong>προσομιλήσας,</strong></span> <span class='ocrx_word' id='word_1_120' title='bbox 3052 570 3139 625; x_wconf 84' lang='lat' dir='ltr'><strong>xui</strong></span> <span class='ocrx_word' id='word_1_121' title='bbox 3197 570 3292 632; x_wconf 74' lang='grc' dir='ltr'><strong>τὰς</strong></span> <span class='ocrx_word' id='word_1_122' title='bbox 3351 577 3449 639; x_wconf 79' lang='grc' dir='ltr'>τῆς</span> <span class='ocrx_word' id='word_1_123' title='bbox 3500 570 3873 645; x_wconf 73' lang='grc' dir='ltr'>θεοφαντορίας</span> 
     </span>
    </p>
   </div>
   <div class='ocr_carea' id='block_1_22' title="bbox 2223 658 3870 735">
    <p class='ocr_par' dir='ltr' id='par_1_22' title="bbox 2223 658 3870 735">
     <span class='ocr_line' id='line_1_22' title="bbox 2223 658 3870 735; baseline -0.001 -20"><span class='ocrx_word' id='word_1_124' title='bbox 2223 663 2309 715; x_wconf 84' lang='lat' dir='ltr'><strong>xui</strong></span> <span class='ocrx_word' id='word_1_125' title='bbox 2383 662 2705 735; x_wconf 81' lang='grc' dir='ltr'>νομοθεσίας</span> <span class='ocrx_word' id='word_1_126' title='bbox 2762 660 2976 725; x_wconf 89' lang='grc' dir='ltr'>πλάκας</span> <span class='ocrx_word' id='word_1_127' title='bbox 3025 658 3337 731; x_wconf 82' lang='grc' dir='ltr'>δεξάμενος,</span> <span class='ocrx_word' id='word_1_128' title='bbox 3393 660 3483 713; x_wconf 80' lang='grc' dir='ltr'>καὶ</span> <span class='ocrx_word' id='word_1_129' title='bbox 3546 664 3669 721; x_wconf 86' lang='grc' dir='ltr'>ταῖς</span> <span class='ocrx_word' id='word_1_130' title='bbox 3725 680 3870 714; x_wconf 86' lang='grc' dir='ltr'>σταυ-</span> 
     </span>
    </p>
   </div>
   <div class='ocr_carea' id='block_1_23' title="bbox 2225 748 3867 825">
    <p class='ocr_par' dir='ltr' id='par_1_23' title="bbox 2225 748 3867 825">
     <span class='ocr_line' id='line_1_23' title="bbox 2225 748 3867 825; baseline -0.001 -21"><span class='ocrx_word' id='word_1_131' title='bbox 2225 749 2829 825; x_wconf 38' lang='grc' dir='ltr'>ροειδῶςιὺψουμέναις</span> <span class='ocrx_word' id='word_1_132' title='bbox 2882 751 3165 822; x_wconf 80' lang='grc' dir='ltr'>παλάμαις</span> <span class='ocrx_word' id='word_1_133' title='bbox 3214 750 3304 803; x_wconf 82' lang='grc' dir='ltr'>τὸν</span> <span class='ocrx_word' id='word_1_134' title='bbox 3360 748 3607 802; x_wconf 80' lang='grc' dir='ltr'>ἀντίθεον</span> <span class='ocrx_word' id='word_1_135' title='bbox 3665 768 3867 818; x_wconf 81' lang='grc' dir='ltr'>τροπω-</span> 
     </span>
    </p>
   </div>
   <div class='ocr_carea' id='block_1_24' title="bbox 2225 834 3866 913">
    <p class='ocr_par' dir='ltr' id='par_1_24' title="bbox 2225 834 3866 913">
     <span class='ocr_line' id='line_1_24' title="bbox 2225 834 3866 913; baseline -0.002 -21"><span class='ocrx_word' id='word_1_136' title='bbox 2225 842 2458 912; x_wconf 85' lang='grc' dir='ltr'>σάμενος</span> <span class='ocrx_word' id='word_1_137' title='bbox 2519 840 2819 913; x_wconf 68' lang='grc' dir='ltr'>Ἀμαλήκ,</span> <span class='ocrx_word' id='word_1_138' title='bbox 2889 842 2978 894; x_wconf 85' lang='lat' dir='ltr'><strong>xui</strong></span> <span class='ocrx_word' id='word_1_139' title='bbox 3037 844 3143 893; x_wconf 88' lang='grc' dir='ltr'><strong>τῶν</strong></span> <span class='ocrx_word' id='word_1_140' title='bbox 3204 835 3499 913; x_wconf 76' lang='grc' dir='ltr'>ἐχιδναίων</span> <span class='ocrx_word' id='word_1_141' title='bbox 3560 834 3866 911; x_wconf 71' lang='grc' dir='ltr'>δηγμάτων,</span> 
     </span>
    </p>
   </div>
   <div class='ocr_carea' id='block_1_25' title="bbox 2221 926 3865 1005">
    <p class='ocr_par' dir='ltr' id='par_1_25' title="bbox 2221 926 3865 1005">
     <span class='ocr_line' id='line_1_25' title="bbox 2221 926 3865 1005; baseline 0 -24"><span class='ocrx_word' id='word_1_142' title='bbox 2221 932 2327 981; x_wconf 88' lang='grc' dir='ltr'><strong>τῶν</strong></span> <span class='ocrx_word' id='word_1_143' title='bbox 2364 926 2696 1002; x_wconf 84' lang='grc' dir='ltr'>δαιμονικῶν</span> <span class='ocrx_word' id='word_1_144' title='bbox 2760 929 2947 1005; x_wconf 83' lang='grc' dir='ltr'>λόχων</span> <span class='ocrx_word' id='word_1_145' title='bbox 2998 930 3088 984; x_wconf 89' lang='lat' dir='ltr'><strong>xui</strong></span> <span class='ocrx_word' id='word_1_146' title='bbox 3126 929 3476 1000; x_wconf 76' lang='grc' dir='ltr'><strong>τοξευμάτων</strong></span> <span class='ocrx_word' id='word_1_147' title='bbox 3539 926 3670 987; x_wconf 79' lang='grc' dir='ltr'>τοὺς</span> <span class='ocrx_word' id='word_1_148' title='bbox 3724 949 3865 1001; x_wconf 87' lang='grc' dir='ltr'>πτερ-</span> 
     </span>
    </p>
   </div>
   <div class='ocr_carea' id='block_1_26' title="bbox 2221 1016 3867 1090">
    <p class='ocr_par' dir='ltr' id='par_1_26' title="bbox 2221 1016 3867 1090">
     <span class='ocr_line' id='line_1_26' title="bbox 2221 1016 3867 1090; baseline -0.001 -20"><span class='ocrx_word' id='word_1_149' title='bbox 2221 1018 2497 1081; x_wconf 84' lang='grc' dir='ltr'>νισθέντας</span> <span class='ocrx_word' id='word_1_150' title='bbox 2546 1018 2636 1073; x_wconf 86' lang='grc' dir='ltr'>καὶ</span> <span class='ocrx_word' id='word_1_151' title='bbox 2684 1024 2865 1081; x_wconf 89' lang='grc' dir='ltr'>κακῶς</span> <span class='ocrx_word' id='word_1_152' title='bbox 2895 1017 3128 1080; x_wconf 78' lang='grc' dir='ltr'><strong>ἁλόντας</strong></span> <span class='ocrx_word' id='word_1_153' title='bbox 3162 1016 3453 1089; x_wconf 78' lang='grc' dir='ltr'><strong>ἐξιώμενος</strong></span> <span class='ocrx_word' id='word_1_154' title='bbox 3508 1020 3591 1087; x_wconf 83' lang='grc' dir='ltr'>τῷ</span> <span class='ocrx_word' id='word_1_155' title='bbox 3618 1019 3716 1069; x_wconf 74' lang='grc' dir='ltr'><strong>τοῦ</strong></span> <span class='ocrx_word' id='word_1_156' title='bbox 3760 1036 3867 1090; x_wconf 84' lang='grc' dir='ltr'>κρε-</span> 
     </span>
    </p>
   </div>
   <div class='ocr_carea' id='block_1_27' title="bbox 2226 1107 3862 1182">
    <p class='ocr_par' dir='ltr' id='par_1_27' title="bbox 2226 1107 3862 1182">
     <span class='ocr_line' id='line_1_27' title="bbox 2226 1107 3862 1182; baseline -0.002 -22"><span class='ocrx_word' id='word_1_157' title='bbox 2226 1109 2521 1179; x_wconf 77' lang='grc' dir='ltr'>μασθέντος</span> <span class='ocrx_word' id='word_1_158' title='bbox 2589 1108 2676 1163; x_wconf 81' lang='grc' dir='ltr'>ἐπὶ</span> <span class='ocrx_word' id='word_1_159' title='bbox 2744 1107 2907 1178; x_wconf 73' lang='grc' dir='ltr'>ξύλου</span> <span class='ocrx_word' id='word_1_160' title='bbox 2964 1108 3051 1162; x_wconf 86' lang='grc' dir='ltr'><strong>καὶ</strong></span> <span class='ocrx_word' id='word_1_161' title='bbox 3122 1107 3488 1182; x_wconf 85' lang='grc' dir='ltr'>νεκρωθέντος</span> <span class='ocrx_word' id='word_1_162' title='bbox 3552 1107 3730 1179; x_wconf 76' lang='grc' dir='ltr'>σαρκὶ,</span> <span class='ocrx_word' id='word_1_163' title='bbox 3758 1107 3862 1159; x_wconf 82' lang='grc' dir='ltr'>καί-</span> 
     </span>
    </p>
   </div>
   <div class='ocr_carea' id='block_1_28' title="bbox 2218 1194 3866 1273">
    <p class='ocr_par' dir='ltr' id='par_1_28' title="bbox 2218 1194 3866 1273">
     <span class='ocr_line' id='line_1_28' title="bbox 2218 1194 3866 1273; baseline -0.002 -22"><span class='ocrx_word' id='word_1_164' title='bbox 2218 1196 2313 1258; x_wconf 77' lang='grc' dir='ltr'>τὰς</span> <span class='ocrx_word' id='word_1_165' title='bbox 2368 1196 2610 1260; x_wconf 78' lang='grc' dir='ltr'><strong>ἐναντίας</strong></span> <span class='ocrx_word' id='word_1_166' title='bbox 2642 1200 3012 1273; x_wconf 85' lang='grc' dir='ltr'>νεκρώσαντος</span> <span class='ocrx_word' id='word_1_167' title='bbox 3043 1194 3318 1270; x_wconf 82' lang='grc' dir='ltr'>δυνάμεις,</span> <span class='ocrx_word' id='word_1_168' title='bbox 3368 1194 3562 1257; x_wconf 84' lang='grc' dir='ltr'>καλῶς</span> <span class='ocrx_word' id='word_1_169' title='bbox 3604 1194 3692 1249; x_wconf 85' lang='grc' dir='ltr'><strong>ὑπ’</strong></span> <span class='ocrx_word' id='word_1_170' title='bbox 3722 1195 3866 1249; x_wconf 80' lang='grc' dir='ltr'>αὐτοῦ</span> 
     </span>
    </p>
   </div>
   <div class='ocr_carea' id='block_1_29' title="bbox 2222 1282 3863 1365">
    <p class='ocr_par' dir='ltr' id='par_1_29' title="bbox 2222 1282 3863 1365">
     <span class='ocr_line' id='line_1_29' title="bbox 2222 1282 3863 1365; baseline -0.001 -24"><span class='ocrx_word' id='word_1_171' title='bbox 2222 1282 2562 1361; x_wconf 75' lang='grc' dir='ltr'>σεϐομένου,</span> <span class='ocrx_word' id='word_1_172' title='bbox 2619 1290 2710 1345; x_wconf 84' lang='grc' dir='ltr'><strong>καὶ</strong></span> <span class='ocrx_word' id='word_1_173' title='bbox 2764 1287 3262 1365; x_wconf 68' lang='grc' dir='ltr'>προσκυνουμένου,</span> <span class='ocrx_word' id='word_1_174' title='bbox 3322 1287 3413 1341; x_wconf 82' lang='grc' dir='ltr'><strong>καὶ</strong></span> <span class='ocrx_word' id='word_1_175' title='bbox 3470 1287 3863 1359; x_wconf 75' lang='grc' dir='ltr'>κηρυττομένου</span> 
     </span>
    </p>
   </div>
   <div class='ocr_carea' id='block_1_30' title="bbox 2221 1372 3861 1451">
    <p class='ocr_par' dir='ltr' id='par_1_30' title="bbox 2221 1372 3861 1451">
     <span class='ocr_line' id='line_1_30' title="bbox 2221 1372 3861 1451; baseline -0.004 -18"><span class='ocrx_word' id='word_1_176' title='bbox 2221 1374 2388 1451; x_wconf 83' lang='grc' dir='ltr'>λόγου</span> <span class='ocrx_word' id='word_1_177' title='bbox 2436 1377 2725 1451; x_wconf 78' lang='grc' dir='ltr'>πνεύματι.</span> <span class='ocrx_word' id='word_1_178' title='bbox 2780 1378 2885 1434; x_wconf 86' lang='grc' dir='ltr'>Καὶ</span> <span class='ocrx_word' id='word_1_179' title='bbox 2942 1381 3153 1448; x_wconf 78' lang='grc' dir='ltr'>Ἰησοῦς</span> <span class='ocrx_word' id='word_1_180' title='bbox 3207 1373 3379 1439; x_wconf 72' lang='grc' dir='ltr'>ἄλλος</span> <span class='ocrx_word' id='word_1_181' title='bbox 3424 1376 3645 1448; x_wconf 87' lang='grc' dir='ltr'>τέμνων</span> <span class='ocrx_word' id='word_1_182' title='bbox 3681 1372 3861 1449; x_wconf 76' lang='grc' dir='ltr'>Ἰορδά-</span> 
     </span>
    </p>
   </div>
   <div class='ocr_carea' id='block_1_31' title="bbox 2220 1460 3863 1544">
    <p class='ocr_par' dir='ltr' id='par_1_31' title="bbox 2220 1460 3863 1544">
     <span class='ocr_line' id='line_1_31' title="bbox 2220 1460 3863 1544; baseline -0.002 -23"><span class='ocrx_word' id='word_1_183' title='bbox 2220 1488 2339 1539; x_wconf 77' lang='grc' dir='ltr'>νην,</span> <span class='ocrx_word' id='word_1_184' title='bbox 2388 1466 2477 1522; x_wconf 83' lang='grc' dir='ltr'><strong>καὶ</strong></span> <span class='ocrx_word' id='word_1_185' title='bbox 2533 1468 2625 1522; x_wconf 87' lang='grc' dir='ltr'>τὸν</span> <span class='ocrx_word' id='word_1_186' title='bbox 2687 1468 2998 1544; x_wconf 73' lang='grc' dir='ltr'>περιούσιον</span> <span class='ocrx_word' id='word_1_187' title='bbox 3055 1465 3385 1540; x_wconf 85' lang='grc' dir='ltr'>διαπεραιῶν</span> <span class='ocrx_word' id='word_1_188' title='bbox 3444 1464 3581 1519; x_wconf 86' lang='grc' dir='ltr'>λαὸν</span> <span class='ocrx_word' id='word_1_189' title='bbox 3617 1460 3863 1540; x_wconf 77' lang='grc' dir='ltr'>άϐρόχοις</span> 
     </span>
    </p>
   </div>
   <div class='ocr_carea' id='block_1_32' title="bbox 2222 1552 3864 1632">
    <p class='ocr_par' dir='ltr' id='par_1_32' title="bbox 2222 1552 3864 1632">
     <span class='ocr_line' id='line_1_32' title="bbox 2222 1552 3864 1632; baseline -0.001 -24"><span class='ocrx_word' id='word_1_190' title='bbox 2222 1552 2399 1629; x_wconf 67' lang='grc' dir='ltr'>ἴχνεσι</span> <span class='ocrx_word' id='word_1_191' title='bbox 2458 1561 2890 1632; x_wconf 76' lang='grc' dir='ltr'>πεζοποροῦντα,</span> <span class='ocrx_word' id='word_1_192' title='bbox 2921 1557 3010 1611; x_wconf 76' lang='grc' dir='ltr'>καὶ</span> <span class='ocrx_word' id='word_1_193' title='bbox 3041 1557 3140 1623; x_wconf 77' lang='grc' dir='ltr'>τήν</span> <span class='ocrx_word' id='word_1_194' title='bbox 3166 1554 3215 1625; x_wconf 79' lang='grc' dir='ltr'><strong>ἐξ</strong></span> <span class='ocrx_word' id='word_1_195' title='bbox 3248 1554 3413 1609; x_wconf 78' lang='grc' dir='ltr'>αὐτοῦ</span> <span class='ocrx_word' id='word_1_196' title='bbox 3470 1554 3864 1629; x_wconf 81' lang='grc' dir='ltr'>βΛαστήσουσαν</span> 
     </span>
    </p>
   </div>
   <div class='ocr_carea' id='block_1_33' title="bbox 2222 1638 3863 1720">
    <p class='ocr_par' dir='ltr' id='par_1_33' title="bbox 2222 1638 3863 1720">
     <span class='ocr_line' id='line_1_33' title="bbox 2222 1638 3863 1720; baseline -0.001 -23"><span class='ocrx_word' id='word_1_197' title='bbox 2222 1639 2627 1717; x_wconf 76' lang='grc' dir='ltr'>πανσεὸάσμιόν</span> <span class='ocrx_word' id='word_1_198' title='bbox 2683 1666 2741 1700; x_wconf 91' lang='grc' dir='ltr'><strong>τε</strong></span> <span class='ocrx_word' id='word_1_199' title='bbox 2798 1646 2889 1699; x_wconf 84' lang='grc' dir='ltr'><strong>καὶ</strong></span> <span class='ocrx_word' id='word_1_200' title='bbox 2954 1644 3202 1720; x_wconf 84' lang='grc' dir='ltr'>πανίερον</span> <span class='ocrx_word' id='word_1_201' title='bbox 3263 1641 3491 1719; x_wconf 71' lang='grc' dir='ltr'>αἹροντα</span> <span class='ocrx_word' id='word_1_202' title='bbox 3553 1638 3863 1716; x_wconf 75' lang='grc' dir='ltr'>θεοδέγμονα</span> 
     </span>
    </p>
   </div>
   <div class='ocr_carea' id='block_1_34' title="bbox 2221 1728 3865 1808">
    <p class='ocr_par' dir='ltr' id='par_1_34' title="bbox 2221 1728 3865 1808">
     <span class='ocr_line' id='line_1_34' title="bbox 2221 1728 3865 1808; baseline -0.002 -21"><span class='ocrx_word' id='word_1_203' title='bbox 2221 1732 2411 1808; x_wconf 77' lang='grc' dir='ltr'>νοερᾶν</span> <span class='ocrx_word' id='word_1_204' title='bbox 2470 1728 2729 1804; x_wconf 75' lang='grc' dir='ltr'>κιϐωτὸν,</span> <span class='ocrx_word' id='word_1_205' title='bbox 2788 1733 2878 1788; x_wconf 89' lang='lat' dir='ltr'><strong>xui</strong></span> <span class='ocrx_word' id='word_1_206' title='bbox 2908 1733 2975 1789; x_wconf 76' lang='grc' dir='ltr'>τὰ</span> <span class='ocrx_word' id='word_1_207' title='bbox 3029 1737 3137 1788; x_wconf 90' lang='grc' dir='ltr'><strong>τῶν</strong></span> <span class='ocrx_word' id='word_1_208' title='bbox 3170 1731 3602 1808; x_wconf 81' lang='grc' dir='ltr'>Ἱεριχουντείων</span> <span class='ocrx_word' id='word_1_209' title='bbox 3634 1736 3739 1785; x_wconf 90' lang='grc' dir='ltr'><strong>τῶν</strong></span> <span class='ocrx_word' id='word_1_210' title='bbox 3766 1729 3865 1785; x_wconf 67' lang='lat' dir='ltr'><strong>3w-</strong></span> 
     </span>
    </p>
   </div>
   <div class='ocr_carea' id='block_1_35' title="bbox 2224 1821 3861 1898">
    <p class='ocr_par' dir='ltr' id='par_1_35' title="bbox 2224 1821 3861 1898">
     <span class='ocr_line' id='line_1_35' title="bbox 2224 1821 3861 1898; baseline -0.002 -22"><span class='ocrx_word' id='word_1_211' title='bbox 2224 1822 2481 1895; x_wconf 80' lang='grc' dir='ltr'>ωνόμων,</span> <span class='ocrx_word' id='word_1_212' title='bbox 2537 1828 2746 1892; x_wconf 79' lang='grc' dir='ltr'>νοητῶν</span> <span class='ocrx_word' id='word_1_213' title='bbox 2808 1821 3165 1898; x_wconf 79' lang='grc' dir='ltr'>ἀλλοφύλων,</span> <span class='ocrx_word' id='word_1_214' title='bbox 3223 1822 3309 1877; x_wconf 89' lang='lat' dir='ltr'><strong>xui</strong></span> <span class='ocrx_word' id='word_1_215' title='bbox 3365 1826 3468 1884; x_wconf 80' lang='grc' dir='ltr'>τῆς</span> <span class='ocrx_word' id='word_1_216' title='bbox 3526 1826 3637 1876; x_wconf 91' lang='grc' dir='ltr'><strong>τῶν</strong></span> <span class='ocrx_word' id='word_1_217' title='bbox 3685 1822 3861 1895; x_wconf 70' lang='grc' dir='ltr'>αἱρετι·</span> 
     </span>
    </p>
   </div>
   <div class='ocr_carea' id='block_1_36' title="bbox 458 1882 2110 1988">
    <p class='ocr_par' dir='ltr' id='par_1_36' title="bbox 458 1915 2110 1986">
     <span class='ocr_line' id='line_1_36' title="bbox 458 1915 2110 1986; baseline -0.001 -17"><span class='ocrx_word' id='word_1_218' title='bbox 458 1916 735 1970; x_wconf 86' lang='lat' dir='ltr'><strong>tubarum</strong></span> <span class='ocrx_word' id='word_1_219' title='bbox 770 1915 988 1981; x_wconf 88' lang='lat' dir='ltr'><strong>sonitu,</strong></span> <span class='ocrx_word' id='word_1_220' title='bbox 1026 1915 1095 1969; x_wconf 90' lang='lat' dir='ltr'><strong>iis</strong></span> <span class='ocrx_word' id='word_1_221' title='bbox 1128 1932 1251 1985; x_wconf 70' lang='lat' dir='ltr'><strong>quae</strong></span> <span class='ocrx_word' id='word_1_222' title='bbox 1283 1932 1348 1969; x_wconf 83' lang='lat' dir='ltr'><strong>ex</strong></span> <span class='ocrx_word' id='word_1_223' title='bbox 1379 1916 1621 1969; x_wconf 84' lang='lat' dir='ltr'><strong>adverso</strong></span> <span class='ocrx_word' id='word_1_224' title='bbox 1652 1930 1931 1986; x_wconf 88' lang='lat' dir='ltr'><strong>percussa</strong></span> <span class='ocrx_word' id='word_1_225' title='bbox 1951 1930 2110 1967; x_wconf 87' lang='lat' dir='ltr'><strong>ever-</strong></span> 
     </span>
    </p>
   </div>
   <div class='ocr_carea' id='block_1_37' title="bbox 2222 1882 3859 1988">
    <p class='ocr_par' dir='ltr' id='par_1_37' title="bbox 2228 1882 3859 1988">
     <span class='ocr_line' id='line_1_37' title="bbox 2228 1882 3859 1988; baseline -0.001 -23"><span class='ocrx_word' id='word_1_226' title='bbox 2228 1882 2426 1980; x_wconf 55' lang='lat' dir='ltr'><strong>Cdvrwv</strong></span> <span class='ocrx_word' id='word_1_227' title='bbox 2461 1882 2769 1988; x_wconf 77' lang='grc' dir='ltr'>συμμορίας</span> <span class='ocrx_word' id='word_1_228' title='bbox 2821 1882 3163 1988; x_wconf 68' lang='grc' dir='ltr'>όχυρῶματά</span> <span class='ocrx_word' id='word_1_229' title='bbox 3202 1882 3576 1965; x_wconf 76' lang='grc' dir='ltr'>καταϐάλλων</span> <span class='ocrx_word' id='word_1_230' title='bbox 3601 1916 3716 1974; x_wconf 85' lang='grc' dir='ltr'>τοῖς</span> <span class='ocrx_word' id='word_1_231' title='bbox 3742 1882 3859 1985; x_wconf 62' lang='grc' dir='ltr'><strong>¹ὑπὲρ</strong></span> 
     </span>
    </p>
   </div>
   <div class='ocr_carea' id='block_1_38' title="bbox 456 2002 2111 2076">
    <p class='ocr_par' dir='ltr' id='par_1_38' title="bbox 456 2002 2111 2076">
     <span class='ocr_line' id='line_1_38' title="bbox 456 2002 2111 2076; baseline -0.002 -17"><span class='ocrx_word' id='word_1_232' title='bbox 456 2006 637 2059; x_wconf 86' lang='lat' dir='ltr'><strong>tenda</strong></span> <span class='ocrx_word' id='word_1_233' title='bbox 660 2012 847 2076; x_wconf 89' lang='lat' dir='ltr'><strong>erant,</strong></span> <span class='ocrx_word' id='word_1_234' title='bbox 875 2004 1349 2076; x_wconf 68' lang='lat' dir='ltr'><strong>praedicationem</strong></span> <span class='ocrx_word' id='word_1_235' title='bbox 1383 2005 1567 2059; x_wconf 89' lang='lat' dir='ltr'><strong>instar</strong></span> <span class='ocrx_word' id='word_1_236' title='bbox 1598 2002 1739 2058; x_wconf 88' lang='lat' dir='ltr'><strong>solis</strong></span> <span class='ocrx_word' id='word_1_237' title='bbox 1772 2002 2111 2058; x_wconf 83' lang='lat' dir='ltr'><strong>illuminan-</strong></span> 
     </span>
    </p>
   </div>
   <div class='ocr_carea' id='block_1_39' title="bbox 457 2093 2107 2165">
    <p class='ocr_par' dir='ltr' id='par_1_39' title="bbox 457 2093 2107 2165">
     <span class='ocr_line' id='line_1_39' title="bbox 457 2093 2107 2165; baseline -0.001 -17"><span class='ocrx_word' id='word_1_238' title='bbox 457 2098 574 2148; x_wconf 88' lang='lat' dir='ltr'><strong>tem</strong></span> <span class='ocrx_word' id='word_1_239' title='bbox 600 2094 867 2149; x_wconf 90' lang='lat' dir='ltr'><strong>obtendit</strong></span> <span class='ocrx_word' id='word_1_240' title='bbox 900 2111 1105 2149; x_wconf 88' lang='lat' dir='ltr'><strong>suam:</strong></span> <span class='ocrx_word' id='word_1_241' title='bbox 1134 2095 1601 2165; x_wconf 86' lang='lat' dir='ltr'><strong>prudentemque</strong></span> <span class='ocrx_word' id='word_1_242' title='bbox 1628 2093 2107 2161; x_wconf 72' lang='lat' dir='ltr'><strong>gubernationem</strong></span> 
     </span>
    </p>
   </div>
   <div class='ocr_carea' id='block_1_40' title="bbox 459 2182 2111 2254">
    <p class='ocr_par' dir='ltr' id='par_1_40' title="bbox 459 2182 2111 2254">
     <span class='ocr_line' id='line_1_40' title="bbox 459 2182 2111 2254; baseline 0 -18"><span class='ocrx_word' id='word_1_243' title='bbox 459 2199 587 2253; x_wconf 72' lang='lat' dir='ltr'><strong>qua:</strong></span> <span class='ocrx_word' id='word_1_244' title='bbox 620 2182 813 2238; x_wconf 90' lang='lat' dir='ltr'><strong>lucem</strong></span> <span class='ocrx_word' id='word_1_245' title='bbox 845 2184 1091 2250; x_wconf 69' lang='lat' dir='ltr'><strong>afferret,</strong></span> <span class='ocrx_word' id='word_1_246' title='bbox 1129 2188 1186 2238; x_wconf 89' lang='lat' dir='ltr'><strong>et</strong></span> <span class='ocrx_word' id='word_1_247' title='bbox 1217 2201 1341 2254; x_wconf 80' lang='lat' dir='ltr'><strong>quae</strong></span> <span class='ocrx_word' id='word_1_248' title='bbox 1366 2184 1591 2238; x_wconf 80' lang='lat' dir='ltr'><strong>ccelitus</strong></span> <span class='ocrx_word' id='word_1_249' title='bbox 1624 2182 2111 2238; x_wconf 82' lang='lat' dir='ltr'><strong>illiexhibebatur</strong></span> 
     </span>
    </p>
   </div>
   <div class='ocr_carea' id='block_1_41' title="bbox 458 2270 2109 2344">
    <p class='ocr_par' dir='ltr' id='par_1_41' title="bbox 458 2270 2109 2344">
     <span class='ocr_line' id='line_1_41' title="bbox 458 2270 2109 2344; baseline 0.001 -19"><span class='ocrx_word' id='word_1_250' title='bbox 458 2276 663 2326; x_wconf 89' lang='lat' dir='ltr'><strong>contra</strong></span> <span class='ocrx_word' id='word_1_251' title='bbox 696 2272 1000 2327; x_wconf 88' lang='lat' dir='ltr'><strong>incursum</strong></span> <span class='ocrx_word' id='word_1_252' title='bbox 1033 2272 1304 2344; x_wconf 91' lang='lat' dir='ltr'><strong>luporum</strong></span> <span class='ocrx_word' id='word_1_253' title='bbox 1330 2272 1657 2344; x_wconf 86' lang='lat' dir='ltr'><strong>rapacium,</strong></span> <span class='ocrx_word' id='word_1_254' title='bbox 1689 2271 1799 2326; x_wconf 92' lang='lat' dir='ltr'><strong>hoc</strong></span> <span class='ocrx_word' id='word_1_255' title='bbox 1830 2276 1920 2326; x_wconf 91' lang='lat' dir='ltr'><strong>est</strong></span> <span class='ocrx_word' id='word_1_256' title='bbox 1941 2270 2109 2327; x_wconf 83' lang='lat' dir='ltr'><strong>falso-</strong></span> 
     </span>
    </p>
   </div>
   <div class='ocr_carea' id='block_1_42' title="bbox 458 2359 2108 2433">
    <p class='ocr_par' dir='ltr' id='par_1_42' title="bbox 458 2359 2108 2433">
     <span class='ocr_line' id='line_1_42' title="bbox 458 2359 2108 2433; baseline 0 -19"><span class='ocrx_word' id='word_1_257' title='bbox 458 2376 591 2415; x_wconf 90' lang='lat' dir='ltr'><strong>rum</strong></span> <span class='ocrx_word' id='word_1_258' title='bbox 629 2361 931 2416; x_wconf 90' lang='lat' dir='ltr'><strong>doctorum</strong></span> <span class='ocrx_word' id='word_1_259' title='bbox 962 2377 1168 2433; x_wconf 84' lang='lat' dir='ltr'><strong>greges</strong></span> <span class='ocrx_word' id='word_1_260' title='bbox 1193 2361 1435 2416; x_wconf 88' lang='lat' dir='ltr'><strong>rationis</strong></span> <span class='ocrx_word' id='word_1_261' title='bbox 1455 2361 1771 2433; x_wconf 88' lang='lat' dir='ltr'><strong>participes</strong></span> <span class='ocrx_word' id='word_1_262' title='bbox 1787 2359 2108 2431; x_wconf 88' lang='lat' dir='ltr'><strong>degluben-</strong></span> 
     </span>
    </p>
   </div>
   <div class='ocr_carea' id='block_1_43' title="bbox 454 2449 2111 2522">
    <p class='ocr_par' dir='ltr' id='par_1_43' title="bbox 454 2449 2111 2522">
     <span class='ocr_line' id='line_1_43' title="bbox 454 2449 2111 2522; baseline 0.001 -19"><span class='ocrx_word' id='word_1_263' title='bbox 454 2449 603 2504; x_wconf 92' lang='lat' dir='ltr'><strong>tium</strong></span> <span class='ocrx_word' id='word_1_264' title='bbox 638 2450 902 2522; x_wconf 90' lang='lat' dir='ltr'><strong>opponit.</strong></span> <span class='ocrx_word' id='word_1_265' title='bbox 938 2450 1856 2517; x_wconf 71' lang='lat' dir='ltr'><strong>Etimmortalemhzereditatem,</strong></span> <span class='ocrx_word' id='word_1_266' title='bbox 1882 2453 2111 2521; x_wconf 73' lang='lat' dir='ltr'><strong>quaeest</strong></span> 
     </span>
    </p>
   </div>
   <div class='ocr_carea' id='block_1_44' title="bbox 456 2537 2111 2611">
    <p class='ocr_par' dir='ltr' id='par_1_44' title="bbox 456 2537 2111 2611">
     <span class='ocr_line' id='line_1_44' title="bbox 456 2537 2111 2611; baseline 0 -19"><span class='ocrx_word' id='word_1_267' title='bbox 456 2537 517 2592; x_wconf 91' lang='lat' dir='ltr'><strong>in</strong></span> <span class='ocrx_word' id='word_1_268' title='bbox 551 2538 773 2594; x_wconf 82' lang='lat' dir='ltr'><strong>ccelesti</strong></span> <span class='ocrx_word' id='word_1_269' title='bbox 806 2539 1199 2609; x_wconf 84' lang='lat' dir='ltr'><strong>Hierusalem,</strong></span> <span class='ocrx_word' id='word_1_270' title='bbox 1224 2539 1297 2593; x_wconf 91' lang='lat' dir='ltr'><strong>iis</strong></span> <span class='ocrx_word' id='word_1_271' title='bbox 1329 2540 1429 2611; x_wconf 92' lang='lat' dir='ltr'><strong>qui</strong></span> <span class='ocrx_word' id='word_1_272' title='bbox 1462 2540 1730 2594; x_wconf 82' lang='lat' dir='ltr'><strong>servandi</strong></span> <span class='ocrx_word' id='word_1_273' title='bbox 1757 2544 1897 2593; x_wconf 91' lang='lat' dir='ltr'><strong>sunt</strong></span> <span class='ocrx_word' id='word_1_274' title='bbox 1927 2538 2111 2592; x_wconf 88' lang='lat' dir='ltr'><strong>admi-</strong></span> 
     </span>
    </p>
   </div>
   <div class='ocr_carea' id='block_1_45' title="bbox 459 2627 2106 2683">
    <p class='ocr_par' dir='ltr' id='par_1_45' title="bbox 459 2627 2106 2683">
     <span class='ocr_line' id='line_1_45' title="bbox 459 2627 2106 2683; baseline 0 -1"><span class='ocrx_word' id='word_1_275' title='bbox 459 2628 695 2683; x_wconf 89' lang='lat' dir='ltr'><strong>nistrat.</strong></span> <span class='ocrx_word' id='word_1_276' title='bbox 730 2630 807 2683; x_wconf 90' lang='lat' dir='ltr'><strong>Ac</strong></span> <span class='ocrx_word' id='word_1_277' title='bbox 839 2629 993 2683; x_wconf 90' lang='lat' dir='ltr'><strong>sicut</strong></span> <span class='ocrx_word' id='word_1_278' title='bbox 1021 2628 1120 2683; x_wconf 91' lang='lat' dir='ltr'><strong>ille</strong></span> <span class='ocrx_word' id='word_1_279' title='bbox 1152 2627 1335 2683; x_wconf 89' lang='lat' dir='ltr'><strong>solem</strong></span> <span class='ocrx_word' id='word_1_280' title='bbox 1370 2637 1421 2683; x_wconf 91' lang='lat' dir='ltr'><strong>et</strong></span> <span class='ocrx_word' id='word_1_281' title='bbox 1468 2629 1665 2683; x_wconf 89' lang='lat' dir='ltr'><strong>lunam</strong></span> <span class='ocrx_word' id='word_1_282' title='bbox 1728 2629 1783 2682; x_wconf 90' lang='lat' dir='ltr'><strong>in</strong></span> <span class='ocrx_word' id='word_1_283' title='bbox 1823 2627 2106 2683; x_wconf 86' lang='lat' dir='ltr'><strong>auxilium</strong></span> 
     </span>
    </p>
   </div>
   <div class='ocr_carea' id='block_1_46' title="bbox 457 2717 2109 2789">
    <p class='ocr_par' dir='ltr' id='par_1_46' title="bbox 457 2717 2109 2789">
     <span class='ocr_line' id='line_1_46' title="bbox 457 2717 2109 2789; baseline -0.001 -16"><span class='ocrx_word' id='word_1_284' title='bbox 457 2718 668 2773; x_wconf 85' lang='lat' dir='ltr'><strong>servati</strong></span> <span class='ocrx_word' id='word_1_285' title='bbox 722 2718 903 2772; x_wconf 87' lang='lat' dir='ltr'><strong>divini</strong></span> <span class='ocrx_word' id='word_1_286' title='bbox 954 2718 1155 2788; x_wconf 92' lang='lat' dir='ltr'><strong>populi</strong></span> <span class='ocrx_word' id='word_1_287' title='bbox 1201 2717 1607 2789; x_wconf 78' lang='lat' dir='ltr'><strong>aggredientes</strong></span> <span class='ocrx_word' id='word_1_288' title='bbox 1674 2722 1913 2772; x_wconf 65' lang='lat' dir='ltr'><strong>terrenae</strong></span> <span class='ocrx_word' id='word_1_289' title='bbox 1971 2734 2109 2788; x_wconf 89' lang='lat' dir='ltr'><strong>pro-</strong></span> 
     </span>
    </p>
   </div>
   <div class='ocr_carea' id='block_1_47' title="bbox 456 2806 2114 2877">
    <p class='ocr_par' dir='ltr' id='par_1_47' title="bbox 456 2806 2114 2877">
     <span class='ocr_line' id='line_1_47' title="bbox 456 2806 2114 2877; baseline 0 -16"><span class='ocrx_word' id='word_1_290' title='bbox 456 2807 757 2862; x_wconf 90' lang='lat' dir='ltr'><strong>missionis</strong></span> <span class='ocrx_word' id='word_1_291' title='bbox 800 2807 996 2861; x_wconf 86' lang='lat' dir='ltr'><strong>hostes</strong></span> <span class='ocrx_word' id='word_1_292' title='bbox 1027 2806 1314 2876; x_wconf 85' lang='lat' dir='ltr'><strong>expellere</strong></span> <span class='ocrx_word' id='word_1_293' title='bbox 1359 2807 1538 2874; x_wconf 86' lang='lat' dir='ltr'><strong>sistit,</strong></span> <span class='ocrx_word' id='word_1_294' title='bbox 1570 2806 1926 2877; x_wconf 85' lang='lat' dir='ltr'><strong>festinatque</strong></span> <span class='ocrx_word' id='word_1_295' title='bbox 1982 2822 2114 2877; x_wconf 89' lang='lat' dir='ltr'><strong>pos-</strong></span> 
     </span>
    </p>
   </div>
   <div class='ocr_carea' id='block_1_48' title="bbox 458 2894 2107 2966">
    <p class='ocr_par' dir='ltr' id='par_1_48' title="bbox 458 2894 2107 2966">
     <span class='ocr_line' id='line_1_48' title="bbox 458 2894 2107 2966; baseline -0.002 -14"><span class='ocrx_word' id='word_1_296' title='bbox 458 2896 784 2952; x_wconf 70' lang='lat' dir='ltr'><strong>sessionem</strong></span> <span class='ocrx_word' id='word_1_297' title='bbox 818 2895 927 2949; x_wconf 90' lang='lat' dir='ltr'><strong>sibi</strong></span> <span class='ocrx_word' id='word_1_298' title='bbox 964 2895 1313 2966; x_wconf 86' lang='lat' dir='ltr'><strong>promissam</strong></span> <span class='ocrx_word' id='word_1_299' title='bbox 1348 2896 1643 2963; x_wconf 88' lang='lat' dir='ltr'><strong>dividere;</strong></span> <span class='ocrx_word' id='word_1_300' title='bbox 1677 2903 1733 2948; x_wconf 91' lang='lat' dir='ltr'><strong>et</strong></span> <span class='ocrx_word' id='word_1_301' title='bbox 1759 2894 1905 2949; x_wconf 89' lang='lat' dir='ltr'><strong>alter</strong></span> <span class='ocrx_word' id='word_1_302' title='bbox 1933 2894 2107 2949; x_wconf 86' lang='lat' dir='ltr'><strong>David</strong></span> 
     </span>
    </p>
   </div>
   <div class='ocr_carea' id='block_1_49' title="bbox 460 2984 2107 3054">
    <p class='ocr_par' dir='ltr' id='par_1_49' title="bbox 460 2984 2107 3054">
     <span class='ocr_line' id='line_1_49' title="bbox 460 2984 2107 3054; baseline -0.001 -14"><span class='ocrx_word' id='word_1_303' title='bbox 460 2984 693 3040; x_wconf 89' lang='lat' dir='ltr'><strong>hostem</strong></span> <span class='ocrx_word' id='word_1_304' title='bbox 728 2984 982 3038; x_wconf 88' lang='lat' dir='ltr'><strong>inaniter</strong></span> <span class='ocrx_word' id='word_1_305' title='bbox 1010 2984 1408 3054; x_wconf 85' lang='lat' dir='ltr'><strong>sejactantem</strong></span> <span class='ocrx_word' id='word_1_306' title='bbox 1434 2989 1639 3039; x_wconf 89' lang='lat' dir='ltr'><strong>contra</strong></span> <span class='ocrx_word' id='word_1_307' title='bbox 1655 2985 1919 3039; x_wconf 90' lang='lat' dir='ltr'><strong>divinum</strong></span> <span class='ocrx_word' id='word_1_308' title='bbox 1944 3000 2107 3039; x_wconf 84' lang='lat' dir='ltr'><strong>exer-</strong></span> 
     </span>
    </p>
   </div>
   <div class='ocr_carea' id='block_1_50' title="bbox 461 3073 2105 3145">
    <p class='ocr_par' dir='ltr' id='par_1_50' title="bbox 461 3073 2105 3145">
     <span class='ocr_line' id='line_1_50' title="bbox 461 3073 2105 3145; baseline -0.001 -17"><span class='ocrx_word' id='word_1_309' title='bbox 461 3074 669 3137; x_wconf 89' lang='lat' dir='ltr'><strong>citum,</strong></span> <span class='ocrx_word' id='word_1_310' title='bbox 715 3076 771 3127; x_wconf 87' lang='lat' dir='ltr'><strong>et</strong></span> <span class='ocrx_word' id='word_1_311' title='bbox 818 3073 946 3143; x_wconf 85' lang='lat' dir='ltr'><strong>ejus</strong></span> <span class='ocrx_word' id='word_1_312' title='bbox 1007 3074 1426 3145; x_wconf 81' lang='lat' dir='ltr'><strong>prapuguatori</strong></span> <span class='ocrx_word' id='word_1_313' title='bbox 1494 3074 1753 3128; x_wconf 86' lang='lat' dir='ltr'><strong>convicia</strong></span> <span class='ocrx_word' id='word_1_314' title='bbox 1801 3074 2105 3129; x_wconf 85' lang='lat' dir='ltr'><strong>facientem</strong></span> 
     </span>
    </p>
   </div>
   <div class='ocr_carea' id='block_1_51' title="bbox 454 3162 2103 3232">
    <p class='ocr_par' dir='ltr' id='par_1_51' title="bbox 454 3162 2103 3232">
     <span class='ocr_line' id='line_1_51' title="bbox 454 3162 2103 3232; baseline 0.002 -16"><span class='ocrx_word' id='word_1_315' title='bbox 454 3162 641 3217; x_wconf 87' lang='lat' dir='ltr'><strong>funda</strong></span> <span class='ocrx_word' id='word_1_316' title='bbox 662 3178 794 3216; x_wconf 91' lang='lat' dir='ltr'><strong>cum</strong></span> <span class='ocrx_word' id='word_1_317' title='bbox 829 3163 1298 3232; x_wconf 90' lang='lat' dir='ltr'><strong>percussisset,et</strong></span> <span class='ocrx_word' id='word_1_318' title='bbox 1322 3163 1713 3218; x_wconf 69' lang='lat' dir='ltr'><strong>facinorosum</strong></span> <span class='ocrx_word' id='word_1_319' title='bbox 1746 3162 1913 3218; x_wconf 91' lang='lat' dir='ltr'><strong>illum</strong></span> <span class='ocrx_word' id='word_1_320' title='bbox 1939 3170 2103 3220; x_wconf 72' lang='lat' dir='ltr'><strong>terras</strong></span> 
     </span>
    </p>
   </div>
   <div class='ocr_carea' id='block_1_52' title="bbox 2221 1996 3857 2075">
    <p class='ocr_par' dir='ltr' id='par_1_52' title="bbox 2221 1996 3857 2075">
     <span class='ocr_line' id='line_1_52' title="bbox 2221 1996 3857 2075; baseline -0.002 -19"><span class='ocrx_word' id='word_1_321' title='bbox 2221 2007 2321 2070; x_wconf 82' lang='grc' dir='ltr'>τῆς</span> <span class='ocrx_word' id='word_1_322' title='bbox 2384 1996 2651 2066; x_wconf 77' lang='grc' dir='ltr'>εὐσεϐείας</span> <span class='ocrx_word' id='word_1_323' title='bbox 2681 1999 3055 2066; x_wconf 79' lang='grc' dir='ltr'>πολυκύκλοις</span> <span class='ocrx_word' id='word_1_324' title='bbox 3100 2001 3187 2056; x_wconf 82' lang='grc' dir='ltr'><strong>καὶ</strong></span> <span class='ocrx_word' id='word_1_325' title='bbox 3229 1999 3613 2075; x_wconf 78' lang='grc' dir='ltr'>πολυτρόποις</span> <span class='ocrx_word' id='word_1_326' title='bbox 3670 1997 3857 2069; x_wconf 75' lang='grc' dir='ltr'>ἄθλοις,</span> 
     </span>
    </p>
   </div>
   <div class='ocr_carea' id='block_1_53' title="bbox 2220 2088 3862 2169">
    <p class='ocr_par' dir='ltr' id='par_1_53' title="bbox 2220 2088 3862 2169">
     <span class='ocr_line' id='line_1_53' title="bbox 2220 2088 3862 2169; baseline -0.002 -25"><span class='ocrx_word' id='word_1_327' title='bbox 2220 2090 2311 2144; x_wconf 85' lang='lat' dir='ltr'><strong>xui</strong></span> <span class='ocrx_word' id='word_1_328' title='bbox 2367 2096 2486 2152; x_wconf 86' lang='grc' dir='ltr'>ταῖς</span> <span class='ocrx_word' id='word_1_329' title='bbox 2546 2092 3018 2169; x_wconf 75' lang='grc' dir='ltr'>ίεροφαντορικαῖς</span> <span class='ocrx_word' id='word_1_330' title='bbox 3077 2088 3335 2165; x_wconf 81' lang='grc' dir='ltr'>σάλπιγξι</span> <span class='ocrx_word' id='word_1_331' title='bbox 3392 2088 3862 2161; x_wconf 74' lang='grc' dir='ltr'>κατακτυποόμενά</span> 
     </span>
    </p>
   </div>
   <div class='ocr_carea' id='block_1_54' title="bbox 2218 2175 3858 2255">
    <p class='ocr_par' dir='ltr' id='par_1_54' title="bbox 2218 2175 3858 2255">
     <span class='ocr_line' id='line_1_54' title="bbox 2218 2175 3858 2255; baseline -0.002 -22"><span class='ocrx_word' id='word_1_332' title='bbox 2218 2200 2276 2233; x_wconf 91' lang='grc' dir='ltr'><strong>τε</strong></span> <span class='ocrx_word' id='word_1_333' title='bbox 2332 2179 2422 2234; x_wconf 84' lang='grc' dir='ltr'><strong>καὶ</strong></span> <span class='ocrx_word' id='word_1_334' title='bbox 2481 2182 2982 2255; x_wconf 74' lang='grc' dir='ltr'>καταστρεφόμενα,</span> <span class='ocrx_word' id='word_1_335' title='bbox 3038 2180 3128 2234; x_wconf 90' lang='grc' dir='ltr'>τὸν</span> <span class='ocrx_word' id='word_1_336' title='bbox 3178 2175 3435 2247; x_wconf 79' lang='grc' dir='ltr'>ἡλιοειδῆ</span> <span class='ocrx_word' id='word_1_337' title='bbox 3471 2199 3532 2231; x_wconf 89' lang='grc' dir='ltr'><strong>τε</strong></span> <span class='ocrx_word' id='word_1_338' title='bbox 3589 2176 3678 2231; x_wconf 85' lang='grc' dir='ltr'><strong>καὶ</strong></span> <span class='ocrx_word' id='word_1_339' title='bbox 3717 2198 3858 2251; x_wconf 83' lang='grc' dir='ltr'>φωτι-</span> 
     </span>
    </p>
   </div>
   <div class='ocr_carea' id='block_1_55' title="bbox 2220 2260 3857 2346">
    <p class='ocr_par' dir='ltr' id='par_1_55' title="bbox 2220 2260 3857 2346">
     <span class='ocr_line' id='line_1_55' title="bbox 2220 2260 3857 2346; baseline -0.004 -23"><span class='ocrx_word' id='word_1_340' title='bbox 2220 2269 2402 2324; x_wconf 87' lang='grc' dir='ltr'>στικὸν</span> <span class='ocrx_word' id='word_1_341' title='bbox 2459 2268 2648 2344; x_wconf 86' lang='grc' dir='ltr'>λόγον,</span> <span class='ocrx_word' id='word_1_342' title='bbox 2698 2271 2786 2324; x_wconf 87' lang='lat' dir='ltr'><strong>xui</strong></span> <span class='ocrx_word' id='word_1_343' title='bbox 2845 2271 2943 2338; x_wconf 76' lang='grc' dir='ltr'>τὴν</span> <span class='ocrx_word' id='word_1_344' title='bbox 3004 2268 3447 2346; x_wconf 76' lang='grc' dir='ltr'>σελασφοροῦσαν</span> <span class='ocrx_word' id='word_1_345' title='bbox 3474 2267 3652 2343; x_wconf 67' lang='grc' dir='ltr'>σοφὴν</span> <span class='ocrx_word' id='word_1_346' title='bbox 3696 2260 3857 2337; x_wconf 67' lang='grc' dir='ltr'>κυϐέρ-</span> 
     </span>
    </p>
   </div>
   <div class='ocr_carea' id='block_1_56' title="bbox 2218 2356 3856 2434">
    <p class='ocr_par' dir='ltr' id='par_1_56' title="bbox 2218 2356 3856 2434">
     <span class='ocr_line' id='line_1_56' title="bbox 2218 2356 3856 2434; baseline -0.002 -24"><span class='ocrx_word' id='word_1_347' title='bbox 2218 2379 2373 2427; x_wconf 84' lang='grc' dir='ltr'>νησιν</span> <span class='ocrx_word' id='word_1_348' title='bbox 2437 2356 2724 2434; x_wconf 80' lang='grc' dir='ltr'>οὐρανόθεν</span> <span class='ocrx_word' id='word_1_349' title='bbox 2780 2358 2927 2430; x_wconf 86' lang='grc' dir='ltr'><strong>αὐτῷ</strong></span> <span class='ocrx_word' id='word_1_350' title='bbox 2968 2356 3388 2434; x_wconf 73' lang='grc' dir='ltr'>χορηγουμένην</span> <span class='ocrx_word' id='word_1_351' title='bbox 3450 2356 3856 2431; x_wconf 83' lang='grc' dir='ltr'>προϊσχόμενος,</span> 
     </span>
    </p>
   </div>
   <div class='ocr_carea' id='block_1_57' title="bbox 2220 2441 3855 2524">
    <p class='ocr_par' dir='ltr' id='par_1_57' title="bbox 2220 2441 3855 2524">
     <span class='ocr_line' id='line_1_57' title="bbox 2220 2441 3855 2524; baseline -0.002 -24"><span class='ocrx_word' id='word_1_352' title='bbox 2220 2446 2297 2509; x_wconf 73' lang='grc' dir='ltr'><strong>εἶς</strong></span> <span class='ocrx_word' id='word_1_353' title='bbox 2352 2449 2451 2517; x_wconf 81' lang='grc' dir='ltr'>τήν</span> <span class='ocrx_word' id='word_1_354' title='bbox 2510 2452 2617 2503; x_wconf 87' lang='grc' dir='ltr'><strong>τῶν</strong></span> <span class='ocrx_word' id='word_1_355' title='bbox 2668 2448 2928 2524; x_wconf 85' lang='grc' dir='ltr'>άρπάγων</span> <span class='ocrx_word' id='word_1_356' title='bbox 2964 2446 3170 2517; x_wconf 79' lang='grc' dir='ltr'>λύκων,</span> <span class='ocrx_word' id='word_1_357' title='bbox 3227 2451 3333 2500; x_wconf 91' lang='grc' dir='ltr'><strong>τῶν</strong></span> <span class='ocrx_word' id='word_1_358' title='bbox 3390 2446 3493 2508; x_wconf 75' lang='grc' dir='ltr'>τὰς</span> <span class='ocrx_word' id='word_1_359' title='bbox 3528 2443 3751 2519; x_wconf 76' lang='grc' dir='ltr'>λογικάς</span> <span class='ocrx_word' id='word_1_360' title='bbox 3774 2441 3855 2496; x_wconf 85' lang='grc' dir='ltr'>λυ-</span> 
     </span>
    </p>
   </div>
   <div class='ocr_carea' id='block_1_58' title="bbox 2224 2530 3856 2612">
    <p class='ocr_par' dir='ltr' id='par_1_58' title="bbox 2224 2530 3856 2612">
     <span class='ocr_line' id='line_1_58' title="bbox 2224 2530 3856 2612; baseline -0.005 -21"><span class='ocrx_word' id='word_1_361' title='bbox 2224 2538 2568 2610; x_wconf 72' lang='grc' dir='ltr'>μαινομένων</span> <span class='ocrx_word' id='word_1_362' title='bbox 2619 2535 2816 2612; x_wconf 76' lang='grc' dir='ltr'>ἆγὲλας</span> <span class='ocrx_word' id='word_1_363' title='bbox 2871 2533 3354 2592; x_wconf 84' lang='grc' dir='ltr'>κακοδιδασκάλων</span> <span class='ocrx_word' id='word_1_364' title='bbox 3438 2533 3715 2605; x_wconf 75' lang='grc' dir='ltr'>ἐξέλασιν,</span> <span class='ocrx_word' id='word_1_365' title='bbox 3781 2530 3856 2585; x_wconf 80' lang='lat' dir='ltr'><strong>xui</strong></span> 
     </span>
    </p>
   </div>
   <div class='ocr_carea' id='block_1_59' title="bbox 2217 2619 3853 2699">
    <p class='ocr_par' dir='ltr' id='par_1_59' title="bbox 2217 2619 3853 2699">
     <span class='ocr_line' id='line_1_59' title="bbox 2217 2619 3853 2699; baseline -0.005 -19"><span class='ocrx_word' id='word_1_366' title='bbox 2217 2632 2334 2687; x_wconf 87' lang='grc' dir='ltr'>τοῖς</span> <span class='ocrx_word' id='word_1_367' title='bbox 2391 2628 2721 2699; x_wconf 73' lang='grc' dir='ltr'>σωζομένοις</span> <span class='ocrx_word' id='word_1_368' title='bbox 2778 2628 2877 2695; x_wconf 77' lang='grc' dir='ltr'>τήν</span> <span class='ocrx_word' id='word_1_369' title='bbox 2939 2624 3349 2694; x_wconf 85' lang='grc' dir='ltr'>διαιωνίζουσαν</span> <span class='ocrx_word' id='word_1_370' title='bbox 3409 2622 3784 2696; x_wconf 76' lang='grc' dir='ltr'>κληρονομίαν</span> <span class='ocrx_word' id='word_1_371' title='bbox 3812 2619 3853 2673; x_wconf 83' lang='grc' dir='ltr'><strong>ἐν</strong></span> 
     </span>
    </p>
   </div>
   <div class='ocr_carea' id='block_1_60' title="bbox 2219 2710 3857 2790">
    <p class='ocr_par' dir='ltr' id='par_1_60' title="bbox 2219 2710 3857 2790">
     <span class='ocr_line' id='line_1_60' title="bbox 2219 2710 3857 2790; baseline -0.001 -20"><span class='ocrx_word' id='word_1_372' title='bbox 2219 2714 2587 2788; x_wconf 73' lang='grc' dir='ltr'>Ἰερουσαλήμ</span> <span class='ocrx_word' id='word_1_373' title='bbox 2657 2720 2725 2789; x_wconf 78' lang='grc' dir='ltr'>τῇ</span> <span class='ocrx_word' id='word_1_374' title='bbox 2813 2715 3119 2790; x_wconf 77' lang='grc' dir='ltr'>ἐπουρανίῳ</span> <span class='ocrx_word' id='word_1_375' title='bbox 3198 2713 3672 2786; x_wconf 74' lang='grc' dir='ltr'>πρυτανευόμενος</span> <span class='ocrx_word' id='word_1_376' title='bbox 3708 2755 3720 2778; x_wconf 88' lang='grc'><strong>,</strong></span> <span class='ocrx_word' id='word_1_377' title='bbox 3798 2710 3857 2769; x_wconf 78' lang='grc' dir='ltr'><strong>ὡς</strong></span> 
     </span>
    </p>
   </div>
   <div class='ocr_carea' id='block_1_61' title="bbox 2219 2798 3853 2874">
    <p class='ocr_par' dir='ltr' id='par_1_61' title="bbox 2219 2798 3853 2874">
     <span class='ocr_line' id='line_1_61' title="bbox 2219 2798 3853 2874; baseline -0.004 -17"><span class='ocrx_word' id='word_1_378' title='bbox 2219 2803 2421 2866; x_wconf 86' lang='grc' dir='ltr'>ἐκεῖνος</span> <span class='ocrx_word' id='word_1_379' title='bbox 2470 2803 2631 2873; x_wconf 73' lang='grc' dir='ltr'>ἥλιόν</span> <span class='ocrx_word' id='word_1_380' title='bbox 2692 2826 2750 2859; x_wconf 89' lang='grc' dir='ltr'><strong>τε</strong></span> <span class='ocrx_word' id='word_1_381' title='bbox 2794 2805 2884 2859; x_wconf 87' lang='lat' dir='ltr'><strong>xui</strong></span> <span class='ocrx_word' id='word_1_382' title='bbox 2926 2802 3162 2874; x_wconf 82' lang='grc' dir='ltr'>σελήνην</span> <span class='ocrx_word' id='word_1_383' title='bbox 3214 2804 3375 2865; x_wconf 74' lang='grc' dir='ltr'>ἱστῶς</span> <span class='ocrx_word' id='word_1_384' title='bbox 3431 2802 3512 2864; x_wconf 84' lang='grc' dir='ltr'>εἰς</span> <span class='ocrx_word' id='word_1_385' title='bbox 3571 2798 3853 2872; x_wconf 79' lang='grc' dir='ltr'>ἐπικουρίαν</span> 
     </span>
    </p>
   </div>
   <div class='ocr_carea' id='block_1_62' title="bbox 2216 2889 3853 2968">
    <p class='ocr_par' dir='ltr' id='par_1_62' title="bbox 2216 2889 3853 2968">
     <span class='ocr_line' id='line_1_62' title="bbox 2216 2889 3853 2968; baseline -0.003 -22"><span class='ocrx_word' id='word_1_386' title='bbox 2216 2897 2314 2947; x_wconf 77' lang='grc' dir='ltr'>τοῦ</span> <span class='ocrx_word' id='word_1_387' title='bbox 2353 2892 2747 2968; x_wconf 81' lang='grc' dir='ltr'>περισωθέντος</span> <span class='ocrx_word' id='word_1_388' title='bbox 2797 2892 2943 2957; x_wconf 84' lang='grc' dir='ltr'>θείου</span> <span class='ocrx_word' id='word_1_389' title='bbox 2997 2890 3283 2962; x_wconf 75' lang='grc' dir='ltr'>λαοῦ,τῆς</span> <span class='ocrx_word' id='word_1_390' title='bbox 3334 2899 3445 2967; x_wconf 81' lang='grc' dir='ltr'>γῆς</span> <span class='ocrx_word' id='word_1_391' title='bbox 3492 2898 3594 2959; x_wconf 78' lang='grc' dir='ltr'><strong>τῆς</strong></span> <span class='ocrx_word' id='word_1_392' title='bbox 3653 2889 3853 2963; x_wconf 79' lang='grc' dir='ltr'>ἐπαγγε-</span> 
     </span>
    </p>
   </div>
   <div class='ocr_carea' id='block_1_63' title="bbox 2221 2976 3850 3057">
    <p class='ocr_par' dir='ltr' id='par_1_63' title="bbox 2221 2976 3850 3057">
     <span class='ocr_line' id='line_1_63' title="bbox 2221 2976 3850 3057; baseline -0.005 -20"><span class='ocrx_word' id='word_1_393' title='bbox 2221 2980 2341 3043; x_wconf 91' lang='grc' dir='ltr'>λίας</span> <span class='ocrx_word' id='word_1_394' title='bbox 2399 2981 2641 3052; x_wconf 75' lang='grc' dir='ltr'>ἐξελάσαι</span> <span class='ocrx_word' id='word_1_395' title='bbox 2674 2982 2797 3045; x_wconf 76' lang='grc' dir='ltr'>τοὺς</span> <span class='ocrx_word' id='word_1_396' title='bbox 2850 2982 3179 3055; x_wconf 87' lang='grc' dir='ltr'>πολεμίους,</span> <span class='ocrx_word' id='word_1_397' title='bbox 3236 2981 3699 3057; x_wconf 80' lang='grc' dir='ltr'>ἐπεισερχομὲνην</span> <span class='ocrx_word' id='word_1_398' title='bbox 3728 2976 3850 3046; x_wconf 81' lang='grc' dir='ltr'>αὐτῷ</span> 
     </span>
    </p>
   </div>
   <div class='ocr_carea' id='block_1_64' title="bbox 2220 3065 3853 3147">
    <p class='ocr_par' dir='ltr' id='par_1_64' title="bbox 2220 3065 3853 3147">
     <span class='ocr_line' id='line_1_64' title="bbox 2220 3065 3853 3147; baseline -0.004 -22"><span class='ocrx_word' id='word_1_399' title='bbox 2220 3070 2464 3126; x_wconf 72' lang='grc' dir='ltr'>σπεύδων</span> <span class='ocrx_word' id='word_1_400' title='bbox 2496 3070 2925 3147; x_wconf 78' lang='grc' dir='ltr'>κληροδοτήσειν</span> <span class='ocrx_word' id='word_1_401' title='bbox 2985 3074 3332 3147; x_wconf 67' lang='grc' dir='ltr'>κατάσχεσιν·</span> <span class='ocrx_word' id='word_1_402' title='bbox 3365 3072 3460 3126; x_wconf 89' lang='grc' dir='ltr'><strong>καὶ</strong></span> <span class='ocrx_word' id='word_1_403' title='bbox 3494 3065 3656 3125; x_wconf 75' lang='grc' dir='ltr'>Δαυὶδ</span> <span class='ocrx_word' id='word_1_404' title='bbox 3703 3065 3853 3126; x_wconf 79' lang='grc' dir='ltr'>ἄλλος</span> 
     </span>
    </p>
   </div>
   <div class='ocr_carea' id='block_1_65' title="bbox 2217 3157 3849 3237">
    <p class='ocr_par' dir='ltr' id='par_1_65' title="bbox 2217 3157 3849 3237">
     <span class='ocr_line' id='line_1_65' title="bbox 2217 3157 3849 3237; baseline -0.005 -22"><span class='ocrx_word' id='word_1_405' title='bbox 2217 3161 2311 3215; x_wconf 88' lang='grc' dir='ltr'><strong>τὸν</strong></span> <span class='ocrx_word' id='word_1_406' title='bbox 2388 3162 2528 3217; x_wconf 84' lang='grc' dir='ltr'>κατὰ</span> <span class='ocrx_word' id='word_1_407' title='bbox 2573 3169 2673 3231; x_wconf 80' lang='grc' dir='ltr'><strong>τῆς</strong></span> <span class='ocrx_word' id='word_1_408' title='bbox 2734 3162 2880 3226; x_wconf 87' lang='grc' dir='ltr'>θείας</span> <span class='ocrx_word' id='word_1_409' title='bbox 2942 3161 3286 3237; x_wconf 83' lang='grc' dir='ltr'>παρατάξεως</span> <span class='ocrx_word' id='word_1_410' title='bbox 3358 3157 3849 3236; x_wconf 73' lang='grc' dir='ltr'>μεγαλαυχήσαντα,</span> 
     </span>
    </p>
   </div>
   <div class='ocr_carea' id='block_1_66' title="bbox 456 3240 2110 3327">
    <p class='ocr_par' dir='ltr' id='par_1_66' title="bbox 456 3249 2102 3314">
     <span class='ocr_line' id='line_1_66' title="bbox 456 3249 2102 3314; baseline 0.002 -8"><span class='ocrx_word' id='word_1_411' title='bbox 456 3250 750 3314; x_wconf 87' lang='lat' dir='ltr'><strong>illisisset,</strong></span> <span class='ocrx_word' id='word_1_412' title='bbox 813 3249 1253 3306; x_wconf 87' lang='lat' dir='ltr'><strong>celeberrimam</strong></span> <span class='ocrx_word' id='word_1_413' title='bbox 1314 3252 1618 3308; x_wconf 90' lang='lat' dir='ltr'><strong>victoriam</strong></span> <span class='ocrx_word' id='word_1_414' title='bbox 1687 3270 1754 3308; x_wconf 85' lang='lat' dir='ltr'><strong>ex</strong></span> <span class='ocrx_word' id='word_1_415' title='bbox 1832 3253 2102 3310; x_wconf 88' lang='lat' dir='ltr'><strong>hostibus</strong></span> 
     </span>
    </p>
   </div>
   <div class='ocr_carea' id='block_1_67' title="bbox 2222 3240 3851 3327">
    <p class='ocr_par' dir='ltr' id='par_1_67' title="bbox 2222 3242 3851 3327">
     <span class='ocr_line' id='line_1_67' title="bbox 2222 3242 3851 3327; baseline -0.006 -22"><span class='ocrx_word' id='word_1_416' title='bbox 2222 3250 2307 3305; x_wconf 78' lang='lat' dir='ltr'><strong>xui</strong></span> <span class='ocrx_word' id='word_1_417' title='bbox 2363 3250 2454 3306; x_wconf 75' lang='grc' dir='ltr'><strong>τόν</strong></span> <span class='ocrx_word' id='word_1_418' title='bbox 2516 3251 2681 3321; x_wconf 81' lang='grc' dir='ltr'>αὐτῆς</span> <span class='ocrx_word' id='word_1_419' title='bbox 2743 3252 3146 3327; x_wconf 72' lang='grc' dir='ltr'>ὑπερασπιστὴν</span> <span class='ocrx_word' id='word_1_420' title='bbox 3202 3247 3547 3305; x_wconf 77' lang='grc' dir='ltr'>ὀνειδίσαντα</span> <span class='ocrx_word' id='word_1_421' title='bbox 3588 3242 3851 3321; x_wconf 75' lang='grc' dir='ltr'>σφενδονή-</span> 
     </span>
    </p>
   </div>
   <div class='ocr_carea' id='block_1_68' title="bbox 460 3340 2111 3413">
    <p class='ocr_par' dir='ltr' id='par_1_68' title="bbox 460 3340 2111 3413">
     <span class='ocr_line' id='line_1_68' title="bbox 460 3340 2111 3413; baseline 0.002 -17"><span class='ocrx_word' id='word_1_422' title='bbox 460 3341 796 3413; x_wconf 87' lang='lat' dir='ltr'><strong>reportavit,</strong></span> <span class='ocrx_word' id='word_1_423' title='bbox 855 3340 1184 3397; x_wconf 79' lang='lat' dir='ltr'><strong>innumeris</strong></span> <span class='ocrx_word' id='word_1_424' title='bbox 1249 3342 1557 3413; x_wconf 87' lang='lat' dir='ltr'><strong>plausibus</strong></span> <span class='ocrx_word' id='word_1_425' title='bbox 1616 3344 1688 3398; x_wconf 95' lang='lat' dir='ltr'><strong>ob</strong></span> <span class='ocrx_word' id='word_1_426' title='bbox 1751 3348 1974 3413; x_wconf 85' lang='lat' dir='ltr'><strong>partam</strong></span> <span class='ocrx_word' id='word_1_427' title='bbox 2024 3346 2111 3400; x_wconf 83' lang='lat' dir='ltr'><strong>vi-</strong></span> 
     </span>
    </p>
   </div>
   <div class='ocr_carea' id='block_1_69' title="bbox 458 3432 2111 3503">
    <p class='ocr_par' dir='ltr' id='par_1_69' title="bbox 458 3432 2111 3503">
     <span class='ocr_line' id='line_1_69' title="bbox 458 3432 2111 3503; baseline 0.002 -17"><span class='ocrx_word' id='word_1_428' title='bbox 458 3432 698 3486; x_wconf 90' lang='lat' dir='ltr'><strong>ctoriam</strong></span> <span class='ocrx_word' id='word_1_429' title='bbox 746 3435 1023 3503; x_wconf 88' lang='lat' dir='ltr'><strong>exceptus</strong></span> <span class='ocrx_word' id='word_1_430' title='bbox 1069 3449 1134 3488; x_wconf 89' lang='lat' dir='ltr'><strong>ac</strong></span> <span class='ocrx_word' id='word_1_431' title='bbox 1188 3432 1552 3488; x_wconf 88' lang='lat' dir='ltr'><strong>decantatus.</strong></span> <span class='ocrx_word' id='word_1_432' title='bbox 1600 3433 1701 3488; x_wconf 89' lang='lat' dir='ltr'><strong>Hic</strong></span> <span class='ocrx_word' id='word_1_433' title='bbox 1758 3434 1902 3488; x_wconf 75' lang='lat' dir='ltr'><strong>37l</strong></span> <span class='ocrx_word' id='word_1_434' title='bbox 1952 3435 2111 3489; x_wconf 90' lang='lat' dir='ltr'><strong>enim</strong></span> 
     </span>
    </p>
   </div>
   <div class='ocr_carea' id='block_1_70' title="bbox 458 3521 2113 3594">
    <p class='ocr_par' dir='ltr' id='par_1_70' title="bbox 458 3521 2113 3594">
     <span class='ocr_line' id='line_1_70' title="bbox 458 3521 2113 3594; baseline 0.002 -18"><span class='ocrx_word' id='word_1_435' title='bbox 458 3536 590 3577; x_wconf 91' lang='lat' dir='ltr'><strong>cum</strong></span> <span class='ocrx_word' id='word_1_436' title='bbox 672 3521 901 3578; x_wconf 83' lang='lat' dir='ltr'><strong>fortiter</strong></span> <span class='ocrx_word' id='word_1_437' title='bbox 947 3539 1010 3578; x_wconf 82' lang='lat' dir='ltr'><strong>se</strong></span> <span class='ocrx_word' id='word_1_438' title='bbox 1078 3527 1326 3593; x_wconf 83' lang='lat' dir='ltr'><strong>gereret,</strong></span> <span class='ocrx_word' id='word_1_439' title='bbox 1404 3522 1536 3587; x_wconf 80' lang='lat' dir='ltr'><strong>fide,</strong></span> <span class='ocrx_word' id='word_1_440' title='bbox 1596 3539 1720 3594; x_wconf 89' lang='lat' dir='ltr'><strong>spe,</strong></span> <span class='ocrx_word' id='word_1_441' title='bbox 1794 3528 1851 3577; x_wconf 90' lang='lat' dir='ltr'><strong>et</strong></span> <span class='ocrx_word' id='word_1_442' title='bbox 1898 3524 2113 3580; x_wconf 84' lang='lat' dir='ltr'><strong>ﬁducia</strong></span> 
     </span>
    </p>
   </div>
   <div class='ocr_carea' id='block_1_71' title="bbox 462 3612 2110 3686">
    <p class='ocr_par' dir='ltr' id='par_1_71' title="bbox 462 3612 2110 3686">
     <span class='ocr_line' id='line_1_71' title="bbox 462 3612 2110 3686; baseline 0.003 -21"><span class='ocrx_word' id='word_1_443' title='bbox 462 3627 602 3682; x_wconf 85' lang='lat' dir='ltr'><strong>erga</strong></span> <span class='ocrx_word' id='word_1_444' title='bbox 659 3613 956 3669; x_wconf 90' lang='lat' dir='ltr'><strong>Christum</strong></span> <span class='ocrx_word' id='word_1_445' title='bbox 1018 3612 1281 3677; x_wconf 83' lang='lat' dir='ltr'><strong>innixus,</strong></span> <span class='ocrx_word' id='word_1_446' title='bbox 1340 3617 1631 3682; x_wconf 87' lang='lat' dir='ltr'><strong>potentem</strong></span> <span class='ocrx_word' id='word_1_447' title='bbox 1701 3612 1868 3667; x_wconf 91' lang='lat' dir='ltr'><strong>illum</strong></span> <span class='ocrx_word' id='word_1_448' title='bbox 1919 3617 2110 3686; x_wconf 86' lang='lat' dir='ltr'><strong>perdi-</strong></span> 
     </span>
    </p>
   </div>
   <div class='ocr_carea' id='block_1_72' title="bbox 461 3701 2113 3772">
    <p class='ocr_par' dir='ltr' id='par_1_72' title="bbox 461 3701 2113 3772">
     <span class='ocr_line' id='line_1_72' title="bbox 461 3701 2113 3772; baseline 0.002 -17"><span class='ocrx_word' id='word_1_449' title='bbox 461 3703 649 3755; x_wconf 85' lang='lat' dir='ltr'><strong>torem</strong></span> <span class='ocrx_word' id='word_1_450' title='bbox 701 3719 881 3757; x_wconf 57' lang='lat' dir='ltr'><strong>saevos</strong></span> <span class='ocrx_word' id='word_1_451' title='bbox 924 3702 1077 3757; x_wconf 87' lang='lat' dir='ltr'><strong>inter</strong></span> <span class='ocrx_word' id='word_1_452' title='bbox 1122 3706 1405 3772; x_wconf 85' lang='lat' dir='ltr'><strong>tyrannos</strong></span> <span class='ocrx_word' id='word_1_453' title='bbox 1458 3701 1834 3770; x_wconf 65' lang='lat' dir='ltr'><strong>praevalidum</strong></span> <span class='ocrx_word' id='word_1_454' title='bbox 1888 3703 2113 3759; x_wconf 84' lang='lat' dir='ltr'><strong>fortitu-</strong></span> 
     </span>
    </p>
   </div>
   <div class='ocr_carea' id='block_1_73' title="bbox 461 3788 2110 3861">
    <p class='ocr_par' dir='ltr' id='par_1_73' title="bbox 461 3788 2110 3861">
     <span class='ocr_line' id='line_1_73' title="bbox 461 3788 2110 3861; baseline 0.004 -20"><span class='ocrx_word' id='word_1_455' title='bbox 461 3788 597 3843; x_wconf 90' lang='lat' dir='ltr'><strong>dine</strong></span> <span class='ocrx_word' id='word_1_456' title='bbox 630 3790 825 3861; x_wconf 88' lang='lat' dir='ltr'><strong>lapide</strong></span> <span class='ocrx_word' id='word_1_457' title='bbox 857 3790 1091 3845; x_wconf 91' lang='lat' dir='ltr'><strong>duriore</strong></span> <span class='ocrx_word' id='word_1_458' title='bbox 1140 3789 1490 3861; x_wconf 89' lang='lat' dir='ltr'><strong>prostravit;</strong></span> <span class='ocrx_word' id='word_1_459' title='bbox 1538 3806 1810 3844; x_wconf 84' lang='lat' dir='ltr'><strong>coronam</strong></span> <span class='ocrx_word' id='word_1_460' title='bbox 1858 3792 2110 3848; x_wconf 78' lang='lat' dir='ltr'><strong>victoriae</strong></span> 
     </span>
    </p>
   </div>
   <div class='ocr_carea' id='block_1_74' title="bbox 466 3877 2110 3951">
    <p class='ocr_par' dir='ltr' id='par_1_74' title="bbox 466 3877 2110 3951">
     <span class='ocr_line' id='line_1_74' title="bbox 466 3877 2110 3951; baseline 0.003 -20"><span class='ocrx_word' id='word_1_461' title='bbox 466 3878 749 3948; x_wconf 82' lang='lat' dir='ltr'><strong>referens,</strong></span> <span class='ocrx_word' id='word_1_462' title='bbox 781 3879 1035 3933; x_wconf 81' lang='lat' dir='ltr'><strong>infinitis</strong></span> <span class='ocrx_word' id='word_1_463' title='bbox 1059 3894 1242 3950; x_wconf 89' lang='lat' dir='ltr'><strong>prope</strong></span> <span class='ocrx_word' id='word_1_464' title='bbox 1279 3877 1551 3933; x_wconf 86' lang='lat' dir='ltr'><strong>laudibus</strong></span> <span class='ocrx_word' id='word_1_465' title='bbox 1597 3882 1654 3933; x_wconf 89' lang='lat' dir='ltr'><strong>et</strong></span> <span class='ocrx_word' id='word_1_466' title='bbox 1688 3880 1958 3935; x_wconf 86' lang='lat' dir='ltr'><strong>cantibus</strong></span> <span class='ocrx_word' id='word_1_467' title='bbox 2009 3900 2110 3951; x_wconf 92' lang='lat' dir='ltr'><strong>pro</strong></span> 
     </span>
    </p>
   </div>
   <div class='ocr_carea' id='block_1_75' title="bbox 466 3963 2109 4025">
    <p class='ocr_par' dir='ltr' id='par_1_75' title="bbox 466 3963 2109 4025">
     <span class='ocr_line' id='line_1_75' title="bbox 466 3963 2109 4025; baseline 0.004 -6"><span class='ocrx_word' id='word_1_468' title='bbox 466 3963 667 4020; x_wconf 89' lang='lat' dir='ltr'><strong>labore</strong></span> <span class='ocrx_word' id='word_1_469' title='bbox 702 3966 939 4021; x_wconf 87' lang='lat' dir='ltr'><strong>assidue</strong></span> <span class='ocrx_word' id='word_1_470' title='bbox 970 3965 1324 4021; x_wconf 81' lang='lat' dir='ltr'><strong>cumulatur.</strong></span> <span class='ocrx_word' id='word_1_471' title='bbox 1360 3970 1425 4020; x_wconf 86' lang='lat' dir='ltr'><strong>Et</strong></span> <span class='ocrx_word' id='word_1_472' title='bbox 1466 3965 1614 4021; x_wconf 90' lang='lat' dir='ltr'><strong>alter</strong></span> <span class='ocrx_word' id='word_1_473' title='bbox 1654 3967 1911 4023; x_wconf 85' lang='lat' dir='ltr'><strong>Ezechiel</strong></span> <span class='ocrx_word' id='word_1_474' title='bbox 1962 3971 2109 4025; x_wconf 91' lang='lat' dir='ltr'><strong>divi-</strong></span> 
     </span>
    </p>
   </div>
   <div class='ocr_carea' id='block_1_76' title="bbox 465 4053 2112 4126">
    <p class='ocr_par' dir='ltr' id='par_1_76' title="bbox 465 4053 2112 4126">
     <span class='ocr_line' id='line_1_76' title="bbox 465 4053 2112 4126; baseline 0.002 -18"><span class='ocrx_word' id='word_1_475' title='bbox 465 4070 675 4108; x_wconf 85' lang='lat' dir='ltr'><strong>narum</strong></span> <span class='ocrx_word' id='word_1_476' title='bbox 702 4072 767 4109; x_wconf 89' lang='lat' dir='ltr'><strong>ac</strong></span> <span class='ocrx_word' id='word_1_477' title='bbox 799 4054 1179 4126; x_wconf 72' lang='lat' dir='ltr'><strong>mysticarum</strong></span> <span class='ocrx_word' id='word_1_478' title='bbox 1207 4053 1494 4109; x_wconf 86' lang='lat' dir='ltr'><strong>visionum</strong></span> <span class='ocrx_word' id='word_1_479' title='bbox 1529 4063 1824 4126; x_wconf 90' lang='lat' dir='ltr'><strong>spectator</strong></span> <span class='ocrx_word' id='word_1_480' title='bbox 1853 4062 1909 4111; x_wconf 91' lang='lat' dir='ltr'><strong>et</strong></span> <span class='ocrx_word' id='word_1_481' title='bbox 1938 4057 2112 4113; x_wconf 90' lang='lat' dir='ltr'><strong>inter-</strong></span> 
     </span>
    </p>
   </div>
   <div class='ocr_carea' id='block_1_77' title="bbox 462 4143 2113 4215">
    <p class='ocr_par' dir='ltr' id='par_1_77' title="bbox 462 4143 2113 4215">
     <span class='ocr_line' id='line_1_77' title="bbox 462 4143 2113 4215; baseline 0.004 -19"><span class='ocrx_word' id='word_1_482' title='bbox 462 4158 619 4214; x_wconf 89' lang='lat' dir='ltr'><strong>pres,</strong></span> <span class='ocrx_word' id='word_1_483' title='bbox 672 4144 981 4199; x_wconf 78' lang='lat' dir='ltr'><strong>varietates</strong></span> <span class='ocrx_word' id='word_1_484' title='bbox 1049 4143 1377 4198; x_wconf 87' lang='lat' dir='ltr'><strong>divinarum</strong></span> <span class='ocrx_word' id='word_1_485' title='bbox 1442 4146 2006 4215; x_wconf 83' lang='lat' dir='ltr'><strong>manil‘estationum,</strong></span> <span class='ocrx_word' id='word_1_486' title='bbox 2055 4153 2113 4203; x_wconf 89' lang='lat' dir='ltr'><strong>et</strong></span> 
     </span>
    </p>
   </div>
   <div class='ocr_carea' id='block_1_78' title="bbox 464 4230 2112 4304">
    <p class='ocr_par' dir='ltr' id='par_1_78' title="bbox 464 4230 2112 4304">
     <span class='ocr_line' id='line_1_78' title="bbox 464 4230 2112 4304; baseline 0.004 -19"><span class='ocrx_word' id='word_1_487' title='bbox 464 4230 787 4302; x_wconf 82' lang='lat' dir='ltr'><strong>figurarum</strong></span> <span class='ocrx_word' id='word_1_488' title='bbox 813 4232 1303 4304; x_wconf 84' lang='lat' dir='ltr'><strong>signiﬁcationem</strong></span> <span class='ocrx_word' id='word_1_489' title='bbox 1332 4234 1757 4290; x_wconf 86' lang='lat' dir='ltr'><strong>continentium</strong></span> <span class='ocrx_word' id='word_1_490' title='bbox 1777 4236 2112 4291; x_wconf 87' lang='lat' dir='ltr'><strong>describens</strong></span> 
     </span>
    </p>
   </div>
   <div class='ocr_carea' id='block_1_79' title="bbox 469 4324 2109 4395">
    <p class='ocr_par' dir='ltr' id='par_1_79' title="bbox 469 4324 2109 4395">
     <span class='ocr_line' id='line_1_79' title="bbox 469 4324 2109 4395; baseline 0.002 -20"><span class='ocrx_word' id='word_1_491' title='bbox 469 4328 723 4376; x_wconf 90' lang='lat' dir='ltr'><strong>mentem</strong></span> <span class='ocrx_word' id='word_1_492' title='bbox 761 4327 1021 4376; x_wconf 86' lang='lat' dir='ltr'><strong>nostram</strong></span> <span class='ocrx_word' id='word_1_493' title='bbox 1056 4339 1157 4393; x_wconf 91' lang='lat' dir='ltr'><strong>per</strong></span> <span class='ocrx_word' id='word_1_494' title='bbox 1186 4339 1252 4377; x_wconf 90' lang='lat' dir='ltr'><strong>ea</strong></span> <span class='ocrx_word' id='word_1_495' title='bbox 1285 4339 1407 4394; x_wconf 71' lang='lat' dir='ltr'><strong>qua:</strong></span> <span class='ocrx_word' id='word_1_496' title='bbox 1459 4340 1633 4379; x_wconf 90' lang='lat' dir='ltr'><strong>sensu</strong></span> <span class='ocrx_word' id='word_1_497' title='bbox 1688 4324 2109 4395; x_wconf 87' lang='lat' dir='ltr'><strong>percipiuntur,</strong></span> 
     </span>
    </p>
   </div>
   <div class='ocr_carea' id='block_1_80' title="bbox 458 4411 2109 4485">
    <p class='ocr_par' dir='ltr' id='par_1_80' title="bbox 458 4411 2109 4485">
     <span class='ocr_line' id='line_1_80' title="bbox 458 4411 2109 4485; baseline 0.004 -20"><span class='ocrx_word' id='word_1_498' title='bbox 458 4411 834 4466; x_wconf 87' lang='lat' dir='ltr'><strong>tenuissimis</strong></span> <span class='ocrx_word' id='word_1_499' title='bbox 847 4411 1057 4467; x_wconf 87' lang='lat' dir='ltr'><strong>divinis</strong></span> <span class='ocrx_word' id='word_1_500' title='bbox 1072 4412 1626 4468; x_wconf 88' lang='lat' dir='ltr'><strong>institutionibusad</strong></span> <span class='ocrx_word' id='word_1_501' title='bbox 1650 4414 2109 4485; x_wconf 82' lang='lat' dir='ltr'><strong>speculationem</strong></span> 
     </span>
    </p>
   </div>
   <div class='ocr_carea' id='block_1_81' title="bbox 464 4500 2109 4573">
    <p class='ocr_par' dir='ltr' id='par_1_81' title="bbox 464 4500 2109 4573">
     <span class='ocr_line' id='line_1_81' title="bbox 464 4500 2109 4573; baseline 0.004 -19"><span class='ocrx_word' id='word_1_502' title='bbox 464 4515 668 4555; x_wconf 91' lang='lat' dir='ltr'><strong>eorum</strong></span> <span class='ocrx_word' id='word_1_503' title='bbox 697 4518 823 4571; x_wconf 67' lang='lat' dir='ltr'><strong>quae</strong></span> <span class='ocrx_word' id='word_1_504' title='bbox 865 4500 1059 4557; x_wconf 89' lang='lat' dir='ltr'><strong>animo</strong></span> <span class='ocrx_word' id='word_1_505' title='bbox 1102 4506 1159 4558; x_wconf 89' lang='lat' dir='ltr'><strong>et</strong></span> <span class='ocrx_word' id='word_1_506' title='bbox 1215 4502 1548 4573; x_wconf 83' lang='lat' dir='ltr'><strong>cognitione</strong></span> <span class='ocrx_word' id='word_1_507' title='bbox 1596 4507 1939 4573; x_wconf 88' lang='lat' dir='ltr'><strong>cernuntur,</strong></span> <span class='ocrx_word' id='word_1_508' title='bbox 1985 4520 2109 4560; x_wconf 89' lang='lat' dir='ltr'><strong>eve-</strong></span> 
     </span>
    </p>
   </div>
   <div class='ocr_carea' id='block_1_82' title="bbox 463 4588 572 4644">
    <p class='ocr_par' dir='ltr' id='par_1_82' title="bbox 463 4588 572 4644">
     <span class='ocr_line' id='line_1_82' title="bbox 463 4588 572 4644; baseline -0.018 0"><span class='ocrx_word' id='word_1_509' title='bbox 463 4588 572 4644; x_wconf 91' lang='lat' dir='ltr'><strong>hit.</strong></span> 
     </span>
    </p>
   </div>
   <div class='ocr_carea' id='block_1_83' title="bbox 536 4717 2109 4790">
    <p class='ocr_par' dir='ltr' id='par_1_83' title="bbox 536 4717 2109 4790">
     <span class='ocr_line' id='line_1_83' title="bbox 536 4717 2109 4790; baseline 0.003 -20"><span class='ocrx_word' id='word_1_510' title='bbox 536 4720 610 4770; x_wconf 78' lang='lat' dir='ltr'><strong>At</strong></span> <span class='ocrx_word' id='word_1_511' title='bbox 639 4730 773 4773; x_wconf 89' lang='lat' dir='ltr'><strong>vero</strong></span> <span class='ocrx_word' id='word_1_512' title='bbox 805 4717 945 4790; x_wconf 91' lang='lat' dir='ltr'><strong>quid</strong></span> <span class='ocrx_word' id='word_1_513' title='bbox 981 4735 1131 4790; x_wconf 91' lang='lat' dir='ltr'><strong>opus</strong></span> <span class='ocrx_word' id='word_1_514' title='bbox 1157 4721 1246 4774; x_wconf 90' lang='lat' dir='ltr'><strong>est</strong></span> <span class='ocrx_word' id='word_1_515' title='bbox 1270 4718 1427 4774; x_wconf 90' lang='lat' dir='ltr'><strong>hunc</strong></span> <span class='ocrx_word' id='word_1_516' title='bbox 1460 4735 1693 4774; x_wconf 88' lang='lat' dir='ltr'><strong>sacrum</strong></span> <span class='ocrx_word' id='word_1_517' title='bbox 1727 4721 1785 4774; x_wconf 89' lang='lat' dir='ltr'><strong>et</strong></span> <span class='ocrx_word' id='word_1_518' title='bbox 1814 4718 2109 4775; x_wconf 88' lang='lat' dir='ltr'><strong>admiran-</strong></span> 
     </span>
    </p>
   </div>
   <div class='ocr_carea' id='block_1_84' title="bbox 464 4805 2111 4881">
    <p class='ocr_par' dir='ltr' id='par_1_84' title="bbox 464 4805 2111 4881">
     <span class='ocr_line' id='line_1_84' title="bbox 464 4805 2111 4881; baseline 0.003 -20"><span class='ocrx_word' id='word_1_519' title='bbox 464 4805 603 4861; x_wconf 88' lang='lat' dir='ltr'><strong>dum</strong></span> <span class='ocrx_word' id='word_1_520' title='bbox 640 4824 962 4878; x_wconf 73' lang='lat' dir='ltr'><strong>praeconem</strong></span> <span class='ocrx_word' id='word_1_521' title='bbox 999 4808 1067 4863; x_wconf 89' lang='lat' dir='ltr'><strong>iis</strong></span> <span class='ocrx_word' id='word_1_522' title='bbox 1100 4808 1199 4880; x_wconf 92' lang='lat' dir='ltr'><strong>qui</strong></span> <span class='ocrx_word' id='word_1_523' title='bbox 1233 4808 1420 4863; x_wconf 89' lang='lat' dir='ltr'><strong>lucem</strong></span> <span class='ocrx_word' id='word_1_524' title='bbox 1472 4808 1829 4864; x_wconf 88' lang='lat' dir='ltr'><strong>adumbrant</strong></span> <span class='ocrx_word' id='word_1_525' title='bbox 1876 4824 2111 4881; x_wconf 89' lang='lat' dir='ltr'><strong>compa-</strong></span> 
     </span>
    </p>
   </div>
   <div class='ocr_carea' id='block_1_85' title="bbox 460 4897 2113 4970">
    <p class='ocr_par' dir='ltr' id='par_1_85' title="bbox 460 4897 2113 4970">
     <span class='ocr_line' id='line_1_85' title="bbox 460 4897 2113 4970; baseline 0.002 -19"><span class='ocrx_word' id='word_1_526' title='bbox 460 4900 632 4952; x_wconf 87' lang='lat' dir='ltr'><strong>rare?</strong></span> <span class='ocrx_word' id='word_1_527' title='bbox 659 4898 1081 4954; x_wconf 74' lang='lat' dir='ltr'><strong>Prazstathunc</strong></span> <span class='ocrx_word' id='word_1_528' title='bbox 1113 4898 1304 4969; x_wconf 91' lang='lat' dir='ltr'><strong>ipsum</strong></span> <span class='ocrx_word' id='word_1_529' title='bbox 1345 4897 1437 4952; x_wconf 90' lang='lat' dir='ltr'><strong>his</strong></span> <span class='ocrx_word' id='word_1_530' title='bbox 1486 4898 1767 4968; x_wconf 78' lang='lat' dir='ltr'><strong>conferre,</strong></span> <span class='ocrx_word' id='word_1_531' title='bbox 1825 4915 1974 4970; x_wconf 89' lang='lat' dir='ltr'><strong>quos</strong></span> <span class='ocrx_word' id='word_1_532' title='bbox 2014 4900 2113 4955; x_wconf 80' lang='lat' dir='ltr'><strong>lux</strong></span> 
     </span>
    </p>
   </div>
   <div class='ocr_carea' id='block_1_86' title="bbox 461 4984 2109 5058">
    <p class='ocr_par' dir='ltr' id='par_1_86' title="bbox 461 4984 2109 5058">
     <span class='ocr_line' id='line_1_86' title="bbox 461 4984 2109 5058; baseline 0.002 -19"><span class='ocrx_word' id='word_1_533' title='bbox 461 4984 587 5057; x_wconf 70' lang='lat' dir='ltr'><strong>ipsa</strong></span> <span class='ocrx_word' id='word_1_534' title='bbox 614 4987 887 5043; x_wconf 88' lang='lat' dir='ltr'><strong>Christus</strong></span> <span class='ocrx_word' id='word_1_535' title='bbox 922 5004 1022 5058; x_wconf 92' lang='lat' dir='ltr'><strong>per</strong></span> <span class='ocrx_word' id='word_1_536' title='bbox 1052 5004 1113 5042; x_wconf 91' lang='lat' dir='ltr'><strong>se</strong></span> <span class='ocrx_word' id='word_1_537' title='bbox 1144 4986 1474 5057; x_wconf 90' lang='lat' dir='ltr'><strong>splendere,</strong></span> <span class='ocrx_word' id='word_1_538' title='bbox 1510 5003 1828 5058; x_wconf 89' lang='lat' dir='ltr'><strong>secumque</strong></span> <span class='ocrx_word' id='word_1_539' title='bbox 1870 4989 2109 5054; x_wconf 85' lang='lat' dir='ltr'><strong>versari,</strong></span> 
     </span>
    </p>
   </div>
   <div class='ocr_carea' id='block_1_87' title="bbox 462 5076 2107 5147">
    <p class='ocr_par' dir='ltr' id='par_1_87' title="bbox 462 5076 2107 5147">
     <span class='ocr_line' id='line_1_87' title="bbox 462 5076 2107 5147; baseline 0.001 -17"><span class='ocrx_word' id='word_1_540' title='bbox 462 5079 520 5130; x_wconf 85' lang='lat' dir='ltr'><strong>et</strong></span> <span class='ocrx_word' id='word_1_541' title='bbox 549 5078 962 5132; x_wconf 87' lang='lat' dir='ltr'><strong>commercium</strong></span> <span class='ocrx_word' id='word_1_542' title='bbox 999 5078 1209 5131; x_wconf 84' lang='lat' dir='ltr'><strong>habere</strong></span> <span class='ocrx_word' id='word_1_543' title='bbox 1236 5076 1510 5147; x_wconf 82' lang='lat' dir='ltr'><strong>dignatus</strong></span> <span class='ocrx_word' id='word_1_544' title='bbox 1534 5080 1640 5130; x_wconf 88' lang='lat' dir='ltr'><strong>est.</strong></span> <span class='ocrx_word' id='word_1_545' title='bbox 1666 5077 1958 5132; x_wconf 86' lang='lat' dir='ltr'><strong>Nimirum</strong></span> <span class='ocrx_word' id='word_1_546' title='bbox 1994 5095 2107 5132; x_wconf 90' lang='lat' dir='ltr'><strong>ma-</strong></span> 
     </span>
    </p>
   </div>
   <div class='ocr_carea' id='block_1_88' title="bbox 462 5163 2111 5238">
    <p class='ocr_par' dir='ltr' id='par_1_88' title="bbox 462 5163 2111 5238">
     <span class='ocr_line' id='line_1_88' title="bbox 462 5163 2111 5238; baseline 0.002 -20"><span class='ocrx_word' id='word_1_547' title='bbox 462 5179 576 5235; x_wconf 82' lang='lat' dir='ltr'><strong>gno</strong></span> <span class='ocrx_word' id='word_1_548' title='bbox 602 5165 684 5219; x_wconf 90' lang='lat' dir='ltr'><strong>illi</strong></span> <span class='ocrx_word' id='word_1_549' title='bbox 717 5170 775 5220; x_wconf 90' lang='lat' dir='ltr'><strong>et</strong></span> <span class='ocrx_word' id='word_1_550' title='bbox 806 5166 1069 5221; x_wconf 92' lang='lat' dir='ltr'><strong>omnium</strong></span> <span class='ocrx_word' id='word_1_551' title='bbox 1097 5181 1331 5221; x_wconf 89' lang='lat' dir='ltr'><strong>summo</strong></span> <span class='ocrx_word' id='word_1_552' title='bbox 1364 5164 1529 5220; x_wconf 88' lang='lat' dir='ltr'><strong>Petro</strong></span> <span class='ocrx_word' id='word_1_553' title='bbox 1562 5163 1654 5220; x_wconf 88' lang='lat' dir='ltr'><strong>hic</strong></span> <span class='ocrx_word' id='word_1_554' title='bbox 1677 5168 2111 5238; x_wconf 88' lang='lat' dir='ltr'><strong>comparandus</strong></span> 
     </span>
    </p>
   </div>
   <div class='ocr_carea' id='block_1_89' title="bbox 461 5254 2109 5327">
    <p class='ocr_par' dir='ltr' id='par_1_89' title="bbox 461 5254 2109 5327">
     <span class='ocr_line' id='line_1_89' title="bbox 461 5254 2109 5327; baseline 0.001 -18"><span class='ocrx_word' id='word_1_555' title='bbox 461 5258 569 5321; x_wconf 90' lang='lat' dir='ltr'><strong>est,</strong></span> <span class='ocrx_word' id='word_1_556' title='bbox 603 5254 695 5309; x_wconf 92' lang='lat' dir='ltr'><strong>cui</strong></span> <span class='ocrx_word' id='word_1_557' title='bbox 729 5261 1005 5310; x_wconf 66' lang='lat' dir='ltr'><strong>aeternam</strong></span> <span class='ocrx_word' id='word_1_558' title='bbox 1038 5272 1102 5309; x_wconf 91' lang='lat' dir='ltr'><strong>ac</strong></span> <span class='ocrx_word' id='word_1_559' title='bbox 1135 5254 1552 5326; x_wconf 85' lang='lat' dir='ltr'><strong>sempiternam</strong></span> <span class='ocrx_word' id='word_1_560' title='bbox 1610 5255 1733 5310; x_wconf 84' lang='lat' dir='ltr'><strong>Filii</strong></span> <span class='ocrx_word' id='word_1_561' title='bbox 1784 5258 2109 5327; x_wconf 86' lang='lat' dir='ltr'><strong>generatio-</strong></span> 
     </span>
    </p>
   </div>
   <div class='ocr_carea' id='block_1_90' title="bbox 461 5344 2110 5415">
    <p class='ocr_par' dir='ltr' id='par_1_90' title="bbox 461 5344 2110 5415">
     <span class='ocr_line' id='line_1_90' title="bbox 461 5344 2110 5415; baseline 0.002 -18"><span class='ocrx_word' id='word_1_562' title='bbox 461 5359 617 5410; x_wconf 77' lang='lat' dir='ltr'><strong>nem,</strong></span> <span class='ocrx_word' id='word_1_563' title='bbox 653 5361 780 5415; x_wconf 67' lang='lat' dir='ltr'><strong>quae</strong></span> <span class='ocrx_word' id='word_1_564' title='bbox 806 5350 929 5400; x_wconf 89' lang='lat' dir='ltr'><strong>tota</strong></span> <span class='ocrx_word' id='word_1_565' title='bbox 955 5350 1147 5399; x_wconf 91' lang='lat' dir='ltr'><strong>mente</strong></span> <span class='ocrx_word' id='word_1_566' title='bbox 1190 5361 1255 5399; x_wconf 89' lang='lat' dir='ltr'><strong>ac</strong></span> <span class='ocrx_word' id='word_1_567' title='bbox 1304 5344 1528 5399; x_wconf 88' lang='lat' dir='ltr'><strong>ratione</strong></span> <span class='ocrx_word' id='word_1_568' title='bbox 1576 5345 1991 5415; x_wconf 87' lang='lat' dir='ltr'><strong>comprehendi</strong></span> <span class='ocrx_word' id='word_1_569' title='bbox 2044 5363 2110 5401; x_wconf 89' lang='lat' dir='ltr'><strong>ac</strong></span> 
     </span>
    </p>
   </div>
   <div class='ocr_carea' id='block_1_91' title="bbox 461 5432 2110 5507">
    <p class='ocr_par' dir='ltr' id='par_1_91' title="bbox 461 5432 2110 5507">
     <span class='ocr_line' id='line_1_91' title="bbox 461 5432 2110 5507; baseline 0.002 -20"><span class='ocrx_word' id='word_1_570' title='bbox 461 5432 693 5489; x_wconf 83' lang='lat' dir='ltr'><strong>deﬁniri</strong></span> <span class='ocrx_word' id='word_1_571' title='bbox 731 5435 1260 5507; x_wconf 91' lang='lat' dir='ltr'><strong>nequit(siquidem</strong></span> <span class='ocrx_word' id='word_1_572' title='bbox 1296 5434 1345 5488; x_wconf 87' lang='lat' dir='ltr'><strong>is</strong></span> <span class='ocrx_word' id='word_1_573' title='bbox 1368 5451 1499 5489; x_wconf 89' lang='lat' dir='ltr'><strong>cum</strong></span> <span class='ocrx_word' id='word_1_574' title='bbox 1529 5434 1694 5489; x_wconf 88' lang='lat' dir='ltr'><strong>Patre</strong></span> <span class='ocrx_word' id='word_1_575' title='bbox 1712 5435 2110 5505; x_wconf 87' lang='lat' dir='ltr'><strong>sempiternus</strong></span> 
     </span>
    </p>
   </div>
   <div class='ocr_carea' id='block_1_92' title="bbox 461 5523 2109 5598">
    <p class='ocr_par' dir='ltr' id='par_1_92' title="bbox 461 5523 2109 5598">
     <span class='ocr_line' id='line_1_92' title="bbox 461 5523 2109 5598; baseline 0.002 -20"><span class='ocrx_word' id='word_1_576' title='bbox 461 5528 573 5591; x_wconf 89' lang='lat' dir='ltr'><strong>est,</strong></span> <span class='ocrx_word' id='word_1_577' title='bbox 608 5541 673 5579; x_wconf 90' lang='lat' dir='ltr'><strong>ac</strong></span> <span class='ocrx_word' id='word_1_578' title='bbox 706 5524 833 5579; x_wconf 88' lang='lat' dir='ltr'><strong>sine</strong></span> <span class='ocrx_word' id='word_1_579' title='bbox 862 5525 1197 5596; x_wconf 85' lang='lat' dir='ltr'><strong>principio),</strong></span> <span class='ocrx_word' id='word_1_580' title='bbox 1234 5525 1399 5580; x_wconf 85' lang='lat' dir='ltr'><strong>Pater</strong></span> <span class='ocrx_word' id='word_1_581' title='bbox 1424 5523 1719 5595; x_wconf 86' lang='lat' dir='ltr'><strong>ingenitus</strong></span> <span class='ocrx_word' id='word_1_582' title='bbox 1740 5530 1798 5579; x_wconf 91' lang='lat' dir='ltr'><strong>et</strong></span> <span class='ocrx_word' id='word_1_583' title='bbox 1818 5524 2109 5598; x_wconf 89' lang='lat' dir='ltr'><strong>principio</strong></span> 
     </span>
    </p>
   </div>
   <div class='ocr_carea' id='block_1_93' title="bbox 460 5613 2112 5686">
    <p class='ocr_par' dir='ltr' id='par_1_93' title="bbox 460 5613 2112 5686">
     <span class='ocr_line' id='line_1_93' title="bbox 460 5613 2112 5686; baseline 0.001 -17"><span class='ocrx_word' id='word_1_584' title='bbox 460 5628 673 5670; x_wconf 90' lang='lat' dir='ltr'><strong>carens</strong></span> <span class='ocrx_word' id='word_1_585' title='bbox 705 5613 998 5670; x_wconf 86' lang='lat' dir='ltr'><strong>revelavit.</strong></span> <span class='ocrx_word' id='word_1_586' title='bbox 1031 5614 1219 5686; x_wconf 89' lang='lat' dir='ltr'><strong>Super</strong></span> <span class='ocrx_word' id='word_1_587' title='bbox 1251 5630 1425 5685; x_wconf 90' lang='lat' dir='ltr'><strong>quem</strong></span> <span class='ocrx_word' id='word_1_588' title='bbox 1457 5617 1736 5685; x_wconf 89' lang='lat' dir='ltr'><strong>tanquam</strong></span> <span class='ocrx_word' id='word_1_589' title='bbox 1784 5619 2031 5685; x_wconf 89' lang='lat' dir='ltr'><strong>petram,</strong></span> <span class='ocrx_word' id='word_1_590' title='bbox 2055 5620 2112 5671; x_wconf 89' lang='lat' dir='ltr'><strong>et</strong></span> 
     </span>
    </p>
   </div>
   <div class='ocr_carea' id='block_1_94' title="bbox 461 5703 2111 5771">
    <p class='ocr_par' dir='ltr' id='par_1_94' title="bbox 461 5703 2111 5771">
     <span class='ocr_line' id='line_1_94' title="bbox 461 5703 2111 5771; baseline 0.002 -13"><span class='ocrx_word' id='word_1_591' title='bbox 461 5716 883 5771; x_wconf 76' lang='lat' dir='ltr'><strong>inconcussum</strong></span> <span class='ocrx_word' id='word_1_592' title='bbox 935 5704 1069 5759; x_wconf 82' lang='lat' dir='ltr'><strong>ﬁdei</strong></span> <span class='ocrx_word' id='word_1_593' title='bbox 1129 5704 1602 5770; x_wconf 81' lang='lat' dir='ltr'><strong>fundamentum,</strong></span> <span class='ocrx_word' id='word_1_594' title='bbox 1666 5703 1933 5760; x_wconf 88' lang='lat' dir='ltr'><strong>Christus</strong></span> <span class='ocrx_word' id='word_1_595' title='bbox 1980 5722 2111 5762; x_wconf 88' lang='lat' dir='ltr'><strong>vere</strong></span> 
     </span>
    </p>
   </div>
   <div class='ocr_carea' id='block_1_95' title="bbox 2139 4612 2189 4677">
    <p class='ocr_par' dir='ltr' id='par_1_95' title="bbox 2139 4612 2189 4677">
     <span class='ocr_line' id='line_1_95' title="bbox 2139 4612 2189 4677; baseline 0 0"><span class='ocrx_word' id='word_1_596' title='bbox 2139 4612 2189 4677; x_wconf 84' lang='grc' dir='ltr'><strong>Ι)</strong></span> 
     </span>
    </p>
   </div>
   <div class='ocr_carea' id='block_1_96' title="bbox 2224 3336 3852 3415">
    <p class='ocr_par' dir='ltr' id='par_1_96' title="bbox 2224 3336 3852 3415">
     <span class='ocr_line' id='line_1_96' title="bbox 2224 3336 3852 3415; baseline -0.01 -17"><span class='ocrx_word' id='word_1_597' title='bbox 2224 3361 2360 3412; x_wconf 86' lang='grc' dir='ltr'>σας,</span> <span class='ocrx_word' id='word_1_598' title='bbox 2421 3340 2511 3394; x_wconf 88' lang='grc' dir='ltr'><strong>καὶ</strong></span> <span class='ocrx_word' id='word_1_599' title='bbox 2566 3338 2705 3411; x_wconf 83' lang='grc' dir='ltr'>λίθῳ</span> <span class='ocrx_word' id='word_1_600' title='bbox 2758 3342 2994 3413; x_wconf 81' lang='grc' dir='ltr'>πατάξας</span> <span class='ocrx_word' id='word_1_601' title='bbox 3051 3341 3142 3394; x_wconf 84' lang='grc' dir='ltr'>τὸν</span> <span class='ocrx_word' id='word_1_602' title='bbox 3200 3337 3481 3415; x_wconf 81' lang='grc' dir='ltr'>ἀλάστορα</span> <span class='ocrx_word' id='word_1_603' title='bbox 3516 3382 3530 3407; x_wconf 94' lang='grc'><strong>,</strong></span> <span class='ocrx_word' id='word_1_604' title='bbox 3588 3336 3675 3390; x_wconf 86' lang='lat' dir='ltr'><strong>xui</strong></span> <span class='ocrx_word' id='word_1_605' title='bbox 3724 3337 3852 3389; x_wconf 84' lang='grc' dir='ltr'>νῖκος</span> 
     </span>
    </p>
   </div>
   <div class='ocr_carea' id='block_1_97' title="bbox 2221 3417 3853 3503">
    <p class='ocr_par' dir='ltr' id='par_1_97' title="bbox 2221 3417 3853 3503">
     <span class='ocr_line' id='line_1_97' title="bbox 2221 3417 3853 3503; baseline 0.002 -19"><span class='ocrx_word' id='word_1_606' title='bbox 2221 3427 2731 3503; x_wconf 80' lang='grc' dir='ltr'>παναοιδιμώτατον</span> <span class='ocrx_word' id='word_1_607' title='bbox 2761 3430 2899 3484; x_wconf 80' lang='grc' dir='ltr'>κατὰ</span> <span class='ocrx_word' id='word_1_608' title='bbox 2945 3434 3055 3484; x_wconf 92' lang='grc' dir='ltr'><strong>τῶν</strong></span> <span class='ocrx_word' id='word_1_609' title='bbox 3089 3428 3414 3484; x_wconf 81' lang='grc' dir='ltr'>ὑπεναντίων</span> <span class='ocrx_word' id='word_1_610' title='bbox 3472 3427 3751 3501; x_wconf 66' lang='grc' dir='ltr'>ἀράμενος,</span> <span class='ocrx_word' id='word_1_611' title='bbox 3778 3417 3853 3473; x_wconf 67' lang='grc' dir='ltr'>κπῖ</span> 
     </span>
    </p>
   </div>
   <div class='ocr_carea' id='block_1_98' title="bbox 2225 3508 3846 3595">
    <p class='ocr_par' dir='ltr' id='par_1_98' title="bbox 2225 3508 3846 3595">
     <span class='ocr_line' id='line_1_98' title="bbox 2225 3508 3846 3595; baseline -0.004 -22"><span class='ocrx_word' id='word_1_612' title='bbox 2225 3518 2476 3594; x_wconf 83' lang='grc' dir='ltr'>μυριάσιν</span> <span class='ocrx_word' id='word_1_613' title='bbox 2527 3518 2805 3573; x_wconf 80' lang='grc' dir='ltr'>ἐπινικίων</span> <span class='ocrx_word' id='word_1_614' title='bbox 2839 3519 3049 3595; x_wconf 87' lang='grc' dir='ltr'>κρότων</span> <span class='ocrx_word' id='word_1_615' title='bbox 3082 3518 3371 3591; x_wconf 79' lang='grc' dir='ltr'>ᾀδόμενος·</span> <span class='ocrx_word' id='word_1_616' title='bbox 3426 3517 3519 3571; x_wconf 82' lang='grc' dir='ltr'><strong>καὶ</strong></span> <span class='ocrx_word' id='word_1_617' title='bbox 3552 3515 3652 3590; x_wconf 71' lang='grc' dir='ltr'>γὰρ</span> <span class='ocrx_word' id='word_1_618' title='bbox 3696 3508 3846 3574; x_wconf 73' lang='grc' dir='ltr'>οὗτος,</span> 
     </span>
    </p>
   </div>
   <div class='ocr_carea' id='block_1_99' title="bbox 2219 3598 3847 3681">
    <p class='ocr_par' dir='ltr' id='par_1_99' title="bbox 2219 3598 3847 3681">
     <span class='ocr_line' id='line_1_99' title="bbox 2219 3598 3847 3681; baseline -0.007 -19"><span class='ocrx_word' id='word_1_619' title='bbox 2219 3612 2481 3670; x_wconf 81' lang='grc' dir='ltr'>νεανικῶς</span> <span class='ocrx_word' id='word_1_620' title='bbox 2519 3605 2911 3681; x_wconf 85' lang='grc' dir='ltr'>ἀνδρισάμενος</span> <span class='ocrx_word' id='word_1_621' title='bbox 2942 3608 3116 3662; x_wconf 84' lang='grc' dir='ltr'>πίστει</span> <span class='ocrx_word' id='word_1_622' title='bbox 3150 3607 3238 3661; x_wconf 80' lang='grc' dir='ltr'><strong>καὶ</strong></span> <span class='ocrx_word' id='word_1_623' title='bbox 3270 3603 3457 3660; x_wconf 84' lang='grc' dir='ltr'>ἐλπίδι</span> <span class='ocrx_word' id='word_1_624' title='bbox 3492 3603 3583 3659; x_wconf 84' lang='grc' dir='ltr'><strong>καὶ</strong></span> <span class='ocrx_word' id='word_1_625' title='bbox 3612 3598 3847 3665; x_wconf 70' lang='grc' dir='ltr'>πεποιθή-</span> 
     </span>
    </p>
   </div>
   <div class='ocr_carea' id='block_1_100' title="bbox 2221 3689 3844 3773">
    <p class='ocr_par' dir='ltr' id='par_1_100' title="bbox 2221 3689 3844 3773">
     <span class='ocr_line' id='line_1_100' title="bbox 2221 3689 3844 3773; baseline -0.004 -22"><span class='ocrx_word' id='word_1_626' title='bbox 2221 3718 2299 3751; x_wconf 93' lang='grc' dir='ltr'><strong>σει</strong></span> <span class='ocrx_word' id='word_1_627' title='bbox 2330 3700 2398 3768; x_wconf 82' lang='grc' dir='ltr'>τῇ</span> <span class='ocrx_word' id='word_1_628' title='bbox 2454 3697 2531 3760; x_wconf 86' lang='grc' dir='ltr'>εἷς</span> <span class='ocrx_word' id='word_1_629' title='bbox 2578 3698 2808 3771; x_wconf 88' lang='grc' dir='ltr'>Χριστὸν</span> <span class='ocrx_word' id='word_1_630' title='bbox 2838 3698 3223 3773; x_wconf 80' lang='grc' dir='ltr'>νευροόμενος,</span> <span class='ocrx_word' id='word_1_631' title='bbox 3253 3697 3345 3750; x_wconf 89' lang='grc' dir='ltr'>τὸν</span> <span class='ocrx_word' id='word_1_632' title='bbox 3378 3694 3430 3749; x_wconf 88' lang='grc' dir='ltr'><strong>ἐν</strong></span> <span class='ocrx_word' id='word_1_633' title='bbox 3465 3698 3582 3756; x_wconf 88' lang='grc' dir='ltr'>τοῖς</span> <span class='ocrx_word' id='word_1_634' title='bbox 3620 3689 3844 3745; x_wconf 79' lang='grc' dir='ltr'>διώκταις</span> 
     </span>
    </p>
   </div>
   <div class='ocr_carea' id='block_1_101' title="bbox 2222 3773 3845 3862">
    <p class='ocr_par' dir='ltr' id='par_1_101' title="bbox 2222 3773 3845 3862">
     <span class='ocr_line' id='line_1_101' title="bbox 2222 3773 3845 3862; baseline 0.001 -22"><span class='ocrx_word' id='word_1_635' title='bbox 2222 3786 2537 3862; x_wconf 72' lang='grc' dir='ltr'>ἐνεργοῦντα</span> <span class='ocrx_word' id='word_1_636' title='bbox 2583 3787 2867 3862; x_wconf 82' lang='grc' dir='ltr'>τυράννοις</span> <span class='ocrx_word' id='word_1_637' title='bbox 2919 3783 3091 3841; x_wconf 83' lang='grc' dir='ltr'>δεινὸν</span> <span class='ocrx_word' id='word_1_638' title='bbox 3130 3783 3369 3859; x_wconf 80' lang='grc' dir='ltr'>ὀλετῆρα</span> <span class='ocrx_word' id='word_1_639' title='bbox 3399 3783 3469 3858; x_wconf 79' lang='grc' dir='ltr'>τῇ</span> <span class='ocrx_word' id='word_1_640' title='bbox 3498 3783 3688 3856; x_wconf 71' lang='grc' dir='ltr'>πέτρας</span> <span class='ocrx_word' id='word_1_641' title='bbox 3718 3773 3845 3850; x_wconf 66' lang='grc' dir='ltr'><strong>περ·</strong></span> 
     </span>
    </p>
   </div>
   <div class='ocr_carea' id='block_1_102' title="bbox 2223 3863 3847 3951">
    <p class='ocr_par' dir='ltr' id='par_1_102' title="bbox 2223 3863 3847 3951">
     <span class='ocr_line' id='line_1_102' title="bbox 2223 3863 3847 3951; baseline 0 -22"><span class='ocrx_word' id='word_1_642' title='bbox 2223 3874 2416 3951; x_wconf 73' lang='grc' dir='ltr'>ῥοτέρᾳ</span> <span class='ocrx_word' id='word_1_643' title='bbox 2469 3875 2812 3951; x_wconf 74' lang='grc' dir='ltr'>γενναιότητι</span> <span class='ocrx_word' id='word_1_644' title='bbox 2859 3870 3259 3943; x_wconf 64' lang='grc' dir='ltr'>καταϐέϐληκν</span> <span class='ocrx_word' id='word_1_645' title='bbox 3322 3873 3413 3928; x_wconf 87' lang='lat' dir='ltr'><strong>xui</strong></span> <span class='ocrx_word' id='word_1_646' title='bbox 3474 3872 3664 3948; x_wconf 74' lang='grc' dir='ltr'>στέφος</span> <span class='ocrx_word' id='word_1_647' title='bbox 3716 3863 3847 3932; x_wconf 75' lang='grc' dir='ltr'>νίκης</span> 
     </span>
    </p>
   </div>
   <div class='ocr_carea' id='block_1_103' title="bbox 2222 3954 3847 4041">
    <p class='ocr_par' dir='ltr' id='par_1_103' title="bbox 2222 3954 3847 4041">
     <span class='ocr_line' id='line_1_103' title="bbox 2222 3954 3847 4041; baseline -0.006 -20"><span class='ocrx_word' id='word_1_648' title='bbox 2222 3963 2673 4041; x_wconf 76' lang='grc' dir='ltr'>ἀπενεγκάμενος,</span> <span class='ocrx_word' id='word_1_649' title='bbox 2740 3964 3140 4040; x_wconf 88' lang='grc' dir='ltr'>μυριοπλόκοις</span> <span class='ocrx_word' id='word_1_650' title='bbox 3196 3962 3389 4035; x_wconf 79' lang='grc' dir='ltr'>ὕμνοις</span> <span class='ocrx_word' id='word_1_651' title='bbox 3436 3962 3525 4016; x_wconf 89' lang='lat' dir='ltr'><strong>xui</strong></span> <span class='ocrx_word' id='word_1_652' title='bbox 3581 3954 3847 4033; x_wconf 79' lang='grc' dir='ltr'>ἐγκωμίοις</span> 
     </span>
    </p>
   </div>
   <div class='ocr_carea' id='block_1_104' title="bbox 2222 4045 3845 4130">
    <p class='ocr_par' dir='ltr' id='par_1_104' title="bbox 2222 4045 3845 4130">
     <span class='ocr_line' id='line_1_104' title="bbox 2222 4045 3845 4130; baseline -0.002 -24"><span class='ocrx_word' id='word_1_653' title='bbox 2222 4051 2487 4124; x_wconf 78' lang='grc' dir='ltr'>διηνεκῶς</span> <span class='ocrx_word' id='word_1_654' title='bbox 2536 4054 3010 4130; x_wconf 79' lang='grc' dir='ltr'>καταγεραίρεται.</span> <span class='ocrx_word' id='word_1_655' title='bbox 3078 4052 3184 4109; x_wconf 85' lang='grc' dir='ltr'>Καὶ</span> <span class='ocrx_word' id='word_1_656' title='bbox 3244 4050 3419 4113; x_wconf 83' lang='grc' dir='ltr'>ἄλλος</span> <span class='ocrx_word' id='word_1_657' title='bbox 3448 4045 3703 4119; x_wconf 81' lang='grc' dir='ltr'>Ἰεζεκιήλ</span> <span class='ocrx_word' id='word_1_658' title='bbox 3759 4064 3845 4115; x_wconf 82' lang='grc' dir='ltr'>μυ·</span> 
     </span>
    </p>
   </div>
   <div class='ocr_carea' id='block_1_105' title="bbox 2222 4132 3845 4217">
    <p class='ocr_par' dir='ltr' id='par_1_105' title="bbox 2222 4132 3845 4217">
     <span class='ocr_line' id='line_1_105' title="bbox 2222 4132 3845 4217; baseline 0 -19"><span class='ocrx_word' id='word_1_659' title='bbox 2222 4145 2565 4198; x_wconf 86' lang='grc' dir='ltr'>στικωτάτων</span> <span class='ocrx_word' id='word_1_660' title='bbox 2602 4144 2757 4208; x_wconf 85' lang='grc' dir='ltr'>θείων</span> <span class='ocrx_word' id='word_1_661' title='bbox 2814 4144 3096 4217; x_wconf 83' lang='grc' dir='ltr'>θεαμάτων</span> <span class='ocrx_word' id='word_1_662' title='bbox 3148 4141 3394 4211; x_wconf 82' lang='grc' dir='ltr'>ἐπόπτης</span> <span class='ocrx_word' id='word_1_663' title='bbox 3436 4140 3525 4197; x_wconf 85' lang='lat' dir='ltr'><strong>xui</strong></span> <span class='ocrx_word' id='word_1_664' title='bbox 3572 4132 3845 4214; x_wconf 67' lang='grc' dir='ltr'><strong>ὑφηγητῆςι</strong></span> 
     </span>
    </p>
   </div>
   <div class='ocr_carea' id='block_1_106' title="bbox 2220 4223 3842 4309">
    <p class='ocr_par' dir='ltr' id='par_1_106' title="bbox 2220 4223 3842 4309">
     <span class='ocr_line' id='line_1_106' title="bbox 2220 4223 3842 4309; baseline -0.001 -23"><span class='ocrx_word' id='word_1_665' title='bbox 2220 4232 2500 4294; x_wconf 88' lang='grc' dir='ltr'>ποικιλίας</span> <span class='ocrx_word' id='word_1_666' title='bbox 2556 4235 2879 4309; x_wconf 76' lang='grc' dir='ltr'>θεοφανειῶν</span> <span class='ocrx_word' id='word_1_667' title='bbox 2938 4233 3025 4287; x_wconf 86' lang='grc' dir='ltr'><strong>καὶ</strong></span> <span class='ocrx_word' id='word_1_668' title='bbox 3074 4228 3431 4305; x_wconf 74' lang='grc' dir='ltr'>συμϐολικῶν</span> <span class='ocrx_word' id='word_1_669' title='bbox 3492 4223 3842 4303; x_wconf 77' lang='grc' dir='ltr'>μορφωμάτων</span> 
     </span>
    </p>
   </div>
   <div class='ocr_carea' id='block_1_107' title="bbox 2223 4307 3843 4400">
    <p class='ocr_par' dir='ltr' id='par_1_107' title="bbox 2223 4307 3843 4400">
     <span class='ocr_line' id='line_1_107' title="bbox 2223 4307 3843 4400; baseline -0.017 -13"><span class='ocrx_word' id='word_1_670' title='bbox 2223 4319 2559 4400; x_wconf 70' lang='grc' dir='ltr'>διαγράφων,</span> <span class='ocrx_word' id='word_1_671' title='bbox 2610 4322 2698 4377; x_wconf 89' lang='lat' dir='ltr'><strong>xui</strong></span> <span class='ocrx_word' id='word_1_672' title='bbox 2748 4319 2835 4377; x_wconf 80' lang='grc' dir='ltr'>διὰ</span> <span class='ocrx_word' id='word_1_673' title='bbox 2886 4327 2992 4376; x_wconf 91' lang='grc' dir='ltr'><strong>τῶν</strong></span> <span class='ocrx_word' id='word_1_674' title='bbox 3051 4321 3324 4391; x_wconf 71' lang='grc' dir='ltr'>αἶ’σθητῶν</span> <span class='ocrx_word' id='word_1_675' title='bbox 3385 4319 3607 4375; x_wconf 77' lang='grc' dir='ltr'>εἰκόνων</span> <span class='ocrx_word' id='word_1_676' title='bbox 3662 4311 3738 4367; x_wconf 80' lang='grc' dir='ltr'><strong>ἐπὶ</strong></span> <span class='ocrx_word' id='word_1_677' title='bbox 3762 4307 3843 4374; x_wconf 74' lang='grc' dir='ltr'>τήν</span> 
     </span>
    </p>
   </div>
   <div class='ocr_carea' id='block_1_108' title="bbox 2220 4402 3839 4485">
    <p class='ocr_par' dir='ltr' id='par_1_108' title="bbox 2220 4402 3839 4485">
     <span class='ocr_line' id='line_1_108' title="bbox 2220 4402 3839 4485; baseline -0.002 -20"><span class='ocrx_word' id='word_1_678' title='bbox 2220 4412 2327 4465; x_wconf 83' lang='grc' dir='ltr'><strong>τῶν</strong></span> <span class='ocrx_word' id='word_1_679' title='bbox 2356 4410 2538 4465; x_wconf 74' lang='grc' dir='ltr'>ἀΰλων</span> <span class='ocrx_word' id='word_1_680' title='bbox 2567 4411 2657 4465; x_wconf 88' lang='lat' dir='ltr'><strong>xui</strong></span> <span class='ocrx_word' id='word_1_681' title='bbox 2686 4416 2888 4484; x_wconf 86' lang='grc' dir='ltr'>νοερῶν</span> <span class='ocrx_word' id='word_1_682' title='bbox 2929 4410 3155 4485; x_wconf 87' lang='grc' dir='ltr'>θεωρίαν</span> <span class='ocrx_word' id='word_1_683' title='bbox 3214 4411 3315 4479; x_wconf 81' lang='grc' dir='ltr'>τήν</span> <span class='ocrx_word' id='word_1_684' title='bbox 3358 4409 3624 4484; x_wconf 71' lang='grc' dir='ltr'>ἡμετέραν</span> <span class='ocrx_word' id='word_1_685' title='bbox 3680 4402 3839 4472; x_wconf 86' lang='grc' dir='ltr'>ἰσχνο-</span> 
     </span>
    </p>
   </div>
   <div class='ocr_carea' id='block_1_109' title="bbox 2220 4496 3413 4579">
    <p class='ocr_par' dir='ltr' id='par_1_109' title="bbox 2220 4496 3413 4579">
     <span class='ocr_line' id='line_1_109' title="bbox 2220 4496 3413 4579; baseline 0.002 -25"><span class='ocrx_word' id='word_1_686' title='bbox 2220 4498 2409 4563; x_wconf 88' lang='grc' dir='ltr'>τάταις</span> <span class='ocrx_word' id='word_1_687' title='bbox 2442 4498 2872 4579; x_wconf 75' lang='grc' dir='ltr'>ἱεροφαντορίαις</span> <span class='ocrx_word' id='word_1_688' title='bbox 2905 4500 3118 4575; x_wconf 87' lang='grc' dir='ltr'>ἀνάγων</span> <span class='ocrx_word' id='word_1_689' title='bbox 3149 4496 3413 4556; x_wconf 86' lang='grc' dir='ltr'>διάνοιαν.</span> 
     </span>
    </p>
   </div>
   <div class='ocr_carea' id='block_1_110' title="bbox 2294 4700 3833 4791">
    <p class='ocr_par' dir='ltr' id='par_1_110' title="bbox 2294 4700 3833 4791">
     <span class='ocr_line' id='line_1_110' title="bbox 2294 4700 3833 4791; baseline -0.004 -20"><span class='ocrx_word' id='word_1_690' title='bbox 2294 4715 2469 4772; x_wconf 83' lang='grc' dir='ltr'><strong>’Λλλᾶ</strong></span> <span class='ocrx_word' id='word_1_691' title='bbox 2521 4715 2575 4771; x_wconf 91' lang='grc' dir='ltr'><strong>τί</strong></span> <span class='ocrx_word' id='word_1_692' title='bbox 2626 4737 2720 4791; x_wconf 89' lang='grc' dir='ltr'><strong>μοι</strong></span> <span class='ocrx_word' id='word_1_693' title='bbox 2771 4713 2853 4772; x_wconf 87' lang='grc' dir='ltr'><strong>δεῖ</strong></span> <span class='ocrx_word' id='word_1_694' title='bbox 2880 4718 2973 4771; x_wconf 87' lang='grc' dir='ltr'>τὸν</span> <span class='ocrx_word' id='word_1_695' title='bbox 3000 4720 3251 4771; x_wconf 81' lang='grc' dir='ltr'>τοιοῦτον</span> <span class='ocrx_word' id='word_1_696' title='bbox 3281 4714 3593 4791; x_wconf 85' lang='grc' dir='ltr'>ἆξιάγαστον</span> <span class='ocrx_word' id='word_1_697' title='bbox 3624 4700 3833 4781; x_wconf 73' lang='grc' dir='ltr'>ἱεροφάν-</span> 
     </span>
    </p>
   </div>
   <div class='ocr_carea' id='block_1_111' title="bbox 2217 4792 3832 4886">
    <p class='ocr_par' dir='ltr' id='par_1_111' title="bbox 2217 4792 3832 4886">
     <span class='ocr_line' id='line_1_111' title="bbox 2217 4792 3832 4886; baseline -0.005 -23"><span class='ocrx_word' id='word_1_698' title='bbox 2217 4829 2353 4884; x_wconf 89' lang='grc' dir='ltr'>τορα</span> <span class='ocrx_word' id='word_1_699' title='bbox 2405 4813 2522 4872; x_wconf 86' lang='grc' dir='ltr'>τοῖς</span> <span class='ocrx_word' id='word_1_700' title='bbox 2574 4809 2636 4863; x_wconf 88' lang='grc' dir='ltr'>τὸ</span> <span class='ocrx_word' id='word_1_701' title='bbox 2712 4813 2825 4886; x_wconf 78' lang='grc' dir='ltr'>φῶς</span> <span class='ocrx_word' id='word_1_702' title='bbox 2881 4812 3299 4885; x_wconf 78' lang='grc' dir='ltr'>σκιαγραφοῦσιν</span> <span class='ocrx_word' id='word_1_703' title='bbox 3367 4805 3684 4866; x_wconf 79' lang='grc' dir='ltr'>ἀπεικάσαι;</span> <span class='ocrx_word' id='word_1_704' title='bbox 3734 4792 3832 4847; x_wconf 74' lang='grc' dir='ltr'><strong>δέον</strong></span> 
     </span>
    </p>
   </div>
   <div class='ocr_carea' id='block_1_112' title="bbox 2221 4886 3832 4975">
    <p class='ocr_par' dir='ltr' id='par_1_112' title="bbox 2221 4886 3832 4975">
     <span class='ocr_line' id='line_1_112' title="bbox 2221 4886 3832 4975; baseline -0.011 -22"><span class='ocrx_word' id='word_1_705' title='bbox 2221 4898 2382 4953; x_wconf 80' lang='grc' dir='ltr'>αὐτὸν</span> <span class='ocrx_word' id='word_1_706' title='bbox 2439 4896 2653 4972; x_wconf 81' lang='grc' dir='ltr'>μᾶλλον</span> <span class='ocrx_word' id='word_1_707' title='bbox 2703 4894 3082 4975; x_wconf 76' lang='grc' dir='ltr'>παραϐάλλειν</span> <span class='ocrx_word' id='word_1_708' title='bbox 3114 4901 3232 4959; x_wconf 86' lang='grc' dir='ltr'>τοῖς</span> <span class='ocrx_word' id='word_1_709' title='bbox 3280 4895 3426 4969; x_wconf 80' lang='grc' dir='ltr'><strong>αὐτῷ</strong></span> <span class='ocrx_word' id='word_1_710' title='bbox 3454 4899 3532 4967; x_wconf 80' lang='grc' dir='ltr'>τῷ</span> <span class='ocrx_word' id='word_1_711' title='bbox 3561 4886 3687 4969; x_wconf 78' lang='grc' dir='ltr'><strong>φωτῖ</strong></span> <span class='ocrx_word' id='word_1_712' title='bbox 3727 4902 3832 4939; x_wconf 81' lang='grc' dir='ltr'>κατ-</span> 
     </span>
    </p>
   </div>
   <div class='ocr_carea' id='block_1_113' title="bbox 2221 4983 3829 5061">
    <p class='ocr_par' dir='ltr' id='par_1_113' title="bbox 2221 4983 3829 5061">
     <span class='ocr_line' id='line_1_113' title="bbox 2221 4983 3829 5061; baseline -0.007 -20"><span class='ocrx_word' id='word_1_713' title='bbox 2221 4989 2547 5061; x_wconf 82' lang='grc' dir='ltr'>ηξιωμένοις</span> <span class='ocrx_word' id='word_1_714' title='bbox 2600 4987 2918 5061; x_wconf 77' lang='grc' dir='ltr'>αὐτοφανῶς</span> <span class='ocrx_word' id='word_1_715' title='bbox 2950 4984 3351 5042; x_wconf 79' lang='grc' dir='ltr'>συνδιαιτᾶσθαί</span> <span class='ocrx_word' id='word_1_716' title='bbox 3408 5008 3465 5041; x_wconf 91' lang='grc' dir='ltr'><strong>τε</strong></span> <span class='ocrx_word' id='word_1_717' title='bbox 3518 4983 3602 5038; x_wconf 87' lang='grc' dir='ltr'><strong>καὶ</strong></span> <span class='ocrx_word' id='word_1_718' title='bbox 3639 4991 3829 5042; x_wconf 78' lang='grc' dir='ltr'>συνομι-</span> 
     </span>
    </p>
   </div>
   <div class='ocr_carea' id='block_1_114' title="bbox 2220 5062 3828 5151">
    <p class='ocr_par' dir='ltr' id='par_1_114' title="bbox 2220 5062 3828 5151">
     <span class='ocr_line' id='line_1_114' title="bbox 2220 5062 3828 5151; baseline -0.002 -20"><span class='ocrx_word' id='word_1_719' title='bbox 2220 5075 2354 5132; x_wconf 81' lang='grc' dir='ltr'>λεῖν.</span> <span class='ocrx_word' id='word_1_720' title='bbox 2391 5076 2612 5149; x_wconf 81' lang='grc' dir='ltr'>Ἐκείνῳ</span> <span class='ocrx_word' id='word_1_721' title='bbox 2645 5075 2710 5146; x_wconf 73' lang='grc' dir='ltr'>δὴ</span> <span class='ocrx_word' id='word_1_722' title='bbox 2742 5082 2823 5149; x_wconf 77' lang='grc' dir='ltr'><strong>τῷ</strong></span> <span class='ocrx_word' id='word_1_723' title='bbox 2858 5074 3086 5151; x_wconf 87' lang='grc' dir='ltr'>μεγάλῳ</span> <span class='ocrx_word' id='word_1_724' title='bbox 3115 5075 3204 5130; x_wconf 85' lang='grc' dir='ltr'><strong>καὶ</strong></span> <span class='ocrx_word' id='word_1_725' title='bbox 3244 5071 3644 5151; x_wconf 80' lang='grc' dir='ltr'>κορυφαιοτάτῳ</span> <span class='ocrx_word' id='word_1_726' title='bbox 3672 5062 3828 5133; x_wconf 71' lang='grc' dir='ltr'><strong>Πέτρῳ</strong></span> 
     </span>
    </p>
   </div>
   <div class='ocr_carea' id='block_1_115' title="bbox 2218 5154 3824 5243">
    <p class='ocr_par' dir='ltr' id='par_1_115' title="bbox 2218 5154 3824 5243">
     <span class='ocr_line' id='line_1_115' title="bbox 2218 5154 3824 5243; baseline -0.006 -22"><span class='ocrx_word' id='word_1_727' title='bbox 2218 5169 2604 5243; x_wconf 76' lang='grc' dir='ltr'>παρεικάστέον</span> <span class='ocrx_word' id='word_1_728' title='bbox 2636 5166 2819 5235; x_wconf 79' lang='grc' dir='ltr'>αὐτὸν,</span> <span class='ocrx_word' id='word_1_729' title='bbox 2854 5165 2899 5238; x_wconf 85' lang='grc' dir='ltr'>ᾧ</span> <span class='ocrx_word' id='word_1_730' title='bbox 2936 5166 3035 5234; x_wconf 72' lang='grc' dir='ltr'>τὴν</span> <span class='ocrx_word' id='word_1_731' title='bbox 3086 5165 3420 5239; x_wconf 84' lang='grc' dir='ltr'>προαιώνιόν</span> <span class='ocrx_word' id='word_1_732' title='bbox 3452 5183 3507 5216; x_wconf 87' lang='grc' dir='ltr'><strong>τε</strong></span> <span class='ocrx_word' id='word_1_733' title='bbox 3550 5158 3633 5214; x_wconf 87' lang='grc' dir='ltr'>καὶ</span> <span class='ocrx_word' id='word_1_734' title='bbox 3682 5154 3824 5243; x_wconf 61' lang='grc' dir='ltr'><strong>ἄχρεξ·</strong></span> 
     </span>
    </p>
   </div>
   <div class='ocr_carea' id='block_1_116' title="bbox 2218 5233 3823 5329">
    <p class='ocr_par' dir='ltr' id='par_1_116' title="bbox 2218 5233 3823 5329">
     <span class='ocr_line' id='line_1_116' title="bbox 2218 5233 3823 5329; baseline -0.01 -19"><span class='ocrx_word' id='word_1_735' title='bbox 2218 5277 2333 5328; x_wconf 78' lang='grc' dir='ltr'>νον,</span> <span class='ocrx_word' id='word_1_736' title='bbox 2382 5255 2471 5311; x_wconf 84' lang='lat' dir='ltr'><strong>xui</strong></span> <span class='ocrx_word' id='word_1_737' title='bbox 2519 5260 2597 5328; x_wconf 84' lang='grc' dir='ltr'>νῷ</span> <span class='ocrx_word' id='word_1_738' title='bbox 2646 5254 2805 5311; x_wconf 84' lang='grc' dir='ltr'>παντί</span> <span class='ocrx_word' id='word_1_739' title='bbox 2836 5254 2925 5309; x_wconf 87' lang='grc' dir='ltr'><strong>καὶ</strong></span> <span class='ocrx_word' id='word_1_740' title='bbox 2974 5253 3126 5329; x_wconf 85' lang='grc' dir='ltr'>λόγῳ</span> <span class='ocrx_word' id='word_1_741' title='bbox 3163 5252 3446 5315; x_wconf 79' lang='grc' dir='ltr'>παντελῶς</span> <span class='ocrx_word' id='word_1_742' title='bbox 3483 5233 3823 5329; x_wconf 55' lang='grc' dir='ltr'>ἀκατάληπεξόν</span> 
     </span>
    </p>
   </div>
   <div class='ocr_carea' id='block_1_117' title="bbox 2218 5322 3823 5428">
    <p class='ocr_par' dir='ltr' id='par_1_117' title="bbox 2218 5322 3823 5428">
     <span class='ocr_line' id='line_1_117' title="bbox 2218 5322 3823 5428; baseline -0.012 -27"><span class='ocrx_word' id='word_1_743' title='bbox 2218 5366 2277 5400; x_wconf 87' lang='grc' dir='ltr'><strong>τε</strong></span> <span class='ocrx_word' id='word_1_744' title='bbox 2330 5346 2417 5400; x_wconf 82' lang='grc' dir='ltr'><strong>καὶ</strong></span> <span class='ocrx_word' id='word_1_745' title='bbox 2482 5346 2859 5420; x_wconf 88' lang='grc' dir='ltr'>ἀπεριόριστον</span> <span class='ocrx_word' id='word_1_746' title='bbox 2908 5348 3005 5398; x_wconf 77' lang='grc' dir='ltr'>τοῦ</span> <span class='ocrx_word' id='word_1_747' title='bbox 3055 5342 3397 5418; x_wconf 84' lang='grc' dir='ltr'>συνανάρχου</span> <span class='ocrx_word' id='word_1_748' title='bbox 3452 5340 3537 5396; x_wconf 81' lang='grc' dir='ltr'><strong>καὶ</strong></span> <span class='ocrx_word' id='word_1_749' title='bbox 3587 5322 3823 5428; x_wconf 54' lang='grc' dir='ltr'>συναϊδίςυ</span> 
     </span>
    </p>
   </div>
   <div class='ocr_carea' id='block_1_118' title="bbox 2218 5424 3821 5512">
    <p class='ocr_par' dir='ltr' id='par_1_118' title="bbox 2218 5424 3821 5512">
     <span class='ocr_line' id='line_1_118' title="bbox 2218 5424 3821 5512; baseline -0.004 -22"><span class='ocrx_word' id='word_1_750' title='bbox 2218 5438 2347 5491; x_wconf 80' lang='grc' dir='ltr'>Υἱοῦ</span> <span class='ocrx_word' id='word_1_751' title='bbox 2411 5438 2656 5512; x_wconf 67' lang='grc' dir='ltr'>γέννησιν</span> <span class='ocrx_word' id='word_1_752' title='bbox 2704 5438 2731 5491; x_wconf 82' lang='grc' dir='ltr'>ὁ</span> <span class='ocrx_word' id='word_1_753' title='bbox 2788 5436 3025 5512; x_wconf 75' lang='grc' dir='ltr'>ἅναρχός</span> <span class='ocrx_word' id='word_1_754' title='bbox 3078 5456 3137 5490; x_wconf 91' lang='grc' dir='ltr'><strong>τε</strong></span> <span class='ocrx_word' id='word_1_755' title='bbox 3184 5434 3272 5489; x_wconf 89' lang='grc' dir='ltr'><strong>καὶ</strong></span> <span class='ocrx_word' id='word_1_756' title='bbox 3336 5433 3617 5509; x_wconf 79' lang='grc' dir='ltr'>ἆγέννητος</span> <span class='ocrx_word' id='word_1_757' title='bbox 3667 5424 3821 5512; x_wconf 57' lang='lat' dir='ltr'><strong>ilme</strong></span> 
     </span>
    </p>
   </div>
   <div class='ocr_carea' id='block_1_119' title="bbox 2219 5503 3814 5602">
    <p class='ocr_par' dir='ltr' id='par_1_119' title="bbox 2219 5503 3814 5602">
     <span class='ocr_line' id='line_1_119' title="bbox 2219 5503 3814 5602; baseline -0.007 -22"><span class='ocrx_word' id='word_1_758' title='bbox 2219 5503 2583 5599; x_wconf 36' lang='grc' dir='ltr'>ἀπεκάλυψεν-ο</span> <span class='ocrx_word' id='word_1_759' title='bbox 2619 5525 2695 5602; x_wconf 74' lang='grc' dir='ltr'><strong>ἐφ’</strong></span> <span class='ocrx_word' id='word_1_760' title='bbox 2730 5526 2797 5597; x_wconf 82' lang='grc' dir='ltr'>ᾧ,</span> <span class='ocrx_word' id='word_1_761' title='bbox 2830 5503 3017 5601; x_wconf 61' lang='grc' dir='ltr'>πέτρᾳ,</span> <span class='ocrx_word' id='word_1_762' title='bbox 3051 5520 3289 5597; x_wconf 84' lang='grc' dir='ltr'>θεμελίῳ</span> <span class='ocrx_word' id='word_1_763' title='bbox 3318 5503 3416 5590; x_wconf 73' lang='grc' dir='ltr'>τῆς</span> <span class='ocrx_word' id='word_1_764' title='bbox 3461 5518 3672 5602; x_wconf 65' lang='grc' dir='ltr'>πίστεως</span> <span class='ocrx_word' id='word_1_765' title='bbox 3712 5503 3814 5599; x_wconf 57' lang='grc' dir='ltr'><strong>ἇσξ·</strong></span> 
     </span>
    </p>
   </div>
   <div class='ocr_carea' id='block_1_120' title="bbox 2220 5595 3815 5690">
    <p class='ocr_par' dir='ltr' id='par_1_120' title="bbox 2220 5595 3815 5690">
     <span class='ocr_line' id='line_1_120' title="bbox 2220 5595 3815 5690; baseline 0.002 -22"><span class='ocrx_word' id='word_1_766' title='bbox 2220 5612 2396 5687; x_wconf 81' lang='grc' dir='ltr'>λεότῳ</span> <span class='ocrx_word' id='word_1_767' title='bbox 2448 5595 2879 5690; x_wconf 54' lang='grc' dir='ltr'>χρηματίσαντι,</span> <span class='ocrx_word' id='word_1_768' title='bbox 2932 5595 3187 5689; x_wconf 62' lang='grc' dir='ltr'>Χριστός,</span> <span class='ocrx_word' id='word_1_769' title='bbox 3247 5615 3281 5683; x_wconf 77' lang='grc' dir='ltr'>ἡ</span> <span class='ocrx_word' id='word_1_770' title='bbox 3344 5606 3509 5671; x_wconf 76' lang='grc' dir='ltr'>ὅντως</span> <span class='ocrx_word' id='word_1_771' title='bbox 3562 5595 3714 5671; x_wconf 69' lang='grc' dir='ltr'>πέτρα</span> <span class='ocrx_word' id='word_1_772' title='bbox 3738 5595 3815 5689; x_wconf 49' lang='grc' dir='ltr'><strong>τῆς</strong></span> 
     </span>
    </p>
   </div>
   <div class='ocr_carea' id='block_1_121' title="bbox 2224 5698 3809 5777">
    <p class='ocr_par' dir='ltr' id='par_1_121' title="bbox 2224 5698 3809 5777">
     <span class='ocr_line' id='line_1_121' title="bbox 2224 5698 3809 5777; baseline -0.012 -18"><span class='ocrx_word' id='word_1_773' title='bbox 2224 5710 2394 5777; x_wconf 78' lang='grc' dir='ltr'>ζωῆς,</span> <span class='ocrx_word' id='word_1_774' title='bbox 2433 5705 2523 5760; x_wconf 85' lang='grc' dir='ltr'><strong>καὶ</strong></span> <span class='ocrx_word' id='word_1_775' title='bbox 2575 5710 2684 5760; x_wconf 87' lang='grc' dir='ltr'><strong>τῶν</strong></span> <span class='ocrx_word' id='word_1_776' title='bbox 2742 5700 2912 5762; x_wconf 78' lang='grc' dir='ltr'>ὅντων</span> <span class='ocrx_word' id='word_1_777' title='bbox 2970 5705 3232 5777; x_wconf 76' lang='grc' dir='ltr'>ποιητική</span> <span class='ocrx_word' id='word_1_778' title='bbox 3294 5724 3353 5758; x_wconf 81' lang='grc' dir='ltr'><strong>τε</strong></span> <span class='ocrx_word' id='word_1_779' title='bbox 3408 5699 3491 5757; x_wconf 88' lang='grc' dir='ltr'><strong>καί</strong></span> <span class='ocrx_word' id='word_1_780' title='bbox 3548 5698 3809 5749; x_wconf 71' lang='grc' dir='ltr'>συνεκτικη,</span> 
     </span>
    </p>
   </div>
  </div>
