4020 6358
152 381 247 435 637

1168 381 1361 450 VITA,
1401 382 1739 438 AUCTORE
1778 381 2149 436 MICHAELE
2187 381 2538 437 SYNGELO.

3450 376 3559 431 638

150 506 239 572 τήν
271 501 471 558 οἰκείαν
509 499 832 572 Ἐκκλησίαν
869 499 1141 575 ἐδείματο,
1174 502 1230 557 δν
1262 525 1319 558 τε
1366 510 1464 573 τῆς
1508 502 1559 559 ἐν
1620 504 1773 580 οὐρα-

1892 506 2019 561 vitaa
2051 510 2236 577 petra,
2269 506 2367 578 qui
2401 505 2599 561 omnia
2640 504 2827 559 facere
2896 508 2953 558 et
3009 501 3308 558 continere
3364 506 3558 573 potest

152 598 251 653 νοῖς
300 590 582 653 κατοικίας
619 591 706 644 καὶ
754 589 1097 666 κληρουχίας
1135 590 1462 669 κλειδοῦχον
1508 594 1596 648 καὶ
1654 591 1789 663 κλη-

153 680 368 757 ροδότην
402 680 692 757 ἀπέφηνεν,
728 679 968 749 ἐξουσίαν
1015 679 1161 752 αὐτῷ
1214 683 1359 735 θείαν
1408 681 1554 736 λύειν
1598 703 1655 736 τε
1697 683 1786 737 καὶ

151 769 351 842 δεσμεῖν
400 767 809 843 ἁμαρτημάτων
871 770 1049 842 σειρὰς
1107 772 1545 846 παρασχόμενος.
1585 771 1685 827 Καὶ
1731 772 1788 832 ’ὀς

148 862 233 928 τὴν
298 856 556 934 βασιλίδα
584 859 799 930 Ῥώμην
852 866 970 920 ταῖς
1014 860 1148 933 πρὸς
1191 864 1422 934 Χριστοῦ
1454 856 1788 930 ξπανολϐίως

148 943 537 1021 ἀποϐρυούσαις
592 948 726 1021 [καὶ]
777 949 1236 1025 θαυματουργίαις
1285 952 1646 1025 κατήστραψε,
1697 949 1786 1004 καὶ

149 1038 232 1104 τήν
287 1033 514 1104 δυτικὴν
570 1037 920 1110 ἀμαυρότητα
973 1038 1325 1111 μετεποίησεν
1368 1038 1445 1103 εἷς
1478 1037 1784 1113 διαυγεστάο

146 1148 231 1194 την
263 1123 630 1197 λαμπρότητα
658 1144 669 1157 ⁸
704 1124 739 1194 ἢ
772 1130 848 1197 τῷ
876 1130 975 1192 τῆς
1013 1129 1240 1200 βροντῆς
1274 1129 1396 1199 υἱῷ,
1428 1133 1505 1199 τῷ
1552 1128 1617 1183 τά
1648 1134 1783 1192 θεῖα,

146 1215 221 1268 καὶ
269 1214 541 1288 ὑπερφυῆ,
598 1215 686 1269 καὶ
746 1217 943 1278 πάσαις
1012 1217 1370 1292 ἀνθρωπείαις
1449 1219 1636 1280 ἀκοαῖς
1696 1217 1784 1271 καὶ

149 1302 311 1379 φρεσὶν
370 1297 690 1373 ἄϐαταπκαὶ
739 1303 925 1365 αὐταῖς
971 1310 1089 1366 ταῖς
1138 1305 1526 1380 ὑπερκοσμίοις
1580 1306 1784 1367 οὐσίαις

151 1391 365 1465 ἀκίχητα
412 1395 494 1462 τῷ
545 1390 737 1463 κόσμῳ
797 1387 1316 1468 καταϐροντήσαντι,
1366 1395 1457 1448 ἅτε
1510 1400 1626 1456 τοῖς
1686 1402 1785 1462 τῆς

147 1478 421 1549 ἀληθινῆς,
451 1479 543 1533 καὶ
602 1479 967 1536 ἐνυποστάτου
1027 1483 1217 1559 σοφίας
1264 1483 1597 1547 ἐπικλιθέντι
1632 1485 1783 1559 στέρ-

146 1588 260 1635 νοις,
303 1568 405 1622 κάκ
461 1574 571 1623 τῶν
633 1566 949 1625 πανολϐίων
1008 1573 1097 1625 καὶ
1138 1572 1341 1626 ἀενάων
1402 1576 1501 1638 τῆς
1556 1594 1782 1649 κρυφιο-

151 1657 331 1728 μύστου
391 1658 582 1727 θεϊκῆς
637 1659 804 1728 αὐτῆς
858 1661 1109 1735 γνώσεως
1165 1652 1447 1738 θησαυρῶν
1506 1660 1780 1733 ἀπαντλή-

144 1766 271 1799 σαντι
331 1743 668 1802 διειδὲστατα
719 1747 1005 1823 θεολογίας
1045 1751 1260 1822 νάματα
1294 1774 1305 1785 ·
1350 1750 1385 1819 ἢ
1448 1752 1649 1825 Παύλῳ
1703 1758 1782 1825 τῷ

147 1833 311 1907 οἰκείῳ
358 1841 686 1912 φωταγωγῷ
740 1838 829 1892 καὶ
908 1838 1252 1913 ἱεροτελεστῇ
1321 1840 1648 1917 οἰκειότερον
1720 1840 1777 1895 ἂν

146 1922 214 1992 ε’ίη
244 1930 651 1998 παρομοιῶσαι,
680 1931 759 1998 τῷ
786 1931 895 1981 τῶν
930 1928 1192 2001 οὐρανίων
1228 1926 1435 2002 ἀψίδων
1468 1925 1779 2005 ὑπερϐάντι,

143 2012 217 2065 καὶ
267 2015 329 2067 τά
390 2014 616 2088 βροτοῖς
694 2016 892 2079 ἀθέατα
968 2019 1417 2087 κατοπτεύσαντι,
1475 2020 1562 2073 καὶ
1612 2019 1644 2073 ἆ
1702 2021 1777 2092 μὴ

145 2098 318 2172 ἔξεστιν
351 2101 571 2158 ἀκούειν
616 2103 979 2174 ἒνωτισθέντι,
1010 2108 1100 2160 καὶ
1153 2111 1634 2183 μυσταγωγηθὲντι
1687 2132 1782 2183 μυ-

149 2191 423 2246 στικώτατα
457 2192 700 2267 ῥήματα,
732 2194 821 2248 καὶ
867 2200 961 2249 τοῦ
1018 2194 1345 2270 παραδείσου
1392 2206 1491 2267 τῆς
1552 2199 1782 2275 ἀρχαίας

146 2281 280 2350 ἡμῶν
329 2279 597 2357 πατρίδος
642 2279 1072 2357 ἒπιϐατεύσαντι,
1103 2286 1194 2340 καὶ
1252 2288 1353 2355 τήν
1386 2288 1555 2343 ἐκεῖσε
1608 2311 1779 2361 μακα-

149 2368 349 2439 ριότητα
376 2370 479 2438 την
514 2367 792 2447 διαγωγὴν
820 2373 1168 2445 ἱστορήσαντι
1206 2395 1217 2407 ο
1251 2377 1316 2444 ἧς
1366 2376 1512 2451 παρά
1558 2378 1657 2445 τήν
1701 2378 1779 2432 οἰ-

147 2453 271 2541 κείαν
302 2459 653 2531 προπέτειαν,
685 2460 772 2514 καὶ
812 2468 911 2530 τῆς
961 2460 1286 2533 δεσποτικῆς
1334 2464 1563 2535 ἐντολῆς
1608 2470 1780 2541 παρά-

149 2536 282 2597 ϐασιν
314 2544 536 2601 ἄποικοι
567 2548 849 2624 γεγόνασιν
884 2552 934 2605 οἱ
969 2554 1309 2629 προπάτορες
1347 2573 1360 2587 ⁶
1394 2556 1453 2618 ’ὀς
1501 2556 1591 2609 καὶ
1642 2536 1779 2626 πτη-

148 2629 226 2685 νοῦ
273 2631 422 2705 δίκην
464 2638 675 2693 ἅπασαν
722 2640 822 2709 τήν
868 2639 1198 2714 οῖ’κουμένην
1239 2640 1551 2713 διελήλυθε,
1585 2645 1675 2699 καὶ
1729 2644 1780 2715 ἐξ

146 2719 371 2787 ἀπιστίας
405 2725 484 2787 είς
518 2726 697 2782 πίστιν
727 2730 827 2797 τήν
871 2728 1087 2799 ἐθνικὴν
1134 2732 1427 2805 αὐστηρίαν
1484 2732 1778 2809 ἐζώγρησε.

143 2810 330 2866 Τούτων
362 2816 460 2888 γὰρ
490 2817 555 2870 τὸ
586 2821 682 2871 τοῦ
739 2818 883 2881 θείου
936 2818 1107 2889 ζήλου
1159 2818 1395 2891 διακαὲς,
1428 2823 1517 2876 καὶ
1570 2823 1632 2876 τὸ
1679 2829 1778 2891 τῆς

143 2898 335 2971 ἀγάπης
366 2903 683 2981 είλικρινὲς,
713 2908 801 2961 κάί
832 2911 894 2962 τὸ
932 2915 1031 2977 τῆς
1060 2909 1284 2985 γνώμης
1314 2909 1564 2980 ἐπιεικὲς,
1598 2913 1689 2966 καὶ
1717 2913 1779 2966 τὸ

145 2989 251 3061 περὶ
303 2991 425 3055 τοὺς
486 2994 660 3059 πέλας
719 2998 1015 3069 συμπαθὲς,
1044 2998 1133 3053 καὶ
1194 3002 1254 3054 τὸ
1301 3008 1399 3070 τῆς
1460 3022 1779 3075 μετριοφρο-

146 3076 286 3148 σύνης
338 3082 580 3151 εὐκλεὲς,
613 3085 704 3139 καὶ
761 3088 822 3140 τὸ
864 3093 965 3156 τῆς
1028 3084 1275 3163 ἀνδρείας
1330 3090 1419 3143 καὶ
1476 3090 1778 3165 παρρησίας

143 3170 402 3244 περιφανὲς
457 3174 867 3245 μιμησάμενος,
900 3177 989 3230 καὶ
1044 3178 1178 3251 πρὸς
1216 3177 1277 3232 τὸ
1336 3185 1434 3248 τῆς
1493 3177 1773 3241 πολιτείας

1813 1884 1860 1948 Β

1899 594 2195 667 propriam
2229 593 2543 649 Ecclesiam
2580 593 2918 656 fabricavit;
2962 607 3256 664 quemque
3304 590 3558 647 cmlestis

1899 683 2281 739 habitationis
2311 700 2376 738 ac
2399 683 2759 738 haereditatis
2780 680 3157 753 clavigerum,
3183 686 3240 735 et
3265 681 3552 736 haaredem

1898 772 2232 839 declaravit,
2268 790 2332 827 ac
2366 777 2709 843 potestatem
2744 770 2827 824 illi
2851 769 3106 825 divinam
3134 768 3351 841 ligandi
3378 775 3555 840 atque

1899 862 2161 916 solvendi
2198 863 2364 916 funes
2390 867 2760 933 peccatorum
2795 859 3063 931 praebuit.
3094 859 3197 922 Qui
3232 863 3287 913 et
3327 860 3547 929 regiam

1898 950 2140 1005 Romam
2180 951 2250 1005 iis
2284 950 2583 1005 miraculis
2614 949 2812 1015 editis,
2849 966 2976 1019 qua:
3024 965 3055 1002 a
3100 948 3327 1002 Christo
3378 948 3552 1002 uber-

1896 1039 2043 1094 rime
2100 1041 2275 1095 etiam
2338 1044 2737 1101 manaverunt,
2797 1037 3134 1104 illustravit,
3166 1042 3220 1090 et
3247 1037 3549 1091 occiduam

1896 1128 2278 1184 obsuritatem
2316 1129 2370 1183 in
2406 1129 2777 1200 Splendorem
2831 1125 3230 1181 clarissimum
3283 1141 3549 1180 commu-

1903 1220 2065 1272 tavit.
2097 1221 2213 1273 Aut
2243 1219 2418 1273 etiam
2480 1216 2911 1289 comparandus
2973 1215 3189 1270 tonitru
3254 1212 3548 1283 Filio,qui

1897 1308 2092 1361 divina
2124 1312 2182 1362 et
2212 1307 2513 1372 sublimia,
2547 1311 2602 1360 et
2623 1305 2897 1361 omnibus
2924 1304 3195 1358 humanis
3218 1303 3460 1358 auribus
3483 1319 3549 1358 ac

1895 1397 2193 1452 mentibus
2228 1396 2549 1460 inaccessa,
2582 1412 2708 1465 quae
2734 1411 2838 1449 nec
2865 1394 3197 1466 ipsisetiam
3217 1391 3548 1447 cmlestihus

1895 1485 2246 1541 substantiis
2275 1485 2875 1556 comprehendantur,
2905 1483 3125 1537 mundo
3174 1481 3453 1546 intonuit,
3486 1485 3550 1536 ut

1895 1576 1998 1646 qui
2036 1591 2212 1645 super
2243 1581 2472 1646 pectore
2520 1590 2664 1629 verae
2714 1577 2772 1627 et
2821 1572 3205 1627 subsistentis
3248 1570 3546 1643 sapientiai

1903 1665 2273 1732 recubuerat,
2307 1676 2364 1718 et
2387 1680 2455 1718 ex
2481 1663 2669 1717 beatis
2701 1676 3044 1733 semperque
3076 1659 3399 1715 ﬂuentibus
3423 1676 3545 1732 my-

1894 1754 2052 1808 sticae
2086 1770 2153 1807 ac
2186 1753 2394 1808 divinae
2426 1752 2615 1823 ipsius
2645 1750 2997 1822 cognitionis
3028 1749 3327 1804 thesauris
3359 1748 3547 1804 ﬂuen-

1892 1843 1976 1896 tia
1995 1842 2316 1913 purissima
2339 1841 2635 1896 hauserat.
2660 1840 2761 1894 Vel
2786 1838 2963 1894 Paulo
2987 1841 3114 1909 ejus
3137 1837 3543 1893 illuminatori.

1893 1937 1949 1986 et
1980 1932 2403 1987 sacrificiorum
2440 1930 2670 2003 praesidi
2701 1928 3143 1985 convenientius
3182 1934 3337 1983 esset
3372 1927 3543 1981 illum

1892 2037 2256 2093 comparare,
2311 2020 2412 2092 qui
2466 2037 2720 2075 convexa
2776 2017 3054 2073 cmlorum
3125 2033 3544 2089 supergressus

1893 2117 2001 2178 est,
2035 2116 2092 2165 et
2122 2127 2188 2166 ea
2215 2128 2340 2181 quae
2373 2127 2407 2164 a
2457 2108 2805 2164 mortalibus
2862 2123 3167 2178 nunquam
3228 2105 3351 2160 visa
3379 2110 3543 2170 sunt,

1890 2200 2166 2273 inspexit,
2201 2204 2257 2254 et
2287 2216 2415 2271 quae
2450 2216 2560 2254 non
2596 2197 2731 2253 licet
2759 2198 2983 2262 audire,
3017 2196 3238 2251 audivit
3269 2194 3545 2250 secretis-

1892 2290 2043 2344 sima
2073 2290 2267 2343 verba.
2302 2288 2406 2353 Qui
2439 2288 2496 2341 in
2528 2286 2800 2359 paradiso
2860 2290 3061 2340 nostra
3117 2284 3292 2339 veteri
3353 2283 3545 2355 patria

1892 2377 2235 2443 ambulavit,
2270 2381 2325 2431 et
2357 2376 2805 2444 beatitudinem,
2835 2391 2962 2446 qua:
2998 2373 3117 2429 illic
3148 2376 3257 2441 est,
3293 2372 3540 2443 vitaeque

1891 2467 2228 2521 institutum
2262 2465 2644 2536 perscripsit:
2672 2482 2704 2519 a
2727 2482 2842 2535 qua
2863 2466 2933 2518 ob
2960 2462 3251 2535 proprium
3280 2461 3542 2533 petulan-

1891 2555 2058 2625 tiam,
2092 2562 2147 2609 et
2178 2556 2331 2610 372
2367 2556 2631 2626 praecepti
2664 2552 2846 2608 divini
2878 2550 3405 2624 transgressionem
3439 2567 3536 2605 ex-

1890 2649 2076 2699 torres
2110 2645 2244 2698 facti
2277 2648 2418 2698 sunt
2451 2643 2621 2715 primi
2655 2647 2927 2714 parentes
2958 2639 3162 2696 nostri.
3197 2640 3305 2705 Qui
3355 2642 3541 2695 instar

1893 2735 2017 2789 avis
2077 2733 2416 2789 universum
2478 2734 2674 2787 orbem
2734 2737 2899 2785 terra:
2960 2730 3312 2801 peragravit,
3358 2732 3412 2785 et
3466 2746 3534 2783 ex

1891 2822 2239 2879 inﬁdelitate
2272 2824 2343 2877 ad
2398 2823 2569 2876 ﬁdem
2624 2826 2883 2893 agrestes
2938 2818 3186 2891 gentiles
3232 2818 3538 2873 convertit.

1891 2916 2108 2968 Horum
2143 2913 2295 2968 enim
2359 2913 2623 2966 ardorem
2676 2909 2853 2964 divini
2913 2909 3040 2978 zeli,
3084 2925 3150 2963 ac
3209 2908 3541 2962 dilectionis

1890 3004 2285 3071 severitatem,
2318 3001 2496 3055 animi
2532 2999 3069 3065 mansuetudinem,
3097 2998 3152 3051 in
3179 2997 3542 3069 propinquos

1889 3092 2486 3160 commiserationem,
2522 3091 2824 3145 modestiae
2855 3088 3276 3155 celebritatem,
3313 3086 3541 3141 fortitu-

1888 3181 2044 3236 dinis
2069 3186 2122 3236 et
2142 3180 2432 3236 libertatis
2456 3178 2732 3251 loquendi
2753 3178 3124 3249 splendorem
3178 3175 3467 3243 imitatus,
3487 3178 3544 3230 et

143 3252 341 3345 ἑκάστου
399 3260 635 3325 θεοειδὶς
686 3265 783 3332 τήν
842 3265 1034 3319 ἑαυτοῦ
1080 3267 1269 3341 βιοτὴν
1303 3266 1438 3338 ὅλην
1503 3280 1773 3345 μεθαρμο-

1887 3271 1956 3325 ad
1973 3270 2112 3324 divi.
2145 3287 2241 3323 um
2264 3268 2581 3338 cujuslibet
2606 3268 2840 3323 illorum
2862 3267 2990 3321 vitae
3014 3265 3351 3319 institutum
3374 3281 3541 3320 suam

145 3343 365 3417 σάμενος,
396 3352 493 3419 τήν
531 3351 907 3423 ἀποστολικήν
939 3353 1169 3425 ἐπαξίως
1225 3359 1370 3431 παρά
1424 3359 1621 3433 Κυρίου
1645 3343 1771 3434 ἀχά·

146 3450 214 3527 ριν
243 3433 544 3507 ἐκομίσατο,
578 3441 666 3495 καὶ
702 3443 949 3515 σημείων
1002 3440 1256 3517 δύναμιν,
1288 3446 1377 3500 καὶ
1425 3433 1770 3527 προφητικήν

144 3513 413 3600 ἔλλαμψιν,
446 3530 536 3584 καὶ
573 3513 859 3606 θεολογίας
891 3513 1151 3609 πέλαγοςξ

202 3736 304 3828 Tini
360 3741 456 3817 γὰρ
509 3743 572 3798 ἐκ
609 3751 707 3814 τῆς
737 3745 1071 3817 Ἑλληνικῆς
1100 3748 1245 3821 αὐτῷ
1302 3754 1771 3828 συναγηγερμένην

148 3825 309 3899 σοφίαν
366 3829 702 3895 παιδεύσεως
753 3835 1104 3911 θεραπαινίδα
1157 3845 1258 3907 τῆς
1314 3836 1424 3893 ἅνω
1477 3825 1769 3912 καταταξά-

150 3929 300 4011 μενος,
356 3919 440 3972 καὶ
498 3922 739 3999 καθάπερ
799 3927 939 4002 σοφὴ
1015 3924 1264 3998 μέλιττα,
1315 3927 1381 3982 τὰ
1458 3936 1557 3999 τῆς
1621 3931 1767 3985 κάτω

147 4001 559 4103 καλλιστεύματα
615 4014 682 4084 τῇ
740 4013 855 4085 θείᾳ
910 4014 999 4067 καὶ
1060 4015 1298 4091 οὐρανίῳ
1373 4016 1766 4093 καλλιερήσας,

144 4093 362 4183 ξαῖπρρς
419 4105 517 4168 τῆς
562 4104 1006 4175 θεαρχικωτάτης
1038 4099 1421 4178 φωτοϐλυσίας
1452 4106 1768 4183 πληρωθεὶς

146 4170 472 4280 ἰμπνεύσεως,
503 4187 783 4259 λελάληκὲ
829 4211 885 4245 τε
927 4192 1017 4245 καὶ
1061 4192 1443 4270 τεθεολόγηκε,
1493 4170 1583 4250 καί
1641 4219 1766 4251 συν-

144 4281 309 4343 τεταχε
360 4274 424 4328 τΞι
478 4280 605 4331 νοῦν
668 4278 875 4333 ἅπαντα
932 4282 1384 4353 καταπλήττοντα
1419 4303 1430 4314 ·
1488 4286 1593 4340 ἀπὸ
1664 4288 1765 4363 γὰρ

144 4369 225 4448 ῖης
247 4362 343 4412 τῶν
377 4364 671 4440 ὁρωμένων
706 4365 1040 4443 διασκέψεως
1098 4370 1185 4425 ἐπὶ
1224 4374 1324 4440 τὴν
1371 4378 1479 4428 τῶν
1517 4362 1763 4448 ἀοράτων

146 4436 442 4543 ἀῖππτελησιν
501 4455 741 4519 ἀναπτάς
796 4463 875 4530 τῷ
920 4458 1189 4536 λογισμῷ,
1251 4462 1339 4516 καὶ
1396 4463 1491 4526 τὰς
1548 4466 1763 4539 τριττάς

147 4546 230 4627 “fw
280 4536 649 4627 ὑπερκοσμίων
724 4545 1125 4623 λαμπροτάτων
1181 4553 1469 4627 ταγμάτων
1533 4536 1763 4624 Ἐκκλη-

1883 3360 2074 3431 ipsius
2135 3360 2417 3428 effingens
2476 3357 2853 3430 apostolicam
2912 3354 3179 3425 gratiam,
3226 3353 3537 3409 miraculo-

1881 3465 2133 3520 rumque
2217 3452 2566 3519 potestatem
2656 3445 3066 3518 propheticum
3139 3442 3536 3515 splendorem,

1882 3543 1938 3593 et
1968 3537 2257 3592 abditiora
2296 3535 2604 3609 theologias
2654 3534 2935 3607 mysteria
2985 3533 3162 3606 digne
3211 3549 3245 3587 a
3290 3531 3538 3588 Domino

1880 3626 2102 3682 retulit.

1951 3751 2311 3823 Sapientiam
2345 3751 2527 3818 enim,
2558 3768 2684 3822 qua:
2730 3749 2801 3804 ab
2834 3748 2931 3804 illo
2957 3764 3023 3803 ex
3044 3751 3376 3803 Graecorum
3402 3762 3535 3802 eru-

1878 3841 2098 3896 ditione
2129 3838 2369 3896 collecta
2400 3845 2511 3908 est,
2557 3837 2885 3910 disciplinae
2945 3836 3198 3892 ccelestis
3260 3836 3535 3891 ancillam

1879 3930 2216 3995 constituit,
2248 3934 2305 3985 et
2334 3935 2397 3983 ut
2432 3930 2687 3999 prudens
2729 3927 2857 3998 apis
2907 3927 3160 3997 profanae
3206 3924 3530 3996 disciplina:

1877 4024 2223 4074 ornamenta
2254 4019 2462 4073 divinae
2494 4024 2551 4073 et
2573 4018 2791 4073 caelesti
2822 4014 3123 4087 theologia:
3146 4017 3532 4079 consecravit,

1877 4125 1944 4164 ac
1976 4126 2009 4163 a
2040 4124 2317 4179 supremo
2351 4108 2559 4161 divinae
2592 4106 2741 4160 lucis
2776 4106 2931 4160 fonte
2962 4104 3182 4174 Spiritu
3212 4102 3423 4174 planus
3448 4102 3530 4158 lo-

1876 4202 2048 4252 cutus
2098 4201 2205 4265 est,
2254 4200 2309 4251 et
2358 4196 2428 4249 de
2478 4195 2654 4248 rebus
2708 4192 2918 4247 divinis
2987 4191 3290 4256 disseruit,
3343 4207 3528 4263 eaque

1876 4286 2232 4358 composuit,
2284 4302 2409 4355 quae
2468 4300 2703 4337 omnem
2758 4288 3008 4336 mentem
3071 4282 3126 4335 in
3187 4280 3529 4336 admiratio-

1875 4392 2009 4430 nem
2045 4373 2467 4444 pertraherent.
2500 4374 2543 4427 A
2584 4370 3052 4426 consideratione
3108 4369 3264 4424 enim
3324 4385 3527 4424 eorum

1876 4480 2003 4535 quae
2036 4463 2327 4532 videntur,
2360 4462 2429 4516 ad
2466 4478 2665 4517 eorum
2699 4478 2824 4531 qua:
2885 4476 3002 4513 non
3050 4458 3323 4514 videntur
3391 4475 3529 4513 con-

1874 4552 2315 4624 templationem
2351 4551 2797 4606 ratiocinatione
2829 4565 3067 4603 sursum
3107 4546 3335 4615 volans,
3378 4552 3525 4604 tres-

184 4616 192 4635 1

150 4636 246 4717 εξῑας
305 4626 711 4717 ⁸ἐπιθεωρησας,
783 4638 873 4691 καὶ
941 4637 1068 4700 τοὺς
1145 4642 1264 4694 καθ’
1332 4641 1559 4712 ἑκάστην
1620 4649 1767 4717 τρεῖς

1886 4660 1991 4714 que
2048 4640 2508 4696 clarissimorum
2580 4638 2903 4695 ccelestium
2980 4636 3255 4693 ordinum
3322 4644 3527 4709 ccelus,

150 4704 439 4811 ἀ“ίίωτάτους
498 4722 821 4797 ἀγγελικοὺς
880 4723 1235 4801 διακόσμούς,
1295 4729 1384 4785 οἶά
1451 4752 1533 4793 τις
1602 4733 1762 4808 ὑπερ-

188 4794 197 4811 ,
546 4794 591 4797 --
1077 4794 1087 4801 .
1223 4794 1230 4798 .
1707 4794 1715 4808 .

149 4811 341 4899 ξοσμιος
395 4812 681 4887 τυγχάνων
731 4815 821 4868 καὶ
894 4815 1143 4887 οὐράνιος
1200 4816 1449 4894 ἅγγελος,
1501 4821 1591 4875 καὶ
1647 4826 1760 4884 τοῖς

152 4891 421 4992 αξωμςάτοις
480 4902 762 4975 ὁμοταγής
832 4903 1103 4960 κάλλιστα
1160 4905 1623 4983 διαγραψάμενος,
1673 4912 1762 4965 καὶ

264 4986 308 5031 ἐν
355 4986 534 5051 αὐτοῖς
586 4990 825 5061 εὐταξίαν
865 4994 953 5047 καὶ
986 4996 1238 5071 οὐρανίαν
1274 4997 1553 5071 ἱεραρχίαν
1600 5020 1761 5054 κατα-

187 5062 194 5073 .
726 5055 738 5061 -
1057 5055 1066 5071 .
1326 5055 1335 5071 .
1395 5055 1471 5071 ιιι

152 5055 379 5159 ξίξαςττὸ
407 5084 504 5146 τῆς
533 5082 717 5154 ψυχῆς
748 5080 1043 5158 φωτοειδὲς
1088 5080 1339 5147 εὐλαϐῶς
1390 5085 1476 5139 ἐπὶ
1515 5086 1608 5141 τὸν
1662 5096 1760 5157 τῆς

155 5157 373 5254 ξπξρθέου
422 5166 700 5239 θειότητος
759 5174 933 5226 θῶκον
994 5173 1254 5229 ἀνατείνει
1292 5197 1304 5209 ⁸
1361 5174 1450 5229 καὶ
1506 5182 1625 5239 τοῖς
1684 5182 1763 5250 τῷ

153 5245 257 5341 ςεεῳ
306 5252 395 5341 καὶ,
440 5261 891 5334 καθαρτικωτάτῳ
944 5266 1284 5340 καθαρθεῖσιν
1360 5266 1580 5339 ἄνθρακι
1640 5268 1757 5341 χεί-

576 5319 583 5334 ι
862 5319 872 5334 ι
1019 5319 1093 5340 *ι
1459 5319 1468 5339 ⁸
1553 5319 1576 5320 ⁷⁷
1642 5319 1726 5341 ¹“-“”

153 5319 249 5383 λεσι
301 5340 534 5420 θεολογεῖ
587 5350 684 5417 τὴν
738 5349 788 5404 ἐν
849 5350 1042 5426 Τριάδι
1108 5353 1233 5426 μίαν
1266 5352 1592 5428 ἀδιαίρετον,
1625 5354 1763 5411 ἄκτι-

154 5433 254 5471 στον
284 5429 525 5505 Θεότητα,
563 5460 687 5510 μιαν
722 5442 1026 5514 Κυριότητα
1057 5448 1163 5498 τῶν
1199 5443 1342 5499 ὅλων
1391 5443 1750 5522 δημιουργὸν,

154 5522 475 5608 τξρονοιητικήν
526 5548 584 5581 τε
639 5529 728 5583 καὶ
789 5534 1130 5603 συνεκτικὴν,
1174 5536 1301 5607 μίαν
1362 5534 1565 5604 οὐσίαν,
1630 5536 1759 5608 μίαν

436 5590 444 5594 .
1064 5590 1073 5602 .
1118 5590 1130 5603 ,
1174 5590 1184 5607 .
1551 5590 1564 5604 .
1630 5590 1640 5608 .
1704 5590 1709 5591 γ

154 5590 377 5697 ξξουρίαν,
422 5613 509 5667 καὶ
556 5615 855 5690 βασιλείαν,
921 5620 1010 5674 καὶ
1061 5619 1314 5695 δύναμιν,
1363 5624 1452 5678 καὶ
1514 5623 1635 5697 μίαν
1674 5625 1759 5680 θὲ-

156 5672 263 5751 λησί

222 5702 287 5742 civ
340 5716 391 5751 τε
432 5702 516 5756 καὶ
566 5704 855 5783 ἐνέργειαν,
913 5708 1002 5764 καὶ
1062 5710 1158 5773 τὰς
1232 5710 1283 5766 ἐν
1348 5710 1539 5786 μονάδι
1612 5720 1760 5789 τρεῖς

1875 4750 1941 4789 ac
1972 4737 2090 4787 tres
2121 4730 2531 4786 sanctissimos
2579 4728 2873 4801 angelicos
2906 4732 3223 4800 apparatus
3276 4727 3335 4781 in
3403 4727 3527 4782 sin-

1874 4822 2030 4894 gulis
2063 4819 2421 4891 speculatus,
2459 4836 2573 4873 non
2607 4817 2774 4873 aliter
2805 4834 2867 4871 ac
2902 4817 2950 4871 si
2994 4816 3232 4871 divinus
3282 4815 3522 4887 quidam

1874 4916 2045 4982 atirlue
2078 4909 2332 4965 ccelestis
2359 4914 2512 4964 esset
2543 4907 2809 4979 angelus,
2842 4914 2897 4962 et
2930 4908 2984 4961 in
3019 4923 3221 4962 eorum
3258 4905 3358 4978 qui
3397 4921 3521 4959 cor-

1872 5017 2011 5072 pore
2060 5005 2281 5069 carent,
2317 4998 2563 5053 classem
2610 5002 2914 5069 c00patus,
2948 4996 3333 5065 ordinemque
3372 4994 3526 5049 inter

1871 5090 2027 5161 ipsos
2058 5096 2113 5144 et
2144 5106 2369 5144 sacram
2408 5088 2810 5160 praefecturam
2847 5087 3090 5142 sortitus
3144 5085 3518 5157 splendorem

1872 5179 2054 5235 animi
2081 5179 2152 5233 ad
2185 5179 2384 5233 sedem
2417 5177 2838 5233 coelestissima:
2885 5175 3209 5230 divinitatis
3251 5174 3521 5246 religiose

1873 5268 2104 5337 attollit,
2122 5267 2414 5338 labiisque
2440 5266 2635 5321 divino
2677 5271 2733 5321 et
2768 5265 3083 5337 purissimo
3106 5264 3356 5319 carbone
3381 5281 3522 5335 pur-

1875 5358 2049 5431 gatis,
2084 5374 2261 5411 unam
2298 5355 2656 5410 individuam
2690 5354 2748 5408 in
2782 5356 3087 5420 Trinitate,
3121 5359 3177 5409 et
3200 5354 3519 5409 increatam

1872 5447 2261 5514 divinitatem,
2282 5460 2459 5498 unam
2486 5442 2968 5510 dominationem,
2995 5461 3121 5515 qua}
3146 5443 3344 5499 omnia
3366 5459 3523 5496 crea-

1868 5536 1971 5601 vit,
2002 5534 2285 5608 przevidit,
2313 5537 2368 5587 et
2398 5530 2863 5599 continet,unam
2891 5532 3311 5602 substantiam,
3338 5548 3515 5586 unum

1870 5629 2244 5701 potestatem,
2270 5627 2329 5677 et
2356 5637 2623 5693 regnum,
2656 5625 2712 5676 et
2737 5623 3085 5694 potentiam,
3118 5638 3296 5678 unam
3316 5620 3518 5675 volun-

1870 5723 2050 5775 tatem
2082 5720 2138 5773 et
2162 5710 2581 5785 operationem,
2613 5716 2670 5766 et
2704 5715 2820 5768 tres
2849 5712 2908 5767 in
2929 5714 3152 5769 unitate
3173 5713 3516 5783 hypostascs
