4020 6358
481 386 588 442 639

1718 392 1777 444 S.
1819 388 2133 442 DIONYSII
2172 384 2655 439 AREOPAGITE

3788 394 3883 449 640

480 511 744 581 ejusdem
803 509 1535 578 subslantim,coaaternas,
1594 528 1658 567 ac
1728 527 1934 567 omnes
2006 508 2122 563 sine

2250 504 2579 577 ὁμοουσίους
2612 526 2671 559 τε
2718 504 2807 558 καὶ
2858 501 3166 565 συνα“ι’δίους
3208 507 3295 560 xui
3348 506 3712 585 συνανάρχους
3762 514 3877 569 ὑπο-

478 600 786 671 principio,
822 614 1059 655 numero
1091 599 1354 670 quidem,
1389 606 1446 656 et
1503 600 1959 673 proprietatibus
2017 597 2127 651 im-

468 689 853 745 mutabilibus
884 694 941 744 et
988 689 1393 745 immobilibus
1436 691 1673 753 divisas,
1726 706 1859 744 cum
1909 687 2126 758 alioqui

469 779 588 834 sint
615 778 863 833 invicem
893 778 1021 833 sine
1047 779 1974 851 confusioneunita2,singul:eque
1992 793 2125 832 cum

471 868 831 940 proprietate
864 885 971 922 sua
1002 869 1471 933 considerentur,
1502 886 1614 923 non
1651 870 1795 936 loco,
1828 885 1942 922 non
1986 883 2129 922 con-

471 958 631 1027 finio,
668 974 856 1028 neque
887 958 1149 1029 qualibet
1176 958 1724 1029 circumscriptione
1754 958 2127 1029 (incorporeas

471 1048 627 1103 enim
663 1055 803 1103 sunt
831 1065 935 1103 nec
984 1048 1390 1104 circumscribi
1445 1048 1718 1119 possunt)
1775 1052 2120 1119 separatas;

474 1153 678 1209 apage,
713 1138 812 1193 sed
847 1136 990 1193 solis
1041 1136 1426 1193 relationibus
1481 1138 1790 1193 distinctas
1840 1136 2127 1191 divinitus

477 1226 792 1297 eloquitur,
821 1234 1113 1299 quatenus
1140 1225 1429 1297 triplicem
1463 1226 1700 1282 illorum
1733 1227 2128 1282 enumeratio-

473 1332 605 1370 nem
638 1317 861 1387 absque
883 1316 1287 1387 inquinatione
1308 1332 1373 1370 ac
1395 1316 1695 1371 collisione
1717 1316 1974 1388 cogitare
1994 1314 2131 1370 licet

471 1422 588 1460 uno
619 1405 784 1460 cultu
817 1410 872 1459 et
904 1405 1240 1461 adoratione
1290 1411 1623 1461 veneratur.
1677 1406 1867 1461 Unum
1918 1410 2125 1472 Deum,

474 1511 658 1549 unum
695 1493 1005 1549 Dominum
1043 1493 1154 1548 sibi
1206 1493 1517 1550 colendum
1578 1496 1870 1567 proponit,
1906 1494 2005 1565 qui
2063 1494 2126 1549 in

472 1584 664 1638 tribus
696 1583 1111 1656 hypostasibus
1142 1585 1294 1639 373
1326 1585 1606 1640 adoratur
1635 1590 1691 1640 et
1720 1584 1951 1650 colitur,
1983 1584 2125 1638 dum

473 1673 544 1727 ad
577 1690 760 1728 unum
796 1673 1149 1744 principium
1183 1679 1241 1729 et
1271 1690 1511 1729 causam
1542 1674 1725 1729 Filius
1768 1679 1827 1729 et
1871 1673 2126 1745 Spiritus

471 1765 711 1818 sanctus
744 1762 1093 1817 referuntur.
1128 1763 1197 1817 Et
1219 1763 1482 1819 utFilius
1508 1764 1745 1835 quidem
1769 1768 1903 1818 ante
1929 1763 2129 1818 omnia

2240 594 2471 663 στάσεις,
2531 594 2752 667 ἀριθμῷ
2824 594 2915 667 μὲν
2981 595 3068 649 καὶ
3142 592 3408 665 ἰδιότησιν
3474 598 3876 670 ἀμεταπτώτως

2237 683 2325 736 καὶ
2380 683 2660 753 ἀκινήτοις
2741 681 3143 759 διαιρουμένας,
3190 684 3475 757 ὶνουμένας
3540 685 3599 742 δὲ
3658 692 3871 763 θεότητι,

2239 774 2302 827 οὗ
2337 773 2820 851 συναλειφομένας,
2854 773 2981 829 ἀλλ’
3014 773 3065 828 ἐν
3099 771 3375 844 ἀλλήλαις
3424 776 3745 853 ἀσυγχύτως
3800 781 3875 835 οὕ-

2238 884 2354 931 σας,
2412 862 2641 932 ἑκάστην
2697 864 2832 935 μετά
2886 870 2986 931 τῆς
3039 861 3314 933 ἰδιότητος
3375 868 3772 942 θεωρουμένας,
3823 873 3872 927 οὐ

2235 951 2412 1024 τόπῳ,
2448 952 2509 1005 οὐ
2541 956 2907 1027 περιορισμῷ,
2943 949 3054 1007 οὐδ’
3089 954 3345 1024 ὁποιᾳοῦν
3392 961 3704 1034 περιγραφῇ
3733 960 3874 1031 (ἀσώ-

2242 1061 2402 1113 ματοι
2454 1040 2558 1116 γὰρ
2607 1040 2697 1095 καὶ
2758 1041 3151 1115 ἀπερίγραπτοι
3268 1039 3638 1115 διισταμένας,
3684 1041 3871 1122 ἄπαγεί

2238 1128 2387 1183 ἀλλά
2441 1125 2631 1203 μόναις
2677 1136 2798 1192 ταῖς
2848 1129 3108 1192 ἐπινοίαις
3156 1128 3641 1204 διαστελλομένας,
3674 1136 3789 1190 δσον
3828 1158 3876 1210 γε

2237 1224 2518 1273 κατανοεῖν
2570 1216 2845 1294 ἐνδέχεται
2892 1220 2992 1288 τὴν
3039 1217 3323 1293 τριαδικην
3378 1220 3557 1275 αὐτῶν
3602 1219 3730 1299 δίχα
3757 1245 3875 1302 φυρ-

2242 1311 2346 1379 μοῦ
2404 1306 2494 1361 καὶ
2540 1306 2875 1385 συναλοιφῆς
2937 1308 3330 1383 ἀπαρίθμησιν,
3374 1314 3475 1382 μιᾷ
3532 1310 3752 1387 λατρεία
3800 1314 3871 1367 καὶ

2237 1398 2605 1470 προσκυνήσει
2656 1395 3059 1473 λατρευομένας
3107 1398 3195 1452 xui
3262 1400 3759 1473 προσκυνουμένας,
3800 1400 3871 1457 ἕνα

2238 1487 2389 1554 Θεὸν,
2451 1484 2543 1541 ἕνα
2622 1487 2817 1563 Κύριον
2890 1482 3063 1541 σέϐειν
3128 1488 3535 1561 ὑποτιθέμενος,
3597 1489 3648 1544 ἐν
3718 1492 3867 1566 τρισὶν

2239 1576 2561 1630 ὑποστάσεσι
2614 1575 3009 1651 λατρευδόμενόν
3054 1598 3111 1631 τε
3158 1577 3246 1631 καὶ
3285 1579 3774 1653 προσκυνούμενον,
3805 1581 3867 1643 εἰς

2242 1665 2364 1739 μίαν
2398 1666 2577 1740 ἀρχὴν
2622 1666 2711 1720 xui
2744 1665 2915 1720 αἰτίαν
2962 1671 3059 1720 τοῦ
3117 1669 3238 1721 fio?)
3285 1668 3376 1722 xui
3433 1672 3533 1722 τοῦ
3585 1668 3867 1740 Πνεύματος

2237 1754 2653 1831 ἀναφερομένων
2689 1773 2701 1786 ·
2738 1754 2827 1809 καὶ
2856 1759 2954 1809 τοῦ
2998 1756 3090 1827 μὲν
3128 1757 3255 1810 Υἱοῦ
3286 1757 3390 1826 πρὸ
3421 1757 3641 1811 πάντων
3678 1757 3863 1811 αἶ’ώνων

469 1850 683 1907 saecula
714 1868 747 1905 a
796 1851 917 1906 solo
973 1852 1170 1919 Patre,
1204 1853 1321 1907 sive
1351 1854 1421 1907 ab
1456 1853 1620 1907 illius
1683 1844 2036 1921 substantia,
2070 1856 2122 1906 et

2236 1841 2295 1897 ἐκ
2354 1843 2521 1916 μόνου
2578 1849 2674 1897 τοῦ
2734 1844 2970 1918 Πατρὸς,
3002 1843 3167 1920 ἤγουν
3200 1845 3260 1900 ἐκ
3298 1852 3396 1915 τῆς
3455 1846 3650 1908 οὐσίας
3704 1846 3861 1915 αὐτοῦ,

468 1940 592 1997 solo
623 1944 681 1995 et
713 1941 905 2006 unice,
938 1940 1065 1995 sine
1096 1958 1358 2013 corpore,
1391 1942 1517 1998 sine
1548 1942 1779 2009 affectu,
1812 1941 1940 1997 sine
1969 1950 2122 1996 tem-

466 2046 606 2102 pore
638 2034 812 2085 natus
843 2029 942 2085 sit.
976 2035 1204 2086 Rursus
1236 2048 1367 2087 vero
1402 2037 1465 2086 ut
1493 2032 1747 2103 Spiritus
1778 2036 2017 2087 sanctus
2049 2031 2122 2085 ab

466 2119 595 2190 ipso
628 2118 752 2174 solo
784 2119 953 2174 Patre
987 2120 1375 2185 descenderit,
1408 2126 1465 2176 et
1498 2138 1600 2193 per
1647 2120 1859 2177 Filium
1885 2136 2122 2192 proces-

466 2208 632 2275 serit,
658 2213 716 2263 et
748 2207 1089 2264 hominibus
1122 2225 1183 2264 se
1214 2211 1561 2279 ostenderit,
1596 2210 1776 2266 unius
1822 2209 2121 2283 principa-

464 2300 593 2352 tum
626 2299 904 2367 edocens,
939 2315 1054 2353 non
1079 2316 1253 2370 quem
1278 2317 1396 2355 una
1419 2316 1671 2372 persona
1692 2300 2123 2355 circumscribit

466 2388 746 2457 (statuere
778 2386 935 2442 enim
977 2404 1161 2443 unum
1197 2404 1397 2443 secum
1454 2389 1751 2445 dissidens
1798 2393 1889 2444 est
1938 2388 2124 2443 multa

466 2478 767 2543 statuere),
800 2477 900 2531 sed
933 2492 1109 2547 quem
1146 2482 1367 2533 naturae
1402 2495 1505 2550 par
1552 2478 1792 2534 honoris
1841 2477 2120 2543 conditio,

466 2568 525 2619 et
552 2566 748 2620 eadem
783 2565 1012 2621 consilii
1045 2567 1379 2638 concordia,
1412 2572 1470 2623 et
1500 2568 1653 2623 idem
1688 2572 1905 2631 motus,
1939 2571 1996 2622 et
2048 2567 2119 2622 ad

467 2670 652 2709 unum
685 2671 753 2710 ex
782 2655 977 2727 seipso
1010 2657 1368 2729 conspiratio
1399 2657 1727 2713 constituit.

538 2780 648 2836 Sed
671 2796 774 2849 ego
803 2781 943 2835 dum
976 2780 1175 2853 magni
1199 2781 1447 2851 hujusce
1464 2780 1720 2852 theologi
1741 2780 2122 2836 excelsissisi-

469 2885 627 2924 mam
661 2868 1010 2940 sapientiam
1040 2870 1371 2925 humilibus
1396 2869 1696 2925 tenuitatis
1721 2874 1930 2925 nostra;
1963 2868 2119 2924 locu-

466 2956 727 3012 tionibus
758 2959 1059 3013 ostendere
1092 2963 1377 3029 pertento,
1411 2958 1623 3014 similis
1656 2959 1707 3014 ei
1739 2958 1922 3013 videri
1985 2974 2118 3031 pos-

465 3045 578 3099 sim
600 3046 697 3116 qui
731 3046 924 3101 cotula
946 3046 1081 3101 velit
1104 3048 1383 3115 abyssum
1398 3047 1937 3103 exhaurire.Exstat
1960 3048 2116 3103 enim

467 3133 616 3188 liber
646 3133 840 3189 divino
871 3134 1186 3204 splendore
1214 3135 1447 3206 plenus,
1469 3137 1565 3206 qui
1589 3136 1784 3192 radios
1806 3137 2117 3192 verborum

2234 1933 2631 2008 γεγεννημένου
2677 1935 2767 1989 καὶ
2821 1934 3009 2007 μόνου,
3055 1936 3144 1989 καὶ
3199 1937 3401 2009 μόνως,
3446 1936 3863 2009 ἀσωμάτως,καί

2232 2023 2478 2092 ἀπαθῶς,
2507 2023 2596 2079 καὶ
2646 2023 2899 2099 ἀχρόνως
2934 2044 2946 2056 °
3000 2028 3095 2079 τοῦ
3148 2022 3194 2079 δ’
3238 2023 3302 2079 αὖ
3352 2026 3673 2099 ῙΙνεύματος
3709 2027 3756 2097 ἒξ
3784 2028 3862 2081 αὐ-

2228 2118 2325 2168 τοῦ
2377 2114 2544 2187 μόνου
2596 2117 2691 2168 τοῦ
2751 2115 2958 2191 [ἰατρὸς
3007 2115 3462 2189 ἐκπορευομένου,
3523 2115 3612 2169 καὶ
3663 2113 3746 2170 διὰ
3784 2121 3862 2169 τοῦ

2232 2204 2359 2257 Υἱοῦ
2407 2202 2719 2279 προϊόντος,
2749 2203 2840 2257 καὶ
2894 2209 3009 2267 τοῖς
3062 2205 3369 2276 ἀνθρώποις
3418 2203 3747 2283 πεφηνότος,
3786 2226 3859 2278 μο-

2230 2294 2455 2367 ναρχίαν
2491 2289 2784 2365 διδάσκων,
2809 2294 2921 2368 οὐχ
2962 2294 3028 2363 ἣν
3072 2292 3128 2348 ἓν
3177 2295 3500 2368 περιγράφει
3561 2295 3857 2366 πρόσωπον·

2230 2379 2365 2455 (ἐστι
2415 2381 2517 2456 γὰρ
2563 2383 2625 2436 τὸ
2675 2381 2729 2436 ἓν
2782 2383 3064 2451 στασιάζον
3117 2383 3254 2457 πρὸς
3295 2383 3453 2437 ἑαυτὸ
3512 2381 3695 2439 πολλὰ
3734 2382 3859 2445 καθί-

2230 2474 2499 2542 στασθαιο)
2544 2469 2669 2525 ἀλλ’
2717 2471 2779 2539 ἣν
2846 2469 3115 2544 ὁμοτιμία
3181 2471 3460 2541 συνίστησι
3522 2471 3745 2547 φύσεως,
3786 2469 3857 2523 καὶ

2230 2559 2504 2633 σύμπνοια
2551 2560 2800 2635 γνώμης,
2853 2560 2944 2615 καὶ
2989 2560 3254 2632 ταύτότης
3296 2564 3593 2633 κινήσεως,
3624 2562 3708 2616 xui
3748 2560 3859 2631 πρὸς

2228 2650 2290 2704 τὸ
2318 2648 2374 2704 ἓν
2407 2648 2458 2719 ἐξ
2488 2648 2653 2704 αὐτοῦ
2682 2648 2977 2714 σύννευσις.

2299 2773 2458 2831 Ἀλλ’
2507 2770 2659 2830 ἔοικα
2730 2780 2808 2846 τῷ
2878 2774 3084 2850 κοτύλῃ
3136 2781 3347 2849 μετρεῖν
3402 2774 3724 2851 βουλομένῳ
3774 2774 3854 2841 τήν

2228 2856 2486 2931 ἄϐυσσον,
2513 2863 2611 2930 τὴν
2639 2868 2735 2917 τοῦ
2787 2865 3031 2938 μεγάλου
3081 2863 3346 2939 θεολόγου
3375 2865 3577 2920 τούτου
3613 2882 3857 2935 πανυπερ-

2225 2952 2391 3022 τάτην
2449 2950 2733 3027 θεολογίαν
2788 2959 2905 3013 τοῖς
2985 2954 3087 3022 τής
3147 2956 3418 3028 ἡμετέρας
3501 2952 3854 3020 ταπεινότητος

2227 3039 2543 3116 χθαμαλοῖς
2586 3038 2869 3116 λογαρίοις
2917 3039 3177 3116 διαφῆναι
3225 3044 3570 3117 πειρώμενος
3604 3060 3618 3075 ·
3664 3040 3853 3114 πρόκει-

2224 3152 2310 3186 ται
2354 3131 2456 3206 γὰρ
2503 3133 2537 3200 ἡ
2591 3132 2885 3207 θεοφεγγής
2929 3128 3122 3206 βίϐλος
3188 3132 3364 3204 ἐκείνη
3427 3133 3609 3210 φωτὸς
3652 3129 3854 3199 ἡλιακοῦ

464 3222 788 3278 οωιθειίιιιῃ
826 3222 955 3278 luce
982 3224 1155 3279 solari
1186 3224 1462 3280 clariores
1493 3225 1727 3293 emittit,
1754 3225 1968 3296 quibus
1986 3230 2112 3279 tum

2234 3220 2607 3295 λαμπρότερον
2669 3220 2862 3298 ἀφεῖσα
2915 3219 3099 3295 λόγων
3168 3222 3435 3297 οὐρανίων
3498 3219 3850 3295 ἀμαρύγματα,

463 3311 596 3367 falsi
631 3312 889 3367 nominis
920 3312 1196 3380 scientia},
1231 3330 1349 3385 qua
1381 3318 1621 3369 necatur
1659 3316 1878 3382 anima,
1910 3312 2113 3385 caligi-

462 3418 596 3457 nem
628 3401 885 3473 expellit,
919 3405 1042 3458 tum
1076 3408 1234 3457 recta
1283 3408 1339 3457 et
1398 3402 1596 3458 divina
1655 3404 1931 3475 dogmata
1986 3407 2113 3457 tuto

458 3490 835 3546 manisl’estat
855 3495 910 3546 et
931 3492 1366 3564 explanat.Non'
1382 3491 1568 3547 solum
1584 3492 1739 3546 enim
1756 3495 2116 3563 nugamenta

460 3584 519 3635 et
551 3580 888 3650 prodigiosa
912 3581 1242 3645 mendacia,
1270 3597 1397 3651 quas
1416 3598 1449 3635 a
1473 3586 1734 3636 semente
1762 3580 2114 3636 zizaniorum

462 3668 865 3739 apostolorum
922 3670 1291 3741 temporibus
1347 3675 1654 3741 supersata
1717 3675 1877 3736 sunt,
1911 3670 2119 3725 haeresi

460 3758 635 3828 plena
655 3757 936 3812 radicitus
961 3758 1199 3823 avulsit,
1214 3774 1416 3811 verum
1431 3757 1604 3811 etiam
1625 3758 1836 3829 impias
1852 3756 2120 3829 blasphe-

463 3845 613 3900 mias
645 3849 821 3915 atque
851 3844 1059 3899 deliria
1090 3845 1292 3900 omnia
1321 3861 1449 3916 quas
1482 3846 1539 3899 in
1586 3850 1885 3917 posterum
1918 3851 2121 3901 contra

463 3939 727 3989 sanctam
761 3934 1037 4005 parisque
1070 3934 1342 4004 potentiae
1392 3934 1763 4002 Trinitatem,
1802 3940 2122 4005 contraque

463 4022 717 4078 Verbum
783 4023 882 4078 Dei
934 4023 1233 4077 hominem
1292 4024 1531 4090 factum,
1566 4040 1774 4094 nempe
1819 4023 2123 4079 Christum

464 4118 821 4168 servatorem
853 4118 1144 4181 nostrum,
1179 4119 1235 4167 et
1264 4129 1392 4183 qua
1425 4118 1627 4167 contra
1664 4112 1983 4168 Christiani
2024 4130 2125 4167 no-

470 4200 650 4257 minis
676 4199 1125 4272 plenitudinem,
1149 4207 1205 4257 et
1224 4207 1431 4256 contra
1452 4201 1884 4257 dedicationem
1908 4207 1964 4257 et
1994 4203 2129 4257 ado'

474 4290 760 4345 rationem
794 4294 1130 4344 sanctarum
1163 4295 1219 4344 et
1250 4290 1669 4345 venerabilium
1704 4291 2034 4363 imaginum
2065 4291 2125 4344 in

472 4378 656 4434 sacris
690 4377 962 4433 Ecclesiis
992 4384 1049 4432 et
1071 4378 1310 4433 sedibus
1341 4378 1738 4449 apostolorum
1775 4394 1876 4450 per
1897 4380 2127 4434 univer-

472 4484 604 4522 sum
639 4472 927 4521 terrarum
963 4466 1159 4522 orbem
1209 4469 1561 4539 irrepserant
1616 4468 1879 4523 funditus
1924 4468 2129 4523 abstu-

471 4556 555 4611 lit.
593 4555 900 4626 Siquidem
940 4557 1087 4610 Deus
1124 4557 1316 4626 palam
1353 4558 1532 4627 hujus
1566 4557 1756 4627 ipsius
1789 4556 1994 4627 lingua
2021 4573 2128 4611 an-

469 4645 631 4718 cipiti
664 4645 870 4716 quovis
902 4661 1038 4701 ense
1073 4646 1330 4700 acutiore
1361 4645 1593 4700 eminus
1623 4645 1837 4701 evulsit
1867 4652 1925 4701 et
1975 4646 2124 4700 inci-

471 4736 556 4790 dit
585 4733 889 4806 quodlibet
919 4750 1599 4807 venenum,germenque
1621 4734 1919 4790 seminum
1944 4734 2122 4790 haere-

470 4824 721 4881 ticorum
752 4823 1032 4895 corrupit.
1068 4826 1352 4879 Caeterum
1385 4823 1850 4894 evangelicarum
1882 4826 1941 4879 et
1978 4839 2121 4894 apo-

472 4914 810 4971 stolicarum
847 4913 1328 4984 praedicationum
1358 4917 1415 4966 et
1470 4912 1853 4967 traditionum
1915 4912 2120 4967 verita-

474 5009 593 5058 tem
629 5001 1001 5057 conlirmavit
1027 5018 1091 5055 ac
1114 5000 1418 5055 stabilivit.
1442 5001 1693 5055 Proinde
1726 5005 1789 5055 ut
1821 5001 2123 5073 fulgentis-

474 5094 635 5149 sima:
650 5093 855 5147 divinae
878 5090 1305 5163 praedicationis
1355 5090 1603 5145 illustris
1618 5108 1682 5146 ac
1705 5092 2120 5163 insuperabilis

474 5184 599 5251 ejus
622 5181 871 5236 elocutio
894 5180 1416 5245 demonstraretur,
1444 5179 1603 5233 illius
1624 5182 1799 5235 verba
1823 5182 2122 5238 recitanda

474 5274 632 5329 sunt,
666 5270 880 5341 quibus
912 5269 1050 5322 dum
1084 5270 1153 5323 de
1186 5268 1492 5323 divinitate
1524 5285 1651 5340 quis
1683 5269 1874 5326 tribus
1923 5288 2119 5343 perso-

474 5359 590 5423 nis,
626 5374 833 5429 nempe
867 5374 981 5411 una
1008 5356 1292 5411 Trinitate
1322 5357 1676 5423 continetur,
1711 5359 1898 5429 deque
1926 5362 2123 5432 unige-

477 5449 598 5503 nito
651 5447 789 5502 Filio
842 5446 939 5501 Dei
983 5445 1319 5516 loqueretur
1376 5462 1477 5517 per
1526 5447 2119 5523 manisfestationem,

477 5553 602 5608 quas
633 5534 975 5590 hominibus
995 5538 1066 5588 ob
1094 5534 1454 5589 nativitatem
1483 5536 1610 5604 ejus
1632 5553 1699 5592 ex
1724 5536 1965 5610 Virgine
1982 5555 2120 5595 con-

478 5625 634 5697 tigit,
684 5640 829 5680 usus
876 5627 984 5679 est.
1037 5622 1101 5677 In
1152 5622 1533 5695 explicatione
1580 5626 1737 5682 enim
1789 5628 2120 5686 divinorum

480 5714 637 5770 874
654 5711 967 5769 Nominum
994 5711 1112 5768 haec
1134 5711 1308 5769 dicit:
1344 5735 1373 5763 ‹‹
1392 5714 1457 5769 In
1477 5714 1639 5770 omni
1659 5717 1775 5773 fere
1797 5716 1975 5776 divini
1998 5735 2120 5775 ser-

2223 3310 2321 3377 τῆς
2354 3309 2451 3380 μὲν
2495 3306 2853 3382 ψευδωνύμου
2899 3309 3151 3386 γνώσεως
3195 3311 3297 3379 τὴν
3344 3310 3694 3388 ψυχοφθόρον
3741 3307 3849 3360 ἀπε-

2225 3394 2492 3451 λαύνοντα
2552 3397 2808 3475 ζόφωσιν,
2837 3399 3013 3473 ὀρθῶν
3066 3396 3125 3454 δὲ
3170 3400 3260 3454 καὶ
3313 3399 3475 3463 θείων
3522 3393 3847 3474 διασαφοῦντά

2221 3506 2281 3540 τε
2327 3490 2415 3540 xui
2462 3484 2852 3561 διατρανοῦντα
2899 3485 3186 3563 δογμάτων
3220 3487 3520 3567 ἀσφάλειαν
3552 3507 3565 3520 ’
3600 3485 3657 3541 οὖ
3701 3484 3844 3557 μόνον

2224 3576 2324 3651 γὰρ
2375 3575 2470 3637 τὰς
2525 3576 2627 3631 ὑπὸ
2685 3582 2782 3631 τοῦ
2840 3581 2947 3632 τῶν
3027 3578 3273 3647 ζιζανίων
3341 3577 3674 3651 έπισπορέως
3731 3570 3842 3627 κατᾶ

2225 3664 2352 3727 τοὺς
2434 3664 2834 3728 ἀποστολικοὺς
2911 3665 3145 3740 χρόνους
3228 3666 3611 3740 έπισπαρείσας
3680 3663 3849 3737 αἱρετι-

2232 3753 2423 3823 ζούσας
2523 3753 2838 3830 ἐρεσχελίας
2935 3756 3022 3809 καὶ
3124 3754 3518 3830 τερατολογίας
3631 3750 3853 3807 ἀνέσπασε

2230 3845 2548 3922 πρόρῥιζονν
2580 3844 2728 3900 ἀλλά
2774 3845 2867 3899 καῖ
2923 3846 3017 3908 τὰς
3075 3847 3361 3917 μετέπειτα
3416 3846 3555 3901 κατὰ
3598 3846 3692 3913 τῆς
3724 3835 3851 3911 ἁγίας

2235 3936 2513 4010 ὁμοφυοῦς
2565 3933 2888 4003 δεσποτικῆς
2940 3932 3198 4009 Τριάδος,
3228 3937 3325 3999 τάς
3370 3956 3428 3990 τε
3480 3934 3610 3990 κατά
3653 3937 3743 3997 τῆς
3783 3925 3853 3980 εν·

2236 4024 2436 4098 σάρκου
2464 4029 2560 4079 τοῦ
2592 4028 2724 4079 Θεοῦ
2752 4024 2929 4098 Λόγου
2972 4028 3206 4099 Χριστοῦ
3250 4028 3348 4079 τοῦ
3400 4030 3654 4096 Σωτῆρος
3700 4018 3853 4087 ἧμῶνν

2236 4113 2327 4167 καὶ
2374 4114 2467 4173 τὰς
2512 4112 2733 4185 ὕστερον
2782 4112 2920 4166 κατὰ
2970 4117 3066 4166 τοῦ
3132 4111 3527 4187 χριστωνύμου
3581 4104 3852 4180 πληρώμα-

2235 4221 2348 4268 τος,
2398 4200 2487 4254 καὶ
2533 4200 2669 4255 κατὰ
2730 4206 2831 4269 τῆς
2880 4204 2988 4254 τῶν
3045 4200 3208 4276 ἁγίων
3259 4202 3349 4256 xui
3407 4204 3612 4255 σεπτῶν
3662 4192 3849 4250 εἰκόνων

2239 4289 2293 4344 έν
2346 4294 2465 4351 ταῖς
2515 4290 2633 4344 καθ’
2665 4288 2801 4359 ὅλην
2852 4289 2952 4357 τὴν
3004 4288 3335 4363 οἷ’κουμένην
3383 4286 3719 4360 πανευαγέσιν
3759 4281 3850 4333 Ἐκ-

2238 4376 2496 4447 κλησίαις
2566 4378 2657 4433 καὶ
2715 4376 3115 4440 ἀποστολικαῖς
3189 4376 3498 4453 καθέδραις,
3572 4365 3847 4439 ἀναστηλώ-

2240 4468 2376 4530 σεώς
2453 4488 2512 4522 τε
2589 4467 2678 4522 καὶ
2738 4469 3183 4543 προσκυνήσεως,
3223 4466 3572 4530 ἀναδοθείσας
3619 4456 3848 4518 ἀντιθέους

2246 4556 2621 4634 βλασφημίας,
2652 4557 2743 4612 καὶ
2774 4555 3162 4633 γλωσσαλγίας
3220 4556 3441 4621 καθεῖλε
3493 4548 3844 4631 προθέλυμνον-

2156 4631 2203 4695 D
2232 4649 2329 4699 τοῦ
2390 4631 2525 4699 Θεοῦ
2585 4631 2801 4715 δηλαδῆ
2856 4642 3278 4720 προϐλεπτικῶς
3321 4645 3597 4721 πόρρωθεν
3640 4636 3719 4693 διὰ
3764 4637 3843 4697 τῆς

2234 4733 2438 4789 ἐκείνου
2497 4733 2776 4811 γλώττης,
2833 4742 2932 4804 τῆς
3010 4735 3186 4805 πάσης
3272 4732 3536 4807 διστόμω
3613 4722 3843 4802 μαχαίρας

2231 4824 2668 4900 τμητικωτέρας,
2718 4821 3181 4898 προεκτίλλοντός
3228 4846 3287 4880 τε
3348 4826 3437 4879 καὶ
3489 4813 3840 4895 προεκτέμνον-

2230 4934 2323 4975 τος
2378 4915 2641 4967 παντοίαν
2704 4911 3046 4990 δηλητήριον
3090 4912 3181 4968 xui
3223 4913 3551 4991 φθοροποιὸν
3596 4900 3837 4989 αἱρετιχῶγ

2235 5005 2556 5076 σπερμάτων
2612 5004 2908 5077 βλάστησιν
2946 5025 2957 5038 ·
3006 5005 3104 5073 τήν
3158 5002 3214 5059 δὲ
3250 5008 3359 5058 τῶν
3392 4997 3725 5078 εὖαγγελικῶν
3764 4993 3834 5039 καί

2233 5089 2617 5146 ἀποστολικῶν
2693 5093 3057 5166 κηρυγμάτων
3141 5092 3232 5146 xui
3308 5089 3642 5165 παραδόσεων
3714 5094 3831 5131 συνι·

2233 5185 2469 5243 στῶντος
2514 5182 2602 5235 xui
2654 5176 3093 5245 έπιϐεϐαιοῦντος
3140 5180 3421 5251 ἀλήθειαν.
3455 5178 3649 5236 Οὐκοῦν
3692 5181 3832 5240 τερον

2230 5272 2383 5325 κτέον
2446 5270 2725 5340 αὐτολεξεὶ
2772 5272 2869 5338 τὴν
2944 5270 3411 5346 χρυσαυγεστάτην
3498 5250 3825 5338 θεοφαντορίαν

2230 5367 2328 5429 τῆς
2378 5361 2545 5414 αὐτοῦ
2599 5359 2945 5432 θεολαμποῦς
2977 5345 3091 5415 xui
3152 5361 3468 5429 θεοκινήτου
3540 5345 3824 5432 διφαράσεινς

2230 5448 2481 5522 περὶτῆς
2521 5449 2950 5524 τρισυποστάτου
3008 5446 3396 5520 θεότητος,καὶ
3453 5451 3547 5513 τῆς
3598 5438 3684 5491 τοῦ
3731 5424 3823 5524 iv.“

2227 5511 2328 5607 τῆς
2358 5511 2591 5613 Τριάδοις
2627 5542 2954 5613 μονογενοῦς
2978 5524 2979 5527 Ἴ
3003 5511 3131 5593 Ῠὶοῦ
3155 5511 3283 5593 ’τοῦ
3333 5540 3462 5592 Θεοῦ
3508 5511 3598 5586 -διὰ
3640 5526 3728 5613 τῆς
3775 5511 3820 5565 b‘

2231 5607 2503 5701 Παρθένου
2557 5607 2856 5701 γεννήσεως
2927 5627 3064 5703 πρὸς
3137 5626 3452 5703 ἀνθρώπους
3506 5607 3815 5703 ιπιφανιίας”

2232 5714 2284 5772 έν
2316 5697 2420 5793 γὰρ
2450 5717 2520 5791 τῇ
2550 5697 2655 5772 τῶν
2699 5714 2856 5780 θείων
2890 5697 3203 5791 Ὀνομάτων
3236 5697 3523 5785 ’ἀναπτύξει
3564 5697 3675 5761 τάδε
3723 5710 3812 5766 (Μ’
