4020 6358
134 364 223 421 641
1138 351 1330 418 VITA,
1369 349 1707 404 AUCTORE
1744 349 2118 403 MICHAELE
2160 349 2510 405 SYNGELO.

3423 353 3530 409 642

130 486 197 543 σίν
232 503 243 518 ο
277 508 304 536 ι(
334 481 491 538 Ὅθεν
522 476 577 533 έν
611 474 755 550 πάσῃ
788 471 982 549 σχεδὸν
1025 474 1095 545 τῇ
1145 469 1441 545 θεολογικῇ
1502 490 1753 543 πραγμα-

1886 472 2064 529 nonis
2092 472 2439 529 tractatione
2482 489 2778 531 summam
2810 475 3175 532 divinitatem
3205 480 3408 533 sancte
3438 493 3535 534 ce-

128 575 229 645 τείᾳ
269 572 366 638 τὴν
417 565 677 642 θιαρχίαν
721 566 933 640 ὁρῶμεν
971 562 1127 636 ἱερῶς
1160 560 1505 633 ὑμνουμένην
1529 560 1602 620 ὡς
1652 579 1758 630 μο-

130 662 248 719 νάδα
286 660 402 733 μὲν,
431 656 524 711 καὶ
580 651 760 720 ένάδα,
794 650 883 707 διὰ
927 651 1025 719 τὴν
1074 648 1361 718 ἁπλότητα
1408 649 1496 703 καὶ
1530 646 1760 717 ἑνότητα

130 760 216 822 τῆς
260 749 560 823 ὑπερφυοῦς
608 740 883 815 ἀμερείας,
932 738 983 810 ἐξ
1022 742 1089 807 ἧς
1142 738 1217 800 ὡς
1280 738 1537 792 ὲνοποιοῦ
1605 734 1767 791 δυνά-

136 860 259 917 μεως
304 834 614 907 ένιζόμεθα,
653 832 742 886 καὶ
806 833 914 885 τῶν
983 832 1250 904 μεριστῶν
1298 830 1458 917 ήμῶν
1512 827 1766 917 έτεροτή-

131 913 220 987 των
272 922 653 1000 ὑπερκοσμίως
708 919 1229 993 συμπτυσσομένων,
1271 915 1346 979 εἲς
1397 913 1607 985 θεοειδῆ
1666 936 1768 988 μο-

132 1016 245 1074 νάδα
272 1013 612 1091 ωναγόμεθα
643 1011 732 1065 καὶ
782 1007 1121 1082 θεομίμητον
1167 1003 1357 1061 ἕνωσιν
1396 1025 1406 1038 ·
1443 1007 1516 1067 ὡς
1566 1002 1770 1081 Τριάδα

134 1108 197 1175 δὲ,
240 1104 323 1160 διὰ
365 1104 464 1171 τήν
525 1100 957 1177 τρισυπόστατον
1017 1103 1116 1166 τῆς
1162 1095 1489 1171 ὑπερουσίου
1542 1093 1768 1171 γονιμό-

130 1215 271 1264 τητος
299 1190 575 1267 ἕκφανσιν,
620 1188 671 1259 ἐξ
718 1190 786 1256 ἧς
839 1191 982 1241 πᾶσα
1037 1185 1241 1257 πατριὰ
1298 1182 1349 1238 ἐν
1410 1183 1628 1258 οὐρανῷ
1678 1195 1771 1247 καὶ

134 1284 205 1339 ἐπὶ
242 1289 336 1357 γῆς
368 1280 504 1347 ἐστι,
533 1277 627 1333 καὶ
681 1277 1005 1349 ὀνομάζεται
1038 1293 1050 1307 ’
1084 1275 1158 1336 ὡς
1191 1272 1361 1328 αἰτίαν
1424 1270 1481 1327 δὲ
1522 1277 1632 1333 τῶν
1676 1268 1767 1325 ὅν-

139 1356 461 1442 των,⁷έπειδή
515 1365 693 1420 πάντα
740 1364 876 1437 πρὸς
926 1363 989 1417 τὸ
1030 1362 1164 1416 εἶναι
1212 1362 1476 1436 παρήχθη
1528 1356 1617 1414 διὰ
1670 1359 1768 1427 τὴν

141 1461 282 1529 αὐτῆς
325 1456 644 1512 οὖσιοποιὸν
693 1452 1021 1529 ἀγαθότητα·
1078 1451 1249 1525 σοφὴν
1310 1447 1367 1504 δὲ
1424 1450 1513 1504 καὶ
1570 1447 1770 1517 καλὴν,

139 1553 208 1605 ὅτι
245 1548 307 1602 τά
362 1541 492 1600 ὅντα
548 1545 746 1611 πάντα,
796 1541 863 1597 τὰ
916 1547 1019 1609 τῆς
1078 1538 1279 1602 οῗκείας
1352 1537 1561 1616 φύσεως
1635 1538 1774 1592 ἀπα-

140 1639 388 1715 ράφθαρτα
448 1632 809 1701 διασώζονται,
869 1630 1049 1698 πάσης
1125 1627 1386 1702 ἁρμονίας
1443 1625 1626 1690 ἐνθέου
1683 1625 1773 1681 καὶ

141 1728 266 1798 ἱερᾶς
296 1722 615 1799 εὐπρεπείας
647 1720 788 1776 ἐστὶν
821 1716 1084 1774 ἀνάπλεα.

1870 560 2085 618 lehrari
2115 562 2407 631 videmus,
2432 569 2497 618 ut
2528 566 2838 620 monadem
2872 566 3105 637 quidem
3138 570 3195 621 et
3226 566 3533 635 unitatem,

1872 653 1945 707 ob
1978 651 2420 724 simplicitatem
2458 656 2863 724 unitatemque
2892 654 3116 709 eximiae
3152 657 3280 725 ejus
3313 661 3534 711 naturai

1877 742 2191 812 partitione
2222 743 2500 809 carentis,
2534 759 2603 797 ex
2633 759 2749 813 qua
2779 748 3062 814 tanquam
3104 744 3343 800 uniente
3370 750 3537 817 pote-

1880 836 2031 886 state
2074 831 2133 886 in
2187 849 2372 887 unum
2420 832 2765 904 redigimur,
2802 832 3126 904 nostrique,
3160 850 3284 905 qum
3334 840 3533 890 muta-

1879 920 2023 975 tioni
2075 921 2493 993 partitionique
2540 926 2679 976 sunt
2721 922 3018 991 subjectae,
3068 922 3294 978 naturis
3349 925 3533 996 (quod

1880 1007 2200 1064 humanum
2233 1011 2459 1065 excedit
2490 1012 2687 1081 usum)
2718 1010 3089 1083 complicatis
3120 1012 3181 1067 in
3215 1014 3530 1069 monadem

1881 1097 2141 1153 divinam
2195 1099 2448 1171 efﬁgiem
2502 1100 2875 1167 referentem,
2904 1100 3309 1172 unitatemque
3351 1101 3533 1157 Deum

1882 1186 2214 1243 imitantem
2247 1188 2611 1259 colligimur;
2668 1195 2733 1244 ut
2763 1189 3108 1245 Trinitatem
3140 1207 3295 1259 vero,
3331 1190 3402 1246 ob
3434 1193 3537 1247 de-

1884 1278 2370 1332 monstrationem
2409 1278 2465 1332 in
2498 1278 2686 1333 tribus
2714 1279 2981 1349 personis
3013 1278 3393 1335 fecunditatis
3409 1281 3538 1351 ejus

1884 1382 2011 1437 quas
2042 1371 2131 1420 est
2160 1383 2336 1436 supra
2367 1366 2693 1421 humanum
2729 1367 2993 1433 modum,
3024 1384 3093 1422 ex
3133 1385 3249 1439 qua
3280 1370 3474 1425 omnis
3505 1387 3540 1425 a

1882 1457 2053 1509 Patre
2080 1456 2348 1526 cognatio
2382 1455 2437 1509 in
2473 1456 2615 1510 caelo
2648 1461 2707 1510 et
2734 1455 2791 1509 in
2825 1460 2984 1510 terra
3023 1461 3132 1525 est,
3166 1462 3224 1512 et
3268 1458 3537 1513 nomina-

1883 1547 2014 1611 tur;
2050 1548 2111 1598 ut
2143 1560 2383 1599 causam
2418 1550 2693 1616 praeterea
2717 1562 2910 1600 rerum
2935 1546 3537 1618 omnium,siquidem

1886 1632 2085 1688 omnia
2135 1650 2237 1705 per
2284 1634 2607 1689 bonitatem
2659 1635 2809 1703 ejus,
2843 1651 2971 1705 quae
3003 1640 3069 1690 ut
3097 1635 3219 1690 sint
3261 1637 3538 1693 omnibus

1887 1720 2191 1793 elargitur,
2227 1722 2283 1777 in
2319 1722 2508 1778 lucem
2541 1727 2682 1777 sunt
2712 1723 2889 1779 edita.
2914 1722 3252 1794 Sapientem
3286 1724 3426 1780 item
3458 1731 3541 1780 at-

140 1834 233 1888 que
256 1815 558 1887 pulchram
593 1828 726 1867 esse
758 1810 1170 1882 perspicimus,
1200 1807 1481 1879 quoniam
1513 1823 1582 1861 ex
1614 1805 1707 1862 his
1740 1823 1869 1878 qua:
1900 1816 2041 1866 sunt
2070 1816 2128 1867 et
2158 1816 2389 1868 natura;
2436 1829 2555 1868 suae
2606 1812 2843 1883 propria
2889 1818 3125 1869 servant
3175 1814 3537 1886 incorrupta,

142 1906 331 1961 divinae
357 1903 555 1959 omnis
588 1900 935 1969 harmoniae,
967 1899 1235 1969 sacrique
1266 1897 1492 1952 decoris
1525 1901 1665 1951 sunt
1696 1896 1890 1967 plena.

204 2034 229 2064 α
259 2008 663 2084 Φιλάνθρωπον
699 2004 757 2061 δὲ
787 2003 1175 2082 διαφερόντως,
1208 2000 1290 2056 ὅτι
1320 2007 1435 2063 τοῖς
1464 2002 1582 2065 καθ’
1632 2003 1779 2073 ἡμᾶς
1810 2012 1857 2078 Β

144 2100 259 2175 πρὸς
311 2096 573 2168 ἀλήθειαν
635 2095 837 2155 ὁλικῶς
896 2092 946 2147 έν
1000 2096 1097 2165 μιᾷ
1152 2095 1255 2144 τῶν
1318 2090 1487 2155 αὐτῆς
1542 2088 1770 2144 ὑποστά-

151 2208 263 2242 σεων
313 2186 698 2256 ἰκοινώνησεν,
760 2180 1173 2254 ἀνακαλουμένη
1219 2180 1354 2254 πρὸς
1416 2180 1629 2249 ἑαυτὴν,
1685 2176 1776 2233 καὶ

151 2277 430 2331 ἀνατιθεῖσα
485 2277 590 2343 τήν
651 2271 991 2347 ἀνθρωπίνην
1052 2269 1333 2345 ἐσχατιὰν,
1374 2267 1426 2339 ἐξ
1481 2270 1548 2337 ἦς
1606 2266 1778 2344 ἀρῥή-

147 2387 238 2428 τως
286 2366 313 2420 6
361 2364 572 2428 ἁπλοῦς
627 2366 833 2433 Ἰησοῦς
882 2358 1159 2429 συνετέθη,
1210 2360 1301 2413 καὶ
1350 2356 1646 2431 παράτασιν
1697 2354 1778 2410 εἷ’-

151 2454 272 2531 ληφε
299 2456 563 2530 χρονικὴν
601 2454 630 2507 6
662 2449 860 2517 ἀΐδιος,
892 2449 982 2505 καὶ
1014 2446 1141 2503 εἴσω
1170 2455 1271 2517 τῆς
1320 2448 1437 2501 καθ’
1487 2449 1636 2519 ἡμᾶς
1664 2444 1778 2520 ἆγε-

146 2544 271 2617 γόνει
326 2543 558 2621 φύσεως,
625 2542 653 2595 6
712 2541 888 2609 πάσης
946 2542 1045 2603 τῆς
1091 2538 1227 2592 κατά
1272 2541 1443 2591 πᾶσαν
1477 2535 1634 2621 φύσιν
1689 2535 1780 2589 τά·

149 2636 255 2704 ξεως
311 2618 652 2707 ὑπερουσίως
695 2624 1031 2698 έκϐεϐηκὼς,
1081 2626 1217 2699 μετὰ
1270 2632 1369 2695 τῆς
1427 2618 1777 2697 ἀμεταϐόλου

144 2722 218 2775 καὶ
273 2721 583 2797 ἀσυγχύτου
634 2724 740 2773 τῶν
788 2716 1002 2772 οἲκείων
1037 2713 1315 2791 ἱδρύσεως.
1352 2738 1379 2763 ››
1411 2713 1509 2768 Καὶ
1566 2710 1783 2785 συνῳδὰ

149 2810 422 2875 τούτοις,ἆ
475 2809 553 2865 ἔτι
617 2808 742 2884 περὶ
779 2814 879 2875 τῆς
906 2810 1003 2861 τοῦ
1061 2803 1259 2880 Κυρίου
1319 2803 1777 2875 ένανθρωπήσεως

149 2897 431 2955 ἐπιστέλλει
463 2899 607 2974 πρὸς
638 2898 793 2952 Γάϊον
826 2917 838 2930 ·
872 2920 899 2947 ‹‹
934 2898 1082 2961 Πῶς,
1113 2892 1238 2971 φῂς,
1267 2894 1474 2964 Ἰησοῦς
1506 2893 1533 2946 6
1565 2892 1779 2946 πάντων

155 2986 375 3042 ἐπέκεινα
425 2988 589 3043 πᾶσίν
664 2986 804 3041 ἐστιν
862 2984 1171 3057 ἀνθρώποις
1254 2979 1535 3043 οὐσιωδῶς
1599 3001 1780 3035 συντε-

145 3076 418 3152 ταγμένος;
451 3076 511 3131 οὐ
542 3076 649 3151 γὰρ
682 3075 755 3137 ὡς
817 3069 989 3136 αἴτιος
1040 3072 1338 3147 ἀνθρώπων
1399 3068 1582 3127 ένθάδε
1630 3068 1778 3145 λέγε-

154 3185 226 3218 ται
252 3165 549 3241 ἄνθρωπος,
578 3163 705 3219 ἀλλ’
740 3164 815 3225 ὡς
848 3162 1013 3223 αὐτὸς
1059 3163 1175 3215 κατ’
1208 3162 1394 3216 οὐσίαν
1458 3158 1595 3229 ὅλην
1649 3158 1782 3228 ἀλη-

150 3259 238 3316 θῶς
294 3254 576 3329 ἅνθρωπος
637 3248 730 3309 ὧν.
792 3254 981 3325 Ἡμεῖς
1025 3247 1082 3304 δὶ
1118 3251 1210 3305 τὸν
1261 3252 1471 3319 Ἰησοῦν
1530 3248 1630 3303 οὐκ
1685 3248 1779 3301 ἀν-

151 3344 411 3416 θρωπικῶς
463 3342 799 3422 ἀφορίζομεν
835 3361 847 3374 ·
911 3338 1036 3395 οὐδὲ
1079 3339 1183 3413 γὰρ
1242 3336 1528 3412 ἅνθρωπος
1589 3336 1778 3409 μόνον⁹

1959 2028 1987 2056 ‹‹
2010 2005 2293 2061 Ceterum
2320 2007 2537 2061 mirum
2556 2006 2614 2060 in
2634 2008 2872 2062 modum
2896 2008 2967 2061 ab
2990 2007 3357 2062 humanitate
3378 2024 3539 2063 com-

1888 2096 2257 2162 mendamus,
2293 2096 2569 2166 quoniam
2604 2095 2661 2149 in
2697 2113 2812 2151 una
2840 2112 2910 2151 ex
2939 2096 3068 2166 ejus
3118 2097 3381 2166 personis
3431 2114 3542 2153 na-

1888 2188 2083 2240 turam
2114 2192 2377 2240 nostram
2424 2202 2555 2240 vere
2606 2185 2964 2257 penitusque
3012 2185 3336 2256 conjunxit,
3371 2202 3538 2243 revo-

1888 2290 2029 2329 cans
2061 2274 2131 2329 ad
2161 2291 2223 2329 se
2254 2274 2484 2345 sibique
2515 2274 2846 2345 adjungens
2878 2275 3201 2330 humanam
3229 2275 3540 2331 imbecilli-

1886 2366 2090 2429 tatem,
2115 2379 2182 2417 ex
2214 2380 2329 2434 qua
2361 2362 2611 2434 simplex
2638 2364 2813 2419 Jesus
2852 2362 3227 2418 inefl‘abiliter
3255 2368 3345 2419 est
3376 2380 3539 2420 com-

1888 2451 2139 2524 positus,
2172 2457 2230 2507 et
2258 2452 2359 2523 qui
2390 2452 2786 2523 sempiternus
2830 2457 2940 2521 est,
2973 2454 3256 2524 temporis
3306 2470 3539 2510 assum-

1888 2541 2008 2611 psit
2054 2541 2507 2610 incrementum,
2540 2547 2715 2613 atque
2764 2541 2920 2597 intra
2970 2547 3243 2597 naturam
3277 2548 3537 2599 nostram

1888 2630 2078 2686 factus
2108 2634 2216 2697 est,
2254 2630 2353 2701 qui
2386 2646 2621 2685 omnem
2653 2630 2972 2699 cujuslibet
3003 2631 3230 2687 ordinis
3262 2636 3534 2687 naturam

1889 2719 2071 2790 (quod
2104 2719 2427 2775 humanum
2459 2735 2681 2774 morem
2715 2719 3179 2792 supergreditur)
3222 2720 3536 2791 antecellit,

1890 2807 2053 2863 nulla
2098 2812 2294 2863 tamen
2344 2809 2584 2880 propriae
2634 2814 2857 2863 natura;
2897 2809 3223 2864 mutatione
3256 2810 3408 2865 facta
3438 2813 3541 2864 aut

1890 2895 2253 2952 confusione.
2280 2918 2308 2944 »
2339 2897 2552 2951 Affinis
2582 2907 2859 2968 praeterea
2906 2902 3043 2952 sunt
3092 2897 3274 2968 hisce,
3308 2914 3439 2969 quas
3469 2899 3541 2953 de

1891 2984 2121 3040 Domini
2150 2986 2219 3039 ad
2251 2985 2521 3041 homines
2567 2986 2853 3041 descensu
2904 2986 2975 3041 ad
3020 2986 3229 3041 Gaium
3279 2985 3486 3041 scribit
3522 3002 3537 3043 :

1895 3076 2069 3137 «Qua
2090 3074 2312 3129 ratione
2334 3073 2578 3145 (inquis)
2598 3075 2788 3143 Jesus,
2808 3075 2908 3146 qui
2933 3076 3131 3130 omnia
3150 3075 3536 3144 transcendit,

1892 3162 2170 3218 omnibus
2203 3162 2544 3219 hominibus
2590 3168 2809 3219 natura;
2858 3164 3274 3220 communione
3304 3163 3543 3236 copula-

1892 3252 2038 3307 tur?
2071 3252 2195 3307 Non
2246 3252 2403 3307 enim
2438 3257 2504 3307 ut
2533 3258 2733 3307 auctor
2782 3253 3093 3308 hominum
3146 3254 3251 3308 hoc
3302 3254 3362 3308 in
3412 3252 3539 3309 loco

1892 3341 2067 3397 homo
2099 3341 2334 3409 dicitur,
2370 3342 2467 3396 sed
2505 3342 2656 3411 quod
2690 3346 2808 3397 tota
2840 3342 2967 3413 ipse
2996 3342 3330 3397 substantia
3360 3342 3535 3399 homo

151 3428 256 3485 οὐδὲ
326 3410 648 3506 ὑπεροόσίος
722 3430 1004 3501 ἄνθρωπος
1078 3428 1263 3502 μόνον,
1324 3427 1450 3483 ἀλλ’
1494 3427 1774 3501 ἄνθρωπος

1891 3447 2020 3485 vere
2051 3431 2311 3486 exsistat.
2349 3431 2462 3487 Nos
2492 3447 2626 3485 vero
2658 3430 2855 3486 Jesum
2907 3447 3023 3486 non
3074 3431 3331 3485 humano
3383 3447 3543 3486 more

146 3517 337 3589 ἀληθῶς
386 3522 413 3577 ὁ
481 3520 850 3599 διαφερόντως
902 3516 1308 3596 φιλάνθρωπος,
1367 3517 1497 3590 ὑπὲρ
1565 3516 1772 3591 ἀνθρώ-

149 3627 279 3679 πους,
327 3610 414 3664 καὶ
468 3610 609 3666 κατά
666 3608 982 3684 ἀνθρώπους
1039 3606 1098 3661 ἐκ
1146 3613 1246 3674 τῆς
1303 3606 1600 3679 ἀνθρώπων
1678 3604 1771 3659 οὐ-

150 3696 324 3767 σίας,ὁ
383 3698 707 3775 ὑπερούσιος
763 3695 1121 3769 οὐσιωμένος.
1153 3697 1303 3752 Ἔστι
1367 3692 1424 3750 δὲ
1481 3692 1633 3749 οὐδὲν
1683 3697 1773 3763 ἦτ-

147 3805 221 3838 τον
266 3788 714 3862 ὑπερουσιότητος
776 3785 1218 3860 ὑπερπληρης,ὁ
1284 3784 1365 3840 ἀεὶ
1426 3784 1772 3858 ὑπερούσιος,

152 3871 316 3944 ἀμέλει
370 3882 435 3952 τῇ
491 3877 699 3947 ταύτης
748 3874 1051 3950 περιουσίᾳ,
1084 3874 1175 3928 καὶ
1227 3872 1302 3935 εἷς
1336 3872 1513 3928 οὐσίαν
1546 3871 1773 3942 ἀληθῶς

156 3958 301 4017 ἐλθὼν
357 3967 483 4042 ὑπὲρ
542 3965 729 4020 οὐσίαν
786 3962 1051 4033 οὐσιώθη,
1104 3964 1191 4017 καὶ
1273 3963 1407 4037 ὑπὲρ
1485 3960 1768 4036 ἄνθρωπον

155 4048 339 4127 ἐνήργει
389 4055 451 4109 τὰ
506 4055 798 4130 ἀνθρώπου
831 4073 843 4085 ·
907 4052 993 4106 καὶ
1053 4048 1219 4121 δηλοῖ
1267 4049 1550 4125 παρθένος,
1616 4052 1774 4125 ὑπερ-

155 4142 277 4211 φυῶς
301 4140 513 4211 κύουσα,
542 4143 634 4196 καὶ
684 4138 829 4215 ὕδωρ
878 4136 1099 4194 ἄστατον
1155 4137 1357 4193 ὑλικῶν
1406 4140 1494 4193 καὶ
1555 4143 1770 4215 γεηρῶν

155 4227 308 4285 ποδῶν
360 4232 553 4310 ἀνέχον
609 4234 795 4309 βάρος,
825 4231 915 4285 καὶ
952 4233 1026 4304 μὴ
1060 4231 1302 4302 ὑπεῖκον,
1332 4229 1458 4287 ἀλλ’
1514 4231 1772 4307 ὑπερφυεῖ

158 4311 349 4391 δυνάμει
377 4325 510 4399 πρὸς
556 4324 619 4377 τὸ
680 4319 975 4396 ἀδιάχυτον
1004 4329 1415 4393 συνιστάμενον.
1443 4318 1513 4377 Τί
1574 4317 1633 4375 ἄν
1686 4342 1770 4382 τις

154 4405 208 4457 τὰ
251 4405 408 4464 λοιπὰ
460 4410 767 4485 πάμπολλα
825 4405 953 4463 ὅντα
1000 4406 1231 4475 διέλθοι,
1278 4407 1347 4463 δι’
1405 4410 1476 4462 ῶν
1528 4410 1555 4463 6
1612 4409 1773 4472 θείως

159 4491 276 4565 δρῶν
313 4498 436 4572 ὑπὲρ
479 4506 602 4556 νοῦν
655 4499 1051 4574 γνώσεται,καὶ
1112 4499 1180 4552 τὰ
1230 4498 1317 4553 ἐπὶ
1361 4503 1429 4572 τῇ
1462 4497 1771 4576 φιλανθρω-

159 4580 238 4653 πίᾳ
274 4584 361 4639 τοῦ
407 4590 585 4660 Ἰησοῦ
646 4586 1095 4661 καταφασκόμενα
1154 4585 1381 4661 δύναμιν
1431 4588 1772 4663 ὑπεροχικῆς

160 4665 441 4741 ἀποφάσεως
492 4674 729 4752 ἔγοντας
787 4677 889 4732 Καὶ
960 4673 1052 4729 ’ίνα
1127 4676 1438 4739 συνελόντες
1509 4675 1771 4751 εἷ’πωμεν,

1884 3520 2236 3575 definimus:
2271 3536 2459 3590 neque
2480 3519 2635 3574 enim
2672 3520 2842 3575 homo
2874 3524 3105 3575 tantum
3138 3519 3539 3575 substantiam

1883 3609 2186 3665 excedens.
2222 3610 2331 3664 Sed
2373 3625 2506 3664 vere
2556 3609 2732 3664 homo
2779 3615 2870 3665 est
2920 3609 3036 3679 (ille
3083 3610 3184 3681 qui
3234 3626 3432 3665 amore
3481 3610 3538 3664 in

1884 3696 2152 3752 homines
2181 3695 2431 3767 excellit)
2460 3713 2640 3768 supra
2672 3695 2965 3762 homines,
2988 3713 3053 3750 ac
3074 3697 3245 3767 juxta
3268 3695 3540 3751 homines

1885 3802 1953 3841 ex
1984 3785 2293 3841 hominum
2326 3784 2683 3853 substantia,
2718 3783 2818 3856 qui
2872 3785 3271 3841 substantiam
3306 3793 3542 3840 omnem

1885 3875 2200 3946 egreditur,
2235 3874 2555 3929 humanam
2587 3890 2820 3929 carnem
2853 3875 3198 3945 assumpsit.
3234 3874 3408 3929 Porro
3451 3873 3543 3928 ni-

1884 3964 2003 4019 hilo
2036 3969 2310 4036 proptera
2342 3964 2542 4019 minus
2572 3968 2661 4019 est
2692 3964 2797 4019 hac
2833 3963 2983 4035 ipsa,
3019 3980 3146 4036 qum
3194 3963 3541 4019 substantia:

1880 4055 2001 4110 vim
2033 4070 2267 4109 omnem
2300 4056 2561 4125 superat,
2584 4056 2817 4120 natura,
2842 4069 2944 4124 per
2964 4069 3141 4123 quam
3178 4052 3386 4123 plenus
3418 4057 3530 4119 est,

1883 4144 2023 4215 quia
2053 4143 2336 4197 nimirum
2366 4141 2761 4196 substantiam
2794 4156 3028 4196 omnem
3062 4140 3404 4212 hujusmodi
3440 4159 3539 4197 na-

1882 4237 2028 4287 tura:
2077 4230 2426 4287 celsitudine
2456 4246 2690 4300 semper
2721 4229 2971 4285 excellit.
3006 4229 3271 4299 Cumque
3300 4246 3436 4285 vere
3467 4231 3541 4286 ad

1883 4320 2279 4375 substantiam
2311 4318 2732 4387 descendisset,
2770 4317 2872 4388 qui
2902 4318 3165 4388 qualibet
3205 4318 3542 4373 substantia

1884 4411 2071 4481 major
2108 4410 2257 4466 375
2313 4415 2417 4477 est,
2447 4408 2839 4464 substantiam
2895 4413 3157 4463 nostram
3205 4408 3451 4481 accepit,
3485 4414 3543 4465 et

1885 4518 2067 4571 supra
2099 4499 2419 4568 hominem,
2454 4515 2581 4569 qua:
2622 4498 2883 4553 hominis
2932 4498 3167 4570 propria
3219 4506 3376 4565 sunt,
3410 4515 3538 4554 eve-

1881 4586 2624 4660 xit.ld,Virgo,admirabili
2641 4588 2895 4643 novitate
2910 4587 3163 4659 pariens,
3184 4587 3543 4659 manifestat,

1883 4684 1939 4734 et
1962 4676 2615 4750 aquainstabilis,dum
2650 4677 3045 4733 materialium
3079 4694 3142 4733 ac
3178 4684 3545 4734 terrenorum

163 4755 264 4812 οὐδὲ
292 4759 558 4840 ἅνθρωπος
591 4768 656 4836 ἦν
690 4785 701 4798 ·
736 4765 844 4840 οὐχ
874 4766 947 4827 ὡς
994 4766 1068 4838 μή
1117 4764 1421 4840 ἅνθρωπος,
1455 4767 1529 4831 ὡς
1586 4766 1636 4837 ἐξ
1689 4767 1774 4821 ἀν-

1886 4768 2099 4840 pedum
2134 4766 2386 4821 sustinet
2423 4768 2680 4839 pondus,
2712 4783 2816 4821 nec
2847 4766 3019 4837 cedit,
3050 4768 3150 4821 sed
3197 4767 3549 4823 admiranda

168 4845 366 4917 θρώπων
420 4855 681 4925 ἰπέκεινα,
709 4856 796 4911 καὶ
856 4857 988 4932 ὑπὲρ
1043 4854 1326 4931 ἄνθρωπον
1373 4854 1657 4927 ἅνθρωπος
1686 4879 1773 4934 γε·

161 4936 325 5007 γονὼς,
354 4943 439 4996 καὶ
467 4945 528 4999 τὸ
559 4944 751 5000 λοιπὸν
788 4944 849 4999 οὐ
881 4946 1017 4999 κατὰ
1070 4946 1197 4999 Θεὸν
1254 4946 1320 4999 τὰ
1375 4948 1491 5000 θεῖα
1546 4943 1770 5021 δράσας,

164 5021 211 5075 οὗ
236 5026 293 5081 τὰ
345 5030 643 5108 ἀνθρώπεια
697 5034 833 5089 κατὰ
889 5035 1193 5110 ἄνθρωπον,
1224 5034 1350 5090 ἀλλ’
1402 5033 1769 5109 ἀνδρωθέντος

163 5112 272 5164 Θεοῦ
320 5123 500 5190 καινήν
554 5143 673 5177 τινα
741 5124 831 5177 καὶ
907 5121 1226 5197 θεανδρικήν
1306 5122 1569 5198 ἐνέργειαν
1630 5125 1767 5196 ἡμῖν

161 5200 602 5281 πεπολιτευμένος.
636 5235 664 5264 θ)

1892 4857 2153 4929 potentia
2185 4856 2373 4911 instar
2420 4855 2621 4912 solida;
2673 4855 2926 4911 materia:
2978 4855 3270 4911 subsistit.
3305 4858 3378 4910 At
3406 4854 3545 4910 reli-

1887 4965 2023 5020 qua,
2073 4964 2201 5018 quas
2251 4963 2392 5001 sane
2445 4944 2732 5016 permulta
2783 4949 2941 5013 sunt,
2992 4944 3127 5015 quis
3186 4945 3543 4999 recensendo

1884 5038 2227 5110 percurrat?
2256 5036 2473 5105 quibus
2506 5035 2607 5107 qui
2638 5039 2904 5089 accurate
2936 5038 2992 5088 et
3024 5035 3179 5089 ultra
3210 5033 3538 5088 humanum

1884 5127 2124 5182 modum
2156 5125 2491 5196 Speculatus
2520 5124 2709 5191 fuerit,
2733 5141 2800 5178 ea
2826 5140 3059 5195 quoque
3088 5141 3213 5194 quae
3246 5124 3301 5178 in
3335 5124 3539 5182 huma.

1883 5215 2063 5270 nitate
2094 5215 2228 5268 Jesu
2264 5214 2584 5278 affirmant,
2618 5211 2886 5284 protinus
2934 5217 3212 5283 agnoscet
3245 5212 3358 5268 vim
3395 5229 3542 5285 prio-

160 5291 497 5354 stantissimaa
529 5299 855 5373 negationis
886 5300 1124 5370 habere,
1153 5304 1211 5356 et
1263 5306 1328 5356 ut
1376 5301 1627 5357 breviter
1678 5303 1970 5367 dicamus,
2006 5318 2195 5373 neque
2241 5301 2414 5355 homo
2466 5306 2611 5367 erat,
2645 5318 2759 5355 non
2812 5307 3095 5372 tanquam
3151 5301 3545 5357 humanitatis

159 5388 352 5452 expers,
382 5389 479 5443 sed
510 5397 787 5462 tanquam
819 5405 887 5443 ex
918 5388 1259 5445 hominibus
1290 5396 1477 5457 ortus,
1514 5390 1780 5447 homines
1813 5392 2150 5460 excellebat,
2186 5390 2356 5445 homo
2385 5406 2563 5460 super
2593 5389 2863 5445 homines
2899 5391 3107 5445 factus.
3143 5395 3223 5446 Ac
3265 5390 3543 5463 deinceps

161 5476 322 5551 limus
347 5474 535 5533 divina
567 5484 629 5535 ut
662 5478 836 5545 Deus,
864 5494 1055 5549 neque
1086 5479 1348 5535 humana
1380 5497 1585 5535 rursus
1638 5486 1699 5536 ut
1749 5482 1923 5537 homo
1955 5481 2197 5545 faciens,
2231 5479 2331 5533 sed
2384 5478 2537 5533 Deus
2590 5478 2762 5534 homo
2815 5480 3027 5547 factus,
3062 5496 3271 5535 novam
3328 5496 3544 5551 quam-

165 5548 277 5609 dam
309 5574 704 5640 summamque
733 5548 1321 5639 agendiipoteslatem
1354 5569 1523 5624 nobis
1550 5568 1900 5641 impertivit.
1934 5592 1963 5619 »

225 5658 318 5714 Κάν
344 5665 406 5740 τῇ
435 5677 529 5741 τῆς
581 5669 1074 5743 Ἐκκλησιαστικῆς
1121 5672 1402 5749 ἱεραρχίας
1453 5671 1706 5730 διδασκα-

1964 5678 2024 5731 In
2060 5678 2309 5731 tractatu
2353 5689 2483 5730 vero
2533 5673 2613 5728 De
2663 5690 2828 5729 sacro
2882 5672 3154 5730 Ecclesiae
3209 5671 3542 5744 principatu
