4020 6358
426 341 537 397 643

1661 344 1722 397 S.
1763 342 2077 396 DIONYSII
2116 337 2615 395 AREOPAGITE.

3766 344 3871 398 644

424 466 889 539 speculationem
939 466 1011 520 de
1059 464 1255 519 divina
1305 466 1589 536 unguenti
1641 465 2081 521 consecratione

2195 458 2290 532 λίᾳ
2334 462 2433 529 τὴν
2479 460 2603 535 περὶ
2661 466 2760 529 τῆς
2808 459 2954 522 θείας
2976 464 3081 514 τοῦ
3133 459 3305 535 μόρου
3329 461 3566 531 τελετῆς
3602 464 3870 521 ἀναπτύσ-

424 558 744 629 explicans,
765 555 873 609 ait:
900 576 927 605 ‹‹
952 554 1075 609 Non
1095 554 1277 626 igitur
1294 554 1732 610 sacratissimus
1751 554 2081 611 divinarum

424 644 901 702 substantiarum
937 643 1077 698 ordo
1111 642 1421 715 ignoravit,
1454 644 1658 699 Jesum
1695 650 1870 698 Deum
1906 642 2085 697 maxi-

433 752 595 790 mum
621 751 651 789 e
682 733 842 788 coelis
877 738 938 787 ut
965 733 1433 787 sanctiﬁcaretur
1465 732 1858 798 descendisse,
1883 746 2081 786 verum

425 825 496 879 ad
532 824 851 878 humanam
888 826 1157 875 naturam
1194 837 1322 876 sese
1344 822 1415 875 ob
1440 821 1695 875 divinam
1726 837 1791 874 ac
1813 819 2083 874 ineffabi-

423 913 538 968 lem
573 915 701 984 ejus
734 912 1157 983 benignitatem
1192 914 1393 965 sancte
1424 910 1727 979 dejecisse,
1763 909 1961 977 ipsum
1994 909 2081 962 in-

423 1002 656 1073 telligit,
692 1006 747 1055 et
796 1018 826 1056 a
878 1000 1063 1066 Patre,
1100 1014 1280 1070 seque
1327 999 1475 1067 ipso,
1512 1016 1544 1053 a
1576 1004 1779 1053 sancto
1833 998 2078 1069 Spiritu,

424 1094 683 1147 humano
718 1107 877 1145 more
910 1088 1343 1143 sanctificatum
1376 1088 1954 1159 cernens,proprium
1983 1102 2079 1140 no-

425 1181 508 1234 vit
538 1179 890 1251 principium
914 1178 972 1231 in
998 1177 1090 1231 his
1112 1194 1233 1247 qua
1258 1193 1491 1230 summa
1518 1181 1801 1248 potestate
1825 1192 1928 1247 per
1950 1174 2082 1229 sub-

429 1270 733 1335 stantiam,
758 1285 884 1339 quae
917 1266 1075 1322 nullo
1109 1271 1276 1337 pacto
1308 1266 1613 1321 immutari
1648 1269 1857 1337 potesn,
1880 1265 2078 1319 efficit.

428 1363 616 1427 Quare
649 1374 946 1413 sacrorum
982 1355 1283 1428 signorum
1318 1356 1553 1412 traditio
1576 1361 1775 1410 sancto
1798 1372 1863 1409 ac
1885 1354 2079 1410 divino

426 1448 773 1519 seraphinos
806 1448 1149 1501 circumstat
1172 1456 1494 1516 unguento,
1521 1447 1661 1500 dum
1688 1445 1985 1502 Christum
2020 1444 2079 1499 in

423 1544 625 1594 nostra
684 1537 1048 1592 humanitate
1079 1552 1209 1590 vere
1244 1536 1598 1607 penitusque
1648 1534 2079 1589 immutabilem

422 1627 707 1699 agnoscit,
729 1631 904 1698 atque
928 1624 1275 1680 describit.»
1298 1628 1343 1680 Ο
1370 1625 1743 1680 sanctissima
1764 1623 1918 1678 labia
1942 1624 2081 1678 talia

422 1715 761 1788 prolocuta!
801 1719 984 1780 Quam
1036 1730 1167 1769 vere
1214 1715 1273 1769 in
1324 1714 1471 1786 ipsis
1523 1714 1708 1769 effusa
1755 1718 1844 1768 est
1890 1713 2080 1784 gratia

422 1807 711 1861 donorum
740 1804 991 1875 Spiritus
1024 1803 1233 1872 sancti,
1268 1821 1298 1858 a
1344 1821 1458 1874 quo
1512 1804 1665 1857 dona
1715 1803 1772 1856 in
1822 1819 1942 1872 eos,
1977 1801 2075 1873 qui

422 1912 557 1950 cum
591 1895 807 1963 animo,
841 1898 968 1948 tum
1002 1909 1241 1963 corpore
1293 1892 1486 1947 divine
1534 1893 1868 1964 perpurgati
1918 1898 2078 1963 sunt,

421 1984 893 2057 proficiscuntur,
929 1999 1056 2052 quae
1092 1981 1350 2052 pontifex
1399 1982 1494 2035 hic
1544 1982 1958 2036 sanctissimus
1991 1986 2080 2036 est

419 2077 787 2128 consecutus.
824 2070 867 2125 Ο
904 2069 1167 2139 linguam
1200 2071 1376 2125 rebus
1428 2070 1646 2125 divinis
1695 2070 2077 2141 explicandis,

422 2161 721 2231 sacrisque
754 2160 1082 2231 pandendis
1116 2160 1367 2214 maxime
1401 2160 1817 2229 necessariam,
1842 2176 1969 2230 quae
1994 2176 2079 2213 re-

421 2251 660 2305 condita
694 2251 810 2304 haec
843 2254 897 2303 et
928 2265 1142 2303 arcana
1189 2249 1465 2321 mysteria
1517 2248 1861 2319 planissima
1912 2248 2080 2305 nobis

432 2338 646 2394 effecit!
674 2338 817 2392 Vere
847 2338 938 2408 (ut
967 2338 1232 2392 divinum
1268 2338 1440 2393 habet
1473 2337 1794 2410 eloquium)
1819 2338 2082 2392 calamus

435 2428 639 2483 scribae
669 2427 943 2482 velociter
974 2426 1283 2481 scribentis
1325 2426 1616 2498 appellata
1666 2433 1770 2482 est.
1806 2426 1849 2480 Ο
1881 2426 2082 2481 claris-

434 2517 646 2572 simam
676 2519 929 2571 mentem
964 2533 1090 2586 que:
1127 2516 1462 2586 huiusmodi
1514 2515 1919 2587 cogitationes,
1956 2532 2083 2586 quae

432 2606 695 2661 omnium
730 2621 969 2659 sensum
1006 2613 1179 2676 atque
1210 2622 1538 2659 sermonem
1562 2604 2083 2670 antecellunt,edo-

433 2700 523 2750 cta
572 2700 660 2748 est
706 2699 763 2749 et
809 2694 1091 2749 divinitus
1140 2693 1466 2748 illustratal
1521 2696 1659 2758 Quae
1709 2693 1864 2748 enim
1918 2710 2085 2749 mens

432 2783 771 2839 acutissime
800 2793 855 2838 et
886 2783 1083 2838 divine
1120 2783 1501 2853 perspiciens,
1540 2800 1654 2837 non
1703 2799 1934 2837 omnem
1970 2782 2085 2835 hae-

431 2874 745 2929 reticorum
779 2872 1234 2927 infensissimam
1268 2876 1605 2926 contemnet
1634 2872 1841 2937 aciem,
1871 2873 1926 2924 in
1956 2872 2088 2926 bre-

430 2962 692 3017 vissimis
723 2961 1057 3015 divinorum
1087 2966 1295 3015 horum
1315 2961 1627 3015 verborum
1651 2961 1938 3031 praesidiis
1962 2977 2090 3019 Dro-

434 3058 675 3106 stralam
710 3059 883 3120 atque
902 3054 1313 3120 consumptam
1334 3054 1615 3121 tanquam
1649 3049 2087 3105 multitudinem

431 3140 584 3194 inter
615 3138 1065 3195 molestissimas
1117 3141 1401 3209 quasdam
1449 3138 1884 3193 vulneratorum
1919 3155 2088 3194 voces

2193 572 2298 605 σων
2333 552 2585 625 θεωρίαν,
2620 548 2749 626 ἐρεῖ·
2789 572 2816 601 ‹‹
2849 550 3059 607 Οὐκοῦν
3094 552 3127 619 ἡ
3161 551 3407 622 θειοτάτη
3460 557 3584 607 τῶν
3642 553 3870 628 ὑπερουο

2193 642 2391 715 ρανίων
2453 640 2649 695 οὐσιῶν
2705 640 2854 709 τάξις
2906 641 3005 695 οὐκ
3037 640 3281 715 ἠγνόηκε
3332 641 3420 695 τόν
3488 644 3870 717 θεαρχικώτα-

2187 752 2277 785 τον
2338 731 2554 801 ’[ησοῦν
2616 729 2691 791 εἷς
2747 731 2808 784 τὸ
2861 731 3167 804 ἁγιάζεσθαι
3233 730 3693 801 κατεληλυθότα.
3752 740 3873 789 Nos?

2191 818 2249 875 δὲ
2282 821 2442 875 αὐτὸν
2471 821 2633 893 ἱερῶς
2667 820 2720 874 ἐν
2752 824 2868 882 τοῖς
2928 821 3047 883 καθ’
3078 823 3227 894 ἡμῖις
3276 821 3465 875 ἑαυτὸν
3522 820 3738 898 ὑφέντα
3792 820 3872 879 δια

2192 908 2335 963 θείαν
2386 910 2475 963 καὶ
2522 907 2757 984 ἄρῥητον
2796 908 3127 985 ἆγαθότητα,
3160 910 3249 963 καὶ
3307 910 3444 984 πρὸς
3496 914 3603 964 τοῦ
3666 912 3874 988 Πατρὸς

2191 999 2384 1052 ἑαυτοῦ
2434 1019 2492 1052 τε
2536 999 2623 1051 καὶ
2672 1002 2774 1053 τοῦ
2823 996 3136 1070 Πνεόματος
3193 999 3702 1073 ἀνθρωποπρεπῶς
3730 1002 3867 1074 ἁγια-

2194 1087 2419 1160 ζόμενον
2475 1089 2680 1160 ὁρῶσα,
2714 1089 2813 1157 τὴν
2862 1087 3064 1141 οἰκείαν
3117 1085 3255 1142 οἶδεν
3308 1088 3521 1163 ἀρχὴν,
3557 1087 3614 1143 ἐν
3677 1092 3763 1151 οἷς
3817 1092 3867 1144 ἂν

2192 1181 2500 1251 θεαρχικῶς
2564 1174 2665 1251 δρᾷ
2713 1176 2772 1230 τὸ
2822 1178 2939 1230 κατ’
2986 1175 3164 1231 οὐσίαν
3209 1174 3601 1231 ἀναλλοίωτον
3652 1172 3865 1254 ἔχουσα.

2188 1267 2340 1319 Ὅθεν
2374 1269 2408 1335 ἡ
2442 1270 2550 1319 τῶν
2584 1266 2744 1337 ἱερῶν
2796 1260 3091 1339 συμϐόλων
3153 1263 3454 1341 παράδοσις
3520 1268 3867 1342 ἁγιαζομὲνῳ

2188 1356 2267 1426 τῷ
2326 1355 2457 1426 θείῳ
2510 1352 2668 1428 μόρῳ
2715 1354 2843 1416 τοὺς
2899 1355 3135 1432 σεραφὶμ
3191 1354 3574 1428 περιίστησιι,
3628 1356 3865 1431 ἀπαράλ-

2191 1441 2388 1498 λακτον
2444 1440 2619 1497 εἰδυῖα
2665 1444 2752 1497 καὶ
2807 1441 3174 1519 διαγράφουσα
3227 1445 3319 1499 τὸν
3378 1445 3633 1518 Χριστὸν
3694 1447 3745 1499 ἒν
3801 1451 3859 1519 τῇ

2190 1533 2305 1586 καθ’
2336 1535 2483 1605 ἡμᾶς
2549 1530 2714 1605 ὑλικῇ
2777 1533 2912 1607 πρὸς
2962 1532 3220 1603 ἀληθειαν
3272 1532 3723 1609 ἐνανθρωπτςσει.
3756 1544 3862 1589 »Ὠ

2188 1626 2297 1676 τῶν
2382 1622 2811 1695 μακαριωτάτων
2886 1620 3121 1696 χειλέων
3183 1627 3291 1677 τῶν
3350 1627 3530 1677 ταῦτα
3574 1625 3863 1701 φθεγξαμέ-

2190 1712 2334 1766 νωνί
2371 1711 2445 1773 ὡς
2476 1710 2699 1779 ἀληθῶς
2734 1709 2783 1764 ἐν
2818 1711 3005 1772 αὐτοῖς
3035 1731 3130 1765 του
3183 1710 3562 1786 Παρακλτςτου
3612 1716 3723 1766 τῶν
3764 1732 3859 1787 χα-

2195 1801 2494 1875 ρισμάτων,
2528 1799 2645 1854 ὅθεν
2680 1801 2733 1853 αἱ
2786 1797 2986 1872 δωρεαὶ
3039 1805 3157 1862 τοῖς
3211 1798 3460 1863 θειωδῶς
3524 1803 3719 1876 ψυχὴν
3778 1801 3855 1855 καί

2189 1894 2351 1961 σῶμα
2380 1889 2833 1961 κεκαθαρμὲνιοις,
2884 1892 2966 1949 οἷς
3011 1887 3293 1964 ἐτύγχανεν
3332 1888 3407 1944 ὢν
3464 1891 3633 1951 οὗτνς
3684 1892 3712 1943 ὁ
3746 1911 3859 1943 παν-

2190 1981 2429 2052 άγιστος’
2491 1978 2853 2055 ἱεροφάντωρ,
2906 1980 2939 2046 ἡ
3002 1980 3167 2053 χάρις
3243 1977 3577 2053 ἐκκέχυταιί
3633 1986 3696 2033 Ὢ
3768 1986 3855 2048 τῆς

2191 2064 2634 2137 ἐπιτηδειοτάτης
2722 2067 2858 2143 πρὸς
2954 2065 3251 2140 ὑπηρεσίαν
3334 2071 3436 2136 τῆς
3524 2069 3857 2145 θεοφθεγξίας

2190 2153 2562 2234 ἱεροφάντιδος
2593 2155 2870 2232 γλώττης,
2901 2161 2999 2225 τῆς
3039 2153 3224 2210 τοιάδε
3277 2161 3384 2210 τῶν
3438 2157 3858 2234 κρυφιομύστων

2196 2247 2500 2319 μυημάτων
2557 2244 3067 2321 ἐκφαντορικώτατα
3121 2242 3616 2320 διατρανώσάσηςί
3664 2247 3853 2306 ’Ὀντως

2194 2334 2524 2413 ὀξυγράφου,
2582 2334 2719 2388 κατὰ
2776 2334 2835 2387 τὸ
2890 2332 3103 2408 λόγιον,
3159 2335 3543 2410 γραμματέως
3623 2334 3856 2410 ἐχρημά·

2191 2445 2305 2477 τισε
2335 2422 2608 2496 κάλαμος,
2645 2425 2709 2477 Ὢ
2739 2429 2838 2491 τῆς
2869 2424 3174 2500 φανοτάτης
3225 2424 3420 2500 φρενὸς
3476 2430 3584 2493 τῆς
3642 2428 3851 2478 τοιαῦτα

2191 2514 2280 2567 τὸν
2337 2513 2466 2586 ὑπὲρ
2518 2512 2686 2566 πάντα
2726 2516 2847 2567 νοῦν
2900 2512 2989 2565 καὶ
3037 2510 3199 2587 λόγον
3261 2510 3687 2589 ἐλλαμνρθείσης
3733 2513 3854 2580 νοτί-

2197 2604 2366 2675 ματαί
2400 2600 2499 2662 Τίς
2549 2601 2652 2676 γάρ
2697 2599 2843 2668 νοῦς,
2882 2598 3311 2676 ὀξυδερκὲστατα
3357 2602 3447 2654 καὶ
3502 2600 3663 2661 θείως
3705 2601 3853 2675 ὁρῶν,

2196 2692 2304 2766 οὐχ
2354 2691 2531 2763 ὥσπερ
2591 2690 2641 2746 ἕν
2695 2714 2833 2747 τισιν
2914 2690 3353 2767 ἀργαλεωτάταις
3426 2696 3644 2769 ψωναῖς
3717 2711 3855 2766 τραυ-

2201 2784 2405 2853 ματιῶν
2475 2778 2689 2848 πλῆθος
2762 2777 2951 2850 α’ίματι
3034 2780 3123 2833 καὶ
3200 2779 3413 2853 κονίῃσι
3496 2778 3851 2856 πεφυρμένον,

2200 2872 2335 2924 ἅπαν
2385 2870 2446 2924 τὸ
2502 2874 2609 2924 τῶν
2670 2870 3002 2945 αἱρεσιωτῶν
3070 2867 3498 2942 δυσμενέστατον
3564 2875 3751 2947 στῖφος
3806 2866 3850 2921 ἐν

2196 2964 2313 3020 ταῖς
2368 2958 2734 3033 βραχυτάταις
2782 2962 2892 3012 τῶν
2943 2957 3287 3035 θεοφράστων
3332 2957 3604 3034 ῥημάτων
3656 2956 3843 3011 τούτων

2197 3054 2487 3123 περιοχαῖς
2535 3047 2902 3124 κατερηριπός
2936 3068 2994 3101 τε
3041 3047 3130 3101 καὶ
3190 3044 3469 3110 διολωλὸς
3521 3046 3844 3119 κατόψεταις

2197 3142 2372 3190 Ταῦτα
2425 3136 2518 3208 μὲν
2574 3134 2640 3206 δὴ
2699 3137 2786 3191 καὶ
2816 3134 2940 3190 λίαν
2976 3136 3139 3212 ὀλίγα
3186 3139 3292 3189 τῶν
3353 3136 3710 3209 ὡραιοτάτων
3762 3132 3842 3189 αὖ-

432 3229 718 3300 sanguine
765 3228 1116 3299 pulvereque
1148 3228 1464 3283 fmdatam?
1504 3230 1659 3283 376
1702 3233 1827 3281 Haec
1858 3244 1997 3282 sane
2027 3233 2081 3282 et

2193 3230 2289 3279 τοῦ
2342 3221 2691 3299 δογματικῶν
2747 3228 2882 3297 ἡμῖν
2956 3226 3280 3295 ἀπήνθισται
3356 3223 3673 3298 λειμώνων,
3728 3224 3836 3278 ὅσον

430 3317 666 3387 quidem
702 3316 1013 3370 admodum
1044 3316 1252 3387 exigua
1281 3315 1338 3369 in
1373 3315 1533 3371 illius
1558 3315 1975 3387 pulcherrimis
2001 3315 2085 3369 di-

426 3406 573 3459 vinae
624 3404 899 3459 doctrinae
950 3404 1158 3469 hortis,
1183 3403 1353 3475 quasi
1387 3406 1580 3473 flores,
1608 3422 1641 3459 a
1673 3404 1839 3459 nobis
1885 3420 2083 3459 excer-

428 3498 529 3567 pta
547 3499 709 3562 sunt,
734 3497 800 3547 ut
821 3494 1224 3548 excellentiam
1250 3494 1671 3548 ccelestissimaa
1695 3493 1883 3564 ipsius
1914 3493 2081 3547 theo-

427 3582 617 3654 logiae,
650 3590 702 3637 el
732 3581 1225 3652 incomparabilis,
1261 3597 1325 3637 ac
1354 3581 1695 3637 clarissimae
1747 3583 1957 3636 divinae
2007 3581 2082 3635 il-

427 3671 544 3725 lius
593 3670 937 3725 assertionis
969 3671 1040 3724 de
1066 3688 1199 3725 vera
1246 3676 1303 3724 et
1348 3670 1925 3742 incomprehensibili
1970 3672 2083 3726 fide

429 3758 753 3812 laudarem.
794 3760 972 3813 Porro
1004 3758 1353 3829 sapientiam
1386 3763 1561 3829 atque
1602 3758 1931 3827 scientiam,
1966 3776 2083 3829 qua

430 3863 561 3901 cum
592 3846 648 3899 in
682 3847 1089 3917 gubernando,
1121 3851 1244 3900 tum
1292 3845 1350 3899 in
1406 3847 1698 3917 pascendo
1750 3863 1919 3917 grege
1967 3848 2080 3902 sibi

428 3934 762 3990 concredito
794 3951 939 3989 usus
971 3939 1079 4001 est,
1124 3935 1339 4005 quibus
1387 3952 1486 4005 pro
1538 3935 1822 4006 dignitate
1872 3952 2082 3991 ornare

428 4022 702 4079 laudibus
735 4023 1009 4093 possem?
1040 4041 1108 4079 ex
1139 4041 1253 4093 quo
1285 4024 1440 4079 enim
1496 4025 1675 4096 puppi
1726 4025 2083 4096 gubernator

429 4113 662 4181 insedit,
698 4114 1066 4184 apprehenso
1096 4118 1332 4168 temone
1365 4113 1625 4184 undique
1652 4122 1956 4169 ventorum
1988 4115 2079 4168 in-

429 4218 638 4256 cursus
696 4202 1005 4273 vigilanter
1062 4203 1354 4272 explorat,
1415 4202 1818 4274 procellaeque
1878 4202 2078 4274 procul

428 4292 665 4363 quidem
697 4308 761 4345 ac
793 4309 947 4362 saepe
969 4293 1147 4346 etiam
1174 4293 1435 4362 proxime
1458 4294 1749 4347 irruentes
1775 4298 2078 4363 praecavet.

430 4386 809 4450 vectoresque
841 4386 999 4435 tutos
1032 4382 1242 4448 reddit,
1270 4381 1528 4436 turbinis
1579 4383 1944 4437 incursiones
1977 4398 2079 4437 an-

428 4471 681 4535 tevertit,
716 4470 1064 4525 rudentibus
1110 4469 1235 4524 vela
1280 4471 1575 4537 subducit,
1605 4476 1778 4542 atque
1812 4472 2078 4527 remittit.

2191 3312 2542 3369 καλλωπίσαι
2598 3314 2700 3382 τὴν
2754 3312 3025 3391 εὐφημίαν
3086 3317 3182 3379 τῆς
3242 3313 3605 3387 ὑψηλοτάτης
3688 3312 3837 3366 αὐτοῦ

2191 3401 2496 3477 θεολογίας,
2557 3400 2649 3456 καὶ
2704 3408 2804 3470 τῆς
2859 3397 3253 3478 ἀπαραϐλήτου
3307 3402 3396 3456 καὶ
3474 3399 3841 3476 διαυγεστάτης

2194 3488 2508 3565 ὀρθοδοξίας
2555 3497 2653 3559 τῆς
2716 3491 2959 3560 ἀληθοῦς
3006 3490 3095 3545 καὶ
3154 3490 3406 3562 ἀλήπτου
3466 3491 3721 3550 πίστεως.
3774 3490 3837 3559 Τῇ

2195 3578 2249 3636 δέ
2292 3602 2351 3656 γε
2392 3574 2760 3655 κυϐερνητικῇ
2809 3580 2969 3657 σοφίᾳ
3017 3579 3108 3635 καὶ
3166 3585 3506 3655 ποιμαντικῇ
3556 3579 3835 3648 ἐπιστήμῃ,

2196 3672 2313 3743 μεθ’
2345 3671 2411 3739 ἧς
2457 3671 2520 3724 τὸ
2575 3668 2926 3742 ἐμπιστευθὶν
2978 3667 3155 3724 διεῖπε
3211 3669 3497 3742 ποίμνιον,
3548 3669 3733 3727 ποίους
3784 3662 3835 3717 ἃν

2193 3760 2441 3830 ἐπαξίους
2526 3758 2827 3835 ἐφαρμόσαι
2904 3760 3132 3833 κρότους
3223 3758 3569 3833 ἴσχόσαιμις
3618 3758 3688 3818 ὡς
3740 3754 3827 3827 γὰρ

2191 3846 2529 3925 κυϐερνήτης
2604 3850 2706 3917 τῆς
2792 3847 3048 3922 πρύμνης
3109 3848 3538 3921 ἐπικαθήμενος,
3597 3847 3681 3901 καὶ
3733 3847 3827 3897 τῶν

2193 3938 2391 3993 οῗάκων
2440 3937 2852 4009 ἐπειλημμένος
2904 3936 3221 4013 ἐγρηγόρως
3276 3936 3539 3992 πάντοθεν
3597 3952 3825 4010 περισκο-

2191 4033 2283 4081 πεῖ
2315 4028 2409 4089 τᾶς
2460 4032 2567 4082 τῶν
2615 4028 2830 4097 ἀνεμων
2879 4024 3107 4103 ἐφόδους
3143 4046 3155 4057 ·
3190 4025 3279 4080 καὶ
3339 4025 3471 4087 τοὺς
3527 4026 3617 4097 μὲν
3669 4040 3829 4076 καται-

2190 4113 2443 4192 γιδώδεις
2499 4114 2935 4193 προφυλάττεται
2995 4113 3274 4190 πόρῥωθεν
3329 4116 3365 4184 ἢ
3424 4111 3681 4190 σχεδόθεν
3732 4108 3822 4161 ἰόν-

2189 4228 2284 4266 τας
2344 4203 2638 4271 πολλάκις,
2683 4203 2773 4259 καὶ
2828 4203 2955 4265 τοὺς
3014 4202 3317 4279 πλωτῆρας
3366 4199 3825 4279 προασφαλίζεται,

2189 4298 2278 4348 καί
2329 4296 2428 4362 την
2482 4298 2581 4363 τῆς
2652 4292 2861 4362 ἀέλλης
2942 4288 3489 4368 προκαταλαμϐάνων
3550 4289 3823 4362 ἔμπτωσιν,

2191 4384 2452 4459 προχαλᾷ
2536 4388 2653 4444 τοῖς
2728 4382 3016 4454 προτόνοις
3106 4382 3166 4436 τὸ
3246 4381 3414 4436 ἰστίον
3489 4381 3577 4436 καὶ
3637 4374 3820 4454 ὑφίησι·

498 4592 782 4647 Caeterum
817 4593 887 4648 ad
923 4596 1208 4649 secundos
1239 4599 1440 4650 ventos
1490 4593 1724 4663 attollit,
1759 4612 2081 4667 rursusque

2264 4598 2403 4672 Πρὸς
2454 4596 2511 4651 δὲ
2556 4595 2683 4658 τοὺς
2735 4595 2951 4667 οὐρίους
3005 4592 3359 4665 διανίσταται,
3413 4595 3502 4650 καὶ
3560 4594 3618 4647 τὸ
3673 4587 3817 4664 ἄρμε-

428 4682 588 4737 velut
617 4688 944 4753 opportune
973 4683 1263 4755 aperiens,
1291 4684 1480 4738 navim
1517 4683 1678 4738 clavo
1712 4684 1952 4755 subigit,
1988 4702 2084 4738 na-

424 4770 903 4843 vigationcmque
935 4772 1136 4828 carina
1186 4774 1345 4828 unda
1389 4776 1757 4843 personante,
1793 4775 2082 4829 secundo-

430 4877 543 4933 que
597 4861 656 4915 in
709 4861 948 4932 puppim
996 4865 1169 4917 vento
1220 4861 1589 4924 exsufflante,
1620 4861 1787 4917 laetus
1834 4864 2081 4934 perficit.

426 4950 587 5014 Quod
621 4949 669 5005 si
698 4949 911 5005 alicubi
953 4950 1274 5021 procellosa
1317 4954 1637 5021 tempestas
1688 4950 1942 5022 ingruat,
1988 4970 2087 5006 na~

425 5039 546 5093 vim
569 5043 693 5093 arte
716 5039 971 5109 quadam
997 5038 1282 5109 singulari
1307 5040 1663 5108 superiorem
1684 5039 1854 5094 undis
1869 5043 2087 5095 consti-

425 5128 538 5183 tuit
568 5132 623 5183 et
655 5128 1007 5184 incolumem
1046 5130 1345 5184 servat.At
1368 5128 1414 5181 si
1440 5128 1674 5199 quando
1698 5129 1849 5183 venti
1881 5130 2085 5185 reﬂare

425 5218 729 5287 desierint,
766 5216 999 5288 allaque
1031 5217 1436 5289 tranquillitas
1470 5217 1803 5273 universam
1845 5220 2084 5274 sedave-

427 5306 499 5361 rit
533 5312 967 5377 tempestatem,
1001 5323 1189 5379 neque
1222 5308 1301 5362 ita
1332 5306 1509 5377 quieti
1542 5323 1605 5362 se
1635 5313 1735 5361 aut
1766 5309 1963 5379 sopori
1997 5310 2085 5363 alc-

427 5396 536 5461 dit,
561 5396 662 5450 sed
696 5395 1022 5467 remigibus
1056 5397 1246 5452 navim
1278 5397 1456 5451 remis
1489 5395 1760 5467 subigere
1811 5400 2082 5469 imperat,

427 5485 814 5556 hortaturque
845 5486 1084 5542 omnino
1116 5486 1376 5558 vigilare,
1413 5489 1477 5540 ut
1509 5501 1643 5541 cum
1691 5486 1949 5558 pericula
1982 5504 2083 5543 na-

424 5574 684 5648 vigantes
717 5574 1047 5646 effugerint,
1085 5579 1320 5647 peracta
1350 5573 1722 5645 navigatione
1753 5592 1886 5631 cum
1936 5592 2085 5632 mer-

425 5667 592 5726 cibus
624 5669 858 5738 portum
890 5665 1109 5721 intrare
1158 5664 1405 5720 feliciter
1451 5664 1700 5736 possint.
1736 5666 1860 5723 Non
1912 5682 2082 5724 secus

2193 4708 2278 4742 νον
2342 4685 2495 4750 αὖθις
2549 4685 2863 4753 ἐκπετάσας,
2922 4685 3152 4749 εὐθέτως
3204 4682 3577 4758 πηδαλιουχεῖ
3610 4680 3700 4745 τὴν
3738 4673 3817 4728 ὁλ-

2192 4774 2349 4843 κάδα,
2381 4775 2471 4829 καὶ
2529 4774 2617 4828 τὸν
2671 4771 2844 4827 πλοῦν
2905 4772 3281 4848 ἀγαλλόμενος
3331 4770 3554 4839 διανύει,
3607 4770 3694 4822 τοῦ
3744 4760 3817 4816 κί’·

2200 4886 2367 4938 ματος
2397 4867 2799 4939 περιηχοῦντος
2831 4866 2898 4936 τῇ
2926 4859 3170 4937 τρόπιδι,
3203 4861 3291 4916 καὶ
3350 4868 3445 4916 τοῦ
3498 4860 3662 4939 φοροῦ
3705 4849 3816 4906 κατά

2193 4955 2447 5031 πρύμνης
2508 4956 2785 5029 φυσῶντος
2837 4950 3164 5023 πνεύματος.
3228 4952 3294 5008 El
3354 4948 3410 5005 δέ.
3467 4971 3568 5005 που
3620 4944 3701 4999 καὶ
3743 4961 3816 4993 xu-

2200 5040 2457 5117 ματώδης
2509 5039 2851 5095 ἐπανίσταται
2906 5038 3068 5111 ζάλη,
3103 5039 3242 5094 ἔστιν
3304 5040 3393 5094 ὅτι
3446 5043 3512 5104 τῇ
3569 5036 3697 5107 σοφῇ
3742 5027 3811 5127 τές

2195 5154 2300 5209 χνῃ
2354 5131 2416 5185 τὸ
2478 5131 2681 5206 σκάφος
2735 5128 2918 5198 τίθησι
2970 5133 3081 5183 τῶν
3134 5128 3390 5201 κυμάτων
3441 5126 3709 5198 ἀνώτερον,
3737 5134 3809 5169 καί

2193 5222 2531 5293 ἀναυάγητον
2567 5216 2866 5287 διασώζει·
2901 5220 2991 5273 καὶ
3042 5216 3096 5272 εἷ’
3146 5239 3278 5273 ποτε
3334 5218 3557 5290 νηνεμία
3599 5211 3679 5268 καὶ
3726 5222 3808 5293 γοξτ

2195 5310 2335 5381 λήνη
2400 5311 2587 5385 βαθεῖα
2644 5307 2902 5361 παντοίαν
2988 5309 3302 5361 κατευνάσοι
3378 5302 3669 5381 τρικυμίαν,
3713 5285 3806 5347 οὐδ’

2194 5400 2365 5460 οὕτως
2449 5399 2648 5471 ἠρεμεῖ
2730 5396 2819 5451 καὶ
2907 5395 3181 5465 καθεύδει,
3242 5394 3390 5450 ἀλλά
3455 5399 3565 5453 τοῖς
3633 5385 3806 5479 ἐρέταιξ

2195 5486 2535 5564 ἐγκελεύεται
2614 5486 2713 5554 τὴν
2772 5483 2899 5540 ναῦν
2959 5484 3204 5539 ἐλαύνειν
3258 5490 3373 5547 τοῖς
3429 5481 3690 5564 ἐρετμοῖς,Δ
3728 5484 3799 5520 καί

2192 5561 2443 5655 παραινεῖ
2499 5577 2686 5651 νήφειν
2765 5572 2853 5629 διὰ
2920 5575 3143 5647 παντὸς,
3200 5573 3295 5629 ’ἱνα
3367 5573 3493 5635 τοὺς
3560 5561 3797 5655 κινδιξνους

2194 5650 2515 5745 διαδράντας
2560 5650 2689 5727 τοὺς
2716 5661 3185 5738 ναυτιλλομένους
3236 5663 3328 5719 σὺν
3387 5669 3498 5725 τοῖς
3536 5650 3796 5732 ἀγωγίμοις
