4020 6358
139 367 237 422 645

137 485 495 548 ιύπλοοῦντας
545 490 619 558 τῷ
674 485 859 560 λιμένι
919 487 1339 562 προσορμίσειεν
1372 505 1385 519 ⁸

136 574 363 650 καθάπερ
422 596 510 639 τις
564 574 798 640 αῗπόΛος
850 577 978 639 τοὺς
1036 577 1130 650 μὶν
1194 573 1564 649 λυμαντικοὺς
1617 581 1787 649 θῆρας

139 666 491 741 ἐφορμῶντας
540 664 771 740 αἰχμαῖς
822 665 1036 738 ἀμύνεις
1072 667 1164 720 καὶ
1218 662 1507 740 σφενδόνῃ,
1540 662 1628 719 καὶ
1687 684 1787 717 καο

142 754 389 829 λαύροπι,
443 754 537 807 καὶ
599 754 779 826 μέσων
838 760 1046 810 νυκτῶν
1106 755 1154 809 εἴ
1207 756 1509 828 πειραθεῖεν
1565 750 1787 825 ἐπιδρα-

146 849 274 918 μεῖν,
312 842 568 915 λαμπάσι
622 844 710 898 καὶ
755 844 925 919 πυρὸς
977 841 1250 907 ἀκοντίοις
1299 840 1637 898 δεδίττεται·
1691 862 1785 895 πε-

144 937 417 1009 ριφρουρεῖ
476 928 536 986 δὲ
584 933 653 987 τὰ
706 928 955 1009 πρόϐατα
1027 932 1202 1002 πάντη
1281 930 1619 1008 περιπολῶν,
1677 934 1783 985 τῶν

150 1023 231 1096 μὶν
277 1022 631 1097 φθοροποιῶν
680 1025 766 1077 καὶ
815 1027 1050 1097 νοσερῶν
1101 1022 1323 1097 ἀπάγων
1355 1025 1565 1093 νομῶν,
1597 1020 1683 1074 ἐπὶ
1730 1017 1787 1074 δὶ

145 1113 225 1172 τὰς
267 1111 635 1187 ὀνησιφόρους
677 1113 766 1167 καὶ
822 1111 1121 1174 καλλίστας
1176 1110 1319 1188 ἄγων
1355 1131 1367 1145 ·
1424 1110 1515 1166 καὶ
1573 1112 1634 1165 τὸ
1690 1110 1785 1183 μὲν

146 1202 296 1262 ἑστὼς
325 1202 415 1254 καὶ
458 1202 626 1277 ὑγιῶς
660 1198 786 1278 ἔχον
820 1200 1106 1279 φυλάττων
1142 1202 1342 1268 ἀσινὲς,
1370 1201 1433 1256 τὸ
1477 1198 1534 1254 δὲ
1562 1221 1785 1254 πεπτω-

146 1293 249 1356 κὸς,
278 1293 311 1360 ἢ
344 1292 665 1362 νενοσηκὸς,
700 1294 734 1363 ἢ
766 1292 1155 1365 τεθλασμένον,
1188 1292 1222 1361 ἢ
1256 1292 1783 1368 τετραυματισμένον

148 1381 518 1453 ἀνορθῶν,καὶ
573 1382 965 1459 περισφίγγων,
999 1381 1235 1458 ἀλείφων
1283 1402 1342 1436 τε
1391 1382 1481 1435 καὶ
1530 1380 1785 1452 ῗώμενοςο

148 1467 403 1530 πολλάκις
454 1466 515 1523 δὶ
563 1470 653 1525 καὶ
703 1475 810 1525 τῶν
849 1469 1066 1546 ὀνύχων
1096 1469 1187 1525 καὶ
1218 1468 1505 1543 στομάτων
1534 1473 1644 1523 τῶν
1700 1470 1790 1544 ἁρ-

144 1564 401 1613 πακτικῶν
462 1559 672 1635 θηρίων
733 1562 794 1616 τὸ
855 1562 1091 1638 ἁρπαγὲν
1148 1560 1378 1635 έμπνέον
1427 1557 1503 1615 ἔτι
1551 1560 1643 1615 καὶ⁹
1692 1581 1787 1615 πε-

147 1656 412 1725 ρισπαῖρον
463 1650 889 1724 ἀποσπώμενος,
938 1653 1029 1706 καὶ
1075 1653 1465 1727 ἀναζωπυρῶν,
1513 1652 1600 1705 καὶ
1670 1653 1785 1705 οἷον

146 1738 196 1792 ἐκ
239 1739 465 1793 θανάτου
518 1741 657 1811 πρὸς
712 1742 856 1809 ζωὴν
908 1740 1252 1814 ἀνακομίζων
1288 1758 1300 1771 ⁸
1351 1740 1442 1794 τὸν
1514 1739 1672 1795 αὐτὸν
1719 1736 1784 1809 δὴ

148 1827 328 1903 τρόπον
362 1830 389 1883 ὁ
421 1830 741 1907 σοφώτατος
786 1826 1123 1905 κυϐερνήτης
1170 1828 1349 1897 οὗτος,
1382 1830 1549 1884 οἱονεὶ
1587 1827 1785 1884 πλοῖον

152 1917 239 1983 τὴν
284 1915 586 1987 νεόπηκτον
668 1917 925 1987 οἰακίζειν
975 1916 1300 1989 Ἐκκλησίαν
1374 1918 1694 1993 προαχθεὶς,
1741 1918 1794 1977 ἒν

156 2006 287 2080 μέσῳ
339 2005 616 2080 πελάγους
677 2005 961 2069 κλύδωνος
1042 2007 1381 2081 πανταχόθεν
1447 2006 1796 2082 έπεγειρομέ-

146 2117 246 2161 νου,
313 2094 400 2148 καὶ
487 2094 733 2167 ποίμνης
808 2094 1042 2169 λογικῆς
1118 2099 1402 2170 νεογενοῦς
1486 2094 1793 2151 ἐπιστασίαν

148 2181 525 2254 ἐμπιπευθείς,
597 2190 697 2250 τῆς
776 2181 1180 2257 εἷ’δωλομανίας
1256 2184 1498 2259 ἰσχυρῶς
1573 2183 1795 2259 ἐπικρα-

146 2269 345 2338 τούσης,
376 2274 479 2323 τοῦ
541 2291 600 2325 τε
654 2270 918 2344 τυράννου
966 2273 1056 2327 καὶ
1112 2277 1219 2328 τῶν
1269 2278 1367 2328 τοῦ
1421 2273 1630 2346 κόσμου
1688 2295 1792 2347 μα-

144 2358 287 2412 ταίων
348 2364 563 2434 σοφῶν,
619 2360 709 2413 καὶ
786 2360 1057 2435 ῥητόρων,
1130 2366 1310 2437 θηρῶν
1396 2362 1790 2439 ἐμμανέστερον

148 2448 265 2502 κατὰ
308 2452 414 2502 τῶν
472 2446 528 2517 ἐξ
593 2446 898 2518 Ἰουδαϊκῆς
959 2449 1227 2515 σκιώδους
1279 2451 1697 2525 νομολατριίας,
1755 2455 1792 2523 ἢ

148 2543 233 2604 τῆς
279 2536 625 2606 Ἑλληνικῆς
679 2537 862 2600 ἀθείας
924 2537 1012 2593 έπὶ
1070 2540 1167 2608 τὴν
1217 2540 1292 2602 sic
1323 2542 1561 2616 Χριστὸν
1621 2542 1788 2616 εὐαγῆ

149 2624 303 2679 πίστιν
382 2625 876 2700 μεταφοιτώντων,
938 2628 1305 2701 μαινομένων,
1354 2627 1792 2702 εὐδοκιμώτατος

148 2715 460 2785 προστάτης,
522 2715 616 2769 καὶ
675 2717 1048 2791 γνησιώτατος
1106 2722 1203 2771 τοῦ
1266 2723 1510 2792 Χριστοῦ
1557 2722 1790 2792 ποιμὴν,

150 2802 225 2854 καὶ
280 2809 375 2870 τῆς
433 2804 813 2874 ἀποστολικῆς
871 2804 1193 2880 προεδρείας
1239 2808 1310 2868 ὡς
1363 2805 1588 2876 ἀληθῶς
1642 2807 1788 2879 ἄξιος

150 2888 441 2966 ἀνεδείχθη,
491 2894 587 2947 τὸν
649 2893 930 2956 θεόλεκτον
988 2894 1117 2950 λαὸν
1181 2893 1529 2970 κηδεμονικῷ
1584 2919 1642 2952 τε
1698 2900 1788 2953 καὶ

153 2977 493 3055 φιλαγρύπνῳ
542 2983 634 3037 καὶ
684 2983 970 3057 θαρσαλέῳ
1018 2985 1289 3059 περιέπων
1333 2990 1665 3065 φρονήματι,
1699 2990 1785 3045 καὶ

150 3070 236 3135 τὴν
284 3071 375 3142 μὲν
419 3077 527 3126 τῶν
566 3078 859 3150 προφανῶν
902 3081 1002 3143 τῆς
1052 3075 1288 3138 πίστεως
1334 3076 1392 3131 ἀ)
1410 3076 1665 3153 λοτρίων,
1698 3092 1786 3145 καὶ

148 3162 231 3211 τοῦ
286 3161 429 3214 θείου
483 3160 839 3238 κηρύγματος
916 3162 1167 3219 ἐναντίων
1229 3164 1554 3237 λυσσωδίαν,
1612 3172 1681 3241 τῇ
1729 3190 1787 3223 τε

1150 369 1345 435 VITA,
1384 365 1723 423 AUCTORE
1761 362 2131 421 MICHAELE
2168 360 2525 419 SYNGELO.

1447 484 1593 542 ἀλλὰ
1672 486 1780 559 μὴν
1810 487 1863 553 Α
1896 484 2073 541 etiam
2131 500 2197 541 ac
2254 484 2560 557 caprarius
2615 485 2831 557 aliquis
2881 488 3033 545 feras
3082 488 3447 561 perniciosas
3496 494 3555 548 et

3445 366 3552 420 646

1894 579 2258 647 grassantes,
2290 575 2552 645 cuspide,
2588 576 2788 646 funda,
2820 577 3100 649 virgaque
3152 580 3431 651 pastorali
3466 598 3554 637 ar-

1896 680 2056 729 cens,
2081 664 2130 718 si
2158 664 2367 719 mediis
2395 664 2663 720 noctibus
2690 666 3057 721 incursiones
3087 668 3273 724 facere
3305 675 3551 739 tentent,

1896 752 2122 809 facibus
2155 751 2408 825 telisque
2437 753 2623 825 igneis
2650 755 2899 821 territat,
2921 757 3175 811 custcdit
3198 763 3393 814 autem
3417 777 3551 816 oves

1898 841 2118 913 ubique
2141 841 2627 914 oberrando,illas
2647 860 2679 898 a
2700 844 2885 899 noxiis
2910 846 3147 916 pascuis
3170 848 3549 920 submovens,

1897 936 1954 987 et
1982 933 2235 988 utilibus
2267 938 2443 1005 atque
2476 934 2897 990 amoenissimis
2925 935 3239 993 inducens:
3266 941 3421 1010 quod
3457 941 3551 996 lir-

1900 1038 2061 1075 mum
2111 1026 2198 1077 est
2238 1026 2412 1094 atque
2460 1040 2695 1093 sanum,
2727 1030 3032 1079 conservat
3085 1024 3398 1093 incolume,
3430 1030 3550 1084 col-

1896 1109 2130 1182 lapsum
2155 1128 2309 1179 vero,
2328 1116 2383 1167 et
2404 1117 2714 1183 aegrotans,
2740 1117 2842 1167 aut
2864 1113 3117 1169 fractum
3148 1123 3245 1170 aut
3275 1116 3548 1172 vulnera-

1895 1203 2019 1254 tum
2055 1200 2280 1272 dirigit,
2307 1201 2675 1271 constringit,
2714 1201 2883 1274 ungit
2911 1206 2969 1257 et
3002 1208 3251 1275 reparat.
3290 1204 3552 1261 Plerum-

1872 1306 2009 1361 que
2039 1288 2193 1344 enim
2230 1290 2302 1343 ab
2335 1291 2633 1362 unguibus
2690 1297 2747 1345 et
2800 1308 2898 1346 ore
2945 1292 3195 1347 ferarum
3224 1294 3550 1365 rapacium,

1896 1378 2051 1448 quod
2083 1384 2312 1448 raptum
2346 1384 2455 1444 est,
2493 1396 2681 1450 neque
2741 1380 2977 1451 penitus
3026 1386 3116 1436 est
3161 1394 3553 1455 peremptum,

1897 1468 1998 1522 sed
2059 1468 2250 1522 adhuc
2309 1468 2492 1539 spirat
2540 1474 2597 1523 et
2646 1468 2913 1541 palpitat,
2954 1470 3169 1537 avellit,
3212 1477 3455 1541 recreat,
3497 1478 3555 1529 et

1896 1560 2180 1627 tanquam
2227 1558 2296 1612 de
2346 1563 2533 1614 morte
2583 1564 2654 1614 ad
2705 1558 2883 1613 vitam
2935 1565 3183 1615 revocat.
3217 1560 3333 1616 Hoc
3378 1564 3552 1619 modo

1897 1646 2377 1715 sapientissimus
2408 1647 2520 1702 iste
2550 1648 2914 1719 gubernator
2952 1648 3270 1705 Ecclesiam
3306 1656 3368 1705 ut
3399 1652 3555 1707 navi-

1898 1733 2060 1805 gium
2096 1751 2279 1806 nuper
2298 1742 2665 1808 compactum
2685 1737 2743 1791 in
2767 1736 2956 1793 medio
2981 1738 3126 1793 mari
3150 1739 3426 1795 ﬂuctibus
3450 1758 3555 1796 un-

1902 1824 2079 1895 dique
2108 1824 2522 1895 ingruentibus
2553 1842 2748 1895 regere
2776 1843 3091 1898 aggressus
3122 1832 3230 1893 est,
3262 1834 3319 1883 et
3361 1833 3552 1901 gregis

1909 1929 2097 1985 nuper
2135 1914 2258 1969 nati
2307 1914 2403 1985 qui
2458 1931 2698 1987 compos
2730 1922 2819 1971 est
2850 1916 3114 1983 rationis,
3148 1918 3551 1988 praefecturam

1904 2004 2113 2075 gessit.
2174 2003 2634 2059 Simulacrorum
2687 2004 2824 2059 item
2885 2004 3117 2060 insania
3181 2006 3556 2062 vehementer

1904 2090 2364 2163 ingravescente,
2389 2110 2521 2148 cum
2559 2094 2815 2166 tyranni,
2838 2099 2961 2149 tum
2995 2096 3310 2149 stultorum
3347 2096 3554 2150 mundi

1903 2181 2261 2251 sapientum,
2296 2198 2360 2236 ac
2406 2182 2731 2252 rhetorum,
2766 2183 2866 2253 qui
2916 2187 3119 2238 contra
3167 2200 3267 2238 eos
3317 2184 3438 2255 (qui
3486 2201 3556 2240 ex

1900 2269 2148 2325 Judaica
2174 2276 2229 2325 et
2258 2271 2561 2325 umbratili
2596 2272 2741 2343 legis
2772 2273 3197 2341 observatione,
3232 2273 3554 2345 gentilique

1902 2358 2227 2429 impietate,
2260 2360 2329 2414 ad
2382 2366 2643 2415 sanctam
2690 2361 2905 2416 Christi
2957 2362 3129 2416 fidem
3178 2361 3553 2432 trasplantati

1900 2450 2062 2517 sunt)
2118 2448 2417 2504 crudelius
2466 2466 2645 2520 quam
2692 2451 2821 2505 feras
2870 2450 3212 2521 desaeviunt,
3249 2451 3552 2521 praefectus

1901 2538 2049 2591 871
2112 2536 2586 2604 laudatissimus,
2656 2544 2712 2593 et
2778 2539 3276 2610 generosissimus
3334 2539 3551 2595 Christi

1900 2631 2120 2697 pastor,
2167 2631 2224 2681 et
2279 2626 2600 2698 apostolica
2658 2628 3004 2699 praefectura
3053 2646 3195 2684 sane
3242 2646 3418 2700 quam
3463 2629 3553 2684 di-

1898 2731 2051 2787 gnus
2118 2716 2449 2771 declaratus
2513 2720 2622 2782 est,
2675 2722 2732 2771 et
2776 2716 3021 2772 electum
3092 2718 3190 2771 Dei
3269 2717 3553 2790 populum

1900 2804 2243 2877 perspicaci,
2273 2803 2431 2875 vigili
2480 2822 2544 2860 ac
2596 2805 2886 2877 intrepido
2935 2806 3131 2862 animo
3181 2807 3349 2867 rexit.
3381 2814 3439 2863 et
3470 2808 3553 2862 fe-

1900 2896 2131 2951 ritatem
2185 2912 2385 2951 eorum
2437 2896 2535 2965 qui
2584 2895 2812 2968 profani
2859 2901 2917 2951 et
2964 2897 3138 2951 alieni
3178 2916 3207 2952 a
3248 2897 3363 2952 {ide
3412 2914 3555 2969 pra;-

1900 2984 2177 3041 dicalioni
2226 2984 2629 3054 adversantur,
2686 2984 3142 3057 purissimarum
3187 3002 3426 3057 precum
3460 3003 3558 3042 ce-

1898 3073 2185 3139 lebritate,
2210 3091 2275 3129 ac
2307 3074 2585 3146 loquendi
2618 3074 2906 3135 libertate.
2940 3080 3398 3146 sanctarumque
3431 3091 3558 3130 ma-

1900 3181 2083 3218 nuum
2131 3164 2491 3230 extensione,
2525 3180 2629 3219 nec
2685 3181 2800 3219 non
2852 3164 3110 3219 assiduis
3161 3181 3297 3237 erga
3348 3164 3555 3235 Deum,

149 3250 238 3298 τῶν
291 3251 687 3323 καθαρωτάτων
742 3251 830 3306 καὶ
906 3252 1388 3329 εύπαῤῥησιάστων
1462 3261 1783 3332 προσευχῶν

1902 3252 1993 3323 qui
2043 3253 2231 3323 ipsam
2292 3253 2555 3322 frangere
2606 3253 2896 3308 feritatem
2942 3257 3151 3323 potest,
3180 3234 3557 3325 supplicatio-

150 3334 361 3408 εὐτονίᾳ,
394 3339 482 3392 καὶ
530 3344 653 3401 ταῖς
700 3345 809 3395 τῶν
862 3342 1022 3396 ὁσίων
1070 3347 1275 3418 χειρῶν
1324 3345 1460 3418 πρὸς
1488 3346 1581 3400 τὸν
1631 3343 1789 3400 δυνά-

159 3443 299 3493 μενον
355 3427 571 3501 θραύειν
630 3428 801 3498 αύτῆν
869 3431 998 3486 Θεὸν
1082 3431 1321 3487 ἐκτάσεσι
1395 3434 1485 3488 καὶ
1558 3435 1788 3491 έκτενέσι

156 3508 377 3583 δεήσεσιν
408 3516 877 3591 ἀποτρεπόμενος.

209 3642 310 3708 Τὴν
363 3640 419 3697 δὲ
467 3650 580 3699 τῶν
627 3648 990 3720 προσχήματι
1054 3648 1149 3721 μὲν
1204 3647 1443 3720 οῗκείων,
1499 3652 1677 3726 έχθῶν
1730 3650 1787 3708 δὲ

151 3730 389 3787 κακίστων
446 3733 604 3790 οὐδὲν
662 3736 882 3808 ἄμεινον
931 3735 1312 3813 διακειμένων,
1360 3742 1449 3796 καὶ
1507 3738 1784 3818 προϐάτου

153 3816 233 3886 μὶν
287 3817 446 3897 δορὰν
506 3820 720 3878 ἔκτοθεν
780 3820 1290 3901 περιϐεϐλημένων,
1323 3825 1429 3902 ἕξιν
1480 3816 1781 3905 δὶτλύκου,

146 3905 219 3957 καιῖ
283 3912 507 3984 γνώμην
588 3907 795 3968 ἔνδοθεν
878 3914 1408 3991 βυσσοδομούντων,
1469 3919 1781 3997 εὐφώρατον

152 4000 260 4049 πᾶσι
290 4001 451 4063 τιθεῖς
482 4002 851 4079 κακοῤῥαφίαν
902 4025 960 4059 τε
1007 4006 1095 4060 καὶ
1148 4004 1464 4078 δολιότητα.
1506 4011 1610 4071 Τὰς
1662 4010 1782 4083 μέν·

149 4101 218 4135 τοι
247 4091 345 4141 τῶν
376 4096 647 4169 σοφιστῶν
676 4092 763 4146 καὶ
813 4092 1060 4169 ῥητόρων
1102 4099 1209 4149 τῶν
1261 4096 1396 4151 κατά
1440 4102 1542 4152 τοῦ
1603 4121 1781 4169 σωτη-

152 4169 253 4260 ρίου
301 4172 577 4252 δόγματος
634 4182 1026 4259 σοφιζομένων,
1056 4185 1144 4239 καὶ
1192 4182 1560 4250 διαλεκτικαῖς
1617 4186 1782 4260 μεθό-

152 4254 272 4330 δοις,
302 4276 636 4345 σοφιστικαῖς
680 4292 738 4325 τε
796 4272 882 4326 καὶ
936 4272 1255 4347 ῥητορικαῖς
1298 4273 1570 4347 δεινότησι
1631 4299 1781 4354 χρω-

158 4348 331 4422 μένων,
362 4358 670 4431 προτάσεις,
708 4358 979 4423 ἐνστάσεις
1036 4383 1093 4416 τε
1151 4363 1240 4417 καὶ
1300 4364 1591 4427 ἀντιθέσεις
1649 4369 1781 4441 ἀρά-

156 4453 274 4529 χνης
358 4446 501 4501 ἱστὸν
596 4446 913 4505 εὐδιάλυτον
979 4452 1166 4527 ἡγεῖτο
1225 4454 1313 4507 καὶ
1372 4452 1781 4529 εὐδιάθρυπτον,

161 4523 305 4621 ῥᾷστα
361 4530 771 4610 διασπαράττων
830 4539 917 4594 καὶ
980 4537 1220 4596 διαλύων
1275 4538 1472 4598 ἕκαστα
1527 4546 1593 4599 τά
1648 4548 1783 4621 πρὸς

1904 3342 2080 3397 nibus
2110 3342 2515 3396 commutavit.

1974 3652 2149 3702 Porro
2180 3662 2382 3702 eorum
2416 3645 2516 3717 qui
2548 3645 2869 3700 amicitiam
2921 3649 3264 3717 pratexunt,
3296 3663 3433 3702 cum
3466 3648 3557 3701 ni-

1901 3736 2020 3792 hilo
2079 3751 2207 3791 sese
2256 3735 2531 3807 pessimis
2591 3735 2860 3790 hostibus
2921 3735 3135 3789 melius
3194 3734 3470 3805 habeant,
3502 3740 3560 3792 et

1899 3825 2095 3880 ovium
2136 3824 2370 3896 quidem
2404 3823 2618 3896 pellem
2649 3824 2927 3894 exterius,
2963 3824 3088 3896 lupi
3118 3840 3251 3879 vero
3284 3824 3554 3880 habitum

1899 3914 2149 3969 interius
2179 3914 2579 3969 circumcincti
2612 3912 2859 3968 insidias
2893 3914 3090 3968 animo
3132 3918 3393 3984 struunt,
3426 3932 3557 3985 per-

1898 4004 2166 4076 Spicuum
2191 4005 2469 4060 omnibus
2502 4002 2700 4058 dolum
2732 4009 2789 4058 et
2820 4002 3085 4058 fraudem
3108 4003 3263 4058 fecit.
3284 4004 3556 4074 Proposi-

1897 4096 2085 4149 tiones
2116 4112 2264 4158 vero,
2298 4093 2654 4149 intentiones
2703 4109 2769 4147 ac
2821 4092 3223 4164 oppositiones
3254 4092 3556 4163 sophista-

1898 4201 2028 4238 rum
2056 4183 2475 4254 rhetorumque
2498 4187 2702 4236 contra
2723 4182 3045 4235 Servatoris
3078 4180 3403 4235 doctrinam
3434 4181 3555 4236 dis-

1897 4274 2242 4336 serentium,
2267 4288 2334 4327 ac
2365 4270 2686 4325 dialecticis
2717 4269 2950 4325 dicendi
2991 4269 3322 4325 rationibus
3354 4269 3554 4340 sophi-

1896 4362 2179 4433 sticisque
2211 4378 2275 4416 ac
2308 4359 2611 4415 rhetoricis
2658 4358 3022 4430 argumentis
3073 4358 3389 4429 utentium,
3423 4376 3555 4413 ara-

1897 4468 2019 4506 nete
2069 4451 2268 4516 telam,
2302 4467 2431 4521 quae
2480 4448 2721 4504 dissolvi
2772 4465 2836 4503 ac
2888 4448 3079 4520 frangi
3129 4446 3295 4503 facile
3345 4448 3556 4519 possit,

1895 4540 2279 4610 existimabat,
2312 4544 2369 4593 et
2407 4554 2608 4594 eorum
2662 4537 2886 4605 noxias,
2920 4536 3323 4592 cavillationes
3374 4543 3551 4608 atque

161 4612 312 4707 αύτῶν
343 4621 605 4698 κλεψίνοα
648 4628 1051 4704 σοφιστεύματά
1105 4651 1163 4684 τε
1223 4633 1312 4685 καὶ
1370 4628 1743 4707 προϐλήματα
1776 4656 1787 4668 ’

1903 4608 2273 4701 problemata
2307 4628 2542 4700 singula
2589 4627 2968 4696 dilacerabat,
3006 4632 3064 4681 et
3110 4625 3387 4681 facillime
3435 4626 3557 4681 dis-

164 4698 292 4796 ἀλλά
323 4711 424 4780 μὴν
458 4715 594 4791 πρὸς
624 4698 750 4779 τοὺς
781 4698 1081 4790 πολεμίους
1114 4723 1213 4785 τῆς
1240 4698 1481 4796 ἀτραπιοῦ
1527 4698 1627 4792 τῆς
1684 4746 1789 4779 σω-

165 4794 328 4885 τηρίας
402 4798 720 4880 ἐγρηγορὼς
796 4803 1045 4877 διετέλει,
1107 4812 1172 4881 τῇ
1234 4794 1638 4885 παντοδυνάμῳ
1694 4818 1789 4869 τοῦ

169 4882 290 4973 Bia-5‘
330 4890 413 4942 καὶ
471 4891 739 4966 βασιλέως
787 4897 947 4967 ἡμῶν
998 4898 1231 4972 Χριστοῦ
1280 4882 1577 4973 δυναστεία,
1611 4882 1791 4958 ἰκατα-

170 4968 384 5029 στέλλων
440 4980 615 5036 αὐτῶν
672 4984 733 5037 τὸ
794 4985 1074 5061 φρύαγμα,
1122 4986 1210 5041 καὶ
1277 4990 1375 5058 την
1436 4988 1793 5065 ψευδώνυμον

170 5062 338 5151 γνῶσιν
371 5063 693 5147 διελέγχων.
732 5073 831 5129 Καὶ
864 5076 987 5150 περῖ
1024 5074 1241 5131 πολλοῦ
1294 5078 1387 5151 μὲν
1416 5077 1655 5135 ἐποιεῖτο
1686 5086 1793 5136 τῶν

177 5147 597 5241 μαθητευομένων
639 5164 830 5236 ψυχῶν
886 5147 1184 5239 ἐξαλείφειν
1238 5147 1304 5220 τά
1370 5168 1560 5241 πρῴην
1621 5175 1798 5233 κακῶς

173 5227 540 5309 ἐνιτηιςιιινθέντα
594 5227 692 5313 τῆς
719 5227 1039 5322 ,ἀθεότητος
1081 5227 1169 5308 καὶ
1207 5227 1543 5331 βδελυγμίας
1591 5227 1799 5334 χαράγλ

179 5339 340 5425 ματα’
398 5338 775 5414 μετιγγράφειν
839 5340 896 5396 δὲ
949 5343 1017 5397 τὰ
1045 5351 1147 5413 τῆς
1204 5340 1504 5408 θεοσεϐείας
1555 5348 1644 5401 καὶ
1701 5356 1802 5419 τῆς

179 5423 512 5512 υτξερκξσμίου
544 5428 730 5497 σοφίας
781 5427 1110 5505 διδάγματα.
1144 5436 1232 5503 Μὴ
1284 5434 1412 5499 τοὺς
1452 5440 1692 5512 καρποὺς
1746 5436 1804 5495 δὶ

182 5505 357 5595 τξυνΑᾷ
409 5513 693 5588 παρεδίδου
751 5521 836 5574 καὶ
896 5518 1225 5591 ἐξεδίδασκιν
1279 5524 1544 5595 ἀπαιτεῖν,
1608 5528 1682 5590 ὡς
1743 5530 1801 5583 ἃν

188 5584 378 5691 οξηθείη
408 5584 509 5674 τις,
540 5605 734 5679 ἠμέλει
774 5626 786 5639 ’
820 5607 880 5662 οὐ
928 5584 1022 5683 μὶν
1054 5611 1168 5681 οὗν,
1198 5611 1342 5668 ἀλλὰ
1383 5584 1803 5691 δίχαιπράζξεων

188 5689 267 5739 τᾶς
317 5689 416 5743 τῶν
479 5694 630 5758 θείων
663 5694 843 5773 λόγων
877 5701 1105 5772 μυήσεις
1139 5689 1489 5777 ὑπαρχούσας
1538 5689 1802 5782 δένδροις,

1902 4720 2181 4775 solvebat.
2216 4720 2363 4784 Quin
2409 4718 2585 4773 etiam
2617 4718 2899 4771 adversus
2932 4716 3058 4770 vita:
3092 4714 3301 4770 salutis
3332 4715 3556 4783 hostes,

1906 4810 2002 4865 Dei
2026 4816 2081 4865 et
2104 4808 2257 4880 regis
2287 4808 2467 4862 nostri
2502 4807 2718 4862 Christi
2755 4806 3034 4877 potentia,
3063 4822 3189 4876 quaa
3221 4804 3421 4859 omnia
3454 4821 3558 4875 po-

1902 4899 2301 4970 test,vigilans
2337 4896 2713 4967 perdurabat,
2734 4894 3003 4949 fremitus
3036 4894 3269 4948 illorum
3304 4892 3559 4962 compri-

1906 5005 2094 5055 mens,
2128 4992 2183 5042 et
2216 4986 2344 5041 falsi
2382 4985 2638 5040 nominis
2683 4984 2989 5038 scientiam
3040 4981 3333 5037 refellens.
3368 4986 3561 5052 Atque

1908 5077 2143 5137 maximi
2183 5076 2420 5147 quidem
2469 5076 2680 5129 referre
2727 5073 3124 5137 existimabat,
3158 5071 3207 5125 si
3256 5070 3561 5126 cicatrices

1908 5166 2227 5237 impietatis
2262 5170 2318 5218 et
2349 5162 2828 5230 abominationis,
2862 5178 2989 5233 quae
3040 5176 3346 5232 perperam
3392 5164 3564 5214 antea

1910 5257 2122 5311 inusta
2159 5256 2409 5322 fuerant,
2444 5271 2477 5307 a
2508 5250 2934 5321 discipulorum
2972 5250 3185 5304 animis
3219 5249 3565 5315 aboleret,et

1912 5348 2121 5401 divinae
2155 5344 2407 5415 pietatis,
2441 5341 2813 5409 ccelesmsque
2842 5340 3140 5411 sapientia;
3175 5345 3461 5409 praecepta
3490 5336 3565 5391 il-

1914 5436 2104 5491 larum
2128 5434 2251 5488 loco
2274 5431 2652 5502 imprimeret.
2682 5430 2874 5500 Neque
2901 5446 3031 5483 vero
3063 5446 3266 5484 eorum
3291 5444 3418 5499 quae
3444 5434 3566 5481 tra-

1914 5525 2140 5580 diderat
2170 5528 2344 5592 atque
2377 5522 2675 5584 docuerat,
2710 5519 2934 5572 fructus
2964 5522 3055 5586 (ut
3108 5517 3319 5589 aliquis
3363 5515 3566 5571 existi-

1916 5630 2076 5669 mare
2117 5612 2336 5683 posset)
2387 5612 2644 5680 repetere
2694 5607 3066 5681 negligebat;
3122 5606 3364 5661 minime
3409 5620 3563 5672 vero,

1919 5702 2053 5777 quin
2084 5701 2416 5756 divinorum
2449 5713 2787 5754 sermonum
2832 5697 3132 5769 mysteria,
3164 5711 3295 5767 quae
3326 5709 3441 5749 non
3474 5707 3562 5747 re-
