4020 6358
513 349 620 404 647

1739 361 1799 413 S.
1839 356 2153 412 DIONYSII
2191 353 2697 410 AREOPAGITE.

3794 368 3883 423 6&8

506 479 595 531 cte
644 474 817 531 factis
863 476 1208 543 niterentur,
1242 480 1552 539 arboribus
1598 482 1867 539 foliorum
1914 480 2115 552 quider

2226 534 2234 546 _
2264 473 2491 554 φύλλων
2528 477 2623 549 μὶν
2657 474 2905 548 εύοαλείᾳ
2932 480 3206 549 κομῶσιν,
3232 477 3494 552 ἀκαρπίαν
3544 478 3599 537 δὶ
3646 491 3883 564 νοσοῦσιν,

507 565 772 621 ubertate
802 564 1043 636 ornatis,
1076 571 1349 623 caeterum
1402 570 1703 626 sterilitate
1751 570 2155 625 laborantibus

504 652 723 709 similia
761 670 889 709 esse
948 656 1337 723 asseverabat,
1372 662 1428 712 et
1478 659 1653 715 ﬁdem
1703 658 1830 713 sine
1878 658 2154 729 operibus

502 747 796 798 mortuam
831 759 959 800 esse
992 746 1265 814 ducebat,
1289 746 1567 819 istudque
1598 748 1654 803 in
1691 747 1897 820 primis
1936 747 2152 803 doctri-

500 831 752 887 naillius
774 834 1099 905 spectabat,
1122 835 1207 889 uti
1239 834 1439 891 ﬁdeles
1468 838 1878 892 mandatorum
1902 853 2029 893 sese
2050 837 2152 892 ob-

496 922 929 979 servationibus
986 924 1363 994 decorarent;
1396 942 1585 997 neque
1618 925 1798 981 ullum
1834 926 1990 981 aliud
2023 942 2151 981 cer-

496 1014 614 1067 tius
664 1018 1079 1084 argumentum
1126 1014 1363 1070 sincerae
1406 1021 1463 1071 et
1494 1016 1724 1072 stabilis
1758 1017 1813 1071 in
1849 1017 2149 1072 Christum

500 1100 635 1156 ﬁdei
665 1106 723 1156 et
752 1102 1082 1159 dilectionis
1129 1104 1378 1160 existere
1432 1106 1684 1172 dicebat,
1716 1107 2040 1161 admonens
2088 1111 2152 1161 ut

493 1189 852 1247 horrendum
901 1190 1164 1248 futurum
1208 1194 1505 1264 judicium
1560 1196 2059 1267 pertimescerent,
2090 1196 2149 1250 in

493 1296 611 1351 quo
642 1281 894 1353 quisque
920 1286 1095 1353 prout
1130 1282 1337 1338 vixerit
1368 1289 1469 1339 aut
1498 1286 1699 1357 egerit,
1736 1285 2021 1341 rationem
2062 1290 2152 1341 est

493 1368 865 1425 redditurus:
899 1374 956 1425 et
986 1387 1116 1425 eum
1152 1372 1393 1443 quidem
1442 1375 1545 1445 qui
1593 1380 1810 1429 rectam
1844 1375 2020 1431 ﬁdem
2052 1392 2149 1431 cu.

488 1456 775 1525 stodierit,
806 1463 863 1514 et
900 1458 1081 1515 vitam
1132 1460 1466 1517 Christiano
1520 1463 1642 1519 viro
1692 1470 2147 1521 consentaneum

488 1547 889 1619 egerit,atqua
914 1549 1254 1622 incorrupto
1278 1551 1469 1621 judici
1503 1557 1655 1608 recte
1707 1554 1875 1609 factis
1909 1554 2147 1625 placue-

488 1635 584 1701 rit,
612 1641 951 1707 perpetuam
979 1638 1268 1695 bonorum
1294 1658 1420 1696 vere
1451 1642 1751 1698 beatorum
1785 1643 2144 1716 voluptatem

485 1730 925 1795 percepturum.
969 1728 1075 1791 Qui
1128 1745 1264 1785 vero
1317 1731 1542 1801 Optima
1588 1732 1715 1787 vitae
1768 1733 2056 1802 instituta,
2091 1739 2147 1789 et

484 1829 662 1885 opera
685 1815 817 1870 fidei
843 1833 953 1871 non
976 1818 1326 1889 adjunxerit,
1347 1821 1444 1875 sed
1485 1820 1637 1876 hanc
1668 1822 1793 1876 vitae
1826 1823 1980 1878 378
2014 1830 2137 1878 tur-

483 1903 753 1974 pitudine
783 1907 1433 1978 contaminarit,justas
1461 1910 1618 1965 hunc
1651 1912 1891 1982 propriae
1933 1929 2132 1969 amen-

482 1993 575 2047 tiaa
636 2010 836 2064 pmnas
893 1996 1194 2063 daturum,
1226 2003 1280 2052 et
1321 2000 1692 2055 severissimo
1740 2017 1805 2056 ac
1854 2007 2131 2073 perpetuo

481 2083 745 2137 cruciatu
792 2087 1183 2155 torquendum
1220 2087 1431 2143 aiebat.
1466 2088 1682 2146 Omnes
1716 2092 1931 2146 docens
1963 2091 2132 2147 insti-

478 2174 768 2242 tuensque
790 2174 962 2243 juxta
992 2176 1388 2247 evangelicam
1430 2179 1606 2233 vitam
1640 2184 1697 2234 et
1726 2180 2127 2252 apostolorum

476 2260 855 2317 traditionem
887 2264 1193 2320 ambulare
1223 2270 1400 2338 atque
1428 2267 1613 2324 vivere
1640 2274 1966 2341 opportune
1989 2288 2128 2341 pra;-

474 2348 785 2406 dicationis
820 2368 1156 2409 mensuram
1185 2355 1243 2409 in
1264 2356 1489 2427 judicio
1514 2357 1851 2429 disponens.
1872 2359 2014 2414 Nam
2042 2360 2125 2414 in-

471 2437 662 2492 fantes
695 2437 897 2494 habitu
934 2456 1251 2513 recensque
1285 2448 1455 2499 natos
1488 2445 1656 2514 lacte,
1688 2447 1794 2502 hoc
1843 2453 1931 2501 est
1977 2449 2125 2502 sim-

468 2525 812 2596 plicioribus
860 2536 916 2585 et
961 2532 1168 2600 primis
1226 2533 1657 2591 elementorum
1717 2539 2117 2595 rudimentis:

466 2620 634 2670 astate
663 2633 799 2673 vero
830 2622 1130 2690 perfectos,
1155 2623 1251 2693 qui
1276 2624 1459 2679 virilis
1478 2626 1591 2679 cibi
1624 2643 1867 2698 capaces
1900 2632 2117 2692 essent,

468 2709 672 2775 utpote
704 2707 803 2777 qui
836 2724 1073 2780 corpore
1105 2710 1283 2766 simul
1316 2718 1373 2767 et
1404 2714 1601 2769 animo
1658 2717 1837 2787 probe
1867 2723 2001 2771 ante
2027 2735 2119 2772 es-

468 2800 600 2847 sent
632 2796 883 2865 purgati,
910 2799 1161 2868 perfecta
1182 2805 1236 2855 et
1258 2818 1468 2855 arcana
1503 2804 1790 2874 sapientia
1823 2807 2118 2861 nutriebat

467 2882 601 2953 plus
633 2885 894 2940 moribus
926 2903 1073 2957 quos
1094 2887 1149 2941 in
1175 2890 1371 2959 seipso
1405 2895 1913 2963 praemonstrabat,
1936 2911 2107 2965 quam

465 2986 736 3026 sermone
768 2974 1005 3044 docens,
1040 2977 1264 3046 optima
1295 2979 1526 3035 virtutis
1583 2982 1771 3037 forma
1819 2984 1980 3056 gregi
2032 2986 2113 3039 fa-

465 3064 616 3115 ctus.
651 3061 971 3117 Commune
1001 3066 1153 3120 enim
1190 3067 1455 3125 Ecclesiae
1502 3087 1735 3142 corpus,
1765 3074 1918 3144 quod
1956 3074 2113 3129 mul-

463 3152 540 3205 tis
570 3151 864 3224 variisque
895 3171 1027 3211 cum
1061 3158 1334 3227 gentibus
1365 3166 1421 3214 et
1453 3161 1736 3230 moribus,
1771 3170 1895 3219 tum
1937 3165 2110 3220 insti-

2167 1870 2214 1934 Β

2263 563 2494 619 ἐοικέναι
2544 562 2913 641 διισχυρίζετο
2947 587 2959 599 ·
3008 565 3097 619 καὶ
3153 566 3255 635 τὴν
3308 568 3485 623 πίστιν
3518 571 3686 648 χωρὶς
3737 562 3882 652 ἔργων

2264 656 2396 709 εἶναι
2449 654 2638 731 νεκρὰν
2682 652 3037 725 ἐξεπαίδευεν,
3094 657 3479 730 ὑποτιθέμενος
3538 668 3730 736 χρῆναι
3780 668 3884 732 τοὺς

2260 742 2484 805 πιστοὺς
2519 750 2743 818 κοσμεῖν
2775 743 2999 807 ἑαυτοὺς
3035 749 3153 807 ταῖς
3183 749 3292 800 τῶν
3343 744 3580 803 ἐντολῶν
3634 755 3883 831 τηρήσεσι,

2261 834 2349 887 καὶ
2414 832 2581 906 μηδὲν
2647 834 3026 910 ἐναργέστερον
3086 832 3227 890 ἄλλο
3260 833 3295 904 ἢ
3329 840 3491 890 τοῦτο
3536 844 3881 912 καθεστηκέναι

2259 929 2359 991 τῆς
2389 921 2718 1002 ἀκραιφνοῦς
2748 924 2837 978 καὶ
2896 918 3116 999 βεϐαίας
3147 924 3221 986 εἷς
3258 927 3491 1000 Χριστὸν
3546 928 3767 996 πίστεως
3810 937 3880 989 καὶ

2262 1010 2473 1087 ἀγάπης
2506 1013 2815 1087 γνώρισμα,
2848 1014 2937 1068 καὶ
2972 1010 3202 1068 δεδιέναι
3234 1021 3501 1079 νουθετῶν
3536 1017 3615 1071 ἀεὶ
3662 1020 3719 1073 τὸ
3769 1022 3881 1093 μέλ.

2262 1098 2356 1155 λον
2387 1099 2655 1178 φρικῶδες
2706 1098 3122 1179 δικαιωτήριον,
3153 1105 3269 1167 καθ’
3302 1104 3330 1159 ὃ
3389 1109 3497 1159 τῶν
3563 1102 3877 1181 βεϐιωμένων

2257 1209 2316 1243 τε
2364 1189 2455 1243 καὶ
2515 1193 2914 1267 πεπραγμένων
2946 1192 3378 1263 ἀπαιτηθήσεται
3431 1193 3593 1271 λόγον
3639 1194 3839 1261 ἳκαστος
3867 1220 3877 1231 ·

2257 1276 2346 1332 καὶ
2406 1278 2465 1342 ὃς
2524 1279 2619 1352 μὶν
2683 1279 2849 1355 ὀρθὴν
2910 1280 3087 1336 πίστιν
3143 1280 3400 1359 φυλάξας,
3448 1298 3875 1364 χριστιανοπρεπῆ

2261 1364 2601 1438 μετελήλυθε
2635 1369 2774 1443 ΙΞὶίον,
2799 1371 2889 1425 καὶ
2915 1376 2996 1443 τῶ
3028 1368 3305 1444 ἀδεκάστῳ
3361 1377 3525 1448 κριτῇ
3572 1381 3682 1437 τοῖς
3728 1374 3875 1451 ἔργοις

2255 1456 2603 1531 εύηρὲστησε,
2632 1459 2729 1528 τὴν
2761 1464 2867 1514 τῶν
2903 1456 3074 1523 ὅντως
3108 1462 3394 1537 μακαρίων
3451 1462 3664 1538 ἀγαθῶν
3713 1462 3873 1521 διαιω-

2253 1545 2504 1614 νίζουσαν
2538 1545 2742 1622 χλιδὴν
2792 1547 3136 1623 ἀπολήψεται
3169 1567 3183 1582 ⁶
3217 1551 3277 1612 ὃς
3311 1547 3367 1605 δὲ
3402 1551 3481 1623 μή
3510 1555 3579 1625 τῇ
3610 1553 3773 1607 πίστει
3796 1558 3874 1624 την

2255 1632 2478 1709 ἀρίστην
2512 1635 2791 1693 πολιτείαν
2823 1638 2913 1692 καὶ
2949 1638 3139 1713 πρᾶξιν
3199 1638 3558 1715 προσέθηκεν,
3583 1639 3721 1697 ἀλλὰ
3763 1644 3869 1698 ταύ-

2252 1743 2350 1792 την
2378 1727 2446 1797 τῇ
2478 1724 2639 1796 κακίᾳ
2693 1728 3015 1803 κατέχρανε,
3046 1728 3146 1797 τήν
3189 1728 3342 1799 ἀξίαν
3392 1736 3493 1798 τῆς
3547 1728 3683 1795 ἰδίας
3734 1728 3868 1787 ἀϐελ-

2252 1812 2444 1885 τηρίας
2475 1813 2936 1891 εἶσπραχθήσεται
2990 1814 3171 1887 δίκην,
3203 1814 3462 1873 ἀνένδοτά
3515 1840 3573 1873 τε
3627 1820 3710 1874 καὶ
3762 1822 3868 1877 ἀπὲ-

2247 1921 2412 1975 ραντα
2473 1901 2898 1976 κολασθήσεται.
2969 1907 3177 1969 Πάντας
3226 1907 3331 1982 γὰρ
3392 1905 3745 1983 ἐπαιδαγώγει
3797 1912 3867 1964 καὶ

2244 1989 2535 2066 έρῥύθμιζε
2564 1996 2700 2049 κατὰ
2730 1995 2829 2063 τήν
2881 1994 3245 2069 ιύαγγελικήν
3293 1993 3534 2072 βαδίζειν
3582 1993 3863 2073 τρίϐον,καὶ

2240 2082 2375 2134 κατὰ
2405 2084 2503 2151 τὴν
2538 2083 2914 2155 ἀποστολικήν
2949 2080 3195 2139 διαϐιοῦν
3244 2083 3571 2159 παράδοσιν,
3603 2089 3729 2141 κατὰ
3765 2109 3863 2142 και-

2242 2170 2333 2245 ρὸν
2394 2170 2703 2246 οἰκονομῶν
2759 2172 2811 2228 ἐν
2864 2174 3037 2249 κρίσει
3095 2179 3191 2229 τοῦ
3234 2172 3409 2250 λόγου
3439 2176 3501 2230 τὸ
3535 2176 3861 2251 σιτομέτριον·

2234 2260 2361 2321 τοὺς
2424 2261 2517 2333 μὲν
2579 2263 2680 2338 γὰρ
2733 2257 2810 2318 ἔτι
2865 2265 2965 2333 τήν
3011 2260 3118 2336 ἕξιν
3169 2263 3402 2334 νηπίους
3459 2264 3548 2319 καὶ
3590 2266 3859 2341 ἀρτιπαγεῖς

2235 2344 2422 2426 ἔτρεφε
2468 2348 2722 2423 γάλακτι,
2772 2357 2888 2414 τοῖς
2935 2350 3331 2427 ἁπλουστέροις
3382 2353 3527 2431 φημὶ
3592 2353 3677 2408 καὶ
3730 2376 3851 2408 στοι-

2232 2435 2650 2514 χειωδεστέροις
2679 2438 2978 2515 διδάγμασι
3008 2460 3020 2473 °
3050 2440 3177 2503 τοὺς
3212 2438 3267 2496 δὲ
3311 2439 3558 2504 τελείους
3606 2443 3697 2511 τὴν
3742 2441 3849 2511 ἡλι-

2228 2527 2373 2597 κίαν,
2409 2528 2497 2581 καὶ
2531 2531 2630 2597 τήν
2666 2527 2882 2603 ἀνδρίαν
2926 2530 3146 2593 ἱκανοὺς
3202 2530 3596 2609 προσφέρεσθαι
3653 2532 3847 2608 τΡοῨῆνι

2230 2617 2320 2669 ἅτε
2380 2614 2445 2685 δὴ
2506 2616 2691 2679 καλῶς
2744 2621 2903 2692 σῶμά
2958 2641 3016 2675 τε
3054 2621 3141 2674 καὶ
3198 2621 3385 2694 ψυχήν
3443 2618 3849 2696 προκεκαθαρμέ-

2226 2725 2374 2774 νους,
2408 2710 2474 2780 τῇ
2508 2706 2689 2779 τελείᾳ
2718 2708 2815 2763 κπὶ
2852 2712 3086 2782 μυστικῇ
3135 2710 3317 2786 σοφίᾳ,
3347 2715 3430 2779 τῷ
3479 2710 3664 2786 τρόπῳ
3710 2710 3846 2763 πλέον

2227 2790 2323 2864 ὢν,
2354 2793 2406 2849 ἐν
2452 2796 2626 2869 ἑαυτῷ
2675 2795 3016 2871 προεδείκνυ,
3050 2800 3338 2873 χαρακτὴρ
3402 2800 3617 2873 ἄριστος
3682 2800 3847 2873 ἀρετῆς

2223 2890 2338 2945 τοῖς
2371 2887 2823 2959 ποιμαινομένοις
2851 2886 3198 2960 γιγνόμενος,
3232 2886 3266 2956 ἢ
3299 2891 3377 2958 τῷ
3401 2886 3556 2961 λόγῳ
3587 2884 3841 2941 διδάσκων

2221 2977 2317 3026 τοῦ
2348 2974 2446 3050 γὰρ
2488 2980 2678 3029 κοινοῦ
2724 2983 2823 3045 τῆς
2852 2973 3183 3046 Έκκλησίας
3230 2977 3487 3049 σώματος
3538 2975 3595 3030 ἐκ
3648 2974 3844 3030 πολλῶν

2221 3064 2310 3118 καὶ
2365 3062 2637 3144 διαφόρων
2686 3066 2869 3133 ἐθνῶν,
2901 3068 2991 3120 καί
3041 3068 3210 3135 ἠθῶν,
3243 3066 3332 3119 καὶ
3383 3066 3601 3141 τρόπων
3649 3066 3731 3119 καὶ
3773 3062 3843 3117 λό-

2219 3175 2329 3229 γων
2382 3155 2757 3229 συγκειμένου,
2790 3152 3046 3228 κηδεμὼν
3099 3152 3307 3217 ἁπλοῦς
3360 3155 3428 3224 ἦν
3489 3156 3517 3210 ὁ
3574 3152 3841 3220 αύτὸς,καὶ

464 3238 609 3295 tutis
658 3246 715 3296 et
762 3240 991 3313 legibus
1039 3252 1286 3316 constat,
1320 3248 1445 3320 ipse
1478 3251 1748 3324 simplex,
1781 3254 2105 3327 multiplex,

2226 3241 2589 3312 παντοδαπὸς,
2622 3245 2709 3298 καὶ
2769 3242 3024 3306 ποικίλος
3059 3263 3071 3275 ’
3106 3244 3314 3305 ἁπλοῦς
3366 3245 3461 3317 μὲν
3492 3248 3560 3317 τῇ
3593 3243 3837 3317 ὀρθότητι,

464 3332 521 3384 et
548 3330 746 3386 varius
776 3333 1143 3403 gubernabat
1194 3337 1450 3410 Simplex
1481 3341 1717 3411 quidem
1759 3343 2107 3401 rectitudine

456 3423 514 3472 et
571 3419 835 3488 veritate,
887 3422 959 3477 ab
1006 3426 1164 3478 omni
1224 3430 1479 3483 versutia
1526 3434 1581 3484 et
1634 3432 1834 3486 fraude
1882 3432 2105 3489 alienus

456 3507 764 3563 exsistens.
804 3510 1013 3567 Varius
1054 3519 1245 3569 autem
1305 3517 1461 3571 omni
1510 3524 1676 3574 rectas
1727 3521 2102 3577 administra-

453 3597 631 3651 tionis
662 3603 722 3652 et
755 3601 1107 3669 praefecturis
1140 3604 1387 3659 artiﬁcio
1419 3614 1612 3676 aptam
1648 3609 1898 3681 singulis
1930 3629 2100 3666 cura-

448 3685 665 3740 tionem
697 3693 752 3741 et
774 3688 999 3743 vivendi
1036 3692 1320 3747 rationem
1357 3696 1632 3763 afferens;
1660 3704 1717 3751 et
1738 3700 1834 3752 uni
1861 3700 2097 3771 quidem

446 3775 856 3842 aegrotantium
895 3794 1095 3845 unam,
1128 3779 1293 3835 alteri
1339 3800 1471 3836 vero
1522 3784 1767 3840 alteram
1802 3787 2095 3843 salubrem

449 3862 800 3918 medicinam
862 3867 1156 3937 sapienter
1229 3873 1673 3943 necessarioque
1732 3875 2095 3932 admovebat.

450 3952 593 4007 Nam
629 3958 685 4007 et
716 3962 1016 4011 currentes
1060 3957 1425 4029 hortabatur,
1457 3967 1520 4015 ut
1550 3979 1749 4018 eorum
1785 3982 1909 4034 qua:
1943 3972 2095 4022 retro

439 4044 579 4095 sunt
610 4041 796 4109 obliti,
818 4043 886 4097 ad
920 4046 1211 4101 anteriora
1234 4049 1719 4117 extenderentur;
1756 4069 1961 4108 rursus
1984 4060 2097 4109 tor-

438 4132 643 4198 pentes
693 4130 1053 4205 ignavosque
1082 4136 1150 4189 ad
1186 4136 1574 4193 imitationem
1630 4141 1808 4210 probe
1859 4159 2093 4197 curren'

442 4215 588 4271 tium
641 4218 998 4289 impellebat.
1052 4223 1210 4285 Quod
1246 4225 1294 4279 si
1327 4228 1448 4281 ovis
1482 4231 1551 4281 ab
1586 4228 1720 4283 ovili
1753 4229 1951 4301 aliqua
1980 4233 2095 4287 exi-

438 4303 619 4371 lisset,
675 4306 962 4380 longeque
1011 4312 1356 4383 aberrasset,
1393 4316 1448 4369 in
1502 4318 1925 4373 solitudinibus
1979 4323 2088 4374 cir-

444 4397 773 4450 cumeundo
824 4398 1232 4471 investigabat,
1264 4410 1315 4457 et
1343 4404 1537 4457 ﬁstula
1584 4423 1649 4461 ac
1698 4408 2089 4477 pastoralibus

436 4483 809 4540 cantionibus
853 4490 1179 4558 revocabat,
1213 4492 1527 4564 omniaque
1562 4496 1874 4566 peragebat
1902 4506 1954 4551 et
1988 4514 2086 4568 pa-

2216 3332 2304 3386 καὶ
2338 3331 2569 3405 ἀληθείᾳ
2607 3335 2786 3404 πάσης
2836 3333 3210 3404 ὑπουλότητος
3258 3334 3348 3387 καὶ
3399 3331 3633 3402 διπλόης
3687 3330 3839 3399 ἀπηλ-

2215 3420 2489 3496 λαγμένος
2527 3445 2537 3456 ·
2572 3421 2825 3478 ποικίλος
2860 3421 2916 3478 δὲ
2945 3428 3012 3497 τῇ
3060 3431 3163 3493 τῆς
3221 3423 3491 3499 εὐστόχου
3552 3419 3839 3491 διοικήσεως

2213 3513 2300 3564 καὶ
2333 3512 2663 3586 προστασίας
2714 3512 3030 3587 εύμηχανίᾳ
3086 3514 3183 3581 τὴν
3242 3509 3600 3581 κατάλληλον
3660 3511 3837 3579 ἑκάστῳ

2210 3602 2534 3679 προσφέρων
2598 3602 2907 3677 θεραπείαν,
2966 3602 3053 3655 καὶ
3117 3599 3346 3672 δίαιταν,
3394 3601 3484 3655 καὶ
3541 3604 3643 3654 τῶν
3696 3602 3836 3671 ψυχιο

2208 3695 2320 3751 κῶς
2376 3690 2875 3763 ἀσθενούντων,τῴ
2939 3693 3031 3764 μὲν
3084 3691 3266 3758 τοῦτο,
3309 3694 3391 3761 τῷ
3450 3687 3507 3744 δὲ
3555 3689 3735 3753 ἐκεῖνο,
3764 3707 3834 3738 σο-

2208 3784 2325 3855 φῶς
2373 3780 2462 3833 καὶ
2514 3777 2838 3849 ἐπιτηδείως
2884 3774 3205 3855 προσνέμων
3257 3776 3596 3833 ἀκεσώδυνον
3642 3778 3832 3853 φάρμα-

2206 3888 2299 3921 κον
2336 3887 2349 3899 '
2382 3868 2507 3929 τούς
2537 3890 2592 3924 τε
2630 3869 2733 3943 γὰρ
2785 3866 3186 3944 εύδρομοῦντας
3234 3865 3547 3935 ἐπέσπευδε,
3573 3870 3674 3919 τῶν
3728 3860 3830 3917 ὄπι-

2206 3968 2323 4019 σθεν
2398 3956 2926 4030 ἐπιλανθανομένους
3004 3962 3122 4018 τοῖς
3194 3954 3498 4029 ἔμπροσθεν
3558 3952 3826 4009 ἐπεκτείνε-

2203 4049 2325 4099 σθπιι
2359 4065 2370 4077 ⁸
2405 4046 2533 4107 τοὺς
2567 4045 2613 4100 δ’
2647 4046 2710 4101 αὖ
2737 4049 2927 4108 νωθεῖς
2954 4067 3011 4100 τε
3041 4044 3128 4099 καί
3161 4045 3429 4121 νωχελεῖς
3458 4046 3593 4119 πρὸς
3624 4043 3825 4116 μίμησιν

2200 4140 2311 4190 τῶν
2369 4136 2555 4199 καλῶς
2606 4137 2913 4212 τρεχόντων
2970 4137 3337 4210 παρώτρυνεν.
3400 4132 3471 4189 Ei’
3528 4156 3577 4189 τι
3634 4130 3686 4186 δὲ
3734 4134 3822 4183 τῶν

2200 4220 2491 4295 προϐάτων
2556 4233 2655 4290 τῆς
2738 4223 2973 4300 μάνδρας
3052 4225 3429 4299 ἀποσκιρτῴη,
3488 4225 3573 4278 καὶ
3646 4218 3824 4293 μακρὰν

2199 4314 2587 4387 ἀποπλανῷτο,
2625 4315 2712 4369 ἐπὶ
2761 4318 2853 4377 τὰς
2908 4314 3154 4391 ἐρήμους
3205 4315 3480 4389 ἀνίχνευεν
3529 4312 3614 4367 καὶ
3665 4329 3822 4384 περιε-

2196 4402 2394 4457 νόστει.
2455 4405 2524 4475 τῇ
2570 4425 2627 4458 τε
2685 4403 2922 4479 σύριγγι,
2980 4403 3069 4457 καὶ
3159 4403 3278 4464 τοίς
3346 4405 3575 4476 νομίους
3631 4398 3820 4473 μέλεσιν

2198 4491 2535 4562 ἀνεκαλεῖτο,
2569 4492 2657 4547 καὶ
2710 4490 2839 4567 ἕδρα
2887 4493 3077 4563 πάντα,
3110 4493 3199 4546 καὶ
3250 4489 3483 4567 ἔπασχεν
3528 4489 3627 4553 ἕως
3669 4486 3723 4541 ἂν
3771 4482 3820 4536 τῖι

435 4570 711 4643 tiebatur,
775 4578 839 4629 ut
895 4594 1019 4647 quas
1078 4586 1388 4649 erraverat,
1440 4590 1788 4641 servaretur.
1844 4587 2084 4642 Manum

2226 4580 2557 4655 πλανώμενον
2585 4582 2951 4653 ἀνασώσηται.
2986 4586 3151 4657 Χεῖρα
3184 4580 3241 4636 δὲ
3295 4587 3412 4643 τοῖς
3464 4588 3560 4649 τῆς
3618 4576 3816 4638 εὐθείας,

432 4674 567 4714 vero
601 4661 673 4716 iis
703 4662 800 4733 qui
836 4682 868 4719 a
903 4672 1062 4721 recta
1092 4669 1182 4723 via
1223 4670 1616 4737 deﬂexissent,
1648 4674 2001 4745 porrigebat,
2035 4682 2091 4731 et

431 4745 598 4803 humi
624 4750 894 4821 jacentes
926 4756 1199 4827 erigebat.

506 4874 790 4932 Ceterum
824 4882 1180 4950 quamjuste
1207 4882 2089 4959 delinquentes,insolentesque

428 4966 487 5018 et
518 4980 753 5022 aversos
785 4984 818 5021 a
848 4969 1164 5040 disciplina
1187 4971 1657 5042 reprehenderet,
1678 4977 2089 5046 quomodoque

428 5067 530 5107 eos
580 5054 748 5124 quia
780 5056 1063 5127 proximis
1112 5059 1330 5130 injuria
1379 5060 1753 5115 afﬁcerentur
1796 5064 2086 5135 opprime-

433 5146 755 5214 renturque
805 5145 1149 5211 vindicaret,
1182 5153 1520 5219 quantaque
1570 5149 1626 5203 in
1677 5151 2087 5223 delinquentes

431 5227 745 5288 clementia
777 5240 1066 5301 uteretur,
1090 5238 1314 5292 cunctis
1348 5238 1701 5308 poenitentiae
1722 5247 1918 5311 portas
1939 5261 2084 5313 pan-

428 5318 640 5390 dendo,
680 5324 821 5378 dum
856 5340 957 5380 eos
989 5326 1087 5396 qui
1119 5327 1867 5384 converterenturlibenter
1885 5331 2083 5387 hilari-

426 5412 633 5479 terque
667 5416 948 5482 tanquam
976 5414 1184 5469 Christi
1222 5415 1485 5471 imitator
1515 5416 1873 5484 admitteret,
1894 5426 1951 5475 et
1971 5421 2082 5477 No-

422 5498 537 5552 vati
574 5500 847 5557 duritiem
881 5518 946 5557 ac
976 5505 1291 5575 superbam
1324 5506 1660 5573 elationem,
1690 5507 1790 5562 ubi
1824 5510 2078 5579 primum

422 5587 663 5645 verbum
695 5590 797 5646 Dei
828 5593 1142 5663 praedicare
1172 5611 1487 5667 aggressus
1514 5598 1623 5663 est,
1654 5614 1689 5651 a
1737 5599 1921 5654 sacris
1949 5618 2084 5658 mce-

422 5678 600 5736 nibus
630 5680 961 5754 ablegaret;
996 5684 1179 5740 oratio
1212 5686 1608 5742 narrationem
1642 5703 1847 5745 eorum
1882 5706 2010 5762 quae
2050 5710 2082 5750 a

2199 4670 2674 4727 ἀπολισθαίνουσιν
2738 4670 2935 4747 ὤρεγε,
2991 4672 3078 4725 καὶ
3133 4671 3263 4732 τοὺς
3322 4670 3501 4745 χαμαὶ
3566 4665 3818 4737 κειμένους

2198 4760 2464 4835 ἀνώρθου.

2270 4886 2400 4944 Ο’ίαν
2475 4885 2531 4942 δὲ
2605 4889 2743 4963 πρὸς
2819 4888 2947 4950 τοὺς
3007 4884 3322 4949 ἀδικοῦντας
3373 4886 3461 4941 καὶ
3520 4877 3814 4958 θρασυνομέ-

2197 4998 2347 5046 νους,
2400 4978 2491 5031 καὶ
2562 4985 2663 5047 τῆς
2717 4979 2957 5049 εὐταξίας
3015 4976 3342 5040 ἀποθέοντας
3390 4976 3572 5043 ἐνιπὴν
3630 4968 3809 5027 ἔνδικον

2197 5064 2455 5135 ἐποιεῖτο,
2514 5066 2602 5122 καὶ
2678 5067 2829 5129 ὅπως
2882 5068 3008 5129 τοὺς
3074 5068 3175 5123 ὑπὸ
3232 5074 3338 5123 τῶν
3397 5065 3563 5129 πέλας
3616 5059 3809 5116 ἀδικου-

2202 5158 2393 5228 μένους
2474 5178 2531 5212 τε
2612 5159 2701 5212 καὶ
2782 5155 3318 5230 πλεονεκτουμένους
3418 5153 3663 5227 ἐξεδίκει,
3735 5145 3807 5200 καἰ

2195 5246 2255 5299 τὸ
2305 5246 2689 5323 φιλάνθρωπον
2741 5247 2865 5301 ὅσον
2918 5249 3040 5322 περὶ
3086 5247 3213 5309 τοὺς
3258 5245 3635 5322 ἡμαρτηκότας
3664 5240 3805 5339 εἶχενε

2196 5336 2388 5389 ἅπασιν
2452 5336 2772 5399 ἐκπεταννὺς
2842 5338 2936 5398 τὰς
3002 5343 3103 5405 τῆς
3163 5336 3443 5408 μετανοίας
3495 5331 3679 5396 πύλας,
3731 5331 3803 5378 καί

2192 5424 2318 5487 τοὺς
2409 5424 2827 5503 ἐπιστρέφοντας
2910 5426 3186 5487 ἀσπασίως
3266 5426 3355 5480 καὶ
3436 5421 3682 5500 φαιδρῶς,
3741 5412 3803 5470 ὡς

2194 5515 2428 5589 Χριστθῦ
2490 5524 2761 5588 μιμητής,
2823 5517 3171 5591 προϊέμενος,
3221 5516 3459 5569 Νουάτου
3504 5510 3596 5577 τὴν
3654 5507 3799 5606 ἀποιν-

2192 5604 2435 5677 θρωπίαν
2523 5603 2610 5659 καὶ
2689 5604 3007 5674 ἀλαζονείαν
3094 5606 3183 5659 ἀπ’
3240 5604 3421 5680 ἀρχῆς
3501 5602 3593 5654 τοῦ
3674 5602 3799 5657 θείου

2193 5692 2546 5770 κηρύγματος
2616 5698 2722 5749 τῶν
2792 5696 2950 5769 ἱερῶν
3027 5689 3339 5764 περιϐόλων
3404 5684 3796 5765 ἐξοστρακίζωνν
