4020 6358
113 444 218 498 649

1132 439 1327 501 νιΤΑ,
1369 434 1706 490 AUCTORE
1745 433 2118 486 MICHAELE
2153 434 2504 488 SYNGELO.

3411 422 3528 489 'eso

115 567 358 639 δηλώσει
388 571 502 626 τοῖς
535 565 824 637 ἀκροαταῖς
875 563 903 618 6
959 560 1150 638 λόγος,
1176 569 1274 631 τῆς
1309 564 1416 616 τῶν
1469 554 1774 634 Δημοφίλῳ

1901 555 2240 629 Demophilo
2273 559 2553 614 audacter
2611 559 2768 614 dicta
2811 565 2968 630 sunt,
3001 559 3205 616 leviter
3232 559 3529 633 attingens

110 653 544 728 τετολμημένων
576 650 883 728 διηγήσεως
934 651 1242 726 ἀκροθιγῶς
1285 650 1584 722 ἁψάμενος,
1617 643 1768 721 ἀφεὶς

115 743 483 818 ἐντελέστερον
565 744 827 815 μαθήσειν
905 739 1314 811 ἐντευξομένους
1386 742 1501 797 τοῖς
1559 734 1592 788 ἃ
1638 733 1774 808 πρὸς

115 833 319 888 ἐκεῖνον
357 833 384 886 6
418 830 865 904 θαυμασιώτατος
896 831 1106 902 ποιμὴν
1151 827 1511 904 γεγρὰφηκεν.
1542 824 1712 882 Οὗτος
1744 822 1772 875 6

115 920 437 998 Δημόφιλος
502 921 724 994 ὑπῆρχε
779 924 887 974 τῶν
923 919 1026 973 ὑπὸ
1056 922 1135 990 τῷ
1196 917 1420 991 μεγάΛῳ
1469 911 1770 969 τελούντων

114 1009 360 1086 ἰεροθέτη
423 1014 688 1080 Διονυσίῳ
745 1009 1109 1084 θεραπευτῶν,
1145 1007 1205 1061 ἐκ
1242 1009 1342 1070 τῆς
1405 1005 1493 1059 ὑπ’
1523 1004 1776 1072 Ἀθήναις

118 1097 386 1173 ἐπαρχίας
437 1097 782 1170 ὁρμώμενος,
817 1093 907 1150 διὰ
960 1102 1061 1165 τῆς
1115 1091 1554 1167 ἱεροτελεστικῆς
1611 1089 1774 1143 αύτοῦ

118 1187 377 1242 πανοσίου
409 1185 752 1262 χειροθεσίας
782 1185 1112 1260 θεραπευτής
1140 1183 1470 1257 τεταγμένος
1493 1200 1505 1213 ·
1539 1177 1775 1252 μοναχοὶ

120 1276 173 1331 δὲ
199 1276 354 1330 τουτὶ
385 1276 450 1330 τὸ
478 1277 662 1350 τάγμα
691 1274 1120 1350 χρηματίζουσι,
1138 1276 1208 1347 τῇ
1239 1268 1580 1349 προσηγορίᾳ
1605 1267 1774 1342 ταύτῃ

119 1367 228 1421 κατ’
259 1365 438 1420 ἐκεῖνο
468 1368 659 1439 καιροῦ
695 1361 934 1436 μάλιστα
959 1362 1316 1435 καλούμενοι,
1347 1365 1466 1422 ταῖς
1494 1362 1590 1412 τοῦ
1629 1358 1776 1431 ἱερα-

116 1455 257 1510 τείου
283 1451 490 1517 πύλαις
511 1453 792 1531 ἐφεστάναι
819 1451 1166 1525 ταττόμενοι.
1186 1452 1294 1508 Τὸν
1319 1449 1516 1504 οἰκεῖον
1542 1445 1632 1502 οὖν
1652 1467 1778 1522 πρε-

117 1541 372 1615 σϐύτερον
407 1542 591 1598 οὗτοσὶ
622 1542 1047 1618 τετυραννηκὼς,
1091 1537 1514 1610 είσπεπηδηκὼς
1556 1536 1607 1591 ἐν
1660 1541 1774 1598 τοῖς

119 1632 361 1704 ἀδύτοις,
396 1633 458 1687 οὗ
509 1637 713 1707 χωρεῖν
765 1632 868 1686 οὐκ
916 1633 982 1700 ἦν
1043 1629 1190 1702 αύτῷ
1241 1628 1483 1702 θεμιτὸν,
1515 1626 1623 1680 ἀπὸ
1681 1629 1777 1679 τοῦ

122 1719 510 1796 θυσιαστηρίου
559 1741 618 1774 τε
663 1717 992 1788 συνέστειλε,
1037 1719 1128 1774 καὶ
1180 1722 1278 1774 τοῦ
1327 1716 1516 1793 χώρου
1545 1719 1652 1768 τῶν
1699 1715 1774 1767 ἱε-

123 1810 385 1883 ρωμένων
443 1807 533 1862 σὺν
585 1807 826 1880 ἀτιμίαις
875 1807 962 1862 καὶ
1029 1805 1519 1880 προπηλακισμοῖς
1567 1801 1776 1872 ἐξέωσε,

123 1897 375 1967 ζηλώσας
436 1893 619 1964 δῆθεν,
678 1895 768 1950 καὶ
854 1893 1204 1970 χαλεπήνας,
1259 1897 1332 1957 ὡς
1389 1895 1416 1948 ὁ
1476 1890 1773 1968 χριστομί-

125 2007 291 2059 μητος
358 1983 532 2057 ἱερεὺς
589 1985 696 2039 ἀπὸ
756 1985 1167 2060 ἁμαρτημάτων
1241 1984 1364 2039 τινά
1450 1985 1770 2056 μετανοοῦν-

119 2097 180 2131 τα
230 2076 576 2150 προσήκατο,
627 2075 684 2129 ὃν
772 2073 899 2128 ὡσεί
979 2095 1102 2129 τινα
1176 2067 1404 2142 δυσσεϐῆ
1485 2071 1575 2126 καὶ
1646 2069 1772 2125 ἀλι-

119 2167 302 2238 τήριον
360 2162 707 2240 ἡγησάμενος
759 2164 786 2218 ὁ
837 2162 1158 2240 Δημόφιλος
1216 2159 1589 2229 ἀπελάκτισεν,
1630 2161 1768 2233 ὀμο-

124 2251 386 2328 λογοῦντα
443 2252 557 2325 μετ’
614 2249 804 2314 αἰδοῦς
857 2253 992 2326 πρὸς
1064 2250 1296 2324 ἰατρείαν
1354 2255 1534 2305 κακῶν
1591 2249 1766 2322 ἥκειν,

122 2342 204 2397 καὶ
245 2346 436 2416 τυχεῖν
477 2340 662 2402 ἐλέους
729 2337 1003 2413 δεόμενον.
1056 2341 1153 2394 Καὶ
1203 2340 1429 2413 πάμπαν
1478 2338 1769 2411 ἀπωσάμε-

123 2452 224 2503 νος,
269 2428 420 2501 ἔδοξέ
466 2451 520 2485 τι
579 2428 712 2504 μέγα
761 2429 1226 2505 κατωρθωκέναι·
1278 2426 1348 2483 δι’
1385 2429 1414 2483 ’ὀ
1456 2429 1545 2484 καὶ
1603 2449 1768 2503 μεγα-

126 2519 342 2596 λαυχῶν
401 2519 682 2589 ἀνατίθησι
738 2522 819 2590 τῷ
879 2517 1122 2592 μεγίστῳ
1174 2518 1394 2590 ποιμένι
1418 2518 1486 2572 τὰ
1531 2537 1775 2593 πεπραγ-

129 2609 272 2681 μένα,
306 2608 445 2684 πρὸς
504 2608 563 2662 ’ὸν
624 2607 724 2675 τήν
767 2605 1066 2684 πανωφελῆ
1108 2627 1166 2661 τε
1213 2608 1303 2660 καὶ
1335 2606 1607 2684 πάνσοφον
1662 2605 1776 2660 ἐπι-

127 2697 316 2767 στολήν
380 2697 592 2766 ἐκείνην
652 2695 982 2770 ἀντέγραψεν
1035 2697 1063 2750 6
1114 2696 1407 2763 θειότατος,
1438 2697 1539 2764 τὴν
1596 2692 1773 2764 πάσης

127 2788 314 2860 ἀρετῆς
343 2787 435 2840 καὶ
468 2784 710 2857 εὐταξίας
767 2781 1106 2854 διδακτικήν,
1143 2782 1212 2838 δι’
1244 2787 1311 2852 ἧς
1365 2785 1462 2852 τὴν
1523 2780 1777 2853 ἀνεκδιή-

126 2875 282 2948 γητόν
348 2895 408 2928 τε
471 2878 570 2929 τοῦ
630 2870 1024 2950 φιλανθρώπου
1097 2872 1298 2948 Κυρίου
1371 2875 1533 2945 ἡμῶν
1593 2874 1778 2942 Ἰησοῦ

130 2968 357 3038 Χριστοῦ
413 2962 538 3038 περὶ
598 2964 770 3033 ἡμᾶς,
815 2961 906 3016 καὶ
955 2960 1192 3033 μάλιστα
1244 2965 1661 3035 μετανοοῦντας,
1693 2959 1779 3014 εὐ-

133 3050 488 3128 σπλαγχνίαν,
520 3051 609 3105 καὶ
640 3051 740 3119 τήν
791 3051 983 3104 ἑαυτοῦ
1039 3050 1380 3124 θεομίμητον
1443 3051 1778 3124 συμπάθειαν

136 3139 472 3214 διεσήμαινεν,
531 3139 816 3216 ἐπαγαγὼν
876 3138 1114 3215 ἱστορίαν
1193 3140 1444 3216 φρικτήν,
1502 3141 1568 3209 ἣν
1629 3139 1780 3211 ὑμῖν,

137 3232 176 3284 ὦ
249 3229 574 3306 θερμότατοι
648 3236 748 3298 τῆς
825 3233 934 3283 τῶν
1006 3227 1269 3304 μεγίστων
1322 3233 1420 3283 τοῦ
1473 3227 1782 3300 ἀξιεπαίνου

1882 646 2255 702 auditoribus
2289 647 2632 712 declarabit,
2668 649 3014 720 permittens
3065 656 3128 705 ut
3177 667 3246 705 ex
3281 651 3532 706 lectione

1882 751 2082 789 eorum
2116 751 2244 805 quae
2275 743 2476 808 pastor
2522 737 2909 792 admirandus
2968 741 3037 793 ad
3073 739 3237 794 illum
3272 740 3529 810 scripsit,

1884 822 2116 894 plenius
2150 824 2540 881 instruantur.
2575 827 2961 898 Demophilus
2984 827 3114 895 iste,
3157 846 3310 884 unus
3333 847 3400 885 ex
3434 828 3536 884 mi-

1885 912 2087 968 nistris
2120 913 2367 986 illis,qui
2393 933 2424 970 a
2456 915 2731 988 Dionysio
2757 916 2956 972 divino
2991 918 3327 974 institutore
3350 919 3534 974 sacris

1883 1000 2098 1056 initiati
2132 1009 2318 1073 erant,
2347 1020 2414 1058 ex
2447 1004 2745 1074 provincia
2773 1004 3016 1060 Athenis
3039 1007 3302 1076 subjecta
3331 1007 3538 1063 oriun-

1886 1090 1996 1145 dus
2033 1107 2134 1162 per
2155 1109 2390 1146 sacram
2424 1095 2553 1163 ejus
2615 1099 3005 1166 sanctamque
3054 1097 3206 1150 879
3252 1113 3536 1151 manuum

1885 1178 2329 1250 impositionem
2371 1181 2650 1238 minister
2671 1183 2980 1239 ordinatus
3004 1183 3420 1240 fuit.Czeterum
3438 1186 3539 1256 qui

1889 1273 2204 1323 censentur
2233 1269 2342 1324 hoc
2374 1271 2598 1341 ordine,
2659 1272 2932 1327 monachi
2988 1273 3378 1345 appellantur,
3428 1274 3539 1330 hoc

1887 1359 2254 1428 cognomine,
2305 1358 2404 1414 illo
2465 1361 2717 1416 maxime
2748 1367 3012 1433 tempore
3054 1364 3400 1435 nuncupati,
3435 1365 3538 1435 qui

1887 1447 1959 1500 ad
1985 1451 2183 1517 portas
2208 1449 2411 1520 templi
2437 1450 2803 1519 jubebantur
2832 1451 3132 1507 assistere.
3180 1452 3364 1522 Igitur
3402 1469 3536 1508 cum

1888 1537 2189 1608 proprium
2225 1537 2318 1593 hic
2366 1541 2767 1611 presbyterum
2793 1542 3094 1612 tyrannice
3124 1541 3537 1613 oppressisset,

1886 1625 1945 1678 in
1980 1626 2270 1698 adytaque
2303 1645 2416 1699 quo
2447 1629 2758 1700 procedere
2787 1629 3000 1686 illinon
3034 1631 3538 1698 licebat,insiluis-

1888 1719 1997 1785 set,
2032 1716 2104 1771 ab
2134 1715 2304 1771 altari
2337 1734 2571 1789 quoque
2605 1734 2669 1773 ae
2703 1717 3013 1774 hominum
3057 1723 3537 1776 eonseeratorum

1886 1802 2012 1858 loco
2038 1803 2207 1859 illum
2241 1805 2569 1874 submovit;
2598 1823 2705 1862 nec
2757 1809 2884 1863 sine
2914 1808 3195 1864 conviciis
3227 1826 3292 1864 ac
3324 1815 3535 1865 centu-

1887 1891 2079 1948 meliis
2105 1894 2351 1966 expulit,
2383 1896 2552 1966 quasi
2575 1912 2724 1968 aegre
2747 1913 2812 1952 ac
2845 1897 3090 1952 moleste
3123 1898 3312 1954 ferens
3334 1914 3532 1954 sacer-

1880 1982 2076 2037 dotem
2119 1983 2474 2040 imitatorem
2506 1985 2745 2054 Christi,
2779 1991 2912 2056 post
2941 1991 3178 2058 peccata
3208 1988 3527 2058 quemdam

1878 2071 2283 2141 paenitentiam
2318 2080 2586 2145 agentem
2618 2074 3132 2146 admisisse,quem
3165 2078 3250 2130 uti
3274 2076 3523 2148 impium

1877 2159 2133 2232 aliquem
2149 2178 2214 2216 ac
2228 2161 2584 2218 scelerosum
2613 2162 2993 2235 Demophilus
3015 2165 3524 2231 arbitratus,calee

1875 2249 2199 2322 expulerat,
2233 2257 2532 2324 utcunque
2562 2251 2658 2307 ille
2689 2253 2901 2308 rubore
2931 2255 3206 2325 perfusus
3236 2257 3520 2310 fateretur

1877 2339 1947 2392 ad
1966 2341 2316 2396 medicinam
2333 2359 2394 2396 se
2407 2341 2696 2398 malorum
2719 2342 3296 2415 accessisse,sibique
3316 2344 3520 2416 ignos-

1880 2429 1930 2483 ci
1957 2434 2223 2501 rogaret;
2258 2447 2509 2500 cumque
2542 2448 2782 2502 prorsus
2811 2431 2979 2486 illum
3029 2433 3366 2504 repulisset,
3392 2450 3522 2489 ma-

1881 2534 2064 2590 gnum
2091 2519 2374 2590 quiddam
2402 2520 2515 2576 sibi
2547 2520 2711 2576 visus
2768 2526 2860 2576 est
2918 2523 3282 2592 praestitisse.
3322 2526 3527 2595 Itaque

1884 2607 2196 2679 magniﬁce
2225 2608 2484 2680 glorians
2526 2609 2782 2664 maxime
2830 2611 3050 2680 pastori
3110 2628 3238 2682 quae
3297 2617 3532 2683 peracta

1885 2705 2084 2752 essent
2141 2698 2561 2768 communicat,
2628 2699 2700 2753 ad
2759 2715 2934 2770 quem
2997 2699 3307 2770 epistolam
3367 2699 3532 2754 illam

1888 2787 2142 2842 maxime
2175 2785 2473 2853 utilem,ac
2505 2787 3200 2858 sapientissimam.omni
3223 2789 3438 2844 virtute
3469 2805 3535 2842 ac

1889 2874 2204 2946 disciplina
2233 2876 2507 2930 refertam
2539 2877 2628 2930 vir
2684 2875 3094 2932 divinissimus
3125 2878 3387 2949 scripsit,
3422 2894 3538 2947 qua

1893 2963 2346 3019 ineuarrabilem
2379 2963 2794 3036 benignissimi
2853 2965 3088 3020 Domini
3155 2966 3340 3021 nostri
3397 2966 3539 3021 Jesu

1891 3051 2106 3107 Christi
2133 3051 2288 3108 circa
2319 3070 2444 3123 nos,
2472 3053 2791 3122 praesertim
2827 3053 3231 3124 pmnitentiam
3277 3060 3536 3126 agentes,

1895 3140 2382 3212 misericordiam,
2415 3147 2472 3196 et
2503 3158 2673 3197 suam
2724 3141 2913 3212 ipsius
2945 3142 3060 3198 Deo
3092 3143 3347 3198 similem
3379 3159 3539 3198 com-

1895 3229 2333 3285 miserationem
2366 3230 2706 3295 declaravit,
2730 3231 3022 3286 horrenda
3052 3232 3296 3287 historia
3334 3233 3390 3286 in
3415 3249 3541 3288 me-

141 3321 334 3394 πατρὸς
415 3319 756 3394 αὐχημάτων
838 3318 1146 3392 ἀκροάσεως
1217 3315 1456 3392 ἐρασταὶ,
1515 3318 1784 3392 προθήσο-

1901 3317 2060 3372 dium
2093 3317 2290 3384 allata,
2318 3336 2495 3389 quam
2528 3319 2712 3382 vobis,
2746 3320 2844 3391 qui
2879 3321 3103 3392 ingenti
3137 3321 3544 3376 animiardore

153 3430 262 3481 μαι.

209 3623 274 3680 Εἰ
339 3622 548 3698 βούλει,
582 3620 737 3700 φησὶ,
779 3619 869 3675 καὶ
930 3619 1074 3684 θείας
1132 3622 1370 3694 ὁράσεως
1430 3619 1587 3695 ἁγίου
1641 3620 1788 3682 τινὸς

149 3709 333 3786 ἀνδρὸς
391 3712 899 3785 ἐπιμνησθήσομαι,
953 3709 1042 3764 καὶ
1120 3711 1196 3782 μὴ
1268 3709 1503 3784 γελάσῃς
1537 3728 1548 3739 ·
1611 3709 1793 3778 ἀληθῆ

148 3801 243 3874 γὰρ
302 3807 425 3876 ἐρῶ.
461 3799 755 3873 Γενόμενόν
818 3800 884 3871 μέ
941 3820 1074 3853 ποτε
1103 3799 1239 3853 κατά
1271 3801 1370 3868 τήν
1399 3801 1622 3874 Κρήτην
1657 3799 1684 3852 6
1714 3799 1792 3852 ῖε-

155 3889 244 3960 ρὸς
299 3888 670 3964 ἐξεναγώγησε
728 3887 964 3960 Κάρπος,
1008 3886 1170 3963 ἀνὴρ,
1228 3886 1319 3941 καὶ
1379 3885 1433 3942 εἷ’
1454 3909 1539 3949 τις
1598 3885 1793 3957 ἄλλος,

161 3974 246 4030 διὰ
296 3977 510 4047 πολλὴν
569 3977 916 4052 καθαρότητα
971 3980 1065 4031 νοῦ
1112 3978 1249 4052 πρὸς
1301 3976 1549 4032 θεοπτίαν
1605 3976 1796 4048 ἐπιτη-

159 4061 444 4129 δειότατος”
500 4066 590 4121 καὶ
642 4071 774 4142 γοῦν
852 4063 976 4120 οὐδὲ
1031 4067 1148 4127 ταῖς
1208 4067 1392 4141 ἁγίαις
1433 4070 1540 4120 τῶν
1592 4088 1796 4138 μυστη-

161 4155 281 4228 ρίων
336 4154 580 4216 τελεταῖς
629 4153 913 4230 ἐνεχείρει,
979 4155 1054 4226 μὴ
1107 4154 1370 4230 πρότερον
1451 4154 1598 4227 αὐτῷ
1666 4154 1802 4210 κατά

160 4244 246 4307 τὰς
297 4243 650 4319 προτελείους
684 4244 851 4318 εὐχὰς
905 4245 1054 4317 ἱερᾶς
1107 4244 1197 4298 καὶ
1255 4244 1516 4316 εὐμενοῦς
1564 4243 1800 4320 ὁράσεως

165 4331 598 4410 ἐπιφαινομένης.
655 4331 885 4407 Ἔλεγεν
932 4331 1046 4402 οὖν,
1081 4332 1163 4387 ὅτι
1209 4331 1588 4403 λελυπηκότος
1643 4333 1800 4388 αύτόν

164 4441 283 4476 ποτε
307 4427 409 4476 τῶν
443 4421 684 4477 ἀπίστων
715 4421 862 4483 τινός
895 4439 907 4452 ⁸
941 4423 1000 4490 (ἡ
1044 4419 1192 4490 λύπη
1233 4419 1290 4476 δὲ
1319 4423 1408 4490 ἦν,
1443 4420 1524 4476 ὅτι
1556 4425 1656 4487 τῆς
1685 4424 1805 4477 Ἐκ-

166 4511 381 4582 κλησίας
424 4511 630 4574 ἐκεῖνός
685 4533 806 4567 τινα
862 4513 997 4587 πρὸς
1055 4511 1118 4566 τὸ
1178 4513 1330 4575 ἄθεον
1382 4511 1780 4582 ἀπεπλάνησεν·

173 4595 240 4654 ἔτι
268 4606 368 4656 τῶν
408 4601 640 4678 ἱλαρίων
673 4604 896 4677 ἡμερῶν
943 4600 1093 4674 αὐτῷ
1135 4603 1500 4674 τελουμένων,
1535 4599 1651 4656 δέον
1702 4602 1810 4673 άμ-

1897 3411 2064 3478 gesta
2094 3406 2490 3463 laudatissimi
2523 3408 2712 3465 Patris
2743 3409 3000 3480 gloriosa
3046 3409 3295 3466 libenter
3339 3411 3543 3466 audire

1899 3495 2306 3564 consuevistis,
2341 3513 2686 3568 proponam.

1973 3621 2032 3676 Si
2063 3620 2205 3676 libet
2251 3621 2485 3693 (inquit)
2528 3621 2790 3678 divinam
2839 3624 3024 3679 sancti
3080 3625 3389 3696 cujusdam
3438 3624 3548 3680 viri

1901 3710 2183 3765 visionem
2221 3711 2577 3779 memorabo,
2615 3712 3165 3784 nequeirriseritis:
3225 3731 3360 3770 vera
3389 3714 3549 3770 enim

1904 3799 2116 3854 dicam.
2143 3799 2284 3853 Cum
2319 3799 2629 3870 aliquando
2661 3801 2890 3857 Cretam
2924 3801 3307 3874 appulissem,
3332 3803 3390 3858 S.
3412 3803 3549 3859 Car-

1909 3906 2019 3960 pus
2043 3889 2296 3961 hospitio
2318 3906 2410 3944 me
2434 3890 2892 3962 suscepit,vir,si
2927 3892 3243 3963 quisquam
3269 3891 3443 3961 alius,
3476 3893 3550 3948 ob

1910 3979 2210 4049 ingentem
2237 3978 2416 4034 animi
2448 3979 2767 4051 puritatem
2801 3981 3016 4035 divinis
3048 3980 3552 4052 speculationibus

1912 4068 2294 4138 aptissimus:
2330 4068 2430 4138 qui
2463 4086 2565 4123 nec
2597 4085 2738 4124 sane
2799 4069 2960 4139 prius
2993 4076 3196 4124 saneta
3247 4067 3550 4142 mysterio-

1912 4175 2041 4212 rum
2077 4158 2364 4213 sacriticia
2396 4159 2865 4229 aggrediebatur,
2900 4175 3076 4228 quam
3117 4160 3272 4213 inter
3330 4159 3553 4230 primas

1913 4265 2137 4319 preces,
2174 4265 2299 4319 qua:
2323 4253 2457 4301 ante
2483 4246 2834 4301 sacriticium
2863 4252 3244 4317 peraguntur,
3278 4265 3445 4302 sacra
3471 4247 3557 4302 illi

1915 4354 1980 4391 ae
2006 4337 2253 4408 propitia
2286 4335 2431 4390 visio
2455 4335 2847 4406 apparuisset.
2867 4333 3062 4405 Ipsum
3088 4334 3266 4405 igitur
3298 4337 3382 4404 (ut
3403 4336 3558 4390 idem

1917 4425 2131 4496 aiebat)
2153 4424 2406 4480 infidelis
2427 4423 2666 4495 quidam
2701 4423 2944 4477 tristitia
2965 4423 3274 4479 affecerat:
3319 4424 3562 4479 tristitia

1919 4520 2114 4570 autem
2142 4514 2262 4568 haec
2286 4519 2430 4583 erat,
2465 4515 2619 4584 quod
2642 4513 2738 4569 ille
2766 4513 3080 4584 quemdam
3106 4514 3177 4569 ab
3201 4513 3460 4570 Ecclesia
3488 4515 3560 4569 ad

1920 4603 2281 4675 impietatem
2316 4602 2655 4657 abduxerat.
2685 4601 2835 4657 Dum
2897 4602 3088 4657 adhuc
3144 4603 3217 4658 ab
3274 4604 3401 4674 ipso
3436 4603 3565 4658 festi

172 4692 390 4766 φοτέρων
441 4691 838 4767 ἀγαθοπρεπῶς
887 4689 1293 4764 ὑπερεύξασθαι,
1354 4691 1444 4746 καὶ
1495 4692 1623 4746 Θεὸν
1690 4697 1788 4744 Σωη

1923 4694 2047 4748 dies
2069 4691 2423 4747 Hilariorum
2458 4696 2793 4763 agerentur,
2827 4697 2885 4747 et
2913 4708 3016 4763 pro
3049 4692 3458 4764 utriusque(ut
3485 4693 3563 4747 vi~

171 4787 293 4854 τῆρα
349 4780 713 4856 συλλήπτορα
774 4776 1036 4851 λαϐόντα,
1066 4781 1158 4836 τὸν
1214 4781 1306 4854 μὶν
1348 4779 1685 4857 ἐπιστρέψαι,
1715 4783 1805 4835 τὸν

176 4863 224 4920 δὲ
248 4869 537 4943 ἀγαθότητι
588 4875 830 4939 νικῆσαι,
864 4870 952 4924 καὶ
1013 4870 1088 4942 μὴ
1137 4866 1408 4925 διαλιπεῖν
1459 4874 1810 4934 νουθετοῦντα

178 4951 252 5010 διὰ
311 4957 432 5033 βίου
484 4959 707 5025 παντὸς,
739 4959 901 5034 ἄχρις
955 4959 1018 5013 οὗ
1073 4960 1135 5013 τὸ
1185 4961 1443 5034 σήμερον,
1489 4961 1578 5014 καὶ
1637 4959 1810 5022 οὕτως

180 5042 255 5099 ἐπὶ
280 5050 376 5116 τήν
412 5048 558 5112 θείαν
589 5047 784 5111 αὐτοὺς
813 5048 1028 5122 ἀγαγεῖν
1077 5053 1298 5124 γνῶσιν,
1332 5050 1406 5110 ὡς
1458 5049 1515 5103 ἂν
1565 5047 1674 5118 ἤδη
1723 5049 1812 5103 καὶ

179 5138 266 5190 τῶν
321 5131 827 5215 ἀμφισϐητησίμων
887 5137 1072 5200 αὐτοῖς
1143 5139 1502 5212 κρινομένων,
1557 5137 1648 5192 καὶ
1703 5142 1811 5192 τῶν

182 5221 372 5299 ἀλόγως
421 5227 833 5300 θρασυνομένων
880 5224 1096 5299 ἐννόμῳ
1148 5223 1272 5300 δίκῃ
1331 5233 1628 5305 σωφρονεῖν
1661 5228 1814 5300 ἀναγ-

180 5315 472 5386 καζομένων
505 5336 518 5349 ο
551 5314 679 5370 ἀλλ’
735 5313 786 5368 ἐν
837 5315 1013 5387 ἐαυτῷ
1067 5317 1142 5389 μὴ
1195 5316 1459 5392 πρότερον
1502 5320 1663 5371 τοῦτο
1712 5337 1816 5370 πα-

184 5400 297 5472 θὼν,
323 5403 419 5459 ούκ
448 5401 548 5458 οἶδ’
583 5405 735 5465 ὅπως
764 5403 886 5458 τότε
916 5402 1139 5475 πολλήν
1191 5426 1312 5459 τινα
1352 5407 1451 5474 τήν
1505 5403 1814 5479 δυσμένειαν

183 5490 261 5544 καὶ
285 5494 379 5560 τήν
412 5493 631 5567 πικρίαν
657 5491 900 5563 ἐκτήξας,
943 5491 1244 5569 κατεδάρθη
1297 5495 1391 5566 μὲν
1437 5493 1580 5549 οὕτω
1636 5498 1818 5555 κακῶς

189 5574 313 5653 ἔχων
342 5601 354 5615 ⁸
409 5581 631 5658 (ἐσπέρα
661 5583 762 5658 γάρ
946 5583 1069 5658 περὶ
1121 5581 1179 5636 δὲ
1225 5584 1390 5656 μέσας
1438 5584 1632 5647 νύκτας
1681 5583 1823 5658 (εἰώ-

191 5677 257 5728 θει
297 5671 395 5748 γάρ
424 5672 501 5735 εἷς
526 5669 684 5748 τόνδε
737 5673 828 5727 τὸν
879 5673 1069 5749 καιρὸν
1118 5671 1276 5735 αὐτὸς
1325 5673 1404 5751 ἐφ’
1437 5674 1628 5728 ἑαυτοῦ
1683 5674 1820 5748 πρὸς

193 5757 299 5821 τοὺς
353 5761 524 5826 θείους
584 5763 786 5836 ὕμνους
847 5761 1252 5840 ἐγρηγορέναιο)
1311 5762 1640 5821 διανίσταται
1704 5764 1822 5837 μὲν,

495 5897 751 5954 ΡΑτιιοι..
805 5896 910 5954 Gn.
962 5895 1058 5954 ιν.

1919 4800 2048 4838 rum
2082 4782 2302 4837 bonum
2335 4782 2598 4852 decebat)
2655 4797 2856 4852 preces
2905 4782 3226 4846 effundere,
3265 4786 3567 4853 Deumque

1917 4877 2281 4928 Servatorem
2331 4869 2388 4924 in
2423 4869 2704 4924 auxilium
2737 4869 3000 4940 accipere
3046 4870 3368 4939 debuisset,
3403 4875 3468 4924 ut
3490 4869 3567 4924 al-

1921 4969 2114 5019 terum
2141 4962 2379 5033 quidem
2405 4962 2475 5016 ab
2503 4977 2696 5016 errore
2727 4965 3106 5028 converteret,
3141 4959 3390 5016 alterum
3434 4977 3566 5016 vero

1925 5050 2283 5122 benignitate
2315 5055 2638 5122 superaret,
2674 5067 2778 5106 nec
2809 5051 2968 5106 omni
3008 5051 3138 5104 vitm
3181 5055 3441 5120 tempore
3495 5049 3566 5105 ab

1925 5141 2295 5196 admonendo
2317 5139 2619 5204 desistere,
2647 5143 2710 5193 ut
2739 5155 2837 5194 eos
2871 5139 2978 5195 hac
3008 5139 3228 5195 ratione
3252 5139 3323 5194 ad
3347 5139 3451 5194 Dei
3481 5155 3571 5196 co-

1926 5229 2243 5302 gnitionem
2277 5229 2612 5298 adduceret,
2648 5232 2706 5282 et
2736 5244 2862 5298 quae
2897 5229 2954 5282 in
3001 5227 3455 5283 controversiam
3475 5245 3571 5284 vc-

1927 5322 2158 5386 nerant,
2192 5318 2430 5372 tandem
2460 5316 2777 5387 aliquando
2799 5316 3230 5386 judicarentur,
3265 5323 3322 5372 et
3355 5322 3577 5389 quante-

1929 5423 2088 5462 mere
2122 5423 2224 5478 per
2251 5405 2558 5461 audaciam
2593 5408 2820 5472 patrata
2877 5409 3097 5475 essent,
3149 5407 3284 5476 jure
3314 5406 3578 5478 legitimo

1929 5497 2242 5552 emendare
2293 5498 2676 5566 cogerentur;
2711 5495 2864 5549 380
2898 5494 2945 5550 is
3007 5495 3162 5565 (cum
3215 5495 3328 5550 sibi
3359 5495 3415 5549 id
3463 5511 3577 5550 non

1929 5586 2096 5658 prius
2126 5584 2491 5656 contigisset)
2553 5583 2751 5638 nescio
2811 5601 2924 5656 quo
2981 5589 3150 5654 pacto
3205 5587 3328 5638 turn
3365 5598 3579 5654 magno

1933 5675 2190 5747 quodam
2222 5673 2354 5729 odio
2385 5689 2452 5728 ac
2474 5672 2892 5741 amaritudine,
2925 5673 3124 5729 animo
3155 5672 3432 5736 intabuit,
3465 5671 3578 5724 ita-

1935 5780 2049 5836 que
2081 5763 2233 5820 male
2263 5763 2508 5819 aﬂ‘ectus
2535 5763 2681 5831 (erat
2737 5761 2894 5819 enim
2948 5764 3212 5833 vespera)
3243 5757 3578 5816 obdormiit.

3181 5891 3250 5946 2|
