4020 6358
468 390 569 443 651

1715 383 1774 434 S.
1816 377 2130 433 DIONYSII
2166 375 2642 440 AREOPAGITB

3763 391 3852 444 652

469 516 755 571 Caeterum
788 511 980 569 media
1011 512 1177 566 nocte
1230 508 1377 579 (ipse
1437 521 1688 577 namque
1735 504 2119 559 consueverat

2246 498 2355 557 ιύδὲ
2412 509 2518 558 τῶν
2579 504 2758 563 ὕπνων
2800 506 2978 562 αὐτῶν
3024 506 3252 565 πολλῶν
3300 529 3358 585 γε
3408 505 3598 580 ὄντων,
3650 509 3735 564 καὶ
3786 512 3855 567 ἆιὶ

471 605 579 661 hoc
610 608 872 674 tempore
904 600 973 656 ad
1006 600 1235 655 divinas
1282 597 1488 652 laudes
1547 594 1701 666 apud
1762 607 1823 648 se
1855 588 2116 661 vigilare)

473 693 745 761 surrexit,
776 708 909 748 cum
943 706 1129 759 neque
1164 704 1401 744 somnos
1436 687 1615 756 ipsos,
1647 699 1782 739 nam
1831 686 1888 736 et
1924 680 2116 749 multi,

473 789 530 839 et
560 783 762 839 crebro
786 780 1099 851 interrupti
1161 779 1414 846 fuerant,
1456 776 1677 845 absque
1710 770 2119 845 pertubatione

474 872 748 945 cepisset,
773 870 956 926 nihilo
988 869 1179 924 secius
1237 868 1309 923 ad
1369 865 1627 921 divinam
1673 861 2119 918 collocutionem

476 967 663 1027 stans,
687 960 926 1032 indigne
958 958 1325 1023 tristabatur,
1359 959 1415 1010 et
1463 953 1702 1009 mcleste
1732 951 1971 1017 ferebat,
2006 966 2120 1004 non

476 1068 606 1108 esse
629 1052 860 1122 justum
894 1045 1249 1114 asserens,si
1282 1046 1386 1101 viri
1418 1042 1606 1115 impii,
1642 1042 1861 1112 quique
1894 1055 2121 1111 perver-

478 1144 673 1199 terent
702 1139 823 1195 vias
853 1136 1089 1194 Domini
1142 1140 1350 1201 rectas,
1384 1133 1659 1189 viverent.
1692 1135 1759 1185 Et
1815 1147 1949 1184 cum
2006 1128 2125 1184 haec

481 1228 911 1285 diceret.Deum
947 1225 1387 1291 obsecrabat,ut
1414 1220 1660 1277 fulmine
1690 1220 1885 1290 aliquo
1918 1218 2123 1275 ambo-

483 1335 610 1375 rum
645 1317 794 1373 vitae
826 1316 951 1371 sine
974 1314 1097 1370 ulla
1119 1312 1525 1369 misericordia
1551 1327 1793 1382 prorsus
1815 1309 2126 1379 abrumpe-

483 1413 589 1464 ret.
615 1410 749 1472 Quae
802 1422 936 1460 cum
988 1403 1250 1473 dixisset,
1293 1401 1601 1457 confestim
1635 1399 1746 1456 sibi
1778 1399 1969 1454 visum
2002 1413 2127 1452 esse

482 1498 681 1554 videre
740 1496 1048 1561 referebat,
1082 1494 1346 1557 domum,
1376 1491 1437 1547 in
1497 1507 1614 1561 qua
1670 1493 1814 1555 erat,
1870 1487 2127 1560 primum

485 1587 722 1658 quidem
752 1603 784 1640 a
813 1601 1046 1640 summo
1079 1582 1337 1638 culmine
1361 1579 1781 1653 permotam,in
1815 1579 1963 1633 duas
1996 1593 2127 1648 par-

487 1682 576 1732 tes
607 1674 863 1731 mediam
892 1672 1091 1739 dividi,
1127 1689 1190 1727 ac
1224 1687 1431 1743 rogum
1461 1676 1594 1725 ante
1626 1686 1687 1724 se
1718 1666 1919 1739 magni
1950 1665 2129 1721 lumi-

488 1765 669 1831 nis,et
699 1764 856 1819 hunc
907 1761 1093 1832 (locus
1141 1761 1295 1816 enim
1329 1760 1606 1830 deinceps
1627 1758 1737 1814 sub
1769 1757 1863 1812 dio
1886 1772 2011 1811 esse
2048 1753 2132 1808 vi-

2227 592 2663 669 ἐγκοπτομένων,
2725 592 2824 669 ἔξω
2880 602 3131 673 ταραχῆς
3184 597 3613 674 παραπολαύσας
3655 619 3667 632 ·
3716 601 3858 663 ἑστὼς

2228 681 2286 738 δὲ
2316 683 2467 756 ὅμως
2499 685 2573 747 εἷς
2596 687 2695 755 τὴν
2730 686 2873 749 θείαν
2906 685 3129 761 ὁμιλίαν
3158 688 3256 743 οὐκ
3302 688 3513 763 εὐαγῶς
3554 690 3739 759 ἠνιᾶτο
3784 690 3861 744 καὶ

2228 770 2627 848 ἐδυσχέραινεν,
2681 778 2783 833 οὐκ
2832 779 2964 832 εἶναι
3023 776 3230 833 δίκαιον
3291 776 3561 852 λέγων,εἷ
3613 783 3740 849 ζῷεν
3781 779 3855 832 ἆν-

2232 859 2352 937 δρες
2401 863 2546 927 ἄθεοι
2589 865 2679 919 καὶ
2732 863 3139 945 διαστρέφοντες
3188 868 3282 929 τὰς
3332 865 3491 928 ὁδοὺς
3536 871 3632 922 τοῦ
3684 868 3861 941 Κυρίου

2231 951 2323 1013 τὰς
2377 953 2605 1017 εὐθείας.
2641 956 2738 1009 Καὶ
2785 960 2953 1010 ταῦτα
3004 954 3176 1032 λέγων
3224 954 3401 1011 ἐδεῖτο
3429 954 3526 1010 τοῦ
3575 960 3705 1011 Θεοῦ
3741 977 3861 1030 πρη-

2233 1042 2391 1114 στῆρί
2438 1064 2542 1098 τινι
2591 1044 2685 1105 τὰς
2735 1044 3057 1123 ἀμφοτέρων
3104 1045 3324 1116 εἰσάπαξ
3361 1045 3609 1116 ἀνηλεῶς
3642 1047 3862 1102 ἀποπαῦ-

2235 1152 2321 1185 σαι
2385 1133 2543 1199 ζωάς.
2587 1135 2768 1189 Ταῦτα
2818 1132 2876 1188 δὲ
2920 1134 3111 1207 εἰπὼν,
3168 1130 3325 1209 ἔλεγε
3374 1132 3522 1206 δόξαι
3576 1133 3704 1190 ἰδεῖν
3742 1134 3864 1213 ἄφνω

2231 1220 2324 1274 τὸν
2374 1220 2543 1289 οἷκον,
2574 1220 2626 1277 ἐν
2679 1222 2829 1297 ᾧπερ
2872 1224 3131 1296 εἱστήκει,
3166 1221 3576 1293 διαδονηθὲντα,
3626 1226 3859 1300 πρότερον

2235 1308 2295 1363 ἐκ
2347 1317 2447 1379 τῆς
2501 1310 2709 1389 ὀροφῆς
2761 1312 2835 1373 εἰς
2884 1310 2980 1367 δύο
3047 1314 3209 1387 μὲσον
3243 1310 3596 1388 διαιρεθέντα,
3630 1314 3715 1367 καί
3762 1335 3862 1368 τινα

2238 1399 2408 1475 πυρὰν
2468 1398 2795 1476 πολύφωτον
2875 1402 3194 1476 ἐπίπροσθεν
3269 1404 3483 1472 ἑαυτοῦ,
3526 1404 3617 1457 καὶ
3689 1402 3860 1472 ταύτην

2239 1483 2437 1559 (ἐδόκει
2493 1489 2594 1564 γὰρ
2656 1488 2852 1545 λοιπὸν
2914 1490 3177 1567 ὕπαιθρος
3225 1492 3253 1546 ὁ
3284 1492 3474 1564 τόπος)
3503 1488 3564 1546 ἐκ
3590 1495 3685 1545 τοῦ
3731 1489 3861 1564 adpa-

2239 1578 2360 1632 νίου
2394 1580 2583 1654 χώρου
2619 1582 2817 1655 μέχρις
2850 1581 3013 1636 αὐτοῦ
3043 1584 3484 1659 καταφερομένην
3520 1602 3533 1617 ⁸
3566 1585 3657 1638 τὸν
3710 1580 3762 1637 δὲ
3788 1584 3860 1636 οὐ·

2244 1669 2399 1742 ρανὸν
2450 1668 2608 1725 αὐτὸν
2664 1671 3125 1746 ἀναπεπταμένον,
3156 1674 3243 1728 καὶ
3308 1673 3393 1727 ἐπὶ
3452 1677 3532 1744 τῷ
3585 1674 3737 1745 νώτῳ
3785 1676 3862 1726 τοῦ

2243 1757 2474 1833 οὐρανοῦ
2528 1760 2622 1814 τὸν
2683 1762 2915 1833 Ἰησοῦν,
2975 1761 3209 1837 ἀπείρων
3270 1760 3686 1836 ἀνθρωποειδῶν
3742 1763 3865 1832 αὐτῷ

489 1854 756 1925 dabatur)
790 1870 820 1908 ο
850 1852 995 1908 coelo
1029 1853 1100 1909 ad
1131 1867 1195 1906 se
1227 1866 1412 1920 usque
1468 1848 1701 1913 deferri,
1734 1845 1946 1903 coelum
1996 1861 2129 1902 vero

2246 1844 2660 1944 παρεστηκότων
2702 1849 2944 1926 ἀγγέλων
2981 1870 2993 1884 ⁸
3024 1850 3116 1905 καὶ
3164 1856 3331 1907 ταῦτα
3378 1852 3473 1925 μὲν
3518 1849 3712 1905 ἄνωθεν
3759 1853 3867 1927 ὁρᾶ-

489 1944 686 2015 ipsum
720 1946 1010 2013 apertum,
1045 1945 1102 1996 et
1129 1956 1304 2013 super
1352 1941 1525 1994 dorso
1577 1936 1707 1994 cmli
1763 1938 1991 2006 Jesum,
2039 1936 2132 1989 cui

491 2032 943 2089 innumerabilis
965 2031 1308 2103 angelorum
1324 2027 1639 2084 multitudo
1670 2027 1993 2082 humanam
2016 2024 2137 2080 efﬁ-

492 2124 644 2191 giem
678 2139 793 2193 pres
834 2138 897 2176 se
926 2120 1237 2176 ferentium
1270 2118 1618 2175 assistebat:
1656 2121 1712 2172 et
1742 2116 1862 2171 haec
1897 2114 2136 2186 quidem

498 2228 754 2285 superne
768 2210 1006 2281 vidisse,
1040 2209 1512 2279 admiratumque
1535 2222 1663 2263 esse
1686 2208 1908 2278 Carpus
1926 2205 2137 2260 aiebat.

499 2305 645 2358 Cum
665 2317 799 2357 vero
832 2301 888 2357 in
913 2304 1129 2355 terram
1150 2299 1349 2355 oculos
1372 2296 1925 2364 deﬂexisset,solum
1942 2295 2140 2365 ipsum

501 2392 688 2447 instar
716 2390 991 2445 immensi
1016 2406 1082 2445 ac
1133 2387 1408 2461 profundi
1441 2387 1751 2458 cujusdam
1784 2385 1982 2441 hiatus
2019 2384 2141 2438 dis-

502 2482 723 2539 cissum
756 2496 817 2537 se
848 2480 1064 2536 vidisse
1094 2478 1260 2544 dixit,
1301 2483 1358 2534 et
1382 2477 1653 2533 homines
1702 2476 1940 2547 quidem
1985 2472 2140 2541 illos,

500 2572 720 2643 quibus
752 2570 1281 2641 maleimprecatus
1315 2569 1521 2633 fuerat,
1557 2571 1692 2623 ante
1749 2583 1810 2622 se
1855 2567 2023 2636 juxta
2080 2580 2145 2619 os

495 2661 694 2718 hiatus
725 2660 884 2716 illius
932 2661 1254 2715 consistere
1303 2662 1622 2714 trementes
1658 2674 1722 2711 ac
1755 2654 2143 2721 miserabiles,

496 2756 563 2806 ut
595 2767 803 2821 parum
836 2750 1086 2819 abesset,
1111 2749 1254 2821 quin
1288 2765 1402 2819 prae
1430 2748 1646 2818 pedum
1678 2761 1921 2801 suorum
1949 2743 2147 2800 incon-

494 2840 714 2897 stantia
739 2840 986 2910 jamjam
1045 2837 1356 2907 dejiciendi
1400 2837 1756 2891 viderentur.
1787 2835 2001 2890 Verum
2034 2834 2144 2889 sub

493 2930 662 2985 hiatu
696 2933 999 3000 serpentes
1033 2944 1270 2983 sursum
1302 2943 1523 2998 repere,
1543 2931 1598 2981 et
1629 2926 1783 2980 circa
1814 2925 1990 2996 pedes
2012 2924 2145 2979 illo-

496 3035 629 3075 rum
664 3033 793 3074 sese
846 3022 1145 3073 moventes
1202 3017 1497 3071 interdum
1532 3016 1770 3087 quidem
1829 3015 1889 3069 in
1921 3013 2145 3086 spiram

494 3112 851 3175 contractos,
886 3105 1065 3167 simul
1096 3107 1403 3178 ingravare
1444 3111 1621 3177 atque
1654 3104 2025 3177 pertrahere;
2054 3105 2141 3159 in-

493 3198 729 3254 terdum
757 3213 892 3254 vero
923 3195 1202 3253 dentibus
1251 3196 1338 3251 vel
1399 3196 1602 3251 caudis
1660 3197 2039 3252 incendentes
2089 3200 2145 3251 et

496 3286 991 3357 demulcentes,ut
1022 3287 1122 3358 qui
1157 3286 1216 3340 in
1247 3286 1586 3358 voraginem
1620 3285 1747 3341 illos
1782 3286 2142 3357 praecipitare

496 3376 737 3433 omnino
771 3376 1139 3434 molirentur.
1176 3375 1377 3431 Fuisse
1417 3374 1592 3430 etiam
1640 3376 1795 3431 viros
1828 3376 2140 3446 quosdam,

496 3467 599 3539 qui
629 3467 687 3521 in
714 3466 903 3522 medio
937 3483 1040 3537 pro
1072 3466 1443 3537 serpentibus
1499 3470 1702 3520 contra
1757 3465 1912 3520 viros
1966 3464 2144 3521 simul

491 3556 804 3628 irruerent,
851 3557 1283 3628 perturbarent,
1346 3554 1631 3627 impetum
1676 3554 1855 3610 simul
1891 3556 2145 3611 iacerent

494 3664 559 3702 ac
592 3647 850 3701 ferirent.
886 3650 1060 3700 Porro
1116 3644 1199 3700 illi
1248 3646 1499 3716 jamjam
1534 3646 1726 3700 casuri
1772 3644 2142 3713 videbantur,

494 3736 710 3808 partim
729 3734 969 3806 quidem
994 3734 1406 3806 inviti,partim
1426 3749 1557 3789 vero
1584 3734 1920 3801 voluntarii,
1946 3752 2075 3789 cum
2111 3751 2144 3790 a

493 3823 650 3879 malo
683 3824 903 3880 sensim
952 3829 1303 3895 cogerentur
1353 3821 1649 3893 simulque
1699 3824 2139 3878 inducerentur.

491 3914 597 3969 Hic
630 3914 855 3987 Carpus
888 3914 1029 3969 dum
1062 3913 1334 3968 inferiora
1393 3912 1697 3983 aspiceret,
1732 3911 2049 3983 plurimum
2084 3930 2142 3968 se

494 4003 779 4071 laetatum,
816 4021 880 4059 ac
914 4002 1219 4075 superiora
1252 3999 1576 4073 neglexisse
1610 4001 1861 4069 dicebat,
1896 4003 2141 4059 moleste

492 4111 627 4149 vero
650 4093 1016 4166 graviterque
1041 4092 1269 4158 tulisse,
1296 4092 1450 4163 quod
1485 4091 1737 4147 necdum
1770 4091 2139 4162 cecidissent,

495 4199 765 4255 saepeque
796 4200 930 4238 cum
964 4182 1020 4236 in
1057 4181 1163 4237 hoc
1222 4181 1520 4252 negotium
1574 4180 1959 4250 incumberet,
1996 4183 2140 4238 nihil

494 4272 833 4344 profecisse,
860 4289 925 4328 ac
958 4275 1266 4343 propterea
1297 4271 1702 4343 indignatione
1725 4272 1999 4330 affectum
2023 4272 2139 4329 illis

492 4362 884 4435 imprecatum
914 4363 1333 4431 esse.Cumque
1362 4360 1453 4416 vix
1484 4361 1720 4416 tandem
1743 4378 1980 4418 sursum
1998 4380 2138 4419 ocu-

492 4452 581 4507 los
633 4451 941 4517 elevasset,
1001 4450 1219 4506 vidisse
1267 4468 1473 4506 rursus
1523 4451 1754 4507 dicebat
1802 4451 2011 4509 cmlum
2074 4458 2139 4509 ut

491 4540 658 4613 prius
688 4540 933 4607 viderat,
981 4540 1306 4611 Jcsumque
1346 4540 1565 4595 factum
1616 4540 1758 4596 illud
1792 4542 2134 4599 miseratum

2241 1949 2359 2001 σθαι
2395 1937 2484 1993 καὶ
2536 1939 2844 2012 θαυμάςειν.
2880 1939 3038 1997 Κάτω
3084 1938 3141 1999 δὶ
3178 1940 3353 2015 κύψας
3402 1942 3430 1996 ὁ
3478 1943 3719 2016 Κάρπος,
3754 1940 3863 1995 ἴδεῖν

2242 2022 2343 2103 ἔφη
2394 2028 2482 2082 καὶ
2535 2025 2807 2106 τοῦδαφος
2863 2029 2992 2085 αὐτὸ
3050 2031 3186 2105 πρὸς
3238 2030 3437 2106 ἀχανὲς
3482 2052 3535 2085 τι
3566 2033 3750 2107 χάσμα
3792 2031 3867 2085 καὶ

2245 2119 2513 2172 σκοτεινὸν
2561 2116 2952 2195 διεῤῥηγμένον
2985 2140 2997 2159 ο
3049 2121 3137 2176 καὶ
3192 2119 3319 2183 τοὺς
3374 2122 3467 2194 μὲν
3518 2118 3711 2196 ἄνδρας
3753 2120 3871 2175 ἐκεί-

2246 2229 2392 2277 νους,
2425 2210 2505 2270 οἷς
2536 2207 2798 2283 ἐπηρᾶτο,
2829 2210 2935 2286 πρὸ
2966 2209 3130 2265 αὐτοῦ
3156 2212 3290 2265 κατὰ
3345 2212 3407 2267 τὸ
3446 2212 3670 2284 στόμιον
3731 2211 3873 2279 ἔστη.

2247 2297 2398 2353 κέναι
2464 2302 2560 2353 τοῦ
2634 2301 2943 2374 χάσματος,
3003 2301 3368 2377 ὑποτρόμους,
3427 2299 3717 2369 ἐλεεινοὺς,
3770 2301 3874 2355 ὅσον

2252 2387 2403 2442 οὔπω
2459 2390 2930 2466 καταφερομένους
2990 2389 3093 2444 ὑπὸ
3136 2396 3239 2460 τῆς
3295 2395 3404 2446 τῶν
3450 2389 3662 2445 οἰκείων
3718 2387 3878 2444 ποδῶν

2253 2476 2505 2540 ἀστασίας
2539 2496 2553 2512 ·
2580 2477 2818 2542 κάτωθεν
2853 2476 2910 2533 δὲ
2954 2479 3059 2535 ἀπὸ
3101 2484 3199 2535 τοῦ
3231 2482 3516 2556 χάσματος
3557 2476 3706 2559 ὄφεις
3750 2478 3878 2553 ἆνερ-

2252 2588 2394 2636 πειν,
2439 2569 2529 2621 καὶ
2587 2568 2710 2643 περὶ
2762 2567 2893 2631 τοὺς
2952 2567 3122 2631 πόδας
3181 2570 3355 2624 αὐτῶν
3418 2570 3877 2642 ὑποκινουμὲνους,

2253 2658 2385 2712 ποτὶ
2422 2657 2515 2730 μὶν
2544 2656 2833 2733 ἀποσύρειν
2880 2655 3369 2732 ἐπανειλουμένους
3416 2662 3528 2732 ἅμα
3572 2658 3663 2714 καὶ
3713 2654 3876 2713 ἐπιϐα-

2256 2750 2501 2821 ροῦντας,
2536 2746 2625 2801 καὶ
2657 2744 2940 2809 ἕλκοντας·
2967 2747 3099 2802 ποτὶ
3130 2746 3187 2802 δὲ
3216 2753 3331 2812 τοῖς
3369 2746 3574 2818 ὀδοῦσι,
3607 2748 3642 2817 ἢ
3672 2752 3781 2810 τοῖς
3810 2747 3878 2802 οὗ·

2256 2835 2430 2910 ραῐοις
2510 2835 2900 2914 ὑποτύφοντας,
2962 2838 2997 2908 ἢ
3057 2836 3613 2914 δπογαργαλίζοντας,
3651 2840 3737 2892 καὶ
3806 2833 3878 2890 διὰ

2254 2927 2453 2988 παντὸς
2500 2925 2577 2989 εἷς
2624 2926 2688 2980 τὸ
2734 2926 2933 3001 ἀχανὲς
2981 2922 3279 3000 ἐμϐάλλειν
3320 2929 3773 3005 μηχανωμένους.
3803 2926 3877 2983 Εἷ-

2253 3036 2336 3069 νοιι
2386 3012 2443 3069 δὲ
2490 3015 2579 3071 καὶ
2638 3012 2836 3090 ἄνδρας
2883 3017 3030 3079 τινὰς
3079 3017 3132 3072 ἐν
3183 3022 3354 3091 μὲσῳ,
3398 3023 3514 3080 τοῖς
3567 3012 3717 3094 ὄφεσι
3763 3016 3877 3071 κατᾶ

2254 3110 2362 3161 τῶν
2410 3102 2617 3179 ἀνδρῶν
2676 3105 3197 3180 συνεπιτιθεμένους,
3232 3104 3610 3172 διαδονοῦντας
3661 3109 3768 3179 ἅμα
3802 3105 3876 3160 καὶ

2259 3196 2633 3269 ὑπωθοῦντας,
2691 3196 2781 3251 καὶ
2853 3196 3293 3258 καταπαίοντας·
3357 3196 3578 3252 ἐδόκουν
3648 3194 3703 3252 δὲ
3767 3196 3877 3251 εἶναι

2172 3249 2219 3320 c
2254 3287 2389 3358 πρὸς
2458 3287 2519 3340 τὸ
2588 3290 2768 3340 πεσεῖν
2848 3284 3043 3341 ἐκεῖνοι
3108 3286 3176 3341 τὰ
3252 3288 3346 3359 μὶν
3428 3286 3666 3358 ἄκοντες,
3717 3288 3777 3341 τὰ
3834 3282 3881 3339 δὲ

2254 3376 2343 3429 καὶ
2437 3376 2670 3443 ἑκόντες,
2734 3377 2836 3430 ὑπὸ
2917 3380 3012 3430 τοῦ
3090 3379 3255 3431 κακοῦ
3337 3377 3449 3450 ἅμα
3526 3378 3641 3431 κατ’
3716 3374 3880 3449 ὀλίγον

2258 3462 2573 3539 βιαζόμενοι
2651 3465 2741 3519 καὶ
2817 3464 3153 3537 πειθόμενοι.
3214 3463 3413 3541 Ἔλεγε
3477 3463 3533 3519 δὲ
3610 3467 3638 3519 ὁ
3693 3463 3881 3536 Κάρπος

2254 3553 2442 3609 ἑαυτὸν
2475 3552 2698 3624 ἥδεσθαι
2738 3553 2885 3611 κάτω
2935 3554 3228 3631 βλέποντα,
3260 3558 3367 3610 τῶν
3401 3552 3510 3612 ἅνω
3543 3551 3602 3612 δὶ
3657 3552 3879 3627 ἀμελεῖν,

2255 3641 2623 3719 δυσχεραίνειν
2687 3642 2744 3699 δὲ
2793 3643 2881 3699 καὶ
2941 3643 3253 3720 ὀλιγωρεῖν,
3296 3643 3378 3701 ὅτι
3434 3646 3511 3719 μὴ
3558 3645 3877 3700 πεπτώκασιν

2251 3732 2359 3804 ἤδη
2400 3753 2415 3769 ·
2444 3734 2532 3790 καὶ
2562 3738 2640 3806 τῷ
2671 3733 2947 3810 πράγματι
2975 3733 3250 3796 πολλάκις
3302 3734 3605 3807 ἐνθέμενον,
3638 3732 3724 3791 καὶ
3772 3729 3877 3787 d39-

2250 3826 2573 3893 νατήσαντα,
2632 3822 2720 3878 καὶ
2779 3824 3131 3898 ἀχθεσθῆναι,
3190 3822 3279 3881 καὶ
3346 3822 3708 3899 ἐπαράσασθαι
3741 3840 3753 3852 '
3802 3819 3874 3875 καὶ

2251 3912 2605 3968 ἀνανεύσαντα
2664 3912 2850 3985 μόλις,
2912 3911 3043 3968 ἰδεῖν
3106 3913 3199 3985 μὲν
3261 3910 3411 3975 αὖθις
3482 3914 3574 3967 τὸν
3651 3910 3871 3985 οὐρανὸν,

2253 4000 2432 4077 ὥσπερ
2489 4003 2550 4059 τὸ
2602 4002 2862 4077 πρότερον
2925 4002 3172 4076 ἑωράκει,
3208 4002 3297 4056 τὸν
3358 3999 3415 4056 δὲ
3463 4002 3689 4071 Ἰησοῦν,
3737 3999 3871 4067 Elati-

2252 4113 2410 4147 σαντα
2465 4093 2526 4148 τὸ
2581 4093 2888 4166 γινόμενον,
2949 4090 3297 4164 ἐξαναστῆναι
3350 4094 3446 4146 τοῦ
3508 4088 3870 4167 ὑπερουρανίου

2252 4182 2468 4257 θρόνου,
2528 4181 2616 4238 καὶ
2683 4178 2787 4244 in):
2862 4179 3037 4235 αὐτῶν
3095 4176 3424 4253 καταϐάντα,
3470 4185 3633 4255 χεῖρα
3689 4177 3872 4252 ἀγαθὴν

2251 4270 2477 4347 ὀρέγειν,
2508 4270 2598 4326 καὶ
2653 4270 2781 4333 τοὺς
2831 4268 3099 4345 ἀγγέλους
3152 4269 3299 4341 αὐτῷ
3354 4264 3874 4342 συνεπιλαμϐανομὲ-

2247 4381 2394 4429 νους,
2428 4358 2599 4415 ἄλλον
2634 4358 2866 4423 ἄλλοθεν
2898 4358 3215 4434 ἀντέχεσθαι
3244 4362 3359 4414 τοῖν
3411 4355 3652 4434 ὰνδροῖν,
3683 4358 3765 4412 καὶ
3814 4352 3873 4408 εἷ-

2248 4454 2365 4509 πεῖν
2397 4454 2477 4523 τῷ
2529 4450 2736 4524 Κάρπῳ
2778 4450 2870 4505 τὸν
2903 4452 3142 4519 Ἰησοῦν,
3171 4450 3272 4517 τῆς
3313 4447 3502 4522 χειρὸς
3548 4444 3657 4517 ἤδη
3706 4464 3878 4519 προτεο

2245 4540 2485 4613 ταμένης
2519 4559 2529 4571 ·
2566 4564 2593 4591 ι(
2628 4543 2761 4596 Παῖε
2788 4540 2904 4594 κατ’
2936 4536 3071 4612 ἐμοῦ
3115 4536 3311 4595 λοιπόν
3349 4555 3363 4570 ·
3396 4534 3619 4612 ἕτοιμος
3649 4538 3746 4612 γάρ
3776 4533 3875 4604 εἶμι

491 4630 561 4684 de
593 4629 819 4685 excelsa
860 4629 1008 4686 881
1073 4629 1173 4685 illa
1230 4631 1368 4686 sede
1421 4630 1770 4701 surrexisse,
1830 4647 1894 4686 ac
1926 4632 1995 4687 ad
2038 4648 2134 4688 eos

2246 4630 2333 4687 καὶ
2382 4627 2533 4694 αὖθις
2561 4629 2693 4703 ὑπὲρ
2738 4628 3037 4702 ἀνθρώπων
3087 4628 3519 4701 ἀνασωζομένων
3566 4631 3771 4693 παθεῖν,
3798 4621 3879 4677 καὶ

489 4736 680 4791 usque
710 4719 1024 4792 benignam
1061 4719 1175 4775 illis
1209 4737 1449 4776 manum
1475 4720 1868 4791 porrigentem
1893 4722 2134 4779 descen-

488 4809 669 4867 disse.
703 4809 960 4881 Angelos
990 4810 1127 4865 item
1160 4810 1429 4882 cumipso
1453 4809 1655 4877 simul,
1689 4808 1873 4866 alium
1900 4809 2137 4867 aliunde

488 4903 884 4971 assumentes,
944 4916 1049 4971 pro
1109 4899 1251 4954 viris
1310 4898 1429 4954 illis
1461 4898 1771 4967 restitisse,
1820 4898 2138 4972 Jesumque

486 4988 673 5061 Carpo
707 5006 885 5045 manu
912 4989 1114 5045 adhuc
1146 4991 1377 5045 extenta
1409 4987 1626 5044 dixisse
1653 5005 1713 5042 τα
1735 4988 2020 5062 Deinceps
2046 5006 2139 5046 me

486 5077 778 5135 hostiliter
810 5083 1070 5152 percute,
1105 5090 1345 5151 paratus
1376 5078 1533 5133 enim
1568 5094 1701 5134 sum
1737 5096 1842 5147 pro
1876 5079 2138 5136 homini-

486 5168 599 5224 bus
630 5170 842 5225 iterum
878 5169 1182 5226 servandis
1214 5172 1460 5224 mortem
1513 5173 1807 5241 oppetere.
1844 5170 1959 5225 Hoc
1992 5170 2140 5226 mihi

2246 4717 2547 4796 προσφιλές
2599 4740 2691 4791 μοι
2731 4721 2916 4786 τοῦτο,
2977 4718 3052 4789 μὴ
3102 4714 3289 4773 ἄλλων
3335 4715 3746 4792 ἁμαρτανόντων
3802 4711 3879 4766 ἀν-

2248 4809 2503 4884 θρώπων.
2538 4808 2690 4876 Πλὴν
2724 4808 2845 4881 ὅρα,
2877 4804 2927 4863 εἴ
2954 4804 3139 4869 καλῶς
3171 4801 3289 4881 ἔχει
3322 4826 3408 4863 σοι
3436 4807 3538 4876 τὴν
3569 4806 3619 4862 ἐν
3666 4809 3745 4877 τῷ
3788 4799 3880 4877 χά-

2250 4920 2411 4973 σματι
2458 4898 2547 4954 καὶ
2600 4898 2735 4972 μετὰ
2788 4900 2896 4953 τῶν
2969 4892 3142 4971 ὄφεων
3219 4897 3391 4970 μονήν
3469 4893 3879 4967 ἀνταλλάξασθαι

2246 4997 2346 5060 τῆς
2399 4988 2533 5063 μετὰ
2583 4992 2715 5044 Θεοῦ
2761 4986 2852 5042 καὶ
2904 4991 3012 5042 τῶν
3064 4986 3280 5061 ἀγαθῶν
3335 4986 3425 5041 καὶ
3497 4983 3876 5065 φιλανθρώπων

2249 5077 2519 5155 ἀγγέλων.
2552 5102 2580 5131 ››
2612 5075 2791 5134 Ταῦτά
2823 5074 2963 5135 ἐστιν
2998 5075 3030 5133 ἃ
3060 5074 3170 5151 ἐγὼ
3200 5075 3476 5146 ἀκηκοὼς,
3499 5073 3734 5132 πιστεύω
3761 5070 3880 5137 niln-

2252 5171 2321 5241 θῆ
2352 5169 2509 5226 εἶναι.

485 5262 823 5328 pergratum
868 5257 1060 5325 fuerit,
1094 5258 1231 5313 dum
1279 5274 1350 5313 ne
1382 5258 1571 5312 caeteri
1604 5257 1875 5314 homines
1921 5267 2181 5332 peccent.
2228 5266 2469 5319 Intuere
2500 5262 2779 5331 prseterea
2811 5272 2952 5314 num
2987 5255 3120 5313 usui
3153 5254 3254 5311 tibi
3294 5256 3562 5311 futurum
3586 5254 3683 5322 sit,
3701 5252 3798 5307 hec
3827 5248 3877 5302 in

483 5346 593 5403 hac
623 5347 896 5419 voragine
937 5352 993 5403 et
1035 5365 1166 5404 cum
1219 5348 1592 5420 serpentibus
1641 5348 2026 5420 domicilium,
2064 5369 2195 5409 cum
2236 5353 2337 5409 Dei
2372 5368 2437 5409 ac
2469 5351 2781 5416 bonorum,
2806 5351 2864 5402 et
2902 5345 3144 5403 humani
3187 5343 3421 5417 generis
3460 5339 3873 5416 peramantium

483 5437 833 5511 angelorum
862 5439 1155 5496 consortio
1178 5444 1536 5513 permutare.
1564 5461 1592 5489 »
1646 5439 1777 5495 Haec
1816 5446 1955 5498 sunt
1998 5459 2126 5513 quae
2168 5459 2271 5515 ego
2303 5442 2523 5512 audivi,
2554 5454 2811 5509 veraque
2842 5454 2971 5495 esse
3001 5437 3197 5497 credo.

547 5655 800 5713 Omnino
830 5658 1050 5714 sanein
1084 5658 1435 5714 admiranda
1478 5658 1579 5713 illa
1624 5658 1847 5714 visione
1905 5658 2122 5726 divina,

471 5746 831 5821 amplissimi
861 5750 1183 5808 sacerdotis
1204 5750 1581 5807 clementiam
1614 5749 1769 5807 circa
1796 5766 1983 5822 genus
2014 5750 2124 5806 hu-

2307 5658 2611 5733 ’Πγάσθητε
2661 5652 2727 5725 δὴ
2773 5657 2990 5717 πάντως
3041 5658 3138 5710 τοῦ
3191 5653 3433 5724 ἀξιοθέου
3465 5652 3765 5730 ἀρχιερέως
3806 5644 3869 5733 Δτὸ

2233 5746 2356 5822 περὶ
2386 5746 2448 5802 τὸ
2480 5744 2763 5823 ὁμόφυλον
2801 5744 3077 5818 συμπαθὲς
3108 5740 3212 5820 οὐχ
3242 5746 3404 5811 ἧττον
3436 5746 3469 5813 ἢ
3500 5744 3595 5810 τήν
3648 5743 3738 5794 τοῦ
3786 5730 3865 5789 ὅνσ
