4020 6358
115 393 208 448 653

1125 391 1315 455 VlTA,
1356 388 1694 446 AUCTORE
1733 389 2102 444 MICHAELE
2139 391 2488 445 SYNGELO.

3395 393 3501 446 654

114 539 210 580 τως
261 513 463 588 ἀγαθοῦ
522 510 608 567 καὶ
667 510 1107 587 θεαρχικωτατου
1179 512 1442 586 ἳερςὶρχου
1501 513 1744 586 Χριστοῦ

1890 530 2107 568 nanum
2140 531 2251 569 non
2289 516 2485 572 minus
2519 515 2793 571 admirati
2827 516 2988 583 estis,
3041 529 3216 586 quam
3277 514 3526 572 clemen-

116 605 226 681 περὶ
255 606 399 676 ἡμᾶς
449 599 780 676 ἀγαθότητα,
840 607 937 670 τῆς
994 601 1426 672 ἀξιοθαυμάστου
1497 601 1750 665 θεοπτίας

115 693 301 764 ταότης
361 691 664 761 πυθόμενοι
701 707 714 721 ⁶
777 691 862 745 καὶ
912 688 988 744 ἔτι
1043 690 1308 762 μειζόνως
1362 691 1748 764 ἀγασθήσεσθε,

118 784 156 837 εί
193 786 294 836 τῶν
342 775 724 836 ἀποστολικῶν
787 779 1039 855 ἀγώνων,
1093 780 1182 834 καὶ
1243 777 1462 854 δρόμων
1516 780 1605 834 καὶ
1649 800 1752 856 χα-

117 871 373 944 ρισμάτων
426 869 746 938 ἀκούσεσθε,
822 868 902 931 οἷς
959 870 1382 942 καταγλαϊσθεῖς
1439 871 1552 922 καθ’
1615 869 1752 938 ὅλην

117 963 203 1030 τήν
260 956 590 1032 οῗκουμένην
646 955 965 1031 διέλαμψεν.
1033 958 1109 1014 Οὔ
1169 958 1266 1032 γὰρ
1329 956 1631 1027 Ἀθηναίων
1689 960 1752 1025 ἦν

115 1049 304 1122 ποιμήν
349 1047 440 1102 καὶ
495 1044 820 1111 διδασκαλος
874 1048 1063 1119 μόνον,
1106 1045 1253 1102 ἀλλὰ
1300 1048 1390 1102 καί
1435 1043 1760 1110 διδασκαλος

122 1136 471 1205 διδασκάλων,
505 1135 597 1190 καὶ
647 1136 856 1208 ποιμὴν
903 1137 1202 1209 ποιμένων,
1236 1135 1323 1190 καὶ
1354 1133 1638 1206 διαιτητὴς
1669 1134 1758 1190 καὶ

122 1226 432 1299 θεσμοθέτης
468 1245 480 1258 ο
529 1221 654 1280 οὐδὲ
717 1224 916 1299 μέχρις
967 1223 1236 1288 Ἑλλάδος
1288 1226 1314 1278 ὁ
1366 1222 1571 1298 δρόμος
1615 1222 1760 1296 αὕτῷ

121 1316 450 1392 περιώριστο,
487 1312 634 1368 ἀλλά
674 1313 763 1369 καὶ
812 1315 976 1389 μέχρι
1025 1318 1122 1368 τοῦ
1149 1311 1480 1388 Ἰλλυρικοῦ,
1509 1318 1604 1368 τοῦ
1633 1315 1758 1368 καθ-

124 1404 370 1479 ηγεμόνος
432 1402 602 1458 αὐτοῦ
659 1401 749 1458 καὶ
823 1404 1098 1479 ἱεροθέτου
1189 1401 1407 1458 Παύλου
1473 1402 1764 1476 παραπλή-

123 1491 678 1561 σιος.Ἀποστολικὴν
731 1493 834 1567 γὰρ
900 1492 1057 1566 χάριν
1109 1492 1196 1546 καὶ
1250 1491 1490 1564 σημείων
1531 1489 1757 1562 δύναμιν

125 1581 374 1660 εἷληφὼς,
408 1579 819 1654 ἀποστολικῶς,
865 1581 954 1636 οἷά
1000 1603 1082 1642 τις
1132 1581 1358 1651 πτηνὸς,
1390 1582 1616 1636 πάντοσε
1650 1577 1759 1634 διέ-

124 1671 266 1746 τρεχέ
294 1692 373 1740 τε,
406 1671 498 1726 καὶ
551 1671 614 1726 τὸ
671 1678 771 1741 τῆς
833 1665 1004 1734 ὅντως
1067 1676 1213 1739 ζωῆς
1275 1668 1760 1746 Εὐαγγέλιονέκή-

128 1781 312 1835 ρυττεν,
348 1758 746 1822 ἀποστοὶιικαῖς
796 1761 1056 1836 σαγήναις
1108 1759 1200 1814 καὶ
1245 1761 1540 1834 πανάγροις
1585 1757 1759 1821 λίνοις

130 1853 327 1926 ζωγρῶν
357 1848 446 1904 καὶ
511 1848 947 1924 αἰχμαλωτίζων
1003 1849 1062 1904 ἐκ
1108 1853 1204 1904 τοῦ
1261 1856 1360 1919 τῆς
1418 1847 1629 1925 ἀγνοίας
1666 1849 1760 1923 βυ·
1796 1891 1843 1962 Β

130 1944 202 1962 Λ-“’
234 1941 354 1962 --Ἵ-
407 1939 456 1962 ,3
529 1942 627 1962 _,“,'_
687 1935 764 1962 1\,
798 1937 938 1962 n-!_n4
1008 1943 1115 1962 νῖννμ
1171 1937 1246 1962 7-3
1281 1960 1294 1962 _
1348 1938 1485 1962 --κεῖ-μ
1549 1935 1762 1962 _\_'.U_,_

126 1944 206 2002 θοῦ
229 1941 355 2014 πρὸς
403 1939 466 1994 τὸ
525 1942 627 2003 τῆς
681 1935 939 2009 ἀληθείας
1002 1943 1116 2006 φῶς
1167 1937 1295 2001 τοὺς
1341 1938 1517 2010 σκότῳ
1546 1935 1763 2007 πλάνης

125 2029 564 2103 κεκρατημένους.
625 2030 743 2082 ’Ὁτι
797 2028 894 2100 μὲν
950 2027 1049 2104 γὰρ
1106 2033 1219 2092 τοῖς
1274 2029 1411 2082 κατὰ
1470 2025 1767 2104 διαφόρους

127 2119 321 2192 χώρους
377 2117 468 2172 καὶ
528 2118 731 2187 νήσους
800 2115 1103 2186 ἐκκλησιῶν
1171 2117 1470 2192 ἡγεμονίαν
1537 2116 1626 2171 καὶ
1687 2113 1766 2170 δι-

135 2203 400 2264 δασκαλίαν
453 2207 932 2280 πεπιστευμένοις,
984 2208 1059 2272 ὡς
1105 2204 1429 2269 διδάσκαλος
1477 2208 1565 2262 καὶ
1611 2225 1769 2280 κορυ-

130 2297 266 2373 φαῖός
291 2317 372 2357 τις
423 2294 606 2359 ἄλλος
656 2295 990 2364 ἀπόστολος,
1042 2298 1324 2368 ὑποθήκας
1381 2294 1768 2358 διδασκαλικὰς

130 2385 202 2438 καὶ
234 2385 484 2457 μυστικὰς
539 2382 774 2460 διδαχάς
825 2384 1126 2455 ὑπετίθετο,
1167 2391 1349 2464 σαφῶς
1387 2382 1766 2462 διαγγέλλουσι

133 2472 186 2526 τὰ
212 2473 338 2548 πρὸς
393 2473 524 2537 τοὺς
586 2473 871 2551 Ἐφεσίων,
929 2475 1018 2529 καὶ
1068 2477 1412 2550 Σμυρναίων,
1471 2475 1558 2528 καὶ
1613 2476 1766 2548 Κρη-

135 2567 224 2616 τῶν
255 2563 690 2639 πανιερωτάτους
743 2562 832 2618 καὶ
885 2564 1017 2640 πρὸς
1065 2565 1238 2620 αὐτῶν
1300 2570 1404 2619 τῶν
1461 2570 1559 2632 τῆς
1603 2564 1765 2636 ἁγιω-

143 2653 286 2722 τάτης
339 2651 667 2723 Ἐκκλησίας
728 2652 1020 2726 θεμελίων,
1078 2659 1183 2708 τῶν
1244 2652 1564 2710 ἀποστόλων
1600 2652 1764 2728 λέγω,

140 2740 792 2817 προκεχειροτονημένους
881 2740 1206 2818 προέδρους,
1294 2743 1588 2816 Τιμόθεον,
1675 2743 1762 2797 καὶ

140 2829 501 2907 ιιολόκαρπον,
562 2832 654 2888 καὶ
708 2830 892 2900 Τίτον,
950 2832 1094 2904 αὐτῷ
1182 2834 1579 2908 διηγορευμὲνα
1632 2829 1765 2906 δόγ-

141 2940 279 2992 ματα,
309 2922 396 2978 καὶ
449 2923 960 2997 μυσταγωγήματα,
1019 2923 1105 2976 καὶ
1157 2919 1530 2996 διατάγματα·
1593 2920 1674 2976 ὅτι
1709 2918 1766 2975 δὲ

136 3009 209 3063 καὶ
263 3007 459 3084 δρόμον
520 3010 893 3068 ἀποστολικὸν
971 3011 1236 3084 τετέλεκε,
1296 3012 1384 3067 καὶ
1441 3009 1765 3087 παραδόξοις

139 3099 569 3177 θαυματουργίαις
628 3099 806 3164 θεόθεν
886 3097 1220 3171 δεδόξασται,
1292 3100 1478 3158 πολλά
1524 3103 1619 3173 μὲν
1676 3100 1765 3155 καὶ

142 3185 262 3244 ἀλλὰ
288 3191 639 3259 πιστώσεται,
670 3192 788 3246 καθ’
834 3189 866 3244 ἃ
912 3190 1120 3265 προϊὼν
1181 3192 1209 3246 ὁ
1260 3188 1446 3266 λόγος,
1475 3191 1598 3253 τοὺς
1629 3211 1766 3263 μαρ-

1864 603 2078 658 tissimi
2139 619 2298 680 erga.
2335 622 2441 660 nos
2500 605 2720 661 summi
2778 622 2844 661 ac
2903 605 3142 660 maximi
3199 604 3522 661 sacerdotis

1863 691 2078 747 Christi
2111 692 2689 764 benignitatem.Hac
2705 693 2904 749 audita
2933 693 3525 750 vehementiusetiam

1865 781 2328 850 admirabimini,
2361 783 2410 840 si
2440 783 2765 856 apostolica
2809 783 3134 840 certamina
3191 799 3523 854 cursusque

1867 875 2042 942 atque
2073 871 2228 927 dona
2255 872 2514 928 cmlestia
2543 872 2875 943 audieritis,
2907 873 3125 942 quibus
3157 870 3418 928 illustris
3439 872 3520 928 fa.-

1867 964 1992 1016 etus
2021 977 2123 1031 per
2151 965 2340 1017 totum
2371 961 2569 1018 orbem
2604 968 2890 1018 terrarum
2921 960 3183 1020 emicuit.
3216 960 3342 1016 Non
3363 959 3521 1018 enim

1867 1049 2313 1106 Atheniensium
2345 1050 2537 1108 solum
2569 1055 2771 1123 pastor
2802 1056 2857 1107 et
2916 1049 3197 1120 magister
3251 1047 3382 1114 fuit,
3424 1049 3522 1106 sed

1870 1137 2149 1211 magister
2170 1139 2612 1211 magistrorum,
2637 1145 2833 1211 pastor
2856 1143 3188 1212 pastorum,
3207 1153 3524 1193 causarum

1870 1229 2154 1301 cognitor,
2185 1234 2241 1284 et
2272 1229 2469 1301 legum
2500 1229 2649 1286 lator
2678 1230 2808 1285 fuit.
2851 1229 3053 1302 Neque
3083 1229 3142 1284 in
3196 1228 3427 1284 Graeciaa
3459 1226 3524 1280 ﬁ-

1871 1317 2045 1373 nibus
2075 1335 2286 1374 cursus
2315 1318 2399 1373 illi
2435 1319 2786 1376 tsrminatus
2815 1322 2922 1385 est,
2959 1319 3061 1375 sed
3114 1333 3303 1389 usque
3337 1316 3521 1388 Illyri-

1870 1421 1999 1462 cum
2023 1407 2274 1463 Paulum
2297 1408 2501 1464 ducem
2521 1425 2695 1464 suum
2717 1412 2773 1464 et
2792 1424 3097 1464 sacrorum
3121 1406 3522 1462 institutorem

1870 1495 2132 1565 proxime
2181 1499 2418 1551 secutus
2451 1501 2560 1552 est.
2593 1497 2739 1551 Cum
2771 1497 2928 1552 enim
2960 1494 3345 1567 apostolicam
3386 1509 3523 1565 gra~

1870 1583 2016 1638 tiam
2057 1588 2113 1639 et
2157 1585 2460 1655 signorum
2526 1589 2875 1656 potestatem
2933 1584 3276 1656 accepisset,
3335 1581 3527 1637 instar

1871 1672 2126 1742 Apostoli
2161 1674 2374 1744 ubique
2403 1679 2688 1746 tanquam
2722 1673 2845 1730 avis
2885 1673 3281 1744 percurrebat,
3341 1671 3526 1726 Evan-

1871 1760 2090 1833 gelium
2118 1779 2261 1818 vera:
2292 1763 2418 1818 vite
2468 1764 2846 1834 praedicabat,
2899 1763 3137 1834 sagenis
3182 1759 3522 1832 apostolicis

1873 1851 2232 1922 ratibusque,
2263 1853 2479 1924 quibus
2537 1853 2649 1908 vivi
2707 1852 2976 1908 homines
3035 1854 3404 1922 caperentur,
3456 1864 3525 1904 ex

1877 1939 2265 2012 ignorationis
2299 1942 2609 2014 profundo,
2643 1942 2858 1997 erroris
2914 1940 3166 2011 caligine
3211 1953 3523 2010 oppressos

1878 2032 1949 2086 ad
1981 2031 2242 2087 veritatis
2270 2031 2460 2088 lucem
2494 2031 2867 2103 provehsbat.
2900 2030 3046 2086 Nam
3077 2029 3230 2100 quod
3287 2027 3363 2082 iis
3393 2025 3524 2098 qui-

1879 2119 1986 2176 bus
2018 2137 2120 2192 per
2146 2121 2338 2177 varias
2371 2120 2637 2192 regiones
2669 2124 2842 2191 atque
2873 2119 3098 2176 insulas
3128 2116 3521 2173 Ecclesiarum

1876 2211 2220 2282 praefectura
2247 2210 2628 2280 officiumque
2649 2210 3049 2266 concreditum
3071 2211 3217 2273 erat,
3241 2211 3524 2278 tanquam

1876 2300 2080 2355 doctor
2107 2305 2164 2356 et
2193 2299 2345 2356 alius
2377 2300 2620 2371 quidam
2651 2315 2924 2355 summus
2973 2296 3296 2370 apostolus,
3338 2311 3530 2352 exem-

1877 2389 2062 2460 plaria
2089 2391 2385 2455 doctrinis,
2427 2394 2484 2446 et
2533 2389 2757 2445 monita
2806 2388 3106 2445 recondita
3155 2388 3527 2458 proponeret,

1875 2483 2076 2550 aperte
2107 2477 2408 2534 declarant
2437 2478 2539 2534 illa
2596 2478 2795 2534 divina
2824 2483 2882 2532 et
2937 2476 3185 2548 mystica
3242 2477 3532 2546 praecepta

1876 2584 2004 2638 quae
2037 2567 2107 2622 ab
2140 2567 2266 2638 ipso
2298 2567 2516 2623 tradita
2537 2566 2814 2638 leguntur
2836 2563 3227 2621 sanctissimis
3247 2561 3529 2635 Ephesio.-

1875 2674 2028 2724 rum,
2062 2657 2506 2728 Smyrnensium
2539 2661 2712 2727 atque
2742 2656 3113 2712 Cretensium
3143 2652 3530 2724 praesulibus,

1876 2746 2202 2810 Timotheo,
2234 2745 2549 2816 Polycarpo
2605 2750 2665 2800 et
2717 2746 2864 2812 Tito,
2929 2761 3074 2816 quos
3131 2744 3263 2814 ipsa
3332 2758 3535 2798 sacro.—

1875 2840 2088 2891 sanctae
2121 2834 2387 2890 Ecclesia:
2418 2835 2827 2904 fundamenta,
2857 2833 3153 2905 apostolos
3198 2831 3428 2903 loquor,
3468 2832 3528 2886 in

1877 2925 2184 2996 episcopos
2216 2923 2616 2995 designarant.
2651 2925 2814 2988 Quod
2870 2939 3004 2978 vero
3051 2938 3292 2978 cursum
3350 2920 3532 2976 etiam

1875 3013 2262 3085 apostolicum
2295 3013 2620 3083 perfecerit,
2651 3019 2710 3068 et
2739 3011 3107 3069 admirandis
3138 3009 3313 3066 editis
3357 3009 3534 3064 mira—

1877 3104 2026 3159 culis
2055 3103 2338 3158 divinitus
2367 3102 2659 3175 gloriosus
2693 3102 3049 3174 apparuerit,
3071 3099 3259 3156 multa
3288 3098 3532 3170 quidem

1887 3192 2088 3261 et,{alia
2119 3193 2290 3247 ﬁdem
2321 3192 2554 3258 facient,
2588 3192 2806 3263 quibus
2837 3207 3092 3262 sequens
3125 3190 3333 3256 oratio,
3367 3187 3537 3260 quasi

143 3278 390 3350 τυρικοὺς,
449 3280 540 3342 οὓς
597 3280 1038 3355 καρτερικώτατα
1086 3277 1357 3350 διήνυκεν,
1405 3280 1602 3344 ἄθλους
1653 3281 1775 3333 ὑπα-

1894 3283 1950 3336 in
1983 3287 2348 3350 transcursu,
2382 3281 2813 3336 manifestando
2845 3283 3143 3352 percurret
3181 3277 3384 3350 gravia
3414 3293 3539 3332 cer-

149 3367 360 3441 γορεόων
392 3367 789 3440 διεξελεύσεται
824 3388 835 3402 ⁸

154 3457 229 3511 τὸν
267 3462 359 3525 τῆς
414 3459 672 3535 ἑσπερίου
752 3457 962 3529 λήξεως
1039 3460 1399 3536 ἀφαρπάσασαι
1445 3459 1643 3537 νεφέλη
1689 3461 1780 3514 καὶ

158 3549 518 3624 μετεωρίσασα,
579 3548 668 3602 καὶ
721 3547 1052 3624 ἀεροπόρον,
1106 3550 1180 3610 ὡς
1230 3550 1319 3604 καὶ
1364 3549 1488 3612 τοὺς
1546 3551 1780 3624 ἀκροτά-

163 3654 269 3700 τους
297 3636 517 3700 θεόπτας
549 3637 643 3698 καὶ
692 3636 984 3711 θεολόγους
1013 3637 1374 3706 ἀποστόλους,
1409 3636 1578 3693 ἄλλον
1614 3636 1783 3693 ἄλλο·

164 3722 233 3778 θεν
262 3730 358 3782 τῶν
385 3734 486 3797 τῆς
543 3733 650 3804 γῆς
702 3727 948 3802 περάτων
1007 3727 1321 3799 ἐξαπιναίως
1379 3728 1466 3782 ἐπὶ
1522 3728 1619 3796 τὴν
1651 3749 1783 3782 παν-

169 3807 429 3888 σεϐἀσμιον
512 3814 883 3892 Ἱεροτσαλὴμ
964 3817 1316 3894 ἀπα-(αγοῦσα
1398 3819 1495 3885 τήν
1573 3819 1789 3873 πάντων

169 3906 477 3977 Χριστιανῶν
512 3907 914 3980 κοινομήτορα,
961 3907 1053 3962 κάκ.
1095 3911 1163 3980 τῇ
1215 3912 1320 3962 τῶν
1373 3907 1528 3961 θείων
1585 3929 1787 3980 μυστη-

171 3989 280 4062 ρίων
315 3993 614 4070 ἀκροπόλει
655 3995 798 4049 Σιὼν
846 3998 915 4069 τῇ
969 3995 1135 4072 μητρὶ
1183 4001 1290 4051 τῶν
1343 3995 1647 4067 ἐκκλησιῶν
1675 4002 1790 4058 τοῖς

171 4079 375 4148 Χριστοῦ
427 4087 718 4160 φοιτηταῖς
778 4083 1072 4158 συνάψασα,
1132 4083 1221 4139 ὅτε
1265 4086 1327 4140 τὸ
1369 4092 1470 4154 τῆς
1513 4087 1791 4161 πανάγνου

176 4173 492 4247 Θεομήτορος
534 4169 826 4241 ἐκηδεύετο
877 4171 1150 4246 λείψανον,
1183 4178 1249 4248 τῇ
1300 4171 1394 4229 τοῦ
1429 4174 1591 4244 αὐτῆς
1625 4173 1794 4251 ἀφρά-

179 4277 294 4319 στως
324 4262 735 4338 σεσαρκωμένου
782 4282 840 4316 τε
889 4262 978 4318 καὶ
1027 4265 1415 4339 γεγεννημένου
1448 4269 1580 4318 Θεοῦ
1622 4263 1797 4338 Λόγου

178 4353 533 4426 καταφοιττςσει
595 4350 684 4406 καὶ
771 4349 1132 4426 περιπολήσει
1216 4354 1634 4430 γεραιρόμενον,
1709 4353 1795 4407 καὶ

180 4441 278 4498 ταῖς
327 4435 760 4513 οὐρανοὸάμοσιν
841 4440 1160 4516 ἀγγελικαῖς
1236 4442 1412 4512 τάξεσι
1473 4440 1803 4519 δορυφορού-

189 4544 344 4598 μενον,
375 4529 474 4584 κάκ
502 4536 602 4599 τῆς
651 4531 793 4583 Σιὼν
828 4529 914 4584 ἐπὶ
962 4537 1282 4603 Γεθσημανῆ
1331 4533 1392 4586 τὸ
1434 4531 1803 4606 οὖρανομίμη-

892 3367 1130 3442 μάλιστα
1176 3367 1232 3424 δὲ
1367 3369 1651 3446 μετάρσιον
1679 3370 1772 3423 αὐ-

1888 3370 2107 3427 tamina
2137 3387 2266 3441 quae
2299 3369 2394 3425 ille
2413 3369 2734 3426 fortissime
2757 3369 3078 3424 dimicavit.
3102 3368 3211 3423 Sed
3248 3367 3306 3422 in
3331 3366 3541 3437 primis

1889 3461 2078 3516 nubes
2108 3459 2209 3514 illa
2240 3477 2365 3531 quas
2397 3461 2470 3515 ab
2503 3460 2825 3515 occidentis
2864 3459 3136 3531 partibus
3193 3457 3540 3527 subreptum

1891 3547 2208 3604 sublimem
2233 3549 2386 3604 δεδι
2409 3549 2604 3619 ipsum
2636 3547 2905 3615 abstulit,
2938 3563 3158 3619 perque
3193 3562 3383 3602 aerem
3416 3561 3543 3601 am-

1893 3638 2197 3694 butantem
2231 3643 2288 3694 et
2317 3637 2534 3716 elatum
2559 3638 2822 3705 abduxit,
2848 3636 2935 3691 uti
2959 3636 3136 3692 etiam
3161 3651 3422 3693 sommos
3444 3634 3542 3690 Dei

1894 3729 2254 3800 inspectores
2280 3731 2337 3782 et
2365 3727 2671 3800 theologos
2701 3725 3020 3798 apostolos,
3071 3725 3256 3782 alium
3312 3723 3549 3780 aliunde

1897 3822 2134 3890 repente
2163 3833 2194 3872 e
2218 3817 2432 3873 ﬁnibus
2456 3821 2619 3873 terras
2648 3817 2709 3871 in
2730 3816 3174 3872 celeberrimam
3196 3820 3252 3871 et
3285 3830 3548 3872 commu-

1903 3923 2036 3962 nem
2067 3907 2328 3962 omnium
2360 3906 2825 3963 Christianorum
2877 3911 3124 3962 matrem
3183 3903 3548 3962 Hierusalem

1901 3997 2242 4069 aspertavit,
2269 4000 2326 4052 et
2356 3997 2414 4051 in
2458 3997 2687 4052 excelsa
2742 3997 3072 4052 divinorum
3135 3993 3549 4066 mysteriorum

1905 4102 2035 4141 arce
2064 4085 2201 4141 Sion
2235 4085 2626 4141 Ecclesiarum
2657 4092 2842 4140 matre
2872 4085 3097 4140 ceteris
3125 4082 3343 4139 Christi
3369 4081 3548 4138 disci-

1907 4174 2062 4247 pulis
2093 4173 2404 4246 copulavit,
2457 4192 2590 4229 cum
2623 4174 2736 4238 ,Dei
2797 4173 3000 4228 Matris
3057 4172 3551 4228 innocentissimo:

1907 4263 2132 4334 corpori
2154 4265 2319 4334 justa
2351 4263 2842 4334 persolverentur,
2876 4262 3029 4333 quod
3063 4262 3136 4316 ob
3166 4260 3392 4316 editum
3427 4260 3553 4316 Filii

1910 4352 2010 4406 Dei
2042 4357 2296 4422 partum,
2330 4351 2429 4424 qui
2463 4369 2530 4407 ex
2558 4352 2690 4422 ipsa
2722 4354 2893 4406 natus
2927 4355 3017 4406 est
3045 4353 3103 4405 et
3133 4353 3328 4406 ortum
3361 4348 3556 4404 carnis

1910 4440 2284 4498 ineffabilitcr
2313 4442 2554 4513 accepit,
2587 4458 2721 4496 cum
2753 4455 2935 4511 eaque
2990 4439 3364 4494 familiariter
3392 4437 3556 4506 vixit,

1915 4529 2102 4602 magis
2142 4530 2466 4585 honoribus
2497 4535 2735 4586 auctum
2763 4547 2795 4584 a
2850 4528 3186 4584 caelestibus
3218 4528 3558 4599 angelorum

185 4631 258 4664 τον
286 4614 436 4686 αὐτῆς
487 4620 716 4692 τέμενος
773 4623 892 4680 ταῖς
941 4623 1195 4696 παναγέσι
1241 4621 1328 4674 καὶ
1379 4621 1542 4684 θείαις
1569 4621 1770 4674 ἀποστο

1913 4619 2220 4674 ordinibus
2249 4619 2504 4690 plurima
2530 4637 2660 4676 cum
2685 4618 3131 4691 pompaelatum
3155 4625 3261 4674 est.
3282 4619 3351 4672 Et
3375 4617 3562 4688 ipsius

188 4696 340 4765 λικαῖς
369 4709 554 4781 κάραις
599 4729 658 4762 τε
704 4708 793 4762 καὶ
841 4708 1065 4770 ὠλέναις
1113 4706 1523 4787 μεταιρόμενον,
1568 4711 1657 4764 καὶ
1687 4715 1803 4771 ταῖς

193 4799 683 4868 πνευματοκινήτοις
735 4795 1063 4876 πυροειδέσι,
1148 4801 1236 4853 καὶ
1319 4798 1805 4874 θεολογικωτάταις

195 4874 435 4948 γλώτταις
481 4885 818 4961 ὑμνούμενόν
867 4909 925 4942 τε
979 4888 1069 4942 καὶ
1126 4885 1587 4963 δοξολογοῦμενον
1623 4908 1634 4920 ·

200 4962 478 5048 ὁλόκληρος
525 4975 659 5048 μετᾶ
701 4977 800 5046 τὴν
848 4975 899 5031 ἐν
957 4979 1198 5051 μνήματι
1245 4978 1521 5032 κατάθεσιν
1581 4979 1653 5040 εἰς
1707 4979 1804 5045 τὴν

201 5053 550 5138 ὑπερθυράνιον
612 5064 890 5146 ἀνελήφθη
945 5065 1103 5137 λῆξιν
1152 5069 1185 5138 ἡ
1238 5069 1452 5123 πάντων
1497 5071 1604 5121 τῶν
1655 5065 1810 5141 οὐρα-

201 5143 305 5201 νίων
363 5153 614 5232 ὑπερτέρα
688 5152 991 5229 δυνάμεων,

203 5234 415 5305 κτίσεως.

1688 4890 1803 4942 ὅθεν

1079 5157 1167 5211 καὶ
1244 5163 1424 5226 ﬂiam
1475 5154 1810 5225 δεσπόζουσα

212 5621 230 5636 ρ,
272 5542 466 5602 Καῦτοῦ
495 5549 588 5605 τοῦ
636 5551 992 5631 θεοφάντορος
1041 5551 1325 5607 ἀκουστέον
1359 5549 1761 5627 διαγορεάοντος
1801 5567 1814 5582 ’

216 5639 493 5713 ετεροςγάρ
549 5640 648 5697 οὐκ
704 5639 764 5697 ἂν
824 5641 906 5712 εἴη
973 5644 1175 5716 μάρτυς
1226 5641 1662 5715 ἀξιοπιστότερος
1695 5642 1819 5713 περὶ

218 5721 302 5786 τῆς
353 5723 785 5807 ἆγγελοπρεποῦς
837 5738 937 5802 τῆς
997 5729 1287 5808 ἰσαγγέλου
1343 5731 1562 5808 χορείας
1613 5730 1819 5801 ἐκείνης

1915 4708 2226 4764 delubrum
2261 4709 2594 4765 mirandum
2627 4709 2686 4764 in
2734 4709 2974 4764 modum
3006 4711 3369 4763 exstructum
3430 4723 3560 4760 san-

1917 4799 2198 4854 ctissimis
2231 4799 2561 4871 divinisque
2593 4798 2992 4871 apostolorum
3027 4797 3319 4868 capitibus
3361 4799 3416 4850 et
3439 4813 3562 4849 ma-

1917 4889 2092 4943 nibus
2123 4903 2192 4942 ex
2214 4888 2350 4943 Sion
2371 4887 2819 4944 inGethsemani
2840 4885 3214 4956 translatum,
3240 4883 3456 4956 linguis
3483 4883 3567 4936 di-

1916 4977 2048 5033 vino
2080 4975 2300 5048 Spiritu
2334 4977 2591 5049 percitis,
2616 4977 2808 5049 igneis
2854 4992 2920 5031 ac
2953 4973 3331 5030 divinissimis
3360 4971 3564 5028 lauda-

1917 5071 2043 5121 tum
2075 5070 2132 5122 et
2163 5064 2348 5138 gloria
2373 5066 2736 5122 cumulatum
2771 5069 2878 5121 est.
2913 5063 3060 5118 Hinc
3089 5062 3264 5134 Virgo
3308 5062 3567 5135 integer-

1920 5155 2088 5226 rima,
2125 5172 2248 5226 qua:
2281 5156 2559 5211 omnibus
2590 5154 2926 5210 caelestibus
2965 5150 3357 5225 potestatibus
3387 5149 3571 5207 subli-

1922 5246 2070 5299 mior
2099 5249 2209 5311 est,
2240 5247 2300 5300 et
2326 5244 2486 5300 omni
2518 5243 2799 5300 creationi
2849 5240 3209 5311 dominatur,
3264 5244 3396 5313 post
3425 5239 3573 5296 cele-

1922 5336 2151 5390 bratam
2183 5335 2313 5405 ejus
2347 5334 2694 5390 memoriam
2727 5333 2798 5388 ad
2832 5331 3238 5387 sublimiorem
3299 5329 3428 5386 cmli
3487 5346 3576 5384 re-

1925 5424 2126 5495 quiem
2151 5429 2239 5480 est
2269 5428 2598 5495 assumpta.

1999 5553 2069 5604 At
2099 5549 2278 5604 divini
2311 5548 2497 5620 ipsius
2529 5547 2812 5620 praeconis
2854 5546 3030 5601 verba
3077 5546 3371 5601 audienda
3401 5547 3577 5608 sunt;

1930 5655 2119 5710 neque
2150 5639 2307 5694 enim
2340 5640 2411 5693 de
2442 5637 2704 5710 angelico
2738 5653 2802 5692 ac
2829 5635 3248 5691 decentissime
3270 5635 3494 5692 choreae
3519 5632 3582 5686 il-

1928 5730 2044 5784 lius
2079 5747 2181 5801 per
2209 5746 2404 5786 aerem
2437 5728 2723 5787 evolantis
2754 5728 3007 5785 adventu
3058 5725 3226 5782 testis
3285 5725 3439 5781 alius
3468 5721 3581 5778 ﬁde
