4020 6358
244 403 350 458 657

1271 406 1462 470 νιΤΑ,
1505 403 1842 457 AUCTORE
1885 403 2257 457 MICHAELE
2295 405 2646 461 SYNGELO.

3564 416 3672 470 658

238 527 474 600 τυρικῶς
502 523 796 594 ἀθλήσειν,
855 525 942 578 καὶ
996 529 1114 599 τοῖς
1171 523 1354 580 λέουσι
1419 525 1555 600 βορά
1609 523 1744 577 κατὰ
1797 523 1885 590 τὴη

2015 524 2284 580 leonibus
2315 526 2562 598 imperio
2589 529 2822 599 Trajani
2865 534 3018 604 regis
3051 534 3218 590 cibus
3249 537 3668 610 projiciendus,

230 620 332 687 ¹τοῦ
364 614 630 689 τυράννου
677 613 947 689 Τραϊανοῦ
1003 615 1299 690 πρόσταξιυ
1353 610 1902 688 παραϐληθήσεσοαι,

236 703 358 780 περὶ
388 705 452 758 τὸ
504 707 606 767 τῆς
635 704 802 758 αὐτοῦ
832 704 1115 778 τυραννίας
1165 703 1382 768 ἔννατος
1423 702 1560 770 ἔτος,
1620 704 1752 756 κατὰ
1807 702 1898 756 τὸν

238 787 629 847 εὐσεϐεστάτων
689 797 1029 866 Χριστιανῶν
1089 790 1333 868 διωγμὸν
1387 792 1705 867 ἐγείραντος,
1766 792 1897 844 Ῥω-

237 881 420 954 μαίοις
451 880 791 936 ἐπιστέλλων
845 884 1131 960 γέγραφεν⁸
1185 884 1260 944 ὡς
1293 882 1354 936 ἐκ
1395 882 1591 937 τούτου
1650 877 1898 953 παραδη-

237 971 506 1039 λοῦσθαι,
564 971 700 1037 πρὸς
747 976 828 1044 τῷ
874 975 970 1026 τοῦ
1023 969 1259 1027 διώκτου
1309 969 1626 1043 τυραννίδος
1683 968 1898 1042 πέρατι,

232 1061 413 1121 καθὼς
472 1055 718 1136 ἔφϐημεν
779 1059 1058 1136 εἰρηκότες
1093 1105 1107 1130 ,
1157 1061 1248 1115 τὸν
1307 1057 1633 1136 ἱεροφάντην
1680 1077 1896 1132 μεμαρ-

231 1148 521 1223 τυρηκέναι
571 1148 869 1205 Διονύσιον.
910 1150 1050 1218 Πρὸς
1097 1147 1154 1204 δὲ
1203 1149 1292 1204 τὸν
1342 1155 1443 1218 τῆς
1499 1150 1732 1224 βροντῆς
1779 1147 1894 1200 υἱὸν

232 1237 324 1292 τὸν
384 1237 707 1310 ὑψηΛότατα
757 1237 848 1291 καὶ
906 1238 1040 1312 ὑπὲρ
1097 1239 1272 1292 πάντα
1323 1241 1444 1291 νοῦν
1485 1232 1778 1311 ἐγκόσμιὸν
1837 1256 1896 1290 τε

230 1327 316 1380 καὶ
368 1326 739 1402 ὑπερκόσμιον
789 1326 1168 1402 βροντήσαντά
1214 1349 1272 1382 τε
1319 1327 1408 1382 καὶ
1468 1327 1891 1399 θεολογήσαντα,

228 1414 689 1490 τρισμακάριστον
749 1417 974 1494 γράφων
1021 1416 1302 1488 Ἰωάννην,
1361 1414 1411 1470 ἐν
1475 1415 1679 1487 Πάτμῳ
1736 1435 1894 1489 περι-

231 1503 536 1576 ωρισμένον
570 1504 835 1583 ἀποφάσει
888 1510 1240 1579 Δομετιανοῦ,
1272 1509 1369 1560 τοῦ
1416 1506 1550 1578 μετά
1591 1504 1749 1559 Τίτον
1801 1505 1889 1559 τὸν

229 1591 466 1670 ἀδελφὸν
501 1593 666 1649 αὐτοῦ
722 1589 1200 1670 βεϐασιλευκότος,
1258 1595 1446 1673 (ἄμφω
1485 1595 1584 1669 γάρ
1641 1594 1890 1650 Οὐασπα-

228 1686 419 1736 σιανοῦ
448 1680 641 1745 παῖδες
669 1680 890 1757 ἤστην·)
949 1683 1075 1760 περί
1131 1685 1224 1740 τὸν
1279 1691 1379 1752 τῆς
1418 1683 1583 1738 αὐτοῦ
1616 1681 1893 1751 βασιλείας

227 1766 458 1845 ἔσχατον
535 1770 775 1828 ἐνιαυτὸν
854 1775 991 1828 κατά
1064 1777 1175 1828 τῶν
1233 1778 1439 1828 πιστῶν
1499 1771 1889 1842 λυττήσαντος,

227 1860 360 1935 φησὶ
398 1865 761 1938 προφητικῶς
791 1861 1174 1938 προαγορεύων
1208 1863 1316 1934 (καὶ
1365 1867 1713 1938 προφητικῆς
1763 1881 1886 1932 μετ-

225 1949 432 2025 ἐσχηκε
459 1951 737 2026 χάριτος)·
777 1976 804 2002 ‹‹
840 1953 1013 2024 ’Πμᾶς
1071 1948 1128 2006 δὲ
1185 1951 1341 2015 οὐθὲν
1398 1950 1708 2006 τούναντίον
1761 1950 1895 2009 ἀπο,

224 2039 476 2112 στερήσει
524 2045 625 2108 τῆς
697 2037 954 2094 Ἰωάννου
1007 2043 1301 2112 παμφαοῦς
1347 2038 1601 2110 ἀκτῖνος,
1653 2043 1742 2094 νῦν
1799 2041 1892 2112 μὲν

222 2125 638 2198 ἐντευξομένους
669 2131 738 2201 τῇ
791 2130 984 2202 μνήμη
1013 2127 1105 2182 καὶ
1151 2127 1432 2183 ἀνανεώσει
1462 2135 1562 2196 τῆς
1610 2131 1706 2197 σῆς
1752 2117 1891 2202 άληέ-

228 2219 358 2277 θοῦς
409 2214 720 2291 θεολογίας·
779 2218 971 2292 μικρὸν
1021 2215 1078 2271 δὲ
1127 2213 1349 2291 ὕστερον
1381 2216 1512 2294 (ἐρῶ
1539 2217 1661 2292 γὰρ,
1713 2217 1762 2271 εἰ
1803 2201 1892 2272 καἰ

225 2303 544 2380 τολμηρόν)
599 2306 728 2378 ὑμῖν
774 2307 963 2370 αὐτοῖς
1016 2305 1495 2380 ἐνωθησομένους.
1555 2307 1895 2379 Ἀξιόπιστος

219 2389 280 2447 δὲ
345 2395 566 2456 πάντως
628 2393 768 2468 εἷ’μὶ,
837 2396 905 2450 τὰ
961 2397 1388 2470 προεγνωσμένα
1437 2397 1618 2468 μαθὼν
1661 2396 1720 2451 ἐκ
1761 2402 1893 2451 Θεοῦ

213 2481 306 2536 καὶ
359 2479 564 2558 λέγων,
615 2485 699 2538 ὅτι
753 2483 972 2553 καὶτῆς
1005 2484 1058 2539 ἐν
1107 2487 1316 2557 Πάτμῳ
1346 2484 1594 2562 φυλακῆς
1620 2486 1887 2562 ἀφεθήσῃ,

215 2570 313 2625 καὶ
366 2571 443 2633 εἰς
489 2573 588 2642 τὴν
662 2571 946 2629 Ἀσιάτιδα
996 2581 1096 2649 γῆν
1157 2573 1472 2644 ἐπανήξεις,
1529 2574 1618 2628 καὶ
1678 2572 1890 2650 δράσεις

217 2659 330 2714 ἐκεῖ
377 2665 478 2715 τοῦ
535 2659 736 2735 ἀγαθοῦ
803 2664 1118 2736 μιμήματα,
1170 2665 1259 2718 καὶ
1289 2669 1406 2726 τοῖς
1442 2665 1575 2735 μετὰ
1606 2665 1661 2718 σὲ
1718 2685 1889 2739 παρα·

220 2747 439 2817 δώσεις,
478 2775 499 2801 ι
535 2754 642 2804 Τοῦ
677 2756 1006 2824 Δομετιανοῦ
1037 2757 1322 2828 τοιγαροῦν
1370 2759 1482 2826 μετ’
1512 2753 1574 2807 οὗ
1606 2752 1748 2808 πολὺ
1803 2775 1886 2808 τε·

218 2837 622 2908 τελευτηκότος
651 2841 785 2894 κατά
813 2841 912 2909 τήν
970 2845 1066 2895 τοῦ
1117 2842 1450 2916 χαρίσμασιν
1495 2843 1884 2908 ἀποστολικοῖς

223 2947 285 2980 τε
327 2927 419 2981 καὶ
475 2933 839 3006 προφητικοῖς
899 2926 1292 3004 διαπρέψαντος
1341 2931 1624 2985 Θεσπεσίου
1677 2934 1885 3008 ΙΙατρὸς

219 3015 571 3091 πρόρρησιν,
630 3017 919 3091 Νερούας,
972 3019 1071 3087 τὴν
1123 3017 1400 3092 βασιλείαν
1461 3017 1881 3094 διαδεξάμενος,

218 3104 348 3166 τοὺς
407 3105 460 3158 ἐν
515 3107 830 3182 ὖπερορίαις
891 3105 1268 3165 ἀνεκαλέσατο.
1330 3113 1633 3179 Τηνικαῦτα
1692 3109 1748 3164 δὶ
1793 3112 1882 3166 καὶ

222 3195 250 3248 ὁ
303 3195 560 3270 μέγιστος
616 3193 1008 3270 εὖαγγελιστὴς
1071 3197 1147 3259 εἰς
1177 3199 1275 3266 τήν
1308 3198 1569 3276 Ἐφεσίων
1612 3199 1881 3269 ἐπανῆλθε

2017 613 2172 668 circa
2221 631 2441 670 nonum
2500 618 2664 688 regni
2721 619 2911 688 ipsius
2961 637 3203 689 annum,
3249 626 3321 680 de
3371 627 3666 684 saevientis

2013 707 2215 757 contra
2235 704 2600 762 Christianos
2631 707 2870 777 pietatis
2903 712 3362 784 amantissimos,
3387 715 3670 774 Romanis

2011 807 2116 862 per
2146 790 2457 862 epistolam
2491 795 2747 867 scripsit.
2787 795 2859 858 Ut
2901 797 3037 852 hinc
3068 798 3311 870 liqueat,
3346 804 3456 857 sub
3488 804 3666 861 finem

2012 881 2328 951 tyrannicae
2361 883 2595 937 saevitiae
2626 884 2716 954 (ut
2751 885 2978 956 pridem
3012 887 3294 961 diximus)
3326 893 3662 964 Dionysium

2009 984 2310 1024 sacrorum
2345 971 2720 1043 interpretem
2770 981 3017 1030 mortem
3045 978 3413 1034 occubuisse.
3446 981 3666 1040 Verum

2010 1073 2142 1111 cum
2191 1059 2262 1112 ad
2317 1058 2724 1115 beatissimum
2760 1063 3045 1116 Joannem
3092 1064 3375 1120 scriberet
3414 1069 3668 1124 .tonitrui

2009 1145 2222 1214 filium,
2261 1164 2327 1202 ac
2367 1148 2644 1204 omnibus
2685 1167 2815 1204 cum
2865 1152 3134 1221 terrenis,
3166 1159 3292 1208 tum
3328 1154 3664 1213 caelestibus

2006 1234 2436 1306 sublimiorem,
2470 1237 2572 1307 qui
2603 1239 2673 1292 de
2707 1239 2883 1294 rebus
2914 1240 3131 1297 divinis
3182 1242 3373 1298 instar
3418 1245 3661 1300 tonitrui

2003 1323 2236 1379 locutus
2293 1331 2402 1395 est,
2449 1327 2669 1398 quique
2720 1327 2778 1382 in
2833 1329 3059 1400 Patrne,
3099 1331 3289 1386 edicto
3339 1332 3661 1390 Domitiani

2003 1419 2136 1484 post
2169 1414 2364 1469 Titum
2427 1416 2666 1471 fratrem
2725 1418 2854 1487 ejus
2915 1434 3161 1489 regnum
3223 1421 3419 1493 adepti
3465 1423 3661 1492 (ambo

2003 1503 2159 1557 enim
2191 1503 2536 1574 Vespasiani
2589 1504 2692 1560 filii
2742 1505 2946 1578 fuere),
2998 1507 3306 1576 exsulavit,
3340 1527 3472 1566 cum
3507 1511 3662 1568 circa

2005 1590 2279 1646 ultimum
2314 1595 2476 1664 regni
2518 1595 2646 1664 ejus
2679 1611 2896 1650 annum
2931 1601 3135 1652 contra
3185 1598 3388 1654 fideles
3422 1601 3660 1656 desaevi-

2002 1684 2108 1749 ret,
2139 1681 2477 1752 prophetice
2516 1682 2627 1738 hoc
2661 1685 2815 1755 (cum
2869 1684 3204 1741 futurorum
3259 1689 3658 1758 praedicendo-

2001 1785 2131 1824 rum
2169 1770 2358 1841 gratia
2399 1770 2720 1844 insignitus
2767 1779 2944 1843 esset)
2979 1777 3430 1846 praenuntiando
3463 1779 3609 1835 dixit
3642 1797 3655 1835 :

2004 1858 2158 1914 384
2199 1881 2227 1908 ‹‹
2282 1859 2399 1915 Nos
2455 1865 2613 1916 certe
2666 1861 2900 1917 nullum
2958 1863 3345 1920 infortunium
3405 1868 3659 1939 privabit

2004 1946 2249 2002 Joannis
2297 1949 2460 2004 radio
2510 1950 2709 2005 omnia
2759 1950 3159 2023 collustrante,
3206 1971 3364 2009 nunc
3414 1956 3656 2026 quidem

2006 2037 2344 2093 memoriam
2391 2042 2449 2094 et
2503 2038 2940 2096 innovationem
2988 2045 3102 2097 tuae
3150 2059 3293 2098 vera:
3350 2044 3654 2118 theologia:

2004 2131 2421 2183 consecuturos
2454 2146 2466 2184 :
2500 2129 2674 2200 paulo
2722 2146 2856 2186 vero
2905 2136 3040 2202 post
3068 2133 3283 2200 (dicam
3331 2134 3512 2203 enim,
3543 2135 3655 2191 etsi

2002 2214 2111 2270 hoc
2152 2216 2531 2272 temerarium
2561 2218 2850 2290 videatur)
2881 2220 3048 2277 vobis
3096 2220 3242 2292 ipsis
3288 2223 3656 2295 coniungen-

2001 2304 2126 2360 dos.
2161 2305 2302 2360 Sum
2335 2311 2530 2362 autem
2573 2307 2812 2364 omnino
2855 2309 2965 2364 ﬁde
2997 2310 3252 2382 dignior,
3285 2311 3335 2367 si
3365 2328 3433 2367 ea
3463 2329 3589 2383 quae
3622 2330 3656 2368 a

2001 2397 2114 2448 Deo
2173 2393 2372 2462 didici,
2416 2412 2658 2467 quaeque
2707 2396 2815 2451 tibi
2864 2399 3219 2469 praecognita
3266 2404 3426 2470 sunt,
3477 2401 3654 2457 etiam

2001 2482 2220 2548 dixero,
2255 2485 2411 2554 quod
2444 2501 2513 2539 ex
2542 2485 2732 2541 Patmi
2778 2503 3007 2542 carcere
3053 2487 3202 2543 liber
3230 2489 3563 2560 dimitteris,
3596 2495 3656 2546 et

1999 2570 2056 2625 in
2089 2571 2240 2627 Asia:
2271 2573 2568 2644 regionem
2619 2575 2952 2643 reverteris,
2985 2575 3066 2631 ibi
3100 2577 3387 2632 imitanda
3417 2580 3652 2634 rectitu-

1997 2659 2154 2715 dinis
2197 2662 2462 2733 exempla
2512 2667 2879 2735 peracturus,
2911 2669 2966 2719 et
2996 2680 3065 2720 ea
3095 2667 3345 2736 posteris
3394 2668 3652 2723 traditu-

1999 2765 2118 2804 rus.
2145 2771 2172 2798 »
2209 2751 2542 2806 Domitiano
2586 2752 2766 2824 igitur
2796 2769 2914 2808 non
2949 2754 3133 2809 multo
3183 2759 3319 2826 post
3358 2755 3479 2811 vita
3509 2758 3645 2811 fun-

1997 2843 2108 2907 cto,
2139 2839 2310 2908 juxta
2358 2839 2662 2895 oraculum
2708 2843 2928 2897 summi
2979 2842 3168 2898 Patris
3216 2844 3555 2915 apostolicis
3587 2850 3647 2901 et

1996 2927 2352 2998 propheticis
2400 2929 2571 2985 donis
2612 2931 2908 3002 insigniti;
2942 2931 3148 3002 Nerva,
3182 2949 3430 3004 regnum
3465 2934 3648 3006 adep-

1993 3022 2112 3086 tus,
2145 3033 2243 3073 eos
2277 3018 2376 3089 qui
2412 3020 2470 3073 in
2521 3018 2726 3074 exsilio
2778 3024 2946 3074 erant
2993 3021 3300 3076 revocavit.
3333 3022 3481 3077 Tum
3513 3039 3648 3078 vero

1995 3105 2365 3178 Evangelista
2393 3125 2628 3180 quoque
2677 3109 2965 3164 maximus
2997 3109 3053 3163 in
3105 3109 3491 3182 Ephesiorum
3525 3127 3649 3166 me-

1991 3195 2264 3267 tropolim
2318 3196 2608 3252 civitatem
2661 3214 2928 3253 reversus
2977 3204 3087 3268 est,
3121 3205 3179 3254 et
3226 3200 3533 3256 oraculum
3571 3201 3650 3256 rei

225 3282 620 3356 μητρόπολιν,
692 3286 782 3340 καὶ
856 3287 923 3340 τὰ
993 3293 1095 3356 τῆς
1169 3259 1615 3362 προαγορεύσεως
1687 3259 2241 3366 εἶ’ληφεοϐνϐηἰυε
2273 3287 2695 3358 οοωρτοοανίι.

219 3373 410 3448 πέρας.

293 3500 411 3554 Τοῦ
453 3497 664 3570 Νεροῦα
692 3499 782 3554 τὸν
822 3499 939 3574 βίον
975 3499 1420 3578 μετηλλαχότος,
1442 3493 1534 3557 ’ἐπὶ
1567 3503 1764 3580 χρόνον
1789 3501 1884 3560 ἕνα

219 3585 315 3647 τὶς
347 3592 450 3656 τῆς
493 3588 812 3660 Ῥωμαϊκῆς
872 3589 1052 3666 ἀρχῖς
1103 3593 1261 3661 ¹ἡνίας
1320 3592 1746 3666 κεκρατηκότος,
1805 3593 1882 3656 εἰς

221 3676 488 3749 Τραϊανὸν
550 3676 641 3731 τὸν
707 3678 964 3752 τύραννον
1039 3679 1102 3734 τὸ
1170 3679 1365 3754 κράτος
1445 3682 1880 3754 μεταπέπτωκεν,

224 3764 282 3824 ’ὸς
319 3762 447 3818 λίαν
503 3768 571 3839 τῇ
630 3766 763 3821 κατὰ
824 3772 1045 3832 Σκυθῶν
1091 3789 1148 3823 τε
1201 3768 1290 3823 καὶ
1350 3775 1594 3845 Θρᾳκῶν,
1642 3772 1729 3824 καὶ
1766 3769 1882 3826 δια-

226 3853 412 3927 φόρων
442 3854 526 3908 ὅτι
559 3853 830 3910 πλείστων
865 3855 1030 3921 ἐθνῶν
1066 3857 1315 3933 ἐπαρθεῖς
1374 3861 1521 3933 νίκῃ,
1579 3859 1668 3913 καὶ
1726 3857 1881 3930 δόξας

228 3939 468 4012 μηδενὸς
526 3942 737 4018 ἄρχειν,
799 3946 848 3999 εἷ’
896 3948 972 4018 μή
1023 3947 1112 4002 καὶ
1172 3946 1236 4002 τὸ
1265 3943 1586 4011 πανευσεϐἐς
1614 3952 1718 4001 τῶν
1754 3955 1881 4018 Χρι-

223 4035 452 4085 στιανῶν
511 4032 760 4105 σύστημα
816 4038 885 4108 τῇ
937 4039 1044 4089 τῶν
1099 4032 1373 4109 δαιμόνων
1424 4037 1514 4091 καὶ
1570 4035 1879 4112 βδελυκτῶν

225 4117 426 4188 ξοάνων
517 4118 740 4196 λατρεία
820 4124 906 4177 καὶ
995 4127 1357 4200 προσκυνήσει
1436 4126 1882 4197 καθυποτάξειεν,

225 4207 515 4279 ὠμότατον
576 4208 886 4286 ἀνερῥίπισε
944 4210 1208 4289 διωγμὸν,
1264 4215 1353 4269 καὶ
1412 4219 1580 4269 πᾶσαν
1637 4216 1735 4283 τήν
1794 4217 1881 4270 ὑπ’

225 4297 374 4367 αὐτῷ
425 4294 687 4351 τελοῦσαν
753 4304 860 4353 τῶν
919 4308 1260 4375 μαρτυρικῶν
1331 4305 1575 4375 αἱμάτων
1636 4304 1881 4377 ἐμέθυσε,

225 4383 461 4439 πάντοσε
527 4383 976 4462 διαπεμψάμενος
1043 4392 1443 4458 ἁπηνεστάτους
1501 4390 1732 4454 διώκτας
1788 4393 1882 4446 αὖ·

224 4472 356 4534 τοὺς
443 4473 656 4546 ἰταμῶς
743 4479 945 4540 πάντας
1029 4479 1377 4555 Χριστιανοὺς
1460 4483 1878 4555 καταναγκάζειν

227 4562 374 4625 θύειν
431 4568 548 4625 τοῖς
603 4562 878 4638 εἰδώλοις,
930 4569 965 4637 ἢ
1020 4571 1094 4640 μὴ
1129 4573 1488 4642 πειθομένους
1515 4568 1882 4634 πανταδαποῖς

227 4650 564 4706 ἀποκτείνειν
637 4653 878 4727 βασάνων
939 4653 1165 4716 εἷίδεσιν.
1238 4659 1297 4716 Ὀ
1363 4661 1626 4734 μακάριος
1683 4660 1881 4729 τοίνυν,

301 4739 314 4758 ἢ
447 4740 461 4760 \
616 4747 642 4758 η
841 4745 855 4762 \
1074 4746 1084 4764 Ι
1351 4748 1363 4766 Ι
1523 4747 1536 4768 ⁷
1591 4749 1602 4765 ι
1708 4748 1730 4766 Ν

227 4761 317 4794 και
374 4761 495 4816 τρες
549 4763 710 4796 τουτο
767 4765 857 4799 και
905 4744 1176 4809 πολλακις
1210 4755 1488 4812 Διονυσιος
1518 4769 1605 4803 επι
1640 4745 1881 4823 ἐϐδομή-

227 4833 491 4894 κονταετῆ
540 4831 742 4907 χρόνον
789 4829 878 4888 διὰ
928 4836 1138 4909 μυρίων
1188 4835 1531 4910 ὀνειδισμῶν,
1583 4840 1668 4894 καὶ
1711 4838 1882 4894 πολε-

238 4939 379 4988 μων,
425 4919 516 4972 καὶ
574 4918 835 4976 κινδύνων
895 4923 996 4978 ὑπό
1055 4945 1114 4979 τε
1153 4930 1261 4980 τῶν
1293 4927 1597 4999 ὁμογενῶν,
1631 4929 1718 4982 καί
1751 4950 1883 4984 ποτε

231 5007 596 5082 ὁμοορήσκων
629 5013 714 5065 καὶ
765 5016 873 5066 τῶν
925 5014 1258 5092 συντρόφων,
1314 5014 1528 5088 μᾶλλον
1578 5016 1634 5071 δε
1666 5019 1883 5093 ἀσόφων

235 5092 600 5166 διεληλυθὼς,
655 5101 747 5154 καὶ
803 5103 939 5174 πρὸς
991 5108 1225 5158 τοσαῦτα
1281 5103 1468 5175 πλήθη
1506 5092 1790 5180 βαρϐάρων
1823 5128 1883 5161 τε

234 5185 319 5237 καὶ
348 5183 630 5256 Ἑλλήνων
685 5186 1100 5262 εἰδωλομανῶν,
1159 5193 1246 5246 καὶ
1308 5193 1443 5267 πρὸς
1473 5195 1571 5262 τήν
1619 5199 1726 5248 τῶν
1757 5195 1881 5249 ἀνό-

241 5294 350 5341 μων
383 5273 476 5327 καὶ
536 5272 813 5347 δυσμενῶν
868 5273 1131 5353 Ἐϐραίων
1198 5281 1537 5356 ἀγριωτάτην
1589 5280 1885 5357 διασπορὰν

240 5361 820 5436 ἀντιπαραταξάμενος,
868 5367 956 5420 καὶ
1015 5365 1237 5443 δραμὼν
1299 5367 1503 5442 δρόμον
1559 5369 1882 5425 διπλασίονα

239 5453 331 5502 τοῦ
357 5450 411 5503 ὃν
479 5450 696 5515 Παῦλος
729 5455 757 5508 ὁ
782 5452 1094 5518 πολύαθλος
1145 5459 1232 5512 καὶ
1267 5457 1670 5533 οὐρανοδρόμος
1701 5459 1886 5536 δεδρά-

247 5557 431 5606 μηκεν,
493 5539 619 5594 ὅσον
672 5544 899 5616 γεκατὰ
943 5546 1042 5613 τήν
1093 5549 1357 5620 χρονικὴν
1419 5551 1738 5622 παράτασιν,
1795 5549 1884 5604 καὶ

243 5625 405 5688 λαοὺς
436 5627 715 5703 ἀπείρους,
754 5628 841 5685 διὰ
869 5637 976 5686 τῶν
1015 5634 1104 5688 ὑπ’
1152 5634 1315 5688 αὐτοῦ
1345 5641 1412 5709 τῇ
1467 5642 1564 5691 τοῦ
1622 5637 1885 5714 πανιγίου

247 5713 557 5789 Πνεῦματος
635 5717 878 5795 ἐνεργείᾳ
949 5720 1296 5796 τελουμένων
1353 5727 1593 5798 σημείων
1650 5729 1739 5782 καὶ
1795 5749 1885 5782 τε-

2065 3501 2241 3556 Porro
2273 3517 2406 3555 cum
2440 3501 2563 3570 jam
2615 3501 2800 3556 Nerva
2850 3501 2974 3572 ipse
3006 3517 3240 3573 quoque
3272 3501 3648 3573 decessisset,

1994 3589 2093 3661 qui
2128 3607 2242 3645 uno
2273 3607 2426 3645 anno
2458 3590 2719 3646 habenas
2765 3590 3008 3646 Romani
3043 3591 3410 3663 principatus
3441 3591 3648 3646 mode-

1994 3684 2155 3734 ratus
2178 3683 2285 3746 est,
2309 3678 2621 3749 imperium
2647 3680 2717 3733 ad
2740 3680 3057 3750 Trajanum
3085 3696 3280 3752 regem
3304 3678 3644 3736 devolutum

1992 3773 2101 3832 est,
2137 3767 2237 3838 qui
2269 3771 2472 3821 contra
2521 3766 2766 3838 Scythas
2815 3767 3183 3838 Thracesque
3215 3784 3283 3822 ac
3330 3766 3646 3838 quamplu-

1992 3855 2174 3910 rimas
2205 3855 2350 3910 alias
2380 3859 2581 3927 gentes
2615 3860 2778 3927 parta
2808 3856 3053 3911 victoria
3098 3855 3305 3924 elatus,
3351 3855 3646 3912 existima-

1991 3947 2072 4000 vit
2104 3945 2325 4000 nemiui
2359 3946 2647 4016 imperare
2670 3962 2863 4016 posse,
2897 3945 3009 4000 nisi
3042 3946 3214 4001 etiam
3245 3945 3641 4001 venerandam

1991 4053 2057 4090 ac
2107 4034 2262 4106 piam
2294 4033 2758 4090 Christianorum
2808 4036 3317 4107 congregationem
3368 4033 3553 4090 cultui
3586 4037 3643 4090 et

1992 4123 2317 4179 adorationi
2352 4124 2708 4191 daemonum,
2731 4124 2826 4194 qui
2856 4128 2996 4178 sunt
3027 4123 3371 4178 detestanda
3403 4122 3645 4179 simula-

1993 4231 2110 4279 cra,
2144 4213 2444 4267 subderet.
2480 4211 2728 4267 Proinde
2778 4217 2942 4266 atrox
2991 4211 3106 4266 illis
3139 4211 3358 4266 bellum
3407 4212 3641 4280 indixit,

1992 4307 2048 4356 et
2107 4301 2438 4356 universam
2499 4301 2626 4372 ejus
2683 4300 2964 4355 ditionem
3024 4317 3230 4355 cruore
3297 4305 3643 4373 martyrum,

1993 4406 2464 4461 quoquoversum
2527 4389 2867 4445 saevissimis
2919 4389 3332 4458 quaesitoribus
3381 4389 3645 4444 dimissis

1991 4479 2322 4546 inebriavit,
2359 4481 2668 4542 mandans,
2703 4483 2767 4533 ut
2799 4478 2910 4550 ipsi
2943 4495 3148 4534 omnes
3173 4478 3539 4534 Christianos
3571 4480 3646 4533 si-

1994 4566 2273 4622 mulacris
2308 4569 2597 4622 sacriﬁcia
2647 4569 2833 4623 facere
2882 4567 3148 4639 improbe
3199 4571 3492 4639 cogerent,
3531 4582 3643 4622 non

1914 4632 1962 4696 D
1993 4657 2465 4727 obtemperantes
2497 4660 2692 4711 autem
2741 4657 2901 4712 omni
2950 4655 3377 4728 suppliciorum
3433 4671 3642 4728 genere

1991 4746 2418 4802 interimerent.
2453 4751 2664 4800 Beatus
2697 4746 2875 4817 igitur
2907 4751 3108 4817 terque
3139 4746 3474 4818 saepiusque
3505 4746 3640 4800 bea-

1989 4840 2088 4890 tus
2123 4835 2452 4908 Dionysius,
2479 4835 2548 4889 ad
2574 4833 3078 4906 septuagesimum
3101 4851 3321 4889 annum
3351 4851 3454 4905 per
3481 4831 3641 4886 mille

1991 4926 2327 4998 opprobria,
2352 4927 2666 4990 tormenta,
2691 4921 2844 4977 bella
2874 4927 2932 4977 ct
2963 4922 3221 4992 pericula
3253 4922 3482 4990 mortis,
3504 4935 3637 4974 cum

1994 5033 2027 5071 a
2058 5032 2175 5068 suae
2223 5013 2416 5085 gentis
2467 5012 2831 5076 hominibus,
2864 5014 2987 5065 tum
3038 5011 3332 5065 interdum
3369 5027 3402 5065 a
3434 5009 3545 5064 iide
3589 5014 3645 5064 et

1994 5103 2272 5174 religione
2324 5103 2680 5172 conjunctis,
2734 5101 3193 5171 domesticisque
3253 5098 3642 5171 philosophis,

1995 5194 2317 5266 prmscrtim
2352 5192 2770 5263 insipientibus
2796 5205 3164 5261 progressus,
3189 5193 3244 5243 et
3270 5194 3388 5243 tam
3423 5187 3646 5258 ingenti

1996 5285 2401 5348 barbarorum,
2438 5298 2502 5336 ac
2533 5280 2843 5351 gentilium
2895 5279 2952 5332 in
3001 5277 3262 5332 colendis
3313 5274 3647 5332 simulacris

1995 5371 2417 5426 insanientium
2444 5368 2832 5429 multitudini,
2860 5385 2962 5422 nec
2987 5385 3098 5422 non
3127 5366 3504 5422 ferocissima:
3534 5364 3646 5419 im-

1996 5463 2221 5532 piorum
2259 5478 2323 5513 ac
2355 5459 2678 5513 crudeiium
2707 5458 3067 5511 HCthDOI‘le
3105 5455 3452 5527 dispersioni
3478 5470 3648 5525 expo-

1997 5551 2167 5614 situs,
2193 5566 2430 5603 cursum
2483 5547 2732 5618 duplum
2790 5544 3030 5616 peregit,
3058 5547 3187 5614 ejus
3219 5562 3392 5616 quem
3425 5542 3644 5598 Paulus

1997 5641 2095 5711 qui
2130 5639 2378 5693 multum
2406 5634 2978 5705 deccrluvit,quique
2999 5634 3158 5688 cretis
3185 5635 3382 5688 illatus
3414 5638 3521 5693 est,
3555 5632 3643 5684 fe-

1997 5733 2170 5794 cerat,
2207 5734 2497 5800 quatenus
2531 5723 2846 5798 praesertim
2897 5723 2968 5778 ad
3018 5723 3292 5794 temporis
3324 5716 3641 5790 longitudi-
