4020 6358
442 434 548 492 659
1680 432 1738 486 8.
1777 426 2029 485 DIONYE

2251 424 2614 484 EOPAGITB
3738 443 3838 503 660

444 577 578 617 nem
610 563 856 634 spectat,
877 563 935 617 et
964 560 1153 617 varios
1184 558 1620 632 populos,quos
1651 552 1839 627 signis
1869 555 1927 608 et
1955 565 2031 624 ρει

2248 546 2462 605 αστείων
2507 550 2834 628 σαγηνεύσας
2889 553 3027 630 πρὸς
3079 556 3180 627 τήν
3233 557 3312 620 είς
3365 560 3596 635 Χριστὸν
3651 560 3835 621 πίε-τιν’

447 649 622 721 digiis
653 649 723 705 ab
775 649 902 722 ipso
932 648 1146 705 virtute
1187 646 1375 705 sancti
1413 644 1671 719 Spiritus
1712 641 1906 713 editis,
1941 640 2034 696 {ldl

2248 636 2422 727 96ers
2471 641 2845 727 μακροτάτους
2889 643 2977 698 καὶ
3019 641 3448 720 χαλεπωτάτους
3475 652 3573 703 τοῦ
3600 668 3656 705 τε
3700 655 3835 727 πρώ-

448 755 575 810 quas
606 738 665 794 in
696 738 995 795 Christum
1027 742 1135 808 est,
1163 734 1524 802 conciliavit;
1560 735 1700 788 dum
1735 730 1933 803 primae
1966 745 2035 802 pe

2249 746 2304 781 ου
2333 725 2586 802 διωγμοῦ
2616 726 2878 794 διαύλους
2908 728 3258 809 διαπεράσας,
3292 734 3383 798 οὕς
3415 737 3441 791 ὁ
3482 740 3693 812 πρῶτος
3743 725 3836 798 τῶν

448 827 770 885 secutionis
802 826 1182 900 longissimos
1209 844 1274 883 ac
1297 822 1750 882 molestissimos
1772 834 1980 877 cursus
2007 836 2035 892 ρ

2249 821 2483 890 ιωγτῶν,
2530 816 2619 872 καὶ
2654 819 2867 875 πάντων
2893 818 3148 885 κάκιστος
3203 825 3311 879 τῶν
3360 827 3583 882 πώποτε
3636 827 3836 904 βελασι-

447 922 698 989 rageret,
736 933 886 990 quos
936 919 1378 988 persecutorum
1438 911 1689 985 primus,
1722 914 1778 966 et
1833 908 2032 966 omniu

2250 904 2508 976 ιυκότων,
2540 907 2630 962 καί
2665 903 3038 982 βεϐηλότατος
3068 911 3252 988 Νέρων
3299 915 3433 970 κατὰ
3479 918 3576 971 τοῦ
3607 903 3835 994 Χριστω-

448 1008 738 1080 quotquot
767 1004 918 1061 885
954 1020 1217 1076 unquam
1246 1003 1653 1077 regnaverunt,
1684 996 1979 1071 pessimus
2009 1014 2035 1054 a

2251 994 2386 1086 ύμου
2443 995 2823 1072 πληρώματος
2882 996 3168 1077 διήγειρε,
3214 1002 3308 1058 καὶ
3354 1002 3482 1068 τοὺς
3528 1007 3838 1086 κορυφαίους

446 1112 559 1169 que
591 1094 1035 1168 impurissimus
1066 1094 1214 1148 Nero
1242 1096 1444 1147 contra
1474 1088 1876 1145 Christianum
1907 1103 2033 1159 pepl

2251 1085 2315 1137 ῶν
2357 1088 2592 1158 Χριστοῦ
2646 1092 2902 1160 μαθητῶν
2945 1087 3143 1145 ἀνεῖλε.
3186 1089 3331 1155 Τοὺς
3374 1090 3420 1148 δ’
3467 1093 3531 1149 αὖ
3577 1085 3838 1169 μετέπειτα

443 1185 566 1241 lum
597 1183 887 1252 excitavit,
909 1183 1010 1256 qui
1041 1187 1099 1239 et
1129 1197 1395 1237 summos
1425 1177 1644 1238 Christi
1679 1175 1998 1249 discipulos
2028 1208 2030 1218 ι

2248 1176 2513 1247 νειμῶνας,
2562 1175 2654 1238 οὕς
2703 1178 2738 1246 ἠ
2790 1183 3123 1252 Δομετιανοῦ
3161 1180 3324 1254 μανία
3351 1184 3490 1238 κατὰ
3517 1189 3626 1240 τῶν
3654 1192 3835 1243 πιστῶν

444 1275 639 1331 medio
661 1271 924 1330 sustulit.
954 1269 1229 1344 Reliquas
1249 1285 1383 1326 vero
1407 1270 1792 1340 tempestates
1813 1281 1945 1338 quae
1966 1281 2031 1321 su

2249 1263 2498 1340 πήγαγεν,
2547 1261 2804 1340 ἀνδρείως
2852 1266 3172 1344 ὑπομείνας,
3228 1269 3319 1326 καί
3379 1268 3608 1347 δόκιμος
3638 1273 3687 1330 ἐν
3725 1281 3836 1333 πᾶσι

446 1369 659 1421 secutae
691 1367 852 1429 sunt,
878 1379 1025 1435 quas
1055 1361 1291 1417 insania
1320 1357 1638 1415 Domitiani
1668 1359 1870 1413 contra
1900 1355 2033 1410 {idet

2250 1350 2416 1421 ανεὶς,
2476 1347 2766 1425 διαϐόητον
2829 1356 3170 1435 ἀπηνέγκατο
3218 1358 3400 1426 κλὲος’
3463 1361 3579 1427 ὅθεν
3640 1366 3675 1434 ἡ
3724 1366 3836 1420 ὑπό-

446 1454 710 1523 adduxit,
744 1469 878 1509 cum
933 1451 1159 1507 forliter
1203 1448 1561 1523 pertulisset,
1596 1446 1655 1503 in
1704 1446 2033 1518 omnibusql

2244 1460 2405 1532 τερος
2471 1443 2664 1520 φήμη,
2721 1445 3034 1522 πανταχόσε
3082 1450 3300 1520 θέουσα,
3359 1452 3459 1521 τήν
3507 1452 3831 1532 πανεύφημον

445 1544 728 1617 probatus
770 1541 1164 1614 apparuisset,
1195 1538 1634 1596 celeberrimam
1665 1537 1909 1609 gloriam
1940 1540 2028 1592 ret

2247 1528 2374 1585 ὀτοῦ
2430 1533 2802 1609 προσηγορίαν
2868 1540 2990 1600 ταῖς
3038 1541 3136 1594 τοῦ
3182 1540 3449 1614 Τραϊανοῦ
3501 1528 3834 1618 τραχυτάταις

444 1632 534 1690 lit.
569 1634 756 1697 Quare
788 1632 946 1687 fama
974 1630 1139 1687 velox
1169 1644 1519 1702 quocunque
1558 1642 1866 1700 permeans
1897 1624 2031 1681 clari

2244 1623 2421 1690 κοαῖς,
2482 1619 2741 1697 ἒνήχησε,
2777 1623 3076 1709 βροντηδὸν
3135 1625 3546 1706 ἀναγγέλλουσα
3601 1632 3685 1687 τὸν
3715 1632 3829 1689 ἀπο-

446 1724 665 1779 simum
701 1722 830 1793 ejus
858 1736 1073 1777 nomen
1107 1717 1448 1792 asperrimis
1477 1716 1714 1787 Trajani
1737 1714 1979 1771 auribus
2009 1715 2027 1770 i

2250 1710 2463 1800 τολικὸν
2492 1713 2573 1800 ’ὸν
2602 1713 2890 1794 ἀπανταχῆ
2954 1718 3141 1794 μετῄει
3190 1721 3483 1798 πτερόεντα
3515 1719 3733 1800 δρόμον,
3758 1712 3837 1780 καὶ

447 1811 670 1880 sonuit,
690 1809 1080 1883 apostolicum
1103 1810 1234 1881 ejus
1254 1822 1492 1865 cursum
1512 1822 1688 1878 quem
1716 1805 1936 1876 ubique
1954 1804 2034 1860 vel

2248 1800 2303 1855 ὒν
2332 1799 2504 1857 πολὺν
2534 1799 2760 1879 ίδρῶτα,
2811 1806 2898 1861 καὶ
2948 1806 3178 1884 μόχθον,
3228 1809 3319 1865 καὶ
3370 1812 3471 1881 τὴν
3502 1811 3554 1867 ἓν
3608 1808 3742 1888 ἔργῳ
3788 1835 3835 1869 τε

448 1917 573 1957 cem
610 1899 919 1969 ambierat,
942 1899 1133 1954 instar
1170 1895 1415 1952 tonitrui
1447 1894 1804 1951 annuntians
1846 1892 2034 1950 multu

448 1988 482 2005 ι.
703 1990 718 2005 ο
806 2004 879 2005 ,,,
938 1986 1013 2005 I.I
1048 2001 1193 2005 __,____
1249 1988 1590 2005 _._L_-1_1-__
1650 1998 1772 2005 ---μ
1799 1983 1853 2005 Ξ..
1886 1981 2035 2005 ---μιε

2248 1889 2302 1997 αξ
2356 1890 2511 2005 λόγιρ
2564 1889 2817 2005 δύναμιν,
2870 1891 2940 1951 δι’
2999 1898 3070 2005 ῶν
3103 1899 3138 1971 ἦ
3199 1900 3581 2005 κὶηρυττομὲνη
3607 1903 3832 1976 θειοτάτη

442 1988 581 2047 item
608 1990 916 2057 sudorem,
938 1986 1223 2055 laborem,
1248 1988 1620 2058 potestatem,
1645 1998 1778 2039 cum
1799 1983 1861 2038 in
1886 1983 2025 2039 verb

2250 1980 2303 2035 αἱ
2334 1983 2607 2068 σωτήριος
2654 1983 2837 2040 πίστις
2871 1984 3123 2060 σημείοις
3152 1988 3242 2045 καὶ
3299 1992 3516 2068 τέρασιν
3581 1992 3665 2048 ὑπ’
3693 1991 3833 2050 αὑτοῦ

438 2084 567 2136 tum
603 2078 663 2133 in
709 2077 879 2133 factis
911 2075 1128 2149 quibus
1158 2073 1529 2131 divinissima
1562 2077 1619 2129 et
1648 2072 1926 2130 salutaris
1957 2072 2025 2128 {id

2249 2066 2529 2144 ἀραδόξως
2614 2072 3028 2150 ἐνεργουμένοις
3104 2066 3421 2136 ἐϐεϐαιοῦτο
3484 2081 3575 2137 καὶ
3638 2079 3836 2139 ἐπλατύ-

447 2166 766 2242 praedicata
812 2165 1000 2238 signis
1032 2172 1207 2236 atque
1246 2161 1548 2221 miraculis
1579 2164 1650 2219 ab
1680 2162 1807 2234 ipso
1846 2160 2034 2218 admir

2251 2179 2352 2229 ετο,
2402 2158 2493 2215 καὶ
2534 2159 2609 2225 ὡς
2660 2164 2695 2233 ἡ
2743 2168 2851 2219 τῶν
2897 2163 3182 2238 Ἑλλήνων
3217 2165 3636 2245 δεισιδαιμονία,
3664 2172 3745 2227 καὶ
3772 2171 3838 2228 εἴ-

440 2256 640 2313 biliter
666 2255 837 2312 editis
860 2255 1332 2323 confirmaretur,
1357 2257 1533 2325 atque
1555 2249 1932 2320 dilataretur;
1962 2267 2027 2324 ge

2247 2246 2422 2320 ωλική
2497 2250 2757 2327 θρησκεία
2829 2255 2966 2309 κατά
3042 2255 3239 2332 κράτος
3322 2256 3693 2330 ἐστηλιτεύετο
3762 2258 3834 2317 καί

440 2347 632 2402 tilium
663 2362 797 2402 vero
832 2343 1175 2417 superstitio
1203 2346 1261 2400 et
1290 2343 1488 2398 cultus
1520 2340 1974 2398 simulacrorum
2007 2357 2027 2395 ι

2249 2336 2520 2398 ατελύετο,
2583 2342 2697 2420 Ἐφ’
2757 2343 2841 2405 οἷς
2895 2340 3027 2419 ἄγαν
3076 2347 3371 2425 ταραχθεὶς
3402 2350 3431 2404 ὁ
3463 2348 3738 2420 λυσσώδης
3764 2349 3836 2406 τύ-

443 2437 748 2493 hementer
794 2434 1200 2490 inﬁrmaretur
1247 2450 1314 2489 ac
1367 2431 1808 2489 dissolveretur.
1843 2432 1998 2497 Quas

2248 2448 2423 2502 αννος,
2483 2428 2774 2507 θηριώδεις
2804 2432 2955 2498 τινὰς
2985 2435 3084 2505 τήν
3115 2437 3364 2513 γνώμην,
3401 2436 3640 2518 Φάλαρίν
3682 2462 3734 2497 τε
3757 2440 3830 2496 καὶ

443 2542 536 2582 res
586 2529 875 2597 tyrannus
927 2522 1202 2579 turbatus
1235 2538 1301 2577 ac
1332 2522 1535 2577 furens
1567 2520 1851 2593 quosdam
1903 2519 2030 2575 ani:

2244 2522 2440 2595 Εχετον
2471 2518 2597 2584 τοὺς
2630 2518 2716 2577 ἐπὶ
2751 2518 3019 2599 θηριωδίᾳ
3041 2525 3130 2580 καὶ
3163 2527 3520 2605 ἀσπλαγχνίᾳ
3564 2529 3647 2585 καθ
3700 2528 3831 2604 ὠμό-

441 2614 615 2688 plane
658 2614 866 2683 ferino,
900 2613 1000 2685 qui
1053 2610 1352 2667 Phalarim
1398 2610 1801 2680 Echetumque
1858 2606 2028 2664 secvitf

2248 2628 2331 2677 ητι
2396 2608 2712 2685 βοωμένους
2774 2612 3157 2690 ὑπεραίροντας
3192 2659 3206 2684 ,
3285 2612 3579 2693 ἐξέπεμψεν
3638 2618 3688 2673 ἒν
3738 2622 3835 2680 τοῖς

442 2703 818 2759 immanitate
851 2719 915 2758 ac
948 2700 1294 2758 crudelitate
1329 2715 1609 2771 superare
1639 2698 1994 2770 dicerentur,

2253 2697 2347 2771 ρὸς
2395 2697 2554 2767 ἥλιον
2589 2695 2815 2756 δύνοντα
2847 2701 3060 2779 μέρεσιν
3097 2702 3421 2780 ἶχνηλατεῖν
3480 2708 3569 2763 καὶ
3601 2705 3836 2763 καταδιώ-

442 2797 638 2865 partes
688 2790 1022 2849 Occidentis
1071 2788 1405 2856 destinavit,
1446 2787 1711 2858 injuncto
1760 2786 1878 2843 illis
1928 2804 2029 2843 one

2247 2805 2320 2840 ειν
2352 2787 2442 2841 τὸν
2481 2790 2805 2865 θεοκήρυκα,
2864 2791 2953 2846 καὶ
3015 2792 3067 2847 εἶ’
3092 2815 3198 2849 που
3249 2798 3445 2852 τοῦτον
3503 2795 3719 2875 εὕροιεν,
3772 2794 3829 2851 εἷ’-

446 2879 846 2955 investigandi
897 2896 964 2936 ac
1012 2877 1404 2951 persequendi
1455 2876 1632 2931 divini
1684 2876 2003 2948 prmconis;

2248 2896 2372 2962 οντα
2432 2877 2525 2948 μὲν
2578 2882 2696 2942 τοῖς
2757 2879 3065 2953 βασιλικοῖς
3123 2879 3382 2959 δόγμασι,
3443 2885 3531 2941 καὶ
3582 2882 3835 2962 λατρεύειν

446 2969 637 3028 sicubi
669 2969 837 3026 illum
872 2967 1122 3023 decretis
1155 2965 1331 3039 regiis
1362 2965 1582 3036 cedere,
1614 2965 1982 3020 daemonibus
2012 2964 2027 3019 i

2244 2971 2323 3026 οῖς
2355 2960 2601 3038 δαίμοσι,
2651 2968 2739 3022 καὶ
2799 2968 2941 3024 θύειν
2975 2969 3333 3048 ἀνεχόμενον,
3386 2981 3575 3051 τιμαῖς
3629 2960 3831 3050 καταγε-

446 3060 665 3117 servire
697 3073 762 3114 ac
794 3056 1127 3113 sacriﬁcare
1170 3055 1545 3128 reperissent,
1577 3053 1899 3111 honoribus
1931 3052 2033 3110 dec

2245 3052 2434 3131 αίρειν,
2490 3052 2580 3110 καὶ
2640 3057 2713 3119 ὠς
2769 3057 2931 3113 αὐθὸν
2989 3057 3463 3140 δορυφορούμενον
3522 3065 3753 3140 ἀνάγειν,
3802 3064 3828 3134 ἦ

449 3151 666 3215 rarent,
710 3148 1028 3219 ipsumque
1076 3144 1382 3201 hominum
1433 3160 1647 3200 corona
1696 3141 1978 3215 stipatum
2028 3161 2036 3199 ι

2240 3144 2289 3213 ιή
2350 3143 2673 3218 πειθόμενον
2725 3146 2910 3213 αὐτόθι
2967 3154 3035 3224 τῇ
3109 3156 3205 3207 τοῦ
3263 3153 3453 3233 ξίφους
3507 3160 3827 3230 τιμωρεῖσθαι

451 3255 514 3297 se
541 3236 925 3304 deducerent;
976 3235 1070 3291 sin
1116 3233 1313 3290 minus
1362 3236 1611 3306 pareret,
1642 3231 1859 3289 ibidem
1891 3232 2100 3305 capitis
2209 3236 2379 3306 τομῆ.

446 3325 892 3384 obtruncatione
924 3324 1253 3396 puniretur.
2126 3310 2168 3381 C

519 3454 705 3526 Igitur
738 3450 1016 3518 ministri,
1049 3449 1264 3507 diaboli
1314 3449 1638 3506 saevissima
1685 3448 1916 3522 tyranni
1949 3466 2100 3521 prae-

2283 3449 2416 3535 Τοῖς
2473 3448 2565 3503 οὗν
2597 3458 2948 3527 τυραννικοῖς¹
2988 3455 3041 3509 οἱ
3091 3460 3189 3511 τοῦ
3240 3453 3507 3516 διαϐόλου
3539 3458 3828 3535 θεράποντες

452 3547 622 3615 cepta
670 3539 1007 3613 implentes,
1040 3543 1322 3611 tanquam
1373 3540 1507 3611 equi
1557 3537 1795 3611 quidam
1846 3536 2039 3593 stimul

2239 3534 2538 3600 εθεωτάτοις
2567 3539 3022 3616 παροτρυνθὲντες
3052 3545 3492 3621 προστάγμασιν,
3533 3534 3641 3604 οἷον
3689 3546 3826 3601 ’ίπποι

453 3630 676 3705 agitati,
700 3628 789 3687 vel
832 3628 1114 3685 famelicae
1148 3628 1279 3685 ferae
1318 3628 1387 3684 ad
1421 3628 1787 3684 venationem
1820 3626 2040 3683 excitat;

2250 3626 2354 3688 ινὶς
2403 3622 2953 3704 οἰστρηλατούμενοι,
3012 3631 3049 3702 ἢ
3080 3633 3356 3691 πειναλέοι
3420 3642 3579 3713 θῆρες
3632 3637 3709 3693 ἐπὶ
3750 3636 3828 3705 θή-

452 3721 511 3777 in
560 3718 842 3777 Gallicam
876 3718 1175 3793 regionem
1208 3721 1618 3785 cucurrerunt,
1645 3715 1844 3788 ibique
1900 3732 2039 3790 greg

2252 3727 2310 3769 αν
2367 3714 2727 3793 ἐπειγόμενοι,
2781 3718 2916 3776 κατά
2970 3722 3071 3791 τήν
3108 3721 3394 3795 Γαλλικήν
3453 3722 3597 3791 ἔθεον
3654 3725 3834 3801 χώραν,

456 3811 575 3867 rios
607 3810 896 3882 quosdam
947 3807 1244 3880 simulque
1293 3807 1552 3879 plebeios
1596 3804 2009 3872 sollicitabant,

2254 3809 2458 3869 ακεῖθεν
2521 3804 3020 3883 όχλαγωγήσαντες
3065 3809 3358 3888 ἀγελαίους
3418 3816 3566 3878 τινάς
3624 3814 3707 3871 καὶ
3757 3810 3838 3883 δη-

455 3898 902 3957 celeberrimum
934 3897 1199 3953 divinum
1233 3912 1559 3969 praeconem
1594 3893 1976 3966 inquirerent.
2001 3896 2042 3960 Ο

2252 3890 2380 3955 ιίους
2411 3894 2544 3967 ἅμα,
2598 3898 2926 3968 κατεζήτουν
2958 3899 3047 3955 τὸν
3105 3898 3614 3978 παναοιδιμώτατον
3647 3899 3839 3981 θεοφάν-

455 4008 597 4048 sane
628 4007 761 4047 cum
796 3988 1041 4045 Parisiis
1076 4003 1252 4061 parvo
1284 3985 1586 4059 oppidulo,
1612 3987 1767 4057 quod
1800 3985 1883 4040 sic
1911 4002 2042 4058 appt

2255 4000 2377 4055 ορα.
2432 3978 2529 4038 Καὶ
2581 3980 2647 4054 δὴ
2690 3989 3163 4060 καταμηνυθέντος
3223 3989 3389 4047 αὐτοῦ
3444 4012 3560 4058 τοις
3614 3978 3836 4050 διώκταις

452 4079 633 4151 latur,
659 4095 790 4135 cum
820 4075 1261 4150 inquirentibus
1292 4079 1447 4131 esset
1487 4077 1780 4143 ostensus,
1813 4090 1879 4128 eo
1910 4073 2039 4128 οοιρ]

2251 4071 2487 4158 ηπάρχειν
2520 4071 2572 4126 ἐν
2607 4073 2888 4147 Παρισίοις
2911 4075 3175 4155 (πολίχνῃ
3197 4078 3341 4135 οὕτω
3358 4078 3710 4158 καλουμένῃ),
3732 4076 3838 4153 δρο-

453 4175 543 4227 ter
571 4171 996 4241 properarunt;
1030 4168 1345 4238 ipsumque
1389 4163 1699 4236 caliginem
1732 4179 1797 4217 ac
1830 4163 1886 4217 in
1920 4161 2040 4218 cole

2254 4157 2401 4222 ιαίως
2477 4160 2870 4237 εἰσελάσαντες,
2942 4164 3113 4222 ἐκεῖσε
3177 4165 3479 4226 κατέλαϐον
3539 4157 3690 4227 αὐτόν
3737 4168 3841 4224 ἀττε-

456 4256 549 4312 dis
583 4254 917 4312 simulacris
962 4271 1215 4311 errorem
1247 4254 1304 4308 et
1341 4251 1656 4319 insaniam,
1693 4254 1818 4306 tum
1852 4250 2043 4306 verital

2248 4248 2489 4305 .aévovta
2508 4250 2600 4307 τόν
2625 4272 2684 4307 τε
2702 4253 2801 4322 τῆς
2822 4252 3020 4311 εἷδωλο
3030 4257 3220 4331 μανίας
3241 4258 3450 4316 πλάνον
3480 4262 3568 4317 καὶ
3596 4258 3745 4337 ζόφον
3770 4259 3835 4328 τῷ

457 4346 769 4419 praeconio,
788 4351 914 4401 tum
939 4344 1147 4399 divina:
1172 4342 1447 4398 doctrinm
1478 4340 1810 4413 splendore,
1838 4358 1902 4396 ac
1933 4341 2044 4395 mir

2253 4360 2277 4394 ε
2304 4346 2402 4409 τῆς
2433 4339 2692 4412 ἀληθείας
2721 4345 3056 4421 κηρύγματι,
3086 4346 3176 4403 καὶ
3204 4352 3283 4423 τῷ
3307 4358 3410 4421 τῆς
3438 4350 3580 4417 θείας
3607 4348 3836 4406 διδτθκα-

459 4434 726 4492 culorum
750 4433 1030 4506 prodigiis
1053 4430 1475 4504 propellentem
1501 4430 1893 4486 offenderunt.
1917 4430 2046 4485 Ocul

2251 4425 2342 4491 νίας
2365 4425 2746 4507 διαυγάσματι,
2779 4434 2867 4489 καὶ
2897 4440 3012 4498 τοῖς
3041 4442 3147 4492 τῶν
3180 4437 3469 4513 θαυμάτων
3508 4434 3838 4515 τερατουργτξ-

461 4526 617 4581 enim
650 4540 934 4580 caecorum
981 4522 1077 4576 lux
1110 4519 1552 4584 restituebatur,
1585 4520 1897 4576 surdorum
1943 4536 2045 4575 aur

2248 4538 2406 4576 ιασιν.
2428 4519 2734 4600 Ὀιρθαλμοὶ
2766 4520 2869 4599 γάρ
2895 4525 3120 4603 τυφλῶν
3154 4523 3473 4601 ἆνὲϐλεπον,
3505 4528 3592 4584 καὶ
3621 4530 3725 4582 ὦτα
3751 4544 3835 4579 κω·

460 4614 897 4685 aperiebantur,
924 4611 1139 4682 linguae
1170 4612 1467 4665 mutorum
1501 4607 1895 4681 solvebantur,
1921 4626 2047 4665 mce

2250 4629 2335 4662 »ων
2359 4609 2673 4682 ἠνοίγοντο,
2695 4610 3042 4688 καῖγλῶσσαι
3071 4614 3397 4692 μογιλάλων
3421 4619 3743 4695 ἐτρανοῦντο,
3764 4610 3837 4668 καὶ

462 4720 565 4758 sus
598 4700 942 4756 claudorum
976 4697 1551 4769 constringebantur,
1572 4696 1748 4753 variis
1772 4698 1990 4753 morbis
2021 4716 2049 4755 ο

2247 4697 2408 4761 ἰάσεις
2432 4696 2636 4775 χωλῶν
2660 4703 3096 4781 συνεσφίγγοντο,
3126 4705 3217 4761 καὶ
3248 4686 3520 4764 ποικίλων
3549 4704 3834 4778 νοσημάτων

461 4791 676 4861 stricti,
711 4788 1024 4863 implorato
1068 4787 1391 4844 Servatoris
1429 4787 1846 4859 omnipotentis
1881 4787 2048 4843 auxili

2248 4786 2569 4851 ὶσθενοῦντες
2600 4786 3096 4869 ἡλευθεροῦντο,τῇ
3122 4799 3220 4849 τοῦ
3250 4793 3650 4870 παντοδυνάμου
3672 4791 3835 4859 Σωτῆ-

458 4898 565 4954 per
614 4879 971 4936 admiranda:
1020 4877 1349 4934 sanctitatis
1396 4877 1527 4948 ejus
1580 4876 1918 4933 ministrum
1969 4877 2045 4933 mi

2250 4898 2322 4940 νος
2353 4876 2660 4950 ἐπικλήσει,
2694 4877 2784 4935 διὰ
2810 4884 2907 4937 τοῦ
2939 4882 3388 4957 θαυμασιωτάτου
3432 4886 3732 4962 θεράποντες
3758 4876 3837 4934 αὖ·

460 4971 795 5041 facientem,
840 4986 905 5025 ac
966 4968 1026 5023 in
1076 4966 1337 5023 tenebris
1384 4965 1725 5038 ignorantiae
1773 4967 1994 5038 positos
2043 4987 2047 5020 ε

2247 4971 2320 5021 τοῦ
2347 4966 2942 5044 παραδοξοποιοῦντος,
2968 4973 3058 5029 καὶ
3087 4972 3215 5039 τοὺς
3248 4974 3300 5033 ἐν
3320 4977 3497 5033 σκότει
3525 4982 3619 5047 τῆς
3645 4967 3834 5047 ἀγνοίας

463 5059 816 5134 cognitionis
848 5064 905 5115 et
954 5056 1165 5114 salutis
1216 5055 1406 5112 lucem
1459 5055 1865 5124 adducentem,
1899 5056 2048 5113 liber

2247 5057 2565 5129 ιαθημένους
2593 5059 3079 5136 προσκαλουμένου
3128 5065 3265 5141 πρὸς
3309 5065 3370 5122 τὸ
3429 5060 3538 5142 φῶς
3592 5068 3684 5133 τῆς
3713 5056 3834 5135 γνώ-

462 5151 698 5205 bantur.
737 5148 975 5204 Interim
1019 5146 1175 5202 enim
1210 5144 1472 5201 fidelium
1518 5145 1828 5201 multitudo
1860 5147 2046 5219 augeb

2242 5167 2360 5209 τεως
2421 5148 2511 5203 καὶ
2574 5150 2867 5225 σωτηρίας·
2934 5150 3023 5207 ἐπὶ
3076 5151 3292 5219 τούτοις
3341 5155 3442 5232 γὰρ
3498 5158 3602 5210 τῶν
3650 5151 3829 5206 πιστῶν

460 5243 577 5303 tur,
612 5236 847 5308 Deoque
894 5253 995 5307 per
1042 5233 1317 5303 Galliam,
1350 5252 1418 5290 ac
1461 5234 1831 5290 Germaniam
1882 5236 2039 5307 provi

2243 5235 2255 5307 5
2303 5235 2518 5307 πληθὺς
2548 5236 2829 5310 ηὐξάνετο,
2868 5241 2957 5297 καὶ
3011 5245 3125 5299 ναοὶ
3154 5248 3235 5317 τῷ
3274 5250 3390 5318 Θεῷ
3432 5240 3563 5300 κατᾶ
3608 5235 3830 5301 Γαλλίανι

451 5326 612 5397 ciam
639 5327 951 5380 maximam
977 5322 1196 5396 templa
1217 5323 1648 5393 excitabantur;
1677 5326 1956 5380 numerus
1977 5343 2038 5381 ve

2241 5324 2307 5379 ιαὶ
2357 5328 2678 5401 Γερμανίαν,
2736 5329 2834 5398 τήν
2900 5331 3164 5407 μεγίστην
3230 5332 3512 5411 ἐπαρχίαν,
3561 5324 3828 5407 ἠγείροντο·

462 5414 1010 5487 superstitiosorum
1080 5414 1482 5482 decrescebat,
1536 5419 1593 5470 et
1657 5412 2042 5471 simulacroru

2241 5439 2248 5466 ι
2296 5412 2352 5469 δὲ
2406 5420 2513 5470 τῶν
2548 5413 2964 5492 δεισιδαιμόνων
3008 5420 3246 5497 ἀριθμὸς
3291 5421 3610 5493 ἠλαττοῦτο,
3639 5415 3828 5472 καὶτῶν

463 5505 617 5560 886
657 5504 875 5575 templa
923 5504 1325 5570 diruebantur,
1358 5503 1653 5576 Belialquc
1705 5503 1893 5560 hostis
1944 5511 2050 5578 poti

2245 5500 2472 5560 18d)va
2501 5507 2552 5560 oi
2584 5506 2743 5577 σηκοὶ
2765 5507 3242 5586 κατερῥιπτοῦντο,
3260 5510 3348 5567 καὶ
3379 5511 3414 5582 ἡ
3438 5514 3530 5565 τοῦ
3551 5505 3728 5580 Βελίαρ
3755 5502 3832 5555 τοῦ

450 5600 585 5661 stas
616 5598 675 5649 et
706 5594 865 5648 fraus
898 5592 1413 5664 conculcabantur,
1447 5594 1613 5664 isque
1644 5593 1701 5648 in
1737 5595 2037 5667 triumpho

2237 5595 2517 5669 ῖυσμενοῦς
2598 5593 2884 5654 δυναστεία
2958 5600 3048 5655 καὶ
3119 5599 3295 5674 ἀπάτη
3364 5601 3692 5656 κατεπατεῖτο
3754 5588 3824 5645 καὶ

451 5684 806 5754 ducebatur.
840 5684 1229 5749 Quamobrem
1275 5682 1453 5739 miser
1483 5701 1595 5738 non
1648 5683 1839 5739 ferens
1870 5702 2038 5741 cerne

2212 5679 2621 5758 ἒθριάμϐεύετο.
2652 5686 2729 5740 Δι’
2760 5686 2788 5742 ’ὁ
2823 5687 2898 5761 μή
2951 5688 3128 5765 φέρων
3160 5690 3568 5763 καταλυομένην
3599 5687 3713 5760 ὂρᾷν
3738 5679 3796 5745 τῆ

462 5791 631 5831 suam
664 5772 854 5845 ipsius
894 5773 1209 5843 potentiam
1244 5772 1507 5841 dissolvi,
1540 5772 1871 5830 obcdientes
1903 5778 1961 5831 et
1993 5793 2047 5830 m

2242 5778 2404 5831 αυτοῦ
2427 5772 2651 5851 δύναμιν
2676 5776 2703 5831 ὁ
2737 5775 3130 5853 διίλαιος,τοὺς
3156 5776 3427 5852 ὑπηκόους
3446 5776 3530 5833 καὶ
3552 5768 3825 5847 ὑπουργοίις
