4020 6358
185 407 288 463 661

1212 405 1405 470 VITA,
1446 405 1780 460 AUCTORE
1819 401 2192 458 MICHAELE
2230 398 2582 457 SYNGELO.

3498 391 3606 447 662

190 530 319 587 κατὰ
346 532 447 584 τοῦ
498 525 656 604 ἀγίου
704 528 808 583 τοῦ
863 528 1251 604 καθαιροῦντος
1307 524 1471 581 αὐτοῦ
1526 528 1624 595 τὴν
1686 527 1835 598 ἐξου-

1966 524 2169 580 aistros
2201 528 2403 579 contra
2436 522 2625 576 virum
2659 523 2929 575 sanctum
2954 517 3230 590 potentiae
3252 516 3412 571 illius
3444 516 3602 570 inva-

195 618 326 685 σίαν,
372 616 465 672 καὶ
524 615 624 685 τήν
681 614 949 691 αἰσχύνην
999 612 1591 690 παραδειγματίζοντος
1648 614 1842 687 ἐξεμη-

199 729 279 763 νεν
316 726 328 739 ’
363 705 583 778 οἵτινες,
632 705 791 761 αὐτὸν
842 704 1102 779 ὲμμανῶς
1154 701 1521 768 συλλαϐόντες
1571 704 1661 759 σὺν
1685 706 1839 760 Ῥου-

195 800 359 868 στίχῳ
407 795 502 850 καὶ
555 793 901 871 Ἐλενθερίω,
930 801 1047 858 τοῖς
1091 793 1462 870 ἐναγεστάτοις
1504 795 1666 849 ἀυτοῦ
1715 814 1842 872 φοι-

192 890 380 957 τηταῖς
428 885 520 939 καὶ
569 889 957 958 πνευματικοῖς
1011 883 1176 939 υἱὲσίν
1231 882 1329 958 (ὧν
1376 886 1465 940 τὸν
1504 885 1597 958 μὶν
1627 886 1841 960 ἱερουρ-

193 976 303 1050 γὸν,
333 976 427 1029 τὸν
458 968 517 1029 δὶ
562 973 882 1051 λειτουργὸν
932 975 1261 1050 καθιέρωσεν
1294 992 1307 1005 ⁸
1369 973 1532 1052 ἄμφω
1587 974 1686 1051 γάρ
1716 995 1841 1027 συν-

203 1064 565 1141 ηγωνιζὲσθην
616 1065 703 1119 καὶ
783 1064 1168 1141 συνετρεχέτην
1225 1068 1304 1136 τῷ
1364 1062 1551 1137 οἰκείῳ
1607 1065 1841 1137 καθηγε-

206 1153 322 1226 μόνι
353 1152 445 1207 καὶ
498 1157 839 1231 φωταγωγῷ,
888 1153 1126 1228 καθάπερ
1178 1152 1379 1227 Παύλῳ
1421 1156 1500 1226 τῷ
1528 1158 1628 1222 τῆς
1659 1152 1842 1207 οἲκου-

205 1241 366 1316 μένης
408 1250 660 1320 φωστῆρι
720 1240 996 1307 Συλυανὸς
1047 1242 1136 1297 καὶ
1192 1242 1504 1317 Τιμόθεος),
1563 1243 1652 1297 καὶ
1682 1254 1841 1306 καθε-

192 1330 394 1394 σθέντες
451 1331 542 1386 ἰπὶ
597 1334 900 1408 τυραννικῷ
977 1332 1207 1407 βήματι,
1285 1328 1656 1407 ἐμϐλέψαντες
1712 1330 1839 1407 δρα-

188 1420 410 1494 κοντείῳ
474 1416 780 1497 βλέμματι,
825 1421 914 1475 καὶ
960 1419 1216 1494 λεοντείῳ
1268 1423 1590 1497 βρυχήματι
1647 1442 1840 1497 κεκρα-

184 1510 356 1587 γότες,
412 1507 623 1584 ἤροντο
682 1510 934 1586 λέγοντες
971 1529 984 1543 ο
1043 1534 1071 1564 ‹‹
1130 1512 1197 1566 Ὦ
1252 1508 1478 1579 δύστηνε
1524 1513 1723 1587 γεραιὲ,
1777 1510 1838 1565 σὺ

188 1600 478 1676 τυγχάνεις
540 1600 613 1655 ὢν
664 1601 691 1656 ὁ
746 1604 854 1656 τῶν
916 1603 1049 1656 θεῶν
1102 1600 1263 1675 ἡμῶν
1322 1601 1385 1656 τὸ
1437 1597 1593 1663 σέϐας
1632 1602 1839 1678 ἀπαγο·

190 1688 499 1764 ρεύων,καὶ
558 1689 685 1752 τοὺς
743 1688 911 1752 λαοὺς
964 1693 1168 1765 μαγικῇ
1220 1688 1414 1766 τέχνῃ,
1461 1689 1553 1745 καὶ
1604 1686 1841 1765 εὐγλωτ-

184 1779 269 1849 τίᾳ
346 1778 696 1855 γοητεύμασί
752 1798 812 1835 τε
887 1778 1089 1834 πείθων
1153 1780 1228 1853 μὴ
1290 1777 1569 1855 λατρεύειν
1632 1781 1840 1853 αὐτοῖς,

191 1868 273 1922 καὶ
326 1873 446 1970 τρῖς
505 1868 786 1940 ἀνικήτοις
843 1867 1177 1924 ἀντιπίπτων
1245 1868 1546 1945 βασιλεῦσι,
1594 1868 1684 1924 καὶ
1740 1871 1840 1940 τήν
1874 1903 1922 1970 Β

189 1959 291 2010 τῶν
354 1952 657 2033 δογμάτων
710 1957 884 2013 αὐτῶν
946 1958 1104 2034 ἴσχὺν
1166 1954 1672 2034 ἀποϐαλλόμενος;
1730 1959 1843 2016 Τίνι

198 2046 410 2101 σεαυτὸν
467 2045 743 2126 ἐπιγράψῃ
798 2048 888 2104 καὶ
947 2048 1104 2112 ποίας
1165 2046 1443 2122 θρησκείας
1495 2048 1561 2121 εἶ,
1608 2050 1696 2105 καὶ
1730 2050 1847 2105 τίνα

197 2135 478 2210 κηρύττεις
517 2137 637 2201 θεόν
671 2154 684 2208 ;
722 2161 744 2189 ιι
792 2139 849 2191 Ὁ
908 2135 985 2209 δὲ,
1045 2137 1163 2192 κατ’
1218 2134 1369 2192 οὐδὲν
1422 2135 1596 2203 δείσας
1623 2141 1720 2208 τήν
1758 2138 1847 2196 αὐ-

195 2228 297 2279 τῶν
358 2225 704 2300 θρασυτάτην
766 2226 1052 2297 ἀπόνοιαν,
1108 2226 1379 2302 εὐθαρσῶς
1435 2225 1557 2283 λίαν
1618 2229 1846 2309 ἀντειρη-

201 2334 278 2369 σεν
312 2334 325 2347 ·
363 2339 391 2367 ‹‹
424 2316 579 2391 Ἐγώ
611 2316 724 2390 εἶμι
757 2317 785 2373 ὸ
831 2322 931 2387 τῆς
980 2317 1130 2390 ὑμῶν
1167 2314 1345 2380 ἀθεΐας
1377 2319 1723 2395 καθαιρέτης,
1756 2320 1844 2375 καὶ

197 2409 291 2473 τῆς
330 2402 640 2477 είδῶλικῆς
706 2409 1083 2484 μυσαρότητος
1151 2404 1482 2478 καταλυτής,
1533 2407 1621 2463 καὶ
1666 2410 1844 2480 πάσης

199 2494 540 2566 Ἑλληνικῆς
569 2494 785 2566 πλάνης
837 2494 1221 2568 στηλιτευτής,
1251 2500 1318 2572 τῇ
1357 2502 1453 2552 τοῦ
1486 2498 1721 2572 Χριστοῦ
1749 2505 1845 2554 τοῦ

200 2590 530 2661 μονογενοῦς
588 2586 717 2641 Υἱοῦ
772 2591 868 2641 τοῦ
928 2590 1061 2642 Θεοῦ
1114 2584 1333 2660 δυνάμει
1385 2588 1749 2660 κατεστηκὼς,
1801 2589 1846 2661 ᾧ

199 2673 281 2727 καὶ
315 2672 556 2746 ἐμαυτὸν
618 2673 853 2746 ἀνέθηκα
901 2674 1116 2745 δοῦλον,
1152 2676 1197 2749 ᾦ
1253 2675 1340 2731 καὶ
1394 2673 1641 2750 λατρεύω
1684 2673 1735 2731 ἐν
1767 2681 1846 2749 τῷ

204 2760 463 2835 πνεύματί
519 2784 650 2836 μου,
680 2768 760 2837 τῷ
816 2764 921 2837 πρὸ
970 2765 1181 2820 πάντων
1232 2765 1326 2838 μὶν
1371 2769 1477 2820 τῶν
1536 2764 1746 2820 αἰώνων
1791 2764 1849 2820 ἐκ

210 2853 410 2925 Πατρὸς
466 2851 782 2929 γεννηθέντι
843 2855 1060 2918 ἀπαθῶς
1115 2854 1203 2910 καὶ
1262 2854 1536 2930 ἀχρόνως,
1585 2854 1671 2910 ἐπὶ
1702 2852 1848 2910 τέλει

210 2938 261 2996 δὲ
289 2946 391 2998 τῶν
426 2941 641 2998 αἰώνων
697 2944 757 2999 ὲκ
813 2943 1083 3019 Παρθένου
1124 2945 1338 3019 Μαρίας
1386 2942 1507 3001 ἄνευ
1558 2950 1763 3023 σπορᾶς
1790 2967 1850 3001 τε

207 3031 291 3086 καὶ
340 3035 547 3111 φθορᾶς
605 3033 931 3108 σαρκωθὲντι
988 3035 1075 3089 καὶ
1133 3035 1403 3110 τεχθέντι,
1460 3036 1596 3089 κατά
1653 3035 1848 3105 πάντα,

207 3117 347 3191 πλὴν
379 3128 479 3193 τῆς
512 3120 806 3196 ἁμαρτίας,
866 3123 1047 3199 βροτῷ
1094 3125 1213 3187 καθ’
1243 3124 1391 3197 ἡμὰς
1423 3123 1847 3199 χρηματίσαντι,

208 3208 289 3264 καί
321 3208 390 3265 δι’
449 3210 661 3267 οἰκείου
714 3217 946 3287 σταυροῦ
1004 3212 1094 3268 καὶ
1153 3210 1380 3277 θανάτου
1435 3213 1497 3268 τὸ
1526 3213 1723 3289 κράτος
1751 3212 1852 3269 τοῦ

212 3295 466 3356 διαϐόλου
518 3302 939 3378 καταργήσαντι,
997 3303 1085 3357 καὶ
1136 3302 1225 3356 τὸν
1280 3303 1502 3365 θάνατον
1544 3304 1851 3379 νεκρώσαν-

209 3406 278 3458 τι,
306 3391 393 3444 καὶ
434 3388 637 3465 μέχρις
698 3386 831 3460 ᾅδου
877 3395 975 3446 τοῦ
1034 3386 1351 3465 δυσείμονος
1399 3390 1737 3461 κατελθόντι,
1765 3394 1853 3448 καὶ

210 3473 267 3529 τὸ
317 3474 485 3533 ἐκεῖσε
547 3476 737 3541 σκότος
792 3479 1042 3551 λύσαντι,
1098 3477 1188 3535 καὶ
1236 3485 1303 3554 τῇ
1352 3482 1635 3558 τριημέρῳ
1692 3482 1854 3536 αὑτοῦ

216 3562 271 3617 ἐκ
300 3570 504 3642 νεκρῶν
557 3565 834 3623 ἀναστάσει
895 3572 1011 3638 φῶς
1055 3572 1134 3640 τῷ
1189 3560 1383 3643 κόσμῳ
1435 3568 1733 3644 λάμψαντι,
1765 3571 1854 3625 καὶ

218 3654 351 3723 ζωὴν
399 3657 488 3710 καὶ
555 3654 854 3731 ἀχθαρσίαν
918 3656 1179 3733 βλύσαντι
1215 3678 1228 3691 ·
1265 3656 1323 3720 ὃς
1366 3654 1629 3731 ἐξεδίδαξε
1681 3653 1852 3713 σέϐειν

213 3737 299 3796 ἕνα
355 3746 481 3801 Θεὸν
542 3741 594 3799 ἐν
638 3745 813 3821 τρισὶν
867 3747 1188 3802 ὑποστάσεσι
1248 3745 1651 3824 διαιρουμὲναις
1696 3750 1857 3825 ἀσυγ-

218 3829 619 3903 χύτως,ἤκουν
670 3834 721 3889 ἐν
779 3836 972 3913 ΙΙατρί,
1033 3835 1122 3891 καὶ
1184 3838 1312 3908 Υἱῷ,
1366 3838 1455 3891 καὶ
1512 3838 1652 3912 ἀγίῳ
1697 3839 1858 3893 Πνεύ-

221 3941 361 3992 ματι,
394 3924 563 3987 αὐτὸς
591 3925 850 4000 ὑπαρχων
903 3927 980 3987 εἷς
1029 3932 1128 3995 τῆς
1162 3925 1413 3981 ἀκτίστου
1447 3924 1699 4003 Τριάδος,
1734 3950 1857 3983 συν-

219 4006 407 4080 αῑδιος,
463 4012 557 4067 καὶ
617 4013 973 4090 συνάναρχος,
1032 4015 1120 4069 καὶ
1182 4015 1477 4089 ὸμοούσιος
1530 4021 1607 4088 τῷ
1666 4017 1857 4092 Πατρὶ,

216 4099 298 4152 καὶ
355 4105 433 4173 τῷ
488 4101 632 4177 ἁγίῳ
690 4102 983 4177 Πνεύματι.
1035 4106 1239 4162 Τοῦτον
1295 4105 1384 4160 τὸν
1433 4104 1689 4178 ἀληθινὸν
1733 4108 1862 4162 Θεὸν

218 4187 594 4264 κηρύττομεν·
657 4191 859 4263 ταύτην
936 4195 1036 4263 τὴν
1122 4194 1358 4269 καθαρὰν
1409 4195 1498 4250 καὶ
1553 4192 1858 4270 ἀμώμητον

218 4280 317 4330 τῶν
375 4285 714 4355 Χριστιατῶν
767 4283 947 4338 πίστιν
1012 4282 1417 4360 καταγγέλομεν
1461 4302 1474 4316 ⁸
1557 4285 1685 4362 ὑπὲρ
1735 4285 1861 4341 ταύ-

218 4384 308 4435 της
345 4369 520 4424 πάντα
578 4376 765 4435 παθεῖν
826 4371 1060 4446 ετοίμως
1111 4368 1336 4448 ἔχομεν,
1399 4373 1459 4428 οὐ
1509 4376 1637 4449 πῐρ,
1690 4372 1754 4428 οὗ
1788 4374 1861 4444 ξί-

223 4474 334 4527 φας,
388 4458 448 4513 ού
503 4458 674 4533 θυμὸν
734 4461 929 4537 ἀγρίων
1009 4467 1211 4536 θηρῶν,
1286 4461 1395 4516 οὔθ’
1455 4461 1668 4516 οἳανοῦν
1729 4463 1863 4537 πρὸς

224 4541 363 4616 ὑμῶν
399 4546 792 4623 ἐπινοουμὲνην
827 4550 1070 4627 βασάνων
1106 4548 1248 4607 ἴδέαν
1271 4547 1656 4626 δειμαίνοντες.
1693 4576 1713 4604 ι

231 4833 252 4853 κ
290 4751 401 4819 Τὴν
435 4750 731 4827 εὐτολμίαν
783 4750 872 4809 οὖν
922 4759 1019 4811 τοῦ
1067 4754 1449 4832 ἀνδρειοτάτου
1498 4756 1589 4811 καὶ
1636 4755 1860 4812 πολυει-

228 4840 460 4910 δήμονος
488 4841 748 4919 γέροντος
797 4843 1230 4922 καταπλαγέντες
1286 4848 1337 4901 οἱ
1386 4846 1661 4923 τύραννοι,
1694 4845 1860 4902 πάλιν

227 4929 356 4998 πρὸς
405 4931 567 4987 αὐτὸν
616 4932 706 4988 καὶ
750 4932 878 4996 τοὺς
938 4935 1101 4990 αὐτοῦ
1156 4934 1451 4998 συνάθλους
1500 4936 1741 5009 μαθητὰς
1790 4938 1862 4991 εῖ-

228 5035 344 5119 ἶῑοεί,
388 5019 620 5119 ἀπειλήν
670 5044 729 5078 τε
758 5022 1014 5089 πνέοντες
1059 5026 1149 5079 καὶ
1199 5027 1590 5100 μαργαίνοντες
1622 5045 1634 5058 ·
1661 5050 1689 5077 ‹‹
1726 5026 1868 5099 Πρὸς

233 5110 374 5177 ὑμῶν
407 5110 509 5184 ἄρα
536 5111 603 5165 τά
631 5116 736 5166 τῶν
792 5112 1060 5188 βασιλέων
1108 5116 1268 5187 ἡμῶν
1318 5114 1407 5169 καὶ
1456 5114 1738 5190 ἀρχόντων
1772 5135 1867 5169 κα-

233 5205 569 5295 ταφρονεῖται
610 5198 860 5277 δὺγματοὶ
903 5224 959 5258 τε
1005 5205 1093 5258 καὶ
1126 5205 1545 5280 προστάγματα,
1574 5206 1665 5260 καὶ
1694 5207 1728 5274 ἡ
1760 5208 1866 5259 τῶν

234 5288 507 5389 ξιητξῑήτων
536 5293 695 5363 ἡμῶν
730 5297 861 5356 θεῶν
908 5295 1043 5366 τιμή
1099 5293 1187 5348 καὶ
1220 5294 1431 5367 ἐξουσία
1460 5298 1761 5367 παρορᾶται
1793 5313 1805 5362 ;
1841 5318 1869 5344 ››

251 5376 291 5426 Ο
321 5376 374 5428 δὲ
406 5383 547 5441 θεῖος
598 5379 884 5456 ἱεράρχης,
934 5382 1023 5437 καὶ
1072 5379 1245 5458 λόγῳ,
1285 5385 1371 5438 καὶ
1426 5377 1567 5459 ἔργῳ
1596 5389 1695 5452 τῆς
1732 5403 1870 5458 μαρ-

236 5472 455 5564 τὲξικῆε
520 5469 864 5564 παρατάξεως
939 5472 1376 5548 προηγούμενος,
1431 5470 1869 5548 θαρσαλεώτερον

242 5550 381 5614 αὖθις
434 5555 828 5635 ὁντειρθεγξατο·
862 5583 891 5611 ‹‹
951 5558 1176 5618 Ὅλοιτο
1241 5560 1503 5636 βασιλέων
1551 5560 1642 5615 καὶ
1678 5558 1875 5636 ἀρχόν-

243 5656 343 5692 των
400 5644 534 5699 ἆπαν
596 5643 782 5711 ἀσεϐές
838 5670 896 5704 τε
954 5650 1044 5704 καὶ
1102 5650 1343 5706 ἀντίθεον
1390 5652 1733 5727 πρόσταγμα,
1785 5652 1874 5705 καὶ

248 5727 351 5787 θεοῖ
384 5730 434 5785 o't
463 5735 551 5789 τὸν
586 5735 811 5813 οὐρανὸν
843 5738 933 5793 καὶ
977 5741 1075 5808 τήν
1127 5743 1225 5813 γῆν
1278 5739 1376 5794 οὐκ
1402 5740 1658 5812 ἐποίησαν
1693 5760 1706 5773 ·
1742 5741 1875 5794 ἀπο-

1954 629 2168 680 sorem,
2201 618 2257 668 et
2285 611 2586 667 dedecoris
2618 607 2869 663 indicem
2905 606 3179 678 impulit;
3215 604 3604 677 quifuribun-

1954 704 2011 758 di
2044 719 2174 757 cum
2216 702 2411 774 ipsum
2455 696 3037 770 comprehendissent
3081 712 3213 750 cum
3263 695 3503 751 Rustico
3551 696 3608 750 et

1956 792 2287 848 Eleutherio
2347 787 2741 847 sanctissimis
2790 787 2917 857 ejus
2974 783 3302 856 discipulis,
3350 784 3608 856 ﬁliisque

1954 880 2166 954 spiritu
2199 880 2311 936 sibi
2344 876 2697 951 conjunctis,
2731 890 2984 947 quorum
3017 873 3181 928 illum
3233 874 3471 945 quidem
3505 890 3606 928 sa-

1954 971 2237 1041 criﬁcum,
2260 970 2416 1025 hunc
2446 984 2581 1024 vero
2612 981 2915 1022 sacrorum
2938 963 3280 1019 ministrum
3303 977 3607 1017 consecra-

1955 1064 2064 1129 rat,
2097 1060 2168 1115 ad
2202 1056 2435 1132 tyranni
2464 1054 2730 1113 tribunal
2762 1054 2999 1111 sistunt.
3034 1051 3217 1108 Simul
3236 1051 3411 1108 etiam
3435 1052 3607 1107 ambo

1954 1150 2356 1215 decertabant,
2389 1163 2456 1203 ac
2485 1146 2746 1202 ductoris
2777 1149 2833 1202 et
2855 1141 3229 1216 praeceptoris
3255 1141 3372 1212 sui,
3403 1156 3606 1211 quem-

1953 1240 2275 1296 admodum
2308 1236 2485 1293 etiam
2516 1235 2681 1290 Pauli
2712 1232 2869 1289 orbis
2901 1237 3067 1287 terrae
3106 1229 3353 1286 luminis
3407 1228 3606 1301 Sylva-

1954 1346 2068 1385 nus
2099 1332 2155 1383 et
2185 1325 2556 1393 Timotheus,
2578 1323 2918 1380 certaminis
2941 1326 2997 1378 et
3018 1337 3229 1377 cursus
3252 1319 3394 1376 socii
3417 1322 3606 1374 erant.

1954 1418 2020 1474 Et
2069 1416 2373 1490 tyrannico
2421 1412 2700 1470 tribunali
2753 1412 3101 1480 insidentes,
3166 1409 3273 1464 hos
3324 1412 3485 1464 torvo
3545 1423 3609 1462 ac

1955 1506 2224 1563 draconis
2272 1508 2512 1576 aspectu
2560 1503 2856 1558 intuentes
2901 1498 3084 1555 leonis
3116 1498 3313 1569 rugitu
3354 1495 3607 1551 interro-

1953 1596 2193 1670 gabant,
2228 1594 2489 1650 dicentes
2518 1608 2531 1647 :
2567 1616 2594 1644 «
2629 1592 2672 1647 Ο
2694 1589 2987 1661 despicate
3010 1602 3210 1653 senex,
3234 1592 3377 1642 tune
3400 1600 3462 1641 es
3487 1583 3608 1651 ille,

1955 1686 2054 1759 qui
2086 1684 2310 1741 cultum
2342 1685 2585 1740 deorum
2616 1686 2955 1737 nostrorum
3002 1682 3183 1743 vetas,
3238 1673 3610 1748 populosque

1954 1783 2075 1833 arte
2104 1774 2355 1847 magica,
2386 1776 2443 1829 et
2473 1770 2705 1827 dicendi
2734 1768 3001 1835 artificio,
3034 1783 3099 1823 ac
3126 1763 3439 1838 prastigiis
3471 1778 3608 1819 con-

1954 1868 2118 1934 ﬁsus,
2154 1864 2285 1921 illos
2316 1861 2604 1929 venerari,
2634 1865 2689 1917 et
2735 1857 2966 1914 invictis
3017 1871 3219 1929 parere
3252 1855 3491 1927 regibus
3518 1867 3607 1907 re-

1957 1957 2141 2027 sistis,
2159 1955 2392 2024 vimque
2412 1951 2822 2008 mandatorum
2844 1947 3078 2003 illorum
3098 1945 3291 2017 rejicis
3312 1945 3339 1999 ?
3360 1943 3606 2001 Cuinam

1959 2050 2137 2104 temet
2167 2042 2487 2100 addixisti?
2536 2043 2652 2096 Aut
2681 2055 2798 2112 qua
2829 2036 3108 2110 religione
3152 2034 3468 2090 obstrictus
3522 2048 3607 2099 es,

1959 2142 2017 2193 et
2037 2152 2210 2209 quem
2233 2135 2403 2189 deum
2433 2131 2717 2204 praedicas
2739 2129 2767 2183 ?
2791 2147 2818 2180 ιι
2843 2126 2944 2182 Ille
2964 2142 3119 2195 vero,
3145 2123 3605 2181 audacissimam

1957 2225 2193 2283 illorum
2225 2220 2651 2280 contumaciam
2685 2216 2833 2274 nihil
2866 2216 3110 2282 veritus,
3153 2212 3415 2269 animose
3446 2209 3613 2266 valde

1958 2314 2298 2389 respondit:
2337 2334 2364 2364 ‹‹
2391 2311 2608 2366 Vestrae
2640 2324 2745 2381 ego
2802 2303 3123 2376 impietatis
3156 2305 3419 2357 vastator
3458 2312 3613 2366 sum,

1957 2388 2319 2477 impuritatis
2351 2401 2801 2457 simulacrorum
2825 2410 3078 2461 eversor,
3116 2408 3182 2448 ac
3204 2390 3397 2448 omnis
3421 2388 3617 2462 genti-

1955 2495 2103 2550 lium
2133 2494 2347 2549 erroris
2379 2489 2715 2545 ditfamator
2739 2508 2752 2555 ;
2778 2482 3051 2557 potentiae
3072 2481 3291 2537 Christi
3319 2477 3610 2551 unigeniti

1957 2586 2059 2641 Dei
2089 2580 2217 2637 Filii
2251 2578 2542 2647 addictus,
2573 2576 2665 2632 cui
2698 2575 2990 2647 meipsum
3029 2587 3263 2627 servum
3311 2566 3613 2634 constitui,

1960 2674 2053 2731 cui
2083 2672 2255 2729 etiam
2291 2669 2479 2726 servio
2507 2667 2567 2722 in
2602 2664 2812 2737 spiritu
2847 2680 2997 2730 meo,
3054 2659 3153 2733 qui
3188 2667 3324 2714 ante
3377 2658 3615 2728 quidem

1960 2762 2157 2820 omnia
2188 2757 2401 2816 secula
2432 2757 2559 2812 sine
2591 2752 2914 2823 affectione,
2964 2754 3021 2806 et
3076 2752 3238 2805 extra
3286 2748 3523 2818 tempus
3580 2763 3615 2800 a

1959 2858 2131 2908 Patre
2163 2849 2396 2920 genitus
2428 2846 2559 2915 fuit,
2601 2844 2661 2899 in
2714 2845 2825 2897 fine
2885 2844 3081 2896 autem
3141 2835 3489 2893 saeculorum
3548 2849 3618 2889 ex

1961 2940 2143 2998 Maria
2174 2936 2420 3011 virgine,
2454 2934 2581 2989 sine
2611 2932 2835 2989 semine
2868 2946 2932 2985 ac
2965 2928 3339 2999 corruptione
3378 2939 3614 2981 carnem

1963 3028 2308 3102 assumpsit,
2341 3030 2400 3081 et
2430 3025 2487 3080 in
2522 3020 2711 3079 lucem
2746 3020 2960 3088 editus,
2983 3018 3041 3072 in
3074 3015 3367 3083 omnibus,
3410 3018 3619 3087 praeter

1964 3099 2293 3195 peccatum,
2327 3112 2559 3170 mortali
2592 3108 2815 3167 homini
2847 3111 2937 3179 (ut
2967 3123 3074 3163 nos
3123 3104 3355 3175 sumus)
3404 3099 3619 3160 similis

1963 3192 2249 3274 factus,et
2280 3220 2452 3261 cruce
2484 3219 2591 3257 sua
2639 3216 2703 3255 ac
2758 3202 2943 3254 morte
3001 3194 3219 3252 diaboli
3277 3192 3615 3265 imperium,

1966 3299 2270 3371 perempta
2300 3296 2507 3358 morte,
2540 3287 2773 3343 irritum
2806 3284 2958 3355 fecit,
3012 3284 3083 3339 ad
3134 3281 3474 3353 inferosque
3533 3280 3618 3335 in-

1966 3366 2154 3445 cultos
2175 3366 2243 3439 let
2263 3379 2532 3438 horridos
2558 3377 2881 3444 descendit,
2916 3378 2972 3429 et
2996 3373 3075 3428 ibi
3106 3370 3379 3427 tenebras
3401 3366 3621 3425 dissol-

1963 3477 2064 3543 vit,
2095 3491 2160 3529 ac
2192 3474 2320 3544 ejus
2352 3466 2800 3534 resurrectione,
2835 3480 2960 3535 quae
2992 3461 3162 3517 tertio
3193 3458 3287 3514 die
3316 3477 3349 3514 δ,
3369 3457 3620 3513 mortuis

1967 3567 2120 3622 facta
2143 3566 2253 3629 est,
2283 3558 2384 3615 lux
2417 3556 2636 3612 mundo
2668 3552 2881 3623 illuxit,
2913 3552 3211 3621 vitamque
3256 3551 3315 3603 et
3357 3547 3621 3602 incorru-

1968 3654 2229 3728 ptionem
2262 3647 2495 3715 attulit;
2524 3645 2622 3717 qui
2649 3659 2829 3698 unum
2854 3647 3034 3697 Deum
3060 3641 3118 3693 in
3140 3636 3329 3693 tribus
3355 3636 3622 3709 personis

1968 3722 2272 3798 inconfuse
2316 3735 2541 3800 divisis,
2575 3746 2784 3803 nempe
2815 3729 2874 3784 in
2910 3728 3094 3795 Patre,
3129 3728 3185 3781 et
3215 3723 3381 3794 Filio,
3414 3726 3471 3778 et
3498 3722 3619 3792 Spi-

1969 3833 2086 3888 ritu
2120 3831 2342 3894 sancto,
2376 3822 2575 3880 docuit
2604 3818 2890 3889 venerari,
2915 3816 3195 3888 cumipse
3218 3813 3439 3884 alioqui
3470 3827 3623 3865 unus

1971 3921 2240 3977 increatzs
2288 3913 2594 3971 Trinitatis
2642 3910 2952 3977 exsistens,
3005 3903 3183 3962 simul
3238 3916 3371 3959 cum
3433 3902 3620 3967 Patre,

1970 4015 2293 4081 sanctoque
2342 4004 2567 4077 Spiritu
2629 4001 3048 4072 sempiternus,
3129 3994 3255 4049 sine
3309 3989 3618 4063 principio,

1970 4100 2355 4172 ejusdemque
2410 4090 2752 4148 substantia
2811 4087 2905 4142 sit.
2957 4084 3125 4140 Hunc
3177 4096 3378 4137 verum
3440 4084 3621 4134 Deum

1972 4164 2381 4263 praedicamus,
2454 4182 2606 4236 hanc
2665 4192 2873 4251 puram
2934 4178 2991 4229 et
3050 4164 3623 4243 irreprehensibilem

1972 4258 2148 4334 iidem
2180 4272 2625 4335 annuntiamus,
2658 4283 2761 4339 pro
2795 4264 2903 4319 hac
2934 4263 3131 4317 omnia
3164 4260 3282 4332 pati
3305 4258 3493 4332 parati
3526 4270 3624 4311 su-

1973 4384 2129 4437 mus,
2164 4381 2277 4419 non
2302 4362 2519 4433 ignem,
2546 4373 2659 4412 non
2682 4352 2966 4427 gladium,
2993 4369 3106 4407 non
3133 4350 3455 4404 immanem
3479 4344 3626 4401 fera-

1974 4473 2104 4511 rum
2138 4450 2457 4524 agrestium
2496 4447 2805 4509 feritatem,
2848 4457 3037 4513 neque
3094 4437 3564 4509 qualemcunque
3595 4450 3628 4488 a

1972 4543 2138 4599 vobis
2168 4522 2594 4597 tormentorum
2626 4536 2831 4591 faciem
2856 4528 3241 4603 excogitatam
3267 4522 3628 4599 pertimesci-

1892 4637 1938 4701 D
1975 4651 2129 4690 mus.
2164 4654 2192 4682 »

2044 4759 2191 4815 387
2228 4757 2387 4812 Hanc
2419 4753 2597 4824 igitur
2629 4746 2937 4805 fortissimi
2969 4761 3034 4800 ac
3065 4738 3492 4815 sapientissimi
3535 4751 3628 4792 se-

1974 4850 2067 4906 nis
2099 4846 2279 4903 animi
2329 4840 2731 4899 fortitudinem
2789 4834 3023 4908 tyranni
3078 4829 3377 4895 admirati,
3436 4827 3625 4882 eidem

1975 4954 2182 4995 rursus
2214 4937 2460 5006 ejusque
2488 4927 2829 4985 certaminis
2860 4922 3037 4979 sociis
3077 4917 3386 4989 discipulis
3437 4915 3628 4969 minas

1977 5028 2271 5101 spirantes
2302 5026 2357 5078 et
2388 5018 2752 5076 insanientes
2780 5014 3052 5069 dixerunt
3079 5027 3092 5065 :
3126 5032 3151 5058 ‹‹
3190 5009 3385 5076 Itaque
3427 5018 3629 5073 regum

1979 5092 2315 5174 nostrorum
2337 5110 2665 5184 principum
2683 5106 2857 5176 jussa
2883 5104 3231 5169 decretaque
3252 5113 3286 5151 a
3305 5092 3471 5150 vobis
3493 5108 3629 5147 con-

1979 5208 2350 5265 temnuntur,
2384 5204 2440 5255 et
2466 5199 2654 5254 honor
2684 5195 2927 5251 deorum
2954 5192 3294 5245 nostrorum
3325 5185 3633 5253 insupera-

1980 5296 2188 5352 bilium
2221 5297 2278 5348 et
2307 5293 2566 5364 potestas
2597 5282 2969 5355 despicitur?
2998 5301 3025 5327 ››
3059 5279 3131 5332 At
3162 5274 3399 5331 divinus
3439 5270 3630 5343 ponti-

1984 5387 2074 5442 fex
2106 5386 2425 5454 martyrum
2460 5375 2625 5446 aciei,
2658 5390 2793 5429 cum
2826 5372 2896 5427 ob
2954 5368 3292 5431 verborum,
3334 5366 3463 5416 tum
3496 5375 3633 5429 ope-

1984 5491 2116 5531 rum
2149 5450 2575 5532 excellentiam,
2610 5461 3053 5533 antesignanus,
3080 5450 3396 5510 audentius
3427 5464 3634 5503 rursus

1984 5559 2328 5634 respondit:
2378 5580 2406 5607 «
2458 5555 2731 5610 Facessat
2780 5549 2932 5621 regis
2973 5563 3037 5601 ac
3075 5542 3409 5616 principum
3439 5535 3633 5593 omnis

1986 5651 2277 5725 impietas,
2311 5651 2367 5703 et
2396 5645 2653 5725 edictum
2684 5640 2799 5696 Deo
2841 5635 3222 5699 contrarium,
3255 5634 3312 5687 et
3340 5624 3515 5683 vestri
3550 5623 3629 5678 dii

1987 5712 2088 5815 qui
2120 5757 2223 5797 nec
2251 5736 2459 5796 coelum
2494 5718 2597 5789 nec
2630 5738 2840 5788 terram
2876 5728 3156 5794 fecerunt,
3190 5726 3257 5777 ut
3284 5712 3629 5780 imbecilles,
