4020 6358
380 339 487 394 663

1621 336 1680 386 S.
1723 333 2036 385 DIONYSH
2077 332 2558 388 AREOPAGlTxE

3683 341 3782 394 665

385 465 449 515 ut
478 459 634 530 vani,
670 462 882 513 utvcre
915 457 1335 512 abominabiles
1362 462 1620 527 pereant,
1681 453 1902 523 indigni
1965 453 2078 517 de,

2191 449 2422 514 έσθωσαν
2456 457 2529 517 ὡς
2579 453 2842 531 ἀδρανεῖς,
2877 458 2951 519 ὡς
2987 455 3196 530 μέλεοι,
3231 458 3304 520 ὡς
3339 456 3592 534 βδιλυροὶ
3619 456 3782 524 ὅντως

387 549 603 620 quibus
633 547 992 602 verbattiant
1015 565 1028 613 ;
1055 545 1344 600 daemonia
1369 549 1562 598 autem
1589 548 1747 607 sunt,
1767 549 1824 597 et
1846 542 2041 611 figuras

389 637 813 694 cacodaemonis
843 635 1086 690 consilio
1114 635 1402 703 eflictae,et
1421 632 1735 687 artiﬁciosa
1759 645 2042 685 manuum

387 728 696 784 hominum
733 742 928 796 opera.
964 724 1199 779 Similes
1254 724 1434 793 igitur
1486 721 1602 776 illis
1662 722 1805 774 {iant
1859 718 2042 784 surdi,

389 817 545 884 caeci,
608 831 822 872 sensus
868 821 1154 884 expertes,
1216 813 1312 884 qui
1349 812 1571 866 faciunt
1601 827 1686 874 ea,
1738 813 1794 862 et
1842 823 2046 865 omnes

390 907 491 980 qui
523 906 829 961 confidunt
861 904 920 958 in
952 905 1055 960 eis.
1090 903 1207 957 Nos
1260 901 1414 956 enim
1477 899 1800 966 Christum,
1844 913 2048 951 verum

389 1013 586 1052 rerum
619 994 885 1050 omnium
923 995 1099 1047 Deum
1133 991 1422 1062 opificem,
1449 995 1803 1054 curatorem,
1835 991 1891 1040 et
1919 985 2049 1039 vitae

391 1084 716 1158 principem
749 1082 1151 1154 agnoscimus,
1178 1087 1234 1134 et
1266 1081 1462 1150 ipsum
1491 1076 1682 1132 solum
1707 1091 2053 1130 veneramur

395 1190 460 1230 ac
488 1173 895 1244 praedicamus,
930 1185 1212 1242 spemque
1241 1169 1300 1222 in
1324 1167 1518 1238 ipsum
1551 1165 1848 1237 ponimus,
1870 1168 1926 1218 et
1949 1180 2052 1234 pro

395 1264 524 1335 ipso
555 1263 705 1317 mori
737 1260 990 1315 libenter
1021 1258 1209 1331 parati
1243 1273 1474 1325 sumus,
1514 1271 1740 1326 nosque
1772 1259 2053 1324 tanquam

397 1369 595 1408 sacras
625 1351 898 1405 victimas
931 1354 987 1404 et
1038 1347 1262 1403 hostias
1315 1350 1682 1417 repetamus,
1735 1360 2056 1415 properan-

399 1446 487 1497 tes
519 1441 591 1496 ad
627 1441 774 1495 hanc
798 1437 1260 1508 jugulationem,
1289 1436 1456 1490 valde
1486 1435 1834 1506 gloriamur,
1857 1437 1917 1486 ut
1957 1431 2056 1501 qui

404 1547 511 1586 nos
544 1531 733 1584 denuo
764 1531 1220 1595 resurrecturos,
1256 1523 1675 1594 melioremque
1725 1538 1788 1576 ac
1837 1521 2058 1575 beatio-

404 1637 522 1676 rem
558 1623 955 1690 perpetuoque
981 1617 1327 1670 duraturam
1360 1612 1756 1667 htereditatem
1791 1626 2062 1666 consecu-

407 1715 571 1764 turos
602 1711 758 1761 certo
787 1706 1108 1772 credimus,
1143 1709 1322 1775 atque
1353 1700 1873 1772 adeoincorruptis
1906 1715 2064 1753 coro-

410 1798 504 1852 nis
533 1797 870 1851 decoratum
903 1794 996 1849 iri.
1042 1794 1160 1847 Vos
1189 1809 1324 1847 vero
1384 1807 1614 1860 rursus,
1657 1792 1945 1861 quotquot
2004 1786 2060 1841 in

409 1887 606 1958 ipsum
641 1901 756 1939 non
787 1883 1049 1949 creditis,
1085 1882 1186 1938 sed
1218 1881 1563 1953 dignitatern
1597 1880 1748 1949 ejus,
1791 1893 2064 1949 regnum-

415 1992 531 2046 que
554 1990 783 2039 verum,
819 1972 1269 2042 sempiternum,
1304 1974 1359 2024 et
1385 1970 1499 2023 {ine
1549 1985 1753 2024 carens
1785 1965 2062 2038 repellen-

414 2069 526 2129 tes,
560 2062 864 2116 ministros
896 2061 1023 2130 ejus
1056 2057 1406 2121 interﬁcitis,
1440 2055 1797 2127 sempiterno
1839 2053 1984 2126 igni,
2018 2057 2074 2107 et

415 2147 961 2205 immedicabilibus
1015 2148 1426 2219 perpetuisque
1472 2143 1778 2217 suppliciis
1828 2143 2076 2198 traditos

416 2241 805 2297 intuebimur.
841 2262 862 2288 ι
903 2241 985 2293 Ad
1020 2239 1140 2293 hmo
1172 2235 1642 2310 flagitiosissimi,
1690 2239 1747 2290 et
1791 2235 1862 2289 ab
1912 2231 2076 2288 omni

416 2333 629 2403 pietate
653 2330 1006 2386 alienissimi
1030 2333 1433 2400 persecutores
1449 2326 1793 2400 perturbati,
1818 2326 1904 2380 ira
1922 2325 2077 2396 pleni

417 2438 482 2475 ac
515 2421 950 2492 indignatione,
985 2419 1436 2488 frondentesque
1492 2416 1790 2485 dentibus,
1835 2415 2078 2470 ensibus

416 2509 668 2575 eductis,
708 2508 1092 2563 sanctissimo
1120 2507 1214 2560 Dei
1252 2504 1792 2577 praeconijugulum
1813 2507 2080 2575 prompte

419 2598 696 2672 praebenti
722 2597 990 2653 divinum
1018 2597 1380 2652 sacratissim
1393 2612 1611 2666 umque
1631 2599 1823 2667 caput,
1841 2612 1906 2648 ac
1925 2593 2082 2648 dein-

422 2690 493 2743 de
525 2688 721 2761 capita
751 2689 1003 2743 duorum
1038 2688 1162 2755 viae,
1184 2705 1416 2754 cursus,
1441 2703 1506 2740 ac
1530 2685 1939 2750 certaminum,
1965 2702 2080 2738 non

424 2779 626 2834 minus
657 2795 834 2849 quam
887 2776 1318 2847 praedicationis
1375 2776 1691 2839 sociorum,
1743 2778 2080 2845 amputave-

427 2871 599 2923 runt:
636 2866 910 2936 dumipsi
954 2866 1023 2920 ad
1079 2880 1312 2918 cursum
1364 2863 1628 2935 martyrii
1679 2880 1744 2918 ac
1799 2862 2082 2934 postremi

432 2957 568 3012 ﬁnis
600 2961 898 3010 certamen
927 2954 1180 3008 cervices
1224 2957 1493 3024 prompte
1541 2952 1934 3024 projicientes,
1983 2969 2084 3007 en-

431 3044 632 3115 sisque
661 3043 800 3097 ictui
823 3042 1092 3097 alacriter
1112 3042 1526 3111 protendentes
1550 3046 1918 3096 antevertere
1941 3042 2087 3095 alter

433 3132 599 3188 alteri
622 3131 986 3197 festinarent,
1020 3135 1220 3184 utnon
1254 3147 1287 3183 a
1316 3129 1550 3185 doctore
1599 3135 1654 3184 et
1700 3146 1864 3184 sacro
1917 3130 2084 3183 insti-

432 3226 624 3277 tutore
653 3235 759 3275 suo
790 3219 848 3274 in
881 3220 989 3274 hac
1021 3218 1251 3273 mortali
1285 3223 1342 3273 et
1368 3218 1570 3290 spinas
1593 3219 1948 3289 producente
1967 3217 2084 3272 vita

435 3309 672 3367 omnino
706 3309 1196 3380 relinquerentur,
1231 3309 1354 3375 sed,
1393 3312 1456 3362 ut
1494 3308 1610 3362 dux
1659 3324 1724 3362 ac
1774 3313 2088 3379 prazeeptor

434 3415 659 3466 eorum,
711 3398 782 3452 ad
817 3401 1253 3452 muneratorem
1306 3401 1486 3450 Deum
1531 3397 1776 3451 breviter
1833 3412 1967 3449 cum
2022 3412 2087 3450 eo

437 3489 615 3546 simul
669 3489 1165 3559 commigrarent:
1202 3493 1284 3554 ut,
1318 3488 1819 3558 quemadmodum
1880 3505 1996 3541 una
2029 3487 2087 3540 in

437 3578 857 3634 certaminibus
901 3577 1268 3646 laborabant,
1315 3577 1551 3631 easdem
1610 3576 1785 3631 etiam
1844 3592 2090 3632 coronas

441 3668 594 3724 388
627 3672 685 3722 et
743 3666 981 3737 praemia
1033 3665 1248 3721 laboris
1284 3666 1596 3736 participes
1628 3664 1807 3719 simul
1865 3666 2091 3735 accipe-

444 3761 593 3813 rent.
627 3758 748 3822 Quo
780 3755 936 3810 enim
972 3760 1142 3825 pacto
1175 3753 1272 3825 qui
1309 3755 1486 3824 probe
1521 3755 1765 3824 apueris
1799 3753 2092 3819 instructi,

445 3844 769 3916 multisque
799 3859 864 3897 ac
897 3843 1073 3896 variis
1103 3842 1394 3897 exercitati
1422 3840 1727 3896 laboriosis
1759 3843 2095 3896 certamini-

449 3935 587 4003 bus,
615 3933 814 3988 divino
846 3931 1060 3986 Christi
1086 3930 1273 4002 ipsius
1294 3947 1489 3984 amore
1515 3930 1859 4000 ﬂagrabant,
1885 3930 2097 4000 quibus

450 4023 726 4080 omnibus
758 4037 864 4075 nec
895 4021 1118 4092 corpori
1153 4036 1256 4075 nec
1280 4020 1476 4074 animo
1500 4036 1733 4090 parcere
1755 4019 2098 4085 didicerant,

453 4119 518 4167 ut
546 4113 672 4182 ipso
706 4110 828 4166 solo
860 4127 991 4165 vere
1025 4110 1181 4181 ligno
1213 4109 1344 4164 vitae
1379 4111 1730 4175 fruerentur,
1761 4125 1874 4162 non
1902 4109 2099 4174 docto-

452 4202 534 4256 ris
565 4205 622 4256 et
654 4199 1024 4270 praeceptoris
1055 4200 1144 4252 sui
1179 4199 1702 4270 promptitudinem
1737 4198 1807 4251 ad
1835 4197 2099 4269 martyrii

454 4292 744 4344 certamen
765 4288 1137 4341 imitarentur
1155 4287 1182 4341 ?
1203 4287 1360 4340 Sicut
1382 4286 1538 4340 enim
1565 4284 1924 4340 fortissimus
1939 4302 2099 4340 exer-

454 4379 609 4434 citus
641 4378 980 4448 imperator,
1015 4377 1110 4444 qui
1144 4392 1271 4430 sese
1300 4375 1497 4446 praelio
1551 4374 1774 4444 primus
1829 4380 2099 4445 exponat,

457 4465 963 4522 commilitonibus
980 4465 1210 4518 animos
1229 4462 1410 4529 addit,
1435 4464 1572 4516 dum
1599 4462 1871 4518 bellicum
1897 4479 2102 4519 canere

2153 540 2302 611 ὑμῶν
2331 543 2382 595 οἱ
2415 544 2548 614 θεοὶ,
2583 545 2671 599 καὶ
2716 543 2933 608 οὐδενὸς
2986 547 3153 622 λόγου
3193 547 3331 620 ἄξιοι
3359 566 3371 578 ·
3407 545 3664 619 δαιμόνια
3690 551 3786 625 γὰρ

2151 629 2504 704 τυγχᾶνουσιν
2569 630 2740 704 ὅ·.τες,
2788 635 2878 689 καὶ
2927 633 3166 696 διανοίας
3224 633 3622 709 κακοδαίμονος
3666 639 3788 692 ἀνα-

2154 721 2469 793 πλάσματα,
2545 723 2636 777 καὶ
2714 728 2917 800 χειρῶν
3002 725 3353 797 ἀνθρωπίνων
3426 728 3790 800 τεχνάσματα.

2155 810 2383 880 ’Ὅμοιοι
2414 809 2591 866 τοίνυν
2611 813 2797 874 αὐτοῖς
2831 815 2882 867 οἱ
2911 818 3194 876 ποιοῦντες
3229 813 3383 882 αὐτὰ,
3413 815 3508 869 καὶ
3538 817 3726 877 πάντες
3748 818 3795 870 oi

2157 899 2477 963 πεποιθότες
2505 899 2588 955 ἐπ’
2645 901 2829 965 αὐτοῖς
2882 903 3145 977 γένοιντο,
3193 903 3394 979 κωφοὶ,
3444 903 3534 958 xui
3582 907 3794 979 τυφλοὶ,

2159 988 2247 1041 καὶ
2282 988 2624 1060 ἀναίσθηνοι.
2657 991 2850 1064 Ἡμεῖς
2909 991 3010 1067 γὰρ
3067 993 3296 1067 Χριστὸν
3352 993 3444 1046 τὸν
3480 989 3646 1054 ὄντως
3679 990 3796 1049 ὄντα

2157 1081 2266 1131 τῶν
2300 1077 2445 1133 ὅλων
2492 1080 2620 1135 Θεόν
2677 1102 2736 1136 τε
2789 1083 2876 1135 καὶ
2941 1079 3302 1158 δημιουργὸν,
3358 1083 3450 1136 καὶ
3511 1081 3795 1156 κηδεμόνα,

2161 1167 2381 1231 καὶτῆς
2413 1172 2555 1238 ζωῆς
2602 1172 2845 1246 χορηγὸν
2896 1171 3260 1246 γινώσκομεν,
3309 1171 3398 1225 καὶ
3447 1172 3608 1226 αὐτὸν
3644 1174 3794 1245 μόνον

2165 1252 2418 1327 σέϐομεν,
2451 1259 2540 1312 καὶ
2580 1259 2944 1334 κηρόττομεν,
2991 1261 3080 1315 καὶ
3119 1261 3214 1324 τάς
3255 1258 3482 1322 ἐλπίδας
3533 1261 3608 1322 εἷς
3652 1261 3798 1317 αὐτὸν

2167 1345 2543 1419 ἀνατιθέμεθα,
2603 1349 2693 1403 καὶ
2740 1351 2916 1403 θανεῖν
2968 1349 3099 1423 ὑπὲρ
3153 1349 3315 1404 αὐτοῦ
3359 1349 3799 1426 προθυμούμεθα,

2169 1434 2421 1507 θυμάτων
2445 1438 2605 1512 ἱερῶν
2661 1439 2752 1492 xui
2805 1438 3044 1516 σφαγίων
3108 1436 3263 1509 δίκην
3323 1439 3551 1500 ἑαυτοὺς
3593 1437 3800 1513 λογιζό-

2174 1545 2349 1596 μενοι,
2378 1527 2467 1580 καὶ
2505 1525 2828 1589 σπεύδοντες
2875 1526 2962 1582 ἐπὶ
2991 1529 3090 1597 τὴν
3123 1529 3386 1598 τοιαύτην
3418 1531 3653 1603 σφαγῆν,
3683 1527 3803 1603 ἄγαν

2172 1612 2550 1688 ἀγαλλόμεθα,
2586 1617 2659 1678 ὡς
2712 1617 2970 1691 ἀσφαλῶς
3019 1620 3365 1680 πιστεύοντες
3412 1616 3565 1679 αὖθις
3597 1616 3806 1686 ἀναστή-

2174 1715 2376 1773 σεσθαι,
2464 1713 2562 1775 τῆς
2647 1706 2981 1778 κρείττονος,
3067 1708 3156 1762 xui
3238 1706 3676 1782 μακαριωτέρας,
3725 1706 3807 1760 καὶ

2173 1789 2591 1864 διαιωνιζούσης
2643 1795 2954 1869 τευξόμενοι
3017 1797 3252 1870 λήξεως,
3309 1796 3400 1850 καὶ
3455 1801 3575 1857 τοῖς
3621 1794 3811 1868 ἂκηρά·

2178 1903 2292 1943 τοις
2325 1884 2751 1960 στεφθησόμενοι
2797 1887 3088 1958 στέμμασι.
3149 1885 3293 1948 Τοὺς
3349 1882 3397 1939 δ’
3443 1885 3508 1938 αὗ
3537 1885 3656 1940 καθ’
3689 1883 3813 1955 ὑμᾶς

2182 1970 2255 2034 είς
2281 1971 2438 2027 αὐτὸν
2475 1975 2550 2044 μὴ
2609 1974 2978 2041 πιστεύοντας,
3038 1973 3184 2029 ἀλλά
3237 1974 3335 2042 τήν
3378 1973 3542 2027 αὐτοῦ
3576 1970 3816 2042 θεότητα,

2183 2061 2398 2132 καὶτὴν
2463 2059 2648 2132 ἀληθῆ
2701 2063 2791 2117 xui
2843 2060 3042 2132 ἀϊδιον,
3093 2065 3181 2117 καὶ
3239 2063 3405 2124 πέαας
3459 2062 3563 2116 οὐκ
3593 2059 3816 2135 ἔχουσαν

2190 2147 2465 2225 βασιλείαν
2525 2151 2864 2223 ἀθετοῦντας,
2940 2151 3030 2206 καὶ
3087 2152 3214 2213 τοὺς
3273 2151 3440 2205 αύτοῦ
3498 2150 3822 2225 θεράποντας

2188 2240 2556 2314 ἀναιροῦντας,
2615 2241 2822 2313 αἶ’ωνίῳ
2881 2241 3012 2317 πυρὶ
3064 2242 3152 2295 καὶ
3217 2241 3465 2314 βασάνοις
3515 2240 3826 2309 ἀνηκέστοις

2186 2327 2274 2382 xui
2306 2326 2569 2398 ἀλήκτοις
2617 2328 3088 2404 παραδιδομένους
3139 2331 3426 2403 ὀψόμενοι.
3467 2352 3496 2381 ››
3533 2329 3680 2403 Πρὸς
3712 2325 3827 2381 ταῦ-

2184 2439 2252 2472 τα
2280 2419 2640 2493 ταραχθέντες
2672 2420 2723 2473 οἱ
2772 2419 3132 2492 παμπόνηροι
3184 2419 3276 2474 καὶ
3320 2413 3672 2473 ἀσεϐέστατοι
3718 2413 3831 2470 διῶ-

2187 2528 2331 2575 κται,
2389 2507 2480 2561 καὶ
2530 2505 2865 2577 πλησθέντες
2943 2508 3111 2584 ὀργῆς
3168 2508 3258 2562 καὶ
3317 2511 3514 2580 θυμοῦ,
3567 2508 3660 2561 καὶ
3722 2503 3836 2567 τοὺς

2195 2593 2418 2658 ὀδόντας
2482 2595 2787 2672 βρύξαντες,
2834 2597 2902 2651 τά
2953 2596 3078 2674 ξίφη
3139 2597 3497 2670 σπασάμενοι,
3556 2599 3656 2650 τοῦ
3704 2615 3834 2670 τρισ·

2197 2684 2461 2761 μακαρίου
2519 2687 2852 2760 θεοκήρυκος
2907 2687 2998 2739 τὸν
3060 2685 3268 2760 αὐχένα
3322 2684 3628 2760 προθύμως
3678 2682 3832 2737 ἐκτεί-

2192 2794 2401 2843 ναντος,
2458 2775 2556 2840 τήν
2601 2774 2742 2827 θείαν
2802 2773 2892 2827 καὶ
2934 2773 3187 2848 πανίερον
3238 2771 3484 2851 κεφαλὴν
3545 2773 3830 2845 ἀπέτεμον·

2199 2861 2521 2934 μεθ’καὶ
2560 2862 2654 2924 τάς
2713 2869 2810 2931 τῆς
2868 2859 3160 2934 ξυνωρίδος
3213 2867 3318 2915 τῶν
3379 2859 3723 2928 συνοπαδῶν,
3751 2859 3832 2914 καὶ

2195 2949 2538 3027 συνδρόμων,
2597 2951 2686 3005 καὶ
2745 2951 3166 3022 συνηθληκότων
3224 2951 3334 3026 ούχ
3385 2952 3550 3019 ἧττον
3651 2970 3835 3025 συγκε-

2194 3041 2544 3115 κηρυχότων,
2596 3039 2893 3113 ἀπέκοψαν,
2949 3051 3176 3114 θατερου
3233 3040 3477 3114 θάτερον,
3528 3039 3605 3102 εἷς
3653 3039 3717 3093 τὸ
3747 3041 3834 3105 τῆς

2202 3139 2536 3208 μαρτυρικῆς
2561 3130 2818 3205 ἀγωνίας,
2867 3131 2955 3186 xui
3003 3130 3306 3205 κεφαλικῆς
3342 3130 3685 3190 τελειώσεως
3713 3150 3836 3203 προ·

2198 3217 2383 3276 λαϐεῖν
2418 3217 2756 3274 σπευδόντων
2807 3216 3044 3286 στάδιον,
3089 3218 3216 3282 τοὺς
3251 3220 3571 3293 τραχήλους
3604 3216 3840 3290 εὐθύμως

2195 3305 2651 3384 προϐαλλόντων,
2683 3310 2772 3364 καὶ
2828 3312 2897 3382 τῇ
2944 3311 3042 3364 τοῦ
3091 3307 3365 3385 φασγάνου
3413 3306 3606 3382 πληγῇ
3657 3327 3836 3378 προτι·

2199 3399 2393 3452 θέντων
2447 3397 2754 3470 εὐπρεπεῖς,
2807 3396 2884 3458 ὡς
2942 3396 3001 3449 ἂν
3065 3398 3141 3468 μή
3190 3400 3287 3450 τοῦ
3345 3393 3699 3471 παιδαγωγοῦ
3761 3394 3839 3448 xui

2200 3485 2572 3562 ἱεροτελεστοῦ
2621 3485 2847 3558 πάμπαν
2900 3486 3250 3559 ἀφυστεροῖεν
3301 3484 3352 3539 ἐν
3402 3484 3572 3557 ταύτῃ
3627 3487 3698 3555 τῇ
3729 3484 3838 3536 ἐπι-

2200 3579 2354 3650 κήρῳ
2382 3575 2470 3630 xui
2501 3576 2858 3652 ἀκανθοιρόρῳ
2912 3577 3092 3650 βιοτῇ,
3126 3574 3273 3630 ἀλλά
3319 3574 3606 3645 συντόμως
3637 3574 3729 3627 τὸν
3758 3572 3836 3626 αύ-

2201 3668 2293 3720 τὸν
2320 3671 2400 3736 τῷ
2444 3661 2755 3736 διδασκάλῳ
2803 3664 2892 3717 καὶ
2941 3668 3286 3738 προσαγωγῷ
3338 3658 3539 3738 τρόπον
3593 3662 3730 3738 πρὸς
3759 3662 3836 3714 τὸν

2204 3753 2500 3822 ἀθλοθέτην
2556 3750 2970 3824 συνεκδημοῖεν,
3021 3753 3077 3806 ὃν
3120 3749 3323 3828 τρδπον
3369 3752 3459 3806 xui
3488 3750 3619 3812 τοὺς
3653 3748 3836 3814 ἄθλους

2207 3841 2622 3913 συνδιήλθοσαν,
2683 3840 2832 3902 ὅπως
2886 3841 2974 3894 καὶ
3047 3845 3154 3895 τῶν
3211 3839 3386 3895 αὐτῶν
3437 3841 3714 3916 στεφάνων
3763 3836 3836 3892 καί

2206 3930 2457 3994 ἐπάθλων
2491 3932 2602 4002 ἅμα
2633 3931 2978 4004 συμμέτοχοι
3019 3929 3258 3985 πέλοιεν.
3293 3934 3414 3990 Πῶς
3444 3931 3548 4004 γάρ
3583 3930 3636 3982 οἳ
3669 3927 3836 4008 καλῶς

2207 4018 2738 4094 παιδαγωγηθέντες,
2783 4019 2870 4072 καὶ
2919 4017 3152 4079 πολλοῖς
3198 4015 3308 4087 ἤδη
3359 4015 3671 4079 πολυειδῶς
3705 4016 3838 4091 ἐγγυ-

2213 4110 2527 4182 μνασθέντες
2581 4106 2900 4177 ἀθλητικοῖς
2937 4108 3305 4180 γυμνάσμασι,
3356 4106 3443 4161 xui
3498 4107 3729 4182 Χριστὸν
3762 4104 3836 4160 cti-

2207 4200 2296 4252 τὸν
2333 4203 2472 4260 θεῖον
2519 4194 2736 4271 ἔχοντες
2788 4191 2982 4268 ἔρωτα,
3025 4193 3096 4249 δι’

3139 4197 3211 4249 ὧν
3260 4195 3475 4250 πάντων
3529 4195 3620 4250 καὶ
3668 4197 3836 4268 σώμα-

2208 4309 2301 4349 τος
2326 4287 2416 4339 καὶ
2446 4289 2629 4360 ψυχῆς
2671 4282 2907 4362 ἀφειδεῖν
2957 4283 3325 4353 ἐδιδάσκοντο,
3359 4284 3508 4346 ὅπως
3541 4283 3709 4338 αύτοῦ
3761 4282 3836 4356 μό-

2210 4399 2302 4431 νου
2332 4380 2429 4430 τοῦ
2476 4379 2659 4452 σαφῶς
2715 4370 2870 4435 ὄντος
2919 4374 3084 4447 ξύλου
3140 4381 3239 4442 τῆς
3271 4380 3415 4443 ζωῆς
3453 4378 3834 4451 κατατρυφῷεν,

2211 4466 2310 4520 ούκ
2359 4465 2418 4518 ’ἀν
2471 4486 2565 4519 του
2621 4467 2928 4538 γυμναστοῦ
2987 4463 3076 4518 καὶ
3126 4462 3418 4518 παιδευτοῦ
3469 4463 3568 4530 τήν
3622 4463 3710 4518 ἐπὶ
3758 4461 3832 4526 τήν

459 4554 740 4626 praecipit,
791 4561 844 4607 et
899 4552 1158 4607 hostium
1209 4549 1558 4606 exercitibus
1617 4551 1819 4606 obvius
1877 4553 2078 4623 primu;

2217 4554 2553 4632 μαρτυρικήν
2608 4550 2877 4627 ἀριστείαν
2935 4549 3216 4622 ἐζήλωσαν
3275 4551 3634 4626 προτυμίαν;
3688 4547 3831 4604 Καθά-

461 4643 750 4698 efﬁcitur:
787 4642 870 4696 sic
901 4641 1237 4696 divinorum
1271 4641 1655 4695 certaminum
1707 4643 2102 4713 peritissimus

462 4747 660 4801 senex,
693 4729 866 4801 longa
896 4734 948 4783 et
987 4746 1271 4785 annorum
1305 4729 1476 4800 plena
1523 4731 1722 4784 exacta
1777 4737 2103 4801 senectute,

462 4822 535 4876 ad
566 4818 967 4876 beatissimam
1001 4835 1105 4889 pro
1137 4818 1366 4873 Christo
1419 4819 1631 4872 credam
1683 4819 1908 4888 primus
1955 4819 2105 4875 exsi-

459 4911 632 4977 liens,
692 4925 939 4964 coronas
991 4907 1238 4961 victoria:
1298 4907 1560 4978 pertulit,
1616 4913 1673 4962 et
1730 4907 2106 4964 dulcissimos

460 5003 612 5057 filios
645 5003 712 5055 ad
747 4999 1248 5071 subsequendam,
1281 5016 1347 5053 ac
1395 5000 1658 5052 eamdem
1703 5000 2103 5054 beatissimam

459 5096 707 5146 mortem
743 5089 990 5145 libenter
1020 5086 1345 5158 eligendam
1381 5088 1747 5158 praaparavit.

457 5179 727 5252 ριωτάτην
782 5173 1144 5248 προπηδήσας
1197 5176 1422 5251 σφαγήν,
1479 5176 1606 5235 τούς
1665 5196 1722 5227 τε

2211 4665 2309 4718 περ
2338 4643 2440 4719 γὰρ
2487 4640 2866 4716 στρατηλάτης
2911 4640 3216 4716 κράτιστος,
3263 4647 3363 4709 τῆς
3411 4646 3670 4714 στρατιᾶς
3697 4656 3834 4712 προα-

2211 4729 2597 4810 γωνιζόμενος,
2665 4727 2794 4792 τοὺς
2874 4729 3241 4804 στμμαχητάς
3320 4729 3714 4804 προθυμαίνων
3763 4723 3830 4779 καὶ

2213 4817 2683 4896 προκελευόμενος
2741 4815 2887 4888 ᾅδειν
2937 4815 3208 4886 ἐνυάλιον,
3264 4822 3482 4891 πρῶτος
3525 4814 3718 4890 ὁμιλεῖ
3743 4817 3832 4871 τοῖς

2212 4916 2319 4965 τῶν
2374 4907 2657 4979 πολεμίων
2732 4905 3123 4982 στρατεύμασιν
3160 4925 3172 4938 ·
3228 4904 3404 4968 οὕτως
3463 4906 3491 4959 ὁ
3532 4910 3642 4959 τῶν
3705 4902 3828 4967 θείων

2216 4999 2437 5072 ἀγώνων
2491 4995 2882 5069 ἐμπειρότατος
2921 4991 3254 5068 πρεσϐύτης,
3306 4996 3394 5048 καὶ
3443 4993 3580 5067 βαθὺ
3614 4995 3702 5048 xui
3735 4995 3828 5045 πῖον

2217 5085 2586 5155 εἰσεληλακὼς
2632 5091 2827 5158 γῆρας,
2880 5084 3017 5158 πρὸς
3071 5085 3170 5151 τὴν
3233 5084 3364 5156 ὑπέρ
3423 5087 3661 5157 Χριστοῦ
3696 5099 3831 5154 μακα-

1779 5183 1877 5243 τῆς
1934 5175 2087 5245 νίκης
2131 5177 2534 5250 προεκομίσατο
2594 5175 2904 5248 στεφάνους,
2961 5172 3051 5226 καὶ
3107 5172 3237 5233 τους
3294 5171 3669 5246 γλυκυτάτους
3727 5170 3828 5223 υἳεῖς

453 5265 760 5343 ἐφέπεσθαι,
793 5267 879 5319 καὶ
911 5266 1001 5318 τὸν
1037 5263 1226 5336 ὅμοιον
1259 5265 1537 5325 ἀσπασίως
1572 5263 1786 5326 ἑλέσθαι
1817 5265 2270 5338 παμμακάριστον
2304 5261 2777 5338 προπαρεσκεύασε
2807 5263 3060 5317 θάνατον.

522 5393 662 5456 Quis
693 5392 892 5462 igitur,
925 5409 1056 5448 eum
1091 5392 1576 5463 quiseptuaginta
1602 5409 1788 5447 annos
1815 5392 2092 5464 apostoli-

450 5499 585 5536 cum
608 5498 845 5536 cursum
874 5481 1242 5552 percurrcrit,
1269 5481 1709 5535 servatoremCh
1724 5480 1925 5534 ristum
1956 5498 2094 5552 prm-

449 5569 745 5637 dicaverit,
777 5570 936 5624 verbi
970 5569 1244 5623 salutaris
1279 5569 1532 5624 nobilem
1577 5576 1633 5624 et
1693 5570 2090 5640 incorruptam

450 5663 770 5716 sementem
804 5658 859 5712 in
892 5658 1061 5713 terris
1091 5659 1332 5714 rationis
1357 5659 1742 5730 participibus
1766 5659 2090 5728 seminarit,

2269 5390 2368 5452 Τίς
2404 5390 2612 5444 οὖντὸν
2659 5387 2707 5441 ἐν
2761 5383 2928 5442 ἔνεσιν
2978 5383 3357 5459 ἐϐδομήκοντα
3406 5388 3505 5455 τήν
3554 5381 3823 5441 ἀποστολι-

2201 5482 2301 5548 κὴν
2364 5477 2652 5533 ὁδεύσαντα
2707 5471 2914 5550 τρίϐον,
2974 5477 3063 5530 καὶ
3123 5483 3357 5551 Σωτῆρα
3411 5477 3643 5552 Χριστὸν
3681 5469 3819 5545 x7195-

2205 5569 2382 5638 ξαντα,
2415 5569 2503 5621 καὶ
2541 5571 2636 5620 τοῦ
2689 5567 2967 5640 σωτηρίου
3027 5565 3198 5640 λόγου
3245 5567 3336 5620 τὸν
3394 5567 3578 5641 εὖγενῆ
3607 5567 3692 5620 xui
3735 5557 3818 5615 ἀκί-

2207 5653 2412 5726 ϐδηλον
2460 5655 2660 5730 σπόρον
2708 5653 2758 5707 ἐν
2808 5653 3042 5717 πολλαῖς
3096 5655 3342 5731 λογικαῖς
3394 5656 3650 5730 ἀρούραις
3692 5669 3813 5707 κατα-
