4020 6358
191 397 288 452 665
1189 399 1380 464 VITA,
1420 398 1756 453 AUCTORE
1792 403 1814 451 ἢ

1926 399 2165 451 HAELE
2203 399 2550 452 SYNGELO.

3466 400 3571 455 656

194 543 484 594 σπειραντα,
517 521 606 575 καὶ
660 519 944 598 πολύχουν
997 521 1352 595 ἀμησάμενον
1412 524 1672 598 ἃσταχυν,
1727 522 1814 577 καὶ

1931 526 2224 597 cepiosarn
2259 530 2482 598 spicam
2504 525 2897 592 messuerit,et
2930 528 3154 582 fructus
3178 528 3441 600 apprime
3470 547 3572 584 no-

189 612 431 687 γνησίους
465 609 616 683 μάλα
645 609 735 664 καὶ
765 611 984 683 τιμίους
1031 610 1423 684 ἑναποθὲμενον
1471 617 1591 674 ταῖς
1622 612 1815 687 ὶὶεραῖς

191 701 472 770 ἀποθήκαις
529 697 788 772 καρποὺς,
830 698 991 769 ἀξίως
1049 700 1403 774 θαυμάσειενς
1439 700 1535 762 Τίς
1591 701 1680 754 τὸν
1732 700 1819 756 ἐπὶ

187 793 425 842 τοσοῦτον
485 787 691 862 χρόνου
753 794 928 861 μῆκος
982 786 1348 864 εὐαγγελικῶς
1414 791 1817 866 ἀριστεύσαντα,

188 879 267 932 καὶ
291 875 584 954 νικηφόρον
619 874 1059 954 ἀναδεδειγμένον
1120 877 1170 933 ἐν
1226 877 1371 952 μέσῳ
1420 881 1818 956 χριστομάχων

186 966 466 1041 τυράννων,
525 967 614 1022 καὶ
701 965 881 1042 δήμου
948 967 1382 1046 θηριωδεστὲρου
1441 969 1672 1026 λεόντων
1731 972 1820 1026 καὶ

187 1055 352 1112 λύκων
404 1054 782 1129 ἀντικειμένων
844 1055 1160 1113 ἐπαινέσειεν
1210 1060 1334 1120 δσος
1405 1059 1638 1114 ἐπαινεῖν
1701 1061 1824 1115 ἑπο-

186 1143 450 1215 οείλεταὶ;
503 1145 639 1202 Ποία
682 1144 905 1220 γλῶττα
951 1148 1087 1224 πρὸς
1131 1146 1389 1224 διήγησιν
1451 1153 1559 1204 τῶν
1615 1150 1818 1224 ἀρετῶν

186 1233 356 1304 αὐτοῦ,
387 1235 853 1308 κατορθωμάτων,
912 1236 1003 1292 καὶ
1056 1235 1390 1310 ἀθλημάτων
1450 1236 1756 1314 ἀρκέσειενς
1789 1239 1822 1293 ἃ

185 1330 276 1401 γῆς
318 1325 410 1396 μὲν
436 1325 490 1378 αἱ
523 1321 690 1398 φυλαὶ
739 1325 1175 1402 κατεπλάγησαν,
1205 1328 1261 1382 αἱ
1309 1325 1367 1383 δὲ
1413 1334 1519 1384 τῶν
1582 1329 1822 1404 οὐρανῶν

186 1411 345 1482 τάξεις
401 1413 722 1483 ἐξεθείασαν,
779 1416 868 1469 καὶ
926 1418 1157 1491 Χριστὸς
1213 1419 1240 1472 ὁ
1297 1413 1673 1491 παμϐασιλεὺς
1731 1418 1819 1474 καὶ

185 1505 280 1556 τῶν
341 1497 608 1576 βραϐείων
671 1501 959 1578 διανομεὺς
1021 1504 1334 1578 ἀπεδέξατο,
1375 1508 1466 1562 καὶ
1524 1506 1822 1584 ἀναρρήσε-

187 1610 258 1644 σιν
288 1589 597 1661 ἐπινικίοις,
627 1593 716 1648 καὶ
757 1593 1028 1672 στεφάνων
1093 1595 1498 1674 ὑπερλάμπρων
1559 1593 1822 1671 ἀμοιϐαῖς

181 1679 261 1734 τὸν
311 1681 709 1756 κατωρθωκότα
753 1684 843 1738 καὶ
891 1683 1233 1755 διηθληκότα
1286 1684 1575 1761 διὲστεψεν.
1607 1693 1668 1741 Ὠ
1723 1694 1822 1757 τῆς

181 1769 322 1843 ἀγίας
373 1771 463 1825 καὶ
523 1771 803 1835 θεσπεσίας
873 1774 1138 1849 κεφαλῆς,
1199 1783 1300 1846 τῆς
1381 1777 1512 1853 ὑπὲρ
1579 1781 1820 1852 Χριστοῦ

179 1864 266 1926 τῆς
313 1853 476 1923 ὅντως
532 1859 751 1935 ἀγάπης
798 1863 1138 1934 τμηθείσηςί
1178 1871 1239 1918 Ὤ
1289 1871 1388 1934 τῆς
1446 1865 1677 1921 πλεῖστα
1730 1866 1820 1920 καὶ

187 1944 395 2020 μέγιστα
428 1952 545 2012 θεῖα
569 1949 660 2004 καὶ
713 1950 999 2028 ἀπόρρητα
1046 1953 1401 2028 χωρησάσης,
1436 1954 1468 2008 ἃ
1515 1957 1590 2028 μὴ
1639 1956 1820 2029 κεχώ-

189 2054 307 2108 ρηγε
357 2035 596 2110 κόσμος,
653 2042 1067 2114 πανιερωτάτης
1122 2051 1384 2121 κορυφῆς,
1432 2050 1534 2113 τῆς
1595 2043 1820 2117 μυρίους

187 2123 262 2178 καὶ
308 2125 546 2200 μακροὺς
609 2123 983 2200 διαθλησάσης
1036 2131 1167 2206 ὑπὲρ
1209 2129 1308 2187 τοῧ
1355 2131 1494 2196 θείως
1538 2130 1822 2208 κηρύγμα-

185 2232 266 2276 τος
317 2213 558 2290 ἄγῶναςί
624 2223 686 2272 Ὠ
740 2221 839 2289 τῆς
917 2215 1322 2293 ἐμϐατευσάσης
1397 2228 1515 2285 τοῖς
1597 2225 1822 2296 ὑπερθυ-

185 2303 372 2377 ρανίοις
419 2303 769 2381 διακόσμοις,
801 2311 890 2364 καὶ
940 2312 1008 2365 τὰ
1062 2310 1228 2388 λόγου
1274 2334 1332 2368 τε
1362 2314 1560 2377 παντὸς
1615 2315 1818 2388 πέρατα

181 2393 260 2446 καὶ
285 2393 402 2456 νοὸς
434 2396 710 2467 νοησάσης
738 2420 751 2433 ⁸
783 2398 874 2453 καὶ
920 2401 1294 2478 φθεγξαμένης
1321 2405 1333 2458 ί
1365 2411 1427 2456 Ὠ
1472 2409 1572 2472 τῆς
1607 2406 1817 2467 θειοτά-

181 2499 267 2570 της
321 2484 504 2557 ψυχῆς
551 2483 788 2556 ἐκείνης,
819 2494 918 2557 τῆς
949 2486 1007 2544 δὲ
1037 2487 1107 2544 δι’
1133 2488 1430 2565 ἀγγελικῆς
1488 2489 1816 2570 δορυφορίας

183 2567 248 2630 είς
296 2571 388 2633 τὰς
448 2571 743 2649 οὐρανίους
798 2575 1109 2648 ἀναπτάσης
1168 2577 1394 2652 ἀψίδαςί
1450 2567 1814 2655 ﬁnita-865w:

181 2659 299 2732 πρὸς
328 2661 416 2714 τὸν
443 2669 542 2732 τῆς
593 2661 753 2736 δόξης
785 2667 991 2741 Κύριον
1035 2672 1126 2723 καί
1172 2667 1568 2748 στεφανοδότην
1603 2673 1813 2742 Ἰησοῦν

178 2745 409 2804 ἀνιοῦσαν
438 2757 546 2806 τῶν
580 2753 814 2810 εὐκλεῶν
845 2758 1028 2812 πόνων
1070 2759 1367 2836 τάπίχειρα
1415 2761 1814 2835 κομιουμένην,

183 2835 398 2908 ὕμνησεν
431 2842 633 2914 ἑκάστη
663 2848 771 2899 τῶν
809 2847 1187 2922 ὑπερκοσμίων
1241 2847 1542 2923 δυνάμεων,
1573 2853 1672 2921 τήν
1710 2852 1814 2906 αὐ-

181 2932 269 3016 τῆς
314 2925 536 3000 ἄθλησιν
591 2933 942 3010 γεραίρουσα,
985 2937 1077 2992 καὶ
1120 2934 1456 3012 ἀμειϐομένη
1504 2948 1604 3011 τῆς
1655 2941 1817 3016 ἀγγε-

183 3012 470 3106 λοπρεποῦς
527 3021 840 3096 ὑμνήσεως,
891 3027 956 3095 ἣν
1017 3026 1044 3080 ὁ
1094 3029 1276 3090 κοινὸς
1331 3030 1506 3084 αὐτῶν
1555 3031 1813 3106 ὑμνήτωρ

183 3101 511 3192 ἐνθεαστικῶς
548 3132 612 3165 τε
657 3112 748 3166 καὶ
796 3115 1185 3188 παναρμονίως
1231 3121 1568 3192 συνήρμοσεν
1600 3139 1612 3153 ·
1673 3122 1734 3188 ἣν
1777 3124 1812 3190 ἡ

183 3188 275 3247 ἀνω
331 3197 715 3272 Ἰερουσαλὴμ,
769 3202 864 3264 τὰς
913 3203 1105 3274 εαυτῆς
1157 3205 1411 3278 ἀνοίξασα
1456 3207 1656 3276 πύλας,
1701 3208 1816 3264 ἐνε-

1930 614 2076 669 biles
2134 621 2192 669 et
2238 615 2555 670 honoratos
2613 615 2669 669 in
2723 615 2943 671 horreis
2988 618 3172 672 sacris
3225 621 3572 690 reposuerit,

1929 703 2102 773 digne
2132 704 2406 759 admirari
2441 703 2678 774 posset?
2710 704 2850 770 Quis
2881 721 3014 759 eum
3075 705 3173 776 qui
3225 706 3338 762 huc
3379 724 3569 780 usque

1930 792 2210 864 temporis
2241 792 2574 864 evangelico
2634 793 2749 847 ritu
2804 797 3040 849 strenue
3101 811 3163 849 se
3197 796 3466 866 gesserit,
3502 813 3568 852 ac

1930 880 2081 936 inter
2108 885 2388 952 tyrannos
2417 881 2736 952 Christum,
2771 899 2837 937 ac
2888 881 3170 954 populum
3205 883 3470 940 leonibus
3503 902 3568 941 ac

1930 969 2084 1041 lupis
2111 971 2395 1042 oppositis
2427 971 2789 1038 ferociorem,
2821 973 3138 1028 victoriam
3163 973 3445 1044 retulerit,
3481 991 3568 1030 sa-

1928 1059 2005 1115 tis
2038 1076 2141 1130 pro
2172 1059 2454 1131 dignitate
2477 1060 2742 1115 laudaret
2767 1061 2794 1115 ?
2814 1061 2946 1124 Quae
2975 1061 3172 1132 lingua
3203 1062 3271 1116 ad
3299 1063 3428 1132 ejus
3449 1064 3568 1117 vir-

1928 1153 2103 1217 tutes,
2135 1154 2288 1204 recte
2320 1150 2488 1217 facta,
2521 1155 2577 1204 et
2603 1150 2924 1204 certamina
2945 1150 3291 1206 celebranda
3337 1151 3568 1208 sufﬁce-

1931 1237 2060 1293 ret‘?
2090 1240 2224 1303 Qum
2256 1238 2493 1309 quidem
2519 1239 2709 1293 tribus
2739 1243 2902 1293 terra:
2936 1239 3237 1295 admiratae
3261 1245 3423 1310 sunt,
3457 1258 3570 1296 cm-

1930 1326 2120 1382 lorum
2166 1327 2404 1382 ordines
2436 1328 2604 1382 beata
2661 1329 3143 1398 praedicaverunt,
3173 1329 3443 1385 Christus
3476 1347 3573 1386 rex

1930 1417 2216 1483 omnium,
2250 1421 2307 1471 et
2339 1417 2712 1488 praemiorum
2746 1416 3095 1473 distributor
3124 1419 3488 1490 approbavit,
3513 1424 3572 1475 et

1930 1505 2238 1576 praeconiis
2269 1505 2486 1576 quibus
2505 1505 2752 1560 victores
2783 1507 2975 1560 ornari
3007 1505 3570 1579 solent,coronisque

1930 1593 2281 1658 illustribus,
2336 1599 2457 1648 tam
2508 1599 2663 1648 recte
2716 1611 2932 1650 munus
2980 1595 3381 1651 Christianum
3405 1612 3569 1653 exse-

1931 1690 2132 1739 cutum
2166 1699 2230 1738 ac
2261 1684 2655 1739 decertantem
2705 1685 3018 1740 coronavit.
3068 1684 3111 1740 0
3169 1690 3462 1750 sanctum,
3512 1688 3571 1742 et

1929 1772 2191 1828 divinum
2217 1777 2412 1844 caput,
2442 1790 2542 1844 pro
2573 1788 2710 1829 vero
2733 1773 2942 1828 Christi
2984 1789 3178 1830 amore
3211 1774 3522 1846 praecisum
3551 1776 3562 1831 !

1930 1862 1974 1917 0
2003 1861 2241 1934 plenum
2268 1862 2537 1932 plurimis
2593 1879 2660 1918 ac
2709 1863 2982 1918 maximis
3040 1865 3215 1919 rebus
3259 1863 3473 1920 divinis
3512 1867 3571 1920 et

1929 1951 2328 2008 ineﬁabilibus
2353 1953 3286 2026 caputsacratissimum,quarum
3310 1954 3568 2009 mundus

1931 2059 2046 2097 non
2069 2041 2180 2097 fuit
2200 2058 2401 2114 capax,
2435 2043 2778 2098 innumeros
2834 2042 3160 2114 longosque
3214 2059 3317 2116 pro
3368 2043 3564 2099 divino

1930 2132 2218 2204 praeconio
2249 2130 2478 2187 labores
2509 2147 2850 2204 perpessum
2877 2131 2890 2187 1
2924 2132 2967 2187 0
2996 2131 3185 2187 virum
3221 2148 3357 2188 cum
3398 2131 3567 2188 coele-

1929 2221 2120 2276 stibus
2151 2220 2870 2287 ordinibusincedentem,
2913 2225 2969 2276 et
3014 2237 3083 2276 ea
3129 2221 3390 2277 locutum
3440 2237 3566 2292 qua:

1927 2309 2250 2380 quemlibet
2275 2326 2604 2365 sermonem
2637 2314 2694 2365 et
2720 2326 2958 2365 sensum
2983 2309 3309 2366 excellunt!
3343 2313 3388 2366 Ο
3416 2311 3565 2366 divi-

1928 2398 2236 2454 nissimam
2256 2398 2512 2453 animam
2540 2398 2857 2470 illam,quaa
2872 2415 3086 2454 corona
3104 2398 3567 2470 stipataangelo-

1926 2505 2058 2544 rum
2115 2490 2186 2543 ad
2247 2488 2504 2544 ccelestia
2559 2489 2818 2544 culmina
2875 2488 3146 2557 evolavit,
3200 2505 3376 2560 quam
3421 2489 3562 2544 dum

1926 2577 2233 2650 magniﬁce
2247 2579 2314 2632 ad
2336 2577 2530 2648 gloriae
2544 2577 2857 2633 Dominum
2877 2581 3344 2633 etcorunatorem
3363 2577 3564 2634 Jesum

1927 2667 2288 2735 ascenderet,
2321 2685 2424 2738 pro
2461 2667 3562 2739 gloriosislaboribuspraemiisauctam

1926 2755 2143 2827 singuli
2168 2756 2510 2828 angelorum
2544 2757 2775 2811 ordines
2810 2755 3149 2821 laudarunt,
3178 2772 3244 2811 ac
3269 2760 3566 2811 certamen

1924 2845 2113 2917 ipsius
2137 2845 2396 2917 prmmiis
2436 2845 2587 2900 389
2629 2862 2694 2901 ac
2750 2845 3106 2915 laudatione,
3149 2861 3276 2916 quae
3331 2844 3568 2917 angelos

1925 2936 2108 3002 decet,
2144 2936 2432 2990 munerati
2488 2939 2663 3003 sunt;
2698 2951 2873 3007 quam
2925 2934 3258 2990 communis
3301 2935 3566 3006 ipsorum

1923 3024 2195 3079 laudator
2224 3025 2415 3081 divine
2433 3041 2499 3079 ac
2529 3023 3242 3095 aptissimeconcinnavit;
3259 3041 3434 3095 quam
3455 3041 3568 3079 cce-

1925 3111 2088 3169 lestis
2111 3113 2644 3176 Hierusalem,suas
2670 3115 2858 3185 ipsius
2891 3119 3092 3186 portas
3110 3113 3403 3185 aperiens,
3433 3113 3567 3169 sinu

1925 3203 2184 3274 suscepit
2215 3221 2343 3269 suo,
2378 3220 2556 3274 quam
2581 3203 2840 3258 Ecclesia
2857 3204 3406 3274 primogenitorum,
3445 3220 3568 3274 qua:

179 3280 480 3341 κολπώσατο
513 3307 526 3321 ’
560 3290 624 3357 ἣν
658 3291 692 3353 ἡ
726 3291 1025 3362 Ἐκκλησία
1051 3296 1418 3367 πρωτοτόκων
1464 3299 1813 3375 ἀπογεγραμ-

1927 3293 1985 3348 in
2017 3293 2176 3350 ccelis
2205 3294 2442 3366 ascripti
2474 3303 2634 3364 sunt,
2667 3294 2994 3366 amplexata
3024 3298 3152 3361 est;
3192 3311 3369 3365 quam
3394 3294 3569 3365 spiri—

187 3369 340 3439 μίνων
398 3372 449 3428 ἐν
508 3376 766 3451 οὐρανοῖς
821 3383 1265 3454 προσεπτύξατο·
1297 3387 1358 3439 ἓν
1392 3387 1672 3460 πνεύματα
1723 3390 1814 3444 καὶ

184 3460 336 3534 ψυχαὶ
363 3460 580 3520 δικαίων
618 3465 781 3522 ὁσίων
808 3470 896 3524 καὶ
919 3477 1186 3526 ταπεινῶν
1245 3475 1315 3545 τῇ
1362 3473 1579 3552 καρδίᾳ,
1610 3479 1710 3547 τήν
1760 3476 1810 3532 ἐν

183 3542 472 3628 δικαιοσύνῃ
518 3555 613 3610 καὶ
664 3556 931 3628 ὁσιότητι,
979 3561 1068 3615 καὶ
1118 3564 1346 3637 μετρίῳ,
1399 3565 1490 3619 καὶ
1547 3565 1675 3639 θείῳ
1723 3588 1813 3643 φι·

185 3632 541 3714 λοφρῡνήματι
573 3643 1070 3721 πολιτευσαμένην,
1105 3653 1193 3705 καὶ
1229 3653 1427 3727 μέχρις
1460 3653 1688 3727 atumo;
1716 3632 1817 3725 -έὴν

185 3724 340 3781 πίστιν
390 3733 934 3810 παῤῥησιασαμένην,
992 3737 1080 3794 καί
1144 3742 1276 3815 ὑπὲρ
1346 3743 1512 3808 αὐτῆς
1582 3745 1812 3800 πυκτεύ-

183 3832 326 3908 σασαν
375 3818 776 3896 ἐνηγκαλίσατο
809 3843 822 3858 ⁸
877 3829 915 3897 ᾗ
963 3831 1069 3882 τῶν
1122 3830 1440 3886 ἀποστόλων
1474 3836 1508 3902 ἡ
1542 3853 1814 3908 χοροστα-

186 3900 258 3954 σία
283 3907 581 3980 πρεπωδῶς
614 3910 1018 3988 ἐνεκαυχῆσατο
1053 3934 1066 3947 ⁸
1109 3916 1191 3994 ἐφ’
1310 3923 1416 3973 τῶν
1458 3922 1754 3998 προφητῶν
1785 3923 1812 3976 ὁ

184 3993 333 4064 χορὸς
375 3997 774 4074 ἠγαλλιάσατο,
823 4004 942 4074 μεθ’
979 4007 1046 4073 ἧς
1109 3993 1348 4080 ἑορτάζει
1392 3993 1813 4084 καὶ-εὐφραίνε-

181 4097 276 4147 ται,
302 4084 394 4152 τὴν
444 4085 494 4158 ἐξ
541 4088 760 4143 οἷ’κείων
805 4090 1034 4166 ἀγώνων
1084 4095 1173 4149 καὶ
1215 4097 1458 4169 αἱμάτων
1494 4097 1809 4174 ὑφανθεῖσαν

183 4167 257 4219 καὶ
289 4171 535 4250 βαφεῖσαν
573 4175 868 4253 βασιλικήν
901 4182 1181 4260 πορφύραν
1233 4167 1674 4260 περιϐεϐλημένη
1720 4189 1810 4242 καὶ

182 4261 556 4337 πεποικιλμένη
587 4271 699 4320 τῶν
733 4267 1058 4346 ἀθλοφόρων
1095 4273 1380 4349 μαρτύρων
1415 4278 1448 4344 ἡ
1486 4279 1810 4352 πανήγυρις,

242 4388 596 4464 Μακαριστὲον
629 4393 806 4448 τοίνυν
843 4397 943 4464 τήν
991 4396 1154 4450 πόλιν
1202 4399 1300 4467 τὴν
1345 4403 1808 4475 ταμιευσαμένην,

183 4473 271 4540 τήν
313 4494 368 4530 τε
414 4489 676 4558 θεοστεφῆ
726 4483 816 4537 καὶ
857 4481 1262 4559 πανσεϐασμίαν
1297 4509 1392 4543 σου
1435 4489 1678 4568 κειραλὴν
1719 4493 1809 4545 καὶ

182 4560 235 4613 τὸ
260 4563 432 4636 τίμιον
465 4568 745 4645 λείψανον,
778 4575 868 4628 καὶ
905 4579 1034 4644 τῶν,
1068 4575 1159 4641 οὓς
1207 4578 1281 4642 ὡς
1331 4581 1499 4656 ἱερεῖα
1542 4581 1809 4654 πανάμω-

1924 3389 2019 3439 tus
2052 3389 2110 3440 et
2140 3384 2346 3440 anima:
2371 3385 2942 3456 justorum,pior::m
2963 3389 3020 3439 et
3049 3383 3365 3438 humilium
3400 3385 3568 3440 corde

1922 3473 1981 3528 in
2008 3475 2242 3544 justitia
2271 3475 2674 3540 etsanctitate,
2713 3475 3014 3529 moderata
3048 3490 3114 3528 ac
3145 3474 3342 3528 divina
3385 3473 3566 3528 animi

1923 3563 2255 3635 aequalitate
2281 3563 2337 3617 in
2373 3563 2588 3617 mundo
2620 3566 2994 3626 versatam,ct
3026 3563 3198 3617 {idem
3232 3562 3302 3616 ad
3325 3562 3566 3634 sangui-

1923 3670 2056 3707 nem
2084 3670 2268 3725 usque
2290 3653 2550 3708 animose
2576 3655 2924 3725 professam,
2955 3657 3013 3708 et
3045 3671 3146 3725 pro
3195 3653 3325 3724 ipsa
3354 3657 3570 3723 marty-

1923 3743 2008 3797 rio
2042 3741 2323 3812 functam,
2353 3743 2410 3797 in
2444 3743 2640 3798 sinum
2674 3741 2934 3814 suscepit
2966 3743 2976 3796 l
3012 3743 3094 3797 0b
3120 3759 3296 3814 quam
3331 3747 3568 3814 aposto-

1921 3831 2110 3887 lorum
2143 3833 2354 3888 chorus
2375 3833 2647 3887 decenter
2667 3833 2954 3904 gloriatus
2985 3835 3093 3886 est.
3126 3833 3190 3886 In
3223 3847 3341 3902 qua
3363 3835 3561 3886 vatum

1923 3939 2222 3978 sacrorum
2282 3925 2466 3976 ccetus
2525 3921 2781 3994 gestiens
2832 3920 3162 3987 exsultavit,
3195 3924 3250 3974 et
3307 3920 3563 3976 celebres

1923 4017 2247 4068 conventus
2269 4012 2406 4082 agit,
2457 4017 2632 4082 atque
2657 4012 2924 4066 laetatur:
2960 4016 3016 4066 et
3064 4028 3189 4066 eam
3224 4013 3406 4067 eﬂ‘uso
3440 4029 3568 4084 pro-

1922 4103 2065 4173 priis
2095 4103 2152 4157 in
2201 4102 2628 4157 certaminibus
2683 4101 2972 4171 sanguine
3027 4099 3452 4168 florescentem,
3500 4118 3565 4155 ac

1921 4192 2092 4261 quasi
2125 4191 2281 4261 regia
2317 4206 2576 4261 purpura
2593 4188 2834 4242 tinctam
2865 4186 2977 4241 lzeti
2999 4192 3281 4259 martyres
3306 4189 3562 4258 praemiis

1921 4280 2206 4334 cumulati
2236 4279 2507 4334 ambiunt
2536 4283 2594 4333 et
2622 4282 2922 4333 exornant.

1992 4403 2168 4456 Beata
2195 4402 2374 4473 igitur
2406 4401 2774 4473 praedicanda
2807 4401 3012 4456 civitas
3067 4404 3174 4467 est,
3211 4417 3336 4472 qua:
3399 4406 3562 4459 tuum

1921 4493 2174 4548 maxime
2205 4493 2600 4548 venerandum
2626 4499 2802 4562 caput
2856 4510 2889 4546 a
2936 4493 3052 4547 Deo
3110 4497 3476 4560 coronatum,
3507 4498 3566 4548 et

1920 4581 2206 4653 pretiosas
2237 4582 2516 4652 reliquias
2550 4583 2888 4650 asscrvavit,
2923 4587 3093 4652 atque
3115 4582 3363 4638 duorum
3385 4583 3563 4638 etiam

189 4668 251 4717 μα
291 4654 375 4708 καὶ
418 4659 726 4724 πανευῶδες
774 4665 1025 4736 θυμίαμα
1071 4671 1151 4738 τῷ
1200 4673 1315 4741 Θεῷ
1373 4673 1805 4746 προσενήνοχας,

1926 4670 2629 4741 condiscipulorum,quos
2644 4675 2925 4742 tanquam
2941 4671 3207 4727 victimas
3223 4672 3562 4728 immacula-

187 4747 644 4843 02:9?0ttn-rdn,13
677 4750 1023 4826 θεοκηρύκων
1061 4753 1151 4808 καὶ
1199 4756 1474 4832 ἱεραρχῶν
1524 4759 1626 4812 καῖ
1663 4781 1809 4837 μαρ-

185 4834 341 4928 τὲρων
367 4834 658 4911 πανάριστε
693 4855 706 4870 '
738 4840 972 4903 καὶτοῖς
1011 4841 1190 4916 ἁγίοις
1237 4845 1387 4916 ὑμῶν
1438 4834 1812 4923 φοινιχθεῖσαν

186 4922 404 5004 almam,
437 4922 486 4994 ἐξ
529 4927 602 4979 ὧν
646 4924 781 5000 ί¹αμά
825 4949 876 4983 τι
907 4929 995 4984 καὶ
1045 4938 1241 5004 κρῆναι
1284 4933 1503 4988 νάουσιν
1563 4922 1642 4990 ἀεὶ
1691 4944 1812 5001 τοῖς

185 4999 336 5059 πίστει
365 5013 788 5089 προσφεύγουσι,
818 5018 905 5072 καὶ
936 5019 1036 5087 τήν
1087 5024 1192 5074 τῶν
1240 5020 1582 5096 ἀλγυνόντων
1632 5047 1808 5096 νοση-

187 5106 346 5187 μκτων
394 5097 687 5171 ὲξαιτοῢσιν
744 5101 907 5163 ῗαοιν.
966 5108 1053 5171 Ὡς
1111 5107 1332 5179 ἀληθῶς
1411 5112 1810 5187 μεμακάρισται

184 5177 405 5274 Πίιρισία,
437 5189 470 5257 ἡ
511 5194 579 5264 τῇ
635 5192 729 5263 μὲν
772 5192 1107 5265 πηλικότητι
1137 5177 1244 5252 τῶν
1273 5177 1421 5254 κατὰ.
1447 5177 1682 5255 Γαλλίαν
1717 5225 1810 5274 μι-

182 5271 389 5368 “ﬁsi-pa
434 5277 780 5354 πόλεων,τῷ
832 5283 1217 5361 κεκληρῶσθαι
1263 5288 1319 5343 δὲ.
1378 5311 1454 5360 σε,
1486 5296 1596 5344 τῶν
1657 5291 1809 5347 διδα-

184 5353 374 5450 οτξάλίων
433 5366 476 5420 ὦ
536 5371 815 5445 πρόκριτε,
873 5374 1218 5450 θησαύρισμα
1294 5381 1491 5442 παντὸς
1546 5380 1806 5450 αἰσθητοῦ

183 5440 402 5548 πλρῦτου
456 5457 886 5537 τιμαλφέστερον
966 5465 1056 5518 καί
1136 5464 1442 5542 πολιοῦχον
1490 5477 1806 5540 κεκτῆσθαι,

185 5542 273 5635 ῗ²ἷ
317 5542 658 5635 φρεΐδραέχφν
737 5547 1094 5626 λαμπροτέρα
1163 5557 1597 5629 χρηματίσασα’
1655 5561 1808 5633 ἅγια·

187 5632 309 5710 Si“?
355 5630 449 5700 γὰρ
499 5633 632 5708 αὐτῇ
681 5636 858 5691 θεόθεν
911 5635 1126 5710 ἐδόθης,
1158 5643 1256 5710 τὴν
1289 5648 1397 5698 τῶν
1427 5642 1670 5698 πολιτῶν
1716 5646 1805 5699 καὶ

191 5697 452 5775 ὲπηλῦδων
527 5724 867 5798 καθαγιάζων
946 5725 1309 5803 φιλόχριστον
1370 5729 1653 5806 ἄθροισιν·
1715 5735 1806 5788 καὶ

1921 4765 2009 4814 tas
2052 4768 2107 4815 et
2145 4757 2480 4814 suavissimi
2535 4759 2731 4814 odoris
2761 4761 3090 4827 incensum,
3125 4760 3240 4815 Deo
3273 4760 3559 4815 obtulisti.

1923 4847 1966 4903 Ο
1997 4847 2329 4902 divinorum
2361 4863 2694 4918 praeconum
2729 4865 2795 4902 ac
2845 4864 3214 4902 summorum
3246 4848 3559 4919 praesulum

1923 4943 1978 4992 et
2008 4942 2332 5008 martyrum
2366 4935 2770 5007 amplissime!
2803 4937 2866 4990 Et
2917 4953 3084 4991 sacro
3133 4943 3325 4992 vestro
3357 4953 3563 4993 cruore

1921 5027 2188 5093 tinctam,
2213 5043 2281 5081 ex
2311 5043 2426 5097 quo
2462 5025 2751 5080 medicina
2779 5027 3042 5094 quaedam
3076 5043 3142 5080 ac
3177 5027 3364 5082 fontes
3387 5027 3459 5082 ad
3493 5029 3562 5080 li-

1921 5116 2049 5170 dem
2076 5116 3019 5186 confugientibus,etcurationem
3053 5120 3253 5172 contra
3286 5116 3563 5172 molestus

1920 5203 2296 5273 aegritudines
2346 5204 2795 5276 exposcentibus
2853 5205 3186 5275 perenniter
3241 5206 3559 5276 profluunt.

1921 5294 2102 5356 Quam
2123 5308 2250 5344 vere
2273 5292 2441 5346 beata
2477 5293 2738 5348 l’arisina
2769 5293 3138 5365 civitas,qum
3156 5294 3559 5365 magnitudine

1920 5381 2154 5450 quidem
2183 5379 2381 5434 Gallize
2411 5382 2742 5437 civitatibus
2765 5384 3086 5451 cedit,dum
3122 5399 3251 5438 vero
3285 5388 3362 5445 te,
3391 5400 3421 5438 o
3455 5387 3562 5439 do-

1920 5476 2147 5523 ctorum
2172 5471 2671 5537 praestantissime,
2698 5471 3040 5526 thesaurum
3066 5473 3341 5527 omnibus
3359 5473 3562 5527 mundi

1919 5558 2140 5611 divitiis
2177 5557 2599 5628 pretiosiorem,
2654 5560 2711 5613 in
2744 5561 3141 5616 haereditatcm
3174 5563 3416 5632 accepit,
3459 5580 3561 5633 pa-

1919 5651 2274 5718 tronumque
2296 5651 2351 5700 et
2393 5649 2800 5704 excubzitorem
2834 5651 3165 5722 acquisivit,
3198 5651 3560 5722 splendidior

1918 5738 2148 5791 cunctis
2178 5741 2234 5791 et
2265 5737 2485 5791 beatior
2517 5737 2809 5808 appellata
2838 5745 2925 5794 cst
2951 5741 2962 5793 Ξ
2989 5741 3052 5794 Ei
3083 5741 3236 5794 enim
3263 5745 3326 5794 ut
3346 5739 3558 5793 sancti-
