4020 6358
421 396 528 453 667
1663 400 1722 453 S.
1763 397 2081 454 DIONYSII

2212 399 2599 460 ιΕΟΡΟϐιἸῈ
3715 402 3812 458 668

421 520 571 575 tudo
602 517 854 575 ccelestis
887 518 1058 574 datus
1090 534 1173 585 es,
1208 518 1308 591 qui
1340 523 1555 575 emtum
1579 519 1791 575 civium
1817 524 1871 575 et
1904 519 2075 576 adve-

2212 521 2556 595 πνευματικὸς
2588 515 2776 593 ὄλϐος,
2805 519 3013 598 τρυφὴν
3041 517 3304 593 πορίζων,
3337 519 3400 573 οὐ
3436 522 3535 589 τὴν
3580 522 3670 576 τὸν
3716 545 3815 579 σω-

427 626 639 666 narum
671 609 887 665 Christi
947 608 1237 665 colentem
1284 614 1553 665 sanctum
1587 610 1869 666 efﬁceres.
1904 614 2083 667 Datus

2212 611 2420 665 ιατικὸν
2450 607 2610 687 ὄγκον
2652 609 3001 681 αὐξάνουσαν,
3031 609 3119 663 καὶ
3169 607 3309 684 πρὸς
3360 609 3536 684 βραχὺ
3582 612 3670 665 τὸν
3727 614 3814 687 φάη

429 716 492 755 es
524 699 575 754 ei
606 698 780 754 etiam
819 703 883 753 ut
911 696 1177 754 caelestes
1225 698 1461 769 divitiae,
1498 715 1625 770 quae
1675 698 1913 754 delicias
1937 715 2082 770 prae-

2212 719 2367 773 ιυγγα
2422 697 2839 775 γλυκαίνουσαν,
2898 698 2986 753 καὶ
3041 702 3230 761 θᾶττον
3284 697 3692 772 ἆπολλυμὲνην,
3738 704 3814 757 καὶ

428 790 655 858 herent,
682 805 795 845 non
830 804 927 843 eas
950 805 1076 860 quae
1109 788 1489 859 supercilium
1508 787 1767 859 corporis
1790 787 2079 857 attollunt,

2212 789 2511 863 ρθίνουσαν,
2570 790 2636 856 ἣν
2692 796 2764 863 γῆ
2821 786 2909 842 καὶ
2968 788 3209 843 θάλασσα
3265 788 3434 865 φόρει,
3482 790 3571 843 καὶ
3627 788 3818 853 κόλπος

425 878 778 949 dulcemque
822 878 893 933 ad
939 878 1114 933 breve
1153 881 1391 949 tempus
1421 881 1663 948 gustum
1697 877 1997 944 exhibent,
2029 880 2085 933 et

426 968 697 1025 celeriter
726 966 1007 1023 labuntur
1050 972 1237 1038 atque
1283 966 1587 1034 deficiunt,
1648 982 1797 1037 quas
1842 970 1998 1022 terra
2027 970 2085 1022 et

425 1074 586 1113 mare
616 1057 976 1129 producunt,
1000 1060 1059 1111 et
1088 1055 1252 1111 sinus
1280 1071 1444 1112 sacer
1476 1071 1540 1111 ac
1576 1055 1787 1111 ﬂuvius
1810 1057 2083 1128 piscosus

432 1146 882 1218 profundusque
903 1145 1281 1200 circumdans
1335 1148 1393 1199 et
1422 1144 1869 1201 circumsonans
1901 1143 2081 1202 altum

429 1234 770 1291 tenentibus
800 1233 1039 1290 Niliacis
1073 1232 1319 1289 aemulus
1353 1233 1615 1289 fluentis.
1646 1236 1848 1290 Murus
1885 1234 2082 1291 muni-

428 1324 701 1380 tissimus
734 1322 1185 1395 oppositus,non
1206 1322 1547 1378 labentibus
1574 1326 1632 1379 et
1660 1322 1863 1394 politis
1881 1323 2083 1381 electis

430 1413 727 1485 lapidibus
780 1411 1678 1485 compositus,propugnaculis,
1710 1413 1975 1470 turribus
2028 1418 2085 1470 et

430 1520 738 1559 murorum
770 1501 1021 1575 fastigiis
1051 1505 1115 1557 ut
1144 1502 1398 1558 ferreum
1417 1506 1651 1575 septum
1685 1502 1948 1571 innixus,
1980 1505 2082 1560 sed

428 1596 531 1647 tua
550 1596 904 1663 tuorumque
921 1591 1389 1649 commilitonum
1414 1592 1853 1650 consecratione
1878 1593 2086 1649 funda-

434 1686 553 1748 tus,
578 1680 911 1752 vestrisque
926 1696 1065 1753 erga
1080 1681 1265 1738 Deum
1282 1681 1558 1754 benignis
1579 1682 1853 1754 precibus
1884 1681 2082 1754 ignem

2212 1687 2580 1765 ιαταγούσαις,
2610 1687 3125 1762 πεντηκοντάρχους
3152 1706 3210 1742 τε
3264 1686 3353 1741 καὶ
3406 1686 3823 1760 ἑκατοντάρχους

436 1787 466 1828 e
507 1770 650 1827 cmlo
677 1771 1105 1827 deducentibus
1136 1771 1439 1839 fundatus,
1475 1788 1602 1843 quae
1645 1772 2085 1843 quinquagena-

2212 1776 2281 1832 ιαὶ
2340 1776 2679 1853 χιλιάρχους
2735 1776 3010 1838 ἀντιθὲους
3068 1774 3161 1830 σὺν
3216 1779 3335 1839 τοῖς
3370 1772 3549 1829 αὐτῶν
3587 1768 3823 1850 βαρϐαρι-

439 1860 580 1928 rios,
605 1862 760 1917 390
790 1865 848 1917 et
868 1860 1262 1932 centuriones,
1295 1878 1361 1917 ac
1392 1861 1755 1918 millenarios
1784 1878 1920 1918 cum
1948 1862 2083 1917 bar-

2212 1872 2313 1929 ιοῖς
2392 1865 2780 1922 καταναλίσκον
2857 1864 3241 1940 στρατεύμασι.
3303 1864 3487 1936 Λιμὴν
3561 1863 3828 1937 πρόκεισαι

436 1951 652 2007 baricis
699 1951 935 2007 illorum
994 1950 1346 2007 exercitibus
1418 1951 1754 2007 absumant.
1800 1950 2090 2008 Salutaris

2212 1957 2493 2031 τωτήριος,
2527 1955 2654 2018 τοὺς
2686 1955 2745 2011 ἑκ
2779 1957 3044 2030 βιωτικῆς
3083 1953 3639 2030 προσορμιζομὲνους
3689 1950 3835 2021 ζάλης

436 2044 644 2112 portus
703 2039 1039 2111 propositus
1073 2057 1162 2108 es,
1211 2039 1545 2113 suscipiens
1576 2056 1676 2097 eos
1721 2041 1822 2112 qui
1863 2057 1933 2097 ex
1960 2042 2089 2097 vita)

2212 2043 2632 2122 ὅποδεχόμενος,
2680 2046 2770 2100 καὶ
2821 2042 3080 2099 παντοίαν
3131 2042 3519 2119 περιπατικήν
3584 2039 3834 2115 ἀπείργων

438 2131 620 2202 hujus
643 2133 993 2202 tempestate
1019 2130 1089 2186 ad
1114 2134 1349 2203 portum
1372 2131 1644 2199 tendunt,
1671 2137 1728 2187 et
1749 2134 1981 2204 pratum
1996 2149 2089 2187 ra-

2212 2135 2545 2210 περιπέτειαν
2578 2156 2590 2171 ⁸
2652 2133 2861 2209 λειμὼν
2905 2134 3123 2204 νοητὸς.
3158 2133 3232 2198 ὡς
3286 2134 3315 2187 ὁ
3372 2131 3424 2188 ἂν
3461 2128 3637 2205 Ἐδὶμ
3688 2127 3835 2203 παρᾶ-

2192 877 2411 951 ίὲρειος,
2463 878 2554 933 καὶ
2610 879 2859 951 ποταμὸς
2912 877 3246 953 ίχθυοφόρος
3296 878 3385 931 καὶ
3436 876 3753 953 βαθόρῤους,
3796 881 3819 933 ὁ

2191 967 2538 1043 περικυχλῶν
2571 968 2659 1022 καὶ
2692 971 2977 1042 περιηχῶν
3026 970 3142 1027 τοῖς
3188 964 3537 1041 πελαγίζουσι
3592 966 3824 1041 νειλῴοις

2192 1055 2585 1130 ἁμιλλώμενος
2619 1057 2879 1133 χεύμασι.
2912 1058 3113 1131 Τεῖχος
3145 1056 3500 1133 ὀχυρώτατον
3528 1052 3822 1131 προϐίὸλη-

2192 1168 2305 1215 σαι,
2338 1148 2400 1202 οὐ
2461 1147 2646 1223 ῥυτοῖς
2702 1167 2762 1202 τε
2817 1148 2903 1202 καὶ
2965 1149 3170 1219 ξεσταῖς
3219 1143 3615 1221 ἕξειλεγμᾶνοις
3670 1145 3825 1211 λίθοις

2190 1234 2658 1314 ἡρμολογημὲνον
2688 1257 2746 1292 τε
2775 1238 2865 1292 καὶ
2918 1232 3315 1309 δεδομημένοκ,
3348 1235 3437 1290 καὶ
3484 1242 3824 1312 προμαχῶσι,

2191 1327 2283 1384 καὶ
2324 1327 2576 1405 πύργοις,
2609 1328 2699 1383 καὶ
2748 1326 3032 1398 ἐπάλξεσιν
3081 1325 3491 1404 ἐρηρεισμίνον,
3526 1328 3642 1381 οἷον
3687 1324 3827 1401 iptio:

2192 1416 2644 1495 σιδήρεον,ἀλλὰ
2694 1422 2765 1493 τῇ
2826 1421 2892 1493 σῇ
2947 1439 3009 1473 τε
3063 1418 3153 1473 καὶ
3202 1422 3309 1472 τῶν
3357 1422 3465 1473 σῶν
3500 1417 3831 1488 συναθλητῶν

2190 1507 2656 1583 τεθεμελιωμίνον
2688 1508 2953 1584 ἁγιστείᾳ,
2974 1508 3068 1563 καὶ
3091 1513 3212 1570 ταῖς
3244 1508 3533 1585 ὑμετέραις
3564 1506 3700 1583 πρὸς
3721 1508 3830 1562 Θεὸν

2193 1598 2580 1675 εὐπροσώποις
2609 1599 3034 1674 πεπυργωμένω
3086 1596 3369 1670 ἐντεύξεσι,
3403 1600 3510 1673 πῦρ
3559 1596 3830 1671 οὐρανόθεν

440 2220 658 2277 tionale
688 2220 843 2291 quod
875 2220 1251 2292 amnigenam
1265 2222 1778 2291 circumjacentem
1797 2222 2093 2278 temerita-

451 2316 594 2379 tem,
621 2314 901 2381 tanquam
916 2310 1121 2366 hortus
1162 2309 1260 2366 ille
1290 2311 1390 2383 qui
1423 2320 1545 2367 erat
1574 2311 1634 2367 in
1664 2312 1844 2384 Eden,
1878 2316 2092 2368 arceat.

454 2404 519 2457 In
549 2400 659 2456 hac
685 2404 852 2456 tuum
902 2400 1345 2457 sanctissimum
1376 2400 1665 2473 templum
1698 2405 1955 2457 erectum
1985 2405 2094 2470 est,

456 2490 610 2563 quod
636 2506 808 2546 omne
840 2490 1126 2563 singulari
1158 2490 1520 2564 benignitate
1551 2490 1823 2547 ﬁdelibus
1853 2491 2095 2564 refrige-

457 2579 610 2635 rium
659 2582 918 2651 prasstat,
965 2595 1033 2634 ac
1082 2579 1445 2652 quibuslibet
1492 2580 1742 2653 spiritus
1802 2581 2096 2638 alimentis

457 2669 783 2741 oppositam
818 2686 1084 2725 mensam
1116 2669 1486 2741 implet,qua3
1519 2670 1745 2726 animas
1767 2672 1964 2741 satiat,
1996 2676 2097 2727 ﬂo-

457 2775 583 2814 rere
614 2758 936 2830 compellit,
958 2763 1135 2831 atque
1165 2760 1568 2830 incorruptam
1591 2758 1773 2814 vitam
1792 2757 2097 2832 elargitur.

451 2852 599 2919 Ergo
631 2848 787 2903 sicut
821 2848 1065 2905 Parisiis
1095 2848 1290 2903 divino
1323 2852 1379 2904 et
1428 2847 1647 2903 caelesti
1691 2852 1867 2920 atque
1924 2848 2098 2921 spiri-

453 2936 598 2993 tuali
634 2937 805 2993 altari
827 2938 1131 3004 insistens,
1164 2937 1315 2992 inter
1362 2953 1461 2992 eos
1485 2937 1587 3008 qui
1617 2941 1810 2994 tecum
1842 2938 2103 2995 coronati

457 3032 597 3083 sunt
627 3028 859 3082 medius
895 3027 1218 3099 benignum
1265 3026 1492 3101 Jesum,
1553 3027 1822 3085 universo
1883 3032 2103 3086 mundo

461 3116 778 3189 propitium
814 3117 1085 3183 reddens,
1119 3131 1289 3186 quem
1322 3116 1596 3187 dilexisti,
1629 3134 1803 3189 quem
1827 3120 2103 3191 praedica-

460 3206 667 3278 sti,per
705 3222 879 3274 quem
910 3206 1100 3279 capite
1124 3210 1436 3262 truncatus
1456 3224 1730 3263 coronam
1754 3208 1930 3280 digne
1951 3214 2107 3265 retu-

460 3296 602 3364 listi,
636 3313 791 3352 nunc
823 3313 921 3352 eos
954 3297 1051 3369 qui
1086 3297 1143 3351 in
1178 3313 1407 3353 sacram
1440 3314 1506 3353 ac
1529 3299 1923 3354 venerandam
1954 3300 2105 3356 hanc

458 3392 620 3443 tuam
653 3387 1049 3443 celebritatem
1073 3392 1129 3443 et
1150 3388 1581 3460 Optatissimam
1598 3389 1941 3445 memoriam
1964 3390 2107 3446 cele-

460 3477 593 3533 bres
626 3482 947 3533 conventus
977 3482 1181 3550 agunt,
1242 3477 1572 3547 laudantes,
1633 3495 1700 3533 ac
1758 3481 2104 3552 martyrium

461 3567 699 3639 prmmio
731 3567 1150 3639 dignissimum
1186 3568 1851 3640 honorantes,aspicere,
1886 3570 2106 3641 ample-

461 3657 610 3726 xari,
642 3660 819 3727 atque
850 3657 922 3712 iis
951 3657 1101 3713 bene
1157 3657 1405 3729 precari,
1438 3674 1503 3712 ac
1560 3657 1879 3729 benignum
1941 3661 2111 3716 Deum

465 3745 785 3817 propitium
818 3746 1146 3816 reddere,et
1177 3747 1451 3819 precibus
1482 3747 1835 3819 compellare
1868 3748 2033 3820 velis,
2056 3755 2111 3805 te

468 3836 720 3891 maxime
749 3852 815 3891 ac
848 3836 1215 3892 divinissime
1244 3836 1811 3908 prmsul,martyrum
1834 3838 2110 3895 illustris-

468 3925 1023 3993 sime,obsecramus
1054 3930 1120 3982 ut
1149 3943 1182 3981 a
1214 3925 1486 3981 molestia
1514 3925 1665 3994 vitai,
1702 3943 1830 3998 quis
1862 3944 1968 3983 nos
1998 3929 2113 3983 cir-

470 4014 1007 4086 cumstat,liberare
1030 4014 1432 4086 ;tyrannidem
1467 4028 1597 4083 quae
1620 4030 1726 4069 nos
1748 4014 2117 4085 ingrassatur

470 4103 721 4174 tollere;
774 4119 1084 4159 mmrorem
1117 4120 1233 4175 quo
1288 4102 1464 4158 obsiti
1527 4118 1731 4157 sumus
1789 4103 2114 4174 repellere;

470 4194 960 4266 tranquillitatem
980 4210 1046 4250 ac
1072 4193 1422 4265 profundam
1448 4192 1792 4263 requietem,
1825 4196 1881 4246 et
1897 4196 2117 4248 statum

474 4285 913 4357 perturbatione
936 4300 1186 4340 vacuum
1202 4282 1481 4338 Ecclesiis
1511 4281 1802 4353 impertiri
1824 4282 2117 4355 dignetur,

480 4390 544 4436 ut
575 4394 713 4452 pace
738 4376 1081 4442 constituta,
1116 4378 1171 4430 et
1206 4390 1323 4427 una
1344 4370 1550 4427 divinae
1578 4370 1875 4443 religionis
1893 4390 2124 4431 concor-

478 4469 657 4539 dia,et
688 4468 934 4541 puritate
952 4463 1182 4521 consilii
1206 4461 1567 4532 dominante,
1589 4477 1763 4517 verus
1785 4467 2125 4523 etsummus

479 4560 575 4615 ille
612 4566 832 4632 pastor,
866 4563 922 4614 et
954 4558 1227 4630 princeps
1255 4556 1415 4627 pacis
1448 4554 1717 4611 Christus
1749 4556 1819 4612 ab
1849 4558 2125 4615 omnibus

2205 2226 2405 2295 δεισος,
2436 2227 2525 2280 καὶ
2580 2227 2643 2281 τὸ
2700 2226 2793 2279 σὸν
2851 2223 3143 2299 ἱερώτατον
3202 2220 3285 2278 ὄπ’
3340 2219 3476 2295 αὐτῇ
3531 2218 3837 2297 πεφύτευται

2201 2316 2428 2389 τίμενος
2467 2319 2639 2369 πᾶσαν
2691 2311 2783 2369 διὰ
2826 2318 2929 2381 τῆς
2978 2310 3189 2366 ἑνοίκου
3240 2308 3469 2385 χάριτος
3496 2313 3625 2373 τοῖς
3651 2312 3839 2368 πιστοῖς

2205 2404 2567 2481 ψυχαγωγίαν
2628 2401 3031 2479 παρεχόμενον,
3060 2400 3149 2456 καὶ
3194 2396 3573 2462 παντοδαπαῖς
3633 2416 3843 2471 πνευμα-

2204 2501 2383 2557 τικαῖς
2434 2490 2665 2557 ἐδωδαῖς
2710 2490 3028 2563 πλήθουσαν
3087 2490 3516 2566 παρατιθέμενον
3576 2487 3844 2561 τράπεζαν,

2208 2585 2390 2661 ψυχὰς
2418 2582 2812 2655 ἒστιῶσαν,καὶ
2834 2579 3058 2637 θάλλειν
3084 2583 3371 2647 ποιοῦσαν,
3391 2579 3481 2634 καὶ
3511 2580 3663 2648 ζωὴν
3683 2575 3846 2650 προξε-

2207 2680 2397 2730 νοῦσαν
2441 2675 2541 2742 τὴν
2592 2670 2884 2751 ἄφθαρτον.
2917 2672 3008 2733 Ὧς
3062 2668 3155 2724 οῦν
3201 2668 3255 2724 ἰν
3314 2668 3549 2743 Παρισίᾳ
3607 2672 3688 2740 τῷ
3740 2665 3847 2736 θείῳ

2208 2767 2298 2822 καὶ
2331 2761 2663 2837 ἐπουρανίῳ,
2695 2760 2787 2816 καὶ
2818 2764 2992 2835 νοερῷ
3040 2758 3410 2834 θυσιαστηρίῳ
3457 2757 3845 2834 παριστάμενος

2206 2860 2315 2912 τῶν
2366 2858 2472 2909 σῶν
2519 2854 2917 2926 συστεφανιτῶν
2978 2849 3335 2923 μισούμενος,
3367 2848 3460 2904 τὸν
3519 2843 3848 2921 εὗμείλικτον

2214 2947 2343 3018 ὑπὲρ
2375 2947 2471 2997 τοῦ
2499 2941 2711 3014 κόσμου
2742 2940 2941 3001 παντὸς
2990 2933 3479 3012 ἆκμειλισσόμενος
3507 2939 3746 3009 Ἰησοῦν,
3771 2936 3847 2989 τὸν

2213 3034 2472 3105 ἀληθινὸν
2524 3031 2675 3103 Θεὸν,
2708 3030 2799 3085 καὶ
2840 3028 3130 3105 ἱεράρχην,
3178 3029 3268 3084 καὶ
3311 3024 3733 3107 στεφανοδότην,
3774 3024 3849 3081 καὶ

2212 3125 2391 3194 πάσης
2413 3118 2582 3177 αἴτιόν
2612 3140 2672 3175 τε
2690 3120 2781 3175 γαὶ
2803 3120 3053 3195 πάροχον
3074 3116 3457 3193 ἀγαθωσύνης,
3474 3118 3533 3172 ὃν
3553 3117 3849 3193 ἠγάπηκας,

2214 3215 2275 3269 ’ὸν
2306 3208 2640 3286 κεκτῖρυχας,
2674 3207 2743 3264 δι’
2775 3209 2833 3264 ὃν
2865 3208 3071 3283 αὐχινα
3100 3206 3331 3281 τμηθεὶς
3360 3205 3525 3278 ἀξίως
3566 3207 3633 3261 τὸ
3683 3205 3853 3282 στέφος

2216 3300 2550 3378 ἀπείληφας,
2581 3297 2709 3362 τοὺς
2736 3301 2829 3353 νῦν
2860 3296 3360 3372 συναγηγερμὲνους
3390 3294 3469 3357 εἷς
3515 3294 3718 3365 ταύτην
3773 3312 3854 3347 σου

2213 3394 2313 3462 τήν
2372 3390 2517 3467 ἱερὰν
2572 3390 2660 3444 καὶ
2722 3388 2922 3456 σεπτὴν
2976 3388 3306 3463 πανήγυριν,
3338 3386 3428 3440 καὶ
3486 3387 3590 3454 τὴν
3649 3383 3855 3454 πανερά·

2218 3481 2377 3553 σμιόν
2412 3500 2506 3535 σου
2542 3480 2766 3552 μνήμην
2800 3479 3161 3553 ὲορταστικῶς
3213 3473 3594 3545 ἐκτελοῦντας,
3629 3472 3720 3529 καὶ
3772 3470 3855 3538 τήν

2220 3570 2595 3646 ἀξιογὲραστον
2659 3565 2959 3641 ὑμνοῦντας
2996 3585 3055 3620 τε
3110 3564 3200 3620 καὶ
3259 3568 3539 3637 τιμῶντας
3617 3560 3854 3630 ἄθλησιν,

2221 3659 2569 3731 ὲποπτεύοις,
2623 3656 2712 3712 καὶ
2770 3654 3076 3731 περιέποις,
3121 3654 3211 3709 καὶ
3272 3650 3591 3727 εὐλογοίης,
3648 3653 3737 3706 τὸν
3785 3646 3854 3703 οἲ-

2218 3750 2489 3825 κτίρμονα
2518 3748 2644 3803 Θεὸν
2686 3745 3067 3819 ἐξιλεούμενος
3113 3744 3201 3799 καὶ
3249 3738 3588 3817 πρεσϐεύων,
3622 3741 3855 3816 ἀρχιερεῦ

2220 3840 2459 3894 θειότατε
2542 3836 2631 3891 καὶ
2724 3834 3013 3910 μαρτύρων
3094 3831 3535 3910 περιφανὲστατε,
3589 3832 3691 3899 τήν
3777 3827 3856 3900 μὲν

2220 3933 2320 3994 τῆς
2396 3923 2920 4002 ποριστοιχιζούσης
2996 3923 3114 3997 βίας
3196 3921 3489 3995 ἐπάχθειαν
3550 3920 3855 3987 ἀποστῆσαι,

2224 4019 2314 4073 καὶ
2369 4018 2468 4085 τὴν
2529 4017 2835 4088 καθ’ἡμῶν
2874 4010 3165 4088 τυραννίδα
3212 4015 3575 4079 καταπαῦσαι,
3632 4007 3721 4064 καὶ
3773 4005 3857 4071 τὴν

2227 4105 2637 4181 ἐπαχλύζουσαν
2699 4104 2966 4177 ἐπαμῦναι
3014 4103 3344 4179 κατήφειανσ
3376 4099 3625 4171 γαλήνην
3684 4094 3741 4151 δὲ
3786 4092 3860 4147 καὶ

2231 4197 2451 4271 βαθεῖαν
2514 4194 2798 4268 ἀταραξίαν
2869 4198 2987 4255 ταῖς
3069 4189 3387 4262 ἐκκλησίαις
3474 4181 3860 4263 ἐπιϐραϐεῦσαι,

2232 4286 2509 4360 είρηναίαν
2559 4286 2901 4355 κατάστασιν,
2938 4284 3111 4351 ὅπως,
3160 4280 3386 4355 εἰρήνης
3448 4273 3864 4355 βραϐευομὲνης,

2231 4376 2321 4430 καὶ
2358 4381 2483 4449 μιᾶς
2520 4374 2661 4439 θείου
2696 4371 2971 4447 δόγματος
3003 4370 3314 4445 συμφωνίας
3340 4369 3431 4424 καὶ
3464 4366 3720 4442 ὁμονοίας
3749 4382 3865 4437 κρα-

2234 4466 2459 4537 τούσης,
2492 4466 2518 4519 ὁ
2552 4461 2717 4525 ὅντως
2750 4462 3095 4539 άρχιποιμὴν
3124 4460 3213 4515 καὶ
3269 4458 3606 4534 εἷρηνάρχης
3654 4451 3866 4530 Χριστὸς

2235 4554 2383 4627 παρὰ
2428 4552 2633 4609 πάντων
2683 4551 3007 4629 ὁμοφρόνως
3060 4548 3363 4621 δοξάζοιτο,
3417 4549 3463 4620 ᾧ
3510 4547 3699 4622 πρέπει
3745 4545 3871 4598 πᾶσα

478 4629 837 4706 unanimiter
866 4629 1430 4719 gloriﬁcetur.Quem
1468 4646 1633 4701 decet
1662 4646 2049 4719 omnisgloria
2071 4666 2099 4705 e

2240 4643 2388 4715 δόξα,
2448 4643 2537 4698 καὶ
2593 4643 2754 4715 τιμὴ,
2784 4640 2874 4696 καὶ
2932 4638 3128 4716 κράτος
3173 4637 3264 4693 σὺν
3318 4642 3397 4709 τῷ
3449 4637 3673 4712 ἀνάρχῳ
3727 4629 3873 4685 αἰδτοῦ

474 4744 685 4809 honor,
719 4740 1034 4813 imperium
1094 4754 1225 4793 cum
1276 4738 1403 4807 ejus
1465 4740 1658 4801 Patre,
1703 4736 1799 4808 qui
1836 4738 2124 4812 principio

477 4836 654 4903 caret,
684 4831 949 4902 ejusdem
974 4826 1343 4893 substantiae,
1376 4830 1433 4881 et
1473 4824 1695 4897 Spiritu
1725 4833 1929 4884 sancto
1960 4830 2124 4885 heni-

476 4941 612 4995 gno,
646 4921 892 4993 vitaeque
922 4920 1143 4987 datore,
1178 4933 1333 4971 nunc
1384 4920 1441 4971 et
1471 4922 1787 4986 scmper,et
1814 4918 1871 4973 in
1914 4935 2124 4993 perpe-

473 5020 609 5071 tuas
634 5012 985 5070 saeculorum
1010 5007 1387 5065 aeternitates.
1412 5007 1622 5064 Amen.

2236 4734 2324 4788 καὶ
2360 4730 2643 4805 ὁμοουσίῳ
2689 4729 3121 4804 Γεννήτορι,καὶ
3179 4731 3256 4799 τῷ
3310 4724 3563 4799 παναγίῳ
3614 4723 3697 4778 καὶ
3755 4721 3873 4793 ἀγα-

2239 4828 2335 4897 θῷ,
2400 4825 2488 4879 καὶ
2550 4828 2803 4894 ζωοποιῷ
2860 4821 3023 4877 αὐτοῦ
3099 4818 3396 4891 Πνεῦματι,
3456 4821 3549 4871 νῦν
3621 4812 3705 4870 καὶ
3779 4809 3871 4877 ἀεῖ,

2243 4916 2328 4970 καὶ
2366 4913 2442 4978 εἰς
2462 4914 2589 4978 τοὺς
2621 4913 2953 4988 ἀπεράντους
2977 4910 3175 4973 αίῶνας
3207 4913 3314 4964 τῶν
3351 4907 3585 4962 αἰώνων.
3619 4901 3810 4974 ’Δμήνι
