  <div class='ocr_page' id='page_1' title='image "/cluster/home/n/w/nwhite01/storage/ocr_20150623/4/mdp.39015078384529/346.png"; bbox 0 0 4020 6358; ppageno 0'>
   <div class='ocr_carea' id='block_1_1' title="bbox 171 425 2516 496">
    <p class='ocr_par' dir='ltr' id='par_1_1' title="bbox 171 425 2516 496">
     <span class='ocr_line' id='line_1_1' title="bbox 171 425 2516 496; baseline -0.004 -7"><span class='ocrx_word' id='word_1_1' title='bbox 171 431 272 492; x_wconf 81' lang='lat'><strong>669</strong></span> <span class='ocrx_word' id='word_1_2' title='bbox 1243 428 1700 496; x_wconf 75' lang='lat' dir='ltr'><strong>MARTYRIUM,</strong></span> <span class='ocrx_word' id='word_1_3' title='bbox 1742 425 2077 484; x_wconf 74' lang='lat' dir='ltr'><strong>AUCTOBE</strong></span> <span class='ocrx_word' id='word_1_4' title='bbox 2113 426 2516 483; x_wconf 75' lang='lat' dir='ltr'><strong>METHODIO.</strong></span> 
     </span>
    </p>
   </div>
   <div class='ocr_carea' id='block_1_2' title="bbox 1041 559 1448 572">
    <p class='ocr_par' dir='ltr' id='par_1_2' title="bbox 1041 559 1448 572">
     <span class='ocr_line' id='line_1_2' title="bbox 1041 559 1448 572; baseline -0.005 0"><span class='ocrx_word' id='word_1_5' title='bbox 1041 559 1448 572; x_wconf 50' lang='grc' dir='ltr'>Μ</span> 
     </span>
    </p>
   </div>
   <div class='ocr_carea' id='block_1_3' title="bbox 3481 426 3589 482">
    <p class='ocr_par' dir='ltr' id='par_1_3' title="bbox 3481 426 3589 482">
     <span class='ocr_line' id='line_1_3' title="bbox 3481 426 3589 482; baseline 0 0"><span class='ocrx_word' id='word_1_6' title='bbox 3481 426 3589 482; x_wconf 84' lang='grc'><strong>670</strong></span> 
     </span>
    </p>
   </div>
   <div class='ocr_carea' id='block_1_4' title="bbox 1080 733 2666 907">
    <p class='ocr_par' dir='ltr' id='par_1_4' title="bbox 1080 733 2666 907">
     <span class='ocr_line' id='line_1_4' title="bbox 1080 733 2666 907; baseline -0.002 0"><span class='ocrx_word' id='word_1_7' title='bbox 1080 733 2666 907; x_wconf 84' lang='grc' dir='ltr'><strong>ΜΑΡΤΥΡΙΟΝ</strong></span> 
     </span>
    </p>
   </div>
   <div class='ocr_carea' id='block_1_5' title="bbox 459 1031 3298 1134">
    <p class='ocr_par' dir='ltr' id='par_1_5' title="bbox 459 1031 3298 1134">
     <span class='ocr_line' id='line_1_5' title="bbox 459 1031 3298 1134; baseline -0.001 -1"><span class='ocrx_word' id='word_1_8' title='bbox 459 1037 710 1134; x_wconf 86' lang='grc' dir='ltr'><strong>ΤΟΥ</strong></span> <span class='ocrx_word' id='word_1_9' title='bbox 790 1035 1172 1134; x_wconf 87' lang='grc' dir='ltr'><strong>ΑΓΙΟΥ</strong></span> <span class='ocrx_word' id='word_1_10' title='bbox 1255 1032 1943 1132; x_wconf 86' lang='grc' dir='ltr'><strong>ΔΙΟΝΥΣΙΟΥ</strong></span> <span class='ocrx_word' id='word_1_11' title='bbox 2021 1032 2270 1130; x_wconf 90' lang='grc' dir='ltr'><strong>ΤΟΥ</strong></span> <span class='ocrx_word' id='word_1_12' title='bbox 2347 1031 3298 1130; x_wconf 81' lang='grc' dir='ltr'><strong>ΑΡΕΙΟΠΑΓΙΤΟΥ</strong></span> 
     </span>
    </p>
   </div>
   <div class='ocr_carea' id='block_1_6' title="bbox 1241 1228 2550 1310">
    <p class='ocr_par' dir='ltr' id='par_1_6' title="bbox 1241 1228 2550 1310">
     <span class='ocr_line' id='line_1_6' title="bbox 1241 1228 2550 1310; baseline -0.001 -20"><span class='ocrx_word' id='word_1_13' title='bbox 1241 1235 1386 1290; x_wconf 87' lang='grc' dir='ltr'>Κατά</span> <span class='ocrx_word' id='word_1_14' title='bbox 1418 1230 1710 1303; x_wconf 86' lang='grc' dir='ltr'>Μεθόδιον,</span> <span class='ocrx_word' id='word_1_15' title='bbox 1742 1234 1778 1303; x_wconf 70' lang='grc' dir='ltr'>ἢ</span> <span class='ocrx_word' id='word_1_16' title='bbox 1820 1233 1895 1296; x_wconf 82' lang='grc' dir='ltr'>ὡς</span> <span class='ocrx_word' id='word_1_17' title='bbox 1927 1230 2119 1303; x_wconf 85' lang='grc' dir='ltr'>ἄλλοι,</span> <span class='ocrx_word' id='word_1_18' title='bbox 2151 1228 2550 1310; x_wconf 80' lang='grc' dir='ltr'><strong>Μητρόδωρον.</strong></span> 
     </span>
    </p>
   </div>
   <div class='ocr_carea' id='block_1_7' title="bbox 1267 1564 2490 1730">
    <p class='ocr_par' dir='ltr' id='par_1_7' title="bbox 1267 1564 2490 1730">
     <span class='ocr_line' id='line_1_7' title="bbox 1267 1564 2490 1730; baseline 0 0"><span class='ocrx_word' id='word_1_19' title='bbox 1267 1564 2490 1730; x_wconf 79' lang='lat' dir='ltr'><strong>MARTYBIUM</strong></span> 
     </span>
    </p>
   </div>
   <div class='ocr_carea' id='block_1_8' title="bbox 644 1848 3098 1950">
    <p class='ocr_par' dir='ltr' id='par_1_8' title="bbox 644 1848 3098 1950">
     <span class='ocr_line' id='line_1_8' title="bbox 644 1848 3098 1950; baseline -0.002 0"><span class='ocrx_word' id='word_1_20' title='bbox 644 1854 1108 1950; x_wconf 88' lang='lat' dir='ltr'><strong>BEATI</strong></span> <span class='ocrx_word' id='word_1_21' title='bbox 1233 1852 1924 1948; x_wconf 87' lang='lat' dir='ltr'><strong>DIONYSII</strong></span> <span class='ocrx_word' id='word_1_22' title='bbox 2050 1848 3098 1947; x_wconf 54' lang='lat' dir='ltr'><strong>AREOPAGITXE</strong></span> 
     </span>
    </p>
   </div>
   <div class='ocr_carea' id='block_1_9' title="bbox 1121 2045 2620 2121">
    <p class='ocr_par' dir='ltr' id='par_1_9' title="bbox 1121 2045 2620 2121">
     <span class='ocr_line' id='line_1_9' title="bbox 1121 2045 2620 2121; baseline -0.001 -14"><span class='ocrx_word' id='word_1_23' title='bbox 1121 2048 1388 2109; x_wconf 86' lang='lat' dir='ltr'><strong>Auctore</strong></span> <span class='ocrx_word' id='word_1_24' title='bbox 1418 2045 1771 2118; x_wconf 89' lang='lat' dir='ltr'><strong>Methodio,</strong></span> <span class='ocrx_word' id='word_1_25' title='bbox 1806 2045 1905 2107; x_wconf 85' lang='lat' dir='ltr'><strong>vel</strong></span> <span class='ocrx_word' id='word_1_26' title='bbox 1936 2051 2007 2107; x_wconf 88' lang='lat' dir='ltr'><strong>ut</strong></span> <span class='ocrx_word' id='word_1_27' title='bbox 2035 2045 2165 2121; x_wconf 87' lang='lat' dir='ltr'>alii,</span> <span class='ocrx_word' id='word_1_28' title='bbox 2238 2045 2620 2107; x_wconf 80' lang='lat' dir='ltr'><strong>Metrodoro.</strong></span> 
     </span>
    </p>
   </div>
   <div class='ocr_carea' id='block_1_10' title="bbox 163 2194 3571 2327">
    <p class='ocr_par' dir='ltr' id='par_1_10' title="bbox 163 2194 3571 2327">
     <span class='ocr_line' id='line_1_10' title="bbox 163 2194 3571 2327; baseline -0.001 -73"><span class='ocrx_word' id='word_1_29' title='bbox 163 2201 342 2256; x_wconf 76' lang='lat' dir='ltr'><strong>Petrus</strong></span> <span class='ocrx_word' id='word_1_30' title='bbox 400 2200 747 2270; x_wconf 70' lang='lat' dir='ltr'><strong>Lam-setius,</strong></span> <span class='ocrx_word' id='word_1_31' title='bbox 803 2199 1260 2272; x_wconf 78' lang='lat' dir='ltr'><strong>Gravelinganus,</strong></span> <span class='ocrx_word' id='word_1_32' title='bbox 1311 2200 1593 2257; x_wconf 72' lang='lat' dir='ltr'><strong>Socielatz&#39;s</strong></span> <span class='ocrx_word' id='word_1_33' title='bbox 1641 2199 1766 2327; x_wconf 56' lang='lat' dir='ltr'><strong>{esu</strong></span> <span class='ocrx_word' id='word_1_34' title='bbox 1819 2198 2169 2327; x_wconf 44' lang='grc' dir='ltr'><strong>ρρῧεὺῗιενζι</strong></span> <span class='ocrx_word' id='word_1_35' title='bbox 2185 2197 2701 2270; x_wconf 72' lang='lat' dir='ltr'><strong>interpretationem</strong></span> <span class='ocrx_word' id='word_1_36' title='bbox 2747 2195 2937 2253; x_wconf 66' lang='lat' dir='ltr'><strong>Graeco</strong></span> <span class='ocrx_word' id='word_1_37' title='bbox 2992 2195 3234 2251; x_wconf 75' lang='lat' dir='ltr'><strong>sermoni</strong></span> <span class='ocrx_word' id='word_1_38' title='bbox 3281 2194 3571 2266; x_wconf 77' lang='lat' dir='ltr'><strong>adaplavit</strong></span> 
     </span>
     <span class='ocr_line' id='line_1_11' title="bbox 1567 2285 2126 2327; baseline -0.004 0"><span class='ocrx_word' id='word_1_39' title='bbox 1567 2285 1637 2327; x_wconf 78' lang='lat' dir='ltr'><strong>no</strong></span> <span class='ocrx_word' id='word_1_40' title='bbox 1666 2286 1820 2327; x_wconf 78' lang='lat' dir='ltr'><strong>uaue</strong></span> <span class='ocrx_word' id='word_1_41' title='bbox 1848 2287 1867 2326; x_wconf 75' lang='grc' dir='ltr'><strong>ι</strong></span> <span class='ocrx_word' id='word_1_42' title='bbox 1918 2287 1983 2326; x_wconf 73' lang='lat' dir='ltr'><strong>us</strong></span> <span class='ocrx_word' id='word_1_43' title='bbox 2009 2286 2126 2326; x_wconf 78' lang='lat' dir='ltr'><strong>ravi</strong></span> 
     </span>
    </p>
   </div>
   <div class='ocr_carea' id='block_1_11' title="bbox 1567 2285 2126 2343">
    <p class='ocr_par' dir='ltr' id='par_1_11' title="bbox 1567 2285 2126 2343">
     <span class='ocr_line' id='line_1_12' title="bbox 1567 2285 2126 2343; baseline -0.004 -16"><span class='ocrx_word' id='word_1_44' title='bbox 1567 2285 1820 2343; x_wconf 78' lang='lat' dir='ltr'><strong>namque</strong></span> <span class='ocrx_word' id='word_1_45' title='bbox 1848 2285 2126 2326; x_wconf 78' lang='lat' dir='ltr'><strong>muuravi</strong></span> 
     </span>
    </p>
   </div>
   <div class='ocr_carea' id='block_1_12' title="bbox 230 2547 1837 2627">
    <p class='ocr_par' dir='ltr' id='par_1_12' title="bbox 230 2548 1811 2627">
     <span class='ocr_line' id='line_1_13' title="bbox 230 2548 1811 2627; baseline -0.003 -20"><span class='ocrx_word' id='word_1_46' title='bbox 230 2551 376 2608; x_wconf 81' lang='grc' dir='ltr'>Μετά</span> <span class='ocrx_word' id='word_1_47' title='bbox 438 2552 544 2620; x_wconf 83' lang='grc' dir='ltr'>τὴν</span> <span class='ocrx_word' id='word_1_48' title='bbox 622 2550 885 2627; x_wconf 74' lang='grc' dir='ltr'>μακαρίαν</span> <span class='ocrx_word' id='word_1_49' title='bbox 961 2552 1050 2606; x_wconf 89' lang='grc' dir='ltr'><strong>καὶ</strong></span> <span class='ocrx_word' id='word_1_50' title='bbox 1113 2549 1467 2622; x_wconf 73' lang='grc' dir='ltr'>ἐνδοξοτάτην</span> <span class='ocrx_word' id='word_1_51' title='bbox 1527 2548 1811 2605; x_wconf 75' lang='grc' dir='ltr'><strong>ἀνάστασιν</strong></span> 
     </span>
    </p>
   </div>
   <div class='ocr_carea' id='block_1_13' title="bbox 1924 2547 3578 2627">
    <p class='ocr_par' dir='ltr' id='par_1_13' title="bbox 1993 2547 3578 2621">
     <span class='ocr_line' id='line_1_14' title="bbox 1993 2547 3578 2621; baseline -0.003 -15"><span class='ocrx_word' id='word_1_52' title='bbox 1993 2551 2342 2607; x_wconf 67' lang='grc' dir='ltr'><strong>θυι-814</strong></span> <span class='ocrx_word' id='word_1_53' title='bbox 2376 2550 2513 2606; x_wconf 90' lang='lat' dir='ltr'><strong>Post</strong></span> <span class='ocrx_word' id='word_1_54' title='bbox 2547 2550 2777 2606; x_wconf 87' lang='lat' dir='ltr'><strong>beatam</strong></span> <span class='ocrx_word' id='word_1_55' title='bbox 2823 2547 3434 2621; x_wconf 82' lang='lat' dir='ltr'><strong>gloriosissimamque</strong></span> <span class='ocrx_word' id='word_1_56' title='bbox 3465 2549 3578 2601; x_wconf 90' lang='lat' dir='ltr'><strong>Do-</strong></span> 
     </span>
    </p>
   </div>
   <div class='ocr_carea' id='block_1_14' title="bbox 167 2639 1816 2717">
    <p class='ocr_par' dir='ltr' id='par_1_14' title="bbox 167 2639 1816 2717">
     <span class='ocr_line' id='line_1_15' title="bbox 167 2639 1816 2717; baseline 0.001 -24"><span class='ocrx_word' id='word_1_57' title='bbox 167 2643 250 2693; x_wconf 86' lang='grc' dir='ltr'><strong>τοῦ</strong></span> <span class='ocrx_word' id='word_1_58' title='bbox 281 2639 479 2716; x_wconf 80' lang='grc' dir='ltr'>Κυρίου</span> <span class='ocrx_word' id='word_1_59' title='bbox 506 2640 600 2695; x_wconf 77' lang='grc' dir='ltr'><strong>καὶ</strong></span> <span class='ocrx_word' id='word_1_60' title='bbox 627 2643 760 2695; x_wconf 83' lang='grc' dir='ltr'>Θεοῦ</span> <span class='ocrx_word' id='word_1_61' title='bbox 809 2644 969 2713; x_wconf 82' lang='grc' dir='ltr'>ἡμῶν</span> <span class='ocrx_word' id='word_1_62' title='bbox 1024 2642 1204 2711; x_wconf 80' lang='grc' dir='ltr'>Ἰησοῦ</span> <span class='ocrx_word' id='word_1_63' title='bbox 1251 2645 1512 2717; x_wconf 78' lang='grc' dir='ltr'><strong>Χριστοῦ,</strong></span> <span class='ocrx_word' id='word_1_64' title='bbox 1571 2641 1659 2695; x_wconf 82' lang='grc' dir='ltr'>καὶ</span> <span class='ocrx_word' id='word_1_65' title='bbox 1716 2641 1816 2709; x_wconf 82' lang='grc' dir='ltr'><strong>τήν</strong></span> 
     </span>
    </p>
   </div>
   <div class='ocr_carea' id='block_1_15' title="bbox 163 2727 1812 2808">
    <p class='ocr_par' dir='ltr' id='par_1_15' title="bbox 163 2727 1812 2808">
     <span class='ocr_line' id='line_1_16' title="bbox 163 2727 1812 2808; baseline 0.001 -25"><span class='ocrx_word' id='word_1_66' title='bbox 163 2733 250 2783; x_wconf 86' lang='grc' dir='ltr'><strong>τοῦ</strong></span> <span class='ocrx_word' id='word_1_67' title='bbox 307 2727 583 2800; x_wconf 82' lang='grc' dir='ltr'>ἀληθινοῦ</span> <span class='ocrx_word' id='word_1_68' title='bbox 641 2735 775 2785; x_wconf 86' lang='grc' dir='ltr'>Θεοῦ</span> <span class='ocrx_word' id='word_1_69' title='bbox 833 2728 1296 2808; x_wconf 78' lang='grc' dir='ltr'>ἀνδρικοῦαῦτοῦ</span> <span class='ocrx_word' id='word_1_70' title='bbox 1354 2734 1483 2785; x_wconf 85' lang='grc' dir='ltr'>ναοῦ</span> <span class='ocrx_word' id='word_1_71' title='bbox 1541 2730 1644 2785; x_wconf 85' lang='grc' dir='ltr'>ὑπὸ</span> <span class='ocrx_word' id='word_1_72' title='bbox 1677 2732 1812 2786; x_wconf 86' lang='grc' dir='ltr'>Ἰου-</span> 
     </span>
    </p>
   </div>
   <div class='ocr_carea' id='block_1_16' title="bbox 167 2815 1814 2896">
    <p class='ocr_par' dir='ltr' id='par_1_16' title="bbox 167 2815 1814 2896">
     <span class='ocr_line' id='line_1_17' title="bbox 167 2815 1814 2896; baseline 0.002 -24"><span class='ocrx_word' id='word_1_73' title='bbox 167 2816 345 2888; x_wconf 82' lang='grc' dir='ltr'>δαϊκῆς</span> <span class='ocrx_word' id='word_1_74' title='bbox 396 2818 768 2896; x_wconf 85' lang='grc' dir='ltr'>παρανομίας,</span> <span class='ocrx_word' id='word_1_75' title='bbox 829 2821 902 2882; x_wconf 84' lang='grc' dir='ltr'>ὡς</span> <span class='ocrx_word' id='word_1_76' title='bbox 959 2819 1118 2874; x_wconf 78' lang='grc' dir='ltr'>αὐτὸς</span> <span class='ocrx_word' id='word_1_77' title='bbox 1173 2820 1311 2887; x_wconf 77' lang='grc' dir='ltr'>εἷπε,</span> <span class='ocrx_word' id='word_1_78' title='bbox 1343 2815 1610 2892; x_wconf 84' lang='grc' dir='ltr'>διάλυσιν,</span> <span class='ocrx_word' id='word_1_79' title='bbox 1633 2820 1814 2883; x_wconf 83' lang='grc' dir='ltr'>καθὼς</span> 
     </span>
    </p>
   </div>
   <div class='ocr_carea' id='block_1_17' title="bbox 164 2906 1813 2985">
    <p class='ocr_par' dir='ltr' id='par_1_17' title="bbox 164 2906 1813 2985">
     <span class='ocr_line' id='line_1_18' title="bbox 164 2906 1813 2985; baseline 0.022 -23"><span class='ocrx_word' id='word_1_80' title='bbox 164 2910 224 2981; x_wconf 80' lang='grc' dir='ltr'><strong>τῇ</strong></span> <span class='ocrx_word' id='word_1_81' title='bbox 264 2909 453 2963; x_wconf 70' lang='grc' dir='ltr'>ἑαυτοῦ</span> <span class='ocrx_word' id='word_1_82' title='bbox 514 2910 634 2981; x_wconf 80' lang='grc' dir='ltr'>θείᾳ</span> <span class='ocrx_word' id='word_1_83' title='bbox 690 2908 900 2983; x_wconf 75' lang='grc' dir='ltr'><strong>ἐξουσίᾳ</strong></span> <span class='ocrx_word' id='word_1_84' title='bbox 945 2912 1246 2985; x_wconf 76' lang='grc' dir='ltr'>τριήμερος</span> <span class='ocrx_word' id='word_1_85' title='bbox 1303 2909 1362 2965; x_wconf 58' lang='grc' dir='ltr'>ἐκ</span> <span class='ocrx_word' id='word_1_86' title='bbox 1417 2913 1624 2984; x_wconf 70' lang='grc' dir='ltr'><strong>νεκρῶν</strong></span> <span class='ocrx_word' id='word_1_87' title='bbox 1681 2906 1813 2984; x_wconf 62' lang='grc' dir='ltr'><strong>ἐγή’</strong></span> 
     </span>
    </p>
   </div>
   <div class='ocr_carea' id='block_1_18' title="bbox 163 2996 1814 3073">
    <p class='ocr_par' dir='ltr' id='par_1_18' title="bbox 163 2996 1814 3073">
     <span class='ocr_line' id='line_1_19' title="bbox 163 2996 1814 3073; baseline 0.001 -22"><span class='ocrx_word' id='word_1_88' title='bbox 163 3015 352 3073; x_wconf 81' lang='grc' dir='ltr'>γερται·</span> <span class='ocrx_word' id='word_1_89' title='bbox 416 2996 494 3053; x_wconf 81' lang='grc' dir='ltr'>ἔτι</span> <span class='ocrx_word' id='word_1_90' title='bbox 554 2996 612 3052; x_wconf 74' lang='grc' dir='ltr'>δὲ</span> <span class='ocrx_word' id='word_1_91' title='bbox 667 3001 755 3054; x_wconf 76' lang='grc' dir='ltr'>καὶ</span> <span class='ocrx_word' id='word_1_92' title='bbox 822 2999 955 3072; x_wconf 82' lang='grc' dir='ltr'><strong>μετά</strong></span> <span class='ocrx_word' id='word_1_93' title='bbox 1011 3001 1112 3069; x_wconf 72' lang='grc' dir='ltr'>τὴν</span> <span class='ocrx_word' id='word_1_94' title='bbox 1166 2999 1225 3054; x_wconf 76' lang='grc' dir='ltr'>ἐκ</span> <span class='ocrx_word' id='word_1_95' title='bbox 1273 3005 1374 3069; x_wconf 80' lang='grc' dir='ltr'><strong>τῆς</strong></span> <span class='ocrx_word' id='word_1_96' title='bbox 1422 2999 1696 3072; x_wconf 74' lang='grc' dir='ltr'>ἡμετέρας</span> <span class='ocrx_word' id='word_1_97' title='bbox 1724 3017 1814 3054; x_wconf 85' lang='grc' dir='ltr'>τα·</span> 
     </span>
    </p>
   </div>
   <div class='ocr_carea' id='block_1_19' title="bbox 165 3088 1813 3164">
    <p class='ocr_par' dir='ltr' id='par_1_19' title="bbox 165 3088 1813 3164">
     <span class='ocr_line' id='line_1_20' title="bbox 165 3088 1813 3164; baseline 0.002 -23"><span class='ocrx_word' id='word_1_98' title='bbox 165 3088 461 3150; x_wconf 80' lang='grc' dir='ltr'>πεινώσεως</span> <span class='ocrx_word' id='word_1_99' title='bbox 515 3088 693 3160; x_wconf 66' lang='grc' dir='ltr'>ἑαυτῷ</span> <span class='ocrx_word' id='word_1_100' title='bbox 750 3094 886 3143; x_wconf 84' lang='grc' dir='ltr'><strong>κατά</strong></span> <span class='ocrx_word' id='word_1_101' title='bbox 943 3089 1114 3164; x_wconf 77' lang='grc' dir='ltr'>σάρκα</span> <span class='ocrx_word' id='word_1_102' title='bbox 1171 3088 1420 3164; x_wconf 72' lang='grc' dir='ltr'>ὑπεράνω</span> <span class='ocrx_word' id='word_1_103' title='bbox 1473 3089 1653 3159; x_wconf 82' lang='grc' dir='ltr'>πάσης</span> <span class='ocrx_word' id='word_1_104' title='bbox 1712 3089 1813 3144; x_wconf 81' lang='grc' dir='ltr'><strong>οὐ-</strong></span> 
     </span>
    </p>
   </div>
   <div class='ocr_carea' id='block_1_20' title="bbox 166 3175 1812 3254">
    <p class='ocr_par' dir='ltr' id='par_1_20' title="bbox 166 3175 1812 3254">
     <span class='ocr_line' id='line_1_21' title="bbox 166 3175 1812 3254; baseline 0.001 -24"><span class='ocrx_word' id='word_1_105' title='bbox 166 3177 336 3250; x_wconf 80' lang='grc' dir='ltr'>ρανίου</span> <span class='ocrx_word' id='word_1_106' title='bbox 394 3183 695 3254; x_wconf 78' lang='grc' dir='ltr'>στρατιᾶς,</span> <span class='ocrx_word' id='word_1_107' title='bbox 751 3178 839 3233; x_wconf 80' lang='grc' dir='ltr'><strong>καὶ</strong></span> <span class='ocrx_word' id='word_1_108' title='bbox 893 3177 1070 3232; x_wconf 75' lang='grc' dir='ltr'>ἐπάνω</span> <span class='ocrx_word' id='word_1_109' title='bbox 1129 3177 1309 3248; x_wconf 80' lang='grc' dir='ltr'>πάσης</span> <span class='ocrx_word' id='word_1_110' title='bbox 1368 3175 1666 3254; x_wconf 80' lang='grc' dir='ltr'>ἀγγελικῆς</span> <span class='ocrx_word' id='word_1_111' title='bbox 1713 3178 1812 3232; x_wconf 84' lang='grc' dir='ltr'>τά-</span> 
     </span>
    </p>
   </div>
   <div class='ocr_carea' id='block_1_21' title="bbox 169 3261 1810 3341">
    <p class='ocr_par' dir='ltr' id='par_1_21' title="bbox 169 3261 1810 3341">
     <span class='ocr_line' id='line_1_22' title="bbox 169 3261 1810 3341; baseline 0.001 -21"><span class='ocrx_word' id='word_1_112' title='bbox 169 3265 286 3336; x_wconf 78' lang='grc' dir='ltr'>ξεως</span> <span class='ocrx_word' id='word_1_113' title='bbox 314 3265 526 3341; x_wconf 74' lang='grc' dir='ltr'>ὕψωσιν</span> <span class='ocrx_word' id='word_1_114' title='bbox 572 3268 661 3321; x_wconf 85' lang='grc' dir='ltr'><strong>καὶ</strong></span> <span class='ocrx_word' id='word_1_115' title='bbox 721 3261 999 3337; x_wconf 76' lang='grc' dir='ltr'>ἀνάϐασιν,</span> <span class='ocrx_word' id='word_1_116' title='bbox 1060 3269 1178 3330; x_wconf 76' lang='grc' dir='ltr'>καθ⁸</span> <span class='ocrx_word' id='word_1_117' title='bbox 1229 3268 1296 3336; x_wconf 80' lang='grc' dir='ltr'><strong>ἦν</strong></span> <span class='ocrx_word' id='word_1_118' title='bbox 1328 3271 1407 3338; x_wconf 81' lang='grc' dir='ltr'>τῷ</span> <span class='ocrx_word' id='word_1_119' title='bbox 1435 3271 1550 3340; x_wconf 78' lang='grc' dir='ltr'>Θεῷ</span> <span class='ocrx_word' id='word_1_120' title='bbox 1581 3267 1670 3322; x_wconf 79' lang='grc' dir='ltr'><strong>καὶ</strong></span> <span class='ocrx_word' id='word_1_121' title='bbox 1702 3272 1810 3321; x_wconf 87' lang='grc' dir='ltr'>Πα-</span> 
     </span>
    </p>
   </div>
   <div class='ocr_carea' id='block_1_22' title="bbox 165 3353 1811 3432">
    <p class='ocr_par' dir='ltr' id='par_1_22' title="bbox 165 3353 1811 3432">
     <span class='ocr_line' id='line_1_23' title="bbox 165 3353 1811 3432; baseline 0.002 -25"><span class='ocrx_word' id='word_1_122' title='bbox 165 3354 242 3429; x_wconf 78' lang='grc' dir='ltr'>τρῖ</span> <span class='ocrx_word' id='word_1_123' title='bbox 299 3355 482 3412; x_wconf 70' lang='grc' dir='ltr'>ἑαυτὸν</span> <span class='ocrx_word' id='word_1_124' title='bbox 549 3353 674 3428; x_wconf 77' lang='grc' dir='ltr'>ἰδίῳ</span> <span class='ocrx_word' id='word_1_125' title='bbox 733 3353 1004 3430; x_wconf 73' lang='grc' dir='ltr'><strong>θελήματι</strong></span> <span class='ocrx_word' id='word_1_126' title='bbox 1058 3358 1444 3432; x_wconf 71' lang='grc' dir='ltr'><strong>προσήνεγκε⁶</strong></span> <span class='ocrx_word' id='word_1_127' title='bbox 1526 3357 1661 3429; x_wconf 88' lang='grc' dir='ltr'><strong>μετά</strong></span> <span class='ocrx_word' id='word_1_128' title='bbox 1709 3356 1811 3424; x_wconf 84' lang='grc' dir='ltr'><strong>τήν</strong></span> 
     </span>
    </p>
   </div>
   <div class='ocr_carea' id='block_1_23' title="bbox 171 3444 1808 3522">
    <p class='ocr_par' dir='ltr' id='par_1_23' title="bbox 171 3444 1808 3522">
     <span class='ocr_line' id='line_1_24' title="bbox 171 3444 1808 3522; baseline 0.001 -24"><span class='ocrx_word' id='word_1_129' title='bbox 171 3447 276 3517; x_wconf 85' lang='grc' dir='ltr'>μεθ’</span> <span class='ocrx_word' id='word_1_130' title='bbox 329 3448 541 3521; x_wconf 70' lang='grc' dir='ltr'>ἡμέρας</span> <span class='ocrx_word' id='word_1_131' title='bbox 594 3447 638 3500; x_wconf 86' lang='grc' dir='ltr'>ν’</span> <span class='ocrx_word' id='word_1_132' title='bbox 691 3444 780 3501; x_wconf 71' lang='grc' dir='ltr'><strong>διὰ</strong></span> <span class='ocrx_word' id='word_1_133' title='bbox 837 3453 936 3516; x_wconf 80' lang='grc' dir='ltr'><strong>τῆς</strong></span> <span class='ocrx_word' id='word_1_134' title='bbox 993 3447 1150 3522; x_wconf 86' lang='grc' dir='ltr'>ἀγίας</span> <span class='ocrx_word' id='word_1_135' title='bbox 1208 3447 1372 3502; x_wconf 81' lang='grc' dir='ltr'>αὐτοῦ</span> <span class='ocrx_word' id='word_1_136' title='bbox 1402 3445 1726 3520; x_wconf 79' lang='grc' dir='ltr'>ἀναλήψεως</span> <span class='ocrx_word' id='word_1_137' title='bbox 1756 3445 1808 3501; x_wconf 71' lang='grc' dir='ltr'>ἑν</span> 
     </span>
    </p>
   </div>
   <div class='ocr_carea' id='block_1_24' title="bbox 169 3531 1813 3612">
    <p class='ocr_par' dir='ltr' id='par_1_24' title="bbox 169 3531 1813 3612">
     <span class='ocr_line' id='line_1_25' title="bbox 169 3531 1813 3612; baseline 0.002 -25"><span class='ocrx_word' id='word_1_138' title='bbox 169 3538 272 3596; x_wconf 79' lang='grc' dir='ltr'>τοῖς</span> <span class='ocrx_word' id='word_1_139' title='bbox 301 3535 476 3610; x_wconf 82' lang='grc' dir='ltr'>ἁγίοις</span> <span class='ocrx_word' id='word_1_140' title='bbox 505 3534 841 3598; x_wconf 77' lang='grc' dir='ltr'>ἀποστόλοις</span> <span class='ocrx_word' id='word_1_141' title='bbox 871 3538 967 3590; x_wconf 85' lang='grc' dir='ltr'><strong>τοῦ</strong></span> <span class='ocrx_word' id='word_1_142' title='bbox 996 3537 1156 3612; x_wconf 83' lang='grc' dir='ltr'>ἁγίου</span> <span class='ocrx_word' id='word_1_143' title='bbox 1188 3535 1352 3591; x_wconf 81' lang='grc' dir='ltr'>αὐτοῦ</span> <span class='ocrx_word' id='word_1_144' title='bbox 1383 3533 1699 3609; x_wconf 81' lang='grc' dir='ltr'>Πνεόματος</span> <span class='ocrx_word' id='word_1_145' title='bbox 1730 3531 1813 3590; x_wconf 77' lang='grc' dir='ltr'><strong>ἔκ-</strong></span> 
     </span>
    </p>
   </div>
   <div class='ocr_carea' id='block_1_25' title="bbox 173 3623 1811 3704">
    <p class='ocr_par' dir='ltr' id='par_1_25' title="bbox 173 3623 1811 3704">
     <span class='ocr_line' id='line_1_26' title="bbox 173 3623 1811 3704; baseline 0.003 -28"><span class='ocrx_word' id='word_1_146' title='bbox 173 3641 339 3697; x_wconf 84' lang='grc' dir='ltr'>χυσιν,</span> <span class='ocrx_word' id='word_1_147' title='bbox 372 3627 491 3679; x_wconf 78' lang='grc' dir='ltr'>καθ’</span> <span class='ocrx_word' id='word_1_148' title='bbox 521 3627 587 3694; x_wconf 81' lang='grc' dir='ltr'>ἣν</span> <span class='ocrx_word' id='word_1_149' title='bbox 619 3623 860 3696; x_wconf 79' lang='grc' dir='ltr'>ἐξουσίαν</span> <span class='ocrx_word' id='word_1_150' title='bbox 893 3623 1150 3704; x_wconf 75' lang='grc' dir='ltr'>εἰλήφασι</span> <span class='ocrx_word' id='word_1_151' title='bbox 1183 3623 1341 3695; x_wconf 81' lang='grc' dir='ltr'>δῆσαι</span> <span class='ocrx_word' id='word_1_152' title='bbox 1374 3626 1462 3680; x_wconf 85' lang='grc' dir='ltr'><strong>καὶ</strong></span> <span class='ocrx_word' id='word_1_153' title='bbox 1496 3623 1652 3680; x_wconf 84' lang='grc' dir='ltr'>λῦσαι</span> <span class='ocrx_word' id='word_1_154' title='bbox 1675 3627 1811 3700; x_wconf 83' lang='grc'>(54),</span> 
     </span>
    </p>
   </div>
   <div class='ocr_carea' id='block_1_26' title="bbox 173 3713 1813 3792">
    <p class='ocr_par' dir='ltr' id='par_1_26' title="bbox 173 3713 1813 3792">
     <span class='ocr_line' id='line_1_27' title="bbox 173 3713 1813 3792; baseline 0.004 -28"><span class='ocrx_word' id='word_1_155' title='bbox 173 3713 252 3765; x_wconf 77' lang='grc' dir='ltr'>καὶ</span> <span class='ocrx_word' id='word_1_156' title='bbox 305 3719 420 3776; x_wconf 83' lang='grc' dir='ltr'>ταῖς</span> <span class='ocrx_word' id='word_1_157' title='bbox 477 3713 656 3790; x_wconf 80' lang='grc' dir='ltr'>ἁγίαις</span> <span class='ocrx_word' id='word_1_158' title='bbox 733 3713 897 3770; x_wconf 74' lang='grc' dir='ltr'>αὐτοῦ</span> <span class='ocrx_word' id='word_1_159' title='bbox 973 3713 1287 3786; x_wconf 73' lang='grc' dir='ltr'>ἐκκλησίαις</span> <span class='ocrx_word' id='word_1_160' title='bbox 1347 3715 1618 3792; x_wconf 80' lang='grc' dir='ltr'>ἄρχοντας</span> <span class='ocrx_word' id='word_1_161' title='bbox 1674 3735 1813 3790; x_wconf 91' lang='grc' dir='ltr'>προ-</span> 
     </span>
    </p>
   </div>
   <div class='ocr_carea' id='block_1_27' title="bbox 175 3796 1808 3881">
    <p class='ocr_par' dir='ltr' id='par_1_27' title="bbox 175 3796 1808 3881">
     <span class='ocr_line' id='line_1_28' title="bbox 175 3796 1808 3881; baseline 0.003 -28"><span class='ocrx_word' id='word_1_162' title='bbox 175 3796 347 3876; x_wconf 73' lang='grc' dir='ltr'>έδρους</span> <span class='ocrx_word' id='word_1_163' title='bbox 405 3805 840 3881; x_wconf 74' lang='grc' dir='ltr'>προστήσασθαι,</span> <span class='ocrx_word' id='word_1_164' title='bbox 899 3804 1076 3867; x_wconf 85' lang='grc' dir='ltr'>καθὼς</span> <span class='ocrx_word' id='word_1_165' title='bbox 1128 3805 1405 3878; x_wconf 85' lang='grc' dir='ltr'>προώρισε</span> <span class='ocrx_word' id='word_1_166' title='bbox 1458 3804 1563 3880; x_wconf 83' lang='grc' dir='ltr'>πρὸ</span> <span class='ocrx_word' id='word_1_167' title='bbox 1592 3809 1689 3858; x_wconf 89' lang='grc' dir='ltr'><strong>τοῦ</strong></span> <span class='ocrx_word' id='word_1_168' title='bbox 1717 3805 1808 3859; x_wconf 90' lang='grc' dir='ltr'>τὸν</span> 
     </span>
    </p>
   </div>
   <div class='ocr_carea' id='block_1_28' title="bbox 1925 2635 3576 2704">
    <p class='ocr_par' dir='ltr' id='par_1_28' title="bbox 1925 2635 3576 2704">
     <span class='ocr_line' id='line_1_29' title="bbox 1925 2635 3576 2704; baseline -0.003 -9"><span class='ocrx_word' id='word_1_169' title='bbox 1925 2640 2070 2696; x_wconf 89' lang='lat' dir='ltr'><strong>mini</strong></span> <span class='ocrx_word' id='word_1_170' title='bbox 2118 2656 2184 2696; x_wconf 92' lang='lat' dir='ltr'><strong>ac</strong></span> <span class='ocrx_word' id='word_1_171' title='bbox 2225 2641 2326 2696; x_wconf 87' lang='lat' dir='ltr'><strong>Dei</strong></span> <span class='ocrx_word' id='word_1_172' title='bbox 2367 2639 2554 2696; x_wconf 79' lang='lat' dir='ltr'><strong>nostri</strong></span> <span class='ocrx_word' id='word_1_173' title='bbox 2603 2639 2745 2695; x_wconf 86' lang='lat' dir='ltr'><strong>Jesu</strong></span> <span class='ocrx_word' id='word_1_174' title='bbox 2791 2637 3010 2694; x_wconf 80' lang='lat' dir='ltr'><strong>Christi</strong></span> <span class='ocrx_word' id='word_1_175' title='bbox 3062 2635 3576 2704; x_wconf 78' lang='lat' dir='ltr'><strong>resurrectionem,</strong></span> 
     </span>
    </p>
   </div>
   <div class='ocr_carea' id='block_1_29' title="bbox 1921 2723 3578 2802">
    <p class='ocr_par' dir='ltr' id='par_1_29' title="bbox 1921 2723 3578 2802">
     <span class='ocr_line' id='line_1_30' title="bbox 1921 2723 3578 2802; baseline -0.004 -16"><span class='ocrx_word' id='word_1_176' title='bbox 1921 2730 2158 2802; x_wconf 85' lang='lat' dir='ltr'><strong>verique</strong></span> <span class='ocrx_word' id='word_1_177' title='bbox 2214 2729 2404 2802; x_wconf 88' lang='lat' dir='ltr'><strong>ipsius</strong></span> <span class='ocrx_word' id='word_1_178' title='bbox 2460 2728 2688 2801; x_wconf 87' lang='lat' dir='ltr'><strong>templi,</strong></span> <span class='ocrx_word' id='word_1_179' title='bbox 2748 2729 3087 2784; x_wconf 63' lang='lat' dir='ltr'><strong>Judaaorum</strong></span> <span class='ocrx_word' id='word_1_180' title='bbox 3145 2725 3384 2795; x_wconf 89' lang='lat' dir='ltr'><strong>scelere,</strong></span> <span class='ocrx_word' id='word_1_181' title='bbox 3450 2723 3578 2796; x_wconf 90' lang='lat' dir='ltr'><strong>ipse</strong></span> 
     </span>
    </p>
   </div>
   <div class='ocr_carea' id='block_1_30' title="bbox 1924 2814 3578 2893">
    <p class='ocr_par' dir='ltr' id='par_1_30' title="bbox 1924 2814 3578 2893">
     <span class='ocr_line' id='line_1_31' title="bbox 1924 2814 3578 2893; baseline -0.004 -18"><span class='ocrx_word' id='word_1_182' title='bbox 1924 2820 2290 2893; x_wconf 60' lang='lat' dir='ltr'><strong>praedixerat,</strong></span> <span class='ocrx_word' id='word_1_183' title='bbox 2349 2825 2723 2891; x_wconf 90' lang='lat' dir='ltr'><strong>procuratam</strong></span> <span class='ocrx_word' id='word_1_184' title='bbox 2767 2816 3238 2883; x_wconf 83' lang='lat' dir='ltr'><strong>dissolutionem,</strong></span> <span class='ocrx_word' id='word_1_185' title='bbox 3299 2814 3578 2886; x_wconf 87' lang='lat' dir='ltr'><strong>quemad-</strong></span> 
     </span>
    </p>
   </div>
   <div class='ocr_carea' id='block_1_31' title="bbox 1923 2902 3577 2981">
    <p class='ocr_par' dir='ltr' id='par_1_31' title="bbox 1923 2902 3577 2981">
     <span class='ocr_line' id='line_1_32' title="bbox 1923 2902 3577 2981; baseline -0.005 -15"><span class='ocrx_word' id='word_1_186' title='bbox 1923 2911 2164 2966; x_wconf 86' lang='lat' dir='ltr'><strong>modum</strong></span> <span class='ocrx_word' id='word_1_187' title='bbox 2214 2908 2412 2964; x_wconf 90' lang='lat' dir='ltr'><strong>divina</strong></span> <span class='ocrx_word' id='word_1_188' title='bbox 2443 2925 2552 2964; x_wconf 88' lang='lat' dir='ltr'><strong>sua</strong></span> <span class='ocrx_word' id='word_1_189' title='bbox 2581 2907 2868 2981; x_wconf 86' lang='lat' dir='ltr'><strong>potesiate</strong></span> <span class='ocrx_word' id='word_1_190' title='bbox 2907 2906 3082 2962; x_wconf 91' lang='lat' dir='ltr'><strong>tertio</strong></span> <span class='ocrx_word' id='word_1_191' title='bbox 3115 2906 3206 2960; x_wconf 91' lang='lat' dir='ltr'><strong>die</strong></span> <span class='ocrx_word' id='word_1_192' title='bbox 3245 2921 3280 2959; x_wconf 87' lang='lat' dir='ltr'><strong>a</strong></span> <span class='ocrx_word' id='word_1_193' title='bbox 3327 2902 3577 2959; x_wconf 87' lang='lat' dir='ltr'><strong>mortuis</strong></span> 
     </span>
    </p>
   </div>
   <div class='ocr_carea' id='block_1_32' title="bbox 1923 2992 3578 3070">
    <p class='ocr_par' dir='ltr' id='par_1_32' title="bbox 1923 2992 3578 3070">
     <span class='ocr_line' id='line_1_33' title="bbox 1923 2992 3578 3070; baseline -0.005 -14"><span class='ocrx_word' id='word_1_194' title='bbox 1923 2999 2207 3056; x_wconf 84' lang='lat' dir='ltr'><strong>excitatus</strong></span> <span class='ocrx_word' id='word_1_195' title='bbox 2238 3003 2358 3054; x_wconf 90' lang='lat' dir='ltr'><strong>est:</strong></span> <span class='ocrx_word' id='word_1_196' title='bbox 2394 3002 2527 3070; x_wconf 88' lang='lat' dir='ltr'><strong>post</strong></span> <span class='ocrx_word' id='word_1_197' title='bbox 2555 2998 2870 3054; x_wconf 83' lang='lat' dir='ltr'><strong>elationem</strong></span> <span class='ocrx_word' id='word_1_198' title='bbox 2904 3013 2973 3053; x_wconf 80' lang='lat' dir='ltr'><strong>ex</strong></span> <span class='ocrx_word' id='word_1_199' title='bbox 3003 2999 3207 3052; x_wconf 91' lang='lat' dir='ltr'><strong>nostra</strong></span> <span class='ocrx_word' id='word_1_200' title='bbox 3243 2992 3578 3049; x_wconf 80' lang='lat' dir='ltr'><strong>humilitate</strong></span> 
     </span>
    </p>
   </div>
   <div class='ocr_carea' id='block_1_33' title="bbox 1924 3089 3581 3162">
    <p class='ocr_par' dir='ltr' id='par_1_33' title="bbox 1924 3089 3581 3162">
     <span class='ocr_line' id='line_1_34' title="bbox 1924 3089 3581 3162; baseline -0.004 -18"><span class='ocrx_word' id='word_1_201' title='bbox 1924 3103 2102 3162; x_wconf 87' lang='lat' dir='ltr'><strong>quam</strong></span> <span class='ocrx_word' id='word_1_202' title='bbox 2135 3089 2249 3144; x_wconf 88' lang='lat' dir='ltr'><strong>sibi</strong></span> <span class='ocrx_word' id='word_1_203' title='bbox 2298 3105 2472 3144; x_wconf 89' lang='lat' dir='ltr'><strong>carne</strong></span> <span class='ocrx_word' id='word_1_204' title='bbox 2504 3091 2928 3160; x_wconf 87' lang='lat' dir='ltr'><strong>assumpserat,</strong></span> <span class='ocrx_word' id='word_1_205' title='bbox 2961 3092 3020 3142; x_wconf 89' lang='lat' dir='ltr'><strong>et</strong></span> <span class='ocrx_word' id='word_1_206' title='bbox 3049 3101 3362 3142; x_wconf 78' lang='lat' dir='ltr'><strong>ascensum</strong></span> <span class='ocrx_word' id='word_1_207' title='bbox 3400 3097 3581 3154; x_wconf 87' lang='lat' dir='ltr'><strong>super</strong></span> 
     </span>
    </p>
   </div>
   <div class='ocr_carea' id='block_1_34' title="bbox 1923 3171 3579 3246">
    <p class='ocr_par' dir='ltr' id='par_1_34' title="bbox 1923 3171 3579 3246">
     <span class='ocr_line' id='line_1_35' title="bbox 1923 3171 3579 3246; baseline -0.005 -12"><span class='ocrx_word' id='word_1_208' title='bbox 1923 3194 2160 3235; x_wconf 90' lang='lat' dir='ltr'><strong>omnem</strong></span> <span class='ocrx_word' id='word_1_209' title='bbox 2191 3177 2486 3233; x_wconf 72' lang='lat' dir='ltr'><strong>cmlestem</strong></span> <span class='ocrx_word' id='word_1_210' title='bbox 2519 3177 2865 3244; x_wconf 82' lang='lat' dir='ltr'><strong>exercitum,</strong></span> <span class='ocrx_word' id='word_1_211' title='bbox 2886 3190 3206 3246; x_wconf 87' lang='lat' dir='ltr'><strong>omnesque</strong></span> <span class='ocrx_word' id='word_1_212' title='bbox 3236 3171 3579 3246; x_wconf 85' lang='lat' dir='ltr'><strong>angelorum</strong></span> 
     </span>
    </p>
   </div>
   <div class='ocr_carea' id='block_1_35' title="bbox 1921 3260 3580 3338">
    <p class='ocr_par' dir='ltr' id='par_1_35' title="bbox 1921 3260 3580 3338">
     <span class='ocr_line' id='line_1_36' title="bbox 1921 3260 3580 3338; baseline -0.004 -15"><span class='ocrx_word' id='word_1_213' title='bbox 1921 3268 2177 3338; x_wconf 86' lang='lat' dir='ltr'><strong>ordines,</strong></span> <span class='ocrx_word' id='word_1_214' title='bbox 2231 3283 2348 3338; x_wconf 90' lang='lat' dir='ltr'><strong>quo</strong></span> <span class='ocrx_word' id='word_1_215' title='bbox 2379 3267 2496 3322; x_wconf 94' lang='lat' dir='ltr'><strong>Deo</strong></span> <span class='ocrx_word' id='word_1_216' title='bbox 2529 3271 2586 3321; x_wconf 90' lang='lat' dir='ltr'><strong>et</strong></span> <span class='ocrx_word' id='word_1_217' title='bbox 2615 3265 2772 3321; x_wconf 87' lang='lat' dir='ltr'><strong>Patri</strong></span> <span class='ocrx_word' id='word_1_218' title='bbox 2811 3281 2872 3320; x_wconf 89' lang='lat' dir='ltr'><strong>se</strong></span> <span class='ocrx_word' id='word_1_219' title='bbox 2904 3265 3102 3336; x_wconf 88' lang='lat' dir='ltr'><strong>ipsum</strong></span> <span class='ocrx_word' id='word_1_220' title='bbox 3145 3279 3254 3320; x_wconf 87' lang='lat' dir='ltr'><strong>sua</strong></span> <span class='ocrx_word' id='word_1_221' title='bbox 3280 3260 3580 3318; x_wconf 81' lang='lat' dir='ltr'><strong>voluntate</strong></span> 
     </span>
    </p>
   </div>
   <div class='ocr_carea' id='block_1_36' title="bbox 1923 3353 3582 3428">
    <p class='ocr_par' dir='ltr' id='par_1_36' title="bbox 1923 3353 3582 3428">
     <span class='ocr_line' id='line_1_37' title="bbox 1923 3353 3582 3428; baseline -0.005 -15"><span class='ocrx_word' id='word_1_222' title='bbox 1923 3355 2174 3415; x_wconf 85' lang='lat' dir='ltr'><strong>obtulit:</strong></span> <span class='ocrx_word' id='word_1_223' title='bbox 2225 3359 2360 3428; x_wconf 90' lang='lat' dir='ltr'><strong>post</strong></span> <span class='ocrx_word' id='word_1_224' title='bbox 2405 3355 2594 3411; x_wconf 81' lang='lat' dir='ltr'><strong>sancti</strong></span> <span class='ocrx_word' id='word_1_225' title='bbox 2624 3355 2754 3424; x_wconf 85' lang='lat' dir='ltr'><strong>ejus</strong></span> <span class='ocrx_word' id='word_1_226' title='bbox 2785 3353 3041 3426; x_wconf 84' lang='lat' dir='ltr'><strong>Spiritus</strong></span> <span class='ocrx_word' id='word_1_227' title='bbox 3071 3353 3131 3408; x_wconf 89' lang='lat' dir='ltr'><strong>in</strong></span> <span class='ocrx_word' id='word_1_228' title='bbox 3173 3355 3410 3408; x_wconf 85' lang='lat' dir='ltr'><strong>sanctos</strong></span> <span class='ocrx_word' id='word_1_229' title='bbox 3437 3365 3582 3420; x_wconf 89' lang='lat' dir='ltr'><strong>apo-</strong></span> 
     </span>
    </p>
   </div>
   <div class='ocr_carea' id='block_1_37' title="bbox 1923 3441 3581 3518">
    <p class='ocr_par' dir='ltr' id='par_1_37' title="bbox 1923 3441 3581 3518">
     <span class='ocr_line' id='line_1_38' title="bbox 1923 3441 3581 3518; baseline -0.005 -15"><span class='ocrx_word' id='word_1_230' title='bbox 1923 3447 2104 3503; x_wconf 84' lang='lat' dir='ltr'><strong>stolos</strong></span> <span class='ocrx_word' id='word_1_231' title='bbox 2135 3447 2480 3503; x_wconf 75' lang='lat' dir='ltr'><strong>effusionem</strong></span> <span class='ocrx_word' id='word_1_232' title='bbox 2513 3447 2665 3518; x_wconf 73' lang='lat' dir='ltr'><strong>(quas</strong></span> <span class='ocrx_word' id='word_1_233' title='bbox 2700 3450 2833 3516; x_wconf 88' lang='lat' dir='ltr'><strong>post</strong></span> <span class='ocrx_word' id='word_1_234' title='bbox 2862 3443 3291 3517; x_wconf 84' lang='lat' dir='ltr'><strong>quinquaginta</strong></span> <span class='ocrx_word' id='word_1_235' title='bbox 3320 3441 3446 3496; x_wconf 89' lang='lat' dir='ltr'><strong>dies</strong></span> <span class='ocrx_word' id='word_1_236' title='bbox 3477 3455 3581 3511; x_wconf 88' lang='lat' dir='ltr'><strong>per</strong></span> 
     </span>
    </p>
   </div>
   <div class='ocr_carea' id='block_1_38' title="bbox 1923 3529 3583 3608">
    <p class='ocr_par' dir='ltr' id='par_1_38' title="bbox 1923 3529 3583 3608">
     <span class='ocr_line' id='line_1_39' title="bbox 1923 3529 3583 3608; baseline -0.007 -14"><span class='ocrx_word' id='word_1_237' title='bbox 1923 3542 2188 3595; x_wconf 88' lang='lat' dir='ltr'><strong>sanctam</strong></span> <span class='ocrx_word' id='word_1_238' title='bbox 2205 3539 2335 3608; x_wconf 87' lang='lat' dir='ltr'><strong>ejus</strong></span> <span class='ocrx_word' id='word_1_239' title='bbox 2353 3535 2818 3608; x_wconf 87' lang='lat' dir='ltr'><strong>assumptionem</strong></span> <span class='ocrx_word' id='word_1_240' title='bbox 2832 3534 3044 3591; x_wconf 89' lang='lat' dir='ltr'><strong>collata</strong></span> <span class='ocrx_word' id='word_1_241' title='bbox 3061 3535 3190 3604; x_wconf 83' lang='lat' dir='ltr'><strong>fuit)</strong></span> <span class='ocrx_word' id='word_1_242' title='bbox 3215 3549 3333 3604; x_wconf 88' lang='lat' dir='ltr'><strong>qua</strong></span> <span class='ocrx_word' id='word_1_243' title='bbox 3360 3529 3583 3602; x_wconf 80' lang='lat' dir='ltr'><strong>ligandi</strong></span> 
     </span>
    </p>
   </div>
   <div class='ocr_carea' id='block_1_39' title="bbox 1925 3619 3581 3698">
    <p class='ocr_par' dir='ltr' id='par_1_39' title="bbox 1925 3619 3581 3698">
     <span class='ocr_line' id='line_1_40' title="bbox 1925 3619 3581 3698; baseline -0.006 -14"><span class='ocrx_word' id='word_1_244' title='bbox 1925 3632 2098 3698; x_wconf 87' lang='lat' dir='ltr'><strong>atque</strong></span> <span class='ocrx_word' id='word_1_245' title='bbox 2142 3626 2406 3683; x_wconf 82' lang='lat' dir='ltr'><strong>solvendi</strong></span> <span class='ocrx_word' id='word_1_246' title='bbox 2435 3629 2792 3697; x_wconf 89' lang='lat' dir='ltr'><strong>acceperunt</strong></span> <span class='ocrx_word' id='word_1_247' title='bbox 2818 3628 3192 3697; x_wconf 88' lang='lat' dir='ltr'><strong>potestatem,</strong></span> <span class='ocrx_word' id='word_1_248' title='bbox 3239 3619 3581 3690; x_wconf 84' lang='lat' dir='ltr'><strong>sanctisque</strong></span> 
     </span>
    </p>
   </div>
   <div class='ocr_carea' id='block_1_40' title="bbox 1923 3711 3574 3789">
    <p class='ocr_par' dir='ltr' id='par_1_40' title="bbox 1923 3711 3574 3789">
     <span class='ocr_line' id='line_1_41' title="bbox 1923 3711 3574 3789; baseline -0.007 -15"><span class='ocrx_word' id='word_1_249' title='bbox 1923 3719 2052 3789; x_wconf 91' lang='lat' dir='ltr'><strong>ejus</strong></span> <span class='ocrx_word' id='word_1_250' title='bbox 2080 3716 2344 3772; x_wconf 89' lang='lat' dir='ltr'><strong>ecclesiis</strong></span> <span class='ocrx_word' id='word_1_251' title='bbox 2376 3714 2671 3787; x_wconf 88' lang='lat' dir='ltr'><strong>principes</strong></span> <span class='ocrx_word' id='word_1_252' title='bbox 2702 3713 3079 3786; x_wconf 67' lang='lat' dir='ltr'><strong>prmﬁciendi,</strong></span> <span class='ocrx_word' id='word_1_253' title='bbox 3114 3711 3286 3769; x_wconf 88' lang='lat' dir='ltr'><strong>sicuti</strong></span> <span class='ocrx_word' id='word_1_254' title='bbox 3319 3713 3453 3766; x_wconf 89' lang='lat' dir='ltr'><strong>ante</strong></span> <span class='ocrx_word' id='word_1_255' title='bbox 3482 3725 3574 3765; x_wconf 88' lang='lat' dir='ltr'><strong>or-</strong></span> 
     </span>
    </p>
   </div>
   <div class='ocr_carea' id='block_1_41' title="bbox 1921 3798 3578 3872">
    <p class='ocr_par' dir='ltr' id='par_1_41' title="bbox 1921 3798 3578 3872">
     <span class='ocr_line' id='line_1_42' title="bbox 1921 3798 3578 3872; baseline -0.005 -10"><span class='ocrx_word' id='word_1_256' title='bbox 1921 3809 2054 3863; x_wconf 91' lang='lat' dir='ltr'><strong>bem</strong></span> <span class='ocrx_word' id='word_1_257' title='bbox 2088 3806 2394 3863; x_wconf 88' lang='lat' dir='ltr'><strong>conditum</strong></span> <span class='ocrx_word' id='word_1_258' title='bbox 2427 3803 2852 3872; x_wconf 83' lang='lat' dir='ltr'><strong>constituerat;</strong></span> <span class='ocrx_word' id='word_1_259' title='bbox 2885 3820 3038 3860; x_wconf 90' lang='lat' dir='ltr'><strong>anno</strong></span> <span class='ocrx_word' id='word_1_260' title='bbox 3070 3807 3272 3859; x_wconf 87' lang='lat' dir='ltr'><strong>octavo</strong></span> <span class='ocrx_word' id='word_1_261' title='bbox 3303 3805 3361 3857; x_wconf 83' lang='lat' dir='ltr'><strong>et</strong></span> <span class='ocrx_word' id='word_1_262' title='bbox 3386 3798 3578 3856; x_wconf 87' lang='lat' dir='ltr'><strong>octin-</strong></span> 
     </span>
    </p>
   </div>
   <div class='ocr_carea' id='block_1_42' title="bbox 170 3889 1837 3993">
    <p class='ocr_par' dir='ltr' id='par_1_42' title="bbox 170 3889 1810 3993">
     <span class='ocr_line' id='line_1_43' title="bbox 170 3889 1810 3970; baseline 0.004 -28"><span class='ocrx_word' id='word_1_263' title='bbox 170 3889 361 3963; x_wconf 84' lang='grc' dir='ltr'>κόσμον</span> <span class='ocrx_word' id='word_1_264' title='bbox 417 3893 688 3969; x_wconf 74' lang='grc' dir='ltr'>γενὲσθαιο</span> <span class='ocrx_word' id='word_1_265' title='bbox 756 3893 889 3966; x_wconf 86' lang='grc' dir='ltr'><strong>μετά</strong></span> <span class='ocrx_word' id='word_1_266' title='bbox 916 3891 1139 3968; x_wconf 74' lang='grc' dir='ltr'>καιροὺς</span> <span class='ocrx_word' id='word_1_267' title='bbox 1172 3899 1273 3962; x_wconf 80' lang='grc' dir='ltr'><strong>τῆς</strong></span> <span class='ocrx_word' id='word_1_268' title='bbox 1303 3893 1560 3970; x_wconf 72' lang='grc' dir='ltr'>γενέσεως</span> <span class='ocrx_word' id='word_1_269' title='bbox 1593 3891 1810 3955; x_wconf 87' lang='grc' dir='ltr'>πόλεως</span> 
     </span>
     <span class='ocr_line' id='line_1_44' title="bbox 172 3975 1748 3993; baseline 0 0"><span class='ocrx_word' id='word_1_270' title='bbox 172 3975 252 3993; x_wconf 72' lang='grc' dir='ltr'><strong>ε...</strong></span> <span class='ocrx_word' id='word_1_271' title='bbox 717 3979 802 3993; x_wconf 79' lang='lat'><strong>...</strong></span> <span class='ocrx_word' id='word_1_272' title='bbox 1024 3978 1252 3993; x_wconf 67' lang='grc' dir='ltr'><strong>-..υ</strong></span> <span class='ocrx_word' id='word_1_273' title='bbox 1367 3977 1748 3993; x_wconf 67' lang='grc' dir='ltr'><strong>.--...ι.</strong></span> 
     </span>
    </p>
   </div>
   <div class='ocr_carea' id='block_1_43' title="bbox 1924 3889 3580 3993">
    <p class='ocr_par' dir='ltr' id='par_1_43' title="bbox 1924 3891 3580 3969">
     <span class='ocr_line' id='line_1_45' title="bbox 1924 3891 3580 3969; baseline -0.004 -16"><span class='ocrx_word' id='word_1_274' title='bbox 1924 3895 2241 3969; x_wconf 85' lang='lat' dir='ltr'><strong>gentesimo</strong></span> <span class='ocrx_word' id='word_1_275' title='bbox 2274 3899 2407 3966; x_wconf 90' lang='lat' dir='ltr'><strong>post</strong></span> <span class='ocrx_word' id='word_1_276' title='bbox 2425 3899 2622 3950; x_wconf 90' lang='lat' dir='ltr'><strong>natam</strong></span> <span class='ocrx_word' id='word_1_277' title='bbox 2656 3893 3077 3960; x_wconf 82' lang='lat' dir='ltr'><strong>Romam,cum</strong></span> <span class='ocrx_word' id='word_1_278' title='bbox 3099 3892 3414 3964; x_wconf 88' lang='lat' dir='ltr'><strong>imperium</strong></span> <span class='ocrx_word' id='word_1_279' title='bbox 3438 3891 3580 3947; x_wconf 89' lang='lat' dir='ltr'><strong>ade-</strong></span> 
     </span>
    </p>
   </div>
   <div class='ocr_carea' id='block_1_44' title="bbox 172 3975 1814 4057">
    <p class='ocr_par' dir='ltr' id='par_1_44' title="bbox 172 3975 1814 4057">
     <span class='ocr_line' id='line_1_46' title="bbox 172 3975 1814 4057; baseline 0.004 -27"><span class='ocrx_word' id='word_1_280' title='bbox 172 3975 372 4052; x_wconf 82' lang='grc' dir='ltr'>Ῥώμης</span> <span class='ocrx_word' id='word_1_281' title='bbox 426 3979 477 4037; x_wconf 82' lang='grc' dir='ltr'>ἐν</span> <span class='ocrx_word' id='word_1_282' title='bbox 544 3977 648 4036; x_wconf 76' lang='grc' dir='ltr'>ἔτει</span> <span class='ocrx_word' id='word_1_283' title='bbox 709 3979 1063 4056; x_wconf 78' lang='grc' dir='ltr'>ὀγδοηκοστῷ</span> <span class='ocrx_word' id='word_1_284' title='bbox 1121 3978 1303 4057; x_wconf 81' lang='grc' dir='ltr'>ὀγδόῳ</span> <span class='ocrx_word' id='word_1_285' title='bbox 1361 3985 1495 4056; x_wconf 88' lang='grc'>(55),</span> <span class='ocrx_word' id='word_1_286' title='bbox 1551 3977 1814 4037; x_wconf 73' lang='grc' dir='ltr'>ἐπιλαϐο-</span> 
     </span>
    </p>
   </div>
   <div class='ocr_carea' id='block_1_45' title="bbox 174 4067 1813 4148">
    <p class='ocr_par' dir='ltr' id='par_1_45' title="bbox 174 4067 1813 4148">
     <span class='ocr_line' id='line_1_47' title="bbox 174 4067 1813 4148; baseline 0.003 -26"><span class='ocrx_word' id='word_1_287' title='bbox 174 4067 324 4137; x_wconf 68' lang='grc' dir='ltr'>μένου</span> <span class='ocrx_word' id='word_1_288' title='bbox 378 4070 476 4141; x_wconf 77' lang='grc' dir='ltr'><strong>τήν</strong></span> <span class='ocrx_word' id='word_1_289' title='bbox 511 4069 696 4147; x_wconf 77' lang='grc' dir='ltr'>ἀρχὴν</span> <span class='ocrx_word' id='word_1_290' title='bbox 759 4072 1007 4148; x_wconf 74' lang='grc' dir='ltr'>Νέρωνος</span> <span class='ocrx_word' id='word_1_291' title='bbox 1050 4071 1336 4148; x_wconf 81' lang='grc' dir='ltr'>Καίσαρος,</span> <span class='ocrx_word' id='word_1_292' title='bbox 1367 4070 1619 4146; x_wconf 73' lang='grc' dir='ltr'>πέμπτου</span> <span class='ocrx_word' id='word_1_293' title='bbox 1649 4073 1813 4128; x_wconf 75' lang='grc' dir='ltr'>αὐτοῦ</span> 
     </span>
    </p>
   </div>
   <div class='ocr_carea' id='block_1_46' title="bbox 174 4149 1815 4236">
    <p class='ocr_par' dir='ltr' id='par_1_46' title="bbox 174 4149 1815 4236">
     <span class='ocr_line' id='line_1_48' title="bbox 174 4149 1815 4236; baseline 0.006 -29"><span class='ocrx_word' id='word_1_294' title='bbox 174 4149 310 4220; x_wconf 73' lang='grc' dir='ltr'>ὄντος</span> <span class='ocrx_word' id='word_1_295' title='bbox 367 4159 471 4215; x_wconf 85' lang='grc' dir='ltr'>ἀπὸ</span> <span class='ocrx_word' id='word_1_296' title='bbox 537 4159 868 4235; x_wconf 75' lang='grc' dir='ltr'>Αὐγούστου,</span> <span class='ocrx_word' id='word_1_297' title='bbox 930 4162 957 4215; x_wconf 86' lang='grc' dir='ltr'>ὁ</span> <span class='ocrx_word' id='word_1_298' title='bbox 1009 4158 1274 4236; x_wconf 67' lang='grc' dir='ltr'>μακάριος</span> <span class='ocrx_word' id='word_1_299' title='bbox 1305 4161 1815 4236; x_wconf 69' lang='grc' dir='ltr'>Πετροςὸἀπόστοσ</span> 
     </span>
    </p>
   </div>
   <div class='ocr_carea' id='block_1_47' title="bbox 174 4243 1815 4325">
    <p class='ocr_par' dir='ltr' id='par_1_47' title="bbox 174 4243 1815 4325">
     <span class='ocr_line' id='line_1_49' title="bbox 174 4243 1815 4325; baseline 0.001 -19"><span class='ocrx_word' id='word_1_300' title='bbox 174 4243 258 4306; x_wconf 59' lang='grc' dir='ltr'>λης</span> <span class='ocrx_word' id='word_1_301' title='bbox 311 4247 440 4320; x_wconf 83' lang='grc' dir='ltr'><strong>μετά</strong></span> <span class='ocrx_word' id='word_1_302' title='bbox 487 4249 581 4304; x_wconf 79' lang='grc' dir='ltr'><strong>καὶ</strong></span> <span class='ocrx_word' id='word_1_303' title='bbox 639 4253 744 4304; x_wconf 79' lang='grc' dir='ltr'>τῶν</span> <span class='ocrx_word' id='word_1_304' title='bbox 794 4249 990 4325; x_wconf 76' lang='grc' dir='ltr'>ἒτέρων</span> <span class='ocrx_word' id='word_1_305' title='bbox 1046 4249 1368 4304; x_wconf 86' lang='grc' dir='ltr'>ἀποστόλων</span> <span class='ocrx_word' id='word_1_306' title='bbox 1425 4249 1815 4315; x_wconf 71' lang='grc' dir='ltr'>ἀποσταλέντες</span> 
     </span>
    </p>
   </div>
   <div class='ocr_carea' id='block_1_48' title="bbox 172 4335 1817 4415">
    <p class='ocr_par' dir='ltr' id='par_1_48' title="bbox 172 4335 1817 4415">
     <span class='ocr_line' id='line_1_50' title="bbox 172 4335 1817 4415; baseline -0.001 -19"><span class='ocrx_word' id='word_1_307' title='bbox 172 4335 382 4409; x_wconf 67' lang='grc' dir='ltr'>κηρύξαι</span> <span class='ocrx_word' id='word_1_308' title='bbox 441 4341 552 4411; x_wconf 83' lang='grc'><strong>(56)</strong></span> <span class='ocrx_word' id='word_1_309' title='bbox 586 4337 647 4392; x_wconf 84' lang='grc' dir='ltr'>τὸ</span> <span class='ocrx_word' id='word_1_310' title='bbox 703 4338 1034 4415; x_wconf 76' lang='grc' dir='ltr'>Εὐαγγὲλιον</span> <span class='ocrx_word' id='word_1_311' title='bbox 1080 4342 1223 4414; x_wconf 81' lang='grc' dir='ltr'>πάσῃ</span> <span class='ocrx_word' id='word_1_312' title='bbox 1253 4344 1319 4413; x_wconf 80' lang='grc' dir='ltr'><strong>τῇ</strong></span> <span class='ocrx_word' id='word_1_313' title='bbox 1375 4339 1693 4414; x_wconf 75' lang='grc' dir='ltr'>οἷ’κουμὲνῃ,</span> <span class='ocrx_word' id='word_1_314' title='bbox 1728 4339 1817 4394; x_wconf 80' lang='grc' dir='ltr'><strong>αὗ·-</strong></span> 
     </span>
    </p>
   </div>
   <div class='ocr_carea' id='block_1_49' title="bbox 174 4422 1814 4504">
    <p class='ocr_par' dir='ltr' id='par_1_49' title="bbox 174 4422 1814 4504">
     <span class='ocr_line' id='line_1_51' title="bbox 174 4422 1814 4504; baseline 0.024 -27"><span class='ocrx_word' id='word_1_315' title='bbox 174 4422 252 4485; x_wconf 73' lang='grc' dir='ltr'><strong>τὸς</strong></span> <span class='ocrx_word' id='word_1_316' title='bbox 305 4429 414 4498; x_wconf 58' lang='grc' dir='ltr'>μεθ’</span> <span class='ocrx_word' id='word_1_317' title='bbox 477 4427 639 4483; x_wconf 76' lang='grc' dir='ltr'>ἱκανᾶ</span> <span class='ocrx_word' id='word_1_318' title='bbox 692 4424 783 4499; x_wconf 70' lang='grc' dir='ltr'>ἔτη</span> <span class='ocrx_word' id='word_1_319' title='bbox 834 4432 930 4482; x_wconf 75' lang='grc' dir='ltr'><strong>τοὖ</strong></span> <span class='ocrx_word' id='word_1_320' title='bbox 963 4428 1127 4483; x_wconf 65' lang='grc' dir='ltr'>αὐτοῦ</span> <span class='ocrx_word' id='word_1_321' title='bbox 1159 4429 1509 4504; x_wconf 68' lang='grc' dir='ltr'><strong>κηρύγματος</strong></span> <span class='ocrx_word' id='word_1_322' title='bbox 1536 4432 1634 4500; x_wconf 58' lang='grc' dir='ltr'><strong>τὴν</strong></span> <span class='ocrx_word' id='word_1_323' title='bbox 1673 4431 1814 4503; x_wconf 64' lang='grc' dir='ltr'><strong>ὑψη-</strong></span> 
     </span>
    </p>
   </div>
   <div class='ocr_carea' id='block_1_50' title="bbox 177 4509 1814 4591">
    <p class='ocr_par' dir='ltr' id='par_1_50' title="bbox 177 4509 1814 4591">
     <span class='ocr_line' id='line_1_52' title="bbox 177 4509 1814 4591; baseline 0.004 -26"><span class='ocrx_word' id='word_1_324' title='bbox 177 4509 392 4585; x_wconf 59' lang='grc' dir='ltr'>λοτάτην</span> <span class='ocrx_word' id='word_1_325' title='bbox 469 4518 756 4590; x_wconf 83' lang='grc' dir='ltr'>Ῥωμαίων</span> <span class='ocrx_word' id='word_1_326' title='bbox 837 4515 1226 4591; x_wconf 78' lang='grc' dir='ltr'>βασιλεύουσαν</span> <span class='ocrx_word' id='word_1_327' title='bbox 1299 4518 1520 4591; x_wconf 84' lang='grc' dir='ltr'>Ῥώμην</span> <span class='ocrx_word' id='word_1_328' title='bbox 1576 4517 1814 4572; x_wconf 86' lang='grc' dir='ltr'>καταλα-</span> 
     </span>
    </p>
   </div>
   <div class='ocr_carea' id='block_1_51' title="bbox 178 4595 1812 4682">
    <p class='ocr_par' dir='ltr' id='par_1_51' title="bbox 178 4595 1812 4682">
     <span class='ocr_line' id='line_1_53' title="bbox 178 4595 1812 4682; baseline 0.004 -27"><span class='ocrx_word' id='word_1_329' title='bbox 178 4595 291 4671; x_wconf 72' lang='grc' dir='ltr'>ϐὼν,</span> <span class='ocrx_word' id='word_1_330' title='bbox 338 4606 553 4662; x_wconf 82' lang='grc' dir='ltr'>κάκεῖσε</span> <span class='ocrx_word' id='word_1_331' title='bbox 581 4605 809 4682; x_wconf 75' lang='grc' dir='ltr'>κηρύξαι</span> <span class='ocrx_word' id='word_1_332' title='bbox 870 4605 1154 4682; x_wconf 74' lang='grc' dir='ltr'>οὐρανόθεν</span> <span class='ocrx_word' id='word_1_333' title='bbox 1189 4607 1561 4678; x_wconf 70' lang='grc' dir='ltr'>ἐνεπιστεύθη,</span> <span class='ocrx_word' id='word_1_334' title='bbox 1591 4605 1702 4675; x_wconf 66' lang='grc' dir='ltr'>ἵνα,</span> <span class='ocrx_word' id='word_1_335' title='bbox 1739 4605 1812 4670; x_wconf 82' lang='grc' dir='ltr'>ὡς</span> 
     </span>
    </p>
   </div>
   <div class='ocr_carea' id='block_1_52' title="bbox 177 4694 1814 4771">
    <p class='ocr_par' dir='ltr' id='par_1_52' title="bbox 177 4694 1814 4771">
     <span class='ocr_line' id='line_1_54' title="bbox 177 4694 1814 4771; baseline 0.004 -26"><span class='ocrx_word' id='word_1_336' title='bbox 177 4699 451 4770; x_wconf 63' lang='grc' dir='ltr'>κνιρυφαῖος</span> <span class='ocrx_word' id='word_1_337' title='bbox 506 4700 613 4751; x_wconf 80' lang='grc' dir='ltr'>τῶν</span> <span class='ocrx_word' id='word_1_338' title='bbox 670 4695 837 4770; x_wconf 82' lang='grc' dir='ltr'>ἁγίων</span> <span class='ocrx_word' id='word_1_339' title='bbox 896 4694 1218 4751; x_wconf 81' lang='grc' dir='ltr'>ἀποστόλων</span> <span class='ocrx_word' id='word_1_340' title='bbox 1281 4697 1333 4752; x_wconf 79' lang='grc' dir='ltr'>ἐν</span> <span class='ocrx_word' id='word_1_341' title='bbox 1389 4701 1458 4771; x_wconf 82' lang='grc' dir='ltr'><strong>τῇ</strong></span> <span class='ocrx_word' id='word_1_342' title='bbox 1518 4697 1659 4768; x_wconf 77' lang='grc' dir='ltr'>τάξει</span> <span class='ocrx_word' id='word_1_343' title='bbox 1712 4703 1814 4767; x_wconf 84' lang='grc' dir='ltr'><strong>τῆς</strong></span> 
     </span>
    </p>
   </div>
   <div class='ocr_carea' id='block_1_53' title="bbox 178 4776 1811 4861">
    <p class='ocr_par' dir='ltr' id='par_1_53' title="bbox 178 4776 1811 4861">
     <span class='ocr_line' id='line_1_55' title="bbox 178 4776 1811 4861; baseline 0.006 -31"><span class='ocrx_word' id='word_1_344' title='bbox 178 4776 469 4855; x_wconf 80' lang='grc' dir='ltr'>ἀποστολῆς</span> <span class='ocrx_word' id='word_1_345' title='bbox 527 4785 801 4861; x_wconf 88' lang='grc' dir='ltr'>γεγονὼς,</span> <span class='ocrx_word' id='word_1_346' title='bbox 861 4790 1081 4861; x_wconf 81' lang='grc' dir='ltr'>πρῶτος</span> <span class='ocrx_word' id='word_1_347' title='bbox 1137 4785 1190 4840; x_wconf 79' lang='grc' dir='ltr'>ἐν</span> <span class='ocrx_word' id='word_1_348' title='bbox 1246 4787 1433 4860; x_wconf 82' lang='grc' dir='ltr'><strong>Ῥώμῃ</strong></span> <span class='ocrx_word' id='word_1_349' title='bbox 1489 4787 1702 4860; x_wconf 84' lang='grc' dir='ltr'>γίνηται</span> <span class='ocrx_word' id='word_1_350' title='bbox 1760 4786 1811 4840; x_wconf 78' lang='grc' dir='ltr'>ἐν</span> 
     </span>
    </p>
   </div>
   <div class='ocr_carea' id='block_1_54' title="bbox 177 4872 1812 4950">
    <p class='ocr_par' dir='ltr' id='par_1_54' title="bbox 177 4872 1812 4950">
     <span class='ocr_line' id='line_1_56' title="bbox 177 4872 1812 4950; baseline -0.001 -20"><span class='ocrx_word' id='word_1_351' title='bbox 177 4873 280 4930; x_wconf 78' lang='grc' dir='ltr'><strong>τοῖς</strong></span> <span class='ocrx_word' id='word_1_352' title='bbox 336 4872 508 4947; x_wconf 77' lang='grc' dir='ltr'>ἀγῶσι</span> <span class='ocrx_word' id='word_1_353' title='bbox 562 4879 916 4950; x_wconf 81' lang='grc' dir='ltr'>συμμέτοχος</span> <span class='ocrx_word' id='word_1_354' title='bbox 973 4877 1082 4929; x_wconf 82' lang='grc' dir='ltr'><strong>τῶν</strong></span> <span class='ocrx_word' id='word_1_355' title='bbox 1136 4879 1232 4929; x_wconf 85' lang='grc' dir='ltr'><strong>τοῦ</strong></span> <span class='ocrx_word' id='word_1_356' title='bbox 1289 4877 1522 4950; x_wconf 81' lang='grc' dir='ltr'>Χριστοῦ</span> <span class='ocrx_word' id='word_1_357' title='bbox 1553 4875 1812 4948; x_wconf 78' lang='grc' dir='ltr'>παθημά-</span> 
     </span>
    </p>
   </div>
   <div class='ocr_carea' id='block_1_55' title="bbox 179 4959 1813 5043">
    <p class='ocr_par' dir='ltr' id='par_1_55' title="bbox 179 4959 1813 5043">
     <span class='ocr_line' id='line_1_57' title="bbox 179 4959 1813 5043; baseline 0.006 -33"><span class='ocrx_word' id='word_1_358' title='bbox 179 4973 291 5010; x_wconf 71' lang='grc' dir='ltr'>των*</span> <span class='ocrx_word' id='word_1_359' title='bbox 323 4962 409 5015; x_wconf 76' lang='grc' dir='ltr'><strong>καὶ</strong></span> <span class='ocrx_word' id='word_1_360' title='bbox 440 4959 542 5038; x_wconf 77' lang='grc' dir='ltr'><strong>γὰρ</strong></span> <span class='ocrx_word' id='word_1_361' title='bbox 573 4962 607 5034; x_wconf 80' lang='grc' dir='ltr'><strong>ἡ</strong></span> <span class='ocrx_word' id='word_1_362' title='bbox 644 4962 831 5035; x_wconf 74' lang='grc' dir='ltr'>πόλις,</span> <span class='ocrx_word' id='word_1_363' title='bbox 866 4963 940 5028; x_wconf 82' lang='grc' dir='ltr'>ὡς</span> <span class='ocrx_word' id='word_1_364' title='bbox 974 4964 1240 5038; x_wconf 73' lang='grc' dir='ltr'>μεγάλοις</span> <span class='ocrx_word' id='word_1_365' title='bbox 1268 4965 1605 5038; x_wconf 70' lang='grc' dir='ltr'>συνεχομένη</span> <span class='ocrx_word' id='word_1_366' title='bbox 1640 4963 1813 5043; x_wconf 61' lang='grc' dir='ltr'>σφάλ-</span> 
     </span>
    </p>
   </div>
   <div class='ocr_carea' id='block_1_56' title="bbox 184 5050 1814 5127">
    <p class='ocr_par' dir='ltr' id='par_1_56' title="bbox 184 5050 1814 5127">
     <span class='ocr_line' id='line_1_58' title="bbox 184 5050 1814 5127; baseline 0.004 -26"><span class='ocrx_word' id='word_1_367' title='bbox 184 5063 321 5117; x_wconf 72' lang='grc' dir='ltr'>μασι,</span> <span class='ocrx_word' id='word_1_368' title='bbox 381 5052 622 5123; x_wconf 83' lang='grc' dir='ltr'>μείζοσιν</span> <span class='ocrx_word' id='word_1_369' title='bbox 667 5050 873 5127; x_wconf 68' lang='grc' dir='ltr'>ἔχρῃζε</span> <span class='ocrx_word' id='word_1_370' title='bbox 901 5053 1127 5124; x_wconf 83' lang='grc' dir='ltr'>τρόποις</span> <span class='ocrx_word' id='word_1_371' title='bbox 1187 5050 1575 5126; x_wconf 77' lang='grc' dir='ltr'>διορθωθῆναι,</span> <span class='ocrx_word' id='word_1_372' title='bbox 1604 5052 1716 5124; x_wconf 62' lang='grc' dir='ltr'>ἵνα,</span> <span class='ocrx_word' id='word_1_373' title='bbox 1753 5052 1814 5108; x_wconf 78' lang='grc' dir='ltr'><strong>οῦ</strong></span> 
     </span>
    </p>
   </div>
   <div class='ocr_carea' id='block_1_57' title="bbox 180 5132 1815 5218">
    <p class='ocr_par' dir='ltr' id='par_1_57' title="bbox 180 5132 1815 5218">
     <span class='ocr_line' id='line_1_59' title="bbox 180 5132 1815 5218; baseline 0.026 -18"><span class='ocrx_word' id='word_1_374' title='bbox 180 5132 236 5200; x_wconf 69' lang='grc' dir='ltr'>ἦν</span> <span class='ocrx_word' id='word_1_375' title='bbox 289 5139 321 5206; x_wconf 71' lang='grc' dir='ltr'>ἡ</span> <span class='ocrx_word' id='word_1_376' title='bbox 374 5136 552 5212; x_wconf 81' lang='grc' dir='ltr'>πλάνη</span> <span class='ocrx_word' id='word_1_377' title='bbox 613 5141 914 5217; x_wconf 66' lang='grc' dir='ltr'>βαρυτάτην</span> <span class='ocrx_word' id='word_1_378' title='bbox 975 5141 1090 5196; x_wconf 74' lang='grc' dir='ltr'>ἐκεῖ</span> <span class='ocrx_word' id='word_1_379' title='bbox 1131 5143 1351 5218; x_wconf 70' lang='grc' dir='ltr'>γένηται</span> <span class='ocrx_word' id='word_1_380' title='bbox 1409 5142 1498 5196; x_wconf 56' lang='grc' dir='ltr'>καὶ</span> <span class='ocrx_word' id='word_1_381' title='bbox 1555 5144 1588 5212; x_wconf 68' lang='grc' dir='ltr'>ἡ</span> <span class='ocrx_word' id='word_1_382' title='bbox 1651 5144 1815 5218; x_wconf 62' lang='grc' dir='ltr'>χάρις</span> 
     </span>
    </p>
   </div>
   <div class='ocr_carea' id='block_1_58' title="bbox 186 5224 1812 5306">
    <p class='ocr_par' dir='ltr' id='par_1_58' title="bbox 186 5224 1812 5306">
     <span class='ocr_line' id='line_1_60' title="bbox 186 5224 1812 5306; baseline 0.005 -27"><span class='ocrx_word' id='word_1_383' title='bbox 186 5224 400 5299; x_wconf 77' lang='grc' dir='ltr'>μεγάλη.</span> <span class='ocrx_word' id='word_1_384' title='bbox 459 5231 608 5300; x_wconf 77' lang='grc' dir='ltr'>Εἶτα,</span> <span class='ocrx_word' id='word_1_385' title='bbox 641 5231 823 5295; x_wconf 82' lang='grc' dir='ltr'>καθὼς</span> <span class='ocrx_word' id='word_1_386' title='bbox 882 5227 1117 5306; x_wconf 72' lang='grc' dir='ltr'>εἶ’ρηται,</span> <span class='ocrx_word' id='word_1_387' title='bbox 1155 5231 1182 5286; x_wconf 87' lang='grc' dir='ltr'>ὁ</span> <span class='ocrx_word' id='word_1_388' title='bbox 1211 5230 1463 5306; x_wconf 74' lang='grc' dir='ltr'>τύραννος</span> <span class='ocrx_word' id='word_1_389' title='bbox 1492 5232 1581 5286; x_wconf 76' lang='grc' dir='ltr'><strong>καὶ</strong></span> <span class='ocrx_word' id='word_1_390' title='bbox 1615 5227 1812 5302; x_wconf 75' lang='grc' dir='ltr'>ἀσεϐὴς</span> 
     </span>
    </p>
   </div>
   <div class='ocr_carea' id='block_1_59' title="bbox 1926 3982 3578 4059">
    <p class='ocr_par' dir='ltr' id='par_1_59' title="bbox 1926 3982 3578 4059">
     <span class='ocr_line' id='line_1_61' title="bbox 1926 3982 3578 4059; baseline 0.001 -18"><span class='ocrx_word' id='word_1_391' title='bbox 1926 3990 2062 4059; x_wconf 89' lang='lat' dir='ltr'><strong>ptus</strong></span> <span class='ocrx_word' id='word_1_392' title='bbox 2091 3989 2248 4041; x_wconf 87' lang='lat' dir='ltr'><strong>esset</strong></span> <span class='ocrx_word' id='word_1_393' title='bbox 2275 3987 2425 4040; x_wconf 88' lang='lat' dir='ltr'><strong>Nero</strong></span> <span class='ocrx_word' id='word_1_394' title='bbox 2446 3985 2660 4050; x_wconf 69' lang='lat' dir='ltr'><strong>Caesar,</strong></span> <span class='ocrx_word' id='word_1_395' title='bbox 2684 3983 2931 4054; x_wconf 81' lang='lat' dir='ltr'><strong>quintus</strong></span> <span class='ocrx_word' id='word_1_396' title='bbox 2958 3982 3029 4038; x_wconf 86' lang='lat' dir='ltr'><strong>ad</strong></span> <span class='ocrx_word' id='word_1_397' title='bbox 3052 3984 3340 4054; x_wconf 85' lang='lat' dir='ltr'><strong>Augusto,</strong></span> <span class='ocrx_word' id='word_1_398' title='bbox 3368 3984 3578 4042; x_wconf 88' lang='lat' dir='ltr'><strong>beatus</strong></span> 
     </span>
    </p>
   </div>
   <div class='ocr_carea' id='block_1_60' title="bbox 1925 4072 3580 4144">
    <p class='ocr_par' dir='ltr' id='par_1_60' title="bbox 1925 4072 3580 4144">
     <span class='ocr_line' id='line_1_62' title="bbox 1925 4072 3580 4144; baseline -0.001 -12"><span class='ocrx_word' id='word_1_399' title='bbox 1925 4075 2074 4133; x_wconf 73' lang='lat'><strong>895</strong></span> <span class='ocrx_word' id='word_1_400' title='bbox 2127 4079 2338 4130; x_wconf 88' lang='lat' dir='ltr'><strong>Petrus</strong></span> <span class='ocrx_word' id='word_1_401' title='bbox 2388 4072 2694 4144; x_wconf 85' lang='lat' dir='ltr'><strong>apostolus</strong></span> <span class='ocrx_word' id='word_1_402' title='bbox 2725 4089 2858 4128; x_wconf 90' lang='lat' dir='ltr'><strong>cum</strong></span> <span class='ocrx_word' id='word_1_403' title='bbox 2913 4072 3044 4127; x_wconf 87' lang='lat' dir='ltr'><strong>aliis</strong></span> <span class='ocrx_word' id='word_1_404' title='bbox 3075 4072 3248 4128; x_wconf 82' lang='lat' dir='ltr'><strong>etiam</strong></span> <span class='ocrx_word' id='word_1_405' title='bbox 3296 4074 3580 4144; x_wconf 87' lang='lat' dir='ltr'><strong>apostolis</strong></span> 
     </span>
    </p>
   </div>
   <div class='ocr_carea' id='block_1_61' title="bbox 1925 4160 3577 4234">
    <p class='ocr_par' dir='ltr' id='par_1_61' title="bbox 1925 4160 3577 4234">
     <span class='ocr_line' id='line_1_63' title="bbox 1925 4160 3577 4234; baseline 0 -14"><span class='ocrx_word' id='word_1_406' title='bbox 1925 4167 2169 4230; x_wconf 89' lang='lat' dir='ltr'><strong>missus,</strong></span> <span class='ocrx_word' id='word_1_407' title='bbox 2203 4163 2302 4234; x_wconf 94' lang='lat' dir='ltr'><strong>qui</strong></span> <span class='ocrx_word' id='word_1_408' title='bbox 2346 4161 2720 4233; x_wconf 83' lang='lat' dir='ltr'><strong>Evangelium</strong></span> <span class='ocrx_word' id='word_1_409' title='bbox 2751 4161 3024 4216; x_wconf 89' lang='lat' dir='ltr'><strong>universo</strong></span> <span class='ocrx_word' id='word_1_410' title='bbox 3057 4160 3183 4216; x_wconf 91' lang='lat' dir='ltr'><strong>orbi</strong></span> <span class='ocrx_word' id='word_1_411' title='bbox 3213 4161 3577 4232; x_wconf 69' lang='lat' dir='ltr'><strong>prmdicaret.</strong></span> 
     </span>
    </p>
   </div>
   <div class='ocr_carea' id='block_1_62' title="bbox 1925 4249 3580 4325">
    <p class='ocr_par' dir='ltr' id='par_1_62' title="bbox 1925 4249 3580 4325">
     <span class='ocr_line' id='line_1_64' title="bbox 1925 4249 3580 4325; baseline -0.001 -15"><span class='ocrx_word' id='word_1_412' title='bbox 1925 4255 1979 4310; x_wconf 88' lang='lat' dir='ltr'><strong>Is</strong></span> <span class='ocrx_word' id='word_1_413' title='bbox 2012 4257 2144 4325; x_wconf 87' lang='lat' dir='ltr'><strong>post</strong></span> <span class='ocrx_word' id='word_1_414' title='bbox 2194 4250 2414 4307; x_wconf 90' lang='lat' dir='ltr'><strong>multos</strong></span> <span class='ocrx_word' id='word_1_415' title='bbox 2443 4267 2629 4306; x_wconf 89' lang='lat' dir='ltr'><strong>annos</strong></span> <span class='ocrx_word' id='word_1_416' title='bbox 2671 4249 3106 4322; x_wconf 70' lang='lat' dir='ltr'><strong>praedicationis</strong></span> <span class='ocrx_word' id='word_1_417' title='bbox 3150 4266 3272 4306; x_wconf 86' lang='lat' dir='ltr'><strong>suae</strong></span> <span class='ocrx_word' id='word_1_418' title='bbox 3303 4267 3580 4320; x_wconf 85' lang='lat' dir='ltr'><strong>suprema</strong></span> 
     </span>
    </p>
   </div>
   <div class='ocr_carea' id='block_1_63' title="bbox 1924 4339 3580 4412">
    <p class='ocr_par' dir='ltr' id='par_1_63' title="bbox 1924 4339 3580 4412">
     <span class='ocr_line' id='line_1_65' title="bbox 1924 4339 3580 4412; baseline -0.001 -14"><span class='ocrx_word' id='word_1_419' title='bbox 1924 4344 2069 4398; x_wconf 90' lang='lat' dir='ltr'><strong>urbe</strong></span> <span class='ocrx_word' id='word_1_420' title='bbox 2101 4343 2285 4398; x_wconf 82' lang='lat' dir='ltr'><strong>Roma</strong></span> <span class='ocrx_word' id='word_1_421' title='bbox 2316 4344 2604 4412; x_wconf 89' lang='lat' dir='ltr'><strong>occupata</strong></span> <span class='ocrx_word' id='word_1_422' title='bbox 2632 4344 2690 4395; x_wconf 90' lang='lat' dir='ltr'><strong>et</strong></span> <span class='ocrx_word' id='word_1_423' title='bbox 2720 4339 2965 4405; x_wconf 89' lang='lat' dir='ltr'><strong>delecta,</strong></span> <span class='ocrx_word' id='word_1_424' title='bbox 2997 4339 3078 4394; x_wconf 89' lang='lat' dir='ltr'><strong>ibi</strong></span> <span class='ocrx_word' id='word_1_425' title='bbox 3111 4339 3396 4394; x_wconf 91' lang='lat' dir='ltr'><strong>divinitus</strong></span> <span class='ocrx_word' id='word_1_426' title='bbox 3427 4357 3580 4412; x_wconf 72' lang='lat' dir='ltr'><strong>prte-</strong></span> 
     </span>
    </p>
   </div>
   <div class='ocr_carea' id='block_1_64' title="bbox 1925 4427 3578 4502">
    <p class='ocr_par' dir='ltr' id='par_1_64' title="bbox 1925 4427 3578 4502">
     <span class='ocr_line' id='line_1_66' title="bbox 1925 4427 3578 4502; baseline -0.001 -15"><span class='ocrx_word' id='word_1_427' title='bbox 1925 4432 2157 4487; x_wconf 84' lang='lat' dir='ltr'><strong>dicandi</strong></span> <span class='ocrx_word' id='word_1_428' title='bbox 2182 4445 2401 4486; x_wconf 89' lang='lat' dir='ltr'><strong>munus</strong></span> <span class='ocrx_word' id='word_1_429' title='bbox 2429 4429 2674 4501; x_wconf 87' lang='lat' dir='ltr'><strong>accepit,</strong></span> <span class='ocrx_word' id='word_1_430' title='bbox 2702 4434 2769 4484; x_wconf 89' lang='lat' dir='ltr'><strong>ut</strong></span> <span class='ocrx_word' id='word_1_431' title='bbox 2799 4427 2970 4500; x_wconf 88' lang='lat' dir='ltr'><strong>quasi</strong></span> <span class='ocrx_word' id='word_1_432' title='bbox 2990 4432 3187 4484; x_wconf 82' lang='lat' dir='ltr'><strong>vertex</strong></span> <span class='ocrx_word' id='word_1_433' title='bbox 3216 4435 3273 4483; x_wconf 89' lang='lat' dir='ltr'><strong>et</strong></span> <span class='ocrx_word' id='word_1_434' title='bbox 3303 4429 3578 4502; x_wconf 88' lang='lat' dir='ltr'><strong>princeps</strong></span> 
     </span>
    </p>
   </div>
   <div class='ocr_carea' id='block_1_65' title="bbox 1924 4518 3576 4591">
    <p class='ocr_par' dir='ltr' id='par_1_65' title="bbox 1924 4518 3576 4591">
     <span class='ocr_line' id='line_1_67' title="bbox 1924 4518 3576 4591; baseline -0.001 -15"><span class='ocrx_word' id='word_1_435' title='bbox 1924 4522 2260 4576; x_wconf 88' lang='lat' dir='ltr'><strong>sanctorum</strong></span> <span class='ocrx_word' id='word_1_436' title='bbox 2277 4519 2675 4591; x_wconf 85' lang='lat' dir='ltr'><strong>apostolorum</strong></span> <span class='ocrx_word' id='word_1_437' title='bbox 2691 4518 2750 4574; x_wconf 91' lang='lat' dir='ltr'><strong>in</strong></span> <span class='ocrx_word' id='word_1_438' title='bbox 2766 4518 2969 4574; x_wconf 89' lang='lat' dir='ltr'><strong>ordine</strong></span> <span class='ocrx_word' id='word_1_439' title='bbox 2992 4518 3256 4574; x_wconf 89' lang='lat' dir='ltr'><strong>muneris</strong></span> <span class='ocrx_word' id='word_1_440' title='bbox 3269 4519 3576 4590; x_wconf 88' lang='lat' dir='ltr'><strong>apostolici</strong></span> 
     </span>
    </p>
   </div>
   <div class='ocr_carea' id='block_1_66' title="bbox 1927 4609 3577 4683">
    <p class='ocr_par' dir='ltr' id='par_1_66' title="bbox 1927 4609 3577 4683">
     <span class='ocr_line' id='line_1_68' title="bbox 1927 4609 3577 4683; baseline -0.001 -17"><span class='ocrx_word' id='word_1_441' title='bbox 1927 4613 2134 4681; x_wconf 84' lang='lat' dir='ltr'><strong>factus,</strong></span> <span class='ocrx_word' id='word_1_442' title='bbox 2168 4609 2399 4683; x_wconf 88' lang='lat' dir='ltr'><strong>primus</strong></span> <span class='ocrx_word' id='word_1_443' title='bbox 2431 4610 2626 4666; x_wconf 65' lang='lat' dir='ltr'><strong>Romae</strong></span> <span class='ocrx_word' id='word_1_444' title='bbox 2651 4609 2710 4665; x_wconf 91' lang='lat' dir='ltr'><strong>in</strong></span> <span class='ocrx_word' id='word_1_445' title='bbox 2743 4609 3165 4666; x_wconf 88' lang='lat' dir='ltr'><strong>certaminibus</strong></span> <span class='ocrx_word' id='word_1_446' title='bbox 3213 4626 3416 4666; x_wconf 88' lang='lat' dir='ltr'><strong>eorum</strong></span> <span class='ocrx_word' id='word_1_447' title='bbox 3448 4627 3577 4682; x_wconf 61' lang='lat' dir='ltr'><strong>qua</strong></span> 
     </span>
    </p>
   </div>
   <div class='ocr_carea' id='block_1_67' title="bbox 1925 4699 3579 4772">
    <p class='ocr_par' dir='ltr' id='par_1_67' title="bbox 1925 4699 3579 4772">
     <span class='ocr_line' id='line_1_69' title="bbox 1925 4699 3579 4772; baseline -0.001 -15"><span class='ocrx_word' id='word_1_448' title='bbox 1925 4700 2196 4757; x_wconf 84' lang='lat' dir='ltr'><strong>Christus</strong></span> <span class='ocrx_word' id='word_1_449' title='bbox 2272 4714 2594 4772; x_wconf 87' lang='lat' dir='ltr'><strong>perpessus</strong></span> <span class='ocrx_word' id='word_1_450' title='bbox 2665 4703 2809 4769; x_wconf 87' lang='lat' dir='ltr'><strong>erat,</strong></span> <span class='ocrx_word' id='word_1_451' title='bbox 2888 4699 3085 4754; x_wconf 87' lang='lat' dir='ltr'><strong>socius</strong></span> <span class='ocrx_word' id='word_1_452' title='bbox 3143 4715 3209 4754; x_wconf 90' lang='lat' dir='ltr'><strong>ac</strong></span> <span class='ocrx_word' id='word_1_453' title='bbox 3285 4700 3579 4772; x_wconf 87' lang='lat' dir='ltr'><strong>particeps</strong></span> 
     </span>
    </p>
   </div>
   <div class='ocr_carea' id='block_1_68' title="bbox 1925 4788 3580 4860">
    <p class='ocr_par' dir='ltr' id='par_1_68' title="bbox 1925 4788 3580 4860">
     <span class='ocr_line' id='line_1_70' title="bbox 1925 4788 3580 4860; baseline -0.002 -13"><span class='ocrx_word' id='word_1_454' title='bbox 1925 4792 2111 4847; x_wconf 83' lang='lat' dir='ltr'><strong>ﬁeret.</strong></span> <span class='ocrx_word' id='word_1_455' title='bbox 2154 4789 2304 4846; x_wconf 88' lang='lat' dir='ltr'><strong>Urbs</strong></span> <span class='ocrx_word' id='word_1_456' title='bbox 2335 4789 2491 4844; x_wconf 90' lang='lat' dir='ltr'><strong>enim</strong></span> <span class='ocrx_word' id='word_1_457' title='bbox 2533 4788 2656 4855; x_wconf 87' lang='lat' dir='ltr'><strong>illa,</strong></span> <span class='ocrx_word' id='word_1_458' title='bbox 2708 4789 3208 4860; x_wconf 88' lang='lat' dir='ltr'><strong>quemadmodum</strong></span> <span class='ocrx_word' id='word_1_459' title='bbox 3241 4788 3300 4843; x_wconf 91' lang='lat' dir='ltr'><strong>in</strong></span> <span class='ocrx_word' id='word_1_460' title='bbox 3348 4789 3580 4860; x_wconf 87' lang='lat' dir='ltr'><strong>magnis</strong></span> 
     </span>
    </p>
   </div>
   <div class='ocr_carea' id='block_1_69' title="bbox 1925 4877 3579 4949">
    <p class='ocr_par' dir='ltr' id='par_1_69' title="bbox 1925 4877 3579 4949">
     <span class='ocr_line' id='line_1_71' title="bbox 1925 4877 3579 4949; baseline -0.002 -12"><span class='ocrx_word' id='word_1_461' title='bbox 1925 4880 2222 4937; x_wconf 87' lang='lat' dir='ltr'><strong>erroribus</strong></span> <span class='ocrx_word' id='word_1_462' title='bbox 2253 4878 2623 4946; x_wconf 86' lang='lat' dir='ltr'><strong>versabatur,</strong></span> <span class='ocrx_word' id='word_1_463' title='bbox 2656 4879 2740 4933; x_wconf 89' lang='lat' dir='ltr'><strong>sic</strong></span> <span class='ocrx_word' id='word_1_464' title='bbox 2771 4877 3095 4947; x_wconf 87' lang='lat' dir='ltr'><strong>majoribus</strong></span> <span class='ocrx_word' id='word_1_465' title='bbox 3128 4878 3403 4933; x_wconf 86' lang='lat' dir='ltr'><strong>remediis</strong></span> <span class='ocrx_word' id='word_1_466' title='bbox 3442 4894 3579 4949; x_wconf 91' lang='lat' dir='ltr'><strong>ege-</strong></span> 
     </span>
    </p>
   </div>
   <div class='ocr_carea' id='block_1_70' title="bbox 1926 4965 3579 5040">
    <p class='ocr_par' dir='ltr' id='par_1_70' title="bbox 1926 4965 3579 5040">
     <span class='ocr_line' id='line_1_72' title="bbox 1926 4965 3579 5040; baseline -0.002 -16"><span class='ocrx_word' id='word_1_467' title='bbox 1926 4970 2027 5024; x_wconf 87' lang='lat' dir='ltr'><strong>bat</strong></span> <span class='ocrx_word' id='word_1_468' title='bbox 2057 4973 2121 5025; x_wconf 90' lang='lat' dir='ltr'><strong>ut</strong></span> <span class='ocrx_word' id='word_1_469' title='bbox 2145 4967 2571 5040; x_wconf 88' lang='lat' dir='ltr'><strong>corrigeretur;</strong></span> <span class='ocrx_word' id='word_1_470' title='bbox 2605 4970 2669 5022; x_wconf 88' lang='lat' dir='ltr'><strong>ut</strong></span> <span class='ocrx_word' id='word_1_471' title='bbox 2700 4966 2799 5022; x_wconf 90' lang='lat' dir='ltr'><strong>ubi</strong></span> <span class='ocrx_word' id='word_1_472' title='bbox 2830 4965 3213 5038; x_wconf 85' lang='lat' dir='ltr'><strong>gravissimus</strong></span> <span class='ocrx_word' id='word_1_473' title='bbox 3243 4969 3368 5021; x_wconf 86' lang='lat' dir='ltr'><strong>erat</strong></span> <span class='ocrx_word' id='word_1_474' title='bbox 3397 4982 3579 5036; x_wconf 89' lang='lat' dir='ltr'><strong>error,</strong></span> 
     </span>
    </p>
   </div>
   <div class='ocr_carea' id='block_1_71' title="bbox 1925 5053 3580 5128">
    <p class='ocr_par' dir='ltr' id='par_1_71' title="bbox 1925 5053 3580 5128">
     <span class='ocr_line' id='line_1_73' title="bbox 1925 5053 3580 5128; baseline -0.002 -14"><span class='ocrx_word' id='word_1_475' title='bbox 1925 5058 2005 5114; x_wconf 92' lang='lat' dir='ltr'><strong>ibi</strong></span> <span class='ocrx_word' id='word_1_476' title='bbox 2037 5059 2215 5114; x_wconf 87' lang='lat' dir='ltr'><strong>etiam</strong></span> <span class='ocrx_word' id='word_1_477' title='bbox 2250 5056 2505 5113; x_wconf 82' lang='lat' dir='ltr'><strong>maxima</strong></span> <span class='ocrx_word' id='word_1_478' title='bbox 2526 5055 2717 5128; x_wconf 88' lang='lat' dir='ltr'><strong>gratia</strong></span> <span class='ocrx_word' id='word_1_479' title='bbox 2747 5055 3092 5111; x_wconf 85' lang='lat' dir='ltr'><strong>abundaret.</strong></span> <span class='ocrx_word' id='word_1_480' title='bbox 3122 5053 3344 5110; x_wconf 90' lang='lat' dir='ltr'><strong>Deinde</strong></span> <span class='ocrx_word' id='word_1_481' title='bbox 3373 5071 3580 5126; x_wconf 89' lang='lat' dir='ltr'><strong>quem-</strong></span> 
     </span>
    </p>
   </div>
   <div class='ocr_carea' id='block_1_72' title="bbox 1927 5142 3582 5217">
    <p class='ocr_par' dir='ltr' id='par_1_72' title="bbox 1927 5142 3582 5217">
     <span class='ocr_line' id='line_1_74' title="bbox 1927 5142 3582 5217; baseline -0.003 -13"><span class='ocrx_word' id='word_1_482' title='bbox 1927 5149 2246 5204; x_wconf 88' lang='lat' dir='ltr'><strong>admodum</strong></span> <span class='ocrx_word' id='word_1_483' title='bbox 2270 5147 2492 5202; x_wconf 89' lang='lat' dir='ltr'><strong>dictum</strong></span> <span class='ocrx_word' id='word_1_484' title='bbox 2509 5147 2620 5210; x_wconf 87' lang='lat' dir='ltr'><strong>est,</strong></span> <span class='ocrx_word' id='word_1_485' title='bbox 2644 5149 2932 5217; x_wconf 79' lang='lat' dir='ltr'><strong>tyrannus</strong></span> <span class='ocrx_word' id='word_1_486' title='bbox 2962 5148 3018 5199; x_wconf 91' lang='lat' dir='ltr'><strong>et</strong></span> <span class='ocrx_word' id='word_1_487' title='bbox 3039 5142 3262 5215; x_wconf 89' lang='lat' dir='ltr'><strong>impius</strong></span> <span class='ocrx_word' id='word_1_488' title='bbox 3285 5144 3456 5212; x_wconf 80' lang='lat' dir='ltr'><strong>Nero,</strong></span> <span class='ocrx_word' id='word_1_489' title='bbox 3481 5145 3582 5215; x_wconf 90' lang='lat' dir='ltr'><strong>qui</strong></span> 
     </span>
    </p>
   </div>
   <div class='ocr_carea' id='block_1_73' title="bbox 1930 5234 3586 5308">
    <p class='ocr_par' dir='ltr' id='par_1_73' title="bbox 1930 5234 3586 5308">
     <span class='ocr_line' id='line_1_75' title="bbox 1930 5234 3586 5308; baseline -0.002 -14"><span class='ocrx_word' id='word_1_490' title='bbox 1930 5254 1990 5294; x_wconf 89' lang='lat' dir='ltr'><strong>se</strong></span> <span class='ocrx_word' id='word_1_491' title='bbox 2009 5237 2306 5308; x_wconf 86' lang='lat' dir='ltr'><strong>tyrannidi</strong></span> <span class='ocrx_word' id='word_1_492' title='bbox 2332 5253 2450 5292; x_wconf 70' lang='lat' dir='ltr'><strong>suae</strong></span> <span class='ocrx_word' id='word_1_493' title='bbox 2478 5239 2694 5291; x_wconf 89' lang='lat' dir='ltr'><strong>terram</strong></span> <span class='ocrx_word' id='word_1_494' title='bbox 2717 5239 2773 5290; x_wconf 90' lang='lat' dir='ltr'><strong>et</strong></span> <span class='ocrx_word' id='word_1_495' title='bbox 2797 5249 2956 5290; x_wconf 88' lang='lat' dir='ltr'><strong>mare</strong></span> <span class='ocrx_word' id='word_1_496' title='bbox 2979 5234 3366 5289; x_wconf 88' lang='lat' dir='ltr'><strong>subacturum</strong></span> <span class='ocrx_word' id='word_1_497' title='bbox 3385 5250 3586 5307; x_wconf 86' lang='lat' dir='ltr'><strong>spera-</strong></span> 
     </span>
    </p>
   </div>
   <div class='ocr_carea' id='block_1_74' title="bbox 181 5305 1837 5394">
    <p class='ocr_par' dir='ltr' id='par_1_74' title="bbox 181 5310 1815 5394">
     <span class='ocr_line' id='line_1_76' title="bbox 181 5310 1815 5394; baseline 0.007 -29"><span class='ocrx_word' id='word_1_498' title='bbox 181 5310 351 5387; x_wconf 76' lang='grc' dir='ltr'>Νὲρων</span> <span class='ocrx_word' id='word_1_499' title='bbox 398 5318 494 5386; x_wconf 78' lang='grc' dir='ltr'>τὴν</span> <span class='ocrx_word' id='word_1_500' title='bbox 541 5327 642 5394; x_wconf 80' lang='grc' dir='ltr'><strong>γῆν</strong></span> <span class='ocrx_word' id='word_1_501' title='bbox 693 5318 782 5375; x_wconf 79' lang='grc' dir='ltr'><strong>καὶ</strong></span> <span class='ocrx_word' id='word_1_502' title='bbox 811 5321 909 5390; x_wconf 79' lang='grc' dir='ltr'>τὴν</span> <span class='ocrx_word' id='word_1_503' title='bbox 944 5319 1210 5376; x_wconf 80' lang='grc' dir='ltr'>Θάλασσον</span> <span class='ocrx_word' id='word_1_504' title='bbox 1272 5320 1524 5394; x_wconf 78' lang='grc' dir='ltr'>οἰόμενος</span> <span class='ocrx_word' id='word_1_505' title='bbox 1572 5323 1815 5377; x_wconf 81' lang='grc' dir='ltr'>καθυπο-</span> 
     </span>
    </p>
   </div>
   <div class='ocr_carea' id='block_1_75' title="bbox 1924 5305 3584 5394">
    <p class='ocr_par' dir='ltr' id='par_1_75' title="bbox 1931 5305 3584 5394">
     <span class='ocr_line' id='line_1_77' title="bbox 1931 5305 3584 5394; baseline -0.003 -11"><span class='ocrx_word' id='word_1_506' title='bbox 1931 5305 2048 5394; x_wconf 62' lang='lat' dir='ltr'><strong>ret,</strong></span> <span class='ocrx_word' id='word_1_507' title='bbox 2101 5326 2298 5383; x_wconf 83' lang='lat' dir='ltr'><strong>furore</strong></span> <span class='ocrx_word' id='word_1_508' title='bbox 2353 5323 2722 5382; x_wconf 87' lang='lat' dir='ltr'><strong>crudelitatis</strong></span> <span class='ocrx_word' id='word_1_509' title='bbox 2782 5339 2921 5393; x_wconf 79' lang='lat' dir='ltr'><strong>suae,</strong></span> <span class='ocrx_word' id='word_1_510' title='bbox 2985 5322 3157 5393; x_wconf 90' lang='lat' dir='ltr'><strong>vique</strong></span> <span class='ocrx_word' id='word_1_511' title='bbox 3194 5305 3465 5378; x_wconf 58' lang='lat' dir='ltr'><strong>amentiis</strong></span> <span class='ocrx_word' id='word_1_512' title='bbox 3524 5322 3584 5378; x_wconf 90' lang='lat' dir='ltr'><strong>in</strong></span> 
     </span>
    </p>
   </div>
   <div class='ocr_carea' id='block_1_76' title="bbox 183 5401 1812 5486">
    <p class='ocr_par' dir='ltr' id='par_1_76' title="bbox 183 5401 1812 5486">
     <span class='ocr_line' id='line_1_78' title="bbox 183 5401 1812 5486; baseline 0.004 -27"><span class='ocrx_word' id='word_1_513' title='bbox 183 5401 316 5486; x_wconf 56' lang='grc' dir='ltr'>τάξαι</span> <span class='ocrx_word' id='word_1_514' title='bbox 340 5408 404 5472; x_wconf 81' lang='grc' dir='ltr'>τῆ</span> <span class='ocrx_word' id='word_1_515' title='bbox 436 5407 626 5464; x_wconf 72' lang='grc' dir='ltr'>ἑαυτοῦ</span> <span class='ocrx_word' id='word_1_516' title='bbox 654 5406 950 5486; x_wconf 86' lang='grc' dir='ltr'>τυραννίδι,</span> <span class='ocrx_word' id='word_1_517' title='bbox 980 5411 1114 5485; x_wconf 79' lang='grc' dir='ltr'>ὀργῇ</span> <span class='ocrx_word' id='word_1_518' title='bbox 1165 5409 1426 5477; x_wconf 83' lang='grc' dir='ltr'>ἀπηνείας</span> <span class='ocrx_word' id='word_1_519' title='bbox 1473 5412 1665 5466; x_wconf 75' lang='grc' dir='ltr'>ἑαυτοῦ</span> <span class='ocrx_word' id='word_1_520' title='bbox 1722 5411 1812 5467; x_wconf 77' lang='grc' dir='ltr'><strong>καὶ</strong></span> 
     </span>
    </p>
   </div>
   <div class='ocr_carea' id='block_1_77' title="bbox 185 5485 1813 5571">
    <p class='ocr_par' dir='ltr' id='par_1_77' title="bbox 185 5485 1813 5571">
     <span class='ocr_line' id='line_1_79' title="bbox 185 5485 1813 5571; baseline 0.003 -22"><span class='ocrx_word' id='word_1_521' title='bbox 185 5485 456 5564; x_wconf 70' lang='grc' dir='ltr'>ῗταμότητι</span> <span class='ocrx_word' id='word_1_522' title='bbox 517 5500 704 5571; x_wconf 83' lang='grc' dir='ltr'>μανίας</span> <span class='ocrx_word' id='word_1_523' title='bbox 761 5498 1054 5570; x_wconf 70' lang='grc' dir='ltr'>λυσσήσας,</span> <span class='ocrx_word' id='word_1_524' title='bbox 1111 5499 1246 5554; x_wconf 86' lang='grc' dir='ltr'><strong>κατά</strong></span> <span class='ocrx_word' id='word_1_525' title='bbox 1292 5503 1400 5554; x_wconf 79' lang='grc' dir='ltr'><strong>τῶν</strong></span> <span class='ocrx_word' id='word_1_526' title='bbox 1457 5497 1668 5556; x_wconf 73' lang='grc' dir='ltr'>δούλων</span> <span class='ocrx_word' id='word_1_527' title='bbox 1716 5504 1813 5556; x_wconf 86' lang='grc' dir='ltr'><strong>τοῦ</strong></span> 
     </span>
    </p>
   </div>
   <div class='ocr_carea' id='block_1_78' title="bbox 189 5577 1810 5666">
    <p class='ocr_par' dir='ltr' id='par_1_78' title="bbox 189 5577 1810 5666">
     <span class='ocr_line' id='line_1_80' title="bbox 189 5577 1810 5666; baseline 0.007 -32"><span class='ocrx_word' id='word_1_528' title='bbox 189 5577 409 5652; x_wconf 78' lang='grc' dir='ltr'>Χριστοῦ</span> <span class='ocrx_word' id='word_1_529' title='bbox 466 5585 690 5666; x_wconf 64' lang='grc' dir='ltr'>ἐξήφθη,</span> <span class='ocrx_word' id='word_1_530' title='bbox 747 5587 836 5643; x_wconf 82' lang='grc' dir='ltr'><strong>καὶ</strong></span> <span class='ocrx_word' id='word_1_531' title='bbox 896 5587 946 5643; x_wconf 80' lang='grc' dir='ltr'>ἐν</span> <span class='ocrx_word' id='word_1_532' title='bbox 979 5593 1060 5662; x_wconf 76' lang='grc' dir='ltr'>τῷ</span> <span class='ocrx_word' id='word_1_533' title='bbox 1111 5587 1675 5664; x_wconf 76' lang='grc' dir='ltr'>τεσσαρεσκαιδεκάτῳ</span> <span class='ocrx_word' id='word_1_534' title='bbox 1708 5589 1810 5646; x_wconf 80' lang='grc' dir='ltr'>ἔτει</span> 
     </span>
    </p>
   </div>
   <div class='ocr_carea' id='block_1_79' title="bbox 188 5669 1813 5754">
    <p class='ocr_par' dir='ltr' id='par_1_79' title="bbox 188 5669 1813 5754">
     <span class='ocr_line' id='line_1_81' title="bbox 188 5669 1813 5754; baseline 0.004 -25"><span class='ocrx_word' id='word_1_535' title='bbox 188 5672 276 5735; x_wconf 71' lang='grc' dir='ltr'><strong>τῆς</strong></span> <span class='ocrx_word' id='word_1_536' title='bbox 305 5669 462 5728; x_wconf 73' lang='grc' dir='ltr'>αὐτοῦ</span> <span class='ocrx_word' id='word_1_537' title='bbox 506 5681 821 5751; x_wconf 77' lang='grc' dir='ltr'>τυραννικῆς</span> <span class='ocrx_word' id='word_1_538' title='bbox 870 5676 1297 5754; x_wconf 79' lang='grc' dir='ltr'>αὐτοκρατορίας</span> <span class='ocrx_word' id='word_1_539' title='bbox 1322 5679 1450 5741; x_wconf 82' lang='grc' dir='ltr'>τοὺς</span> <span class='ocrx_word' id='word_1_540' title='bbox 1513 5679 1813 5754; x_wconf 85' lang='grc' dir='ltr'>μακαρίους</span> 
     </span>
    </p>
   </div>
   <div class='ocr_carea' id='block_1_80' title="bbox 196 5757 1811 5841">
    <p class='ocr_par' dir='ltr' id='par_1_80' title="bbox 196 5757 1811 5841">
     <span class='ocr_line' id='line_1_82' title="bbox 196 5757 1811 5841; baseline 0.009 -32"><span class='ocrx_word' id='word_1_541' title='bbox 196 5757 376 5832; x_wconf 73' lang='grc' dir='ltr'>Πὲτρον</span> <span class='ocrx_word' id='word_1_542' title='bbox 421 5765 509 5819; x_wconf 81' lang='grc' dir='ltr'><strong>καὶ</strong></span> <span class='ocrx_word' id='word_1_543' title='bbox 568 5765 780 5822; x_wconf 82' lang='grc' dir='ltr'>Παῦλον</span> <span class='ocrx_word' id='word_1_544' title='bbox 844 5764 1016 5840; x_wconf 86' lang='grc' dir='ltr'>ἀδίκῳ</span> <span class='ocrx_word' id='word_1_545' title='bbox 1070 5768 1282 5841; x_wconf 76' lang='grc' dir='ltr'>θανάτῳ</span> <span class='ocrx_word' id='word_1_546' title='bbox 1323 5767 1638 5825; x_wconf 77' lang='grc' dir='ltr'>κατεδίκασε</span> <span class='ocrx_word' id='word_1_547' title='bbox 1674 5817 1687 5841; x_wconf 83' lang='grc'><strong>,</strong></span> <span class='ocrx_word' id='word_1_548' title='bbox 1743 5767 1811 5824; x_wconf 84' lang='grc' dir='ltr'>δι’</span> 
     </span>
    </p>
   </div>
   <div class='ocr_carea' id='block_1_81' title="bbox 1925 5412 3582 5484">
    <p class='ocr_par' dir='ltr' id='par_1_81' title="bbox 1925 5412 3582 5484">
     <span class='ocr_line' id='line_1_83' title="bbox 1925 5412 3582 5484; baseline -0.002 -12"><span class='ocrx_word' id='word_1_549' title='bbox 1925 5417 2146 5472; x_wconf 84' lang='lat' dir='ltr'><strong>rabiem</strong></span> <span class='ocrx_word' id='word_1_550' title='bbox 2181 5417 2423 5472; x_wconf 90' lang='lat' dir='ltr'><strong>adactus</strong></span> <span class='ocrx_word' id='word_1_551' title='bbox 2453 5413 2511 5469; x_wconf 90' lang='lat' dir='ltr'><strong>in</strong></span> <span class='ocrx_word' id='word_1_552' title='bbox 2545 5413 2755 5469; x_wconf 86' lang='lat' dir='ltr'><strong>Christi</strong></span> <span class='ocrx_word' id='word_1_553' title='bbox 2783 5427 2980 5468; x_wconf 88' lang='lat' dir='ltr'><strong>servos</strong></span> <span class='ocrx_word' id='word_1_554' title='bbox 3007 5412 3242 5477; x_wconf 83' lang='lat' dir='ltr'><strong>exarsit,</strong></span> <span class='ocrx_word' id='word_1_555' title='bbox 3275 5427 3342 5466; x_wconf 91' lang='lat' dir='ltr'><strong>ac</strong></span> <span class='ocrx_word' id='word_1_556' title='bbox 3373 5416 3582 5484; x_wconf 85' lang='lat' dir='ltr'><strong>quarto</strong></span> 
     </span>
    </p>
   </div>
   <div class='ocr_carea' id='block_1_82' title="bbox 1924 5501 3576 5577">
    <p class='ocr_par' dir='ltr' id='par_1_82' title="bbox 1924 5501 3576 5577">
     <span class='ocr_line' id='line_1_84' title="bbox 1924 5501 3576 5577; baseline -0.003 -16"><span class='ocrx_word' id='word_1_557' title='bbox 1924 5506 2151 5561; x_wconf 88' lang='lat' dir='ltr'><strong>decimo</strong></span> <span class='ocrx_word' id='word_1_558' title='bbox 2177 5503 2466 5577; x_wconf 86' lang='lat' dir='ltr'><strong>tyrannici</strong></span> <span class='ocrx_word' id='word_1_559' title='bbox 2498 5503 2728 5576; x_wconf 88' lang='lat' dir='ltr'><strong>imperii</strong></span> <span class='ocrx_word' id='word_1_560' title='bbox 2763 5501 2856 5558; x_wconf 92' lang='lat' dir='ltr'><strong>sui</strong></span> <span class='ocrx_word' id='word_1_561' title='bbox 2889 5517 3064 5573; x_wconf 88' lang='lat' dir='ltr'><strong>anno,</strong></span> <span class='ocrx_word' id='word_1_562' title='bbox 3103 5501 3306 5556; x_wconf 89' lang='lat' dir='ltr'><strong>beatos</strong></span> <span class='ocrx_word' id='word_1_563' title='bbox 3340 5501 3576 5557; x_wconf 91' lang='lat' dir='ltr'><strong>Petrum</strong></span> 
     </span>
    </p>
   </div>
   <div class='ocr_carea' id='block_1_83' title="bbox 1922 5589 3570 5665">
    <p class='ocr_par' dir='ltr' id='par_1_83' title="bbox 1922 5589 3570 5665">
     <span class='ocr_line' id='line_1_85' title="bbox 1922 5589 3570 5665; baseline -0.005 -13"><span class='ocrx_word' id='word_1_564' title='bbox 1922 5600 1978 5651; x_wconf 86' lang='lat' dir='ltr'><strong>et</strong></span> <span class='ocrx_word' id='word_1_565' title='bbox 2021 5594 2272 5651; x_wconf 85' lang='lat' dir='ltr'><strong>Paulum</strong></span> <span class='ocrx_word' id='word_1_566' title='bbox 2321 5593 2526 5665; x_wconf 90' lang='lat' dir='ltr'><strong>iniqua</strong></span> <span class='ocrx_word' id='word_1_567' title='bbox 2565 5599 2754 5650; x_wconf 89' lang='lat' dir='ltr'><strong>morte</strong></span> <span class='ocrx_word' id='word_1_568' title='bbox 2802 5590 3233 5658; x_wconf 89' lang='lat' dir='ltr'><strong>condemnavit,</strong></span> <span class='ocrx_word' id='word_1_569' title='bbox 3268 5607 3371 5661; x_wconf 92' lang='lat' dir='ltr'><strong>per</strong></span> <span class='ocrx_word' id='word_1_570' title='bbox 3417 5589 3570 5645; x_wconf 89' lang='lat' dir='ltr'><strong>beati</strong></span> 
     </span>
    </p>
   </div>
   <div class='ocr_carea' id='block_1_84' title="bbox 1923 5678 3571 5756">
    <p class='ocr_par' dir='ltr' id='par_1_84' title="bbox 1923 5678 3571 5756">
     <span class='ocr_line' id='line_1_86' title="bbox 1923 5678 3571 5756; baseline -0.004 -16"><span class='ocrx_word' id='word_1_571' title='bbox 1923 5700 2126 5740; x_wconf 86' lang='lat' dir='ltr'><strong>eorum</strong></span> <span class='ocrx_word' id='word_1_572' title='bbox 2159 5682 2470 5756; x_wconf 86' lang='lat' dir='ltr'><strong>sanguinis</strong></span> <span class='ocrx_word' id='word_1_573' title='bbox 2499 5683 2868 5753; x_wconf 77' lang='lat' dir='ltr'><strong>effusionem,</strong></span> <span class='ocrx_word' id='word_1_574' title='bbox 2891 5685 2949 5737; x_wconf 89' lang='lat' dir='ltr'><strong>et</strong></span> <span class='ocrx_word' id='word_1_575' title='bbox 2979 5696 3082 5754; x_wconf 90' lang='lat' dir='ltr'><strong>per</strong></span> <span class='ocrx_word' id='word_1_576' title='bbox 3112 5679 3374 5752; x_wconf 82' lang='lat' dir='ltr'><strong>martyrii</strong></span> <span class='ocrx_word' id='word_1_577' title='bbox 3395 5678 3571 5734; x_wconf 90' lang='lat' dir='ltr'><strong>victo-</strong></span> 
     </span>
    </p>
   </div>
   <div class='ocr_carea' id='block_1_85' title="bbox 1926 5769 3565 5843">
    <p class='ocr_par' dir='ltr' id='par_1_85' title="bbox 1926 5769 3565 5843">
     <span class='ocr_line' id='line_1_87' title="bbox 1926 5769 3565 5843; baseline -0.004 -15"><span class='ocrx_word' id='word_1_578' title='bbox 1926 5773 2072 5828; x_wconf 83' lang='lat' dir='ltr'><strong>riam</strong></span> <span class='ocrx_word' id='word_1_579' title='bbox 2117 5788 2222 5843; x_wconf 90' lang='lat' dir='ltr'><strong>pro</strong></span> <span class='ocrx_word' id='word_1_580' title='bbox 2255 5770 2502 5838; x_wconf 87' lang='lat' dir='ltr'><strong>meritis,</strong></span> <span class='ocrx_word' id='word_1_581' title='bbox 2534 5771 2641 5827; x_wconf 84' lang='lat' dir='ltr'><strong>etsi</strong></span> <span class='ocrx_word' id='word_1_582' title='bbox 2671 5769 2910 5842; x_wconf 88' lang='lat' dir='ltr'><strong>invitus,</strong></span> <span class='ocrx_word' id='word_1_583' title='bbox 2943 5785 3041 5826; x_wconf 88' lang='lat' dir='ltr'><strong>eos</strong></span> <span class='ocrx_word' id='word_1_584' title='bbox 3072 5770 3144 5825; x_wconf 87' lang='lat' dir='ltr'><strong>ad</strong></span> <span class='ocrx_word' id='word_1_585' title='bbox 3177 5784 3422 5841; x_wconf 89' lang='lat' dir='ltr'><strong>regnum</strong></span> <span class='ocrx_word' id='word_1_586' title='bbox 3451 5783 3565 5824; x_wconf 82' lang='lat' dir='ltr'><strong>cas-</strong></span> 
     </span>
    </p>
   </div>
  </div>
