4020 6358
430 417 531 470 671

1672 426 1728 476 S.
1773 423 2089 478 DIONYSll
2129 423 2612 479 AREOPAGITJE
3718 428 3812 481 G72

429 537 620 596 lorum
655 543 1034 614 praemittens.
1069 549 1486 601 Verumtamen
1522 552 1833 618 antequam
1871 547 2077 600 beatus

2191 542 2463 620 ἐκχύσεως
2497 547 2606 617 (57)
2637 547 2734 598 τοῦ
2783 544 3051 618 μακαρίου
3107 545 3282 598 αὐτῶν
3319 543 3570 617 αἳματος,
3599 547 3682 600 καί
3732 546 3812 603 διὰ

433 629 638 686 Petrus
687 632 926 688 victoria
961 636 1220 706 martyrii
1258 635 1434 691 vitam
1469 653 1594 707 qua:
1621 637 1677 691 in
1711 653 1888 709 regno
1912 635 2078 693 cmlo-

433 735 558 773 rum
584 721 837 792 degitur,
853 724 1097 778 meritus
1130 727 1488 793 esset,beato
1507 726 1785 782 Clementi
1815 725 2078 781 Ecclesiae

434 813 778 878 potestatem
830 812 1034 866 tribuit
1062 813 1151 868 his
1180 815 1410 870 verbis:
1446 838 1471 864 ‹‹
1511 815 1578 870 Ut
1609 832 1640 868 ιι
1673 816 1916 870 Domino
1947 833 2076 873 meo

431 897 570 953 Jesu
621 899 850 955 Christo
882 899 1102 974 ligandi
1133 907 1304 974 atque
1332 904 1591 959 solvendi
1627 904 1769 958 mihi
1803 922 2080 963 concessa

433 990 522 1042 est
566 992 847 1058 potestas,
899 991 982 1044 sic
1015 991 1279 1046 eamdem
1333 1009 1565 1063 quoque
1621 998 1963 1064 potestatem
2016 995 2076 1049 in

431 1081 779 1147 perpetuum
805 1079 909 1133 tibi
937 1079 1008 1135 do
1031 1085 1085 1134 et
1109 1081 1393 1149 iribuo,ut
1417 1084 1902 1154 quemcunquein
1923 1089 2078 1138 terra

429 1163 702 1235 ligaveris
748 1166 804 1221 in
839 1167 1000 1223 cmlis
1052 1167 1266 1240 ligatus
1313 1173 1410 1224 sit.
1465 1194 1491 1219 ››
1528 1173 1682 1227 llanc
1733 1177 2077 1242 potestatem

431 1252 663 1325 plenam
697 1260 753 1310 et
800 1257 1106 1326 perfectam
1138 1259 1390 1329 posteris
1421 1260 1519 1332 qui
1555 1261 1792 1332 perfecti
1825 1266 1881 1316 et
1911 1262 2074 1332 digni

431 1349 629 1398 essent
659 1345 715 1398 in
750 1346 1022 1401 Ecclesiis
1056 1348 1278 1419 praeire,
1313 1355 1528 1404 sortem
1558 1350 1641 1403 vel
1681 1351 2073 1406 hzereditatem

431 1431 688 1504 reliquit.
719 1439 796 1490 Ac
829 1437 898 1490 de
928 1436 1019 1491 his
1042 1437 1302 1509 quidem,
1329 1440 1606 1509 quoniam
1631 1456 1696 1495 ex
1721 1441 2077 1496 connexione

431 1523 960 1595 consecutioneque
985 1525 1142 1581 illius
1157 1527 1485 1597 apostolica:
1503 1529 1772 1584 Ecclesiae
1793 1530 2076 1602 temporis

431 1627 619 1683 pauca
665 1612 944 1682 diximus,
979 1615 1049 1669 ad
1099 1616 1252 1670 beati
1284 1617 1544 1689 Dionysii
1577 1617 1898 1674 certamina
1937 1634 2074 1672 con-

425 1700 708 1755 vertimus
740 1703 1084 1773 orationem,
1132 1709 1213 1775 ut,
1247 1706 1398 1760 sicut
1429 1707 1648 1762 dictum
1682 1711 1791 1775 est,
1836 1724 1902 1762 ex
1935 1712 2078 1762 tem-

429 1805 636 1861 porum
673 1794 1096 1864 consequentia
1127 1795 1196 1850 de
1227 1811 1292 1850 eo
1327 1813 1511 1865 pauca
1543 1813 1871 1853 narremus.

2187 633 2344 702 νίκης
2407 633 2701 708 μαρτυρίου
2763 633 2946 703 ἀξίως,
3025 632 3113 687 καὶ
3173 634 3248 695 ὡς
3309 631 3452 687 ἄκων
3509 638 3814 711 προπέμψας

2190 721 2383 784 αὐτοὺς
2435 722 2509 784 εἷς
2540 724 2638 791 τήν
2669 727 2776 777 τῶν
2831 721 3072 797 οὐρανῶν
3128 720 3424 797 βασιλείαν.
3485 726 3666 795 Ὅμως
3719 727 3812 800 πρὸ

2186 815 2282 864 τοῦ
2335 811 2424 865 τὸν
2483 813 2744 886 μακάριον
2795 810 2994 885 Πέτρον
3025 807 3113 864 διὰ
3141 818 3242 880 τῆς
3287 812 3446 881 νίκης
3503 815 3598 866 τοῦ
3625 834 3813 888 μαρτυ-

2188 900 2307 973 ρίου
2351 901 2743 971 καταξιωθῆναι
2791 907 2892 970 τῆς
2939 898 2988 954 ἐν
3035 904 3104 974 τῇ
3136 905 3242 954 τῶν
3295 900 3534 973 οὐρανῶν
3583 902 3815 975 βασιλεία

2189 987 2583 1065 συνδιαγωγῆς,
2641 994 2721 1062 τῷ
2782 989 3032 1064 μακαρίῳ
3101 987 3377 1061 Κλήμεντι
3439 991 3538 1059 τήν
3591 989 3812 1060 ἐξουσίαν

2184 1077 2281 1142 τῆς
2315 1077 2641 1149 Ἐκκλησεας
2693 1079 2956 1152 παρέθετο
3009 1076 3202 1152 λέγων·
3251 1102 3277 1128 σε
3309 1080 3512 1152 Ὥσπερ
3544 1080 3682 1152 παρὰ
3731 1085 3812 1134 τοῦ

2189 1167 2384 1239 Κυρίου
2442 1188 2546 1240 μου
2601 1169 2778 1237 Ἰησοῦ
2830 1168 3064 1242 Χριστοῦ
3122 1164 3282 1220 λῦσαι
3345 1167 3435 1221 καὶ

2189 1254 2491 1331 δεδώρηται
2552 1255 2781 1328 ἐξουσίᾳ,
2815 1255 2959 1310 οὕτω
2996 1255 3085 1309 καί
3129 1257 3229 1324 την
3265 1254 3430 1323 αὐτὴν
3478 1255 3710 1325 ἐξουσίαν
3739 1258 3808 1312 αἷ-

3505 1164 3660 1236 δῆσαι
3705 1169 3810 1240 ἐμοὶ

2187 1345 2362 1406 ωνίως
2396 1343 2678 1420 δωροῦμαί
2709 1366 2794 1399 σοι
2837 1346 2926 1398 καὶ
2951 1342 3154 1416 δίδωμι
3335 1343 3428 1398 ἳνα
3457 1345 3515 1399 ὃν
3548 1342 3706 1419 δήσῃς
3737 1345 3810 1400 ἐπὶ

2184 1443 2282 1504 τῆς
2336 1442 2458 1508 γῆς,
2505 1430 2653 1488 ἔσται
2703 1431 2984 1506 δεδεμένος
3018 1435 3070 1488 ὲν
3101 1439 3219 1494 τοῖς
3249 1434 3527 1506 οὐρανοῖς.
3565 1457 3591 1484 ››
3619 1434 3810 1504 Ταύτην

2185 1527 2283 1592 τὴν
2340 1523 2578 1594 ἐξουσίαν
2628 1522 3071 1598 πεπληρωμένην
3115 1527 3232 1584 τοῖς
3286 1523 3574 1594 μετέπειτα
3600 1524 3809 1585 τελείοις

2183 1614 2272 1668 καί
2305 1612 2472 1685 ἀξίοις
2531 1610 2584 1666 ἐν
2640 1616 2757 1673 ταῖς
2808 1609 3124 1681 ἐκκλησίαις
3173 1608 3460 1686 προελθεῖν
3506 1609 3809 1666 καταλέλοι-

2184 1723 2251 1757 πε
2287 1699 2522 1775 κλῆρον.
2583 1701 2713 1775 Περὶ
2749 1701 2844 1773 μὶν
2873 1699 3080 1754 τούτων
3135 1698 3194 1754 ἐκ
3238 1706 3336 1768 τῆς
3376 1698 3699 1763 ἀκολουθίας
3723 1705 3809 1755 τοῦ

2185 1798 2299 1847 κατ’
2357 1791 2528 1845 ἐκεῖνο
2585 1793 2780 1865 καιροῦ
2838 1796 2936 1858 τῆς
2992 1809 3051 1843 τε
3107 1785 3478 1856 ἀποστολικῆς
3540 1787 3814 1859 ἐκκλησίας

429 1875 480 1931 ἐν
515 1876 686 1951 ὀλίγῳ
719 1876 1132 1954 διηγησάμενοι,
1167 1882 1250 1937 ἐπὶ
1281 1882 1408 1944 τοὺς
1433 1887 1529 1938 τοῦ
1566 1885 1834 1959 μακαρίου
1863 1884 2146 1939 Διονυσίου
2179 1883 2388 1960 ἀγῶνας
2421 1879 2720 1954 μετενέγκω
2748 1880 2839 1936 τὸν
2873 1876 3060 1954 λόγον,
3087 1876 3196 1950 ἵνα,
3225 1879 3402 1939 καθὼς
3451 1876 3714 1948 λέλεκται,
3763 1877 3813 1932 ἐκ

427 1971 529 2034 τῆς
559 1971 666 2020 τῶν
703 1968 918 2042 χρόνων
942 1968 1272 2033 ἀκολουθίας
1303 1971 1427 2046 περὶ
1456 1973 1621 2027 αὐτοῦ
1657 1973 1820 2049 ὀλίγα
1851 1971 2232 2046 διεξέλθωμεν.

501 2190 639 2242 Post
695 2187 1091 2246 clarissimum
1153 2192 1384 2248 Domini
1447 2197 1504 2249 et
1544 2193 1644 2249 Dei
1702 2192 1885 2248 nostri
1940 2193 2080 2248 Jesu

2264 2187 2417 2244 Μετά
2464 2187 2562 2254 τήν
2595 2190 2692 2240 τοῦ
2726 2187 2931 2260 Κυρίου
2978 2184 3067 2240 καὶ
3121 2189 3254 2240 Θεοῦ
3286 2189 3446 2260 ἡμῶν
3483 2187 3657 2256 Ἰησοῦ
3703 2192 3818 2261 Χρι-

429 2275 644 2331 Christi
693 2277 749 2332 in
798 2278 973 2335 cmlos
1023 2297 1346 2346 ascensum,
1400 2281 1602 2337 beatus
1632 2281 1892 2350 ,Paulus,
1944 2280 2080 2351 Spi-

430 2363 581 2420 ritus
610 2367 794 2421 sancti
828 2385 1106 2424 coneessu
1140 2375 1197 2426 et
1229 2388 1470 2427 munere
1496 2372 1565 2426 ab
1597 2387 1789 2427 errore
1820 2370 2080 2443 perﬁdia:

431 2453 490 2508 in
541 2453 693 2509 viam
725 2457 934 2512 salutis
968 2459 1162 2525 rediit,
1209 2459 1289 2514 ita
1323 2464 1386 2514 ut
1419 2461 1590 2515 {idem
1623 2466 1682 2516 et
1714 2459 2077 2531 religionem,

431 2558 605 2614 quam
640 2541 811 2616 paulo
835 2551 968 2601 ante
999 2551 1479 2621 oppugnavisset,
1508 2551 1743 2605 tandam
1768 2548 2078 2620 expletam,

436 2647 568 2686 eum
596 2633 767 2690 laude
797 2639 854 2690 et
885 2635 1067 2708 gloria
1101 2639 1514 2709 praedicaverit,
1535 2639 1885 2710 Dominique
1914 2637 2081 2693 insti-

439 2725 567 2777 tuto
611 2724 886 2794 gentibus
920 2727 1106 2781 factus
1137 2728 1216 2781 sit
1245 2745 1346 2783 vas
1375 2728 1693 2784 electionis.
1725 2733 1869 2782 Tum
1924 2726 2080 2783 enim

436 2813 560 2864 tum
591 2812 815 2867 Domini
849 2815 1031 2869 nostri
1054 2816 1191 2870 Jesu
1226 2817 1439 2872 Christi
1462 2834 1673 2872 nomen
1700 2817 1918 2888 ignaris
1939 2833 2078 2887 gen-

437 2898 597 2954 tibus
626 2902 970 2970 praadicans,
1004 2905 1262 2960 Athenas
1293 2907 1466 2973 venit,
1501 2910 1675 2976 atque
1704 2905 1780 2959 ibi
1807 2910 2078 2960 sanctum

435 2987 610 3042 etiam
643 2989 830 3044 virum
864 2991 1019 3046 hunc
1051 2993 1414 3066 Dionysium,
1449 2994 1712 3065 gentium
1738 2994 2003 3048 moribus
2025 2998 2082 3048 et

437 3073 730 3131 institutis
773 3078 946 3149 paulo
979 3085 1111 3136 ante
1143 3081 1528 3154 implicatum,
1562 3084 1633 3137 ad
1669 3083 1818 3136 viam
1873 3081 2080 3138 salutis

437 3164 615 3218 ductu
645 3183 750 3220 suo
782 3168 934 3222 396
969 3171 1271 3241 convertit,
1299 3188 1552 3243 eumque
1583 3175 1953 3226 sacrosancto
1985 3171 2080 3226 ba-

435 3251 668 3323 ptismo,
703 3259 766 3309 ut
797 3257 876 3311 ita
919 3257 1130 3326 dicam,
1170 3267 1570 3329 regeneratum
1600 3266 1657 3315 et
1696 3265 1953 3315 renatum
1991 3259 2078 3314 di-

435 3341 569 3396 vina
615 3344 926 3401 sanctitate
963 3364 1169 3403 rursus
1214 3349 1599 3405 conﬁrmavit.
1635 3351 1782 3404 Tum
1833 3349 2076 3420 scilicet,

436 3447 568 3487 cum
614 3433 816 3503 spinas
847 3441 904 3490 et
934 3437 1182 3492 carduos
1211 3438 1423 3494 erroris
1455 3456 1521 3493 ex
1553 3439 1842 3511 profundo
1885 3438 2078 3493 cordis

2189 2279 2316 2330 στοῦ
2376 2272 2723 2344 ἐνδοξοτάτην
2756 2273 3046 2348 ἀνάληψιν,
3109 2275 3196 2328 ὅτε
3227 2275 3254 2328 ὁ
3309 2281 3578 2348 μακάριος
3607 2274 3817 2329 ἀπόστο-

2188 2367 2285 2432 λος
2343 2367 2558 2430 Παῦλος
2592 2365 2678 2422 διὰ
2718 2375 2816 2436 τῆς
2865 2369 3095 2444 χάριτος
3149 2371 3244 2422 τοῦ
3305 2369 3466 2442 ἁγίου
3529 2367 3822 2440 Πνεῦμα-τος

2189 2459 2294 2512 ἀπὸ
2323 2464 2424 2527 τῆς
2457 2456 2671 2526 πλάνης
2699 2464 2797 2526 τῆς
2829 2455 3077 2518 ἀπιστίας
3108 2457 3183 2521 εἷς
3241 2455 3366 2512 ὁδὸν
3409 2458 3678 2531 σωτηρίας
3722 2455 3828 2510 ἐπέ·

2189 2550 2431 2620 στρεψεν,
2467 2547 2603 2601 ὥστε
2635 2545 2838 2614 πίστιν,
2872 2545 2938 2614 ἥν
2967 2547 3158 2618 πρώην
3193 2544 3558 2618 ἐπολέμησεν.
3593 2545 3642 2600 ἐν
3675 2544 3827 2620 ἐτίά.

2186 2657 2302 2700 τοις
2331 2633 2776 2710 πεπληρωμένην
2817 2632 2868 2688 ἐν
2925 2633 3052 2708 δόξῃ
3099 2635 3350 2707 κηρύξαι,
3401 2635 3492 2689 καὶ
3549 2633 3683 2688 κατᾶ
3738 2635 3822 2700 τὴν

2185 2730 2282 2781 τοῦ
2359 2725 2558 2800 Κυρίου
2615 2723 2849 2794 διάταξιν
2911 2728 3096 2786 σκεῦος
3153 2723 3391 2799 ἐκλογῆς
3447 2725 3726 2799 γεγένηται
3780 2721 3821 2776 ἐν

2186 2820 2304 2876 τοῖς
2365 2813 2555 2878 ἔθνεσι“
2605 2813 2728 2868 τότε
2782 2814 2884 2888 γὰρ
2931 2813 3052 2868 τότε
3105 2813 3388 2889 κηρύττων
3449 2814 3512 2868 τὸ
3542 2810 3716 2885 ὄνομα
3740 2816 3825 2865 τοῦ

2189 2903 2393 2979 Κυρίου
2451 2905 2611 2975 ἡμῶν
2674 2901 2854 2972 Ἰησοῦ
2887 2903 3114 2977 Χριστοῦ
3143 2909 3260 2964 τοῖς
3321 2903 3607 2977 ἀγνοοῦσιν
3642 2898 3822 2963 ἔθνεσι,

2187 2992 2506 3068 παρεγένετο
2563 2990 2614 3045 ἐν
2664 2993 2917 3062 Ἀθήναις
2949 3010 2964 3024 ·

2185 3081 2401 3136 τουτονῖ
2451 3079 2754 3146 Διονύσιον,
2813 3080 3046 3143 ἐθνικαῖς
3105 3079 3243 3135 ἔθεσι
3283 3079 3532 3151 πρώηνέ

3042 2991 3257 3046 κάκεῖσε
3313 2992 3404 3044 τὸν
3465 2992 3614 3066 ἅγιον
3675 2986 3826 3061 ἄνδρα

3542 3079 3826 3154 μπεριεχοα⁵

2193 3191 2373 3237 ιιενον,
2425 3168 2500 3230 εἷς
2557 3166 2682 3223 ὁδὸν
2745 3167 3018 3242 σωτηρίας
3079 3167 3353 3242 ὁδηγήσας
3387 3168 3701 3243 ἐπέστρεψε,
3746 3166 3824 3220 καὶ

2185 3265 2265 3331 τῷ
2316 3260 2445 3333 ἱερῷ
2507 3257 2838 3332 βαπτίσματι
2897 3257 3256 3332 ἀναγεννήσας
3295 3301 3308 3324 ,
3397 3258 3516 3327 θείᾳ
3567 3255 3827 3330 ἀγιωσῦνῃ

2187 3346 2338 3408 αὖθις
2392 3342 2702 3420 ἓστερέωσε·
2759 3345 2879 3400 τότε
2939 3343 3006 3414 δὴ
3059 3345 3148 3400 ὅτε
3201 3347 3293 3407 τάς
3325 3345 3558 3408 ἀκάνθας
3605 3347 3721 3416 (59)
3748 3344 3826 3397 καὶ

2185 3429 2480 3507 τριϐόλους
2530 3441 2630 3503 τῆς
2661 3432 2878 3503 πλάνης
2904 3433 2963 3488 ἐκ
2987 3437 3084 3487 τοῦ
3139 3433 3304 3507 βυθοῦ
3329 3439 3430 3502 τῆς
3471 3431 3700 3508 καρδίας
3747 3430 3828 3486 αὖ·

436 3521 584 3591 ejus,
637 3523 891 3594 Spiritus
934 3527 1116 3581 sancti
1153 3527 1428 3582 beneﬁcio
1459 3533 1516 3584 et
1548 3528 1731 3599 gratia
1775 3528 1968 3584 evellit
2008 3543 2075 3582 ac

2190 3520 2403 3580 τοῦδιά
2446 3530 2544 3592 τῆς
2588 3521 2814 3597 χάριτος
2857 3526 2954 3577 τοῦ
3011 3521 3172 3596 ἁγίου
3229 3523 3543 3594 Πνεύματος
3589 3521 3829 3592 ἀπέτεμε,

2261 3613 2275 3628 ι
2489 3613 2502 3628 \
2673 3612 2687 3628 ι
2787 3612 2797 3628 Ι
2924 3610 2980 3628 n\
3015 3613 3025 3628 Ι
3265 3611 3277 3628 1
3375 3609 3389 3628 θ
3501 3614 3528 3625 η
3574 3611 3588 3622 ⁸
3681 3615 3736 3628 ,τ
3802 3612 3824 3622 ε’

437 3611 717 3682 praecidit,
775 3615 1148 3686 fructumque
1205 3621 1263 3672 et
1331 3633 1535 3672 novam
1603 3633 1896 3688 gemmam
1956 3616 2078 3672 sive

436 3715 696 3770 germen,
731 3703 882 3757 utin
931 3705 1081 3759 bona
1112 3709 1266 3760 terra
1313 3706 1617 3776 irrigatum
1662 3705 1856 3760 divino
1907 3706 2080 3761 verbo

441 3796 615 3860 atque
638 3791 773 3846 hinc
805 3794 1297 3866 contemplatione
1318 3795 1521 3850 edidit.
1555 3795 1698 3850 Cum
1742 3812 1876 3850 vero
1905 3796 2078 3850 etiam

439 3878 648 3934 Christi
701 3880 916 3935 milites
949 3884 1208 3954 quotidie
1239 3883 1435 3938 divino
1470 3900 1668 3938 arnore
1709 3883 2081 3948 inﬂammati,

441 3969 500 4024 in
550 3986 755 4024 omnes
787 3977 978 4040 partes
1010 3973 1207 4027 divina
1250 3973 1438 4045 gratia
1489 3989 1739 4043 superne
1784 3989 1900 4026 una
1947 3987 2080 4026 cum

441 4058 588 4130 ipsis
620 4066 911 4130 praeeunte
941 4067 1272 4128 currerent;
1314 4068 1435 4118 tum
1468 4064 1672 4116 beatus
1721 4077 1950 4131 quoque
1988 4059 2083 4114 hic

442 4147 775 4220 Dionysius,
807 4151 996 4206 crucis
1029 4156 1220 4206 aratro
1253 4168 1411 4206 mare
1450 4151 1788 4219 (lit'tindens,
1839 4147 2084 4202 Athenis

445 4241 687 4295 Romam
723 4259 754 4295 a
784 4243 1001 4298 cmlesti
1023 4245 1332 4315 divinaque
1356 4243 1674 4309 voluntate,
1710 4245 1772 4296 ut
1803 4258 1835 4294 a
1857 4240 1971 4295 Deo
2003 4240 2087 4293 di-

445 4329 654 4397 lectus,
706 4347 805 4401 per
835 4332 982 4385 viam
1020 4333 1303 4386 deductus
1353 4332 1527 4386 venit.
1583 4332 1907 4398 Ingressus,
1948 4343 2082 4382 cum

444 4419 680 4473 beatum
697 4418 1047 4474 Clementem
1080 4419 1530 4489 in\'cnisset,qui
1567 4425 1628 4472 ut
1653 4435 1830 4488 supra
1863 4418 2080 4472 dictum

443 4511 548 4572 est,
575 4507 905 4578 apostolica:
928 4508 1082 4562 sedis
1109 4511 1448 4576 potestatem
1473 4506 1743 4560 habebat.
1770 4506 1842 4559 ab
1862 4521 1928 4561 eo
1949 4520 2080 4559 cum

445 4596 620 4666 digno
646 4595 863 4651 honore
885 4597 1105 4664 statim,
1124 4599 1189 4650 ut
1207 4595 1355 4649 vires
1379 4595 1791 4666 suppetebant,
1818 4598 2085 4664 receptus

444 4689 554 4739 est.
591 4684 785 4755 quue
814 4689 1073 4755 tempore
1104 4701 1234 4738 cum
1272 4684 1477 4738 beatus
1523 4684 1609 4737 vir
1647 4683 1978 4754 Dionysius,
2013 4682 2082 4736 ad

446 4772 598 4828 beati
629 4773 944 4828 Clementis
974 4773 1213 4840 vestigia
1258 4776 1314 4826 et
1356 4774 1530 4843 pedes
1562 4773 1826 4842 accessit,
1861 4775 2086 4842 aposto-

447 4861 690 4932 lica:un
730 4861 1022 4916 sanctilati
1066 4878 1125 4914 se
1170 4860 1509 4918 insinuavit.
1559 4865 1681 4914 tum
1734 4861 1860 4931 ipse
1905 4861 2080 4915 etiam

2190 3613 2278 3668 καὶ
2336 3613 2541 3686 καρπὸν
2599 3612 2689 3666 καὶ
2748 3612 2865 3666 νέον
2924 3610 3220 3686 βλάστημα
3249 3611 3324 3672 ὡς
3371 3609 3425 3666 ἐν
3462 3614 3532 3683 τῇ
3565 3611 3740 3686 ἀγαθῇ
3767 3612 3828 3683 γῇ

2189 3701 2548 3776 ἀδρευόμενον
2579 3700 2706 3773 θείῳ
2764 3698 2915 3775 λόγῳ
2943 3700 3032 3754 καὶ
3058 3704 3126 3773 τῇ
3175 3699 3410 3754 ἐντεῦθεν
3471 3700 3675 3773 θεωρίᾳ
3727 3698 3825 3752 ἀνέ-

2192 3789 2378 3861 δειξεν·
2441 3788 2530 3844 ὅτε
2575 3786 2631 3843 δὲ
2679 3787 2766 3843 καὶ
2800 3790 2851 3842 οἱ
2879 3791 3112 3862 Χριστοῦ
3167 3792 3513 3860 στρατιῶται,
3547 3786 3823 3862 ὁσημέραι,

2188 3884 2267 3950 τῷ
2323 3879 2449 3950 θείῳ
2492 3874 2517 3932 ἕ

2193 3968 2334 4029 θείας
2367 3967 2594 4042 χάριτος
2626 3963 2826 4030 ἄνωθεν
2856 3965 3038 4027 αὐτοῖς
3079 3965 3680 4040 συμπροπορευομένης
3709 3967 3824 4036 (60)·

2190 4057 2312 4111 τότε
2351 4057 2440 4110 καὶ
2500 4057 2528 4110 ὁ
2582 4054 2847 4130 μακάριος
2906 4054 3089 4110 οὐτοσὶ
3122 4053 3418 4124 Διονύσιος,
3449 4059 3528 4126 τῷ
3556 4059 3656 4110 τοῦ
3687 4074 3826 4108 σταυ·

2520 3899 2652 3952 ρωτι
2712 3876 3061 3955 φλεγόμενοι,
3137 3874 3448 3950 πανταχόσε
3521 3871 3693 3943 ἔθεον,
3742 3881 3826 3940 τῆς

2195 4149 2290 4218 ροῦ
2349 4140 2565 4220 ἀρότρῳ
2621 4147 2720 4214 τὴν
2766 4145 3036 4207 θάλασσαν
3089 4141 3382 4215 διατεμὼν,
3444 4144 3549 4197 ἀπὸ
3599 4145 3826 4212 Ἀθηνῶν

2191 4235 2289 4302 τήν
2341 4234 2559 4305 ’ἰδώμην
2605 4228 2899 4288 κατέλαϐεν
2952 4231 3183 4307 οὐρανίῳ
3225 4234 3315 4285 καί
3367 4232 3496 4304 θείῳ
3553 4231 3827 4303 θελήματι,

2195 4322 2267 4384 ὡς
2303 4323 2403 4376 ὑπὸ
2455 4327 2587 4377 Θεοῦ
2636 4323 3017 4396 ἠγαπημένος,
3050 4319 3424 4395 ὁδηγοῦμενος
3484 4323 3620 4392 (61).
3655 4315 3831 4375 Εἰσελ-

2195 4413 2300 4475 θὼν
2363 4409 2419 4465 δέ
2466 4411 2555 4466 καὶ
2603 4412 2772 4485 εὑρὼν
2804 4411 2894 4466 τὸν
2951 4411 3216 4484 μακάριον
3254 4407 3568 4479 Κλήμεντα,
3603 4409 3675 4470 ὡς
3707 4408 3830 4460 ἀνω-

2147 4559 2154 4566 _
2191 4501 2332 4574 τέρω
2383 4499 2616 4575 ἔρηται,
2648 4501 2748 4568 τήν
2797 4507 2898 4568 τῆς
2929 4497 3294 4566 ἀποπολικῆς
3350 4495 3620 4571 καθέδρας
3652 4496 3829 4570 ἔχοντα

2193 4590 2454 4664 ἐξουσίαν,
2491 4590 2626 4662 μετά
2653 4596 2752 4658 τῆς
2794 4588 3145 4658 καθηκούσης
3178 4594 3344 4660 τιμῆς
3375 4586 3593 4656 εὗοέωξν
3628 4585 3698 4645 ὡς
3728 4577 3828 4637 οἷόν

2192 4703 2250 4736 τε
2299 4684 2386 4752 ἦν,
2452 4677 2821 4736 ὑποδέδεκται.
2877 4681 2970 4733 Καὶ
3030 4679 3082 4734 ἐν
3134 4678 3284 4749 αὖτῷ
3339 4681 3420 4749 τῷ
3451 4682 3626 4751 καιρῷ
3683 4673 3828 4730 ὃτεὸ

2198 4773 2464 4844 μακάριος
2519 4770 2650 4844 ἀνὴρ
2711 4768 2994 4831 Διονὸσιος
3048 4771 3144 4822 τοῦ
3201 4766 3468 4840 μακαρίου
3528 4764 3830 4838 Κλήμεντος

2193 4865 2308 4921 τοῖς
2341 4858 2517 4933 ἴχνεσι
2548 4860 2905 4933 προσήγγισε,
2939 4857 3028 4910 καὶ
3085 4859 3152 4928 τῇ
3185 4853 3526 4926 ἀποστολικῇ
3568 4851 3826 4927 ἁγιωσύνῃ

445 4951 728 5021 magister
758 4949 1104 5012 declaratus,
1137 4955 1194 5002 et
1229 4965 1386 5003 more
1419 4949 1697 5020 magistro
1740 4949 2080 5021 dignissimo

2194 4949 2378 5002 έαυτὸν
2437 4947 2766 5022 ἓμπαρέθετο
2838 4943 3183 5009 διδασκαλος,
3242 4944 3330 4998 καὶ
3388 4943 3549 5005 αὐτὸς
3608 4943 3829 5018 ἀποφαν-

447 5056 478 5092 a
531 5043 732 5092 sancto
763 5037 1057 5092 Clemente
1120 5037 1461 5100 honoratus,
1495 5037 1953 5109 dignitatemque
2011 5038 2083 5092 ab

444 5143 510 5180 eo
533 5131 590 5182 et
619 5127 996 5196 aptissimum
1033 5125 1335 5190 honorem,
1363 5131 1487 5180 uta
1521 5131 1636 5180 Deo
1667 5127 1914 5197 gratiam
1951 5127 2084 5181 ade-

451 5223 583 5284 ptus
632 5214 965 5285 reportavit,
999 5219 1057 5267 et
1104 5213 1336 5267 interim
1386 5213 1538 5268 Deus
1581 5232 1771 5270 rerum
1822 5216 2084 5270 omnium

453 5308 775 5373 praepotens
838 5304 1002 5356 beato
1065 5301 1331 5368 Dionysio
1385 5308 1656 5372 prreterea
1707 5305 1911 5358 tribuit
1957 5304 2085 5357 vita:

452 5391 810 5444 seminandze
843 5391 1108 5444 idoneam
1145 5375 1502 5460 facultatem,
1536 5392 1724 5462 quiad
1764 5409 1868 5446 nos
1902 5408 2088 5462 usque

456 5477 754 5546 rctigionis
777 5495 949 5531 causa
984 5480 1257 5531 omnibus
1283 5481 1572 5549 apparuit.
1594 5481 1926 5535 'l‘umetiam
1949 5498 2086 5533 san-

454 5573 582 5619 ctus
607 5567 870 5619 Clemens
894 5566 1220 5636 Philippum
1240 5569 1551 5636 quemdam
1578 5569 2090 5640 ilispaniaaepiseo-

459 5672 594 5726 pum
651 5655 923 5724 prmt'ecit,
959 5661 1298 5726 potestatem
1350 5675 1601 5728 quoque,
1636 5675 1810 5729 quam
1848 5659 1970 5729 ipse
2003 5657 2089 5709 di-

463 5745 630 5797 vinus
665 5745 928 5799 Clemens
968 5764 999 5798 a
1061 5747 1222 5799 beato
1265 5747 1427 5801 Petro
1473 5751 1800 5818 {nceepei-at,
1825 5749 1874 5801 ei
1934 5746 2091 5800 dedit

2197 5038 2326 5105 θεῖς,
2386 5037 2474 5090 καὶ
2529 5037 2720 5108 τρόπῳ
2775 5040 2854 5105 τῷ
2927 5035 3191 5109 πρέποντι
3223 5030 3539 5103 διδασκάλῳ
3598 5031 3695 5085 ὑπὸ
3747 5030 3829 5080 τοῦ

2195 5125 2355 5199 ἁγίου
2416 5124 2734 5196 Κλήμεντος
2788 5123 3083 5194 τιμηθεὶς,
3158 5121 3248 5174 καὶ
3305 5120 3452 5189 ἀξίαν
3510 5121 3634 5192 παρ’
3685 5115 3829 5170 αὖτοῦ

2195 5215 2282 5268 καὶ
2345 5213 2682 5283 οἰκειοτάτην
2714 5214 2906 5285 τιμὴν,
2941 5211 3016 5272 ὡς
3049 5210 3196 5280 παρά
3225 5207 3359 5263 Θεοῦ
3388 5206 3632 5281 εἶ’ληφὼς
3665 5206 3830 5280 χάριν,

2198 5301 2509 5374 ἐκομίσατο,
2555 5302 2644 5356 καί
2695 5301 2746 5355 έν
2780 5300 2890 5372 ὅσῳ
2923 5300 3053 5360 Θεὸς
3110 5300 3137 5352 ό
3169 5293 3580 5368 παντοδῦναμος
3638 5299 3713 5366 τῷ
3743 5313 3830 5364 μει-

2196 5391 2370 5465 καρίῳ
2405 5391 2669 5462 Διονυσίῳ
2719 5393 2979 5462 ζωαρκεῖν
3016 5385 3351 5461 ἐδωρήσατο,
3411 5382 3515 5446 ἕως
3548 5387 3704 5455 ἡμῶν
3757 5378 3831 5432 αὖ·

2196 5484 2304 5533 τῶν
2339 5486 2496 5532 πῖισιν
2533 5480 2610 5532 ἐπ’
2668 5473 2911 5547 εὐσεϐείᾳ
2941 5475 3272 5548 φανερώσας·
3325 5474 3414 5528 καὶ
3448 5475 3474 5528 ὁ
3526 5475 3671 5547 ἅγιος
3700 5467 3829 5535 Κλή-

2204 5589 2312 5640 μης
2352 5569 2473 5621 τότε
2506 5567 2780 5621 Φίλιππόν
2814 5586 2934 5620 τινα
2964 5563 3234 5626 Ἱσπανίας
3266 5562 3554 5617 ἐπίσκοπον
3583 5557 3828 5634 προεστή-

2202 5677 2352 5725 σατο,
2393 5657 2482 5709 καὶ
2514 5657 2610 5724 την
2665 5654 2902 5725 ἐξουσίαν
2935 5654 2995 5721 ἣν
3031 5651 3190 5712 αὐτὸς
3222 5653 3250 5706 ὁ
3283 5654 3426 5712 θεῖος
3458 5649 3688 5722 Κλήμης
3735 5643 3825 5697 ἀπὸ

2199 5749 2296 5797 τοῦ
2328 5745 2595 5817 μακαρίου
2645 5745 2902 5818 Ιῐέτροῳυ
2959 5736 3140 5798 ἔλαϐε.
3175 5738 3404 5796 δέδωκεν
3456 5739 3615 5809 αὐτῷ,
3646 5736 3822 5809 λέγων·
