  <div class='ocr_page' id='page_1' title='image "/cluster/home/n/w/nwhite01/storage/ocr_20150623/4/mdp.39015078384529/348.png"; bbox 0 0 4020 6358; ppageno 0'>
   <div class='ocr_carea' id='block_1_1' title="bbox 203 369 308 424">
    <p class='ocr_par' dir='ltr' id='par_1_1' title="bbox 203 369 308 424">
     <span class='ocr_line' id='line_1_1' title="bbox 203 369 308 424; baseline -0.019 -1"><span class='ocrx_word' id='word_1_1' title='bbox 203 369 308 424; x_wconf 83' lang='grc'>673</span> 
     </span>
    </p>
   </div>
   <div class='ocr_carea' id='block_1_2' title="bbox 1279 363 2545 430">
    <p class='ocr_par' dir='ltr' id='par_1_2' title="bbox 1279 363 2545 430">
     <span class='ocr_line' id='line_1_2' title="bbox 1279 363 2545 430; baseline 0.005 -16"><span class='ocrx_word' id='word_1_2' title='bbox 1279 365 1736 430; x_wconf 80' lang='lat' dir='ltr'>MARTYRIUM,</span> <span class='ocrx_word' id='word_1_3' title='bbox 1779 363 2112 420; x_wconf 80' lang='lat' dir='ltr'>AUCTORE</span> <span class='ocrx_word' id='word_1_4' title='bbox 2151 365 2545 420; x_wconf 81' lang='lat' dir='ltr'>METHODIO.</span> 
     </span>
    </p>
   </div>
   <div class='ocr_carea' id='block_1_3' title="bbox 3510 375 3617 430">
    <p class='ocr_par' dir='ltr' id='par_1_3' title="bbox 3510 375 3617 430">
     <span class='ocr_line' id='line_1_3' title="bbox 3510 375 3617 430; baseline 0.019 -3"><span class='ocrx_word' id='word_1_5' title='bbox 3510 375 3617 430; x_wconf 75' lang='grc'>674</span> 
     </span>
    </p>
   </div>
   <div class='ocr_carea' id='block_1_4' title="bbox 200 480 1862 565">
    <p class='ocr_par' dir='ltr' id='par_1_4' title="bbox 200 480 1851 564">
     <span class='ocr_line' id='line_1_4' title="bbox 200 480 1851 564; baseline -0.004 -21"><span class='ocrx_word' id='word_1_6' title='bbox 200 515 226 543; x_wconf 87' lang='lat'><strong>«</strong></span> <span class='ocrx_word' id='word_1_7' title='bbox 261 489 555 564; x_wconf 85' lang='grc' dir='ltr'>Πορευθεὶς</span> <span class='ocrx_word' id='word_1_8' title='bbox 585 485 637 540; x_wconf 82' lang='grc' dir='ltr'>ἐν</span> <span class='ocrx_word' id='word_1_9' title='bbox 675 489 792 546; x_wconf 84' lang='grc' dir='ltr'>τοῖς</span> <span class='ocrx_word' id='word_1_10' title='bbox 829 485 1015 558; x_wconf 82' lang='grc' dir='ltr'>μέρεσι</span> <span class='ocrx_word' id='word_1_11' title='bbox 1077 489 1176 552; x_wconf 87' lang='grc' dir='ltr'>τῆς</span> <span class='ocrx_word' id='word_1_12' title='bbox 1226 480 1453 553; x_wconf 76' lang='grc' dir='ltr'>δύσεως,</span> <span class='ocrx_word' id='word_1_13' title='bbox 1502 483 1736 559; x_wconf 73' lang='grc' dir='ltr'>κήρυξον</span> <span class='ocrx_word' id='word_1_14' title='bbox 1790 483 1851 538; x_wconf 80' lang='grc' dir='ltr'>τὸ</span> 
     </span>
    </p>
   </div>
   <div class='ocr_carea' id='block_1_5' title="bbox 1973 480 3618 565">
    <p class='ocr_par' dir='ltr' id='par_1_5' title="bbox 1973 485 3618 565">
     <span class='ocr_line' id='line_1_5' title="bbox 1973 485 3618 565; baseline 0.007 -25"><span class='ocrx_word' id='word_1_15' title='bbox 1973 485 2061 541; x_wconf 88' lang='lat' dir='ltr'>bis</span> <span class='ocrx_word' id='word_1_16' title='bbox 2115 485 2346 542; x_wconf 88' lang='lat' dir='ltr'>verbis:</span> <span class='ocrx_word' id='word_1_17' title='bbox 2409 510 2438 537; x_wconf 90' lang='grc'>‹‹</span> <span class='ocrx_word' id='word_1_18' title='bbox 2499 488 2874 546; x_wconf 80' lang='lat' dir='ltr'>Proﬁciscere</span> <span class='ocrx_word' id='word_1_19' title='bbox 2933 493 3004 548; x_wconf 90' lang='lat' dir='ltr'>ad</span> <span class='ocrx_word' id='word_1_20' title='bbox 3036 496 3231 564; x_wconf 88' lang='lat' dir='ltr'>partes</span> <span class='ocrx_word' id='word_1_21' title='bbox 3260 494 3618 565; x_wconf 80' lang='lat' dir='ltr'>Occidentis,</span> 
     </span>
    </p>
   </div>
   <div class='ocr_carea' id='block_1_6' title="bbox 197 570 1856 654">
    <p class='ocr_par' dir='ltr' id='par_1_6' title="bbox 197 570 1856 654">
     <span class='ocr_line' id='line_1_6' title="bbox 197 570 1856 654; baseline -0.005 -19"><span class='ocrx_word' id='word_1_22' title='bbox 197 575 536 654; x_wconf 78' lang='grc' dir='ltr'>Εὐαγγέλιον</span> <span class='ocrx_word' id='word_1_23' title='bbox 567 581 670 644; x_wconf 86' lang='grc' dir='ltr'>τῆς</span> <span class='ocrx_word' id='word_1_24' title='bbox 707 570 988 648; x_wconf 83' lang='grc' dir='ltr'>βασιλείας</span> <span class='ocrx_word' id='word_1_25' title='bbox 1015 576 1121 628; x_wconf 89' lang='grc' dir='ltr'>τῶν</span> <span class='ocrx_word' id='word_1_26' title='bbox 1156 570 1417 648; x_wconf 75' lang='grc' dir='ltr'>οὐρανῶν,</span> <span class='ocrx_word' id='word_1_27' title='bbox 1452 572 1543 627; x_wconf 86' lang='grc' dir='ltr'>καὶ</span> <span class='ocrx_word' id='word_1_28' title='bbox 1575 570 1736 642; x_wconf 83' lang='grc' dir='ltr'>δῆσαι</span> <span class='ocrx_word' id='word_1_29' title='bbox 1769 573 1856 627; x_wconf 81' lang='grc' dir='ltr'>καὶ</span> 
     </span>
    </p>
   </div>
   <div class='ocr_carea' id='block_1_7' title="bbox 201 659 1862 736">
    <p class='ocr_par' dir='ltr' id='par_1_7' title="bbox 201 659 1862 736">
     <span class='ocr_line' id='line_1_7' title="bbox 201 659 1862 736; baseline -0.004 -15"><span class='ocrx_word' id='word_1_30' title='bbox 201 667 358 723; x_wconf 85' lang='grc' dir='ltr'>λῦσαι</span> <span class='ocrx_word' id='word_1_31' title='bbox 403 660 544 720; x_wconf 77' lang='grc' dir='ltr'>ἔστω</span> <span class='ocrx_word' id='word_1_32' title='bbox 579 683 663 717; x_wconf 92' lang='grc' dir='ltr'>σοι</span> <span class='ocrx_word' id='word_1_33' title='bbox 698 661 930 734; x_wconf 77' lang='grc' dir='ltr'>ἐξουσία,</span> <span class='ocrx_word' id='word_1_34' title='bbox 965 659 1054 716; x_wconf 58' lang='grc' dir='ltr'>τίνα</span> <span class='ocrx_word' id='word_1_35' title='bbox 1103 665 1198 716; x_wconf 89' lang='grc' dir='ltr'>τοῦ</span> <span class='ocrx_word' id='word_1_36' title='bbox 1244 663 1477 735; x_wconf 75' lang='grc' dir='ltr'>Χριστοῦ</span> <span class='ocrx_word' id='word_1_37' title='bbox 1515 662 1578 716; x_wconf 86' lang='grc' dir='ltr'>τὸ</span> <span class='ocrx_word' id='word_1_38' title='bbox 1636 659 1862 736; x_wconf 82' lang='grc' dir='ltr'>Εὐαγγέ-</span> 
     </span>
    </p>
   </div>
   <div class='ocr_carea' id='block_1_8' title="bbox 200 749 1860 826">
    <p class='ocr_par' dir='ltr' id='par_1_8' title="bbox 200 749 1860 826">
     <span class='ocr_line' id='line_1_8' title="bbox 200 749 1860 826; baseline -0.004 -17"><span class='ocrx_word' id='word_1_39' title='bbox 200 754 318 811; x_wconf 90' lang='grc' dir='ltr'>λιον</span> <span class='ocrx_word' id='word_1_40' title='bbox 351 753 444 808; x_wconf 87' lang='grc' dir='ltr'>καὶ</span> <span class='ocrx_word' id='word_1_41' title='bbox 477 750 567 807; x_wconf 78' lang='grc' dir='ltr'>διὰ</span> <span class='ocrx_word' id='word_1_42' title='bbox 596 751 694 806; x_wconf 81' lang='grc' dir='ltr'>σοῦ</span> <span class='ocrx_word' id='word_1_43' title='bbox 725 750 801 813; x_wconf 85' lang='grc' dir='ltr'>εἷς</span> <span class='ocrx_word' id='word_1_44' title='bbox 837 756 1015 823; x_wconf 78' lang='grc' dir='ltr'>μῆκος</span> <span class='ocrx_word' id='word_1_45' title='bbox 1045 751 1134 804; x_wconf 86' lang='grc' dir='ltr'>καὶ</span> <span class='ocrx_word' id='word_1_46' title='bbox 1186 749 1394 812; x_wconf 87' lang='grc' dir='ltr'>πλάτος</span> <span class='ocrx_word' id='word_1_47' title='bbox 1447 751 1678 826; x_wconf 79' lang='grc' dir='ltr'>ἐγχυθῇ,</span> <span class='ocrx_word' id='word_1_48' title='bbox 1711 749 1860 811; x_wconf 80' lang='grc' dir='ltr'>ὅπως</span> 
     </span>
    </p>
   </div>
   <div class='ocr_carea' id='block_1_9' title="bbox 199 835 1860 915">
    <p class='ocr_par' dir='ltr' id='par_1_9' title="bbox 199 835 1860 915">
     <span class='ocr_line' id='line_1_9' title="bbox 199 835 1860 915; baseline -0.004 -18"><span class='ocrx_word' id='word_1_49' title='bbox 199 843 348 914; x_wconf 79' lang='grc' dir='ltr'>παρά</span> <span class='ocrx_word' id='word_1_50' title='bbox 375 845 474 896; x_wconf 91' lang='grc' dir='ltr'>τοῦ</span> <span class='ocrx_word' id='word_1_51' title='bbox 507 838 706 915; x_wconf 84' lang='grc' dir='ltr'>Κυρίου</span> <span class='ocrx_word' id='word_1_52' title='bbox 739 841 812 901; x_wconf 87' lang='grc' dir='ltr'>ὡς</span> <span class='ocrx_word' id='word_1_53' title='bbox 841 839 1032 900; x_wconf 87' lang='grc' dir='ltr'>πιστὸς</span> <span class='ocrx_word' id='word_1_54' title='bbox 1065 835 1265 900; x_wconf 89' lang='grc' dir='ltr'>δοῦλος</span> <span class='ocrx_word' id='word_1_55' title='bbox 1314 841 1552 910; x_wconf 77' lang='grc' dir='ltr'>ἀξιωθῆς</span> <span class='ocrx_word' id='word_1_56' title='bbox 1609 838 1860 906; x_wconf 82' lang='grc' dir='ltr'>ἀκοῦσαι,</span> 
     </span>
    </p>
   </div>
   <div class='ocr_carea' id='block_1_10' title="bbox 197 926 1862 1003">
    <p class='ocr_par' dir='ltr' id='par_1_10' title="bbox 197 926 1862 1003">
     <span class='ocr_line' id='line_1_10' title="bbox 197 926 1862 1003; baseline -0.005 -14"><span class='ocrx_word' id='word_1_57' title='bbox 197 929 296 1000; x_wconf 77' lang='grc' dir='ltr'>Εὖ,</span> <span class='ocrx_word' id='word_1_58' title='bbox 379 928 544 986; x_wconf 85' lang='grc' dir='ltr'>δοῦλε</span> <span class='ocrx_word' id='word_1_59' title='bbox 609 929 777 1003; x_wconf 75' lang='grc' dir='ltr'>ἀγαθὲ</span> <span class='ocrx_word' id='word_1_60' title='bbox 824 928 912 982; x_wconf 86' lang='grc' dir='ltr'>καὶ</span> <span class='ocrx_word' id='word_1_61' title='bbox 989 928 1166 995; x_wconf 71' lang='grc' dir='ltr'>πιστέ,</span> <span class='ocrx_word' id='word_1_62' title='bbox 1242 926 1330 982; x_wconf 82' lang='grc' dir='ltr'>ἐπὶ</span> <span class='ocrx_word' id='word_1_63' title='bbox 1393 927 1594 1001; x_wconf 85' lang='grc' dir='ltr'>ὀλίγων</span> <span class='ocrx_word' id='word_1_64' title='bbox 1645 928 1714 996; x_wconf 78' lang='grc' dir='ltr'>ἧς</span> <span class='ocrx_word' id='word_1_65' title='bbox 1771 948 1862 982; x_wconf 85' lang='grc' dir='ltr'>πι-</span> 
     </span>
    </p>
   </div>
   <div class='ocr_carea' id='block_1_11' title="bbox 199 1014 1859 1093">
    <p class='ocr_par' dir='ltr' id='par_1_11' title="bbox 199 1014 1859 1093">
     <span class='ocr_line' id='line_1_11' title="bbox 199 1014 1859 1093; baseline -0.005 -17"><span class='ocrx_word' id='word_1_66' title='bbox 199 1022 345 1093; x_wconf 79' lang='grc' dir='ltr'>στὸς,</span> <span class='ocrx_word' id='word_1_67' title='bbox 405 1018 495 1074; x_wconf 77' lang='grc' dir='ltr'>ἐπὶ</span> <span class='ocrx_word' id='word_1_68' title='bbox 553 1016 782 1073; x_wconf 81' lang='grc' dir='ltr'>πολλῶν</span> <span class='ocrx_word' id='word_1_69' title='bbox 841 1037 898 1071; x_wconf 92' lang='grc' dir='ltr'>σε</span> <span class='ocrx_word' id='word_1_70' title='bbox 955 1018 1298 1086; x_wconf 70' lang='grc' dir='ltr'>καταστήσω.</span> <span class='ocrx_word' id='word_1_71' title='bbox 1361 1014 1587 1073; x_wconf 66' lang='grc' dir='ltr'>Εἵσελθε</span> <span class='ocrx_word' id='word_1_72' title='bbox 1637 1015 1712 1078; x_wconf 85' lang='grc' dir='ltr'>εἷς</span> <span class='ocrx_word' id='word_1_73' title='bbox 1760 1018 1859 1085; x_wconf 70' lang='grc' dir='ltr'>τήν</span> 
     </span>
    </p>
   </div>
   <div class='ocr_carea' id='block_1_12' title="bbox 201 1101 1862 1184">
    <p class='ocr_par' dir='ltr' id='par_1_12' title="bbox 201 1101 1862 1184">
     <span class='ocr_line' id='line_1_12' title="bbox 201 1101 1862 1184; baseline -0.002 -22"><span class='ocrx_word' id='word_1_74' title='bbox 201 1110 377 1184; x_wconf 75' lang='grc' dir='ltr'>χαρὰν</span> <span class='ocrx_word' id='word_1_75' title='bbox 436 1111 534 1162; x_wconf 87' lang='grc' dir='ltr'>τοῦ</span> <span class='ocrx_word' id='word_1_76' title='bbox 584 1104 781 1179; x_wconf 77' lang='grc' dir='ltr'>Κυρίου</span> <span class='ocrx_word' id='word_1_77' title='bbox 830 1125 948 1160; x_wconf 87' lang='grc' dir='ltr'>σου.</span> <span class='ocrx_word' id='word_1_78' title='bbox 984 1129 1013 1156; x_wconf 86' lang='grc'>››</span> <span class='ocrx_word' id='word_1_79' title='bbox 1047 1104 1309 1159; x_wconf 79' lang='grc' dir='ltr'>Κοινωνοὶ</span> <span class='ocrx_word' id='word_1_80' title='bbox 1343 1101 1400 1159; x_wconf 75' lang='grc' dir='ltr'>δέ</span> <span class='ocrx_word' id='word_1_81' title='bbox 1429 1110 1527 1160; x_wconf 90' lang='grc' dir='ltr'>τοῦ</span> <span class='ocrx_word' id='word_1_82' title='bbox 1557 1102 1708 1179; x_wconf 80' lang='grc' dir='ltr'>ἁγίου</span> <span class='ocrx_word' id='word_1_83' title='bbox 1740 1113 1862 1159; x_wconf 85' lang='grc' dir='ltr'>Διο-</span> 
     </span>
    </p>
   </div>
   <div class='ocr_carea' id='block_1_13' title="bbox 197 1191 1860 1270">
    <p class='ocr_par' dir='ltr' id='par_1_13' title="bbox 197 1191 1860 1270">
     <span class='ocr_line' id='line_1_13' title="bbox 197 1191 1860 1270; baseline -0.001 -18"><span class='ocrx_word' id='word_1_84' title='bbox 197 1197 386 1252; x_wconf 89' lang='grc' dir='ltr'>νυσίου</span> <span class='ocrx_word' id='word_1_85' title='bbox 443 1199 577 1265; x_wconf 72' lang='grc' dir='ltr'>ἦσαν</span> <span class='ocrx_word' id='word_1_86' title='bbox 633 1199 1017 1270; x_wconf 73' lang='grc' dir='ltr'>Σατουρνῖνος,</span> <span class='ocrx_word' id='word_1_87' title='bbox 1077 1191 1420 1270; x_wconf 79' lang='grc' dir='ltr'>Μάρκελλος,</span> <span class='ocrx_word' id='word_1_88' title='bbox 1478 1195 1569 1248; x_wconf 81' lang='grc' dir='ltr'>καὶ</span> <span class='ocrx_word' id='word_1_89' title='bbox 1627 1201 1860 1250; x_wconf 85' lang='grc' dir='ltr'>Λουκια-</span> 
     </span>
    </p>
   </div>
   <div class='ocr_carea' id='block_1_14' title="bbox 197 1281 1861 1360">
    <p class='ocr_par' dir='ltr' id='par_1_14' title="bbox 197 1281 1861 1360">
     <span class='ocr_line' id='line_1_14' title="bbox 197 1281 1861 1360; baseline -0.002 -19"><span class='ocrx_word' id='word_1_90' title='bbox 197 1288 311 1355; x_wconf 83' lang='grc' dir='ltr'>νὸς,</span> <span class='ocrx_word' id='word_1_91' title='bbox 374 1285 468 1340; x_wconf 82' lang='grc' dir='ltr'>σὺν</span> <span class='ocrx_word' id='word_1_92' title='bbox 525 1284 673 1357; x_wconf 76' lang='grc' dir='ltr'>αὐτῷ</span> <span class='ocrx_word' id='word_1_93' title='bbox 704 1281 877 1352; x_wconf 74' lang='grc' dir='ltr'>ὄντες,</span> <span class='ocrx_word' id='word_1_94' title='bbox 904 1281 996 1339; x_wconf 69' lang='grc' dir='ltr'>’ἱνα</span> <span class='ocrx_word' id='word_1_95' title='bbox 1054 1281 1113 1338; x_wconf 88' lang='grc' dir='ltr'>ἐκ</span> <span class='ocrx_word' id='word_1_96' title='bbox 1144 1283 1412 1356; x_wconf 87' lang='grc' dir='ltr'>στόματος</span> <span class='ocrx_word' id='word_1_97' title='bbox 1447 1281 1545 1338; x_wconf 72' lang='grc' dir='ltr'>δύο</span> <span class='ocrx_word' id='word_1_98' title='bbox 1577 1283 1665 1338; x_wconf 84' lang='grc' dir='ltr'>καὶ</span> <span class='ocrx_word' id='word_1_99' title='bbox 1695 1282 1861 1360; x_wconf 84' lang='grc' dir='ltr'>τριῶν</span> 
     </span>
    </p>
   </div>
   <div class='ocr_carea' id='block_1_15' title="bbox 202 1373 1859 1451">
    <p class='ocr_par' dir='ltr' id='par_1_15' title="bbox 202 1373 1859 1451">
     <span class='ocr_line' id='line_1_15' title="bbox 202 1373 1859 1451; baseline -0.001 -21"><span class='ocrx_word' id='word_1_100' title='bbox 202 1376 496 1451; x_wconf 78' lang='grc' dir='ltr'>μαρτύρων</span> <span class='ocrx_word' id='word_1_101' title='bbox 548 1377 584 1445; x_wconf 78' lang='grc' dir='ltr'>ἠ</span> <span class='ocrx_word' id='word_1_102' title='bbox 641 1379 749 1429; x_wconf 86' lang='grc' dir='ltr'>τῶν</span> <span class='ocrx_word' id='word_1_103' title='bbox 802 1374 1139 1446; x_wconf 78' lang='grc' dir='ltr'>Χριστιανῶν</span> <span class='ocrx_word' id='word_1_104' title='bbox 1189 1373 1368 1434; x_wconf 82' lang='grc' dir='ltr'>πίστις</span> <span class='ocrx_word' id='word_1_105' title='bbox 1422 1379 1539 1436; x_wconf 84' lang='grc' dir='ltr'>τοῖς</span> <span class='ocrx_word' id='word_1_106' title='bbox 1600 1373 1859 1448; x_wconf 82' lang='grc' dir='ltr'>ἀγνοοῦσι</span> 
     </span>
    </p>
   </div>
   <div class='ocr_carea' id='block_1_16' title="bbox 202 1459 1858 1540">
    <p class='ocr_par' dir='ltr' id='par_1_16' title="bbox 202 1459 1858 1540">
     <span class='ocr_line' id='line_1_16' title="bbox 202 1459 1858 1540; baseline -0.003 -20"><span class='ocrx_word' id='word_1_107' title='bbox 202 1467 392 1538; x_wconf 82' lang='grc' dir='ltr'>μέρεσι</span> <span class='ocrx_word' id='word_1_108' title='bbox 453 1459 765 1540; x_wconf 76' lang='grc' dir='ltr'>παραδοθῇ.</span> <span class='ocrx_word' id='word_1_109' title='bbox 823 1460 1045 1518; x_wconf 71' lang='grc' dir='ltr'>Τούτων</span> <span class='ocrx_word' id='word_1_110' title='bbox 1105 1459 1162 1516; x_wconf 72' lang='grc' dir='ltr'>δέ</span> <span class='ocrx_word' id='word_1_111' title='bbox 1193 1463 1333 1534; x_wconf 85' lang='grc' dir='ltr'>ὁμοῦ</span> <span class='ocrx_word' id='word_1_112' title='bbox 1378 1461 1738 1518; x_wconf 82' lang='grc' dir='ltr'>συνελθόντων</span> <span class='ocrx_word' id='word_1_113' title='bbox 1770 1461 1858 1516; x_wconf 85' lang='grc' dir='ltr'>καὶ</span> 
     </span>
    </p>
   </div>
   <div class='ocr_carea' id='block_1_17' title="bbox 197 1548 1857 1627">
    <p class='ocr_par' dir='ltr' id='par_1_17' title="bbox 197 1548 1857 1627">
     <span class='ocr_line' id='line_1_17' title="bbox 197 1548 1857 1627; baseline -0.001 -19"><span class='ocrx_word' id='word_1_114' title='bbox 197 1551 612 1627; x_wconf 67' lang='grc' dir='ltr'>πορευομένων,</span> <span class='ocrx_word' id='word_1_115' title='bbox 670 1548 842 1620; x_wconf 83' lang='grc' dir='ltr'>ἦλθον</span> <span class='ocrx_word' id='word_1_116' title='bbox 897 1549 972 1611; x_wconf 87' lang='grc' dir='ltr'>εἰς</span> <span class='ocrx_word' id='word_1_117' title='bbox 1005 1549 1203 1622; x_wconf 78' lang='grc' dir='ltr'>λιμένα</span> <span class='ocrx_word' id='word_1_118' title='bbox 1234 1549 1588 1626; x_wconf 79' lang='grc' dir='ltr'>’Λριλαδιτῆς</span> <span class='ocrx_word' id='word_1_119' title='bbox 1618 1551 1857 1614; x_wconf 80' lang='grc' dir='ltr'>πόλεως.</span> 
     </span>
    </p>
   </div>
   <div class='ocr_carea' id='block_1_18' title="bbox 193 1637 1860 1716">
    <p class='ocr_par' dir='ltr' id='par_1_18' title="bbox 193 1637 1860 1716">
     <span class='ocr_line' id='line_1_18' title="bbox 193 1637 1860 1716; baseline -0.004 -18"><span class='ocrx_word' id='word_1_120' title='bbox 193 1641 337 1699; x_wconf 84' lang='grc' dir='ltr'>Τότε</span> <span class='ocrx_word' id='word_1_121' title='bbox 403 1643 432 1696; x_wconf 84' lang='grc' dir='ltr'>ὁ</span> <span class='ocrx_word' id='word_1_122' title='bbox 495 1642 647 1716; x_wconf 78' lang='grc' dir='ltr'>ἅγιος</span> <span class='ocrx_word' id='word_1_123' title='bbox 704 1637 1012 1710; x_wconf 80' lang='grc' dir='ltr'>Διονύσιος,</span> <span class='ocrx_word' id='word_1_124' title='bbox 1073 1638 1398 1715; x_wconf 76' lang='grc' dir='ltr'>Μάρκελλον</span> <span class='ocrx_word' id='word_1_125' title='bbox 1459 1639 1534 1703; x_wconf 82' lang='grc' dir='ltr'>εἷς</span> <span class='ocrx_word' id='word_1_126' title='bbox 1591 1639 1860 1697; x_wconf 79' lang='grc' dir='ltr'>Ἱσπανίαν</span> 
     </span>
    </p>
   </div>
   <div class='ocr_carea' id='block_1_19' title="bbox 198 1726 1862 1803">
    <p class='ocr_par' dir='ltr' id='par_1_19' title="bbox 198 1726 1862 1803">
     <span class='ocr_line' id='line_1_19' title="bbox 198 1726 1862 1803; baseline -0.001 -19"><span class='ocrx_word' id='word_1_127' title='bbox 198 1727 659 1801; x_wconf 74' lang='grc' dir='ltr'>ἀπέστειλεν,⁹ίνα</span> <span class='ocrx_word' id='word_1_128' title='bbox 701 1728 792 1783; x_wconf 89' lang='grc' dir='ltr'>τὸν</span> <span class='ocrx_word' id='word_1_129' title='bbox 846 1726 1013 1803; x_wconf 87' lang='grc' dir='ltr'>λόγον</span> <span class='ocrx_word' id='word_1_130' title='bbox 1071 1735 1172 1798; x_wconf 87' lang='grc' dir='ltr'>τῆς</span> <span class='ocrx_word' id='word_1_131' title='bbox 1223 1734 1367 1798; x_wconf 79' lang='grc' dir='ltr'>ζωῆς</span> <span class='ocrx_word' id='word_1_132' title='bbox 1398 1733 1515 1790; x_wconf 85' lang='grc' dir='ltr'>ταῖς</span> <span class='ocrx_word' id='word_1_133' title='bbox 1546 1727 1862 1799; x_wconf 78' lang='grc' dir='ltr'>ἐκκλησίαις</span> 
     </span>
    </p>
   </div>
   <div class='ocr_carea' id='block_1_20' title="bbox 189 1815 1862 1894">
    <p class='ocr_par' dir='ltr' id='par_1_20' title="bbox 189 1815 1862 1894">
     <span class='ocr_line' id='line_1_20' title="bbox 189 1815 1862 1894; baseline -0.002 -20"><span class='ocrx_word' id='word_1_134' title='bbox 189 1823 293 1874; x_wconf 88' lang='grc' dir='ltr'>τοῦ</span> <span class='ocrx_word' id='word_1_135' title='bbox 325 1820 566 1893; x_wconf 79' lang='grc' dir='ltr'>Χριστοῦ</span> <span class='ocrx_word' id='word_1_136' title='bbox 597 1818 914 1892; x_wconf 78' lang='grc' dir='ltr'>παραθήσῃ·</span> <span class='ocrx_word' id='word_1_137' title='bbox 973 1815 1134 1878; x_wconf 82' lang='grc' dir='ltr'>αὐτὸς</span> <span class='ocrx_word' id='word_1_138' title='bbox 1168 1817 1228 1871; x_wconf 76' lang='grc' dir='ltr'>δὲ</span> <span class='ocrx_word' id='word_1_139' title='bbox 1283 1819 1311 1871; x_wconf 86' lang='grc' dir='ltr'>ὁ</span> <span class='ocrx_word' id='word_1_140' title='bbox 1374 1817 1523 1893; x_wconf 79' lang='grc' dir='ltr'>ἅγιος</span> <span class='ocrx_word' id='word_1_141' title='bbox 1579 1816 1862 1894; x_wconf 70' lang='grc' dir='ltr'>Διονύσιος</span> 
     </span>
    </p>
   </div>
   <div class='ocr_carea' id='block_1_21' title="bbox 191 1904 1862 1984">
    <p class='ocr_par' dir='ltr' id='par_1_21' title="bbox 191 1904 1862 1984">
     <span class='ocr_line' id='line_1_21' title="bbox 191 1904 1862 1984; baseline -0.002 -20"><span class='ocrx_word' id='word_1_142' title='bbox 191 1913 265 1983; x_wconf 81' lang='grc' dir='ltr'>τῇ</span> <span class='ocrx_word' id='word_1_143' title='bbox 307 1912 407 1964; x_wconf 88' lang='grc' dir='ltr'>τοῦ</span> <span class='ocrx_word' id='word_1_144' title='bbox 456 1908 610 1982; x_wconf 77' lang='grc' dir='ltr'>ἁγίου</span> <span class='ocrx_word' id='word_1_145' title='bbox 661 1905 972 1979; x_wconf 72' lang='grc' dir='ltr'>Πνεῦματος</span> <span class='ocrx_word' id='word_1_146' title='bbox 1025 1904 1196 1982; x_wconf 74' lang='grc' dir='ltr'>θέρμῃ</span> <span class='ocrx_word' id='word_1_147' title='bbox 1246 1906 1520 1984; x_wconf 72' lang='grc' dir='ltr'>ἀναφθεὶς,</span> <span class='ocrx_word' id='word_1_148' title='bbox 1580 1905 1668 1960; x_wconf 88' lang='grc' dir='ltr'>καὶ</span> <span class='ocrx_word' id='word_1_149' title='bbox 1727 1905 1862 1960; x_wconf 86' lang='grc' dir='ltr'>ἀπο-</span> 
     </span>
    </p>
   </div>
   <div class='ocr_carea' id='block_1_22' title="bbox 198 1992 1917 2071">
    <p class='ocr_par' dir='ltr' id='par_1_22' title="bbox 198 1992 1917 2071">
     <span class='ocr_line' id='line_1_22' title="bbox 198 1992 1917 2071; baseline -0.001 -20"><span class='ocrx_word' id='word_1_150' title='bbox 198 1996 435 2070; x_wconf 77' lang='grc' dir='ltr'>στολικῇ</span> <span class='ocrx_word' id='word_1_151' title='bbox 487 1994 807 2071; x_wconf 83' lang='grc' dir='ltr'>πληρωθεὶς</span> <span class='ocrx_word' id='word_1_152' title='bbox 875 1992 1107 2065; x_wconf 81' lang='grc' dir='ltr'>ἐξουσίᾳ,</span> <span class='ocrx_word' id='word_1_153' title='bbox 1166 1995 1299 2068; x_wconf 80' lang='grc' dir='ltr'>ἅπερ</span> <span class='ocrx_word' id='word_1_154' title='bbox 1357 1995 1502 2070; x_wconf 81' lang='grc' dir='ltr'>παρά</span> <span class='ocrx_word' id='word_1_155' title='bbox 1552 1998 1650 2049; x_wconf 88' lang='grc' dir='ltr'>τοῦ</span> <span class='ocrx_word' id='word_1_156' title='bbox 1704 1994 1860 2071; x_wconf 82' lang='grc' dir='ltr'>ἁγίου</span> <span class='ocrx_word' id='word_1_157' title='bbox 1913 1995 1917 2001; x_wconf 77' lang='grc'><em>’</em></span> 
     </span>
    </p>
   </div>
   <div class='ocr_carea' id='block_1_23' title="bbox 204 2081 1862 2158">
    <p class='ocr_par' dir='ltr' id='par_1_23' title="bbox 204 2081 1862 2158">
     <span class='ocr_line' id='line_1_23' title="bbox 204 2081 1862 2158; baseline -0.001 -18"><span class='ocrx_word' id='word_1_158' title='bbox 204 2085 528 2158; x_wconf 71' lang='grc' dir='ltr'>[Ινεύματος</span> <span class='ocrx_word' id='word_1_159' title='bbox 588 2082 680 2138; x_wconf 73' lang='grc' dir='ltr'>σὺν</span> <span class='ocrx_word' id='word_1_160' title='bbox 738 2087 819 2154; x_wconf 80' lang='grc' dir='ltr'>τῷ</span> <span class='ocrx_word' id='word_1_161' title='bbox 877 2081 1015 2157; x_wconf 86' lang='grc' dir='ltr'>ἁγίῳ</span> <span class='ocrx_word' id='word_1_162' title='bbox 1046 2081 1322 2156; x_wconf 76' lang='grc' dir='ltr'>Κλήμεντι</span> <span class='ocrx_word' id='word_1_163' title='bbox 1351 2089 1467 2147; x_wconf 86' lang='grc' dir='ltr'>θεῖα</span> <span class='ocrx_word' id='word_1_164' title='bbox 1507 2081 1672 2158; x_wconf 83' lang='grc' dir='ltr'>λόγια</span> <span class='ocrx_word' id='word_1_165' title='bbox 1699 2105 1862 2139; x_wconf 88' lang='grc' dir='ltr'>κατα-</span> 
     </span>
    </p>
   </div>
   <div class='ocr_carea' id='block_1_24' title="bbox 199 2167 1860 2252">
    <p class='ocr_par' dir='ltr' id='par_1_24' title="bbox 199 2167 1860 2252">
     <span class='ocr_line' id='line_1_24' title="bbox 199 2167 1860 2252; baseline -0.002 -22"><span class='ocrx_word' id='word_1_166' title='bbox 199 2179 421 2252; x_wconf 81' lang='grc' dir='ltr'>σπεῖραι</span> <span class='ocrx_word' id='word_1_167' title='bbox 475 2178 593 2236; x_wconf 80' lang='grc' dir='ltr'>τοῖς</span> <span class='ocrx_word' id='word_1_168' title='bbox 642 2167 840 2226; x_wconf 79' lang='grc' dir='ltr'>ἔθνεσιν</span> <span class='ocrx_word' id='word_1_169' title='bbox 894 2169 1149 2242; x_wconf 78' lang='grc' dir='ltr'>ἐδέξατο,</span> <span class='ocrx_word' id='word_1_170' title='bbox 1211 2172 1386 2227; x_wconf 83' lang='grc' dir='ltr'>πίστει</span> <span class='ocrx_word' id='word_1_171' title='bbox 1443 2169 1680 2246; x_wconf 82' lang='grc' dir='ltr'>διένειμε</span> <span class='ocrx_word' id='word_1_172' title='bbox 1732 2177 1860 2228; x_wconf 83' lang='grc' dir='ltr'>πᾶσι</span> 
     </span>
    </p>
   </div>
   <div class='ocr_carea' id='block_1_25' title="bbox 195 2259 1860 2340">
    <p class='ocr_par' dir='ltr' id='par_1_25' title="bbox 195 2259 1860 2340">
     <span class='ocr_line' id='line_1_25' title="bbox 195 2259 1860 2340; baseline -0.002 -19"><span class='ocrx_word' id='word_1_173' title='bbox 195 2272 320 2328; x_wconf 85' lang='grc' dir='ltr'>τοῖς</span> <span class='ocrx_word' id='word_1_174' title='bbox 351 2263 626 2340; x_wconf 79' lang='grc' dir='ltr'>ἑσπερίοις</span> <span class='ocrx_word' id='word_1_175' title='bbox 659 2264 867 2340; x_wconf 87' lang='grc' dir='ltr'>μέρεσι.</span> <span class='ocrx_word' id='word_1_176' title='bbox 916 2263 1024 2330; x_wconf 70' lang='grc' dir='ltr'>Τὴν</span> <span class='ocrx_word' id='word_1_177' title='bbox 1072 2260 1423 2338; x_wconf 87' lang='grc' dir='ltr'>σκληρότητα</span> <span class='ocrx_word' id='word_1_178' title='bbox 1455 2259 1512 2316; x_wconf 75' lang='grc' dir='ltr'>δὲ</span> <span class='ocrx_word' id='word_1_179' title='bbox 1541 2268 1646 2317; x_wconf 85' lang='grc' dir='ltr'>τῶν</span> <span class='ocrx_word' id='word_1_180' title='bbox 1700 2262 1860 2317; x_wconf 88' lang='grc' dir='ltr'>ἀπεί-</span> 
     </span>
    </p>
   </div>
   <div class='ocr_carea' id='block_1_26' title="bbox 199 2348 1860 2432">
    <p class='ocr_par' dir='ltr' id='par_1_26' title="bbox 199 2348 1860 2432">
     <span class='ocr_line' id='line_1_26' title="bbox 199 2348 1860 2432; baseline -0.001 -22"><span class='ocrx_word' id='word_1_181' title='bbox 199 2376 312 2432; x_wconf 89' lang='grc' dir='ltr'>ρων</span> <span class='ocrx_word' id='word_1_182' title='bbox 367 2355 540 2410; x_wconf 85' lang='grc' dir='ltr'>ἐκεῖσε</span> <span class='ocrx_word' id='word_1_183' title='bbox 597 2354 762 2409; x_wconf 88' lang='grc' dir='ltr'>ἐθνῶν</span> <span class='ocrx_word' id='word_1_184' title='bbox 824 2352 901 2425; x_wconf 79' lang='grc' dir='ltr'>μὴ</span> <span class='ocrx_word' id='word_1_185' title='bbox 962 2348 1244 2422; x_wconf 84' lang='grc' dir='ltr'>δεδοικὼς,</span> <span class='ocrx_word' id='word_1_186' title='bbox 1303 2351 1447 2426; x_wconf 73' lang='grc' dir='ltr'>μηδὲ</span> <span class='ocrx_word' id='word_1_187' title='bbox 1473 2354 1569 2414; x_wconf 74' lang='grc' dir='ltr'>τὰς</span> <span class='ocrx_word' id='word_1_188' title='bbox 1618 2348 1860 2415; x_wconf 77' lang='grc' dir='ltr'>ἀσεϐείας</span> 
     </span>
    </p>
   </div>
   <div class='ocr_carea' id='block_1_27' title="bbox 193 2437 1859 2521">
    <p class='ocr_par' dir='ltr' id='par_1_27' title="bbox 193 2437 1859 2521">
     <span class='ocr_line' id='line_1_27' title="bbox 193 2437 1859 2521; baseline -0.002 -22"><span class='ocrx_word' id='word_1_189' title='bbox 193 2448 294 2499; x_wconf 90' lang='grc' dir='ltr'>τοῦ</span> <span class='ocrx_word' id='word_1_190' title='bbox 327 2442 467 2499; x_wconf 80' lang='grc' dir='ltr'>λαοῦ</span> <span class='ocrx_word' id='word_1_191' title='bbox 524 2437 809 2521; x_wconf 74' lang='grc' dir='ltr'>φοϐηθεὶς,</span> <span class='ocrx_word' id='word_1_192' title='bbox 868 2438 1139 2514; x_wconf 78' lang='grc' dir='ltr'>προῆλθεν</span> <span class='ocrx_word' id='word_1_193' title='bbox 1203 2440 1290 2496; x_wconf 88' lang='grc' dir='ltr'>ἐπὶ</span> <span class='ocrx_word' id='word_1_194' title='bbox 1345 2441 1409 2496; x_wconf 88' lang='grc' dir='ltr'>τὸ</span> <span class='ocrx_word' id='word_1_195' title='bbox 1452 2442 1729 2517; x_wconf 76' lang='grc' dir='ltr'>κήρυγμα,</span> <span class='ocrx_word' id='word_1_196' title='bbox 1779 2446 1859 2514; x_wconf 78' lang='grc' dir='ltr'>τῷ</span> 
     </span>
    </p>
   </div>
   <div class='ocr_carea' id='block_1_28' title="bbox 194 2527 1860 2606">
    <p class='ocr_par' dir='ltr' id='par_1_28' title="bbox 194 2527 1860 2606">
     <span class='ocr_line' id='line_1_28' title="bbox 194 2527 1860 2606; baseline -0.002 -20"><span class='ocrx_word' id='word_1_197' title='bbox 194 2536 295 2586; x_wconf 87' lang='lat'>106</span> <span class='ocrx_word' id='word_1_198' title='bbox 358 2530 629 2606; x_wconf 82' lang='grc' dir='ltr'>μακαρίου</span> <span class='ocrx_word' id='word_1_199' title='bbox 684 2531 934 2605; x_wconf 85' lang='grc' dir='ltr'>ἀρχηγοῦ</span> <span class='ocrx_word' id='word_1_200' title='bbox 990 2532 1098 2582; x_wconf 91' lang='grc' dir='ltr'>τῶν</span> <span class='ocrx_word' id='word_1_201' title='bbox 1163 2527 1488 2584; x_wconf 85' lang='grc' dir='ltr'>ἀποστόλων</span> <span class='ocrx_word' id='word_1_202' title='bbox 1549 2529 1860 2605; x_wconf 81' lang='grc' dir='ltr'>στερεωθεὶς</span> 
     </span>
    </p>
   </div>
   <div class='ocr_carea' id='block_1_29' title="bbox 195 2615 1861 2696">
    <p class='ocr_par' dir='ltr' id='par_1_29' title="bbox 195 2615 1861 2696">
     <span class='ocr_line' id='line_1_29' title="bbox 195 2615 1861 2696; baseline -0.001 -23"><span class='ocrx_word' id='word_1_203' title='bbox 195 2619 496 2694; x_wconf 82' lang='grc' dir='ltr'>πνεύματι,</span> <span class='ocrx_word' id='word_1_204' title='bbox 552 2625 649 2675; x_wconf 88' lang='grc' dir='ltr'>τοῦ</span> <span class='ocrx_word' id='word_1_205' title='bbox 693 2619 743 2675; x_wconf 90' lang='grc' dir='ltr'>ἐν</span> <span class='ocrx_word' id='word_1_206' title='bbox 777 2621 966 2694; x_wconf 84' lang='grc' dir='ltr'>Ῥώμῃ</span> <span class='ocrx_word' id='word_1_207' title='bbox 997 2619 1316 2696; x_wconf 83' lang='grc' dir='ltr'>γενομένου,</span> <span class='ocrx_word' id='word_1_208' title='bbox 1348 2617 1434 2672; x_wconf 85' lang='grc' dir='ltr'>καὶ</span> <span class='ocrx_word' id='word_1_209' title='bbox 1469 2615 1716 2681; x_wconf 82' lang='grc' dir='ltr'>δοθέντος</span> <span class='ocrx_word' id='word_1_210' title='bbox 1744 2623 1861 2680; x_wconf 86' lang='grc' dir='ltr'>τοῖς</span> 
     </span>
    </p>
   </div>
   <div class='ocr_carea' id='block_1_30' title="bbox 196 2705 1860 2786">
    <p class='ocr_par' dir='ltr' id='par_1_30' title="bbox 196 2705 1860 2786">
     <span class='ocr_line' id='line_1_30' title="bbox 196 2705 1860 2786; baseline -0.002 -22"><span class='ocrx_word' id='word_1_211' title='bbox 196 2709 452 2771; x_wconf 84' lang='grc' dir='ltr'>ἀπίστοις</span> <span class='ocrx_word' id='word_1_212' title='bbox 507 2710 643 2786; x_wconf 85' lang='grc' dir='ltr'>πρὸς</span> <span class='ocrx_word' id='word_1_213' title='bbox 697 2709 988 2783; x_wconf 80' lang='grc' dir='ltr'>τιμωρίαν.</span> <span class='ocrx_word' id='word_1_214' title='bbox 1045 2707 1147 2764; x_wconf 85' lang='grc' dir='ltr'>Καὶ</span> <span class='ocrx_word' id='word_1_215' title='bbox 1207 2706 1297 2761; x_wconf 76' lang='grc' dir='ltr'>ὅτε</span> <span class='ocrx_word' id='word_1_216' title='bbox 1353 2706 1459 2760; x_wconf 88' lang='grc' dir='ltr'>ἀπὸ</span> <span class='ocrx_word' id='word_1_217' title='bbox 1486 2713 1586 2774; x_wconf 80' lang='grc' dir='ltr'>τῆς</span> <span class='ocrx_word' id='word_1_218' title='bbox 1620 2705 1860 2768; x_wconf 85' lang='grc' dir='ltr'>Γαλλίας</span> 
     </span>
    </p>
   </div>
   <div class='ocr_carea' id='block_1_31' title="bbox 199 2793 1864 2874">
    <p class='ocr_par' dir='ltr' id='par_1_31' title="bbox 199 2793 1864 2874">
     <span class='ocr_line' id='line_1_31' title="bbox 199 2793 1864 2874; baseline -0.002 -20"><span class='ocrx_word' id='word_1_219' title='bbox 199 2800 548 2874; x_wconf 72' lang='grc' dir='ltr'>ὑποστρέψας</span> <span class='ocrx_word' id='word_1_220' title='bbox 579 2797 668 2853; x_wconf 86' lang='grc' dir='ltr'>ἐπὶ</span> <span class='ocrx_word' id='word_1_221' title='bbox 726 2797 904 2854; x_wconf 88' lang='grc' dir='ltr'>πλείω</span> <span class='ocrx_word' id='word_1_222' title='bbox 951 2803 1066 2858; x_wconf 88' lang='grc' dir='ltr'>τοῖς</span> <span class='ocrx_word' id='word_1_223' title='bbox 1111 2795 1344 2861; x_wconf 83' lang='grc' dir='ltr'>ἐθνικοῖς</span> <span class='ocrx_word' id='word_1_224' title='bbox 1401 2793 1571 2850; x_wconf 82' lang='grc' dir='ltr'>ἔθεσιν</span> <span class='ocrx_word' id='word_1_225' title='bbox 1617 2794 1864 2872; x_wconf 77' lang='grc' dir='ltr'>ἀναφθεῖ-</span> 
     </span>
    </p>
   </div>
   <div class='ocr_carea' id='block_1_32' title="bbox 198 2883 1864 2963">
    <p class='ocr_par' dir='ltr' id='par_1_32' title="bbox 198 2883 1864 2963">
     <span class='ocr_line' id='line_1_32' title="bbox 198 2883 1864 2963; baseline -0.002 -21"><span class='ocrx_word' id='word_1_226' title='bbox 198 2909 294 2942; x_wconf 86' lang='grc' dir='ltr'>σαν</span> <span class='ocrx_word' id='word_1_227' title='bbox 353 2885 494 2963; x_wconf 78' lang='grc' dir='ltr'>ἔγνω</span> <span class='ocrx_word' id='word_1_228' title='bbox 523 2888 621 2956; x_wconf 81' lang='grc' dir='ltr'>τὴν</span> <span class='ocrx_word' id='word_1_229' title='bbox 650 2884 864 2956; x_wconf 78' lang='grc' dir='ltr'>πλάνην</span> <span class='ocrx_word' id='word_1_230' title='bbox 887 2893 986 2956; x_wconf 75' lang='grc' dir='ltr'>τῆς</span> <span class='ocrx_word' id='word_1_231' title='bbox 1038 2886 1227 2961; x_wconf 77' lang='grc' dir='ltr'>χώρας</span> <span class='ocrx_word' id='word_1_232' title='bbox 1279 2884 1513 2954; x_wconf 84' lang='grc' dir='ltr'>ἐκείνης,</span> <span class='ocrx_word' id='word_1_233' title='bbox 1545 2884 1686 2952; x_wconf 87' lang='grc' dir='ltr'>τότε,</span> <span class='ocrx_word' id='word_1_234' title='bbox 1748 2883 1864 2956; x_wconf 82' lang='grc' dir='ltr'>θείᾳ</span> 
     </span>
    </p>
   </div>
   <div class='ocr_carea' id='block_1_33' title="bbox 197 2971 1864 3052">
    <p class='ocr_par' dir='ltr' id='par_1_33' title="bbox 197 2971 1864 3052">
     <span class='ocr_line' id='line_1_33' title="bbox 197 2971 1864 3052; baseline 0.003 -21"><span class='ocrx_word' id='word_1_235' title='bbox 197 2978 380 3050; x_wconf 77' lang='grc' dir='ltr'>σκέπῃ</span> <span class='ocrx_word' id='word_1_236' title='bbox 434 2976 858 3052; x_wconf 83' lang='grc' dir='ltr'>χρηματισθεὶς,</span> <span class='ocrx_word' id='word_1_237' title='bbox 891 2974 1110 3030; x_wconf 89' lang='grc' dir='ltr'>δυνατὸν</span> <span class='ocrx_word' id='word_1_238' title='bbox 1166 2973 1256 3028; x_wconf 81' lang='grc' dir='ltr'>καὶ</span> <span class='ocrx_word' id='word_1_239' title='bbox 1298 2973 1562 3042; x_wconf 84' lang='grc' dir='ltr'>ἀληθινὸς</span> <span class='ocrx_word' id='word_1_240' title='bbox 1617 2971 1864 3042; x_wconf 79' lang='grc' dir='ltr'>ἀθλητὴς</span> 
     </span>
    </p>
   </div>
   <div class='ocr_carea' id='block_1_34' title="bbox 197 3057 1862 3142">
    <p class='ocr_par' dir='ltr' id='par_1_34' title="bbox 197 3057 1862 3142">
     <span class='ocr_line' id='line_1_34' title="bbox 197 3057 1862 3142; baseline -0.003 -22"><span class='ocrx_word' id='word_1_241' title='bbox 197 3062 534 3141; x_wconf 82' lang='grc' dir='ltr'>ἀπεδείχθη,</span> <span class='ocrx_word' id='word_1_242' title='bbox 595 3064 880 3142; x_wconf 78' lang='grc' dir='ltr'>ἐπιῤῥίψας</span> <span class='ocrx_word' id='word_1_243' title='bbox 913 3064 1100 3118; x_wconf 80' lang='grc' dir='ltr'>ἐαυτὸν</span> <span class='ocrx_word' id='word_1_244' title='bbox 1159 3068 1274 3123; x_wconf 85' lang='grc' dir='ltr'>τοῖς</span> <span class='ocrx_word' id='word_1_245' title='bbox 1331 3062 1555 3138; x_wconf 84' lang='grc' dir='ltr'>ἀγῶσιν,</span> <span class='ocrx_word' id='word_1_246' title='bbox 1611 3057 1724 3131; x_wconf 67' lang='grc' dir='ltr'>ἵνα,</span> <span class='ocrx_word' id='word_1_247' title='bbox 1785 3061 1862 3123; x_wconf 88' lang='grc' dir='ltr'>ὡς</span> 
     </span>
    </p>
   </div>
   <div class='ocr_carea' id='block_1_35' title="bbox 194 3147 1858 3230">
    <p class='ocr_par' dir='ltr' id='par_1_35' title="bbox 194 3147 1858 3230">
     <span class='ocr_line' id='line_1_35' title="bbox 194 3147 1858 3230; baseline -0.002 -23"><span class='ocrx_word' id='word_1_248' title='bbox 194 3152 353 3226; x_wconf 80' lang='grc' dir='ltr'>ἄξιος</span> <span class='ocrx_word' id='word_1_249' title='bbox 408 3154 673 3230; x_wconf 78' lang='grc' dir='ltr'>ὑπάρχων</span> <span class='ocrx_word' id='word_1_250' title='bbox 727 3151 1028 3227; x_wconf 84' lang='grc' dir='ltr'>ὁμολογίας</span> <span class='ocrx_word' id='word_1_251' title='bbox 1076 3150 1166 3206; x_wconf 87' lang='grc' dir='ltr'>καὶ</span> <span class='ocrx_word' id='word_1_252' title='bbox 1217 3147 1582 3224; x_wconf 84' lang='grc' dir='ltr'>πληρώσεως,</span> <span class='ocrx_word' id='word_1_253' title='bbox 1613 3148 1858 3224; x_wconf 87' lang='grc' dir='ltr'>γενέσθαι</span> 
     </span>
    </p>
   </div>
   <div class='ocr_carea' id='block_1_36' title="bbox 1970 573 3616 656">
    <p class='ocr_par' dir='ltr' id='par_1_36' title="bbox 1970 573 3616 656">
     <span class='ocr_line' id='line_1_36' title="bbox 1970 573 3616 656; baseline 0.008 -28"><span class='ocrx_word' id='word_1_254' title='bbox 1970 573 2208 646; x_wconf 89' lang='lat' dir='ltr'>illicque</span> <span class='ocrx_word' id='word_1_255' title='bbox 2227 577 2478 648; x_wconf 67' lang='lat' dir='ltr'>praedica</span> <span class='ocrx_word' id='word_1_256' title='bbox 2497 578 2872 647; x_wconf 83' lang='lat' dir='ltr'>Evangelium</span> <span class='ocrx_word' id='word_1_257' title='bbox 2894 581 3371 654; x_wconf 80' lang='lat' dir='ltr'>regniccelorum,</span> <span class='ocrx_word' id='word_1_258' title='bbox 3392 585 3616 656; x_wconf 80' lang='lat' dir='ltr'>tibique</span> 
     </span>
    </p>
   </div>
   <div class='ocr_carea' id='block_1_37' title="bbox 1967 664 3613 740">
    <p class='ocr_par' dir='ltr' id='par_1_37' title="bbox 1967 664 3613 740">
     <span class='ocr_line' id='line_1_37' title="bbox 1967 664 3613 740; baseline 0.005 -21"><span class='ocrx_word' id='word_1_259' title='bbox 1967 668 2090 720; x_wconf 91' lang='lat' dir='ltr'>esto</span> <span class='ocrx_word' id='word_1_260' title='bbox 2119 664 2340 736; x_wconf 85' lang='lat' dir='ltr'>ligandi</span> <span class='ocrx_word' id='word_1_261' title='bbox 2370 682 2436 720; x_wconf 89' lang='lat' dir='ltr'>ac</span> <span class='ocrx_word' id='word_1_262' title='bbox 2469 665 2736 722; x_wconf 82' lang='lat' dir='ltr'>solvendi</span> <span class='ocrx_word' id='word_1_263' title='bbox 2770 673 3052 740; x_wconf 76' lang='lat' dir='ltr'>potestas,</span> <span class='ocrx_word' id='word_1_264' title='bbox 3089 677 3151 726; x_wconf 90' lang='lat' dir='ltr'>ut</span> <span class='ocrx_word' id='word_1_265' title='bbox 3179 672 3394 728; x_wconf 80' lang='lat' dir='ltr'>Christi</span> <span class='ocrx_word' id='word_1_266' title='bbox 3425 674 3613 728; x_wconf 84' lang='lat' dir='ltr'>Evan-</span> 
     </span>
    </p>
   </div>
   <div class='ocr_carea' id='block_1_38' title="bbox 1968 753 3617 830">
    <p class='ocr_par' dir='ltr' id='par_1_38' title="bbox 1968 753 3617 830">
     <span class='ocr_line' id='line_1_38' title="bbox 1968 753 3617 830; baseline 0.006 -21"><span class='ocrx_word' id='word_1_267' title='bbox 1968 753 2188 825; x_wconf 86' lang='lat' dir='ltr'>gelium</span> <span class='ocrx_word' id='word_1_268' title='bbox 2219 771 2252 810; x_wconf 71' lang='grc' dir='ltr'>ιι</span> <span class='ocrx_word' id='word_1_269' title='bbox 2281 757 2336 809; x_wconf 89' lang='lat' dir='ltr'>te</span> <span class='ocrx_word' id='word_1_270' title='bbox 2365 756 2537 811; x_wconf 89' lang='lat' dir='ltr'>etiam</span> <span class='ocrx_word' id='word_1_271' title='bbox 2567 756 2738 828; x_wconf 85' lang='lat' dir='ltr'>longe</span> <span class='ocrx_word' id='word_1_272' title='bbox 2768 757 3001 830; x_wconf 80' lang='lat' dir='ltr'>lateque</span> <span class='ocrx_word' id='word_1_273' title='bbox 3034 760 3419 830; x_wconf 64' lang='lat' dir='ltr'>diliundutur,</span> <span class='ocrx_word' id='word_1_274' title='bbox 3471 768 3535 818; x_wconf 92' lang='lat' dir='ltr'>ut</span> <span class='ocrx_word' id='word_1_275' title='bbox 3583 780 3617 819; x_wconf 88' lang='lat' dir='ltr'>a</span> 
     </span>
    </p>
   </div>
   <div class='ocr_carea' id='block_1_39' title="bbox 1968 842 3613 915">
    <p class='ocr_par' dir='ltr' id='par_1_39' title="bbox 1968 842 3613 915">
     <span class='ocr_line' id='line_1_39' title="bbox 1968 842 3613 915; baseline 0.007 -18"><span class='ocrx_word' id='word_1_276' title='bbox 1968 842 2216 898; x_wconf 90' lang='lat' dir='ltr'>Domino</span> <span class='ocrx_word' id='word_1_277' title='bbox 2246 849 2529 915; x_wconf 85' lang='lat' dir='ltr'>tanquam</span> <span class='ocrx_word' id='word_1_278' title='bbox 2587 846 2777 902; x_wconf 78' lang='lat' dir='ltr'>fidelis</span> <span class='ocrx_word' id='word_1_279' title='bbox 2837 863 3040 904; x_wconf 87' lang='lat' dir='ltr'>servus</span> <span class='ocrx_word' id='word_1_280' title='bbox 3095 850 3299 905; x_wconf 91' lang='lat' dir='ltr'>audire</span> <span class='ocrx_word' id='word_1_281' title='bbox 3332 867 3613 909; x_wconf 90' lang='lat' dir='ltr'>mereare.</span> 
     </span>
    </p>
   </div>
   <div class='ocr_carea' id='block_1_40' title="bbox 1967 931 3612 1012">
    <p class='ocr_par' dir='ltr' id='par_1_40' title="bbox 1967 931 3612 1012">
     <span class='ocr_line' id='line_1_40' title="bbox 1967 931 3612 1012; baseline 0.007 -27"><span class='ocrx_word' id='word_1_282' title='bbox 1967 931 2135 1001; x_wconf 82' lang='lat' dir='ltr'>Euge,</span> <span class='ocrx_word' id='word_1_283' title='bbox 2193 949 2346 989; x_wconf 76' lang='lat' dir='ltr'>serve</span> <span class='ocrx_word' id='word_1_284' title='bbox 2403 933 2539 990; x_wconf 82' lang='lat' dir='ltr'>bone</span> <span class='ocrx_word' id='word_1_285' title='bbox 2594 938 2644 990; x_wconf 83' lang='lat' dir='ltr'>et</span> <span class='ocrx_word' id='word_1_286' title='bbox 2725 935 2926 1005; x_wconf 76' lang='lat' dir='ltr'>ﬁdelis,</span> <span class='ocrx_word' id='word_1_287' title='bbox 3009 938 3150 1008; x_wconf 76' lang='lat' dir='ltr'>quia</span> <span class='ocrx_word' id='word_1_288' title='bbox 3234 956 3400 1010; x_wconf 78' lang='lat' dir='ltr'>super</span> <span class='ocrx_word' id='word_1_289' title='bbox 3478 958 3612 1012; x_wconf 84' lang='lat' dir='ltr'>pau-</span> 
     </span>
    </p>
   </div>
   <div class='ocr_carea' id='block_1_41' title="bbox 1968 1022 3610 1095">
    <p class='ocr_par' dir='ltr' id='par_1_41' title="bbox 1968 1022 3610 1095">
     <span class='ocr_line' id='line_1_41' title="bbox 1968 1022 3610 1095; baseline 0.007 -20"><span class='ocrx_word' id='word_1_290' title='bbox 1968 1037 2031 1076; x_wconf 81' lang='lat' dir='ltr'>ca</span> <span class='ocrx_word' id='word_1_291' title='bbox 2107 1022 2267 1092; x_wconf 78' lang='lat' dir='ltr'>fuisti</span> <span class='ocrx_word' id='word_1_292' title='bbox 2346 1022 2546 1093; x_wconf 78' lang='lat' dir='ltr'>ﬁdelis,</span> <span class='ocrx_word' id='word_1_293' title='bbox 2631 1040 2804 1095; x_wconf 75' lang='lat' dir='ltr'>supra</span> <span class='ocrx_word' id='word_1_294' title='bbox 2879 1028 3056 1080; x_wconf 79' lang='lat' dir='ltr'>multa</span> <span class='ocrx_word' id='word_1_295' title='bbox 3128 1029 3180 1081; x_wconf 83' lang='lat' dir='ltr'>te</span> <span class='ocrx_word' id='word_1_296' title='bbox 3253 1031 3610 1086; x_wconf 75' lang='lat' dir='ltr'>constituam.</span> 
     </span>
    </p>
   </div>
   <div class='ocr_carea' id='block_1_42' title="bbox 1965 1111 3613 1187">
    <p class='ocr_par' dir='ltr' id='par_1_42' title="bbox 1965 1111 3613 1187">
     <span class='ocr_line' id='line_1_42' title="bbox 1965 1111 3613 1187; baseline 0.007 -23"><span class='ocrx_word' id='word_1_297' title='bbox 1965 1111 2121 1165; x_wconf 78' lang='lat' dir='ltr'>Intra</span> <span class='ocrx_word' id='word_1_298' title='bbox 2176 1112 2239 1165; x_wconf 81' lang='lat' dir='ltr'>in</span> <span class='ocrx_word' id='word_1_299' title='bbox 2291 1113 2557 1183; x_wconf 76' lang='lat' dir='ltr'>gaudium</span> <span class='ocrx_word' id='word_1_300' title='bbox 2615 1113 2838 1169; x_wconf 79' lang='lat' dir='ltr'>Domini</span> <span class='ocrx_word' id='word_1_301' title='bbox 2898 1116 2984 1169; x_wconf 79' lang='lat' dir='ltr'>tui</span> <span class='ocrx_word' id='word_1_302' title='bbox 3037 1115 3139 1187; x_wconf 87' lang='grc' dir='ltr'>(η.)</span> <span class='ocrx_word' id='word_1_303' title='bbox 3214 1117 3366 1172; x_wconf 90' lang='lat' dir='ltr'>Socii</span> <span class='ocrx_word' id='word_1_304' title='bbox 3423 1124 3613 1176; x_wconf 87' lang='lat' dir='ltr'>autem</span> 
     </span>
    </p>
   </div>
   <div class='ocr_carea' id='block_1_43' title="bbox 1968 1199 3617 1273">
    <p class='ocr_par' dir='ltr' id='par_1_43' title="bbox 1968 1199 3617 1273">
     <span class='ocr_line' id='line_1_43' title="bbox 1968 1199 3617 1273; baseline 0.005 -19"><span class='ocrx_word' id='word_1_305' title='bbox 1968 1199 2123 1254; x_wconf 82' lang='lat' dir='ltr'>beati</span> <span class='ocrx_word' id='word_1_306' title='bbox 2169 1199 2434 1273; x_wconf 82' lang='lat' dir='ltr'>Dionysii</span> <span class='ocrx_word' id='word_1_307' title='bbox 2488 1202 2724 1258; x_wconf 82' lang='lat' dir='ltr'>fuerunt</span> <span class='ocrx_word' id='word_1_308' title='bbox 2772 1202 3150 1268; x_wconf 87' lang='lat' dir='ltr'>Saturninus,</span> <span class='ocrx_word' id='word_1_309' title='bbox 3199 1203 3512 1262; x_wconf 88' lang='lat' dir='ltr'>Marcellus</span> <span class='ocrx_word' id='word_1_310' title='bbox 3559 1215 3617 1264; x_wconf 86' lang='lat' dir='ltr'>et</span> 
     </span>
    </p>
   </div>
   <div class='ocr_carea' id='block_1_44' title="bbox 1970 1290 3616 1364">
    <p class='ocr_par' dir='ltr' id='par_1_44' title="bbox 1970 1290 3616 1364">
     <span class='ocr_line' id='line_1_44' title="bbox 1970 1290 3616 1364; baseline 0.005 -18"><span class='ocrx_word' id='word_1_311' title='bbox 1970 1290 2286 1360; x_wconf 86' lang='lat' dir='ltr'>Lucianus,</span> <span class='ocrx_word' id='word_1_312' title='bbox 2321 1292 2420 1364; x_wconf 89' lang='lat' dir='ltr'>qui</span> <span class='ocrx_word' id='word_1_313' title='bbox 2456 1309 2591 1348; x_wconf 89' lang='lat' dir='ltr'>cum</span> <span class='ocrx_word' id='word_1_314' title='bbox 2625 1309 2690 1348; x_wconf 91' lang='lat' dir='ltr'>eo</span> <span class='ocrx_word' id='word_1_315' title='bbox 2749 1297 2938 1360; x_wconf 88' lang='lat' dir='ltr'>erant,</span> <span class='ocrx_word' id='word_1_316' title='bbox 2999 1300 3063 1349; x_wconf 91' lang='lat' dir='ltr'>ut</span> <span class='ocrx_word' id='word_1_317' title='bbox 3119 1312 3188 1350; x_wconf 86' lang='lat' dir='ltr'>ex</span> <span class='ocrx_word' id='word_1_318' title='bbox 3235 1312 3332 1351; x_wconf 89' lang='lat' dir='ltr'>ore</span> <span class='ocrx_word' id='word_1_319' title='bbox 3363 1297 3616 1354; x_wconf 88' lang='lat' dir='ltr'>duorum</span> 
     </span>
    </p>
   </div>
   <div class='ocr_carea' id='block_1_45' title="bbox 1967 1378 3614 1456">
    <p class='ocr_par' dir='ltr' id='par_1_45' title="bbox 1967 1378 3614 1456">
     <span class='ocr_line' id='line_1_45' title="bbox 1967 1378 3614 1456; baseline 0.005 -24"><span class='ocrx_word' id='word_1_320' title='bbox 1967 1378 2057 1433; x_wconf 87' lang='lat' dir='ltr'>vel</span> <span class='ocrx_word' id='word_1_321' title='bbox 2086 1381 2266 1434; x_wconf 89' lang='lat' dir='ltr'>trium</span> <span class='ocrx_word' id='word_1_322' title='bbox 2298 1380 2563 1444; x_wconf 83' lang='lat' dir='ltr'>testium,</span> <span class='ocrx_word' id='word_1_323' title='bbox 2621 1381 2766 1436; x_wconf 83' lang='lat' dir='ltr'>ﬁdes</span> <span class='ocrx_word' id='word_1_324' title='bbox 2824 1381 3290 1438; x_wconf 87' lang='lat' dir='ltr'>Christianorum</span> <span class='ocrx_word' id='word_1_325' title='bbox 3352 1385 3614 1456; x_wconf 80' lang='lat' dir='ltr'>partibus</span> 
     </span>
    </p>
   </div>
   <div class='ocr_carea' id='block_1_46' title="bbox 1967 1468 3613 1540">
    <p class='ocr_par' dir='ltr' id='par_1_46' title="bbox 1967 1468 3613 1540">
     <span class='ocr_line' id='line_1_46' title="bbox 1967 1468 3613 1540; baseline 0.005 -18"><span class='ocrx_word' id='word_1_326' title='bbox 1967 1483 2096 1538; x_wconf 69' lang='lat' dir='ltr'>quas</span> <span class='ocrx_word' id='word_1_327' title='bbox 2126 1484 2256 1524; x_wconf 89' lang='lat' dir='ltr'>eam</span> <span class='ocrx_word' id='word_1_328' title='bbox 2287 1468 2658 1540; x_wconf 84' lang='lat' dir='ltr'>ignorabant,</span> <span class='ocrx_word' id='word_1_329' title='bbox 2692 1471 3044 1526; x_wconf 82' lang='lat' dir='ltr'>traderetur.</span> <span class='ocrx_word' id='word_1_330' title='bbox 3095 1473 3161 1526; x_wconf 84' lang='lat' dir='ltr'>lli</span> <span class='ocrx_word' id='word_1_331' title='bbox 3214 1490 3348 1528; x_wconf 91' lang='lat' dir='ltr'>cum</span> <span class='ocrx_word' id='word_1_332' title='bbox 3403 1491 3613 1531; x_wconf 86' lang='lat' dir='ltr'>conve-</span> 
     </span>
    </p>
   </div>
   <div class='ocr_carea' id='block_1_47' title="bbox 1969 1557 3614 1634">
    <p class='ocr_par' dir='ltr' id='par_1_47' title="bbox 1969 1557 3614 1634">
     <span class='ocr_line' id='line_1_47' title="bbox 1969 1557 3614 1634; baseline 0.005 -23"><span class='ocrx_word' id='word_1_333' title='bbox 1969 1557 2215 1629; x_wconf 88' lang='lat' dir='ltr'>nissent,</span> <span class='ocrx_word' id='word_1_334' title='bbox 2248 1562 2305 1612; x_wconf 91' lang='lat' dir='ltr'>et</span> <span class='ocrx_word' id='word_1_335' title='bbox 2336 1575 2452 1613; x_wconf 87' lang='lat' dir='ltr'>una</span> <span class='ocrx_word' id='word_1_336' title='bbox 2483 1559 2591 1613; x_wconf 90' lang='lat' dir='ltr'>iter</span> <span class='ocrx_word' id='word_1_337' title='bbox 2626 1559 2900 1629; x_wconf 77' lang='lat' dir='ltr'>facerent,</span> <span class='ocrx_word' id='word_1_338' title='bbox 2935 1567 3325 1631; x_wconf 87' lang='lat' dir='ltr'>pervenerunt</span> <span class='ocrx_word' id='word_1_339' title='bbox 3351 1563 3422 1618; x_wconf 91' lang='lat' dir='ltr'>ad</span> <span class='ocrx_word' id='word_1_340' title='bbox 3483 1579 3614 1634; x_wconf 89' lang='lat' dir='ltr'>por-</span> 
     </span>
    </p>
   </div>
   <div class='ocr_carea' id='block_1_48' title="bbox 1967 1645 3616 1724">
    <p class='ocr_par' dir='ltr' id='par_1_48' title="bbox 1967 1645 3616 1724">
     <span class='ocr_line' id='line_1_48' title="bbox 1967 1645 3616 1724; baseline 0.005 -24"><span class='ocrx_word' id='word_1_341' title='bbox 1967 1649 2092 1701; x_wconf 88' lang='lat' dir='ltr'>tum</span> <span class='ocrx_word' id='word_1_342' title='bbox 2123 1645 2485 1703; x_wconf 81' lang='lat' dir='ltr'>Arelatensis</span> <span class='ocrx_word' id='word_1_343' title='bbox 2548 1647 2730 1704; x_wconf 89' lang='lat' dir='ltr'>urbis.</span> <span class='ocrx_word' id='word_1_344' title='bbox 2793 1649 2938 1702; x_wconf 89' lang='lat' dir='ltr'>Tum</span> <span class='ocrx_word' id='word_1_345' title='bbox 3000 1653 3242 1706; x_wconf 84' lang='lat' dir='ltr'>sanctus</span> <span class='ocrx_word' id='word_1_346' title='bbox 3277 1651 3616 1724; x_wconf 87' lang='lat' dir='ltr'>Dionysius,</span> 
     </span>
    </p>
   </div>
   <div class='ocr_carea' id='block_1_49' title="bbox 1966 1734 3617 1808">
    <p class='ocr_par' dir='ltr' id='par_1_49' title="bbox 1966 1734 3617 1808">
     <span class='ocr_line' id='line_1_49' title="bbox 1966 1734 3617 1808; baseline 0.006 -20"><span class='ocrx_word' id='word_1_347' title='bbox 1966 1734 2236 1791; x_wconf 86' lang='lat' dir='ltr'>Marcello</span> <span class='ocrx_word' id='word_1_348' title='bbox 2270 1736 2448 1792; x_wconf 88' lang='lat' dir='ltr'>misso</span> <span class='ocrx_word' id='word_1_349' title='bbox 2478 1736 2537 1791; x_wconf 90' lang='lat' dir='ltr'>in</span> <span class='ocrx_word' id='word_1_350' title='bbox 2564 1735 2929 1808; x_wconf 86' lang='lat' dir='ltr'>Hispaniam,</span> <span class='ocrx_word' id='word_1_351' title='bbox 2980 1742 3045 1792; x_wconf 92' lang='lat' dir='ltr'>ut</span> <span class='ocrx_word' id='word_1_352' title='bbox 3073 1738 3286 1794; x_wconf 85' lang='lat' dir='ltr'>Christi</span> <span class='ocrx_word' id='word_1_353' title='bbox 3343 1740 3617 1798; x_wconf 84' lang='lat' dir='ltr'>Ecclesiis</span> 
     </span>
    </p>
   </div>
   <div class='ocr_carea' id='block_1_50' title="bbox 1894 1825 3616 1928">
    <p class='ocr_par' dir='ltr' id='par_1_50' title="bbox 1894 1825 3616 1928">
     <span class='ocr_line' id='line_1_50' title="bbox 1894 1825 3616 1928; baseline 0.005 -50"><span class='ocrx_word' id='word_1_354' title='bbox 1894 1863 1942 1928; x_wconf 76' lang='grc' dir='ltr'>Β</span> <span class='ocrx_word' id='word_1_355' title='bbox 1969 1825 2213 1880; x_wconf 88' lang='lat' dir='ltr'>verbum</span> <span class='ocrx_word' id='word_1_356' title='bbox 2247 1825 2374 1880; x_wconf 66' lang='lat' dir='ltr'>vitae</span> <span class='ocrx_word' id='word_1_357' title='bbox 2400 1829 2776 1897; x_wconf 88' lang='lat' dir='ltr'>proponeret,</span> <span class='ocrx_word' id='word_1_358' title='bbox 2795 1826 2920 1898; x_wconf 89' lang='lat' dir='ltr'>ipse</span> <span class='ocrx_word' id='word_1_359' title='bbox 2938 1827 3190 1898; x_wconf 86' lang='lat' dir='ltr'>Spiritus</span> <span class='ocrx_word' id='word_1_360' title='bbox 3216 1829 3402 1884; x_wconf 83' lang='lat' dir='ltr'>sancti</span> <span class='ocrx_word' id='word_1_361' title='bbox 3425 1830 3616 1887; x_wconf 80' lang='lat' dir='ltr'>calore</span> 
     </span>
    </p>
   </div>
   <div class='ocr_carea' id='block_1_51' title="bbox 1971 1914 3615 1990">
    <p class='ocr_par' dir='ltr' id='par_1_51' title="bbox 1971 1914 3615 1990">
     <span class='ocr_line' id='line_1_51' title="bbox 1971 1914 3615 1990; baseline 0.005 -22"><span class='ocrx_word' id='word_1_362' title='bbox 1971 1914 2272 1982; x_wconf 87' lang='lat' dir='ltr'>incensus,</span> <span class='ocrx_word' id='word_1_363' title='bbox 2302 1918 2360 1970; x_wconf 88' lang='lat' dir='ltr'>et</span> <span class='ocrx_word' id='word_1_364' title='bbox 2389 1914 2719 1986; x_wconf 64' lang='lat' dir='ltr'>apostolica;</span> <span class='ocrx_word' id='word_1_365' title='bbox 2750 1915 3059 1986; x_wconf 85' lang='lat' dir='ltr'>potestatis</span> <span class='ocrx_word' id='word_1_366' title='bbox 3099 1915 3332 1988; x_wconf 84' lang='lat' dir='ltr'>plenus,</span> <span class='ocrx_word' id='word_1_367' title='bbox 3389 1936 3516 1990; x_wconf 66' lang='lat' dir='ltr'>quae</span> <span class='ocrx_word' id='word_1_368' title='bbox 3581 1936 3615 1976; x_wconf 77' lang='grc' dir='ltr'>ιι</span> 
     </span>
    </p>
   </div>
   <div class='ocr_carea' id='block_1_52' title="bbox 1971 2002 3618 2074">
    <p class='ocr_par' dir='ltr' id='par_1_52' title="bbox 1971 2002 3618 2074">
     <span class='ocr_line' id='line_1_52' title="bbox 1971 2002 3618 2074; baseline 0.005 -17"><span class='ocrx_word' id='word_1_369' title='bbox 1971 2002 2190 2074; x_wconf 89' lang='lat' dir='ltr'>Spiritu</span> <span class='ocrx_word' id='word_1_370' title='bbox 2224 2007 2427 2058; x_wconf 82' lang='lat' dir='ltr'>sancto</span> <span class='ocrx_word' id='word_1_371' title='bbox 2459 2021 2592 2058; x_wconf 88' lang='lat' dir='ltr'>cum</span> <span class='ocrx_word' id='word_1_372' title='bbox 2625 2009 2829 2059; x_wconf 90' lang='lat' dir='ltr'>sancto</span> <span class='ocrx_word' id='word_1_373' title='bbox 2860 2003 3156 2060; x_wconf 86' lang='lat' dir='ltr'>Clemente</span> <span class='ocrx_word' id='word_1_374' title='bbox 3214 2005 3397 2062; x_wconf 87' lang='lat' dir='ltr'>divini</span> <span class='ocrx_word' id='word_1_375' title='bbox 3457 2008 3618 2065; x_wconf 85' lang='lat' dir='ltr'>verbi</span> 
     </span>
    </p>
   </div>
   <div class='ocr_carea' id='block_1_53' title="bbox 1972 2091 3620 2167">
    <p class='ocr_par' dir='ltr' id='par_1_53' title="bbox 1972 2091 3620 2167">
     <span class='ocr_line' id='line_1_53' title="bbox 1972 2091 3620 2167; baseline 0.005 -21"><span class='ocrx_word' id='word_1_376' title='bbox 1972 2091 2202 2146; x_wconf 87' lang='lat' dir='ltr'>semina</span> <span class='ocrx_word' id='word_1_377' title='bbox 2230 2093 2564 2164; x_wconf 86' lang='lat' dir='ltr'>spargenda</span> <span class='ocrx_word' id='word_1_378' title='bbox 2590 2097 2648 2148; x_wconf 91' lang='lat' dir='ltr'>et</span> <span class='ocrx_word' id='word_1_379' title='bbox 2670 2093 2919 2149; x_wconf 81' lang='lat' dir='ltr'>serenda</span> <span class='ocrx_word' id='word_1_380' title='bbox 2949 2094 3097 2149; x_wconf 75' lang='lat'>897</span> <span class='ocrx_word' id='word_1_381' title='bbox 3135 2096 3410 2167; x_wconf 87' lang='lat' dir='ltr'>gentibus</span> <span class='ocrx_word' id='word_1_382' title='bbox 3461 2113 3620 2154; x_wconf 89' lang='lat' dir='ltr'>acce-</span> 
     </span>
    </p>
   </div>
   <div class='ocr_carea' id='block_1_54' title="bbox 1973 2180 3621 2259">
    <p class='ocr_par' dir='ltr' id='par_1_54' title="bbox 1973 2180 3621 2259">
     <span class='ocr_line' id='line_1_54' title="bbox 1973 2180 3621 2259; baseline 0.004 -24"><span class='ocrx_word' id='word_1_383' title='bbox 1973 2180 2174 2252; x_wconf 88' lang='lat' dir='ltr'>pisset,</span> <span class='ocrx_word' id='word_1_384' title='bbox 2207 2181 2482 2237; x_wconf 90' lang='lat' dir='ltr'>omnibus</span> <span class='ocrx_word' id='word_1_385' title='bbox 2506 2181 2772 2252; x_wconf 88' lang='lat' dir='ltr'>partibus</span> <span class='ocrx_word' id='word_1_386' title='bbox 2806 2200 2933 2254; x_wconf 62' lang='lat' dir='ltr'>quae</span> <span class='ocrx_word' id='word_1_387' title='bbox 2960 2184 3031 2238; x_wconf 89' lang='lat' dir='ltr'>ad</span> <span class='ocrx_word' id='word_1_388' title='bbox 3065 2184 3425 2241; x_wconf 89' lang='lat' dir='ltr'>occidentem</span> <span class='ocrx_word' id='word_1_389' title='bbox 3482 2204 3621 2259; x_wconf 85' lang='lat' dir='ltr'>per-</span> 
     </span>
    </p>
   </div>
   <div class='ocr_carea' id='block_1_55' title="bbox 1971 2270 3618 2340">
    <p class='ocr_par' dir='ltr' id='par_1_55' title="bbox 1971 2270 3618 2340">
     <span class='ocr_line' id='line_1_55' title="bbox 1971 2270 3618 2340; baseline 0.004 -15"><span class='ocrx_word' id='word_1_390' title='bbox 1971 2270 2180 2340; x_wconf 91' lang='lat' dir='ltr'>tinent,</span> <span class='ocrx_word' id='word_1_391' title='bbox 2214 2270 2537 2326; x_wconf 80' lang='lat' dir='ltr'>distribuit.</span> <span class='ocrx_word' id='word_1_392' title='bbox 2573 2271 2858 2326; x_wconf 86' lang='lat' dir='ltr'>Duritiam</span> <span class='ocrx_word' id='word_1_393' title='bbox 2891 2277 3086 2328; x_wconf 87' lang='lat' dir='ltr'>autem</span> <span class='ocrx_word' id='word_1_394' title='bbox 3145 2278 3203 2329; x_wconf 89' lang='lat' dir='ltr'>et</span> <span class='ocrx_word' id='word_1_395' title='bbox 3259 2275 3618 2333; x_wconf 86' lang='lat' dir='ltr'>ferocitatem</span> 
     </span>
    </p>
   </div>
   <div class='ocr_carea' id='block_1_56' title="bbox 1974 2358 3616 2435">
    <p class='ocr_par' dir='ltr' id='par_1_56' title="bbox 1974 2358 3616 2435">
     <span class='ocr_line' id='line_1_56' title="bbox 1974 2358 3616 2435; baseline 0.004 -22"><span class='ocrx_word' id='word_1_396' title='bbox 1974 2358 2380 2430; x_wconf 87' lang='lat' dir='ltr'>imperitarum</span> <span class='ocrx_word' id='word_1_397' title='bbox 2442 2360 2944 2432; x_wconf 84' lang='lat' dir='ltr'>barbararumque</span> <span class='ocrx_word' id='word_1_398' title='bbox 3001 2362 3289 2432; x_wconf 88' lang='lat' dir='ltr'>gentium,</span> <span class='ocrx_word' id='word_1_399' title='bbox 3340 2380 3467 2435; x_wconf 70' lang='lat' dir='ltr'>quae</span> <span class='ocrx_word' id='word_1_400' title='bbox 3497 2364 3616 2421; x_wconf 91' lang='lat' dir='ltr'>illic</span> 
     </span>
    </p>
   </div>
   <div class='ocr_carea' id='block_1_57' title="bbox 1972 2448 3615 2523">
    <p class='ocr_par' dir='ltr' id='par_1_57' title="bbox 1972 2448 3615 2523">
     <span class='ocr_line' id='line_1_57' title="bbox 1972 2448 3615 2523; baseline 0.004 -21"><span class='ocrx_word' id='word_1_401' title='bbox 1972 2454 2158 2515; x_wconf 88' lang='lat' dir='ltr'>erant,</span> <span class='ocrx_word' id='word_1_402' title='bbox 2184 2465 2298 2503; x_wconf 92' lang='lat' dir='ltr'>non</span> <span class='ocrx_word' id='word_1_403' title='bbox 2317 2448 2560 2515; x_wconf 90' lang='lat' dir='ltr'>veritus,</span> <span class='ocrx_word' id='word_1_404' title='bbox 2583 2465 2686 2505; x_wconf 91' lang='lat' dir='ltr'>nec</span> <span class='ocrx_word' id='word_1_405' title='bbox 2714 2450 2912 2520; x_wconf 89' lang='lat' dir='ltr'>impiis</span> <span class='ocrx_word' id='word_1_406' title='bbox 2935 2449 3256 2506; x_wconf 86' lang='lat' dir='ltr'>sceleribus</span> <span class='ocrx_word' id='word_1_407' title='bbox 3279 2452 3615 2523; x_wconf 89' lang='lat' dir='ltr'>deterritus,</span> 
     </span>
    </p>
   </div>
   <div class='ocr_carea' id='block_1_58' title="bbox 1972 2537 3618 2611">
    <p class='ocr_par' dir='ltr' id='par_1_58' title="bbox 1972 2537 3618 2611">
     <span class='ocr_line' id='line_1_58' title="bbox 1972 2537 3618 2611; baseline 0.004 -19"><span class='ocrx_word' id='word_1_408' title='bbox 1972 2537 2126 2592; x_wconf 88' lang='lat' dir='ltr'>beati</span> <span class='ocrx_word' id='word_1_409' title='bbox 2158 2537 2441 2609; x_wconf 90' lang='lat' dir='ltr'>principis</span> <span class='ocrx_word' id='word_1_410' title='bbox 2474 2537 2877 2608; x_wconf 86' lang='lat' dir='ltr'>apostolorum</span> <span class='ocrx_word' id='word_1_411' title='bbox 2913 2539 3014 2610; x_wconf 89' lang='lat' dir='ltr'>qui</span> <span class='ocrx_word' id='word_1_412' title='bbox 3047 2540 3242 2595; x_wconf 75' lang='lat' dir='ltr'>Romae</span> <span class='ocrx_word' id='word_1_413' title='bbox 3291 2542 3503 2611; x_wconf 83' lang='lat' dir='ltr'>fuerat,</span> <span class='ocrx_word' id='word_1_414' title='bbox 3559 2547 3618 2599; x_wconf 87' lang='lat' dir='ltr'>et</span> 
     </span>
    </p>
   </div>
   <div class='ocr_carea' id='block_1_59' title="bbox 1973 2625 3616 2702">
    <p class='ocr_par' dir='ltr' id='par_1_59' title="bbox 1973 2625 3616 2702">
     <span class='ocr_line' id='line_1_59' title="bbox 1973 2625 3616 2702; baseline 0.004 -22"><span class='ocrx_word' id='word_1_415' title='bbox 1973 2625 2214 2697; x_wconf 82' lang='lat' dir='ltr'>perﬁdis</span> <span class='ocrx_word' id='word_1_416' title='bbox 2237 2627 2307 2680; x_wconf 86' lang='lat' dir='ltr'>ad</span> <span class='ocrx_word' id='word_1_417' title='bbox 2341 2625 2699 2698; x_wconf 81' lang='lat' dir='ltr'>supplicium</span> <span class='ocrx_word' id='word_1_418' title='bbox 2734 2627 2907 2683; x_wconf 88' lang='lat' dir='ltr'>datus</span> <span class='ocrx_word' id='word_1_419' title='bbox 2937 2632 3082 2695; x_wconf 90' lang='lat' dir='ltr'>erat,</span> <span class='ocrx_word' id='word_1_420' title='bbox 3142 2629 3355 2700; x_wconf 91' lang='lat' dir='ltr'>spiritu</span> <span class='ocrx_word' id='word_1_421' title='bbox 3413 2630 3616 2702; x_wconf 81' lang='lat' dir='ltr'>fretus,</span> 
     </span>
    </p>
   </div>
   <div class='ocr_carea' id='block_1_60' title="bbox 1973 2713 3616 2788">
    <p class='ocr_par' dir='ltr' id='par_1_60' title="bbox 1973 2713 3616 2788">
     <span class='ocr_line' id='line_1_60' title="bbox 1973 2713 3616 2788; baseline 0.003 -18"><span class='ocrx_word' id='word_1_422' title='bbox 1973 2715 2044 2770; x_wconf 84' lang='lat' dir='ltr'>ad</span> <span class='ocrx_word' id='word_1_423' title='bbox 2076 2713 2432 2786; x_wconf 63' lang='lat' dir='ltr'>praeconium</span> <span class='ocrx_word' id='word_1_424' title='bbox 2465 2731 2526 2770; x_wconf 89' lang='lat' dir='ltr'>se</span> <span class='ocrx_word' id='word_1_425' title='bbox 2558 2716 2824 2772; x_wconf 88' lang='lat' dir='ltr'>contulit.</span> <span class='ocrx_word' id='word_1_426' title='bbox 2848 2716 3110 2788; x_wconf 84' lang='lat' dir='ltr'>Cumque</span> <span class='ocrx_word' id='word_1_427' title='bbox 3131 2735 3165 2771; x_wconf 87' lang='lat' dir='ltr'>a</span> <span class='ocrx_word' id='word_1_428' title='bbox 3188 2717 3375 2772; x_wconf 89' lang='lat' dir='ltr'>Gallia</span> <span class='ocrx_word' id='word_1_429' title='bbox 3395 2720 3616 2775; x_wconf 89' lang='lat' dir='ltr'>sensim</span> 
     </span>
    </p>
   </div>
   <div class='ocr_carea' id='block_1_61' title="bbox 1973 2802 3618 2880">
    <p class='ocr_par' dir='ltr' id='par_1_61' title="bbox 1973 2802 3618 2880">
     <span class='ocr_line' id='line_1_61' title="bbox 1973 2802 3618 2880; baseline 0.002 -21"><span class='ocrx_word' id='word_1_430' title='bbox 1973 2803 2310 2860; x_wconf 89' lang='lat' dir='ltr'>subducens</span> <span class='ocrx_word' id='word_1_431' title='bbox 2340 2802 2472 2875; x_wconf 90' lang='lat' dir='ltr'>plus</span> <span class='ocrx_word' id='word_1_432' title='bbox 2495 2803 2815 2876; x_wconf 84' lang='lat' dir='ltr'>gentilibus</span> <span class='ocrx_word' id='word_1_433' title='bbox 2841 2805 3128 2861; x_wconf 80' lang='lat' dir='ltr'>institutis</span> <span class='ocrx_word' id='word_1_434' title='bbox 3150 2823 3404 2862; x_wconf 89' lang='lat' dir='ltr'>errorem</span> <span class='ocrx_word' id='word_1_435' title='bbox 3437 2809 3618 2880; x_wconf 85' lang='lat' dir='ltr'>regio-</span> 
     </span>
    </p>
   </div>
   <div class='ocr_carea' id='block_1_62' title="bbox 1972 2891 3614 2965">
    <p class='ocr_par' dir='ltr' id='par_1_62' title="bbox 1972 2891 3614 2965">
     <span class='ocr_line' id='line_1_62' title="bbox 1972 2891 3614 2965; baseline 0.004 -19"><span class='ocrx_word' id='word_1_436' title='bbox 1972 2893 2064 2947; x_wconf 89' lang='lat' dir='ltr'>nis</span> <span class='ocrx_word' id='word_1_437' title='bbox 2096 2891 2240 2948; x_wconf 91' lang='lat' dir='ltr'>illud</span> <span class='ocrx_word' id='word_1_438' title='bbox 2276 2893 2496 2948; x_wconf 87' lang='lat' dir='ltr'>fervere</span> <span class='ocrx_word' id='word_1_439' title='bbox 2554 2895 2960 2965; x_wconf 88' lang='lat' dir='ltr'>comperisset,</span> <span class='ocrx_word' id='word_1_440' title='bbox 3018 2899 3143 2950; x_wconf 90' lang='lat' dir='ltr'>tum</span> <span class='ocrx_word' id='word_1_441' title='bbox 3202 2895 3399 2952; x_wconf 91' lang='lat' dir='ltr'>divino</span> <span class='ocrx_word' id='word_1_442' title='bbox 3449 2902 3614 2952; x_wconf 89' lang='lat' dir='ltr'>scuto</span> 
     </span>
    </p>
   </div>
   <div class='ocr_carea' id='block_1_63' title="bbox 1971 2982 3616 3054">
    <p class='ocr_par' dir='ltr' id='par_1_63' title="bbox 1971 2982 3616 3054">
     <span class='ocr_line' id='line_1_63' title="bbox 1971 2982 3616 3054; baseline 0.003 -18"><span class='ocrx_word' id='word_1_443' title='bbox 1971 2986 2291 3053; x_wconf 88' lang='lat' dir='ltr'>protectus,</span> <span class='ocrx_word' id='word_1_444' title='bbox 2317 2987 2521 3052; x_wconf 89' lang='lat' dir='ltr'>potens</span> <span class='ocrx_word' id='word_1_445' title='bbox 2553 2999 2619 3036; x_wconf 89' lang='lat' dir='ltr'>ac</span> <span class='ocrx_word' id='word_1_446' title='bbox 2650 2998 2823 3038; x_wconf 84' lang='lat' dir='ltr'>verus</span> <span class='ocrx_word' id='word_1_447' title='bbox 2852 2982 3014 3054; x_wconf 86' lang='lat' dir='ltr'>pugil</span> <span class='ocrx_word' id='word_1_448' title='bbox 3047 2985 3328 3054; x_wconf 88' lang='lat' dir='ltr'>probatus</span> <span class='ocrx_word' id='word_1_449' title='bbox 3359 2989 3466 3053; x_wconf 84' lang='lat' dir='ltr'>est,</span> <span class='ocrx_word' id='word_1_450' title='bbox 3523 3002 3616 3041; x_wconf 87' lang='lat' dir='ltr'>se-</span> 
     </span>
    </p>
   </div>
   <div class='ocr_carea' id='block_1_64' title="bbox 1972 3071 3620 3144">
    <p class='ocr_par' dir='ltr' id='par_1_64' title="bbox 1972 3071 3620 3144">
     <span class='ocr_line' id='line_1_64' title="bbox 1972 3071 3620 3144; baseline 0.003 -19"><span class='ocrx_word' id='word_1_451' title='bbox 1972 3087 2086 3143; x_wconf 91' lang='lat' dir='ltr'>que</span> <span class='ocrx_word' id='word_1_452' title='bbox 2115 3071 2536 3127; x_wconf 88' lang='lat' dir='ltr'>certaminibus</span> <span class='ocrx_word' id='word_1_453' title='bbox 2585 3072 2822 3142; x_wconf 84' lang='lat' dir='ltr'>objeeit,</span> <span class='ocrx_word' id='word_1_454' title='bbox 2885 3077 2950 3126; x_wconf 91' lang='lat' dir='ltr'>ut</span> <span class='ocrx_word' id='word_1_455' title='bbox 2997 3073 3095 3143; x_wconf 91' lang='lat' dir='ltr'>qui</span> <span class='ocrx_word' id='word_1_456' title='bbox 3156 3073 3524 3144; x_wconf 80' lang='lat' dir='ltr'>professione</span> <span class='ocrx_word' id='word_1_457' title='bbox 3562 3078 3620 3129; x_wconf 90' lang='lat' dir='ltr'>et</span> 
     </span>
    </p>
   </div>
   <div class='ocr_carea' id='block_1_65' title="bbox 1972 3159 3620 3233">
    <p class='ocr_par' dir='ltr' id='par_1_65' title="bbox 1972 3159 3620 3233">
     <span class='ocr_line' id='line_1_65' title="bbox 1972 3159 3620 3233; baseline 0.002 -18"><span class='ocrx_word' id='word_1_458' title='bbox 1972 3159 2321 3230; x_wconf 78' lang='lat' dir='ltr'>perfectione</span> <span class='ocrx_word' id='word_1_459' title='bbox 2342 3161 2556 3232; x_wconf 87' lang='lat' dir='ltr'>dignus</span> <span class='ocrx_word' id='word_1_460' title='bbox 2583 3165 2759 3230; x_wconf 85' lang='lat' dir='ltr'>esset,</span> <span class='ocrx_word' id='word_1_461' title='bbox 2787 3165 3009 3233; x_wconf 83' lang='lat' dir='ltr'>martyr</span> <span class='ocrx_word' id='word_1_462' title='bbox 3033 3161 3206 3216; x_wconf 89' lang='lat' dir='ltr'>etlam</span> <span class='ocrx_word' id='word_1_463' title='bbox 3231 3161 3354 3217; x_wconf 79' lang='lat' dir='ltr'>ﬁeri</span> <span class='ocrx_word' id='word_1_464' title='bbox 3378 3163 3620 3218; x_wconf 88' lang='lat' dir='ltr'>minime</span> 
     </span>
    </p>
   </div>
   <div class='ocr_carea' id='block_1_66' title="bbox 199 3233 1862 3321">
    <p class='ocr_par' dir='ltr' id='par_1_66' title="bbox 199 3235 1856 3319">
     <span class='ocr_line' id='line_1_66' title="bbox 199 3235 1856 3319; baseline -0.003 -23"><span class='ocrx_word' id='word_1_465' title='bbox 199 3244 279 3315; x_wconf 83' lang='grc' dir='ltr'>μὴ</span> <span class='ocrx_word' id='word_1_466' title='bbox 346 3237 570 3319; x_wconf 75' lang='grc' dir='ltr'>φοϐηθῇ</span> <span class='ocrx_word' id='word_1_467' title='bbox 613 3243 700 3297; x_wconf 83' lang='grc' dir='ltr'>καὶ</span> <span class='ocrx_word' id='word_1_468' title='bbox 739 3241 962 3317; x_wconf 78' lang='grc' dir='ltr'>μάρτυς.</span> <span class='ocrx_word' id='word_1_469' title='bbox 1007 3238 1345 3300; x_wconf 84' lang='grc' dir='ltr'>Ἀκοιτανίας</span> <span class='ocrx_word' id='word_1_470' title='bbox 1404 3235 1465 3293; x_wconf 77' lang='grc' dir='ltr'>δὲ</span> <span class='ocrx_word' id='word_1_471' title='bbox 1517 3242 1636 3300; x_wconf 84' lang='grc' dir='ltr'>τοῖς</span> <span class='ocrx_word' id='word_1_472' title='bbox 1672 3237 1856 3314; x_wconf 78' lang='grc' dir='ltr'>μέρεσι</span> 
     </span>
    </p>
   </div>
   <div class='ocr_carea' id='block_1_67' title="bbox 1973 3233 3616 3321">
    <p class='ocr_par' dir='ltr' id='par_1_67' title="bbox 1973 3249 3616 3321">
     <span class='ocr_line' id='line_1_67' title="bbox 1973 3249 3616 3321; baseline 0.003 -17"><span class='ocrx_word' id='word_1_473' title='bbox 1973 3249 2283 3305; x_wconf 88' lang='lat' dir='ltr'>dubitaret.</span> <span class='ocrx_word' id='word_1_474' title='bbox 2308 3249 2636 3319; x_wconf 70' lang='lat' dir='ltr'>Aquitania:</span> <span class='ocrx_word' id='word_1_475' title='bbox 2669 3265 2802 3304; x_wconf 82' lang='lat' dir='ltr'>vero</span> <span class='ocrx_word' id='word_1_476' title='bbox 2864 3250 3133 3321; x_wconf 87' lang='lat' dir='ltr'>partibus</span> <span class='ocrx_word' id='word_1_477' title='bbox 3174 3251 3357 3307; x_wconf 89' lang='lat' dir='ltr'>misso</span> <span class='ocrx_word' id='word_1_478' title='bbox 3415 3257 3616 3308; x_wconf 89' lang='lat' dir='ltr'>sancto</span> 
     </span>
    </p>
   </div>
   <div class='ocr_carea' id='block_1_68' title="bbox 194 3325 1862 3404">
    <p class='ocr_par' dir='ltr' id='par_1_68' title="bbox 194 3325 1862 3404">
     <span class='ocr_line' id='line_1_68' title="bbox 194 3325 1862 3404; baseline -0.003 -19"><span class='ocrx_word' id='word_1_479' title='bbox 194 3332 290 3386; x_wconf 86' lang='grc' dir='ltr'>τὸν</span> <span class='ocrx_word' id='word_1_480' title='bbox 323 3332 478 3404; x_wconf 72' lang='grc' dir='ltr'>ἅγιον</span> <span class='ocrx_word' id='word_1_481' title='bbox 524 3331 812 3387; x_wconf 86' lang='grc' dir='ltr'>Ἀντώνιον</span> <span class='ocrx_word' id='word_1_482' title='bbox 849 3332 960 3403; x_wconf 80' lang='grc'>(62)</span> <span class='ocrx_word' id='word_1_483' title='bbox 1019 3325 1368 3396; x_wconf 88' lang='grc' dir='ltr'>ἀποστείλας,</span> <span class='ocrx_word' id='word_1_484' title='bbox 1420 3325 1578 3388; x_wconf 81' lang='grc' dir='ltr'>αὐτὸς</span> <span class='ocrx_word' id='word_1_485' title='bbox 1636 3326 1727 3380; x_wconf 75' lang='grc' dir='ltr'>σὺν</span> <span class='ocrx_word' id='word_1_486' title='bbox 1781 3330 1862 3399; x_wconf 79' lang='grc' dir='ltr'>τῷ</span> 
     </span>
    </p>
   </div>
   <div class='ocr_carea' id='block_1_69' title="bbox 197 3415 1862 3496">
    <p class='ocr_par' dir='ltr' id='par_1_69' title="bbox 197 3415 1862 3496">
     <span class='ocr_line' id='line_1_69' title="bbox 197 3415 1862 3496; baseline -0.003 -22"><span class='ocrx_word' id='word_1_487' title='bbox 197 3420 346 3496; x_wconf 80' lang='grc' dir='ltr'>ἁγίῳ</span> <span class='ocrx_word' id='word_1_488' title='bbox 409 3423 713 3492; x_wconf 82' lang='grc' dir='ltr'>Λουκιανῷ,</span> <span class='ocrx_word' id='word_1_489' title='bbox 771 3419 861 3474; x_wconf 85' lang='grc' dir='ltr'>καὶ</span> <span class='ocrx_word' id='word_1_490' title='bbox 890 3423 970 3490; x_wconf 76' lang='grc' dir='ltr'>τῷ</span> <span class='ocrx_word' id='word_1_491' title='bbox 1003 3416 1140 3494; x_wconf 84' lang='grc' dir='ltr'>ἁγίῳ</span> <span class='ocrx_word' id='word_1_492' title='bbox 1171 3417 1468 3489; x_wconf 83' lang='grc' dir='ltr'>Ῥουστίκῳ</span> <span class='ocrx_word' id='word_1_493' title='bbox 1497 3415 1586 3470; x_wconf 87' lang='grc' dir='ltr'>καὶ</span> <span class='ocrx_word' id='word_1_494' title='bbox 1616 3420 1696 3488; x_wconf 81' lang='grc' dir='ltr'>τῷ</span> <span class='ocrx_word' id='word_1_495' title='bbox 1727 3415 1862 3492; x_wconf 81' lang='grc' dir='ltr'>ἁγίῳ</span> 
     </span>
    </p>
   </div>
   <div class='ocr_carea' id='block_1_70' title="bbox 197 3507 1862 3586">
    <p class='ocr_par' dir='ltr' id='par_1_70' title="bbox 197 3507 1862 3586">
     <span class='ocr_line' id='line_1_70' title="bbox 197 3507 1862 3586; baseline -0.002 -18"><span class='ocrx_word' id='word_1_496' title='bbox 197 3510 536 3586; x_wconf 83' lang='grc' dir='ltr'>Ἐλευθερίῳ</span> <span class='ocrx_word' id='word_1_497' title='bbox 568 3511 620 3565; x_wconf 88' lang='grc' dir='ltr'>ἐν</span> <span class='ocrx_word' id='word_1_498' title='bbox 654 3511 939 3584; x_wconf 85' lang='grc' dir='ltr'>Παρισίοις</span> <span class='ocrx_word' id='word_1_499' title='bbox 970 3513 1038 3583; x_wconf 77' lang='grc' dir='ltr'>τῇ</span> <span class='ocrx_word' id='word_1_500' title='bbox 1078 3507 1238 3563; x_wconf 84' lang='grc' dir='ltr'>πόλει</span> <span class='ocrx_word' id='word_1_501' title='bbox 1291 3507 1556 3583; x_wconf 74' lang='grc' dir='ltr'>ἐπορεύθη</span> <span class='ocrx_word' id='word_1_502' title='bbox 1802 3507 1862 3564; x_wconf 73' lang='grc' dir='ltr'>Ὀ</span> 
     </span>
    </p>
   </div>
   <div class='ocr_carea' id='block_1_71' title="bbox 198 3593 1862 3674">
    <p class='ocr_par' dir='ltr' id='par_1_71' title="bbox 198 3593 1862 3674">
     <span class='ocr_line' id='line_1_71' title="bbox 198 3593 1862 3674; baseline -0.003 -19"><span class='ocrx_word' id='word_1_503' title='bbox 198 3600 360 3674; x_wconf 76' lang='grc' dir='ltr'>ἅγιος</span> <span class='ocrx_word' id='word_1_504' title='bbox 385 3597 445 3654; x_wconf 77' lang='grc' dir='ltr'>δὶ</span> <span class='ocrx_word' id='word_1_505' title='bbox 473 3601 793 3668; x_wconf 85' lang='grc' dir='ltr'>Λουκιανὸς,</span> <span class='ocrx_word' id='word_1_506' title='bbox 834 3593 1232 3672; x_wconf 73' lang='grc' dir='ltr'>πρεσϐυτερικῇ</span> <span class='ocrx_word' id='word_1_507' title='bbox 1281 3599 1419 3670; x_wconf 80' lang='grc' dir='ltr'>τιμῇ</span> <span class='ocrx_word' id='word_1_508' title='bbox 1476 3594 1862 3668; x_wconf 70' lang='grc' dir='ltr'>τετιμημένος,</span> 
     </span>
    </p>
   </div>
   <div class='ocr_carea' id='block_1_72' title="bbox 201 3684 1865 3758">
    <p class='ocr_par' dir='ltr' id='par_1_72' title="bbox 201 3684 1865 3758">
     <span class='ocr_line' id='line_1_72' title="bbox 201 3684 1865 3758; baseline -0.002 -14"><span class='ocrx_word' id='word_1_509' title='bbox 201 3689 282 3750; x_wconf 70' lang='grc' dir='ltr'>εἷς</span> <span class='ocrx_word' id='word_1_510' title='bbox 317 3689 420 3758; x_wconf 77' lang='grc' dir='ltr'>τὴν</span> <span class='ocrx_word' id='word_1_511' title='bbox 449 3686 838 3746; x_wconf 82' lang='grc' dir='ltr'>Βελουακένσιν</span> <span class='ocrx_word' id='word_1_512' title='bbox 868 3686 1150 3757; x_wconf 84' lang='grc' dir='ltr'>ἀπεστάλη</span> <span class='ocrx_word' id='word_1_513' title='bbox 1197 3685 1386 3756; x_wconf 87' lang='grc' dir='ltr'>πόλιν,</span> <span class='ocrx_word' id='word_1_514' title='bbox 1435 3684 1526 3740; x_wconf 72' lang='grc' dir='ltr'>’ίνα</span> <span class='ocrx_word' id='word_1_515' title='bbox 1561 3685 1648 3740; x_wconf 72' lang='grc' dir='ltr'>καὶ</span> <span class='ocrx_word' id='word_1_516' title='bbox 1706 3685 1865 3747; x_wconf 73' lang='grc' dir='ltr'>αὐτὸς</span> 
     </span>
    </p>
   </div>
   <div class='ocr_carea' id='block_1_73' title="bbox 203 3774 1864 3852">
    <p class='ocr_par' dir='ltr' id='par_1_73' title="bbox 203 3774 1864 3852">
     <span class='ocr_line' id='line_1_73' title="bbox 203 3774 1864 3852; baseline -0.004 -18"><span class='ocrx_word' id='word_1_517' title='bbox 203 3779 421 3852; x_wconf 87' lang='grc' dir='ltr'>ὁμοίως</span> <span class='ocrx_word' id='word_1_518' title='bbox 466 3785 584 3841; x_wconf 86' lang='grc' dir='ltr'>τοῖς</span> <span class='ocrx_word' id='word_1_519' title='bbox 641 3778 890 3840; x_wconf 85' lang='grc' dir='ltr'>ἀπίστοις</span> <span class='ocrx_word' id='word_1_520' title='bbox 935 3777 1090 3839; x_wconf 87' lang='grc' dir='ltr'>λαοῖς</span> <span class='ocrx_word' id='word_1_521' title='bbox 1120 3777 1183 3832; x_wconf 86' lang='grc' dir='ltr'>τὸ</span> <span class='ocrx_word' id='word_1_522' title='bbox 1223 3774 1562 3852; x_wconf 84' lang='grc' dir='ltr'>Εὐαγγέλιον</span> <span class='ocrx_word' id='word_1_523' title='bbox 1591 3781 1694 3844; x_wconf 79' lang='grc' dir='ltr'>τῆς</span> <span class='ocrx_word' id='word_1_524' title='bbox 1724 3774 1864 3845; x_wconf 87' lang='grc' dir='ltr'>ἀλη-</span> 
     </span>
    </p>
   </div>
   <div class='ocr_carea' id='block_1_74' title="bbox 205 3865 1863 3946">
    <p class='ocr_par' dir='ltr' id='par_1_74' title="bbox 205 3865 1863 3946">
     <span class='ocr_line' id='line_1_74' title="bbox 205 3865 1863 3946; baseline -0.002 -21"><span class='ocrx_word' id='word_1_525' title='bbox 205 3871 357 3935; x_wconf 86' lang='grc' dir='ltr'>θείας</span> <span class='ocrx_word' id='word_1_526' title='bbox 416 3873 728 3946; x_wconf 75' lang='grc' dir='ltr'>παραθήσῃ.</span> <span class='ocrx_word' id='word_1_527' title='bbox 788 3870 954 3932; x_wconf 67' lang='grc' dir='ltr'>Αὐτὸς</span> <span class='ocrx_word' id='word_1_528' title='bbox 1005 3867 1065 3924; x_wconf 71' lang='grc' dir='ltr'>δὲ</span> <span class='ocrx_word' id='word_1_529' title='bbox 1122 3869 1148 3922; x_wconf 88' lang='grc' dir='ltr'>ὁ</span> <span class='ocrx_word' id='word_1_530' title='bbox 1212 3869 1367 3944; x_wconf 75' lang='grc' dir='ltr'>ἅγιος</span> <span class='ocrx_word' id='word_1_531' title='bbox 1401 3868 1678 3929; x_wconf 77' lang='grc' dir='ltr'>Διονύσιος</span> <span class='ocrx_word' id='word_1_532' title='bbox 1711 3865 1764 3921; x_wconf 86' lang='grc' dir='ltr'>ἐν</span> <span class='ocrx_word' id='word_1_533' title='bbox 1793 3871 1863 3941; x_wconf 81' lang='grc' dir='ltr'>τῇ</span> 
     </span>
    </p>
   </div>
   <div class='ocr_carea' id='block_1_75' title="bbox 207 3955 1866 4036">
    <p class='ocr_par' dir='ltr' id='par_1_75' title="bbox 207 3955 1866 4036">
     <span class='ocr_line' id='line_1_75' title="bbox 207 3955 1866 4036; baseline -0.004 -19"><span class='ocrx_word' id='word_1_534' title='bbox 207 3959 444 4036; x_wconf 79' lang='grc' dir='ltr'>ΙΙαρισίᾳ</span> <span class='ocrx_word' id='word_1_535' title='bbox 474 3958 761 4034; x_wconf 77' lang='grc' dir='ltr'>διέμεινεν·</span> <span class='ocrx_word' id='word_1_536' title='bbox 808 3959 931 4028; x_wconf 78' lang='grc' dir='ltr'>ἥτις</span> <span class='ocrx_word' id='word_1_537' title='bbox 959 3957 1143 4030; x_wconf 86' lang='grc' dir='ltr'>πόλις,</span> <span class='ocrx_word' id='word_1_538' title='bbox 1175 3957 1270 4013; x_wconf 71' lang='grc' dir='ltr'>κᾶν</span> <span class='ocrx_word' id='word_1_539' title='bbox 1307 3958 1474 4033; x_wconf 88' lang='grc' dir='ltr'>μικρά</span> <span class='ocrx_word' id='word_1_540' title='bbox 1495 3957 1581 4025; x_wconf 84' lang='grc' dir='ltr'>ἧν,</span> <span class='ocrx_word' id='word_1_541' title='bbox 1618 3955 1743 4012; x_wconf 83' lang='grc' dir='ltr'>ἀλλ’</span> <span class='ocrx_word' id='word_1_542' title='bbox 1775 3955 1866 4010; x_wconf 75' lang='grc' dir='ltr'>οὖν</span> 
     </span>
    </p>
   </div>
   <div class='ocr_carea' id='block_1_76' title="bbox 205 4042 1866 4120">
    <p class='ocr_par' dir='ltr' id='par_1_76' title="bbox 205 4042 1866 4120">
     <span class='ocr_line' id='line_1_76' title="bbox 205 4042 1866 4120; baseline -0.003 -16"><span class='ocrx_word' id='word_1_543' title='bbox 205 4049 424 4117; x_wconf 76' lang='grc' dir='ltr'>ἐθνικῆς</span> <span class='ocrx_word' id='word_1_544' title='bbox 455 4047 668 4120; x_wconf 86' lang='grc' dir='ltr'>πλάνης</span> <span class='ocrx_word' id='word_1_545' title='bbox 695 4047 1108 4120; x_wconf 66' lang='grc' dir='ltr'>πεπληρωμένη</span> <span class='ocrx_word' id='word_1_546' title='bbox 1154 4045 1244 4102; x_wconf 87' lang='grc' dir='ltr'>καὶ</span> <span class='ocrx_word' id='word_1_547' title='bbox 1295 4045 1664 4120; x_wconf 83' lang='grc' dir='ltr'>μεμιασμένη’</span> <span class='ocrx_word' id='word_1_548' title='bbox 1720 4042 1866 4099; x_wconf 86' lang='grc' dir='ltr'>ἀλλά</span> 
     </span>
    </p>
   </div>
   <div class='ocr_carea' id='block_1_77' title="bbox 203 4131 1864 4214">
    <p class='ocr_par' dir='ltr' id='par_1_77' title="bbox 203 4131 1864 4214">
     <span class='ocr_line' id='line_1_77' title="bbox 203 4131 1864 4214; baseline -0.004 -22"><span class='ocrx_word' id='word_1_549' title='bbox 203 4139 557 4214; x_wconf 69' lang='grc' dir='ltr'>καρποφόρος</span> <span class='ocrx_word' id='word_1_550' title='bbox 584 4140 649 4206; x_wconf 74' lang='grc' dir='ltr'>ἦν</span> <span class='ocrx_word' id='word_1_551' title='bbox 681 4138 772 4192; x_wconf 86' lang='grc' dir='ltr'>καὶ</span> <span class='ocrx_word' id='word_1_552' title='bbox 823 4134 1065 4209; x_wconf 83' lang='grc' dir='ltr'>δένδροις</span> <span class='ocrx_word' id='word_1_553' title='bbox 1117 4134 1531 4208; x_wconf 70' lang='grc' dir='ltr'>κεκοσμημένη·</span> <span class='ocrx_word' id='word_1_554' title='bbox 1591 4131 1864 4206; x_wconf 83' lang='grc' dir='ltr'>ἀμπέλοις</span> 
     </span>
    </p>
   </div>
   <div class='ocr_carea' id='block_1_78' title="bbox 205 4216 1863 4302">
    <p class='ocr_par' dir='ltr' id='par_1_78' title="bbox 205 4216 1863 4302">
     <span class='ocr_line' id='line_1_78' title="bbox 205 4216 1863 4302; baseline -0.002 -21"><span class='ocrx_word' id='word_1_555' title='bbox 205 4224 264 4281; x_wconf 73' lang='grc' dir='ltr'>δὲ</span> <span class='ocrx_word' id='word_1_556' title='bbox 292 4228 381 4281; x_wconf 82' lang='grc' dir='ltr'>καὶ</span> <span class='ocrx_word' id='word_1_557' title='bbox 421 4227 674 4302; x_wconf 84' lang='grc' dir='ltr'>βότρυσιν</span> <span class='ocrx_word' id='word_1_558' title='bbox 706 4226 779 4288; x_wconf 87' lang='grc' dir='ltr'>ὠς</span> <span class='ocrx_word' id='word_1_559' title='bbox 810 4225 869 4280; x_wconf 79' lang='grc' dir='ltr'>έκ</span> <span class='ocrx_word' id='word_1_560' title='bbox 898 4229 1087 4300; x_wconf 89' lang='grc' dir='ltr'>πηγῶν</span> <span class='ocrx_word' id='word_1_561' title='bbox 1114 4225 1308 4300; x_wconf 74' lang='grc' dir='ltr'>ῥέουσα</span> <span class='ocrx_word' id='word_1_562' title='bbox 1327 4216 1473 4297; x_wconf 50' lang='grc'>’(64),</span> <span class='ocrx_word' id='word_1_563' title='bbox 1504 4222 1593 4278; x_wconf 84' lang='grc' dir='ltr'>καὶ</span> <span class='ocrx_word' id='word_1_564' title='bbox 1623 4224 1863 4301; x_wconf 60' lang='grc' dir='ltr'>προσφέ-</span> 
     </span>
    </p>
   </div>
   <div class='ocr_carea' id='block_1_79' title="bbox 203 4311 1864 4389">
    <p class='ocr_par' dir='ltr' id='par_1_79' title="bbox 203 4311 1864 4389">
     <span class='ocr_line' id='line_1_79' title="bbox 203 4311 1864 4389; baseline -0.002 -20"><span class='ocrx_word' id='word_1_565' title='bbox 203 4335 376 4389; x_wconf 87' lang='grc' dir='ltr'>ρουσα</span> <span class='ocrx_word' id='word_1_566' title='bbox 430 4319 546 4377; x_wconf 86' lang='grc' dir='ltr'>τοῖς</span> <span class='ocrx_word' id='word_1_567' title='bbox 607 4313 830 4378; x_wconf 84' lang='grc' dir='ltr'>οἰκείοις</span> <span class='ocrx_word' id='word_1_568' title='bbox 859 4311 1180 4387; x_wconf 86' lang='grc' dir='ltr'>διέλαμπεν·</span> <span class='ocrx_word' id='word_1_569' title='bbox 1244 4312 1294 4367; x_wconf 90' lang='grc' dir='ltr'>ἐν</span> <span class='ocrx_word' id='word_1_570' title='bbox 1356 4315 1438 4374; x_wconf 77' lang='grc' dir='ltr'>οἷς</span> <span class='ocrx_word' id='word_1_571' title='bbox 1469 4312 1558 4365; x_wconf 78' lang='grc' dir='ltr'>καὶ</span> <span class='ocrx_word' id='word_1_572' title='bbox 1607 4330 1864 4387; x_wconf 84' lang='grc' dir='ltr'>πραγμα-</span> 
     </span>
    </p>
   </div>
   <div class='ocr_carea' id='block_1_80' title="bbox 203 4401 1860 4480">
    <p class='ocr_par' dir='ltr' id='par_1_80' title="bbox 203 4401 1860 4480">
     <span class='ocr_line' id='line_1_80' title="bbox 203 4401 1860 4480; baseline -0.002 -22"><span class='ocrx_word' id='word_1_573' title='bbox 203 4405 379 4468; x_wconf 87' lang='grc' dir='ltr'>τείαις</span> <span class='ocrx_word' id='word_1_574' title='bbox 407 4408 740 4480; x_wconf 85' lang='grc' dir='ltr'>τραπεζιτῶν</span> <span class='ocrx_word' id='word_1_575' title='bbox 774 4404 975 4458; x_wconf 79' lang='grc' dir='ltr'>ἅπασαι</span> <span class='ocrx_word' id='word_1_576' title='bbox 1027 4402 1184 4478; x_wconf 82' lang='grc' dir='ltr'>γοναὶ</span> <span class='ocrx_word' id='word_1_577' title='bbox 1234 4404 1332 4471; x_wconf 70' lang='grc' dir='ltr'>τῆς</span> <span class='ocrx_word' id='word_1_578' title='bbox 1365 4401 1606 4468; x_wconf 80' lang='grc' dir='ltr'>πόλεως,</span> <span class='ocrx_word' id='word_1_579' title='bbox 1635 4401 1726 4454; x_wconf 82' lang='grc' dir='ltr'>καὶ</span> <span class='ocrx_word' id='word_1_580' title='bbox 1760 4404 1860 4454; x_wconf 80' lang='grc' dir='ltr'>τῶν</span> 
     </span>
    </p>
   </div>
   <div class='ocr_carea' id='block_1_81' title="bbox 204 4488 1862 4570">
    <p class='ocr_par' dir='ltr' id='par_1_81' title="bbox 204 4488 1862 4570">
     <span class='ocr_line' id='line_1_81' title="bbox 204 4488 1862 4570; baseline -0.004 -22"><span class='ocrx_word' id='word_1_581' title='bbox 204 4495 362 4568; x_wconf 78' lang='grc' dir='ltr'>πέριξ</span> <span class='ocrx_word' id='word_1_582' title='bbox 420 4493 926 4570; x_wconf 84' lang='grc' dir='ltr'>περιτετειχισμένη</span> <span class='ocrx_word' id='word_1_583' title='bbox 973 4491 1142 4566; x_wconf 70' lang='grc' dir='ltr'>γῦρου</span> <span class='ocrx_word' id='word_1_584' title='bbox 1213 4493 1348 4565; x_wconf 76' lang='grc'>(65),</span> <span class='ocrx_word' id='word_1_585' title='bbox 1408 4489 1496 4544; x_wconf 86' lang='grc' dir='ltr'>καὶ</span> <span class='ocrx_word' id='word_1_586' title='bbox 1555 4488 1862 4569; x_wconf 55' lang='grc' dir='ltr'>περισσείαν</span> 
     </span>
    </p>
   </div>
   <div class='ocr_carea' id='block_1_82' title="bbox 1967 3336 3620 3410">
    <p class='ocr_par' dir='ltr' id='par_1_82' title="bbox 1967 3336 3620 3410">
     <span class='ocr_line' id='line_1_82' title="bbox 1967 3336 3620 3410; baseline 0.002 -18"><span class='ocrx_word' id='word_1_587' title='bbox 1967 3336 2310 3403; x_wconf 82' lang='lat' dir='ltr'>Saturnino,</span> <span class='ocrx_word' id='word_1_588' title='bbox 2342 3337 2464 3408; x_wconf 90' lang='lat' dir='ltr'>ipse</span> <span class='ocrx_word' id='word_1_589' title='bbox 2489 3355 2624 3392; x_wconf 89' lang='lat' dir='ltr'>cum</span> <span class='ocrx_word' id='word_1_590' title='bbox 2657 3343 2860 3393; x_wconf 90' lang='lat' dir='ltr'>sancto</span> <span class='ocrx_word' id='word_1_591' title='bbox 2895 3337 3169 3410; x_wconf 90' lang='lat' dir='ltr'>Luciano,</span> <span class='ocrx_word' id='word_1_592' title='bbox 3199 3343 3256 3395; x_wconf 89' lang='lat' dir='ltr'>et</span> <span class='ocrx_word' id='word_1_593' title='bbox 3280 3344 3481 3396; x_wconf 86' lang='lat' dir='ltr'>sancto</span> <span class='ocrx_word' id='word_1_594' title='bbox 3506 3341 3620 3396; x_wconf 82' lang='lat' dir='ltr'>Ru-</span> 
     </span>
    </p>
   </div>
   <div class='ocr_carea' id='block_1_83' title="bbox 1972 3426 3616 3493">
    <p class='ocr_par' dir='ltr' id='par_1_83' title="bbox 1972 3426 3616 3493">
     <span class='ocr_line' id='line_1_83' title="bbox 1972 3426 3616 3493; baseline 0.001 -11"><span class='ocrx_word' id='word_1_595' title='bbox 1972 3427 2139 3492; x_wconf 87' lang='lat' dir='ltr'>stico,</span> <span class='ocrx_word' id='word_1_596' title='bbox 2199 3431 2256 3481; x_wconf 87' lang='lat' dir='ltr'>et</span> <span class='ocrx_word' id='word_1_597' title='bbox 2285 3431 2486 3482; x_wconf 84' lang='lat' dir='ltr'>sancto</span> <span class='ocrx_word' id='word_1_598' title='bbox 2520 3426 2882 3493; x_wconf 84' lang='lat' dir='ltr'>Eleutherio,</span> <span class='ocrx_word' id='word_1_599' title='bbox 2937 3427 3226 3482; x_wconf 86' lang='lat' dir='ltr'>Lutetiam</span> <span class='ocrx_word' id='word_1_600' title='bbox 3262 3429 3616 3484; x_wconf 87' lang='lat' dir='ltr'>Parisiorum</span> 
     </span>
    </p>
   </div>
   <div class='ocr_carea' id='block_1_84' title="bbox 1970 3515 3619 3588">
    <p class='ocr_par' dir='ltr' id='par_1_84' title="bbox 1970 3515 3619 3588">
     <span class='ocr_line' id='line_1_84' title="bbox 1970 3515 3619 3588; baseline 0.002 -18"><span class='ocrx_word' id='word_1_601' title='bbox 1970 3515 2148 3571; x_wconf 89' lang='lat' dir='ltr'>venit.</span> <span class='ocrx_word' id='word_1_602' title='bbox 2212 3515 2465 3571; x_wconf 90' lang='lat' dir='ltr'>Sanctus</span> <span class='ocrx_word' id='word_1_603' title='bbox 2523 3519 2718 3571; x_wconf 90' lang='lat' dir='ltr'>autem</span> <span class='ocrx_word' id='word_1_604' title='bbox 2777 3516 3090 3584; x_wconf 89' lang='lat' dir='ltr'>Lucianus,</span> <span class='ocrx_word' id='word_1_605' title='bbox 3134 3516 3478 3588; x_wconf 84' lang='lat' dir='ltr'>presbyterii</span> <span class='ocrx_word' id='word_1_606' title='bbox 3513 3517 3619 3574; x_wconf 90' lang='lat' dir='ltr'>ho—</span> 
     </span>
    </p>
   </div>
   <div class='ocr_carea' id='block_1_85' title="bbox 1973 3603 3616 3675">
    <p class='ocr_par' dir='ltr' id='par_1_85' title="bbox 1973 3603 3616 3675">
     <span class='ocr_line' id='line_1_85' title="bbox 1973 3603 3616 3675; baseline 0.001 -15"><span class='ocrx_word' id='word_1_607' title='bbox 1973 3621 2114 3660; x_wconf 91' lang='lat' dir='ltr'>nore</span> <span class='ocrx_word' id='word_1_608' title='bbox 2198 3609 2465 3675; x_wconf 88' lang='lat' dir='ltr'>ornatus,</span> <span class='ocrx_word' id='word_1_609' title='bbox 2547 3605 2617 3660; x_wconf 90' lang='lat' dir='ltr'>ad</span> <span class='ocrx_word' id='word_1_610' title='bbox 2706 3603 3072 3660; x_wconf 80' lang='lat' dir='ltr'>Bellovesum</span> <span class='ocrx_word' id='word_1_611' title='bbox 3130 3607 3337 3661; x_wconf 90' lang='lat' dir='ltr'>urbem</span> <span class='ocrx_word' id='word_1_612' title='bbox 3396 3605 3616 3662; x_wconf 85' lang='lat' dir='ltr'>missus</span> 
     </span>
    </p>
   </div>
   <div class='ocr_carea' id='block_1_86' title="bbox 1973 3693 3618 3767">
    <p class='ocr_par' dir='ltr' id='par_1_86' title="bbox 1973 3693 3618 3767">
     <span class='ocr_line' id='line_1_86' title="bbox 1973 3693 3618 3767; baseline 0.001 -18"><span class='ocrx_word' id='word_1_613' title='bbox 1973 3699 2082 3765; x_wconf 90' lang='lat' dir='ltr'>est,</span> <span class='ocrx_word' id='word_1_614' title='bbox 2117 3694 2215 3766; x_wconf 90' lang='lat' dir='ltr'>qui</span> <span class='ocrx_word' id='word_1_615' title='bbox 2247 3695 2422 3750; x_wconf 85' lang='lat' dir='ltr'>etiam</span> <span class='ocrx_word' id='word_1_616' title='bbox 2455 3693 2794 3750; x_wconf 80' lang='lat' dir='ltr'>inﬁdelibus</span> <span class='ocrx_word' id='word_1_617' title='bbox 2822 3694 3056 3767; x_wconf 91' lang='lat' dir='ltr'>populis</span> <span class='ocrx_word' id='word_1_618' title='bbox 3077 3694 3334 3750; x_wconf 90' lang='lat' dir='ltr'>veritatis</span> <span class='ocrx_word' id='word_1_619' title='bbox 3357 3698 3618 3767; x_wconf 87' lang='lat' dir='ltr'>Evange-</span> 
     </span>
    </p>
   </div>
   <div class='ocr_carea' id='block_1_87' title="bbox 1973 3781 3620 3857">
    <p class='ocr_par' dir='ltr' id='par_1_87' title="bbox 1973 3781 3620 3857">
     <span class='ocr_line' id='line_1_87' title="bbox 1973 3781 3620 3857; baseline 0.002 -20"><span class='ocrx_word' id='word_1_620' title='bbox 1973 3781 2120 3838; x_wconf 90' lang='lat' dir='ltr'>lium</span> <span class='ocrx_word' id='word_1_621' title='bbox 2179 3783 2534 3854; x_wconf 63' lang='lat' dir='ltr'>praedicaret.</span> <span class='ocrx_word' id='word_1_622' title='bbox 2600 3783 2731 3856; x_wconf 89' lang='lat' dir='ltr'>Ipse</span> <span class='ocrx_word' id='word_1_623' title='bbox 2787 3800 2958 3856; x_wconf 91' lang='lat' dir='ltr'>porro</span> <span class='ocrx_word' id='word_1_624' title='bbox 3020 3787 3259 3840; x_wconf 88' lang='lat' dir='ltr'>sanctus</span> <span class='ocrx_word' id='word_1_625' title='bbox 3305 3783 3620 3857; x_wconf 79' lang='lat' dir='ltr'>Dionysius</span> 
     </span>
    </p>
   </div>
   <div class='ocr_carea' id='block_1_88' title="bbox 1976 3872 3632 3946">
    <p class='ocr_par' dir='ltr' id='par_1_88' title="bbox 1976 3872 3632 3946">
     <span class='ocr_line' id='line_1_88' title="bbox 1976 3872 3632 3946; baseline 0.001 -19"><span class='ocrx_word' id='word_1_626' title='bbox 1976 3873 2214 3928; x_wconf 65' lang='lat' dir='ltr'>Lutetiae</span> <span class='ocrx_word' id='word_1_627' title='bbox 2274 3872 2633 3928; x_wconf 87' lang='lat' dir='ltr'>Parisiorum</span> <span class='ocrx_word' id='word_1_628' title='bbox 2692 3875 2942 3942; x_wconf 87' lang='lat' dir='ltr'>mansit;</span> <span class='ocrx_word' id='word_1_629' title='bbox 2977 3873 3132 3944; x_wconf 88' lang='lat' dir='ltr'>quod</span> <span class='ocrx_word' id='word_1_630' title='bbox 3173 3872 3480 3946; x_wconf 89' lang='lat' dir='ltr'>oppidum,</span> <span class='ocrx_word' id='word_1_631' title='bbox 3513 3873 3632 3930; x_wconf 67' lang='lat' dir='ltr'>etsi&#39;</span> 
     </span>
    </p>
   </div>
   <div class='ocr_carea' id='block_1_89' title="bbox 1974 3962 3626 4034">
    <p class='ocr_par' dir='ltr' id='par_1_89' title="bbox 1974 3962 3626 4034">
     <span class='ocr_line' id='line_1_89' title="bbox 1974 3962 3626 4034; baseline 0.001 -17"><span class='ocrx_word' id='word_1_632' title='bbox 1974 3979 2220 4034; x_wconf 89' lang='lat' dir='ltr'>parvum</span> <span class='ocrx_word' id='word_1_633' title='bbox 2278 3967 2335 4017; x_wconf 89' lang='lat' dir='ltr'>et</span> <span class='ocrx_word' id='word_1_634' title='bbox 2393 3963 2698 4034; x_wconf 74' lang='lat' dir='ltr'>exiguum,</span> <span class='ocrx_word' id='word_1_635' title='bbox 2752 3967 2950 4018; x_wconf 90' lang='lat' dir='ltr'>tamen</span> <span class='ocrx_word' id='word_1_636' title='bbox 3011 3963 3248 4034; x_wconf 87' lang='lat' dir='ltr'>gentilis</span> <span class='ocrx_word' id='word_1_637' title='bbox 3305 3962 3518 4020; x_wconf 90' lang='lat' dir='ltr'>erroris</span> <span class='ocrx_word' id='word_1_638' title='bbox 3568 3968 3626 4019; x_wconf 89' lang='lat' dir='ltr'>et</span> 
     </span>
    </p>
   </div>
   <div class='ocr_carea' id='block_1_90' title="bbox 1965 4050 3622 4123">
    <p class='ocr_par' dir='ltr' id='par_1_90' title="bbox 1965 4050 3622 4123">
     <span class='ocr_line' id='line_1_90' title="bbox 1965 4050 3622 4123; baseline 0.001 -16"><span class='ocrx_word' id='word_1_639' title='bbox 1965 4051 2391 4123; x_wconf 85' lang='lat' dir='ltr'>&#39;inquinationis</span> <span class='ocrx_word' id='word_1_640' title='bbox 2446 4050 2684 4123; x_wconf 88' lang='lat' dir='ltr'>plenum</span> <span class='ocrx_word' id='word_1_641' title='bbox 2744 4056 2890 4107; x_wconf 91' lang='lat' dir='ltr'>erat.</span> <span class='ocrx_word' id='word_1_642' title='bbox 2946 4053 3055 4107; x_wconf 89' lang='lat' dir='ltr'>Sed</span> <span class='ocrx_word' id='word_1_643' title='bbox 3109 4056 3235 4107; x_wconf 90' lang='lat' dir='ltr'>erat</span> <span class='ocrx_word' id='word_1_644' title='bbox 3267 4051 3455 4108; x_wconf 85' lang='lat' dir='ltr'>fertile</span> <span class='ocrx_word' id='word_1_645' title='bbox 3483 4069 3622 4108; x_wconf 91' lang='lat' dir='ltr'>con-</span> 
     </span>
    </p>
   </div>
   <div class='ocr_carea' id='block_1_91' title="bbox 1973 4139 3620 4212">
    <p class='ocr_par' dir='ltr' id='par_1_91' title="bbox 1973 4139 3620 4212">
     <span class='ocr_line' id='line_1_91' title="bbox 1973 4139 3620 4212; baseline -0.001 -15"><span class='ocrx_word' id='word_1_646' title='bbox 1973 4142 2277 4212; x_wconf 89' lang='lat' dir='ltr'>situmque</span> <span class='ocrx_word' id='word_1_647' title='bbox 2333 4145 2389 4196; x_wconf 90' lang='lat' dir='ltr'>et</span> <span class='ocrx_word' id='word_1_648' title='bbox 2445 4144 2717 4196; x_wconf 86' lang='lat' dir='ltr'>ornatum</span> <span class='ocrx_word' id='word_1_649' title='bbox 2777 4140 3106 4196; x_wconf 89' lang='lat' dir='ltr'>arboribus.</span> <span class='ocrx_word' id='word_1_650' title='bbox 3159 4139 3392 4197; x_wconf 89' lang='lat' dir='ltr'>Vitibus</span> <span class='ocrx_word' id='word_1_651' title='bbox 3424 4145 3620 4197; x_wconf 87' lang='lat' dir='ltr'>autem</span> 
     </span>
    </p>
   </div>
   <div class='ocr_carea' id='block_1_92' title="bbox 1973 4228 3618 4302">
    <p class='ocr_par' dir='ltr' id='par_1_92' title="bbox 1973 4228 3618 4302">
     <span class='ocr_line' id='line_1_92' title="bbox 1973 4228 3618 4302; baseline 0 -16"><span class='ocrx_word' id='word_1_652' title='bbox 1973 4235 2031 4286; x_wconf 87' lang='lat' dir='ltr'>et</span> <span class='ocrx_word' id='word_1_653' title='bbox 2089 4230 2238 4297; x_wconf 85' lang='lat' dir='ltr'>uvis,</span> <span class='ocrx_word' id='word_1_654' title='bbox 2296 4234 2580 4300; x_wconf 88' lang='lat' dir='ltr'>tanquam</span> <span class='ocrx_word' id='word_1_655' title='bbox 2638 4246 2707 4283; x_wconf 88' lang='lat' dir='ltr'>ex</span> <span class='ocrx_word' id='word_1_656' title='bbox 2759 4228 3020 4284; x_wconf 83' lang='lat' dir='ltr'>fontibus</span> <span class='ocrx_word' id='word_1_657' title='bbox 3105 4228 3307 4285; x_wconf 88' lang='lat' dir='ltr'>vinum</span> <span class='ocrx_word' id='word_1_658' title='bbox 3378 4231 3618 4302; x_wconf 84' lang='lat' dir='ltr'>profun-</span> 
     </span>
    </p>
   </div>
   <div class='ocr_carea' id='block_1_93' title="bbox 1973 4317 3622 4391">
    <p class='ocr_par' dir='ltr' id='par_1_93' title="bbox 1973 4317 3622 4391">
     <span class='ocr_line' id='line_1_93' title="bbox 1973 4317 3622 4391; baseline -0.001 -16"><span class='ocrx_word' id='word_1_659' title='bbox 1973 4320 2139 4389; x_wconf 89' lang='lat' dir='ltr'>dens,</span> <span class='ocrx_word' id='word_1_660' title='bbox 2198 4323 2254 4373; x_wconf 93' lang='lat' dir='ltr'>et</span> <span class='ocrx_word' id='word_1_661' title='bbox 2311 4317 2438 4373; x_wconf 89' lang='lat' dir='ltr'>suis</span> <span class='ocrx_word' id='word_1_662' title='bbox 2470 4317 2860 4390; x_wconf 88' lang='lat' dir='ltr'>suppeditans</span> <span class='ocrx_word' id='word_1_663' title='bbox 2890 4322 3014 4373; x_wconf 89' lang='lat' dir='ltr'>crat</span> <span class='ocrx_word' id='word_1_664' title='bbox 3047 4318 3279 4388; x_wconf 87' lang='lat' dir='ltr'>nobile;</span> <span class='ocrx_word' id='word_1_665' title='bbox 3312 4318 3372 4374; x_wconf 91' lang='lat' dir='ltr'>in</span> <span class='ocrx_word' id='word_1_666' title='bbox 3404 4319 3622 4391; x_wconf 89' lang='lat' dir='ltr'>quibus</span> 
     </span>
    </p>
   </div>
   <div class='ocr_carea' id='block_1_94' title="bbox 1973 4406 3622 4478">
    <p class='ocr_par' dir='ltr' id='par_1_94' title="bbox 1973 4406 3622 4478">
     <span class='ocr_line' id='line_1_94' title="bbox 1973 4406 3622 4478; baseline -0.001 -14"><span class='ocrx_word' id='word_1_667' title='bbox 1973 4413 2030 4464; x_wconf 90' lang='lat' dir='ltr'>et</span> <span class='ocrx_word' id='word_1_668' title='bbox 2061 4407 2484 4463; x_wconf 85' lang='lat' dir='ltr'>mensariorum</span> <span class='ocrx_word' id='word_1_669' title='bbox 2520 4407 2770 4478; x_wconf 87' lang='lat' dir='ltr'>negotiis</span> <span class='ocrx_word' id='word_1_670' title='bbox 2802 4406 3086 4463; x_wconf 75' lang='lat' dir='ltr'>universa:</span> <span class='ocrx_word' id='word_1_671' title='bbox 3109 4407 3360 4463; x_wconf 87' lang='lat' dir='ltr'>civitatis</span> <span class='ocrx_word' id='word_1_672' title='bbox 3385 4406 3622 4462; x_wconf 72' lang='lat' dir='ltr'>familiae</span> 
     </span>
    </p>
   </div>
   <div class='ocr_carea' id='block_1_95' title="bbox 1972 4495 3626 4566">
    <p class='ocr_par' dir='ltr' id='par_1_95' title="bbox 1972 4495 3626 4566">
     <span class='ocr_line' id='line_1_95' title="bbox 1972 4495 3626 4566; baseline 0 -14"><span class='ocrx_word' id='word_1_673' title='bbox 1972 4501 2030 4552; x_wconf 87' lang='lat' dir='ltr'>et</span> <span class='ocrx_word' id='word_1_674' title='bbox 2085 4512 2285 4552; x_wconf 89' lang='lat' dir='ltr'>eorum</span> <span class='ocrx_word' id='word_1_675' title='bbox 2340 4495 2440 4566; x_wconf 87' lang='lat' dir='ltr'>qui</span> <span class='ocrx_word' id='word_1_676' title='bbox 2473 4496 2854 4552; x_wconf 88' lang='lat' dir='ltr'>circumcirca</span> <span class='ocrx_word' id='word_1_677' title='bbox 2882 4496 3106 4552; x_wconf 62' lang='lat' dir='ltr'>vallatis</span> <span class='ocrx_word' id='word_1_678' title='bbox 3138 4497 3428 4552; x_wconf 86' lang='lat' dir='ltr'>ambitum</span> <span class='ocrx_word' id='word_1_679' title='bbox 3461 4495 3626 4552; x_wconf 91' lang='lat' dir='ltr'>inco-</span> 
     </span>
    </p>
   </div>
   <div class='ocr_carea' id='block_1_96' title="bbox 208 4582 1862 4669">
    <p class='ocr_par' dir='ltr' id='par_1_96' title="bbox 208 4582 1862 4661">
     <span class='ocr_line' id='line_1_96' title="bbox 208 4582 1862 4661; baseline -0.005 -20"><span class='ocrx_word' id='word_1_680' title='bbox 208 4586 420 4661; x_wconf 73' lang='grc' dir='ltr'>ἲχθόων</span> <span class='ocrx_word' id='word_1_681' title='bbox 466 4586 604 4661; x_wconf 84' lang='grc' dir='ltr'>πρὸς</span> <span class='ocrx_word' id='word_1_682' title='bbox 635 4586 849 4648; x_wconf 79' lang='grc' dir='ltr'>τούτοις</span> <span class='ocrx_word' id='word_1_683' title='bbox 881 4586 986 4640; x_wconf 89' lang='grc' dir='ltr'>ἀπὸ</span> <span class='ocrx_word' id='word_1_684' title='bbox 1023 4589 1120 4640; x_wconf 88' lang='grc' dir='ltr'>τοῦ</span> <span class='ocrx_word' id='word_1_685' title='bbox 1151 4587 1423 4656; x_wconf 83' lang='grc' dir='ltr'>ποταμοῦ,</span> <span class='ocrx_word' id='word_1_686' title='bbox 1457 4582 1533 4644; x_wconf 83' lang='grc' dir='ltr'>ὡς</span> <span class='ocrx_word' id='word_1_687' title='bbox 1565 4582 1671 4636; x_wconf 83' lang='grc' dir='ltr'>ἀπὸ</span> <span class='ocrx_word' id='word_1_688' title='bbox 1701 4601 1862 4654; x_wconf 78' lang='grc' dir='ltr'>προσ-</span> 
     </span>
    </p>
   </div>
   <div class='ocr_carea' id='block_1_97' title="bbox 1973 4582 3623 4669">
    <p class='ocr_par' dir='ltr' id='par_1_97' title="bbox 1976 4585 3623 4658">
     <span class='ocr_line' id='line_1_97' title="bbox 1976 4585 3623 4658; baseline 0 -18"><span class='ocrx_word' id='word_1_689' title='bbox 1976 4585 2196 4653; x_wconf 88' lang='lat' dir='ltr'>lebant,</span> <span class='ocrx_word' id='word_1_690' title='bbox 2258 4585 2522 4640; x_wconf 90' lang='lat' dir='ltr'>studium</span> <span class='ocrx_word' id='word_1_691' title='bbox 2580 4592 2638 4640; x_wconf 88' lang='lat' dir='ltr'>et</span> <span class='ocrx_word' id='word_1_692' title='bbox 2666 4603 2903 4658; x_wconf 90' lang='lat' dir='ltr'>operam</span> <span class='ocrx_word' id='word_1_693' title='bbox 2946 4586 3334 4643; x_wconf 87' lang='lat' dir='ltr'>collocabant.</span> <span class='ocrx_word' id='word_1_694' title='bbox 3368 4585 3623 4641; x_wconf 87' lang='lat' dir='ltr'>Piscium</span> 
     </span>
    </p>
   </div>
   <div class='ocr_carea' id='block_1_98' title="bbox 209 4671 1862 4749">
    <p class='ocr_par' dir='ltr' id='par_1_98' title="bbox 209 4671 1862 4749">
     <span class='ocr_line' id='line_1_98' title="bbox 209 4671 1862 4749; baseline -0.004 -19"><span class='ocrx_word' id='word_1_695' title='bbox 209 4680 366 4730; x_wconf 78' lang='grc' dir='ltr'>ωπου</span> <span class='ocrx_word' id='word_1_696' title='bbox 421 4677 520 4745; x_wconf 77' lang='grc' dir='ltr'>τῆς</span> <span class='ocrx_word' id='word_1_697' title='bbox 581 4674 850 4744; x_wconf 79' lang='grc' dir='ltr'>θαλάττης</span> <span class='ocrx_word' id='word_1_698' title='bbox 905 4675 1160 4746; x_wconf 87' lang='grc' dir='ltr'>κυμάτων</span> <span class='ocrx_word' id='word_1_699' title='bbox 1221 4671 1401 4743; x_wconf 87' lang='grc' dir='ltr'>δίκην,</span> <span class='ocrx_word' id='word_1_700' title='bbox 1460 4671 1862 4749; x_wconf 69' lang='grc' dir='ltr'>προσφέρουσα,</span> 
     </span>
    </p>
   </div>
   <div class='ocr_carea' id='block_1_99' title="bbox 209 4760 1864 4842">
    <p class='ocr_par' dir='ltr' id='par_1_99' title="bbox 209 4760 1864 4842">
     <span class='ocr_line' id='line_1_99' title="bbox 209 4760 1864 4842; baseline -0.005 -21"><span class='ocrx_word' id='word_1_701' title='bbox 209 4771 496 4842; x_wconf 84' lang='grc' dir='ltr'>παρεῖχεν.</span> <span class='ocrx_word' id='word_1_702' title='bbox 555 4764 669 4822; x_wconf 76' lang='grc' dir='ltr'>Οὐκ</span> <span class='ocrx_word' id='word_1_703' title='bbox 727 4764 918 4842; x_wconf 80' lang='grc' dir='ltr'>ὀλίγην</span> <span class='ocrx_word' id='word_1_704' title='bbox 954 4761 1010 4819; x_wconf 74' lang='grc' dir='ltr'>δέ</span> <span class='ocrx_word' id='word_1_705' title='bbox 1040 4763 1131 4818; x_wconf 88' lang='grc' dir='ltr'>καὶ</span> <span class='ocrx_word' id='word_1_706' title='bbox 1179 4765 1206 4818; x_wconf 86' lang='grc' dir='ltr'>ὁ</span> <span class='ocrx_word' id='word_1_707' title='bbox 1240 4763 1486 4835; x_wconf 84' lang='grc' dir='ltr'>ποταμὸς</span> <span class='ocrx_word' id='word_1_708' title='bbox 1516 4765 1614 4816; x_wconf 91' lang='grc' dir='ltr'>τοῦ</span> <span class='ocrx_word' id='word_1_709' title='bbox 1643 4760 1864 4836; x_wconf 83' lang='grc' dir='ltr'>τείχους</span> 
     </span>
    </p>
   </div>
   <div class='ocr_carea' id='block_1_100' title="bbox 213 4849 1867 4932">
    <p class='ocr_par' dir='ltr' id='par_1_100' title="bbox 213 4849 1867 4932">
     <span class='ocr_line' id='line_1_100' title="bbox 213 4849 1867 4932; baseline -0.005 -22"><span class='ocrx_word' id='word_1_710' title='bbox 213 4851 534 4932; x_wconf 82' lang='grc' dir='ltr'>ἐγινώσκετο</span> <span class='ocrx_word' id='word_1_711' title='bbox 591 4852 848 4928; x_wconf 82' lang='grc' dir='ltr'>παρέχων</span> <span class='ocrx_word' id='word_1_712' title='bbox 914 4854 1168 4928; x_wconf 85' lang='grc' dir='ltr'>βοήθειαν</span> <span class='ocrx_word' id='word_1_713' title='bbox 1205 4871 1216 4884; x_wconf 91' lang='grc'><strong>·</strong></span> <span class='ocrx_word' id='word_1_714' title='bbox 1272 4851 1361 4907; x_wconf 86' lang='grc' dir='ltr'>καὶ</span> <span class='ocrx_word' id='word_1_715' title='bbox 1418 4849 1576 4911; x_wconf 80' lang='grc' dir='ltr'>αὐτὸς</span> <span class='ocrx_word' id='word_1_716' title='bbox 1628 4849 1730 4925; x_wconf 70' lang='grc' dir='ltr'>γὰρ</span> <span class='ocrx_word' id='word_1_717' title='bbox 1788 4851 1867 4918; x_wconf 82' lang='grc' dir='ltr'>τῷ</span> 
     </span>
    </p>
   </div>
   <div class='ocr_carea' id='block_1_101' title="bbox 211 4938 1868 5014">
    <p class='ocr_par' dir='ltr' id='par_1_101' title="bbox 211 4938 1868 5014">
     <span class='ocr_line' id='line_1_101' title="bbox 211 4938 1868 5014; baseline -0.005 -14"><span class='ocrx_word' id='word_1_718' title='bbox 211 4943 407 5000; x_wconf 79' lang='grc' dir='ltr'>πλάτει</span> <span class='ocrx_word' id='word_1_719' title='bbox 456 4948 558 5008; x_wconf 78' lang='grc' dir='ltr'>τῆς</span> <span class='ocrx_word' id='word_1_720' title='bbox 581 4941 818 5013; x_wconf 86' lang='grc' dir='ltr'>πόλεως,</span> <span class='ocrx_word' id='word_1_721' title='bbox 844 4947 922 5014; x_wconf 78' lang='grc' dir='ltr'>τῷ</span> <span class='ocrx_word' id='word_1_722' title='bbox 949 4939 1074 5014; x_wconf 72' lang='grc' dir='ltr'>ἰδίῳ</span> <span class='ocrx_word' id='word_1_723' title='bbox 1105 4939 1322 5010; x_wconf 88' lang='grc' dir='ltr'>πλάτει,</span> <span class='ocrx_word' id='word_1_724' title='bbox 1357 4938 1536 5013; x_wconf 82' lang='grc' dir='ltr'>ὥσπερ</span> <span class='ocrx_word' id='word_1_725' title='bbox 1571 4945 1756 5008; x_wconf 80' lang='grc' dir='ltr'>νῆσον,</span> <span class='ocrx_word' id='word_1_726' title='bbox 1789 4941 1868 5009; x_wconf 81' lang='grc' dir='ltr'>τῷ</span> 
     </span>
    </p>
   </div>
   <div class='ocr_carea' id='block_1_102' title="bbox 213 5029 974 5105">
    <p class='ocr_par' dir='ltr' id='par_1_102' title="bbox 213 5029 974 5105">
     <span class='ocr_line' id='line_1_102' title="bbox 213 5029 974 5105; baseline 0 -19"><span class='ocrx_word' id='word_1_727' title='bbox 213 5032 366 5088; x_wconf 68' lang='grc' dir='ltr'>ὕδατι</span> <span class='ocrx_word' id='word_1_728' title='bbox 392 5033 559 5102; x_wconf 68' lang='grc' dir='ltr'>αὐτ-ἣν</span> <span class='ocrx_word' id='word_1_729' title='bbox 591 5029 974 5105; x_wconf 73' lang='grc' dir='ltr'>περιεκῦκλου.</span> 
     </span>
    </p>
   </div>
   <div class='ocr_carea' id='block_1_103' title="bbox 283 5114 1868 5194">
    <p class='ocr_par' dir='ltr' id='par_1_103' title="bbox 283 5114 1868 5194">
     <span class='ocr_line' id='line_1_103' title="bbox 283 5114 1868 5194; baseline -0.006 -13"><span class='ocrx_word' id='word_1_730' title='bbox 283 5127 492 5181; x_wconf 84' lang='grc' dir='ltr'>Τοῦτον</span> <span class='ocrx_word' id='word_1_731' title='bbox 546 5122 634 5176; x_wconf 78' lang='grc' dir='ltr'>οὗν</span> <span class='ocrx_word' id='word_1_732' title='bbox 688 5122 777 5176; x_wconf 84' lang='grc' dir='ltr'>τὸν</span> <span class='ocrx_word' id='word_1_733' title='bbox 836 5120 1007 5176; x_wconf 88' lang='grc' dir='ltr'>τόπον</span> <span class='ocrx_word' id='word_1_734' title='bbox 1042 5121 1068 5174; x_wconf 87' lang='grc' dir='ltr'>ὁ</span> <span class='ocrx_word' id='word_1_735' title='bbox 1123 5123 1256 5174; x_wconf 88' lang='grc' dir='ltr'>Θεοῦ</span> <span class='ocrx_word' id='word_1_736' title='bbox 1291 5116 1486 5182; x_wconf 81' lang='grc' dir='ltr'>δοῦλος</span> <span class='ocrx_word' id='word_1_737' title='bbox 1517 5114 1868 5194; x_wconf 66' lang='grc' dir='ltr'>περιοδεύσας</span> 
     </span>
    </p>
   </div>
   <div class='ocr_carea' id='block_1_104' title="bbox 212 5206 1868 5286">
    <p class='ocr_par' dir='ltr' id='par_1_104' title="bbox 212 5206 1868 5286">
     <span class='ocr_line' id='line_1_104' title="bbox 212 5206 1868 5286; baseline -0.005 -19"><span class='ocrx_word' id='word_1_738' title='bbox 212 5213 300 5267; x_wconf 83' lang='grc' dir='ltr'>καὶ</span> <span class='ocrx_word' id='word_1_739' title='bbox 351 5217 431 5285; x_wconf 81' lang='grc' dir='ltr'>τῷ</span> <span class='ocrx_word' id='word_1_740' title='bbox 489 5216 691 5286; x_wconf 83' lang='grc' dir='ltr'>στερεῴ</span> <span class='ocrx_word' id='word_1_741' title='bbox 741 5213 841 5281; x_wconf 77' lang='grc' dir='ltr'>τῆς</span> <span class='ocrx_word' id='word_1_742' title='bbox 897 5209 1126 5272; x_wconf 89' lang='grc' dir='ltr'>πίστεως</span> <span class='ocrx_word' id='word_1_743' title='bbox 1187 5206 1561 5280; x_wconf 85' lang='grc' dir='ltr'>ὁπλισάμενος</span> <span class='ocrx_word' id='word_1_744' title='bbox 1619 5210 1736 5278; x_wconf 78' lang='grc' dir='ltr'>Θεῷ</span> <span class='ocrx_word' id='word_1_745' title='bbox 1790 5211 1868 5278; x_wconf 77' lang='grc' dir='ltr'>τῷ</span> 
     </span>
    </p>
   </div>
   <div class='ocr_carea' id='block_1_105' title="bbox 213 5293 1866 5378">
    <p class='ocr_par' dir='ltr' id='par_1_105' title="bbox 213 5293 1866 5378">
     <span class='ocr_line' id='line_1_105' title="bbox 213 5293 1866 5378; baseline -0.005 -20"><span class='ocrx_word' id='word_1_746' title='bbox 213 5301 612 5377; x_wconf 83' lang='grc' dir='ltr'>παντοδυνάμῳ</span> <span class='ocrx_word' id='word_1_747' title='bbox 685 5306 964 5377; x_wconf 76' lang='grc' dir='ltr'>πανταχοῦ</span> <span class='ocrx_word' id='word_1_748' title='bbox 1022 5303 1315 5378; x_wconf 82' lang='grc' dir='ltr'>βοηθοῦντι</span> <span class='ocrx_word' id='word_1_749' title='bbox 1373 5298 1463 5354; x_wconf 83' lang='grc' dir='ltr'>καὶ</span> <span class='ocrx_word' id='word_1_750' title='bbox 1524 5293 1866 5352; x_wconf 69' lang='grc' dir='ltr'>συνοδεύοντι</span> 
     </span>
    </p>
   </div>
   <div class='ocr_carea' id='block_1_106' title="bbox 217 5385 1867 5468">
    <p class='ocr_par' dir='ltr' id='par_1_106' title="bbox 217 5385 1867 5468">
     <span class='ocr_line' id='line_1_106' title="bbox 217 5385 1867 5468; baseline -0.004 -21"><span class='ocrx_word' id='word_1_751' title='bbox 217 5392 410 5468; x_wconf 76' lang='grc' dir='ltr'>αὐτῷ,</span> <span class='ocrx_word' id='word_1_752' title='bbox 470 5392 760 5464; x_wconf 86' lang='grc' dir='ltr'>ἐκκλησίαν</span> <span class='ocrx_word' id='word_1_753' title='bbox 820 5391 989 5446; x_wconf 80' lang='grc' dir='ltr'>ἐκεῖσε</span> <span class='ocrx_word' id='word_1_754' title='bbox 1042 5390 1178 5445; x_wconf 84' lang='grc' dir='ltr'>κατά</span> <span class='ocrx_word' id='word_1_755' title='bbox 1231 5391 1331 5458; x_wconf 62' lang='grc' dir='ltr'>τὴν</span> <span class='ocrx_word' id='word_1_756' title='bbox 1391 5386 1620 5460; x_wconf 76' lang='grc' dir='ltr'>δύναμιν</span> <span class='ocrx_word' id='word_1_757' title='bbox 1680 5385 1867 5454; x_wconf 75' lang='grc' dir='ltr'>αὐτοῦ,</span> 
     </span>
    </p>
   </div>
   <div class='ocr_carea' id='block_1_107' title="bbox 216 5476 1868 5558">
    <p class='ocr_par' dir='ltr' id='par_1_107' title="bbox 216 5476 1868 5558">
     <span class='ocr_line' id='line_1_107' title="bbox 216 5476 1868 5558; baseline -0.005 -22"><span class='ocrx_word' id='word_1_758' title='bbox 216 5482 400 5546; x_wconf 74' lang='grc' dir='ltr'>καθότι</span> <span class='ocrx_word' id='word_1_759' title='bbox 459 5483 574 5545; x_wconf 86' lang='grc' dir='ltr'>νέος</span> <span class='ocrx_word' id='word_1_760' title='bbox 633 5485 815 5556; x_wconf 67' lang='grc' dir='ltr'>ἀκμὴν</span> <span class='ocrx_word' id='word_1_761' title='bbox 873 5478 1217 5558; x_wconf 69' lang='grc' dir='ltr'>προσήλυτος</span> <span class='ocrx_word' id='word_1_762' title='bbox 1267 5479 1506 5554; x_wconf 74' lang='grc' dir='ltr'>ὑπῆρχε,</span> <span class='ocrx_word' id='word_1_763' title='bbox 1546 5482 1626 5549; x_wconf 79' lang='grc' dir='ltr'>τῷ</span> <span class='ocrx_word' id='word_1_764' title='bbox 1685 5476 1868 5551; x_wconf 84' lang='grc' dir='ltr'>Κυρίῳ</span> 
     </span>
    </p>
   </div>
   <div class='ocr_carea' id='block_1_108' title="bbox 290 5699 903 5773">
    <p class='ocr_par' dir='ltr' id='par_1_108' title="bbox 290 5699 903 5773">
     <span class='ocr_line' id='line_1_108' title="bbox 290 5699 903 5773; baseline 0.002 -21"><span class='ocrx_word' id='word_1_765' title='bbox 290 5701 372 5773; x_wconf 82' lang='lat' dir='ltr'>(n)</span> <span class='ocrx_word' id='word_1_766' title='bbox 405 5700 615 5758; x_wconf 85' lang='lat' dir='ltr'>Matth.</span> <span class='ocrx_word' id='word_1_767' title='bbox 648 5717 781 5768; x_wconf 83' lang='lat' dir='ltr'>xxv,</span> <span class='ocrx_word' id='word_1_768' title='bbox 811 5699 903 5754; x_wconf 86' lang='grc'>2-1.</span> 
     </span>
    </p>
   </div>
   <div class='ocr_carea' id='block_1_109' title="bbox 1976 4673 3628 4747">
    <p class='ocr_par' dir='ltr' id='par_1_109' title="bbox 1976 4673 3628 4747">
     <span class='ocr_line' id='line_1_109' title="bbox 1976 4673 3628 4747; baseline 0 -17"><span class='ocrx_word' id='word_1_769' title='bbox 1976 4679 2254 4747; x_wconf 71' lang='lat' dir='ltr'>praeterea</span> <span class='ocrx_word' id='word_1_770' title='bbox 2311 4673 2535 4745; x_wconf 88' lang='lat' dir='ltr'>copiam</span> <span class='ocrx_word' id='word_1_771' title='bbox 2567 4692 2635 4730; x_wconf 88' lang='lat' dir='ltr'>ex</span> <span class='ocrx_word' id='word_1_772' title='bbox 2667 4691 2839 4730; x_wconf 88' lang='lat' dir='ltr'>amne</span> <span class='ocrx_word' id='word_1_773' title='bbox 2878 4675 3049 4746; x_wconf 85' lang='lat' dir='ltr'>quasi</span> <span class='ocrx_word' id='word_1_774' title='bbox 3081 4693 3150 4730; x_wconf 89' lang='lat' dir='ltr'>ex</span> <span class='ocrx_word' id='word_1_775' title='bbox 3181 4675 3359 4732; x_wconf 86' lang='lat' dir='ltr'>maris</span> <span class='ocrx_word' id='word_1_776' title='bbox 3388 4691 3485 4730; x_wconf 91' lang='lat' dir='ltr'>ore</span> <span class='ocrx_word' id='word_1_777' title='bbox 3516 4692 3628 4730; x_wconf 91' lang='lat' dir='ltr'>un-</span> 
     </span>
    </p>
   </div>
   <div class='ocr_carea' id='block_1_110' title="bbox 1978 4762 3625 4834">
    <p class='ocr_par' dir='ltr' id='par_1_110' title="bbox 1978 4762 3625 4834">
     <span class='ocr_line' id='line_1_110' title="bbox 1978 4762 3625 4834; baseline -0.001 -16"><span class='ocrx_word' id='word_1_778' title='bbox 1978 4763 2183 4818; x_wconf 87' lang='lat' dir='ltr'>darum</span> <span class='ocrx_word' id='word_1_779' title='bbox 2239 4762 2430 4818; x_wconf 89' lang='lat' dir='ltr'>instar</span> <span class='ocrx_word' id='word_1_780' title='bbox 2486 4763 2805 4834; x_wconf 84' lang='lat' dir='ltr'>proferens.</span> <span class='ocrx_word' id='word_1_781' title='bbox 2859 4764 3171 4834; x_wconf 71' lang='lat' dir='ltr'>praebebat.</span> <span class='ocrx_word' id='word_1_782' title='bbox 3205 4764 3318 4818; x_wconf 91' lang='lat' dir='ltr'>Nec</span> <span class='ocrx_word' id='word_1_783' title='bbox 3349 4780 3482 4819; x_wconf 90' lang='lat' dir='ltr'>vero</span> <span class='ocrx_word' id='word_1_784' title='bbox 3508 4763 3625 4818; x_wconf 85' lang='lat' dir='ltr'>exi-</span> 
     </span>
    </p>
   </div>
   <div class='ocr_carea' id='block_1_111' title="bbox 1979 4850 3628 4925">
    <p class='ocr_par' dir='ltr' id='par_1_111' title="bbox 1979 4850 3628 4925">
     <span class='ocr_line' id='line_1_111' title="bbox 1979 4850 3628 4925; baseline 0.002 -22"><span class='ocrx_word' id='word_1_785' title='bbox 1979 4869 2160 4925; x_wconf 84' lang='lat' dir='ltr'>guum</span> <span class='ocrx_word' id='word_1_786' title='bbox 2195 4851 2532 4924; x_wconf 71' lang='lat' dir='ltr'>praesidium</span> <span class='ocrx_word' id='word_1_787' title='bbox 2565 4851 2757 4907; x_wconf 89' lang='lat' dir='ltr'>amnis</span> <span class='ocrx_word' id='word_1_788' title='bbox 2788 4852 2910 4923; x_wconf 87' lang='lat' dir='ltr'>ipse</span> <span class='ocrx_word' id='word_1_789' title='bbox 2943 4852 3237 4908; x_wconf 79' lang='lat' dir='ltr'>mmnibus</span> <span class='ocrx_word' id='word_1_790' title='bbox 3279 4853 3423 4907; x_wconf 84' lang='lat' dir='ltr'>ferre</span> <span class='ocrx_word' id='word_1_791' title='bbox 3457 4850 3628 4906; x_wconf 88' lang='lat' dir='ltr'>intel-</span> 
     </span>
    </p>
   </div>
   <div class='ocr_carea' id='block_1_112' title="bbox 1978 4939 3629 5012">
    <p class='ocr_par' dir='ltr' id='par_1_112' title="bbox 1978 4939 3629 5012">
     <span class='ocr_line' id='line_1_112' title="bbox 1978 4939 3629 5012; baseline -0.001 -16"><span class='ocrx_word' id='word_1_792' title='bbox 1978 4942 2288 5012; x_wconf 82' lang='lat' dir='ltr'>ligebatur.</span> <span class='ocrx_word' id='word_1_793' title='bbox 2325 4946 2376 4996; x_wconf 83' lang='lat' dir='ltr'>Is</span> <span class='ocrx_word' id='word_1_794' title='bbox 2407 4940 2564 4997; x_wconf 88' lang='lat' dir='ltr'>enim</span> <span class='ocrx_word' id='word_1_795' title='bbox 2598 4939 2971 4996; x_wconf 88' lang='lat' dir='ltr'>latitudinem</span> <span class='ocrx_word' id='word_1_796' title='bbox 3001 4942 3162 4997; x_wconf 90' lang='lat' dir='ltr'>urbis</span> <span class='ocrx_word' id='word_1_797' title='bbox 3192 4940 3502 4996; x_wconf 86' lang='lat' dir='ltr'>latitudine</span> <span class='ocrx_word' id='word_1_798' title='bbox 3524 4957 3629 4996; x_wconf 87' lang='lat' dir='ltr'>sua</span> 
     </span>
    </p>
   </div>
   <div class='ocr_carea' id='block_1_113' title="bbox 1978 5029 3048 5102">
    <p class='ocr_par' dir='ltr' id='par_1_113' title="bbox 1978 5029 3048 5102">
     <span class='ocr_line' id='line_1_113' title="bbox 1978 5029 3048 5102; baseline -0.002 -16"><span class='ocrx_word' id='word_1_799' title='bbox 1978 5032 2184 5086; x_wconf 69' lang='lat' dir='ltr'>insulae</span> <span class='ocrx_word' id='word_1_800' title='bbox 2218 5030 2410 5102; x_wconf 91' lang='lat' dir='ltr'>specie</span> <span class='ocrx_word' id='word_1_801' title='bbox 2440 5047 2593 5102; x_wconf 88' lang='lat' dir='ltr'>aqua</span> <span class='ocrx_word' id='word_1_802' title='bbox 2623 5029 3048 5085; x_wconf 89' lang='lat' dir='ltr'>circumdabat.</span> 
     </span>
    </p>
   </div>
   <div class='ocr_carea' id='block_1_114' title="bbox 2053 5117 3626 5191">
    <p class='ocr_par' dir='ltr' id='par_1_114' title="bbox 2053 5117 3626 5191">
     <span class='ocr_line' id='line_1_114' title="bbox 2053 5117 3626 5191; baseline -0.001 -17"><span class='ocrx_word' id='word_1_803' title='bbox 2053 5122 2214 5175; x_wconf 82' lang='lat' dir='ltr'>llunc</span> <span class='ocrx_word' id='word_1_804' title='bbox 2244 5120 2424 5191; x_wconf 86' lang='lat' dir='ltr'>igitur</span> <span class='ocrx_word' id='word_1_805' title='bbox 2453 5119 2554 5175; x_wconf 92' lang='lat' dir='ltr'>Dei</span> <span class='ocrx_word' id='word_1_806' title='bbox 2589 5135 2792 5175; x_wconf 89' lang='lat' dir='ltr'>servus</span> <span class='ocrx_word' id='word_1_807' title='bbox 2848 5135 2980 5174; x_wconf 90' lang='lat' dir='ltr'>cum</span> <span class='ocrx_word' id='word_1_808' title='bbox 3015 5123 3386 5190; x_wconf 85' lang='lat' dir='ltr'>peragrasset</span> <span class='ocrx_word' id='word_1_809' title='bbox 3409 5117 3626 5187; x_wconf 91' lang='lat' dir='ltr'>locum,</span> 
     </span>
    </p>
   </div>
   <div class='ocr_carea' id='block_1_115' title="bbox 1980 5207 3626 5280">
    <p class='ocr_par' dir='ltr' id='par_1_115' title="bbox 1980 5207 3626 5280">
     <span class='ocr_line' id='line_1_115' title="bbox 1980 5207 3626 5280; baseline -0.001 -16"><span class='ocrx_word' id='word_1_810' title='bbox 1980 5209 2115 5265; x_wconf 83' lang='lat' dir='ltr'>ﬁdei</span> <span class='ocrx_word' id='word_1_811' title='bbox 2147 5210 2352 5265; x_wconf 89' lang='lat' dir='ltr'>robore</span> <span class='ocrx_word' id='word_1_812' title='bbox 2399 5214 2686 5278; x_wconf 86' lang='lat' dir='ltr'>armatus,</span> <span class='ocrx_word' id='word_1_813' title='bbox 2719 5207 2834 5264; x_wconf 91' lang='lat' dir='ltr'>Deo</span> <span class='ocrx_word' id='word_1_814' title='bbox 2869 5225 3065 5263; x_wconf 86' lang='lat' dir='ltr'>rerum</span> <span class='ocrx_word' id='word_1_815' title='bbox 3098 5208 3362 5262; x_wconf 91' lang='lat' dir='ltr'>omnium</span> <span class='ocrx_word' id='word_1_816' title='bbox 3396 5223 3626 5280; x_wconf 87' lang='lat' dir='ltr'>praepo-</span> 
     </span>
    </p>
   </div>
   <div class='ocr_carea' id='block_1_116' title="bbox 1977 5295 3629 5370">
    <p class='ocr_par' dir='ltr' id='par_1_116' title="bbox 1977 5295 3629 5370">
     <span class='ocr_line' id='line_1_116' title="bbox 1977 5295 3629 5370; baseline -0.001 -17"><span class='ocrx_word' id='word_1_817' title='bbox 1977 5299 2144 5368; x_wconf 88' lang='lat' dir='ltr'>tenti,</span> <span class='ocrx_word' id='word_1_818' title='bbox 2205 5299 2304 5369; x_wconf 90' lang='lat' dir='ltr'>qui</span> <span class='ocrx_word' id='word_1_819' title='bbox 2351 5299 2569 5370; x_wconf 88' lang='lat' dir='ltr'>ubique</span> <span class='ocrx_word' id='word_1_820' title='bbox 2598 5297 2710 5370; x_wconf 89' lang='lat' dir='ltr'>ipsi</span> <span class='ocrx_word' id='word_1_821' title='bbox 2743 5297 3027 5353; x_wconf 83' lang='lat' dir='ltr'>auxilium</span> <span class='ocrx_word' id='word_1_822' title='bbox 3059 5313 3347 5369; x_wconf 89' lang='lat' dir='ltr'>opemque</span> <span class='ocrx_word' id='word_1_823' title='bbox 3375 5295 3629 5364; x_wconf 82' lang='lat' dir='ltr'>tulisset,</span> 
     </span>
    </p>
   </div>
   <div class='ocr_carea' id='block_1_117' title="bbox 1980 5385 3632 5458">
    <p class='ocr_par' dir='ltr' id='par_1_117' title="bbox 1980 5385 3632 5458">
     <span class='ocr_line' id='line_1_117' title="bbox 1980 5385 3632 5458; baseline -0.001 -16"><span class='ocrx_word' id='word_1_824' title='bbox 1980 5392 2036 5442; x_wconf 89' lang='lat' dir='ltr'>et</span> <span class='ocrx_word' id='word_1_825' title='bbox 2066 5403 2262 5442; x_wconf 89' lang='lat' dir='ltr'>comes</span> <span class='ocrx_word' id='word_1_826' title='bbox 2295 5387 2524 5442; x_wconf 90' lang='lat' dir='ltr'>itineris</span> <span class='ocrx_word' id='word_1_827' title='bbox 2578 5387 2812 5457; x_wconf 87' lang='lat' dir='ltr'>fuisset,</span> <span class='ocrx_word' id='word_1_828' title='bbox 2846 5387 2965 5442; x_wconf 90' lang='lat' dir='ltr'>illic</span> <span class='ocrx_word' id='word_1_829' title='bbox 2996 5386 3284 5458; x_wconf 90' lang='lat' dir='ltr'>templum</span> <span class='ocrx_word' id='word_1_830' title='bbox 3347 5403 3450 5458; x_wconf 90' lang='lat' dir='ltr'>pro</span> <span class='ocrx_word' id='word_1_831' title='bbox 3480 5385 3632 5441; x_wconf 89' lang='lat' dir='ltr'>virili</span> 
     </span>
    </p>
   </div>
   <div class='ocr_carea' id='block_1_118' title="bbox 1981 5475 3632 5548">
    <p class='ocr_par' dir='ltr' id='par_1_118' title="bbox 1981 5475 3632 5548">
     <span class='ocr_line' id='line_1_118' title="bbox 1981 5475 3632 5548; baseline -0.001 -16"><span class='ocrx_word' id='word_1_832' title='bbox 1981 5493 2109 5547; x_wconf 87' lang='lat' dir='ltr'>sua,</span> <span class='ocrx_word' id='word_1_833' title='bbox 2143 5476 2300 5548; x_wconf 88' lang='lat' dir='ltr'>quod</span> <span class='ocrx_word' id='word_1_834' title='bbox 2335 5493 2518 5532; x_wconf 89' lang='lat' dir='ltr'>novus</span> <span class='ocrx_word' id='word_1_835' title='bbox 2549 5477 2868 5533; x_wconf 87' lang='lat' dir='ltr'>admodum</span> <span class='ocrx_word' id='word_1_836' title='bbox 2901 5477 3126 5533; x_wconf 85' lang='lat' dir='ltr'>advena</span> <span class='ocrx_word' id='word_1_837' title='bbox 3157 5481 3336 5545; x_wconf 87' lang='lat' dir='ltr'>esset,</span> <span class='ocrx_word' id='word_1_838' title='bbox 3368 5475 3632 5532; x_wconf 89' lang='lat' dir='ltr'>Domini—</span> 
     </span>
    </p>
   </div>
  </div>
