4020 6358
443 367 553 421 0⁵75

1690 370 1748 422 S.
1790 367 2106 421 DIONYSII
2142 365 2626 423 AREOPAGITE

3740 376 3837 429 676

441 510 557 564 que
614 492 798 548 nostri
855 492 995 547 Jesu
1054 491 1269 547 Christi
1302 491 1542 547 honoris
1574 508 1752 547 causa
1790 490 2072 554 excitavit,

2197 489 2356 561 ἡμῶν
2411 490 2589 558 Ἰησοῦ
2622 489 2839 563 Χριστῷ
2867 487 2944 552 εἷς
3000 490 3171 562 τιμὴν
3226 489 3505 560 ἀνέστησεθ
3564 495 3652 549 καὶ
3706 494 3827 552 λαὸν

442 597 778 653 novumque
810 580 1092 653 populum
1124 582 1183 636 in
1209 581 1507 654 Evangelii
1532 581 1771 637 veritate
1794 580 2093 637 eruditum

441 676 641 728 sancto
674 672 967 744 baptismo
996 677 1196 744 postea
1214 672 1334 727 illic
1358 671 1734 728 illuminavit.
1760 671 1869 727 Diu
1892 675 2091 726 autem

444 762 653 817 beatus
679 761 770 816 vir
801 762 1057 817 interdiu
1092 767 1391 833 noctuque
1424 760 1749 832 disciplina
1795 760 2096 832 religionis

442 867 509 907 ac
540 850 774 923 pietatis
807 850 1245 907 multitudinem
1298 851 1574 917 instituit,
1624 850 1956 921 Christique
1987 865 2092 921 po-

442 940 618 1012 pulus
678 957 747 996 ex
798 940 1012 995 veteris
1072 940 1258 997 hostis
1308 939 1573 996 faucibus
1603 943 1839 1011 ereptus
1869 942 1958 995 est
1991 956 2004 1007 ;
2038 942 2093 994 et

440 1046 587 1101 quos
619 1029 783 1101 prius
826 1030 1053 1085 daemon
1108 1029 1471 1085 distrahebat
1525 1033 1583 1084 et
1640 1029 1937 1097 avocabat,
1993 1044 2091 1084 eos

435 1119 561 1190 ipse
614 1118 790 1188 digne
850 1136 952 1190 per
1011 1118 1182 1174 fidem
1215 1120 1275 1173 in
1307 1118 1482 1173 ccelos
1526 1118 1804 1173 studebat
1836 1117 2089 1174 mittere.

434 1209 576 1278 Ejus
634 1224 767 1263 vero
827 1206 1161 1263 sanctitatis
1196 1207 1353 1263 fama
1377 1208 1530 1263 898
1563 1211 1770 1279 postea
1804 1206 1977 1278 longe
2004 1206 2092 1261 la—

435 1299 605 1367 teque
634 1299 951 1367 pervagata
980 1300 1088 1351 est.
1120 1300 1325 1367 Itaque
1358 1313 1474 1351 non
1519 1295 1730 1367 exigua
1759 1294 1962 1367 populi
1989 1294 2090 1365 qui

436 1384 629 1440 ﬁdelis
660 1389 785 1441 erat
817 1384 1133 1440 multitudo
1164 1385 1411 1456 dignum
1445 1402 1603 1455 eum,
1651 1401 1826 1457 quem
1860 1383 2091 1455 episco—

435 1492 575 1546 pum
608 1475 868 1539 haberet,
904 1475 1170 1546 putabat.
1203 1475 1294 1529 Sic
1327 1491 1465 1547 ergo
1499 1476 1772 1545 deinceps
1808 1473 2089 1530 ecclesia-

430 1564 559 1621 stici
592 1564 811 1637 gradus
842 1563 1053 1619 divinis
1083 1565 1383 1636 obsequiis
1415 1582 1481 1619 ac
1514 1565 1860 1622 muneribus
1892 1563 2087 1618 distri-

439 1653 690 1709 buendis
720 1654 1006 1722 intentus,
1040 1658 1096 1709 et
1118 1671 1472 1710 consecrans
1494 1655 1770 1725 probatos
1792 1653 2085 1721 homines,

427 1748 497 1799 ut
530 1744 741 1815 dignos
772 1748 831 1798 et
861 1744 1103 1799 idoneos
1134 1745 1205 1799 ad
1238 1746 1488 1815 gradum
1531 1742 1933 1814 promovebat.
1969 1741 2083 1797 Sed

2202 577 2318 633 νὲον
2351 578 2401 633 ἐν
2431 582 2499 651 τῇ
2534 578 2767 649 ἀληθείᾳ
2796 582 2889 633 τοῦ
2940 576 3276 655 Εὐαγγελίου
3336 577 3713 656 δεδιδαγμένον
3767 592 3839 659 τῷ

2202 669 2345 743 ἁγίῳ
2407 668 2559 731 αὖθις
2611 668 2721 723 ἐκεῖ
2773 666 3102 743 βαπτίσματι
3162 669 3524 747 κατεφώτισεν
3573 675 3704 743 (66).
3762 676 3838 729 Ἐν

2201 757 2313 829 ὅσῳ
2346 754 2401 813 δὲ
2432 759 2459 811 6
2496 756 2759 832 μακάριος
2790 758 2928 832 ἀνὴρ
2960 756 3174 831 ἡμέρας
3219 757 3309 815 καὶ
3360 759 3548 821 νυκτὸς
3601 758 3839 817 διδασκα-

2202 844 2380 907 λικαῖς
2410 848 2769 916 συνεστήσατο
2830 842 3123 910 εὐσεϐείαις
3151 849 3251 917 τὴν
3310 846 3551 919 πληθὺν,
3614 850 3702 905 καὶ
3753 857 3840 907 τοῦ

2202 941 2433 1007 Χριστοῦ
2483 937 2510 991 ὁ
2568 936 2702 997 λαὸς
2736 934 2796 991 ἐκ
2823 940 2918 990 τοῦ
2949 934 3183 1012 ἀρχαίου
3216 935 3420 1012 ἐχθροῦ
3451 942 3549 992 τοῦ
3580 939 3838 1014 φάρυγγος

2199 1022 2519 1100 ἐλυτρώθη,
2580 1022 2674 1085 οὓς
2729 1024 2984 1100 κατέσυρε
3033 1026 3097 1081 τὸ
3155 1026 3313 1100 πρίνὸ
3372 1024 3601 1101 Βελίαρ,
3629 1027 3839 1090 τοὺτους

2202 1115 2363 1185 ἀξίως
2412 1113 2769 1189 παραπέμψαι
2828 1114 2904 1176 εἷς
2959 1113 3085 1176 τοὺς
3147 1113 3406 1188 οὐρανοὺς
3463 1113 3554 1171 διὰ
3607 1119 3703 1184 τῆς
3754 1117 3834 1172 πί-

2200 1225 2365 1266 στεως
2427 1205 2454 1258 ὁ
2506 1205 2657 1279 ἅγιος
2715 1198 2937 1259 ἔσπευδε
2971 1225 2982 1237 ·
3054 1206 3213 1280 φήμη
3276 1202 3334 1258 δὲ
3389 1207 3489 1271 τῆς
3547 1205 3835 1280 ἁγιωσύνης

2202 1293 2364 1348 αὐτοῦ
2420 1293 2494 1355 εἰς
2558 1300 2733 1364 μῆκος
2784 1293 2873 1349 καὶ
2929 1290 3137 1355 πλάτος
3194 1290 3347 1356 αὖθις
3405 1292 3659 1368 ἐξεχύθη⁸
3720 1294 3837 1352 ὥστε

2200 1382 2298 1436 οὑκ
2346 1382 2511 1457 ὀλίγη
2543 1388 2649 1438 τῶν
2711 1388 2915 1438 πιστῶν
2946 1387 3042 1437 τοῦ
3075 1380 3211 1438 λαοῦ
3243 1380 3486 1458 ἄθροισις
3515 1381 3657 1455 ἄξιον
3690 1385 3833 1439 αὑτὸν

2199 1469 2440 1543 ἐδόξασεν
2474 1471 2767 1528 ἐπίσκοπον
2810 1471 2978 1547 ἔχειν.
3041 1472 3227 1534 Οὕτως
3260 1473 3351 1527 οὖν
3388 1472 3527 1545 μετᾶ
3548 1477 3710 1528 ταῦτα
3752 1480 3833 1529 τοῦ

2196 1562 2470 1636 ἱερατικοῦ
2540 1563 2754 1636 βαθμοῦ
2811 1566 2929 1623 ταῖς
2990 1562 3157 1625 θείαις
3229 1562 3549 1636 ὑπουργίαις
3600 1559 3830 1633 διαδὸτης

2194 1651 2282 1705 καὶ
2340 1652 2573 1725 ἁγιάζων
2653 1649 3093 1723 δεδοκιμασμὲνα
3148 1650 3415 1724 πρόσωπα
3449 1694 3463 1718 ,
3525 1651 3600 1713 ὡς
3672 1651 3827 1722 ἀξίους

2193 1741 2515 1815 γενομένους
2547 1741 2721 1813 ἑαυτῷ
2749 1741 2826 1802 εἰς
2862 1740 3071 1815 βαθμὸν
3123 1740 3339 1809 ἀνῆκεν.
3383 1739 3541 1796 Ἀλλ’
3571 1742 3599 1797 ὁ
3658 1741 3829 1815 Κύριος

426 1832 710 1888 Dominus
743 1840 944 1888 noster
973 1832 1149 1888 Jesus
1207 1832 1501 1898 Christus,
1533 1832 1635 1903 qui
1684 1830 1947 1903 Dionysii
1976 1830 2072 1885 viri

2194 1833 2354 1903 ἡμῶν
2417 1830 2629 1901 Ἰησοῦς
2688 1831 2944 1904 Χριστὸς,
3006 1831 3033 1883 ὁ
3094 1833 3172 1901 τῷ
3228 1831 3629 1904 μακαριωτάτῳ
3691 1828 3827 1903 ἀνδρὶ

422 1921 775 1989 beatissimi,
837 1925 903 1977 ut
959 1921 1163 1993 posita;
1213 1921 1271 1976 in
1303 1920 1659 1977 candelabro
1690 1921 1964 1985 lucernis,
1992 1920 2084 1974 fa-

425 2028 585 2068 mam
620 2010 803 2066 latere
833 2012 1010 2066 etiam
1045 2028 1161 2066 non
1198 2010 1555 2081 patiebatur,
1590 2010 1643 2065 in
1677 2026 1880 2066 eorum
1914 2008 2011 2080 qui
2049 2025 2083 2064 a

435 2099 717 2173 religione
742 2104 945 2156 nostra
968 2099 1361 2156 abhorrebant
1384 2100 1705 2170 mentibus,
1728 2101 1857 2171 ejus
1880 2099 2078 2154 lumen

427 2190 575 2245 radii
632 2189 825 2260 specie
856 2189 1149 2255 adhibuit,
1182 2194 1497 2261 tantasque
1528 2207 1631 2262 per
1669 2206 1802 2245 eum
1837 2189 2080 2244 virtutes

433 2279 559 2335 fieri
612 2279 816 2347 voluit,
879 2284 943 2334 ut
973 2280 1321 2336 infestarum
1354 2280 1785 2351 rebelliumque
1816 2278 2077 2350 gentium

426 2370 621 2437 corda,
656 2386 773 2425 non
807 2369 1004 2425 minus
1035 2386 1213 2441 quam
1244 2386 1469 2437 earum,
1502 2370 1717 2441 quibus
1741 2368 2077 2425 nuntiatum

418 2467 539 2515 eral
566 2458 970 2530 Evangelium,
1000 2459 1347 2515 instituerit.
1386 2460 1585 2531 itaque
1607 2460 1739 2530 ejus
1760 2457 2079 2513 virtutibus

425 2566 490 2604 ac
506 2547 805 2603 miraculis
819 2548 1082 2620 quotidie
1095 2549 1702 2605 corroborabanturet
1715 2548 2082 2605 addebantur

431 2641 495 2693 ut
524 2653 590 2692 eo
621 2641 903 2709 tempore,
937 2654 1071 2693 eum
1107 2638 1225 2693 haec
1258 2639 1329 2692 ab
1360 2638 1527 2693 initio
1560 2640 1711 2693 facta
1742 2640 1901 2693 sunt.
1925 2638 2076 2693 Tum

415 2731 620 2783 autem
652 2727 841 2782 sancti
872 2726 1004 2796 viri,
1036 2732 1101 2783 ut
1130 2744 1237 2783 vox
1268 2727 1603 2792 clamantis,
1646 2727 1817 2797 longe
1845 2726 2079 2797 lateque

432 2822 746 2890 pervagata
776 2817 1033 2872 nominis
1064 2818 1192 2887 ejus
1224 2817 1402 2883 fama,
1438 2818 1519 2873 ita
1546 2815 1839 2872 celebrata
1880 2820 1988 2885 est,
2014 2819 2079 2869 ut

416 2906 597 2963 etiam
628 2905 1021 2971 Domitianus,
1048 2905 1905 2977 quiseounduspostNeronem
1919 2903 2079 2959 Chri-

423 2996 646 3051 stianos
665 2994 994 3066 exagitavit,
1019 3010 1149 3049 eum
1166 2995 1237 3048 ad
1254 2994 1377 3049 sein
1391 2993 1678 3065 palatium
1695 3010 1869 3050 suum
1884 2993 2078 3049 venire

416 3083 689 3155 jusserit.
750 3084 1034 3154 Idemque
1091 3087 1256 3139 tanta
1289 3083 1602 3139 iracundiae
1633 3084 2077 3154 atrocitatisque

422 3173 584 3229 rabie
615 3171 848 3241 exarsit,
882 3177 948 3227 ut
974 3172 1305 3244 imperaret,
1337 3178 1401 3227 ut
1422 3173 1779 3244 ubicumque
1799 3171 2076 3229 Christia-

2194 1918 2458 1992 Διονυσίῳ
2494 1921 2569 1992 μὴ
2604 1924 2910 1995 συγχωρῶν
2961 1916 3038 1973 ἔτι
3097 1918 3195 1986 τήν
3258 1920 3451 1992 φήμην
3498 1918 3825 1993 κρύπτεσθαι,

2192 2010 2265 2071 ὡς
2317 2011 2521 2073 τεθέντι
2554 2007 2747 2083 λύχνῳ
2796 2008 2884 2063 ἐπὶ
2933 2008 3188 2083 λυχνίαν,
3226 2007 3276 2065 ἐν
3323 2012 3443 2072 ταῖς
3477 2013 3585 2064 τῶν
3619 2008 3833 2066 ἀπίστων

2193 2096 2451 2161 διανοίαις
2505 2098 2568 2153 τὸ
2625 2102 2739 2175 φῶς
2799 2098 2968 2152 αὐτοῦ
3017 2094 3362 2159 ἀκτινοειδῶς
3411 2096 3698 2172 παρέθετο,
3752 2099 3825 2155 καὶ

2188 2187 2448 2250 τοσαύτας
2531 2185 2601 2241 δι”
2659 2186 2823 2241 αὐτοῦ
2881 2186 3185 2256 κατηξίωσε
3240 2185 3485 2262 γενέσθαι
3544 2186 3634 2241 καὶ
3693 2185 3830 2244 δυνά-

2195 2299 2333 2350 μεις,
2397 2276 2479 2331 ὅτι
2553 2281 2658 2331 τῶν
2712 2277 2999 2348 πολεμίων
3073 2274 3239 2339 ἐθνῶν
3297 2276 3393 2338 τὰς
3463 2274 3689 2350 καρδίας
3744 2276 3829 2332 οὐκ

2188 2366 2409 2423 ἔλαττον
2464 2371 2571 2421 τῶν
2622 2364 3116 2441 εὐαγγελιζομένων
3196 2363 3452 2435 ἀνέδειξεν
3490 2385 3503 2399 ·
3582 2364 3720 2422 ὥστε
3783 2366 3827 2436 ἐξ

2190 2455 2363 2511 αὐτῶν
2423 2460 2530 2513 τῶν
2610 2454 2887 2528 δυνάμεων
2956 2455 3045 2512 καὶ
3117 2456 3432 2528 θαυμασίων
3506 2454 3675 2511 αὑτοῦ
3731 2458 3833 2512 καθ’

2188 2545 2396 2622 ἡμέραν
2495 2543 2920 2617 ἐνδυναμοῦσθαι
3007 2544 3097 2599 καὶ
3201 2544 3589 2619 προστίθεσθαι
3686 2541 3825 2614 δίκην

2185 2640 2282 2691 τοῦ
2339 2640 2551 2710 καιροῦ,
2617 2633 2705 2690 ὅτε
2757 2639 2925 2693 ταῦτα
2979 2634 3031 2705 ἐξ
3101 2634 3354 2709 ὑπαρχῆς
3404 2632 3679 2710 ἐγένοντο.
3738 2637 3830 2690 Τοῦ

2188 2725 2345 2799 ἁγίου
2407 2723 2463 2779 δὶ
2519 2722 2733 2799 ἀνδρὸς,
2785 2723 2858 2784 ὡς
2915 2724 3067 2800 φωνὴ
3119 2724 3379 2799 βοῶντος,
3440 2722 3518 2786 εἰς
3552 2727 3731 2796 μῆκος
3759 2722 3832 2778 καὶ

2187 2814 2395 2877 πλάτος
2466 2812 2785 2889 ἐκχυθείσης
2835 2819 2936 2881 τῆς
2998 2814 3192 2890 φήμης
3250 2817 3345 2867 τοῦ
3406 2812 3706 2885 ὀνόματος,
3761 2811 3835 2866 ἐπὶ

2184 2908 2445 2958 τοσοῦτον
2503 2900 2810 2975 διαλάμψαι
2856 2900 3001 2965 τότε,
3053 2902 3127 2963 ὡς
3175 2900 3267 2957 καὶ
3322 2902 3653 2973 Δομετιανὸν
3713 2904 3834 2974 (67),

2184 2994 2276 3048 τὸν
2347 2993 2470 3047 τότε
2522 2992 2614 3047 τὸν
2693 2989 2938 3066 δεύτερον
3014 2992 3124 3046 τῶν
3186 2995 3523 3064 Χριστιανῶν
3598 2988 3835 3065 διωγμὸν

2185 3084 2492 3153 ποιήσαντα
2565 3081 2699 3153 μετὰ
2774 3081 3031 3154 Νέρωνα,
3108 3079 3358 3136 κελεῦσαι
3445 3078 3624 3145 ἐλθεῖν
3712 3080 3834 3157 πρὸς

2186 3171 2346 3227 αὑτὸν
2429 3171 2505 3235 είς
2575 3171 2673 3239 τὴν
2751 3168 2923 3238 αὐλὴν
2984 3168 3167 3225 αὐτοῦ’
3227 3166 3374 3231 ὅστις
3429 3169 3505 3232 εἷς
3564 3169 3829 3240 τοσαύτην

424 3280 564 3318 num
580 3262 837 3333 aliquem
851 3262 1085 3334 autipse
1098 3275 1195 3317 aut
1209 3262 1298 3317 sui
1316 3261 1767 3333 invenirent,vel
1780 3261 2068 3317 utimmo-

2184 3261 2384 3317 λύσσαν
2462 3262 2813 3333 ἀναξιότητος
2890 3259 3091 3336 ἐξήφθη
3166 3260 3256 3313 καὶ
3332 3260 3625 3334 παρήχθη,
3704 3260 3829 3314 ὥστε

419 3352 568 3407 laret
587 3350 1309 3423 inquinatisdaemonibus,
1327 3352 1769 3424 persuaderent,
1788 3351 1876 3407 vel
1892 3349 2066 3406 variis

417 3441 728 3498 tormentis
781 3440 1074 3512 objectum
1136 3441 1308 3496 morti
1366 3441 1554 3514 gadiis
1613 3442 1927 3497 traderent.
1962 3440 2064 3496 His

415 3546 550 3586 vero
582 3529 813 3603 legibus
845 3545 981 3584 cum
1014 3529 1125 3585 sibi
1160 3546 1376 3601 genera
1406 3530 1691 3586 inclinata
1712 3530 2063 3602 subegisset,

417 3636 632 3693 magna
687 3617 901 3676 Christi
954 3618 1139 3674 servis
1195 3623 1391 3674 coorta
1421 3624 1510 3674 est
1550 3619 1903 3692 persecutio,
1934 3635 2063 3691 quas

416 3709 487 3763 ad
545 3723 644 3763 eos
701 3706 803 3779 qui
859 3705 980 3761 illic
1040 3710 1226 3776 erant,
1261 3708 1627 3778 pertinebat:
1680 3708 1897 3781 quippe
1928 3724 2061 3765 cum

414 3795 579 3851 nulla
631 3811 875 3867 prorsus
929 3794 1237 3867 praesentis
1294 3796 1426 3851 vitae
1470 3813 1670 3867 usura,
1704 3797 1778 3852 iis
1826 3796 1927 3869 qui
1959 3813 2063 3869 pro

413 3885 644 3941 Christo
704 3888 1018 3954 certarent,
1077 3886 1507 3941 concederetur.
1540 3886 1738 3958 Neque
1768 3886 1923 3942 enim
1958 3886 2062 3942 ali-

410 3992 529 4046 qua
584 3974 804 4031 sanctis
836 3974 1193 4046 martyribus
1223 3976 1575 4048 suppetebat
1614 3976 1908 4032 libertatis
1941 3975 2063 4032 sive

409 4064 691 4131 defensio,
745 4064 868 4121 sive
924 4065 1278 4136 deprecatio.
1339 4064 1671 4131 Quinetiam
1726 4082 1930 4121 omnes
1960 4064 2062 4137 qui

410 4154 583 4209 edicti
616 4153 807 4210 scelus
833 4157 890 4210 et
920 4154 1282 4227 impietatem
1302 4156 1711 4223 observabant,
1736 4156 1893 4227 quod
1916 4154 2063 4227 ipsis

410 4261 443 4298 a
471 4246 698 4300 Caesare
750 4244 1158 4316 praescriptum
1189 4247 1333 4314 erat,
1364 4244 1526 4300 nulla
1555 4262 1623 4301 ex
1654 4254 1816 4317 parte
1846 4244 2063 4299 violare

408 4332 723 4389 audebant.
785 4332 945 4389 Misit
1000 4338 1278 4405 praeterea
1334 4333 1688 4390 delectorum
1721 4332 2060 4389 multitudi-

410 4438 567 4490 nem,
629 4438 763 4477 cum
828 4437 1046 4494 magna
1100 4439 1236 4478 voce
1293 4427 1350 4478 et
1379 4424 1725 4480 crudelitate
1757 4424 1828 4479 ad
1860 4440 2063 4479 omnes

409 4513 745 4569 Occidentis
777 4514 1067 4585 regiones,
1101 4514 1200 4586 qui
1237 4515 1390 4571 hunc
1421 4520 1693 4572 sanctum
1718 4515 1905 4571 virum
1926 4517 2063 4572 Dio—

409 4602 642 4674 nysium
676 4608 1027 4674 quaererent,
1055 4608 1134 4674 et,
1160 4604 1209 4659 ei
1234 4610 1493 4677 possent,
1518 4606 1865 4675 invenirent,
1890 4611 1955 4660 ut
1974 4605 2061 4660 vel

405 4691 594 4746 edicto
625 4691 999 4759 imperatoris
1026 4693 1219 4749 verbis
1263 4699 1320 4749 et
1352 4694 1529 4750 minis
1561 4695 1854 4749 adductus
1886 4711 2053 4766 pare-

414 4783 520 4851 ret,
550 4779 661 4851 vel,
696 4780 745 4835 si
779 4780 978 4848 nollet,
1014 4782 1320 4854 suppliciis
1354 4784 1667 4839 immensis
1697 4784 2055 4855 discerpere-

407 4876 526 4940 tur,
560 4868 645 4927 vel
676 4870 850 4927 morti
883 4871 1095 4943 capitis
1125 4874 1469 4943 praacisione
1500 4872 1892 4929 occumberet.

476 5093 597 5145 Hoc
653 5087 937 5161 principis
990 5088 1179 5145 edicto
1212 5088 1609 5162 promulgata,
1642 5088 1807 5161 plebs
1837 5088 2053 5147 Gallica

406 5177 697 5235 concessit
724 5177 1025 5251 suscipere
1055 5182 1357 5250 tyrannos,
1391 5183 1457 5235 ut
1477 5196 1579 5251 per
1605 5179 1749 5236 lines
1770 5197 1911 5236 suos
1931 5179 2052 5237 sive

403 5266 650 5324 viciniae
682 5270 986 5339 penetrare
1014 5271 1278 5338 possent.
1306 5269 1383 5324 Ex
1416 5285 1549 5325 mox
1574 5268 1725 5324 beati
1758 5268 1921 5324 illius
1942 5268 2048 5325 viri

403 5354 628 5412 celebre
678 5372 891 5413 nomen
943 5354 1092 5429 ipsis
1147 5357 1510 5415 declaratum
1552 5363 1657 5415 est.
1693 5360 1786 5415 Sic
1817 5375 1955 5430 ergo
1985 5361 2051 5413 ut

408 5445 497 5501 eis
538 5446 949 5517 praescriptum
1010 5446 1220 5519 fuerat,
1254 5448 1558 5505 celerrimo
1614 5466 1812 5518 cursu,
1847 5452 2048 5522 parato

404 5534 622 5602 animo,
677 5534 830 5590 σου
888 5534 1055 5590 vultu
1087 5536 1246 5593 varie
1278 5543 1527 5610 mutato,
1562 5539 1855 5594 Lutetiam
1888 5538 2047 5593 Pari-

400 5626 621 5680 siorum
652 5624 929 5697 ingressi,
964 5624 1085 5681 illic
1115 5630 1393 5685 Sanctum
1426 5628 1613 5685 virum
1646 5629 1803 5684 hunc
1840 5628 2048 5700 Diony-

400 5714 558 5771 sium
614 5712 968 5771 invenerunt
1023 5732 1156 5773 cum
1209 5718 1419 5777 alienis
1470 5736 1504 5775 a
1536 5718 1817 5792 religione
1849 5723 2049 5776 nostra

2174 3351 2487 3428 προστάξαι,
2559 3349 2673 3417 ἵνα,
2750 3349 2887 3403 ὅπου
2951 3346 2997 3403 δ’
3068 3347 3130 3403 ἂν
3203 3347 3523 3422 Χριστιανόν
3567 3368 3694 3403 τινα
3747 3345 3824 3402 εὖ·

2176 3461 2343 3518 ροιεν,
2403 3441 2564 3503 αὐτὸς
2622 3439 2657 3507 ἢ
2732 3440 2784 3492 ei
2862 3438 3045 3509 αὑτοῦ,
3116 3437 3151 3506 ἢ
3211 3442 3365 3501 θῦσαι
3427 3438 3819 3510 μεμιασμένοις

2172 3529 2433 3601 πείσαιεν,
2492 3527 2527 3597 ἢ
2607 3524 2886 3588 ποικίλαις
2961 3524 3212 3601 βασάνοις
3289 3524 3675 3601 περιπεσόντα,
3735 3537 3820 3589 θα-

2172 3618 2315 3691 νάτῳ
2367 3617 2638 3692 μαχαίρας
2686 3612 3080 3693 παραδοθῆναι.
3112 3614 3341 3677 Τούτοις
3391 3612 3448 3670 δὲ
3476 3620 3600 3677 τοῖς
3632 3615 3819 3688 νόμοις

2177 3708 2442 3778 ὑποτάξας
2501 3708 2675 3778 ἑαυτῷ
2718 3706 2845 3780 γὲνη
2894 3703 3194 3778 κεκλιμένα
3264 3707 3406 3777 (68),
3480 3703 3650 3781 μέγας
3710 3711 3818 3765 τοῖς

2170 3802 2266 3853 τοῦ
2298 3800 2531 3873 Χριστοῦ
2564 3793 2785 3857 δούλοις
2817 3793 3028 3869 ἐγένετο
3080 3791 3324 3868 διωγμὸς
3380 3792 3433 3849 ἐν
3491 3799 3614 3858 τοῖς
3658 3794 3823 3851 ἐκεῖσε

2170 3886 2534 3961 περιτρέχων,
2581 3882 2836 3959 οόδεμιᾶς
2898 3889 3016 3946 τοῖς
3069 3881 3159 3938 διὰ
3198 3884 3429 3957 Χριστὸν
3490 3883 3821 3960 ἀγωνιζομὲ-

2170 4000 2287 4040 νοις
2350 3982 2492 4046 ζωῆς
2534 3973 2999 4051 συγχωρουμένης
3032 3971 3118 4029 διὰ
3173 3974 3369 4044 πάσης·
3430 3971 3668 4046 οὐδεμία
3726 3974 3818 4049 γὰρ

2169 4072 2277 4122 τῶν
2328 4065 2497 4140 ἁγίων
2575 4067 2858 4141 μαρτύρων
2942 4064 3161 4138 ὑπῆρχε
3223 4061 3553 4137 παραίτησις
3608 4061 3818 4119 ἐλευθε-

2173 4156 2309 4232 ρίας’
2372 4153 2517 4210 ἀλλὰ
2572 4154 2661 4209 καὶ
2711 4152 2902 4213 πάντες
2954 4153 3005 4207 οἱ
3057 4151 3220 4206 αὑτοῦ
3267 4152 3367 4219 τήν
3429 4146 3677 4208 ἀσέϐειαν
3726 4173 3817 4229 φυ-

2172 4244 2459 4307 λάττοντες
2488 4247 2583 4297 τοῦ
2642 4241 2939 4317 δόγματος,
2999 4240 3129 4315 ὅπερ
3188 4240 3663 4314 προστεταγμᾶνον
3724 4240 3811 4295 αὑο

2169 4341 2284 4397 τοῖς
2338 4334 2440 4388 ὑπὸ
2491 4338 2587 4388 τοῦ
2635 4331 2899 4405 Καίσαρος
2955 4330 3055 4398 εἷή,
3118 4325 3419 4405 ὑπερϐῆναι
3479 4328 3571 4384 διὰ
3628 4330 3821 4390 παντὸς

2172 4424 2232 4479 οὑ
2262 4417 2488 4479 κατετὸλ
2501 4427 2637 4495 μῶν.
2664 4420 2822 4477 Ἀλλ’
2842 4416 2919 4475 ἔτι
2944 4420 3034 4477 καὶ
3056 4417 3359 4475 ἐπιλέκτων
3391 4417 3671 4495 ἄθροισμα
3695 4418 3819 4493 μετὰ

2176 4511 2423 4589 μεγάλης
2469 4514 2601 4588 βοῆς
2648 4510 2738 4565 καὶ
2790 4510 3049 4580 ἀπηνείας
3104 4514 3220 4574 τοῖς
3280 4508 3493 4584 μέρεσιν
3539 4506 3819 4567 ἀπέστειλε

2096 4604 2348 4690 Daciam
2402 4605 2501 4670 τῆς
2556 4598 2781 4669 δύσεως,
2839 4598 2989 4661 ὅπως
3044 4599 3135 4653 τὸν
3198 4600 3346 4671 ἅγιον
3404 4596 3572 4674 ἄνδρα
3628 4603 3811 4653 τοῦτον

2166 4692 2445 4749 Διονύσιον
2472 4693 2859 4760 ἀναζητοῦντες
2889 4688 3116 4765 εὕροιεν,
3142 4688 3186 4742 εἰ
3224 4685 3553 4757 δυνηθῶσιν,
3581 4686 3672 4742 ἵνα
3696 4688 3730 4754 ἦ
3759 4687 3819 4741 τὸ.

2163 4784 2556 4859 προστάγματα
2583 4785 2679 4836 τοῦ
2711 4778 3113 4852 ἐξουσιάζοντος
3159 4780 3272 4850 (69)
3304 4776 3665 4853 ἐκπληρῶσαι
3706 4773 3815 4833 πεί-

2164 4895 2349 4942 σωσιν,
2384 4872 2417 4940 ἢ
2445 4872 2737 4947 τιμωρίαις
2775 4870 2850 4943 μή
2888 4866 3239 4945 βουλομένων
3266 4868 3664 4943 σπαράττεσθαι
3693 4867 3818 4939 ἆμε-

2160 4964 2382 5040 τρήτοις
2415 4963 2551 5035 (70),
2584 4961 2618 5029 ἢ
2649 4961 2748 5029 τήν
2781 4957 3025 5036 κεφαλὴν
3058 4958 3474 5031 ἀποτμηθῆναι,

2234 5087 2385 5143 Μετὰ
2428 5083 2485 5140 δὲ
2540 5090 2707 5140 ταῦτα
2763 5085 2829 5138 τά
2884 5084 3274 5159 προστάγματα
3323 5085 3418 5136 τοῦ
3470 5081 3743 5157 ἄρχοντος
3789 5077 3814 5130 6

2166 5171 2340 5252 ὄχλος
2397 5172 2789 5249 προσδέξασθαι
2842 5180 2944 5243 τῆς
3000 5171 3278 5241 Γαλλικῆς
3330 5172 3663 5246 συναπήχθη
3693 5166 3813 5226 τοὺς

2161 5265 2474 5340 τυράννους,
2506 5266 2600 5320 τοῦ
2629 5261 2858 5318 διελθεῖν
2893 5263 2943 5317 ἐν
2976 5268 3092 5324 τοῖς
3133 5262 3405 5338 συνορίοις
3450 5259 3628 5315 αὑτῶν
3688 5258 3806 5332 (71)·

2159 5355 2248 5410 καὶ
2298 5354 2565 5431 παρευθυς
2610 5357 2707 5409 τοῦ
2764 5352 3031 5428 μακαρίου
3099 5350 3303 5406 ἐκείνου
3356 5351 3515 5424 ἀνρὸς
3568 5349 3634 5404 τὸ
3689 5344 3805 5403 ἐπά·

2159 5446 2269 5517 ξιον
2329 5439 2504 5519 ὄνομα
2561 5442 2875 5521 ἐνεφανίσθη
2940 5442 3124 5505 αὐτοῖς
3180 5442 3314 5514 (72).
3372 5439 3568 5502 Οὕτως
3629 5435 3813 5493 οὗνὼς

2160 5534 2348 5597 αὐτοῖς
2425 5534 2628 5611 ἐγένετο
2703 5532 3200 5607 προστεταγμένον,
3281 5528 3525 5604 ταχίστῳ
3611 5526 3809 5602 δρόμῳ,

2156 5622 2429 5697 προθύμῳ
2459 5620 2654 5698 καρδίᾳ
2702 5622 2789 5676 καὶ
2833 5620 3210 5695 ἠλλοιωμένῳ
3260 5618 3541 5693 προσώπῳ
3604 5618 3713 5690 (73)
3742 5613 3806 5671 εἷς

2160 5714 2419 5789 Παρισίαν
2477 5710 2833 5785 εἰσελθόντες,
2889 5710 3061 5767 ἐκεῖσε
3115 5711 3206 5766 τὸν
3264 5710 3412 5783 ἅγιον
3476 5704 3646 5782 ἄνδρα
3693 5722 3804 5759 του·
