4020 6358
164 400 256 454 677

1190 388 1644 452 MARTYRIUM,
1685 384 2021 441 AUCTORE
2060 385 2455 439 METHODIO.

3425 388 3532 441 678

161 520 259 578 τονὶ
337 513 602 571 Διονύσιον
688 512 842 586 εὗρον
924 509 1059 566 κατὰ
1127 515 1235 565 τῶν
1310 509 1549 564 ἀπίστων
1602 505 1814 579 πολε-γ

1929 506 2226 563 ominibus
2250 506 2595 575 bellantem,
2635 512 2692 563 et
2722 509 2989 566 doctrina
3034 510 3295 582 quotidie
3331 512 3538 567 multi-

166 614 361 685 μοῦντα,
390 604 474 659 καὶ
507 599 797 675 διδάγμασι
829 601 948 666 καθ’
978 601 1208 671 ὶκάστην
1236 598 1424 670 πλήθη
1487 599 1634 655 λαῶν
1694 596 1770 659 εἲς

1927 598 2119 653 idines
2148 597 2503 669 populorum
2539 598 2612 653 ad
2634 597 2805 653 fidem
2826 598 3038 655 Christi
3070 599 3403 657 hortantem
3432 621 3445 671 ;
3472 619 3537 656 ac

161 702 246 769 τὴν
272 696 439 751 πίστιν
486 696 579 748 τοῦ
636 695 877 766 Χριστοῦ
932 689 1412 767 προσκολούμενον
1445 708 1459 723 ⁸
1506 690 1621 764 μετ’
1680 688 1777 743 αύ-

1927 703 2019 741 um
2050 702 2116 742 eo
2148 686 2387 742 beatum
2419 687 2613 741 virum
2664 686 2969 743 Rusticum
3020 690 3451 761 presbyterum,
3476 694 3537 746 et

164 793 245 845 τοῦ
272 784 324 841 δὲ
349 784 433 839 καὶ
462 782 551 838 τὸν
602 784 865 857 μακᾶριον
925 777 1094 855 ἄνδρα
1122 778 1433 836 Ῥούστικον
1488 781 1582 834 τὸν
1644 798 1777 853 πρε-

165 873 412 951 σϐύτερον,
439 872 528 927 καὶ
560 869 900 945 Ἐλευθέριον
945 872 1036 924 τὸν
1088 867 1358 941 διάκονον,
1390 868 1485 932 οὓς
1542 869 1702 930 αὐτὸς
1750 869 1778 922 ὁ

168 966 403 1039 μακάριος
453 962 585 1035 ἀνὴρ
635 960 712 1022 εἰς
760 958 886 1021 τοὺς
942 955 1115 1021 ἰδίους
1167 958 1408 1034 βαθμοὺς
1463 957 1778 1030 καθιέρωσε.

166 1059 278 1117 Τοῖς
325 1049 411 1107 οὖν
458 1046 776 1124 διδάγμασιν
827 1047 991 1104 αὐτοῦ
1037 1047 1333 1110 κοινωνοὺς
1382 1049 1469 1104 καὶ
1536 1047 1783 1121 μαθητὰς

166 1141 300 1205 ὄντας
369 1141 472 1195 τῶν
562 1136 808 1194 διωκτῶν
856 1140 890 1208 ἡ
951 1138 1264 1210 σκληρότης
1339 1138 1428 1193 καὶ
1484 1141 1518 1207 ἡ
1570 1132 1786 1191 ἀσέϐεια

1887 774 2289 831 Eleutherium
2339 775 2675 842 diaconum,
2737 794 2887 848 quos
2929 778 3055 849 ipse
3104 781 3309 835 beatus
3358 781 3446 834 vir
3477 780 3535 835 in

1888 864 2013 920 suis
2043 864 2345 920 ordinibus
2377 870 2838 922 consacraverat.
2872 867 2983 922 Eos
3029 869 3288 939 quidem,
3340 869 3440 941 qui
3482 874 3539 925 et

1890 953 2018 1024 ejus
2039 953 2319 1009 doctrinas
2351 971 2417 1009 ac
2460 955 2787 1027 disciplinae
2839 956 3112 1028 discipuli
3163 962 3219 1012 et
3265 974 3539 1029 persecu-

1892 1043 2121 1097 tionum
2168 1042 2310 1098 socii
2368 1048 2555 1113 erant,
2606 1044 2878 1101 ferocitas
2934 1049 2992 1101 et
3038 1046 3311 1117 impietas
3363 1047 3543 1103 simul

1893 1130 2135 1188 invenit.
2170 1131 2238 1186 Hi
2269 1132 2426 1187 enim
2459 1133 2646 1189 sancti
2677 1132 2786 1189 viri
2818 1152 2851 1190 a
2892 1135 3061 1190 beato
3113 1135 3386 1211 Dionysio
3432 1136 3551 1192 dis-

165 1225 432 1288 κατέλαϐεν
490 1230 623 1301 ἅμα.
686 1229 845 1283 Οὗτοι
904 1228 1007 1304 γὰρ
1077 1230 1222 1304 ἅγιοι
1281 1225 1468 1303 ἄνδρες
1529 1227 1634 1281 ἀπὸ
1690 1229 1787 1281 τοῦ

1927 1221 2062 1292 ungi
2095 1238 2212 1276 non
2245 1226 2533 1293 poterant,
2566 1240 2715 1294 quos
2746 1225 2921 1279 etiam
2972 1224 3171 1280 divina
3218 1227 3407 1298 pietas
3456 1242 3550 1281 co-

171 1319 410 1396 μακαρίου
460 1318 747 1373 Διονυσίου
798 1316 1099 1393 ἀχώριστοι
1162 1317 1437 1393 ὑπῆρχον,
1473 1316 1569 1379 οὓς
1612 1314 1701 1371 καὶ
1750 1318 1785 1385 ἡ

170 1408 267 1471 θεία
317 1400 551 1461 εὐσέϐεια
606 1404 1004 1482 προεγίνωσκεν
1068 1407 1331 1481 ὑπάρχειν
1418 1404 1793 1480 συγκληρονό-

171 1518 310 1569 μους.
340 1497 597 1570 Ἕχαιρεν
660 1495 749 1549 οὖν
800 1496 829 1549 ὁ
886 1496 1085 1569 ἀγαθὸς
1142 1496 1321 1569 πατὴρ
1369 1494 1419 1548 ἦν
1477 1491 1594 1548 δυσὶ
1654 1513 1792 1569 προ-

167 1585 430 1640 κόπτουσιν
486 1585 649 1651 υἱοῖς,
708 1585 790 1638 ὅτι
868 1584 1008 1655 ἄξιοι
1076 1585 1212 1653 ἦσαν
1273 1584 1382 1638 υἱοὶ
1437 1588 1533 1638 τοῦ
1590 1584 1793 1660 πατρὸς

166 1675 218 1729 τὸ
244 1672 453 1750 φορτίον
503 1673 555 1727 ἐν
590 1672 867 1745 Πνεύμασι
895 1678 1012 1735 τοῖς
1063 1674 1243 1747 ἁγίοις
1297 1672 1533 1751 ἐλαφρὸν
1592 1672 1793 1750 βαστά-

170 1783 261 1830 σαι,
286 1760 395 1833 ἵνα,
418 1762 481 1817 τὸ
547 1763 715 1839 βάρος
767 1769 867 1832 τῆς
923 1762 1117 1839 σαρκὸς
1176 1761 1527 1835 ἀποθέμενοι,
1586 1761 1637 1816 έν
1697 1782 1794 1815 κα-

172 1852 301 1926 θαρῷ
321 1847 614 1922 δυνηθῶσιν
650 1850 762 1921 ἀέρι
794 1853 1076 1920 πετᾶσθαι,
1108 1854 1192 1915 οἷς
1233 1851 1322 1906 καὶ
1355 1856 1471 1925 φῶς
1523 1873 1574 1907 τι
1609 1858 1794 1920 συνῆν,

176 1942 421 2013 Θαυμάζω
452 1939 509 1995 δὶ
540 1944 659 2002 πῶς
686 1939 916 2002 ἀόπλοις
946 1938 1199 2015 ἀνδράσιν
1233 1942 1335 1995 οὐκ
1379 1938 1610 2010 ἠδύνατο
1650 1938 1800 2007 πλη-

176 2028 256 2093 θὺς
290 2027 514 2091 ἔνοπλος
565 2029 1066 2099 ἀντιστῆναι.Ἰ“ότε
1119 2030 1210 2084 οὖν
1266 2031 1294 2084 ὁ
1352 2029 1655 2105 ἀρχέκακος
1710 2028 1805 2105 ἐχ-

177 2119 309 2194 θρὸς,
341 2120 559 2193 θεωρῶν
601 2119 700 2187 τήν
760 2119 955 2173 ἑαυτοῦ
1014 2116 1238 2192 δύναμιν
1274 2116 1683 2192 ἀπολλυμένη),
1715 2119 1807 2173 καὶ

182 2208 266 2277 τὴν
317 2213 411 2264 τοῦ
467 2208 673 2285 Κυρίου
750 2207 1164 2287 φυλαττομένην
1240 2210 1329 2264 καὶ
1404 2214 1657 2278 νικῶσαν,
1718 2209 1807 2264 καὶ

178 2300 281 2353 καθ’
334 2298 560 2370 έκάστην
610 2299 709 2367 τὴν
767 2303 864 2353 τοῦ
923 2297 1060 2354 λαοῦ
1138 2293 1534 2373 προϐαίνουσαν
1606 2298 1808 2372 πίστιν,

178 2386 306 2462 πάσῃ
330 2391 395 2460 τῇ
424 2390 597 2463 τέχνῃ
630 2384 793 2446 αὐτοῦ
824 2387 901 2449 εἷς
948 2386 1147 2463 ἔχθραν
1199 2387 1533 2461 πολεμικὴν,
1567 2388 1690 2457 ἥτις
1740 2389 1807 2456 ἦν

175 2475 606 2551 καθωπλισμένη,
657 2483 770 2532 κατ*
829 2476 1004 2532 αὐτῶν
1069 2476 1359 2552 ἐπέστρεψε
1392 2493 1408 2510 ·
1467 2477 1557 2531 καὶ
1615 2476 1811 2539 αὐτοὺς

174 2563 286 2626 τοὺς
313 2565 386 2626 εἷς
426 2561 516 2619 ἕνα
578 2567 669 2620 καὶ
728 2564 987 2635 ἀληθινὸν
1042 2565 1236 2640 Κύριον
1294 2564 1663 2634 πιστεύοντας,
1721 2566 1811 2621 καὶ

172 2657 240 2724 τῷ
280 2654 406 2730 ἁγίῳ
446 2654 784 2730 βαπτίσματι
832 2652 941 2726 ἤδη
1003 2655 1477 2730 πεπληρωμένους
1530 2662 1632 2724 τῆς
1684 2654 1811 2710 τού-

171 2762 263 2796 των
319 2740 691 2815 διδασκαλίας,
724 2744 898 2816 ἑαυτῷ
955 2749 1235 2801 πιστεῦσαι
1288 2741 1377 2798 διὰ
1421 2743 1649 2801 πολλῶν
1704 2747 1810 2819 βα·-

176 2828 326 2887 σάνων
392 2831 937 2908 ἐξομολογουμένους
996 2831 1222 2889 ἔσπευδε
1290 2840 1495 2891 πεῖσαι.
1551 2832 1710 2891 Ἀλλ’
1761 2836 1813 2889 οἱ

174 2921 296 2995 ἅγιοι
348 2920 558 2998 ἄνδρες,
613 2920 959 2997 ὁμολογηταί
1013 2923 1103 2979 καὶ
1166 2922 1457 2999 μάρτυρες,
1486 2924 1587 2993 τήν
1644 2924 1812 2979 αὐτοῦ

171 3010 371 3066 καὶτῶν
419 3008 631 3068 ἀσεϐῶν
685 3011 884 3068 λύσσαν
944 3015 1011 3085 τῇ
1069 3012 1197 3088 ἁγίᾳ
1255 3010 1579 3084 διδασκαλίᾳ
1635 3011 1810 3067 αὐτῶν

173 3101 251 3154 καὶ
296 3106 408 3163 ταῖς
467 3100 735 3178 μεγάλαις
819 3099 1078 3174 δυνάμεσι
1138 3100 1475 3172 διαλύοντες,
1525 3101 1814 3179 ἐπεστήρι-

1898 1310 2161 1366 ὴιθιιθὰεε
2192 1312 2313 1367 fore
2343 1318 2723 1384 praenoverat.
2757 1314 3062 1370 Gaudebat
3094 1314 3275 1388 igitur
3297 1314 3550 1370 delecta-

1899 1402 2191 1473 baturque
2214 1402 2405 1457 bonus
2422 1419 2633 1474 parens
2661 1404 2894 1459 duobus
2911 1403 3136 1472 liberis,
3162 1405 3261 1477 qui
3286 1420 3557 1477 progres-

1901 1508 2005 1547 sus
2035 1490 2350 1562 faciebant,
2392 1493 2547 1563 quod
2589 1492 2751 1565 digni
2795 1497 2993 1549 essent
3042 1493 3171 1561 ﬁlii,
3219 1494 3321 1565 qui
3361 1493 3555 1549 Patris

1902 1596 2052 1636 onus
2075 1582 2231 1653 quod
2265 1598 2367 1653 per
2394 1581 2673 1653 Spiritum
2708 1582 2931 1639 sanctis
2964 1582 3088 1638 leve
3118 1586 3226 1655 est,
3290 1583 3555 1639 sublevr—

1905 1673 2055 1737 rent,
2084 1673 2169 1741 ut,
2201 1671 2397 1727 carnis
2443 1672 2726 1743 gravitate
2761 1671 3051 1745 deposita,
3100 1674 3173 1728 ad
3224 1689 3436 1745 purum
3486 1671 3558 1727 li-

1907 1760 2155 1831 quidum
2202 1776 2337 1817 aera
2384 1761 2612 1818 evolare
2661 1767 2938 1834 possent:
2993 1763 3051 1818 in
3100 1763 3316 1835 quibus
3381 1763 3558 1818 etiam

1909 1850 2107 1906 lumen
2132 1851 2429 1920 quoddam
2481 1854 2606 1907 erat
2650 1851 2922 1908 insitum.
2974 1852 3156 1908 Miror
3190 1857 3411 1921 autem,
3457 1851 3559 1923 qui

1911 1939 2243 1995 inermibus
2269 1939 2408 1995 viris
2440 1957 2555 1996 non
2578 1944 2806 2013 poterat
2839 1940 3153 1997 multitudo
3201 1946 3427 1998 armata
3457 1942 3562 1997 ob-

1916 2028 2144 2085 sistere.
2176 2030 2328 2085 Tum
2362 2029 2617 2100 denique
2647 2035 2851 2086 auctor
2884 2031 3175 2087 malnrum
3207 2031 3419 2101 hostis,
3462 2030 3565 2103 qui

1917 2122 1975 2173 et
2004 2118 2328 2191 potentiam
2360 2135 2529 2175 suam
2554 2118 2816 2187 dissolvi,
2850 2124 2906 2176 et
2936 2120 3097 2177 illam
3144 2120 3379 2176 Domini
3424 2136 3567 2176 con-

1919 2208 2136 2263 servari
2160 2224 2226 2263 ac
2256 2208 2489 2265 vincere
2512 2208 3023 2281 animadverteret,
3056 2213 3112 2266 et
3141 2209 3343 2282 populi
3390 2209 3565 2265 fidem

1920 2296 2182 2368 quotidie
2207 2298 2499 2370 progredi,
2545 2299 2705 2354 omni
2755 2304 2877 2355 arte
2925 2317 3032 2356 sua
3079 2299 3420 2355 inimicitias
3459 2299 3570 2354 ho-

1921 2386 2109 2454 stiles,
2152 2404 2281 2460 quae
2323 2391 2558 2443 armate
2600 2392 2786 2460 erant,
2843 2388 2902 2445 in
2956 2406 3055 2446 eos
3105 2390 3417 2445 convertit:
3461 2389 3573 2444 eis-

1921 2491 2035 2547 que
2074 2476 2176 2548 qui
2223 2494 2407 2533 unum
2457 2495 2523 2533 ac
2569 2495 2773 2534 verum
2827 2478 3144 2534 Dominum
3198 2494 3346 2546 esse,
3399 2485 3573 2549 atque

1922 2568 2192 2621 sanctum
2224 2566 2608 2638 baptismum,
2632 2569 2761 2639 jam
2779 2571 2988 2624 horum
3011 2568 3289 2625 doctrinis
3303 2583 3370 2623 ac
3401 2565 3574 2622 disci-

1921 2654 2094 2726 plinis
2128 2654 2284 2725 pleni
2315 2657 2650 2727 credebant,
2685 2659 2963 2714 studebat
2992 2659 3348 2731 persuadere
3371 2657 3577 2713 multis

1922 2743 2230 2817 suppliciis
2262 2763 2327 2802 ac
2356 2747 2691 2814 tormentis,
2714 2752 2780 2803 ut
2810 2747 2924 2803 sibi
2964 2749 3197 2804 credere
3231 2748 3574 2804 faterentur.

1920 2834 1992 2887 At
2035 2833 2221 2890 sancti
2267 2836 2397 2903 viri,
2475 2837 2844 2893 confessores
2889 2841 3067 2909 atque
3118 2841 3404 2911 martyres
3453 2836 3581 2907 ejus

1922 2926 2098 2994 atque
2135 2923 2457 2997 impiorum
2495 2925 2735 2982 illorum
2802 2925 3115 2983 hominum
3167 2928 3421 2983 furorem
3470 2927 3576 2981 do-

1923 3014 2111 3070 ctrina
2158 3032 2265 3071 sua
2312 3018 2663 3088 magnisque
2709 3017 3032 3075 virtutibus
3096 3018 3576 3090 comprimentes,

1923 3102 2243 3175 discipulos
2276 3104 2706 3163 conﬁrmabant
2728 3125 2741 3175 ;
2760 3112 3258 3181 occurrentesque
3283 3106 3573 3175 scelestis,

176 3194 251 3257 ζον
300 3190 421 3255 τοὺς
467 3192 740 3265 μαθητὰς,
773 3194 1135 3255 συναντῶντας
1180 3196 1299 3253 τοῖς
1358 3192 1604 3266 ἀνόμοις,
1634 3190 1810 3246 ούδενὶ

1927 3208 2029 3246 nec
2071 3191 2253 3248 ullius
2301 3194 2620 3266 impiorum
2682 3202 2878 3252 metus
2926 3199 3215 3254 rationem
3268 3196 3581 3267 habentes,

174 3274 311 3354 φόϐῳ
357 3284 463 3336 τῶν
522 3275 738 3335 ἀσεϐῶν
792 3281 1182 3355 προσέχοντες,
1241 3282 1339 3351 τὴν
1420 3264 1518 3336 τοῦ
1574 3285 1807 3356 Χριστοῦ

1927 3280 2242 3337 Ecclesiam
2273 3264 2488 3339 Christi
2521 3284 2762 3356 quotide
2806 3286 3114 3342 ﬂorentem
3157 3290 3214 3342 et
3262 3264 3579 3357 augescen;

173 3367 477 3439 Ἐκκλησίαν
509 3372 634 3433 καθ’
667 3367 875 3443 ἡμέραν
928 3370 1254 3440 εὒθηνοῢσαν
1302 3367 1616 3445 έπροίκιζον
1648 3374 1703 3441 (7
1712 3372 1764 3443 4)
1798 3388 1813 3403 ο

1927 3373 2044 3425 tem
2078 3371 2378 3428 dotabant.
2412 3374 2483 3429 Et
2516 3390 2652 3429 cum
2702 3375 2962 3431 Ecclesia
2997 3394 3030 3432 a
3077 3376 3204 3433 suis
3240 3377 3581 3433 doctoribus

172 3458 248 3509 καί
286 3457 371 3513 ὅτε
410 3461 443 3529 ἡ
472 3457 781 3529 Ἐκκλησία
813 3459 914 3513 ὑπὸ
971 3463 1078 3514 τῶν
1125 3456 1279 3514 ἰδίων
1342 3456 1683 3515 διδασκάλων
1739 3463 1814 3532 τῷ

1927 3459 2029 3516 Dei
2060 3463 2235 3517 verbo
2267 3462 2412 3518 satis
2445 3463 2691 3519 fundata
2722 3464 2853 3535 fuit,
2885 3465 2996 3520 etsi
3052 3465 3305 3525 maxime
3354 3472 3582 3522 contur-

173 3542 308 3620 λόγῳ
363 3545 578 3623 έγένετο
636 3546 1076 3622 τεθεμελιωμένη
1112 3546 1405 3618 ἱκανῶς,εί
1447 3550 1535 3604 καὶ
1599 3549 1669 3604 τὰ
1718 3547 1814 3620 μά-

1930 3548 2067 3605 bata
2123 3554 2297 3622 esset,
2358 3555 2413 3607 et
2461 3552 2634 3624 quasi
2691 3556 3045 3625 tempestate
3098 3554 3365 3624 confusa,
3426 3556 3584 3627 quod

175 3631 315 3695 λιστα
367 3636 767 3713 συνεταράχθη,
822 3638 911 3692 καὶ
992 3638 1068 3699 ὡς
1151 3636 1431 3714 καταιγίδι
1502 3636 1820 3713 συνεσχέθη,

174 3728 268 3779 τῶν
294 3723 530 3782 διωκτῶν
597 3727 721 3781 τότε
774 3725 1149 3799 αὐξανομένων
1207 3732 1276 3802 τῇ
1334 3724 1607 3804 τυραννίδι
1646 3746 1658 3758 ·
1691 3727 1817 3781 τότε

176 3814 253 3867 καὶ
326 3818 455 3886 αὖτὴ
547 3815 785 3888 μάλιστα
868 3820 1162 3891 Γερμανία,
1236 3820 1271 3886 ἡ
1336 3816 1550 3894 μεγάλη
1642 3815 1824 3891 χώρα,

180 3903 463 3977 θηριώδους
546 3903 929 3982 σκληρότητος
1011 3905 1102 3960 καὶ
1189 3901 1435 3969 ἀσεϐείας
1494 3904 1824 3980 μετέχουσα,

185 3993 572 4072 ὑποτεταγμένῃ
656 3992 854 4070 καρδίᾳ
928 3996 1018 4049 καὶ
1067 3994 1501 4071 κατανενυγμένῃ
1554 3995 1647 4049 τὸν
1704 3992 1830 4071 τρά-

182 4080 344 4155 χηλον
375 4085 573 4150 δαυτῆς
623 4088 700 4156 τῷ
748 4088 846 4139 τοῦ
888 4088 1123 4161 Χριστοῦ
1182 4090 1329 4160 ζυγῴ
1376 4086 1695 4157 ὑποθήσασα
1739 4084 1828 4140 καὶ

180 4168 765 4249 δεδιδαγμένη,ἔχαιρε
818 4177 887 4247 τῇ
936 4177 1044 4228 τῶν
1110 4171 1453 4229 διδασκάλων
1502 4176 1831 4249 στερωθεῖσα

182 4261 358 4321 πίστει.
391 4265 487 4318 Καὶ
514 4265 670 4326 αὖθις
696 4261 1052 4341 κατέῤῥιπτον
1078 4263 1146 4318 τὰ
1178 4260 1382 4318 εἴδωλα
1433 4263 1606 4319 αὐτῶν
1657 4264 1724 4318 τὰ
1774 4264 1833 4320 ἐκ

181 4357 269 4420 τῆς
293 4353 463 4408 αὐτῶν
487 4349 676 4423 ἐξόδου
708 4347 1137 4425 ᾠκοδομημένα,
1167 4351 1258 4406 καὶ
1284 4351 1487 4424 λιμένα
1546 4353 1832 4427 σωτηρίας

184 4440 429 4514 εὑρόντες,
462 4441 715 4498 εῗδώλωι
748 4438 970 4517 ἔχαιρον
1003 4440 1303 4505 ἀπολέσθαι
1334 4442 1402 4495 τὰ
1432 4440 1657 4517 ναυάγια
1694 4444 1828 4515 (75).

186 4526 412 4606 Έθρήνει
445 4533 541 4586 οὖν
572 4530 697 4586 τότε
727 4532 761 4600 ἡ
790 4530 946 4605 μερὶς
971 4534 1255 4599 κινηθεῖσα
1276 4530 1380 4585 ντοῦ
1414 4524 1703 4602 διαϐόλου,
1746 4529 1836 4585 ὅτε

187 4616 489 4690 ήνικητική
524 4617 825 4690 Ἐκκλησία
854 4623 1060 4674 πιστῶν
1096 4617 1323 4696 λεγεῶνι
1360 4617 1683 4689 ἐξενίκησεν.

254 4745 348 4801 Καὶ
399 4745 488 4803 ὅτε
541 4749 712 4800 ταῦτα
762 4742 1010 4820 ἐγένοντο
1069 4742 1227 4818 θυμῷ
1286 4738 1551 4818 ἀσεϐείας,
1587 4746 1638 4799 οἱ
1685 4745 1827 4816 ὑπη-

194 4830 345 4905 ρὲται,
402 4833 741 4910 σκληρότητι
828 4832 1158 4911 ἐξαφθέντες,
1216 4829 1311 4888 ἕνα
1369 4831 1427 4889 ἐκ
1481 4832 1691 4890 τούτων
1733 4834 1824 4889 τὸν

196 4921 330 4999 ἅγιον
387 4920 557 5001 ἄνδρα
614 4921 890 4978 Διονύσιον
958 4922 1091 4997 μετὰ
1153 4919 1401 4998 μεγάλης
1458 4919 1679 5001 καρδίας
1740 4921 1831 4981 καὶ

195 5012 412 5075 πίστεως
459 5010 956 5086 κατατολμήσαντα
1012 5014 1146 5085 (76),
1195 5011 1355 5067 αὐτὸν
1408 5009 1635 5084 ἰδόντες,
1668 5031 1833 5087 προσ-

197 5096 425 5167 ελθόντες
484 5101 635 5157 εἶπον
667 5120 678 5133 ·
715 5124 742 5152 ‹‹
807 5097 921 5165 Οὔκ
976 5098 1022 5154 εἴ
1070 5097 1132 5154 σὺ
1165 5100 1192 5154 ὁ
1246 5099 1530 5172 ἀνώνυμος
1578 5099 1773 5176 γέρων,
1808 5101 1836 5159 ὁ

193 5188 289 5243 τῶν
345 5196 480 5255 θεῶν
544 5193 707 5264 ἡμῶν
763 5189 827 5245 τὸ
876 5183 1035 5253 σέϐας
1066 5188 1317 5257 κενώσας,
1351 5187 1441 5244 καὶ
1470 5193 1587 5253 τοῖς
1648 5188 1839 5260 ἀκινή-

192 5296 296 5339 τοις
356 5277 621 5355 ἄρχουσιν
683 5278 1048 5351 ἀντιπίπτων,
1104 5277 1194 5333 καὶ
1246 5278 1313 5333 τά
1360 5274 1607 5352 δόγματα
1664 5276 1838 5332 αὐτῶν

204 5363 645 5443 ἀποϐαλλόμενος
674 5387 686 5438 ;
717 5368 855 5426 Εἰπὲ
911 5372 1027 5437 νῦν,
1076 5367 1222 5431 τίνος
1278 5367 1463 5423 ἑαυτὸν
1525 5366 1701 5444 λέγεις
1749 5367 1840 5423 τὸν

203 5453 468 5533 λάτριν,ἢ
520 5457 679 5513 ποίαν
741 5456 1142 5532 ἐξομολόγησιν
1199 5463 1299 5527 τῆς
1359 5458 1552 5511 ἑαυτοῦ
1605 5456 1845 5528 ἐξουσίας

203 5550 519 5624 προγράφεις
551 5568 563 5617 ;
600 5571 626 5597 ››
659 5545 799 5602 Τότε
829 5543 1024 5601 λοιπὸν
1059 5547 1209 5600 οὗτοι
1242 5546 1295 5600 οἱ
1332 5547 1721 5621 τρισμακάριοι
1757 5546 1847 5600 ἄν-

207 5630 336 5709 δρες,
397 5636 699 5705 Διονύσιος,
757 5636 1069 5700 Ῥούστικος
1146 5635 1237 5690 καὶ
1318 5635 1680 5713 Ἐλευθέριος,
1738 5640 1845 5691 τῶν

208 5729 362 5800 τριῶν
419 5725 626 5783 παιδων
682 5730 789 5783 τῶν
842 5723 895 5781 ἐν
961 5724 1176 5800 καμίνῳ
1254 5728 1349 5780 τοῦ
1397 5727 1569 5802 πυρὸς
1625 5746 1845 5802 περιπα-

1931 3641 2058 3693 tum
2082 3643 2486 3710 persecutores
2519 3642 2831 3712 tyrannide
2853 3646 3182 3698 crescerent
3216 3668 3230 3711 ;
3270 3647 3398 3698 tum
3456 3640 3587 3715 ipsa

1934 3729 2109 3783 etiam
2142 3728 2451 3786 Germania
2487 3747 2702 3803 magna
2732 3730 2913 3803 regio,
2966 3749 3092 3805 quae
3145 3733 3399 3788 ferarum
3453 3748 3587 3787 cru-

1936 3816 2173 3873 delitate
2220 3823 2278 3874 et
2323 3820 2625 3895 impietate
2674 3825 2798 3877 erat
2845 3822 3109 3893 praedita,
3154 3839 3288 3878 cum
3341 3823 3587 3878 subacto

1936 3912 2409 3979 compunctoque
2436 3909 2631 3967 animo
2663 3911 2950 3967 cervicem
2984 3929 3153 3968 suam
3203 3911 3420 3968 Christi
3442 3912 3589 3984 jugo

1939 3996 2341 4068 submisisset,
2391 4015 2457 4054 ac
2506 3999 2731 4055 domita
2771 4003 2945 4068 esset,
3015 4004 3433 4072 praeceptorum
3477 3998 3591 4053 fide

1939 4086 2286 4143 conﬁrmata
2317 4089 2651 4160 gaudebat,
2685 4093 2743 4144 et
2785 4092 2987 4159 postea
3026 4090 3366 4160 deiecerunt
3412 4087 3593 4143 simu-

1941 4174 2099 4232 lacra
2128 4194 2255 4244 sua,
2281 4193 2407 4249 quas
2436 4178 2507 4233 ab
2531 4177 2797 4249 ipsorum
2822 4178 3390 4245 discessufaedificata
3406 4182 3595 4249 erant,

1941 4266 2294 4339 inventoque
2326 4270 2499 4338 portu
2532 4267 2763 4337 salutis,
2788 4272 2986 4341 partes
3013 4266 3269 4340 reliquas
3299 4267 3594 4340 naufragii

1941 4354 2397 4411 simulacrorum
2430 4356 2677 4428 periisse
2725 4356 3096 4413 laetabantur.
3139 4358 3597 4414 Lamentabatur

1942 4459 2078 4515 ergo
2106 4449 2232 4500 tum
2256 4461 2393 4516 pars
2425 4444 2659 4501 sublata
2689 4445 2925 4515 diaboli,
2961 4464 3096 4504 cum
3140 4447 3344 4503 victrix
3390 4447 3596 4504 Eccle-

1943 4532 2031 4588 sia
2069 4532 2332 4589 ﬂdelium
2356 4533 2585 4607 legione
2616 4535 2853 4594 devicit.

2008 4746 2155 4802 Cum
2187 4746 2306 4805 haec
2336 4752 2499 4820 gesta
2531 4754 2671 4809 sunt
2692 4751 2889 4809 furore
2921 4754 3075 4811 400
3104 4752 3449 4825 impietatis,
3480 4753 3591 4810 mi-

1940 4833 2114 4895 nistri
2144 4835 2489 4895 crudelitate
2511 4839 2890 4912 inﬂammati,
2913 4858 3099 4898 unum
3117 4859 3187 4899 ex
3205 4842 3300 4899 his
3323 4845 3595 4899 sanctum

1942 4924 2133 4983 virum
2172 4925 2519 4999 Dionysium
2558 4928 2845 5001 videntes,
2891 4946 3026 4987 cum
3060 4947 3276 5003 magno
3308 4930 3506 4987 animo
3540 4934 3599 4985 et

1945 5014 2058 5075 ﬁde
2088 5018 2288 5073 contra
2318 5017 2653 5086 audentem,
2704 5017 2798 5075 bis
2838 5018 3029 5076 verbis
3071 5036 3232 5087 eum,
3273 5036 3405 5077 cum
3444 5034 3603 5077 acce-

1948 5103 2143 5173 sisset,
2178 5111 2577 5169 convenerunt
2608 5122 2622 5163 :
2657 5130 2686 5159 «
2721 5107 2876 5167 Num
2907 5112 2971 5164 tu
3003 5125 3067 5166 es
3082 5107 3361 5181 ignobilis
3381 5107 3480 5165 ille
3508 5125 3599 5165 se-

1950 5209 2061 5249 nex
2090 5192 2193 5264 qui
2224 5194 2468 5251 deorum
2500 5200 2837 5255 nostrorum
2871 5195 3095 5254 cultum
3139 5197 3602 5270 religionemque

1952 5282 2270 5352 sustulisti,
2292 5288 2349 5338 et
2370 5284 2601 5341 invictis
2618 5286 2987 5358 principibus
3006 5287 3265 5359 obsistis,
3284 5304 3605 5361 eorumque

1953 5372 2142 5428 edicta
2174 5374 2505 5431 contemnis
2528 5375 2555 5429 ?
2586 5376 2687 5431 Dic
2719 5393 2899 5447 nunc,
2935 5378 3108 5448 cujus
3154 5382 3219 5434 tu
3260 5379 3344 5435 sis
3388 5379 3605 5446 cultor,

1954 5465 2054 5516 aut
2083 5479 2262 5533 quam
2293 5463 2597 5534 potestatis
2628 5468 2741 5521 tuas
2775 5466 3201 5537 professionem
3242 5468 3539 5539 praeferas.
3576 5489 3605 5517 »

1954 5554 2101 5607 Tum
2124 5569 2260 5623 ergo
2290 5552 2352 5607 hi
2383 5556 2473 5608 ter
2500 5554 2654 5610 beati
2683 5554 2814 5622 viri,
2847 5555 3185 5629 Dionysius,
3233 5557 3516 5613 Rusticus
3546 5559 3607 5611 et

1957 5640 2330 5698 Eleutherius
2352 5643 2535 5699 trium
2562 5661 2881 5718 puerorum
2904 5646 2964 5702 in
2992 5646 3227 5703 fornace
3246 5645 3403 5719 ignis
3419 5646 3606 5702 inam-

1964 5728 2297 5787 bulantium
2331 5731 2544 5804 spiritu
2574 5733 2752 5806 pleni,
2786 5738 2845 5792 et
2873 5736 3242 5807 muneribus,
3292 5733 3462 5808 quasi
3489 5750 3606 5790 uno
