4020 6358
493 385 599 439 679

1723 386 1780 436 Β.
1823 382 2137 436 DIONYSII
2173 378 2673 434 AREOPAGITE.
3765 389 3856 443 680

494 526 590 563 ore
621 510 731 563 hoc
761 524 1109 578 responsum
1150 505 1554 577 rogationibus
1586 505 1873 559 dederunt
1904 519 1917 557 :
1951 524 1978 552 «
2008 503 2122 557 Ser'

2253 497 2486 552 τούντων
2518 502 2597 569 τῷ
2646 498 2910 571 πνεύματι
2970 497 3392 572 ὲμπιπλώμενοι
3416 503 3460 539 ⁸⁸
3488 504 3573 556 καί
3612 510 3719 568 τοῖς
3767 526 3855 583 χα-

492 598 648 652 vitus
679 603 877 651 nostra
907 595 1373 650 Christianorum
1418 594 1530 666 legi
1576 594 1820 650 subacta
1867 608 1994 646 esse
2042 605 2136 644 co-

490 686 810 758 gnoscitur.
844 690 1046 756 Itaque
1078 702 1251 755 quem
1285 685 1650 756 profitemur,
1682 699 1812 738 eum
1838 681 2009 752 plane
2033 696 2136 733 au-

490 774 652 829 ribus
682 774 891 830 vestris
930 774 1299 829 insonamus.
1333 774 1695 828 Confitemur
1724 772 1957 825 enimet
1988 785 2136 839 prac-

489 865 756 920 dicamus
781 869 1036 930 Patrem,
1084 863 1296 919 Filium
1355 868 1412 917 et
1478 861 1762 933 Spiritum
1817 863 2131 914 sanctum:

488 956 720 1006 Patrem
742 951 1091 1023 ingenitum,
1122 951 1327 1006 Jesum
1379 968 1411 1005 a
1455 949 1579 1005 solo
1630 949 1801 1003 Patre
1846 947 2134 1019 genitum,

487 1041 772 1112 Spiritum
805 1050 1095 1107 sanctum,
1128 1040 1284 1111 quia
1314 1040 1480 1094 Patre
1508 1039 1791 1110 procedit.
1827 1059 1855 1088 »
1888 1039 1970 1091 Ad
2014 1036 2135 1090 haec

486 1129 652 1200 impii
683 1135 1085 1200 persecutores
1103 1135 1159 1183 et
1189 1128 1419 1200 tyranni
1444 1128 1644 1183 beatos
1672 1126 2134 1196 interrogabant,

484 1219 578 1273 his
606 1219 799 1274 verbis
835 1236 847 1273 :
886 1238 913 1270 α
944 1220 1091 1289 Ergo
1124 1218 1450 1289 principum
1488 1223 1824 1271 nostrorum
1875 1214 2133 1269 edictum

486 1325 518 1362 a
550 1307 714 1363 vobis
745 1306 1160 1373 contemnitur,
1197 1306 1539 1377 despicitur,
1567 1322 1670 1360 nec
1698 1309 1889 1359 vestra
1906 1303 2135 1358 confes-

486 1396 570 1451 sio
601 1396 952 1452 invictorum
972 1398 1213 1451 deorum
1228 1395 1558 1450 auctoritati
1584 1392 1974 1467 potestatique
1992 1391 2132 1445 sub-

474 1486 699 1557 jicitur.
732 1506 758 1537 ι
801 1485 994 1540 Sancti
1028 1489 1245 1552 autem,
1281 1490 1345 1539 ut
1366 1501 1546 1556 supra
1590 1485 1811 1539 dictum
1864 1486 1971 1544 est,
2015 1497 2131 1535 uno

482 1575 678 1630 animo
712 1575 1145 1646 responderunt
1184 1572 1292 1628 hoc
1324 1575 1498 1628 modo
1533 1589 1545 1627 :
1583 1595 1610 1623 ‹‹
1664 1571 1736 1627 Ut
1766 1569 1939 1642 paulo
1995 1573 2130 1623 ante

480 1665 758 1731 diximus,
792 1663 1093 1718 Christum
1123 1663 1327 1719 Jesum
1362 1667 1568 1717 natum
1593 1678 1661 1716 ex
1688 1660 1871 1716 Maria
1892 1658 2130 1731 Virgine

480 1755 639 1809 omni
663 1753 877 1825 populo
909 1770 1038 1809 vere
1055 1751 1502 1819 annuntiantes,
1522 1751 1905 1822 praedicantes
1928 1752 2130 1804 contra

477 1844 762 1897 audentes
793 1847 850 1897 et
879 1842 1190 1907 credimus,
1224 1845 1281 1896 et
1310 1840 1677 1912 profitemur,
1698 1837 2125 1894 etorelaudare

2252 586 2528 661 ρίσμασιν,
2560 587 2635 649 ὠς
2694 585 2743 659 ἐξ

2246 676 2465 729 τώντων
2497 678 2565 712 δερ
2588 673 2795 731 ἔδωκαν
2828 676 3113 751 ἀπόκρισιν
3147 695 3161 709 ο
3195 702 3221 729 ‹‹
3257 675 3535 742 Δούλωσις
3564 681 3711 752 ἡμῶν
3742 689 3854 758 Χρε.

2802 588 2917 648 ἑνὸς
2969 587 3239 659 στόματος
3279 588 3532 660 τοιαύτην
3586 597 3687 645 τῶν
3742 593 3855 669 ἐρω.

2247 769 2475 819 στιανῶν
2508 766 2664 837 νόμῳ
2706 766 3021 841 γινώσκεται
3072 763 3481 839 δεδουλωμένη.
3522 770 3729 825 ’Όιτινα
3779 773 3854 829 οὖν

2247 852 2749 928 ἰξομολογούμεΟα,
2800 860 3044 933 φανερῶς
3100 861 3216 917 τοῖς
3271 855 3401 911 ὠσὶν
3460 857 3607 930 ὑμῶν
3652 857 3857 935 ἐνηχοῦ-

2249 964 2367 1015 μιν.
2428 943 2944 1018 Ἐξομολογούμεοα
3002 945 3104 1019 γάρ
3184 946 3273 999 καὶ
3341 945 3697 1019 κηρύσσομεν,
3744 953 3857 1013 καθὸ

2244 1032 2333 1085 καὶ
2363 1033 2712 1105 πιστεύομεν,
2746 1034 2957 1109 Πατέρα
2986 1034 3075 1088 καὶ
3110 1035 3230 1088 Ὶίὸν
3288 1035 3377 1089 καὶ
3431 1040 3645 1108 Πνεῦμα
3682 1039 3817 1111 ἅγιον
3843 1060 3854 1073 ·

2246 1120 2456 1192 Πατέρα
2513 1122 2833 1197 ἀγέννητον,
2891 1123 3013 1176 Υίὸν
3087 1121 3146 1177 ἐκ
3215 1122 3384 1195 μόνου
3445 1126 3648 1199 Πατρὸς
3698 1148 3857 1200 γεννη-

2245 1209 2421 1279 Θέντα,
2456 1212 2542 1265 καὶ
2577 1216 2799 1283 Πνεῦμα
2831 1213 2980 1285 ἅγιον
3030 1212 3090 1266 ἐκ
3146 1214 3325 1274 Ηατὸς
3380 1212 3804 1289 ἐκπορευόμενον.
3835 1243 3856 1267 »

2245 1299 2389 1373 Πρὸς
2443 1303 2612 1353 ταῦτα
2670 1301 2721 1353 οἱ
2783 1294 2992 1361 ἀσεϐεῖς
3045 1302 3268 1355 ὃιῶκται
3313 1302 3403 1356 καὶ
3458 1302 3702 1378 τύραννοι
3749 1303 3854 1367 τοὺς

2246 1387 2547 1462 μακαρίους
2613 1388 2937 1464 ἐπηρώτων,
2998 1389 3172 1463 ἁγίοις
3248 1395 3470 1445 τοιαῦτα
3547 1391 3854 1468 ἀποφθεγγό-

2246 1496 2419 1549 μενοι·
2457 1502 2483 1529 ‹‹
2548 1477 2651 1534 Καὶ
2684 1477 2876 1532 λοιπὸν
2908 1483 3017 1533 τῶν
3076 1478 3357 1554 ἀρχόντων
3411 1482 3571 1552 ἡμῶν
3632 1481 3680 1551 ἐξ
3730 1482 3854 1554 ὑμῶν

2241 1572 2656 1644 καταφρονεῖται
2716 1569 2750 1637 ἡ
2810 1566 3078 1639 κέλευσις,
3136 1564 3565 1643 παραϐλέπεται,
3620 1570 3703 1625 καὶ
3771 1572 3857 1646 οὐχ

2240 1658 2274 1726 ἡ
2313 1658 2546 1733 ὑμετέρα
2578 1657 2977 1733 ἐξομολόγησις
3008 1663 3114 1713 τῶν
3175 1660 3446 1730 ἀνικήτων
3503 1662 3633 1715 Θεῶν
3677 1664 3740 1733 τῇ
3789 1661 3853 1730 ἐξ·

2239 1746 2393 1816 ουσία
2422 1746 2723 1805 ὑπόκειται.
2752 1772 2780 1801 »
2815 1749 2876 1801 Oi
2936 1745 2995 1802 δί
3052 1750 3216 1823 ἅγιοι,
3250 1749 3325 1811 ὡς
3374 1750 3624 1825 ἀνωτέρω
3655 1748 3853 1823 εἴρηται,

2239 1834 2291 1888 ἐν
2331 1842 2427 1908 μιᾷ
2475 1840 2629 1911 ψυχῇ
2661 1836 3063 1912 ἀποκριθέντες,
3117 1838 3267 1893 εἶπον
3294 1857 3307 1870 ·
3347 1864 3376 1891 ‹‹
3409 1840 3498 1901 Ὠς
3554 1840 3853 1916 προέφημεν,

482 1949 600 1986 non
632 1931 1001 1986 desistimus.
1037 1931 1099 1985 In
1133 1931 1241 1984 hac
1285 1934 1622 1984 sanctorum
1666 1926 2051 1983 virorumﬁde
2072 1929 2122 1980 et

2235 1900 2635 1998 Χρίστον
2687 1900 2833 1994 rtav',
2865 1900 3186 2002 γεννηόέντα
3235 1927 3294 1983 ἐκ
3340 1900 3612 2004 Παρθένου
3655 1900 3851 2003 Μαρίας,

478 2019 807 2092 apostolatu
841 2018 1057 2074 ﬁrmati
1091 2035 1550 2089 perseveremus.
1589 2040 1613 2066 ››
1650 2022 1723 2074 At
1745 2015 1907 2088 impii
1932 2032 2123 2087 perse-

478 2114 709 2164 cutores
740 2114 798 2165 et
828 2108 1059 2180 tyranni
1093 2125 1226 2162 cum
1262 2125 1498 2178 parvam
1533 2106 1937 2163 remissionem
1983 2120 2121 2159 con-

476 2199 816 2265 cessissent,
842 2199 1145 2252 beatarum
1171 2197 1484 2265 cervicum,
1520 2213 1644 2266 quae
1686 2198 1924 2266 propter
1964 2192 2120 2246 Chri-

475 2287 550 2341 sti
582 2288 759 2342 ﬁdem
794 2292 1005 2358 paratae
1025 2291 1209 2353 erant,
1237 2285 1430 2357 gladio
1453 2285 1646 2356 capita
1668 2285 2122 2356 amputaverunt

475 2377 785 2432 reddentes
820 2380 985 2431 terra:
1015 2392 1247 2446 copora,
1282 2374 1467 2429 beatis
1500 2372 1711 2429 animis
1750 2373 1892 2428 coelo
1924 2371 2117 2427 reddi-

473 2465 550 2521 tis
585 2484 597 2533 ;
631 2465 926 2521 declarata
957 2470 1153 2520 autem
1189 2468 1393 2519 sancta
1414 2464 1671 2518 bonitate
1694 2480 1793 2535 per
1834 2466 2118 2532 martyres

474 2572 724 2626 quorum
770 2554 968 2609 anima
1019 2552 1195 2609 simul
1236 2571 1368 2607 cum
1430 2570 1667 2624 corpore
1714 2553 1927 2607 tradita
1984 2551 2114 2605 fuit.

470 2644 615 2697 Nam
648 2660 782 2699 cum
811 2660 1073 2713 corpore,
1106 2643 1417 2713 praecisum
1469 2634 1649 2713 caput
1689 2638 1976 2712 magistri,
2000 2639 2117 2694 illis

469 2732 568 2802 qui
598 2732 710 2786 fide
740 2732 939 2787 videre
972 2736 1266 2802 poterant,
1301 2748 1434 2785 cum
1468 2730 1673 2801 lingua
1700 2730 1941 2785 Domino
1975 2745 2116 2783 con-

469 2821 641 2889 fiteri,
670 2827 733 2875 ut
756 2820 949 2875 vivum
982 2825 1039 2874 et
1088 2819 1499 2891 progrediens,
1530 2818 1857 2872 videbatur.
1898 2821 1941 2872 Ο
1989 2833 2118 2871 vere

467 2909 636 2965 beata
667 2908 1010 2975 multitudo,
1036 2914 1093 2963 et
1126 2907 1371 2963 Domino
1405 2912 1604 2962 nostro
1637 2907 1693 2960 in
1747 2907 1937 2978 gratia
1985 2923 2115 2960 rur-

468 3015 600 3052 sum
634 2999 986 3068 desponsata
1011 2996 1022 3050 l
1049 3014 1080 3051 o
1103 3002 1305 3051 sancta
1328 2995 1755 3066 laudabilisque
1780 2995 2117 3050 fraternitas

465 3103 682 3156 eorum,
711 3086 771 3140 in
803 3086 1018 3156 quibus
1052 3103 1156 3140 nec
1200 3085 1432 3158 primus
1490 3086 1785 3140 secundus
1835 3101 1965 3139 esse
2012 3101 2113 3155 po-

462 3180 595 3241 test,
628 3191 733 3229 nec
777 3174 1014 3230 tertius!
1058 3176 1159 3230 sed
1209 3179 1424 3229 sanctae
1488 3174 1797 3229 Trinitatis
1866 3173 2111 3245 gloriam

2231 2014 2392 2068 παντὶ
2456 2016 2535 2087 τῷ
2597 2014 2717 2088 λαῷ
2769 2014 2994 2087 ἀληθῶς
3050 2017 3595 2093 προαναγγέλλοντες
3644 2019 3725 2072 καὶ
3772 2039 3851 2086 κη-

2234 2102 2547 2177 ρύσσοντες,
2602 2103 3056 2178 κατατολμῶντες
3113 2107 3201 2161 καὶ
3256 2107 3583 2180 πιστεύομεν
3632 2110 3732 2180 (77)
3780 2099 3852 2160 καὶ

2231 2190 2731 2267 ἐξομολογούμεοα,
2791 2195 2880 2248 καὶ
2937 2197 3165 2268 στόματι
3226 2195 3287 2251 ού
3360 2195 3726 2268 καταπαύομεν
3778 2195 3844 2248 αἷ-

2227 2286 2466 2345 νοῦντες.
2526 2284 2610 2336 Ἐν
2670 2283 2836 2357 ταύτῃ
2892 2288 2959 2358 τῇ
3021 2290 3126 2339 τῶν
3157 2286 3323 2359 ἁγίων
3359 2283 3537 2361 ἁδρῶν
3563 2284 3724 2339 πίστει
3772 2283 3842 2337 καὶ

2231 2369 2516 2444 ἀποστολῇ
2578 2371 3042 2446 ένδυναμωοέντες
3103 2372 3451 2448 διαμένωμεν
3513 2377 3641 2447 (78).
3696 2374 3753 2430 Οί
3800 2366 3844 2425 ὃέ

2231 2455 2441 2522 ἀσεϐεῖς
2500 2457 2725 2514 διῶκται
2779 2461 2865 2515 καὶ
2914 2463 3190 2534 τύραννοι,
3240 2464 3441 2537 μικρὰν
3491 2463 3660 2517 ἄνεσιν
3705 2456 3843 2515 δεδω-

3176 2509 3190 2533 9

2227 2549 2379 2609 κότες
2410 2553 2542 2623 (79),
2574 2555 2683 2605 τῶν
2722 2550 3000 2626 μακαρίων
3054 2551 3381 2627 τραχήλων,
3417 2551 3506 2607 διὰ
3551 2553 3644 2619 τήν
3698 2550 3842 2604 πίστιν

2225 2644 2322 2692 τοῦ
2363 2644 2605 2713 Χριστοῦ
2653 2639 3107 2712 ἑτοιμασοέντων,
3141 2642 3278 2719 ξίφει
3330 2644 3607 2715 ἀπέκοψαν
3650 2640 3737 2703 τάς
3776 2659 3843 2693 κε-

2228 2726 2422 2804 φαλὰς,
2455 2726 2810 2790 ἀποδιδόντες
2839 2734 2907 2802 τῇ
2933 2732 3004 2803 γῇ
3032 2730 3096 2784 τὰ
3155 2730 3407 2802 σώματα,
3437 2735 3541 2785 τῶν
3604 2726 3842 2802 μακαρίων

2226 2820 2419 2891 ψυχῶν
2447 2822 2524 2889 τῷ
2556 2817 2769 2893 ούρανῴ
2793 2816 3189 2882 ἀποδοθεισῶν.
3224 2820 3637 2895 Φανερωθείσης
3678 2815 3728 2872 δὲ
3767 2819 3844 2879 τῆς

2226 2904 2378 2979 ἁγίας
2428 2902 2765 2980 ἀγαοότητος
2813 2912 2929 2968 τοῖς
2989 2908 3275 2981 μάρτυσιν,
3326 2908 3403 2961 ὧν
3466 2904 3670 2961 δέδοται
3713 2902 3843 2973 ἠνί-

2224 3016 2291 3064 κη
2324 2998 2369 3030 ⁶⁹
2402 2995 2536 3067 μετά
2563 3000 2658 3049 τοῦ
2707 2996 2963 3067 σώματος
2996 2999 3130 3069 (80),
3162 2998 3542 3068 ἀποτμηθεῖσα
3584 2998 3617 3064 ἠ
3661 2991 3839 3070 κειραλὴ

2288 3080 2431 3099 ...σὶῆ

2221 3087 2318 3138 τοῦ
2348 3080 2678 3138 διδασκάλου
2706 3087 2769 3156 ⁷ο,
2796 3080 3059 3139 ἐϐλέπετο
3112 3083 3338 3147 ἐκείνοις
3383 3091 3503 3147 τοῖς
3562 3082 3839 3155 δυναμένοις

2221 3173 2398 3227 πίστει
2432 3169 2558 3247 δρᾷν
2588 3172 2676 3226 καὶ
2734 3172 2960 3248 γλώσσῃ
3024 3174 3202 3249 Κυρίῳ
3262 3175 3561 3249 ὁμολογεῖν
3609 3173 3676 3233 ὡς
3725 3175 3841 3239 ζῶσα

461 3264 802 3336 profitentes
852 3281 966 3319 uno
1039 3263 1270 3319 circiter
1318 3282 1349 3319 a
1393 3264 1637 3319 civivate
1698 3263 1992 3333 milliario,
2055 3263 2114 3318 in

2233 3263 2319 3317 καὶ
2376 3258 2766 3337 προϐαίνουσα.
2818 3265 2882 3316 Ὢ
2940 3261 3162 3333 ἀληθῶς
3215 3265 3455 3339 μακαρία
3509 3262 3729 3333 πληθὺς,
3769 3259 3840 3313 καὶ

462 3370 639 3425 parvo
662 3351 805 3408 colle
837 3352 1113 3425 martyrio
1144 3353 1307 3424 digni
1359 3352 1581 3423 fuistis,
1633 3353 1817 3408 sancti
1865 3353 2051 3408 effecti
2085 3370 2119 3408 a

461 3450 665 3499 sancta
698 3442 1008 3498 Trinitate.

2227 3357 2307 3423 τῷ
2366 3351 2552 3426 Κυρίῳ
2599 3354 2759 3424 ἡμῶν
2820 3352 2870 3406 ἐν
2930 3356 2998 3425 τῇ
3030 3352 3217 3427 χάριτι
3269 3352 3683 3426 ἀναμεμνημένη
3711 3349 3840 3422 (81)!

2228 3442 2292 3494 ‘u
2326 3440 2453 3515 ἀγία
2486 3442 2571 3495 καὶ
2640 3440 2889 3509 ἐπαινετή
2945 3438 3274 3517 ἀδελφότης,
3309 3441 3361 3495 ἐν
3430 3443 3507 3503 οἷς
3563 3438 3676 3495 οὔτε
3719 3441 3842 3512 πρῶ-

466 3554 559 3595 τος
608 3530 856 3606 δεύτερος
909 3528 1127 3585 δύναται
1186 3528 1455 3604 γενέσθαι,
1490 3527 1613 3584 οὔτε
1670 3532 1873 3606 τρίτος,
1910 3528 2054 3584 ἀλλά
2106 3536 2206 3599 τῆς
2269 3531 2425 3605 ἁγίας
2482 3527 2716 3605 Τριάὂος
2757 3531 2855 3597 τήν
2890 3527 3043 3602 δόξαν
3092 3527 3608 3604 ἐξομολογούμενοι,
3641 3529 3707 3588 ὡς
3759 3524 3840 3579 ἀπὸ

468 3620 699 3693 σημείου
758 3621 872 3682 ἑνὸς
928 3627 1028 3689 τῆς
1087 3618 1301 3681 πόλεως
1361 3621 1473 3694 (82)
1530 3619 1603 3681 εἷς
1665 3620 1856 3696 μικρὸν
1916 3619 2104 3694 βουνὸν
2141 3617 2277 3690 ἄξιοι
2328 3620 2583 3695 γεγόνατε
2637 3618 2936 3693 μαρτυρίου
2970 3617 3058 3674 διὰ
3098 3627 3196 3689 τῆς
3242 3621 3397 3695 ἁγίας
3443 3616 3665 3694 Τριάδος
3716 3618 3839 3687 ἁγια-

472 3711 702 3773 σθέντες.

536 3801 819 3856 Jacebant
847 3816 984 3872 ergo
1016 3800 1071 3854 in
1105 3800 1270 3855 collis
1303 3798 1606 3853 cacumine
1636 3804 1846 3853 trunca
1876 3815 2121 3869 corpora

467 3889 591 3944 sine
626 3889 863 3955 honore,
888 3889 1179 3960 completa
1202 3905 1303 3943 seu
1330 3888 1552 3957 integra
1578 3886 1793 3941 Christi
1820 3887 2118 3957 martyrio,

466 3979 965 4050 quemadmodum
1001 3979 1071 4033 de
1105 3978 1277 4032 rebus
1310 3975 1524 4029 futuris
1553 3974 1948 4045 praedixerunt
1988 3992 2117 4046 pro-

466 4068 692 4140 phetae:
744 4070 891 4125 401
942 4070 1187 4122 Pretiosa
1236 4067 1292 4119 in
1345 4070 1632 4134 conspectu
1704 4064 1926 4117 Domini
1974 4081 2119 4119 mors

2300 3803 2547 3851 ’Έκειντο
2608 3795 2696 3850 οὖν
2755 3796 2831 3858 εἰς
2878 3797 2976 3864 τήν
3036 3798 3277 3874 κορυφὴν
3342 3802 3440 3851 τοῦ
3493 3799 3679 3873 βουνοῦ
3730 3793 3837 3847 ἀπο-

2227 3888 2504 3959 τμηθέντα
2552 3886 2779 3958 σώματα
2834 3885 3096 3959 ἀτίμητα,
3136 3885 3545 3961 πεπληρωμένα
3598 3890 3671 3957 τῷ
3727 3902 3838 3957 μαρ-

2226 3976 2397 4049 τυρίῳ
2426 3980 2522 4029 τοῦ
2554 3977 2786 4049 Χριστοῦ
2810 3978 2946 4047 (83),
2976 3975 3156 4037 καθὼς
3210 3975 3592 4051 προελάλησαν
3638 3974 3684 4029 οἱ
3728 3992 3836 4045 προσ

2228 4070 2392 4140 φῆται
2450 4062 2572 4139 περὶ
2632 4068 2736 4116 τῶν
2804 4062 3146 4135 μελλόντων,
3204 4064 3285 4118 δτι
3360 4064 3562 4137 Τίμιος
3634 4060 3833 4117 ἐναντίον

2896 4157 3002 4205 τῶν
3089 4153 3249 4207 ὁσίων
3334 4154 3517 4210 αὑτοῦ.
3576 4155 3686 4208 Ἔτι
3762 4145 3833 4202 οὖν

461 4167 777 4214 sanctorum
806 4159 944 4227 ejus.
970 4158 1110 4212 Cum
1139 4155 1320 4226 igitur
1349 4153 1615 4221 (0)etiam
1648 4152 1942 4207 declarata
1963 4158 2120 4208 esset

2233 4152 2431 4225 Κυρίου
2505 4153 2531 4205 ὁ
2592 4152 2810 4214 οανατος

466 4252 792 4318 martyrum
826 4251 1001 4315 atque
1020 4241 1280 4314 episcopi
1312 4242 1569 4313 dignitas
1597 4248 1653 4297 et
1674 4241 1860 4313 gloria
1879 4247 2119 4313 propter

464 4335 785 4391 salutarem
818 4320 1086 4404 magistri
1122 4332 1321 4396 fidem,
1352 4347 1479 4400 quae
1510 4330 1909 4385 refloruisset:
1944 4330 2119 4401 coepit

2227 4241 2628 4316 φανερωοείσης
2656 4245 2762 4294 τῶν
2818 4241 3105 4315 μαρτύρων
3165 4242 3253 4295 καὶ
3313 4243 3503 4316 ἱερέως
3558 4245 3597 4278 τί
3633 4243 3835 4313 (84)τῆς

2225 4328 2373 4398 ἀξίας
2406 4332 2495 4383 καὶ
2523 4333 2621 4399 τῆς
2655 4327 3003 4399 ένδοξότητος
3048 4328 3139 4385 διὰ
3167 4333 3265 4399 τὴν
3318 4329 3714 4406 σωτηριοιρόρον
3755 4328 3834 4379 τοῦ

464 4425 696 4481 fructus
726 4424 889 4490 oriri,
926 4426 1097 4492 atque
1132 4437 1235 4491 per
1260 4419 1425 4473 illum
1460 4420 1733 4489 majorem
1770 4420 1949 4475 fuisse
1991 4419 2118 4491 glo-

466 4514 612 4567 riam
647 4529 848 4567 eorum
885 4510 985 4582 qui
1020 4526 1121 4581 per
1151 4507 1413 4579 martyrii
1446 4508 1537 4562 sui
1582 4508 1888 4563 victoriam
1939 4507 2116 4563 simul

465 4606 647 4657 erant.
685 4599 844 4655 Beati
866 4604 1060 4653 autem
1090 4596 1347 4668 Dionysii
1366 4601 1422 4651 et
1446 4597 1737 4668 pontificis
1761 4598 2115 4653 honorantes

468 4690 838 4762 martyrium,
870 4691 1139 4742 sanctum
1170 4686 1299 4757 ejus
1329 4684 1455 4741 sine
1478 4685 1675 4741 animo
1708 4704 1919 4757 corpus
1959 4685 2115 4741 exci-

464 4784 652 4834 tatum
672 4794 801 4834 esse
824 4776 1139 4831 credimus.
1167 4775 1394 4830 Etenim
1420 4776 1589 4830 beata
1614 4792 1791 4830 manu
1814 4792 1922 4829 sua
1942 4778 2117 4846 caput

2226 4415 2557 4474 διδασκάλου
2616 4419 2984 4488 ἐπανθτςσασαν
3058 4419 3260 4476 πίστιν.
3331 4418 3532 4490 ἤρξατο
3580 4420 3608 4473 ὁ
3661 4414 3834 4488 καρπὸς

2226 4508 2523 4578 ἀνατεῖλαι,
2555 4506 2643 4561 καὶ
2698 4507 2886 4579 ἐκείνῳ
2940 4506 3106 4563 πλέον
3168 4505 3321 4581 δόξαν
3376 4510 3608 4585 γενέσθαι
3656 4503 3733 4559 διὰ
3756 4504 3833 4555 τοῦ

2227 4596 2522 4673 μαρτυρίου
2555 4598 2744 4651 ἑαυτοῦ
2796 4599 2894 4666 τήν
2944 4598 3101 4667 νίκην
3160 4602 3267 4653 τῶν
3302 4598 3564 4652 συνόντων
3599 4598 3719 4669 (85).
3744 4592 3833 4648 Τοῦ

2227 4686 2491 4762 μακαρίου
2550 4683 2605 4740 δὲ
2663 4686 2943 4740 Διονυσίου
3000 4688 3089 4740 καὶ
3143 4687 3448 4763 ἀρχιερέως
3502 4690 3744 4758 τιμῶντες
3782 4678 3831 4731 τὸ

2228 4774 2544 4850 μαρτύριον,
2598 4775 2659 4829 τὸ
2720 4776 2871 4849 ἅγιον
2924 4776 3089 4830 αὐτοῦ
3148 4772 3270 4831 ἄνευ
3327 4779 3509 4852 ψυχῆς
3566 4780 3712 4845 σῶμα
3760 4790 3830 4823 πί·

465 4886 533 4924 ex
563 4883 802 4938 corpore
832 4883 866 4921 a
895 4865 1138 4921 nefariis
1179 4864 1520 4919 hominibus
1568 4864 1761 4935 gladio
1805 4864 2111 4935 praecisum

2233 4862 2477 4934 στεύομεν
2539 4860 2822 4939 ἐγηγέρθαι
2857 4881 2870 4895 ’
2904 4863 2992 4918 καὶ
3024 4865 3124 4939 γὰρ
3156 4868 3223 4938 τῇ
3278 4865 3513 4941 μακαρίᾳ
3559 4862 3693 4938 χειρὶ
3734 4860 3830 4912 ἑαυ-

467 4957 743 5027 sumpsit,
766 4962 823 5010 et
841 4970 1194 5024 suspensum
1218 4953 1457 5008 brachio
1482 4952 1787 5025 amplexus
1810 4958 1918 5020 est,
1940 4958 2114 5024 atque

467 5063 500 5099 a
530 5045 696 5100 collis
726 5046 941 5099 vertice
967 5043 1081 5096 duo
1116 5041 1394 5096 milliaria
1427 5040 1598 5112 plena
1621 5040 1754 5096 forti
1786 5041 1980 5097 animo
2013 5059 2114 5113 pe-

466 5133 639 5188 dibus
673 5133 1010 5205 ingrediens
1043 5130 1548 5201 portavit.Novum
1570 5130 1825 5202 profecto
1847 5149 1911 5186 ac
1927 5136 2116 5203 poste-

465 5222 547 5276 ris
562 5221 1071 5292 deprasdicandum
1090 5237 1153 5273 ac
1170 5220 1322 5274 fama
1335 5219 1743 5275 celebrandum
1764 5220 2111 5274 miraculum

466 5420 540 5491 (0)
572 5418 723 5473 Psal.
758 5434 882 5485 cxv,
907 5418 996 5469 25.

2223 4955 2319 5006 τοῦ
2350 4952 2446 5019 τὴν
2479 4950 2719 5029 κεςραλὴν
2752 4951 2856 5006 ἀπὸ
2888 4957 2983 5006 τοῦ
3025 4952 3277 5025 σώματος
3329 4954 3431 5008 ὑπὸ
3486 4957 3587 5007 τῶν
3642 4949 3828 5020 ἀνόμων

2221 5044 2300 5111 τῷ
2350 5040 2484 5117 ξίφει
2539 5042 2945 5113 ἀποτμηθεῖσαν
3006 5037 3187 5111 ἔλαϐε,
3247 5043 3333 5097 καὶ
3387 5040 3715 5115 κρεμαμένην
3765 5033 3830 5103 τῷ

2228 5128 2481 5203 βραχίονι
2521 5127 2934 5203 ἐνηγκαλίσατο,
2968 5129 3055 5185 καὶ
3089 5131 3192 5185 ἀπὸ
3224 5135 3323 5197 τῆς
3380 5136 3475 5186 τοῦ
3526 5130 3703 5205 βουνοῦ
3752 5142 3829 5177 κο-

2226 5224 2400 5293 Ρυφῆς
2428 5215 2521 5271 δύο
2559 5218 2717 5292 μίλια
2746 5218 2969 5293 πλήρης
3003 5223 3046 5256 ⁷³
3076 5218 3125 5274 ἐν
3179 5219 3335 5295 ἰσχύϊ
3374 5225 3489 5281 τοῖς
3536 5216 3681 5273 ποσὶν
3724 5206 3828 5265 ἐϐά-

1464 5546 1706 5600 ΥΛΙὶΙίΕ
1757 5546 2149 5602 LECTIONES
2202 5548 2291 5602 ET
2324 5545 2873 5602 CORREC'I‘IONES.

539 5689 582 5721 σε
617 5682 1043 5755 ἐμπιπλάμενοι.
1121 5688 1187 5721 ὅδ’
1219 5693 1331 5746 τοῖς
1364 5684 1626 5759 ἐρωτῶσι.

1704 5690 1952 5763 οθψυχῆ.

2031 5693 2074 5726 το
2104 5688 2424 5765 ἀρχιερέως.

2503 5692 2545 5727 τι
2580 5686 2901 5763 ἀρχιερέως.
2979 5690 3023 5723 ⁷³
3053 5683 3262 5760 πλήρη.
