4020 6358
200 437 281 491 681
1220 436 1680 501 MARTYRIUM,
1724 438 2061 492 AUCTORE
2100 435 2496 493 METEODIO.

3459 443 3567 498 682

193 579 344 624 στασε,
372 557 479 609 νέον
509 554 597 608 καὶ
651 554 882 629 ἀρχαῖον
942 553 1031 608 καὶ
1075 559 1193 617 τοῖς
1246 557 1533 627 μετέπειτα
1580 554 1799 627 ἐξάκου-

1914 574 2126 629 corpus
2157 574 2287 614 esse
2317 559 2445 615 sine
2474 560 2671 617 animo
2702 569 2754 617 et
2803 564 2994 636 capite
3023 566 3178 638 quod
3208 566 3321 622 vivi
3378 567 3570 623 instar

195 670 296 705 στον
337 648 502 718 θαῦμα
558 645 669 717 (86)
698 644 822 698 ἄνευ
878 646 1063 719 ψυχῆς
1121 642 1211 698 καί
1242 643 1484 723 κεφαλῆς
1519 652 1701 719 σῶμα,
1734 649 1806 709 ὡς

193 742 280 806 ζῶν
323 734 523 809 τρέχειν
573 731 708 787 κατὰ
766 733 827 787 τὸ
878 728 1018 801 ἔθος,
1051 734 1138 787 καὶ
1195 730 1474 810 ἄνθρωπον
1508 736 1807 805 τεθνηκότα

191 827 408 899 ἰσχυροῖς
438 816 744 896 προϐαίνειν
778 819 982 897 ἷίχνεσι.
1025 825 1148 879 Τῶν
1185 824 1467 898 μακαρίων
1498 824 1592 877 οὗν
1639 822 1802 878 πάλιν

184 911 466 971 Ῥουστίκου
521 909 611 1001 καὶ
656 909 1015 1001 ,Ἐλευθερίου
1058 906 1410 1001 ,φοϐηθέντες
1464 913 1515 967 οἱ
1568 908 1803 1001 ἀσεϐεῖς,

185 1006 246 1077 μή
291 1023 399 1063 πως
442 999 784 1061 συνελθόντες
828 998 954 1055 λαοί
1003 1000 1177 1055 πίστει
1229 999 1685 1076 δεδοκιμασμένοι
1717 998 1801 1056 εὐέ

180 1091 303 1168 χητὰ
333 1091 549 1163 σώματα
579 1088 756 1143 αὐτῶν
794 1090 1011 1151 ἑαυτοῖς
1044 1089 1120 1153 εἷς
1158 1089 1445 1164 ἀντίληψιν
1494 1090 1546 1145 ἐν
1600 1097 1799 1166 σωροῖς

179 1182 567 1251 καταϐήσονται,
611 1178 912 1253 γενομένης
964 1177 1173 1255 βουλῆς
1223 1178 1297 1242 εἷς
1355 1182 1576 1235 ἀκάτιον
1628 1180 1679 1236 ἐν
1730 1185 1801 1255 τῇ

176 1265 366 1343 ἀϐύσσῳ
418 1265 657 1322 συνεῖδον
712 1272 809 1322 τοῦ
867 1265 1060 1330 ὕδατος
1115 1269 1407 1327 ἀπολῦσαι.
1442 1269 1618 1326 Ἀλλὰ
1670 1272 1797 1333 Θεὸς

174 1360 197 1413 6
247 1354 668 1430 παντοδύναμος,
698 1356 918 1431 ἀγαθὸς,
954 1354 1163 1419 δίκαιος
1195 1358 1285 1412 καὶ
1341 1356 1617 1431 ἐλεήμων,
1653 1360 1681 1413 6
1735 1360 1798 1414 τὸ

172 1442 305 1512 ἕλεος
356 1446 515 1502 αὐτοῦ
576 1447 680 1500 ἀπὸ
732 1450 829 1501 τοῦ
886 1446 1230 1520 ἀνθρωπίνου
1288 1448 1479 1523 γένους
1536 1446 1799 1505 οὐδέποτε

168 1534 404 1609 παριδὼν,
436 1536 463 1590 ὁ
505 1536 603 1590 τοῦ
653 1536 855 1611 Φαραὼ
902 1538 1001 1606 τήν
1059 1534 1264 1611 βουλὴν
1308 1540 1377 1611 τῇ
1421 1538 1651 1611 Ἐρυθρᾷ
1702 1540 1795 1593 θα-

166 1624 317 1700 λάσσῃ
342 1619 727 1693 καταϐυθίσας,
760 1626 853 1681 καὶ
881 1629 979 1679 τοῦ
1012 1624 1310 1704 Ἀχιτόφελ
1361 1625 1577 1702 ἀγχόνῃ
1635 1648 1792 1702 σχοι-

165 1715 262 1770 νίου
281 1716 365 1769 τὸν
395 1712 681 1790 τράχηλον
724 1710 1031 1787 ἀποκόψας,
1064 1714 1223 1777 αὐτὸς
1271 1715 1361 1769 καὶ
1417 1716 1516 1783 τὴν
1566 1715 1793 1771 ἀσύστα-

166 1825 242 1858 τον
270 1803 470 1858 τούτων
507 1803 717 1878 βουλήν
738 1808 817 1875 τῷ
851 1801 987 1858 ἐλέει
1032 1802 1197 1858 αὐτοῦ
1244 1799 1561 1875 κατέϐαλεν,
1589 1803 1681 1859 τίνα
1728 1806 1796 1859 τὰ

163 1889 365 1967 λαμπρὰ
397 1889 491 1945 δύο
519 1893 889 1968 φωτιστήρια,
921 1892 996 1964 μή
1028 1896 1107 1964 τῶ
1171 1893 1320 1967 βυθῷ
1378 1897 1484 1947 τῶν
1534 1892 1791 1966 κυμάτων

164 1980 648 2059 κατακαλυφθῶσιν,
677 1979 824 2036 ἀλλὰ
850 1985 946 2035 τοῦ
1001 1985 1240 2054 Χριστοῦ
1271 1984 1305 2051 ἡ
1340 1982 1641 2052 Ἐκκλησία
1698 1980 1789 2037 δυ-

160 2069 329 2132 νατοὺς
384 2068 485 2145 ἔχῃ
537 2070 620 2124 ἀεὶ
669 2069 1028 2142 πολεμιστάς.
1077 2071 1162 2124 Ἐν
1206 2071 1424 2133 τούτοις
1466 2074 1598 2147 γυνή
1651 2068 1791 2128 ἔντι-

166 2180 251 2231 μος
296 2157 541 2213 Κατοῦλα
598 2159 846 2232 ὀνόματι,
893 2158 1014 2228 ἥτις
1075 2159 1306 2224 ἐθνικοῖς
1366 2156 1558 2238 φόϐοις
1613 2160 1793 2235 ἀκμὴν

162 2249 477 2322 κρατουμένη
532 2250 778 2324 ὑπῆρχεν
816 2251 953 2323 (87),
988 2248 1350 2326 ἐπιστρέψασα
1400 2252 1523 2305 τότε
1566 2251 1641 2314 εἷς
1688 2254 1790 2322 τήν

157 2338 313 2393 πίστιν
342 2344 436 2394 τοῦ
467 2341 705 2415 Χριστοῦ
737 2336 826 2393 διὰ
856 2344 961 2393 τῶν
996 2340 1282 2413 θαυμάτων
1331 2344 1438 2394 τῶν
1500 2341 1789 2417 μαρτύρων

162 2428 333 2496 ἑαυτὴν
392 2430 469 2492 εἱς
519 2428 814 2501 ἐπιθυμίαν
872 2426 1097 2498 ἐξέδωκε
1152 2431 1289 2502 (88),
1323 2430 1413 2484 καὶ
1467 2433 1536 2503 τῇ
1594 2432 1788 2505 γνώμῃ

159 2512 303 2587 ἔδειξε
345 2518 432 2572 καὶ
488 2523 613 2580 τοῖς
671 2514 853 2593 ἔργοις
910 2522 1007 2573 τοῦ
1065 2517 1234 2572 πόθου
1263 2520 1365 2588 τήν
1398 2516 1625 2591 δύναμιν
1657 2541 1668 2553 ·
1701 2519 1791 2574 καὶ

161 2603 280 2660 ἐλέει
328 2611 458 2661 Θεοῦ
518 2611 902 2682 κατανυγεῖσα,
957 2604 1295 2677 ἐπελθούσης
1376 2607 1512 2681 αὐτῇ
1591 2606 1789 2663 ἄνωθεν

159 2690 433 2769 δυνάμεως,
467 2690 809 2767 συμϐούλιον
872 2690 1055 2765 ἔλαϐε,
1088 2696 1177 2750 καὶ
1236 2693 1303 2765 δὴ
1367 2697 1441 2758 εἷς
1490 2697 1792 2771 συμπόσιον

156 2781 392 2839 ἱκέτευσεν
429 2784 609 2840 ἐλθεῖν
640 2784 766 2846 τοὺς
797 2783 1047 2847 διώκτας.
1083 2784 1179 2839 Καὶ
1240 2782 1330 2839 ὅτε
1377 2785 1562 2848 αὐτοῖς
1601 2785 1794 2842 πολλᾶ

156 2868 287 2947 δῶρα
312 2877 704 2950 προσήνεγκεν,
739 2874 992 2936 ἐπιεικῶς
1024 2875 1123 2942 τήν
1156 2881 1313 2946 μῆνιν
1368 2882 1468 2945 τῆς
1516 2871 1796 2931 κακοϐου-

156 2958 263 3023 λίας
311 2964 486 3019 αὐτῶν
537 2963 793 3039 ἐξήνεγκε
842 2965 978 3019 κατὰ
1023 2968 1131 3018 τῶν
1164 2965 1450 3042 μαρτύρων
1487 2967 1602 3039 (89)
1634 2986 1647 2998 ·
1679 2971 1795 3027 τοῖς

157 3048 204 3105 δὲ
230 3058 433 3116 πιστοῖς
463 3054 532 3109 τὰ
565 3054 853 3131 ἀπόκρυφα
888 3060 991 3123 τῆς
1044 3050 1271 3126 καρδίας
1326 3054 1493 3124 αὐτῆς
1552 3057 1793 3132 φανερώ-

158 3160 294 3212 σασα,
326 3143 674 3219 προσέταξεν,
700 3141 793 3197 ’ίνα
851 3140 1131 3212 συλήσωσι
1172 3148 1425 3217 κρυπτῶς
1480 3148 1549 3199 τὰ
1604 3141 1797 3217 ἔντιμα

158 3230 363 3303 σώματα
412 3236 523 3286 τῶν
590 3230 877 3307 μαρτύρων
930 3230 1007 3293 εἷς
1059 3230 1113 3285 ’ἐν
1169 3237 1276 3287 τῶν
1313 3236 1492 3308 μερῶν
1543 3239 1645 3301 τῆς
1689 3234 1796 3287 πό-

1915 668 2018 723 pro
2047 666 2208 706 more
2241 655 2459 718 currat,
2494 651 2911 724 hominemque
2952 655 3078 725 jam
3125 660 3425 712 mortuum
3476 657 3567 711 in-

1914 742 2077 813 gredi
2110 744 2296 799 ﬁrmis
2326 740 2609 813 vestigiis.
2636 741 2805 812 Impii
2829 758 2963 814 ergo
2996 743 3262 801 homines
3288 745 3371 800 illi
3395 746 3563 802 veriti

1914 847 2140 900 rursus,
2184 849 2255 887 ne
2291 832 2439 886 forte
2478 830 2589 884 ﬁde
2621 831 2867 901 probata
2899 832 3152 903 populus
3183 835 3560 899 conveniens,

1912 920 2193 991 optabilia
2221 936 2466 993 corpora
2494 918 2717 975 Rustici
2750 923 2805 975 et
2834 920 3151 977 Eleutherii
3184 923 3441 994 praesidii
3467 928 3559 979 at-

1912 1024 2024 1079 que
2047 1009 2248 1065 auxilii
2280 1009 2370 1064 sui
2404 1008 2657 1063 causain
2691 1008 2976 1079 sepulcris
3006 1011 3373 1083 tumulisque
3419 1030 3557 1068 con-

1910 1097 2092 1164 deret,
2126 1099 2271 1153 eain
2296 1097 2625 1153 naviculam
2650 1098 2926 1168 imposita
2956 1100 3026 1155 de
3059 1100 3323 1156 omnium
3361 1101 3559 1157 consi-

1910 1185 1986 1241 lio
2009 1187 2066 1242 in
2099 1188 2454 1259 profundum
2488 1186 2750 1241 ﬂuminis
2782 1188 3031 1257 dejicere
3062 1194 3411 1245 statuerant.
3445 1190 3558 1246 Sed

1913 1274 2061 1330 Deus
2084 1291 2280 1330 rerum
2312 1274 2576 1330 omnium
2613 1279 2962 1347 praepotens,
2995 1276 3211 1344 bonus,
3234 1277 3460 1348 justus,
3504 1281 3560 1334 et

1906 1363 2324 1419 misericordiae
2372 1363 2606 1434 plenus,
2642 1365 2743 1434 qui
2798 1363 3267 1421 misericordiam
3296 1383 3467 1422 suam
3498 1366 3561 1421 in

1906 1452 2165 1508 humano
2195 1469 2403 1524 genere
2434 1469 2739 1523 nunquam
2772 1453 3051 1524 neglexit,
3086 1454 3186 1525 qui
3238 1455 3560 1512 Pharaonis

1905 1542 2221 1597 exercitum
2254 1542 2311 1597 in
2337 1559 2497 1597 mare
2516 1541 2780 1597 Rubrum
2803 1542 3104 1609 demersit,
3136 1547 3192 1598 et
3212 1543 3560 1617 Acbitopbel

1903 1632 2181 1688 cervicem
2214 1630 2422 1703 laqueo
2454 1631 2754 1703 praecidit:
2790 1632 2840 1687 is
2866 1631 3043 1686 etiam
3077 1632 3377 1688 infirmum
3409 1632 3556 1689 isto-

1904 1734 2032 1773 rum
2064 1717 2375 1774 consilium
2428 1717 2836 1773 misericordia
2877 1735 2987 1774 sua
3041 1719 3333 1791 dissolvit,
3384 1725 3448 1776 ut
3484 1736 3557 1777 ne

1902 1807 2060 1863 clara
2084 1807 2509 1878 splendidaque
2541 1808 2656 1862 duo
2684 1806 2915 1863 lumina
2947 1809 3235 1878 profundo
3268 1826 3556 1882 aquarum

1900 1897 2440 1968 submergerentur,
2491 1898 2591 1951 sed
2626 1896 2841 1951 Christi
2890 1897 3147 1953 Ecclesia
3193 1915 3289 1954 eos
3325 1915 3559 1970 semper

1905 1986 2076 2041 fortes
2108 1989 2574 2058 propugnatores
2604 1985 2866 2041 haberet.
2895 1985 3044 2041 Dum
3076 1987 3196 2042 haec
3224 1993 3555 2057 agerentur,

1902 2074 2113 2129 mulier
2143 2074 2355 2130 nobilis
2388 2079 2445 2130 et
2475 2074 2884 2145 clara,:Catula
2909 2074 3167 2145 nomine,
3192 2092 3319 2146 qua:
3352 2075 3558 2148 gentili

1903 2173 2055 2218 metu
2088 2163 2254 2219 valde
2312 2168 2580 2235 correpta
2618 2168 2763 2234 erat,
2822 2172 2943 2219 tum
2990 2165 3061 2219 ad
3120 2165 3299 2220 fidem
3336 2164 3561 2221 Christi

1903 2256 2137 2324 propter
2164 2256 2486 2324 martyrum
2520 2252 2823 2317 miracula,
2874 2253 3129 2308 converti
3182 2253 3559 2326 desideravit,

1902 2341 2133 2412 vimque
2166 2341 2439 2396 desiderii
2468 2346 2526 2396 et
2573 2341 2875 2397 voluntate
2901 2347 2956 2397 et
3000 2359 3060 2397 re
3093 2342 3433 2411 declaravit,
3494 2359 3561 2398 ac

1901 2430 2003 2487 Dei
2037 2431 2441 2487 misericordia
2490 2435 2863 2502 compuncta,
2924 2431 3347 2487 interveniente
3405 2431 3457 2487 ei
3507 2432 3562 2487 vi

1902 2520 2121 2586 divina,
2154 2520 2465 2576 consilium
2502 2520 2675 2591 cepit,
2702 2525 2763 2575 ut
2793 2521 2864 2575 ad
2899 2520 3233 2576 convivium
3285 2536 3560 2592 persecu-

1900 2613 2057 2664 tores
2086 2608 2331 2680 supplex
2362 2609 2655 2664 invitaret.
2687 2614 2945 2679 Cumque
2973 2610 3159 2664 multa
3188 2609 3274 2666 eis
3315 2625 3562 2666 munera

1903 2698 2234 2766 detulisset,
2276 2698 2597 2770 prudenter
2621 2698 2822 2753 odium
2854 2698 3061 2754 nefarii
3112 2698 3367 2766 consilii,
3400 2699 3557 2770 quod

1900 2787 1987 2843 illi
2017 2788 2297 2843 adversus
2330 2791 2615 2859 martyres
2642 2792 2941 2859 ceperant,
2971 2787 3261 2855 excussit;
3296 2787 3561 2860 exposito

1903 2881 2098 2931 autem
2131 2876 2348 2931 nostris
2380 2876 2673 2931 animisui
2699 2875 2965 2943 consilio,
3020 2876 3295 2948 praecepit
3320 2880 3385 2931 ut
3406 2877 3560 2932 clam

1904 2965 2158 3036 pretiosa
2184 2981 2428 3035 corpora
2456 2968 2776 3037 martyrum
2803 2966 3101 3019 auferrent
3129 2965 3188 3019 in
3214 2981 3391 3020 unam
3426 2981 3560 3037 par-

1903 3058 2017 3109 tem
2054 3052 2239 3120 urbis,
2265 3056 2329 3107 ut
2358 3052 2415 3107 in
2450 3069 2587 3108 saxo
2642 3053 2795 3125 quod
2861 3053 3042 3108 situm
3098 3057 3253 3109 esset
3286 3053 3343 3107 in
3378 3052 3562 3126 agello

1904 3143 1965 3197 in
1997 3142 2300 3214 sequentis
2330 3142 2468 3197 anni
2519 3147 2845 3197 sementem
2898 3145 3097 3213 parato
3146 3146 3302 3198 terra
3349 3143 3565 3199 obruta

1906 3248 2148 3301 corpora
2178 3230 2557 3287 occultarent.
2592 3230 2682 3286 Illi
2730 3230 3041 3302 diligenter
3070 3233 3356 3302 imperata
3411 3233 3564 3287 fece-

158 3315 301 3389 λεως,
335 3318 387 3375 ἐν
439 3323 511 3395 τῇ
559 3320 731 3394 πέτρᾳ
774 3322 843 3393 τῇ
892 3318 967 3381 εἰς
1020 3320 1211 3395 μικρὸν
1244 3321 1463 3394 κειμένῃ
1492 3318 1704 3387 πεδίον,
1732 3321 1796 3376 τὸ

1914 3326 2068 3377 runt.
2102 3320 2145 3375 Ο
2179 3320 2401 3376 furtum
2434 3319 2746 3391 laudabile,
2799 3323 2953 3390 quod
2985 3323 3272 3376 damnum
3323 3337 3441 3377 non
3465 3322 3564 3376 de-

158 3404 453 3479 ὲτοιμασθὲν
517 3408 598 3472 εἷς
655 3408 861 3483 σπορὰν
896 3408 982 3463 ἐπὶ
1038 3413 1134 3463 τοῦ
1194 3408 1495 3482 μέλλοντος
1551 3411 1802 3485 καταχώ-

1912 3410 2015 3480 dit,
2049 3411 2150 3465 sed
2184 3409 2379 3480 potius
2410 3408 2647 3481 profuit.

159 3514 347 3565 σαντες,
381 3497 775 3573 ἀποκρύψωσιν
808 3499 941 3568 (90)'
980 3495 1181 3560 ο⁹ίτινες
1209 3499 1275 3552 τὰ
1303 3498 1655 3563 κελευσθέντα
1701 3498 2111 3575 πληρώσαντες,
2145 3495 2452 3559 σπουδαίως
2500 3497 2563 3551 τὸ
2612 3496 2795 3558 αὺτοῖς
2837 3496 3178 3573 προσταχθὲν
3217 3495 3558 3552 ἐπετέλεσαν.

157 3583 207 3638 Ὠ
232 3585 540 3661 κλεψοσύνη
577 3586 853 3656 ἐπαινετὴ,
886 3587 1007 3656 ἥτις
1039 3588 1100 3643 ού
1130 3590 1449 3665 προσήγαγε
1482 3590 1705 3663 ζημίαν,
1741 3588 1886 3644 ἀλλά
1920 3586 2133 3662 μᾶλλον
2171 3586 2449 3665 ἐπωφελές
2478 3584 2692 3663 κέρδος.

219 3710 279 3765 ir
400 3714 445 3766 ὡ
538 3708 598 3767 se
720 3711 827 3767 εκ
969 3719 992 3728 υ
1189 3714 1199 3733 ν
1493 3715 1506 3734 π
1673 3714 1685 3733 ι

260 3732 357 3783 ιτα,
452 3735 476 3775 ς
606 3733 664 3776 ος
747 3733 853 3783 στι,
902 3734 1020 3774 τοις
1081 3733 1391 3787 σπειρουσιν
1447 3735 1546 3782 την
1607 3733 1793 3789 χωραν

154 3798 338 3872 αὐτῶν,
370 3802 603 3863 πώλους
633 3799 948 3876 ἐκδέχεσθαι
994 3806 1089 3856 τοῦ
1136 3801 1351 3877 ἐνέγκαι
1395 3803 1489 3857 τὸν
1545 3802 1752 3876 καρπόν
1781 3820 1794 3834 ’

157 3885 287 3942 οὕτω
344 3895 451 3945 τῶν
524 3890 808 3966 μακαρίων
881 3890 1167 3966 μαρτύρων
1212 3889 1352 3945 ἐστὶν
1410 3892 1571 3967 χώρα
1621 3890 1795 3961 ἐκείνη

156 3974 555 4053 πεπληρωμένη
636 3980 883 4055 προικὸς,
942 3979 1031 4035 καὶ
1102 3981 1331 4055 χάριτος
1405 3980 1798 4054 εὐθηνουμένη,

159 4065 291 4130 ὅπως
320 4067 853 4124 ἑκατονταπλασίονα
882 4070 1089 4145 καρπὸν
1124 4071 1176 4124 οἱ
1228 4069 1569 4132 πιστεύοντες
1627 4089 1801 4145 γεωρ-

161 4154 236 4229 γοὶ
279 4155 626 4229 ἀμήσωνται,
660 4157 988 4231 ,ἀξιούμενοι
1024 4157 1317 4229 σωτηρίας,
1353 4159 1441 4214 καὶ
1495 4158 1655 4233 μέγαν
1703 4170 1802 4228 θη-

162 4245 340 4317 σαυρὸν
387 4253 508 4309 τοῖς
579 4246 864 4319 μετέπειτα
918 4245 1315 4321 καταλείψωσιν
1366 4247 1688 4322 ἁγιωσύνης.
1738 4248 1803 4303 Ἠ

161 4332 523 4410 προρῥηθεῖσα
588 4333 645 4390 δὲ
702 4338 1083 4408 κοσμιωτάτη,
1137 4339 1212 4409 μή
1265 4336 1637 4409 ἐπιλαθομένη
1697 4340 1805 4391 τῶν

164 4424 437 4499 μαρτύρων
492 4424 590 4479 τὸν
639 4426 931 4499 ἁγιασμὸν,
964 4426 1038 4488 ὡς
1065 4423 1174 4496 ἤδη
1229 4430 1338 4480 τῶν
1396 4427 1671 4501 τυράννων
1730 4423 1805 4478 εἷ-

164 4504 274 4564 δυῖα
324 4513 747 4568 καταπαύσασαν
800 4515 898 4582 τὴν
960 4513 1300 4592 φλεγμονὴν,
1344 4513 1512 4568 τόπον
1571 4512 1806 4586 εὔθετον,

162 4598 441 4676 ὀφείλοντα
472 4603 768 4679 φυλάττειν
811 4608 919 4659 τῶν
970 4603 1132 4678 ἁγίων
1192 4604 1478 4679 μαρτύρων
1528 4604 1596 4657 τὰ
1657 4603 1808 4674 ὀστᾶ,

165 4686 295 4763 πάσῃ
330 4690 632 4765 ἐπιμελείᾳ
677 4694 1009 4763 κατεζήτησε
1042 4712 1055 4725 ⁵
1087 4692 1176 4748 καὶ
1209 4694 1441 4768 εὑροῦσα
1485 4692 1620 4766 μέγα
1644 4692 1810 4768 τροῦ⁸

1976 3713 2218 3784 Deinde,
2247 3717 2312 3768 ut
2342 3712 2534 3769 solent
2564 3712 2602 3767 ii
2633 3730 2803 3786 agros
2834 3711 3056 3781 colunt,
3085 3712 3279 3785 pullos
3310 3712 3559 3781 suosad-

1908 3803 2160 3869 mittere,
2193 3808 2259 3857 ut
2289 3804 2542 3858 fructum
2565 3804 2795 3859 ferant:
2830 3803 2913 3858 sic
2944 3818 3081 3873 ager
3115 3801 3212 3858 ille
3237 3801 3556 3874 [beatorum

1910 3896 2235 3962 martyrum
2285 3895 2342 3945 et
2372 3891 2505 3945 dote
2537 3891 2866 3961 completus
2915 3892 3070 3947 402
3120 3897 3228 3959 est,
3289 3896 3347 3945 et
3375 3890 3563 3961 gratia

1910 3980 2102 4034 afﬂuit
2132 3984 2196 4033 ut
2225 3978 2561 4051 centuplum
2596 3981 2855 4034 fructum
2888 3978 3153 4051 agricola:
3184 3980 3384 4034 ﬁdeles
3431 3993 3564 4048 per-

1910 4068 2150 4141 cipiant,
2184 4068 2432 4124 salutem
2467 4072 2524 4123 et
2554 4084 2834 4138 magnum
2857 4068 3202 4122 thesaurum
3232 4067 3567 4123 sanctitatis

1912 4159 2163 4231 posteris
2216 4157 2574 4229 relinquant.
2621 4157 2838 4229 iMulier
2893 4156 3333 4227 honestissima,
3391 4172 3568 4228 quam

1915 4249 2055 4315 dixi,
2079 4266 2193 4303 non
2225 4248 2540 4301 immemor
2570 4244 2906 4301 sanctitatis
2939 4250 3289 4317 martyrum,
3315 4250 3382 4301 ut
3428 4245 3573 4300 vidit

1915 4343 2297 4410 tyrannorum
2329 4336 2698 4391 iracundiam
2748 4336 3135 4403 deferbuisse,
3198 4335 3391 4390 locum
3442 4334 3574 4388 ido-

1919 4442 2096 4481 neum
2131 4426 2229 4496 qui
2276 4430 2612 4482 sanctorum
2663 4430 2987 4497 martyrum
3043 4424 3338 4480 custodire
3396 4422 3576 4477 debe-

1917 4516 2036 4578 bat,
2070 4514 2225 4569 omni
2259 4513 2565 4586 diligentia
2621 4513 2912 4583 quaesivit,
2963 4514 3320 4583 inventoque
3369 4526 3580 4581 magno

1920 4603 2157 4669 fornice,
2219 4603 2546 4658 aadicicium
2598 4604 2855 4671 notavit;
2912 4620 3090 4673 quam
3157 4602 3576 4674 praestantissi-

1922 4709 2079 4747 mam
2114 4692 2396 4747 feminam
2456 4696 2512 4745 et
2544 4692 3054 4746 matremfamilias
3104 4709 3218 4746 non
3256 4695 3462 4760 praeter
3491 4688 3581 4743 di-

166 4774 251 4831 λον
290 4783 426 4854 (91),
460 4781 773 4855 οἷκῡδομὴν
828 4780 1172 4857 ἐσφράγισεν,
1226 4784 1291 4852 ἣν
1356 4781 1802 4855 θαυμασιωτάτηι

1923 4781 2230 4855 gnitatem,
2264 4780 2407 4852 quin
2440 4779 2564 4835 sine
2596 4785 2759 4835 metu
2793 4780 3112 4847 credimus,
3162 4780 3387 4835 sanctis
3422 4793 3582 4833 mar-

165 4867 245 4918 καὶ
278 4869 751 4948 μητροφαμήλιον
801 4876 1031 4946 γυναῖκα
1063 4871 1123 4925 οὐ
1155 4872 1331 4947 χωρὶς
1363 4872 1511 4943 ἀξίας
1562 4868 1820 4925 πιστεύο-

168 4974 279 5024 μεν,
308 4956 434 5013 ἄνευ
498 4957 561 5013 δὶ
618 4954 813 5037 φόϐου,
866 4964 972 5014 τῶν
1033 4959 1198 5034 ἁγίων
1264 4960 1555 5034 μαρτύρων
1610 4957 1818 5013 τούτων

168 5042 501 5118 ὁμοιωθῆναι
536 5050 672 5122 (92),
710 5047 791 5103 ὅτι
853 5048 897 5103 εἰ
959 5051 1035 5122 μή
1093 5050 1183 5104 καὶ
1238 5049 1405 5119 αὐτὴν
1449 5050 1475 5103 ὁ
1532 5050 1827 5122 Λυτρωτὴς

166 5133 369 5191 πάντων
401 5138 481 5199 εἷς
514 5138 698 5193 πίστιν
729 5143 826 5193 τοῦ
858 5136 1000 5194 ῗδίου
1034 5139 1301 5211 ὀνόματος
1349 5137 1527 5203 ἐλθεῖν
1572 5136 1823 5210 ἠξίωσεν,

169 5220 420 5280 οὐδέποτε
459 5229 497 5295 ἡ
548 5224 747 5300 καρδία
795 5227 962 5297 αὐτῆς
1009 5223 1344 5301 συμϐουλίαν
1394 5228 1657 5296 τοιαύτην
1704 5227 1826 5297 ἐξήο

168 5328 365 5387 νεγκεν.
399 5313 563 5372 Ἀλλ’
593 5314 653 5369 ἐκ
680 5316 877 5371 τούτου
924 5317 1100 5392 χωρὶς
1143 5317 1319 5387 πάσης
1367 5314 1682 5390 ἀντιλογίας
1737 5336 1826 5369 πι-

169 5401 445 5474 στεύομεν,
474 5403 562 5459 ὅτι
611 5409 719 5459 τῶν
769 5406 1046 5481 μακαρίων
1105 5405 1391 5482 μαρτύρων
1423 5404 1489 5459 τὰ
1532 5404 1663 5459 ὀστᾶ
1718 5401 1827 5458 διεο

171 5486 365 5562 φύλαξε
409 5489 484 5546 δι’
531 5492 738 5568 ἀγαθῆς
776 5492 1005 5568 βουλῆς,
1040 5495 1114 5557 ὡς
1162 5494 1279 5567 ἀξία
1323 5493 1495 5549 αὐτῶν
1535 5493 1825 5568 γινομένη,

168 5578 251 5631 καὶ
303 5586 425 5643 ταῖς
476 5582 711 5647 ἱκεσίαις
764 5584 940 5638 αὐτῶν
972 5583 1024 5638 ἐν
1055 5588 1124 5657 τῇ
1178 5584 1354 5638 πίστει
1404 5583 1726 5659 προκόψασα
1775 5581 1826 5636 ἐν

170 5663 415 5742 ἀληθείᾳ.
449 5674 579 5725 Τῶν
636 5674 968 5748 Χριστιανῶν
1024 5670 1163 5742 δὲοὴ
1222 5670 1461 5743 πληθὺς,
1506 5673 1581 5735 ὡς
1636 5668 1825 5740 πολλὴ

172 5753 295 5811 οῦσα
325 5762 465 5834 (93),
502 5757 596 5815 διὰ
622 5768 721 5832 τῆς
744 5766 851 5817 τῶν
914 5762 1191 5838 μακαρίων
1249 5762 1536 5839 μαρτύρων
1571 5758 1827 5816 διδασκα-

505 5892 767 5952 ΡΑτιιοι..
815 5894 925 5953 Gs.
972 5892 1072 5954 IV.

1929 4869 2153 4941 tyribus
2177 4867 2337 4923 hisee
2369 4867 2624 4923 similem
2648 4866 2924 4933 evasisse,
2952 4873 3260 4939 propterea
3292 4866 3446 4937 quod
3469 4864 3585 4920 nisi

1932 4974 2059 5014 eam
2093 4958 2272 5013 etiam
2300 4957 2655 5028 Redemptor
2683 4956 2950 5011 omnium
3008 4956 3069 5010 in
3121 4957 3295 5011 ﬁdem
3328 4952 3585 5010 nominis

1935 5048 2025 5104 sui
2057 5046 2254 5101 venire
2284 5046 2589 5109 voluisset,
2618 5062 2923 5117 nunquam
2973 5048 3097 5115 ejus
3142 5044 3375 5099 animus
3423 5045 3587 5114 ejus-

1935 5137 2094 5193 modi
2123 5134 2437 5191 consilium
2489 5133 2836 5206 aperuisset.
2885 5133 3101 5190 Verum
3154 5149 3223 5189 ex
3276 5133 3384 5188 hoc
3442 5132 3589 5189 citra

1937 5225 2390 5280 controversiam
2423 5240 2551 5279 eam
2582 5223 2879 5279 credimus
2918 5223 3221 5279 beatorum
3265 5224 3586 5293 martyrum

1937 5330 2075 5369 ossa
2104 5330 2483 5368 conservasse
2511 5314 2783 5384 prudenti
2831 5313 3099 5381 consilio,
3133 5317 3199 5366 ut
3228 5328 3356 5382 quae
3387 5310 3472 5366 eis
3501 5309 3588 5365 di-

1936 5419 2052 5474 gna
2084 5403 2281 5468 fuerit,
2316 5408 2494 5473 atque
2551 5402 2787 5457 illorum
2850 5402 3123 5473 precibus
3180 5416 3313 5457 vere
3361 5399 3422 5454 in
3474 5399 3589 5454 ﬁde

1937 5508 2283 5563 progressus
2316 5490 3017 5547 fccerit.Christianorum
3046 5494 3240 5546 autem
3270 5487 3589 5544 multitudo

1938 5580 2445 5647 numerosissima,
2471 5581 2771 5636 beatorum
2806 5588 3130 5653 martyrum
3161 5577 3428 5635 doctrina
3458 5592 3589 5631 con-

1936 5687 2124 5734 versa,
2145 5670 2304 5725 omni
2320 5686 2496 5739 opera
2509 5670 2772 5724 etstudio
2789 5676 2853 5724 ut
2870 5673 3140 5742 poterant
3161 5685 3294 5724 cum
3319 5664 3590 5738 precibus

1938 5757 2597 5832 magnaquecupiditate
2610 5774 2793 5830 supra
2807 5760 2976 5815 beata
2990 5774 3227 5830 corpora
3247 5758 3586 5811 sanctorum

3191 5883 3271 5943 92
