4020 6358
472 504 580 561 683

1711 498 1769 549 S.
1808 493 2122 547 DIONYSII
2160 487 2643 543 AREOPAGITE
3766 491 3859 546 684

476 634 800 700 martyrum
834 624 1140 681 ecclesiam
1172 622 1496 689 aedificavit,
1528 627 1585 675 et
1612 620 1670 673 in
1706 622 1907 673 sancta
1933 615 2119 687 gloria

2240 610 2353 700 λίας
2406 609 2793 684 ἐπιστρέψασα,
2829 613 2986 668 παντὶ
3041 616 3237 689 μόχθῳ
3285 615 3376 668 καὶ
3428 612 3672 685 καμάτῳ,
3701 614 3861 675 καθὼς

472 722 685 777 sancta
716 714 1023 772 Trinitatis
1067 713 1242 785 digne
1273 727 1407 766 cum
1457 707 1822 765 aromatibus
1856 705 1970 760 tria
2016 720 2126 758 nu-

473 824 633 866 mero
666 809 871 863 sancta
901 819 1143 875 corpora
1175 800 1566 856 condiderunt
1588 814 1651 852 ac
1697 796 2121 867 deposuerunt,

472 899 590 955 Deo
614 912 810 953 rerum
834 893 1100 949 omnium
1131 894 1506 963 praepotente,
1533 884 2127 958 quiopitulaturquo-

480 986 620 1043 tidie
650 986 709 1040 in
741 983 911 1039 bonis
939 998 1004 1037 ac
1036 981 1245 1050 beatis,
1300 979 1398 1051 qui
1442 976 1761 1031 virtutibus
1821 973 2126 1045 signisque

476 1076 716 1133 clarent.
750 1074 884 1138 Quae
918 1073 1093 1143 igitur
1143 1069 1350 1136 oratio,
1400 1072 1502 1123 aut
1559 1082 1689 1137 quas
1738 1064 1962 1136 lingua,
2004 1066 2125 1116 tam

487 1179 834 1235 magnorum
864 1164 1120 1217 virorum
1157 1159 1306 1213 mira
1332 1162 1389 1212 et
1418 1156 1699 1211 inusitata
1730 1170 1905 1225 opera
1944 1151 2130 1223 possit

478 1269 783 1326 exponere,
817 1266 949 1306 cum
983 1266 1055 1304 ne
1086 1249 1197 1320 ipsi
1221 1247 1457 1319 quidem
1492 1247 1752 1300 humana
1774 1242 1999 1298 ratione
2022 1257 2129 1295 sua

478 1342 802 1413 intelligere
835 1338 1110 1412 possint?
1140 1335 1393 1407 ngrotis
1417 1336 1571 1389 enim
1598 1332 1869 1398 salutem,
1902 1330 2128 1385 claudis

476 1432 798 1495 incessum,
832 1428 998 1484 caecis
1029 1427 1251 1494 lumen,
1280 1424 1477 1481 surdis
1510 1423 1800 1488 auditum,
1861 1425 1918 1476 et
1950 1419 2131 1474 mutis

479 1535 810 1577 sermonem
841 1517 1073 1586 dantes,
1125 1514 1582 1585 immundosque
1631 1511 1879 1584 spiritus
1928 1508 2029 1581 qui
2070 1509 2129 1564 in

477 1607 822 1681 corporibus
852 1605 1113 1662 insident
1152 1604 1536 1676 exagitantes,
1587 1601 1824 1657 assidue
1874 1597 2132 1655 remedia

479 1698 753 1755 aﬂ‘erunt.

546 1963 664 2019 Nos
695 1977 931 2034 quoque
962 1963 1019 2016 et
1047 1958 1292 2015 salutari
1318 1960 1472 2023 voto,
1495 1960 1575 2021 et!
1594 1957 1766 2012 beata
1796 1954 2131 2011 obedientia

479 2054 711 2121 divites,
736 2051 845 2107 etsi
874 2050 1128 2106 maxime
1158 2048 1457 2120 indignos,
1486 2063 1691 2103 eorum
1713 2050 1910 2101 tamen
1944 2043 2130 2117 preci-

483 2142 595 2197 bus
626 2140 885 2216 adjutos,
935 2138 1186 2195 salutem
1219 2141 1593 2194 assecuturos
1633 2136 1980 2202 credamus;
2032 2136 2132 2189 aut

482 2230 661 2287 etiam
707 2229 919 2284 deserti
967 2233 1032 2284 ut
1064 2227 1311 2299 indigni,
1347 2226 1626 2282 faciamus
1676 2231 1740 2280 ut
1794 2225 1851 2279 in
1896 2223 2129 2279 illorum

488 2318 717 2375 meritis
740 2318 819 2373 sit
849 2318 1021 2374 nobis
1043 2317 1332 2373 auxilium
1378 2320 1436 2371 et
1476 2315 1816 2387 praesidium
1845 2313 2130 2370 constitu-

486 2413 635 2463 tum.
652 2411 851 2480 Neque
873 2407 1028 2462 enim
1054 2406 1316 2463 anostris
1344 2404 1608 2461 moribus
1626 2404 2079 2471 habuimus,aut
2100 2420 2134 2458 a

482 2502 685 2553 nostra
714 2497 1092 2569 praenotione,
1127 2497 1227 2551 sed
1259 2512 1326 2552 ex
1357 2495 1535 2550 veteri
1580 2495 1912 2550 narratione
1962 2492 2131 2548 nobis

482 2585 774 2658 perlatum
805 2590 926 2642 est:
960 2602 1206 2658 quaaque
1238 2602 1422 2657 pauca
1439 2603 1472 2639 a
1494 2589 1649 2640 certa
1673 2585 1957 2651 ﬁrmaque
1981 2581 2129 2637 anti-

480 2676 723 2747 quitate,
748 2679 805 2731 et
828 2692 862 2731 a
883 2674 1074 2747 longis
1097 2675 1461 2746 temporibus
1484 2672 1839 2743 audivimus,
1862 2689 1925 2727 ea
1948 2676 2013 2726 ut
2032 2686 2129 2741 po-

478 2765 703 2819 tuimus
737 2764 947 2819 litteris
982 2764 1359 2830 mandamus,
1391 2780 1507 2818 non
1541 2779 1643 2833 pro
1681 2761 1871 2816 lubitu
1904 2759 2132 2832 exposi-

476 2856 694 2909 tionem
717 2853 999 2925 aggressi,
1018 2853 1118 2907 scd
1137 2856 1199 2907 ut
1214 2867 1561 2923 magnorum
1578 2852 1882 2906 doctorum
1902 2866 1991 2905 res
2009 2865 2132 2922 ges-

480 2946 573 2998 tas
605 2942 871 3013 cognitas
904 2940 1239 3012 habuimus,
1273 2940 1437 2996 veriti
1470 2940 1677 3009 Deum,
1710 2939 2131 3009 charitatisque

484 3030 680 3087 εἰ.υόἱο
713 3030 960 3099 incensi,
994 3029 1174 3085 multa
1210 3034 1268 3085 et
1322 3030 1601 3102 praeclara
1634 3030 1937 3085 beatorum
1976 3029 2132 3083 viro-

491 3135 645 3189 rum,
680 3136 808 3192 quze
842 3118 990 3174 mira
1016 3122 1175 3189 sunt,
1209 3119 1361 3174 403
1394 3120 1652 3174 facinora
1682 3118 1873 3174 conati
1896 3134 2129 3185 sumus,

480 3208 698 3264 Christi
727 3208 920 3264 laudis
951 3225 1151 3279 causa,
1184 3208 1497 3280 gloriaeque
1548 3213 1869 3281 martyrum
1918 3212 1975 3263 et
2004 3223 2127 3262 me-

478 3298 672 3354 morias
699 3298 758 3354 in
780 3299 1055 3354 extremis
1078 3298 1260 3354 sacris
1282 3299 1502 3354 chartis
1533 3299 1774 3371 prodere
1801 3316 1814 3365 ;
1850 3314 1919 3353 ne
1948 3297 1998 3353 si
2030 3313 2128 3351 ne-

2230 699 2516 771 ἠδύναντο,
2554 704 2687 774 μετά
2734 703 2914 775 πάσης
2966 712 3281 781 προσευχῆς
3320 705 3410 760 καὶ
3466 703 3701 779 μεγάλης
3758 704 3861 758 ἐπι-

2234 788 2427 863 θυμίας
2487 789 2667 845 ἐπάνω
2724 797 2830 845 τῶν
2891 794 3168 869 μακαρίων
3231 796 3498 867 σωμάτων
3555 796 3661 847 τῶν
3714 792 3859 869 ἁγίων

2238 878 2524 954 μαρτύρων
2570 880 2865 953 ἐκκλησίαν
2923 883 3358 959 οἲκοδομήσασα,
3392 884 3481 938 καὶ
3540 882 3590 936 ἐν
3638 887 3703 956 τῇ
3757 882 3864 959 ἁγίᾳ

2235 965 2362 1041 δόξῃ
2416 973 2516 1034 τῆς
2559 970 2707 1047 ἁγίας
2741 971 2997 1048 Τριάδος,
3028 974 3210 1049 τρίτον
3270 974 3502 1049 ἀριθμὸν
3558 975 3669 1045 (94)
3720 971 3863 1044 ἀξίως

2240 1058 2372 1132 μετά
2401 1059 2704 1135 ἀρωμάτων
2737 1064 3017 1127 κατέθεντο
3062 1064 3129 1118 τὰ
3185 1061 3305 1134 ἀξια
3362 1063 3589 1135 σώματα
3642 1065 3751 1132 Θεῷ
3794 1067 3864 1135 τῷ

2234 1145 2631 1222 παντοδυνάμῳ
2682 1151 2974 1226 βοηθοῦντι
3030 1151 3081 1206 ἐν
3126 1151 3349 1227 ἀγαθοῖς
3380 1150 3728 1226 καθ’ἡμὲραν
3783 1148 3864 1205 δυ-

2236 1236 2425 1309 νάμεσι
2476 1238 2565 1292 καὶ
2624 1240 2873 1312 σημείοις
2934 1240 3325 1315 διαλάμπουσι.
3360 1246 3523 1301 ῐΙοῖος
3574 1241 3662 1293 οῦν
3721 1238 3862 1315 λόγος

2235 1326 2270 1395 ἢ
2305 1326 2436 1381 ποία
2490 1326 2711 1404 γλῶσσα
2765 1331 3034 1386 τοσούτων
3099 1330 3383 1407 μαρτύρων
3426 1328 3713 1402 ἐπαρκέσαι
3768 1326 3867 1399 διη-

2235 1418 2501 1491 γήσασθαι
2560 1417 2654 1480 τάς
2714 1417 2986 1492 δυνάμεις,
3023 1421 3221 1475 ὁπόταν
3282 1418 3405 1474 οὐδὲ
3454 1420 3611 1473 αὐτοὶ
3646 1416 3865 1472 δύνανται

2239 1506 2566 1583 ἀνθρωπίνῳ
2621 1506 2877 1583 λογισμῷ
2931 1518 3264 1579 κατανοῆσαι
3310 1510 3376 1563 τά
3430 1510 3671 1577 tun-uim;
3704 1514 3865 1571 Ἀσθε-

2237 1600 2391 1650 νοῦσι
2438 1596 2541 1672 γὰρ
2598 1598 2891 1675 σωτηρίαν,
2922 1597 3138 1675 χωλοῖς
3182 1600 3243 1654 τὸ
3292 1604 3634 1673 περιπατεῖν,
3662 1596 3865 1675 τυφλοῖς

2241 1688 2380 1762 φῶς,
2409 1691 2617 1761 κωφοῖς
2645 1688 2707 1741 τὸ
2738 1687 2974 1756 ἀκούειν,
3003 1688 3093 1743 καὶ
3124 1686 3359 1750 ἀλάλοις
3406 1684 3646 1748 διδόντες
3699 1684 3865 1760 λόγον.

2238 1776 2325 1829 καὶ
2361 1775 2633 1852 ἀκάθαρτα
2687 1776 2967 1850 πνεύματα
3022 1774 3421 1853 παρεδρεύοντα
3478 1782 3599 1834 τοῖς
3650 1776 3864 1848 σώμασιν

2239 1860 2612 1935 ἐκδιώκοντες,
2644 1864 2927 1928 ἀπαύστως
2959 1865 3261 1943 παρέχουσι
3290 1866 3384 1927 τάς
3419 1865 3612 1927 ἰάσεις.

2310 1953 2415 2009 Καὶ
2469 1955 2646 2029 ἀγαθῇ
2698 1956 2837 2032 εὐχῇ
2894 1958 2984 2011 xui
3029 1957 3269 2029 μακαρίᾳ
3304 1954 3515 2029 ὑπακοῇ
3549 1955 3866 2027 πιαινόμενοι

2237 2044 2424 2116 ἡμεῖς,
2458 2042 2502 2098 εἰ
2535 2045 2620 2099 xui
2653 2045 2719 2099 τά
2761 2044 2998 2118 μάλιστα
3053 2047 3105 2100 οἱ
3163 2046 3366 2118 ἀνάξιοι
3406 2050 3524 2104 ταῖς
3581 2043 3745 2098 αὐτῶν
3793 2064 3864 2097 πι-

2238 2131 2495 2205 στεύομεν
2557 2140 2889 2209 προσευχαῖς
2951 2134 3313 2210 βοηθούμενοι
3371 2134 3659 2203 σώζεσθαι,
3792 2132 3864 2186 καὶ

2236 2219 2575 2294 ἐξιστάμενοι
2607 2223 2681 2285 ὡς
2712 2222 2918 2294 ἀνάξιοι
2956 2225 3049 2285 τὰς
3098 2223 3271 2278 αὐτῶν
3323 2225 3457 2295 ἡμῖν
3514 2223 3665 2293 ἀξίας
3719 2242 3863 2294 παρα-

2239 2309 2428 2376 στῆσαι
2457 2312 2773 2387 πειρώμεθα
2800 2332 2812 2344 ·
2843 2312 2970 2389 οὐχὶ
3001 2313 3102 2387 γάρ
3158 2312 3217 2367 ὲκ
3271 2317 3379 2367 τῶν
3431 2312 3719 2385 ἡμετέρων
3764 2310 3865 2387 τρό-

2238 2420 2355 2454 πων
2388 2401 2459 2453 ῶν
2496 2403 2825 2474 κεκτήμεθα,
2859 2401 2894 2471 ἢ
2941 2401 3115 2473 οἰκείᾳ
3161 2402 3491 2478 προγνώσει,
3526 2399 3659 2454 ἀλλ’
3689 2400 3742 2454 ἐκ
3782 2420 3863 2454 πα-

2238 2488 2397 2551 λαιᾶς
2429 2487 2733 2566 διηγήσεως
2762 2493 2898 2564 ἡμῖν
2934 2489 3227 2566 ἐξηνέχθη,
3256 2492 3347 2545 καὶ
3405 2489 3437 2543 ’ἀ
3478 2489 3537 2544 ἐκ
3592 2492 3774 2564 μέρους
3822 2489 3867 2543 ἐκ

2238 2580 2437 2655 παγίου
2511 2579 2744 2656 ἀρχαίου
2812 2580 2969 2656 ὀλίγα
3017 2581 3156 2635 καθὰ
3210 2578 3592 2652 ἠδυνήθημεν⁹
3643 2579 3728 2634 καί
3780 2578 3865 2632 ἀπὸ

2244 2674 2461 2743 μακρῶν
2524 2670 2741 2746 χρόνων
2795 2670 3128 2744 ἀκηκόαμεν,
3189 2671 3239 2725 ἐν
3300 2674 3589 2749 συγγραφῇ
3650 2666 3863 2725 παρεδώ-

2238 2780 2430 2833 καμεν,
2463 2759 2562 2815 οὐκ
2615 2760 3090 2834 αὐτομολήσαντες
3149 2762 3274 2836 περὶ
3320 2762 3418 2829 τὴν
3468 2760 3719 2835 ἐξήγησιν
3750 2761 3860 2832 (95),

2240 2852 2313 2913 ῶς
2346 2850 2578 2928 εἶ’ρηται,
2611 2851 2740 2907 ἀλλ’
2770 2855 2845 2916 ὡς
2869 2858 2976 2908 τῶν
3013 2854 3266 2929 μεγάλων
3298 2852 3536 2929 ἔγνωμεν
3578 2851 3861 2928 διηγήματα

2241 2938 2608 3009 διδασκάλων,
2658 2938 2990 3021 φοϐούμενοι
3048 2944 3139 2998 τὸν
3191 2944 3339 3012 Θεὸν,
3375 2944 3465 2997 καὶ
3523 2948 3597 3017 τῇ
3657 2942 3858 3018 μερίμνῃ

2238 3032 2335 3099 τῆς
2394 3029 2606 3107 ἀγάπης
2666 3033 3048 3106 ἀναπτόμενοι,
3080 3031 3265 3088 πολλά
3318 3036 3425 3086 τῶν
3484 3032 3756 3107 μακαρίων
3788 3030 3859 3084 ἀν-

2240 3117 2379 3195 δρῶν
2450 3120 2684 3197 φωτεινὰ
2750 3122 2999 3194 θαύματα
3074 3122 3459 3197 ἠγωνισάμεθα
3517 3120 3600 3183 εἰς
3674 3115 3859 3175 ἔπαινον

2237 3213 2504 3285 Χριστοῦ,
2550 3210 2640 3265 xui
2701 3207 2854 3284 δόξαν
2912 3216 3019 3265 τῶν
3088 3210 3373 3287 μαρτύρων
3420 3211 3511 3265 καὶ
3569 3210 3860 3283 ἀνάμνησιν,

2239 3298 2290 3353 ἐν
2326 3298 2579 3373 ἐσχάτοις
2611 3300 2782 3376 ἱεροῖς
2829 3297 3159 3374 παραδοῦναι
3209 3300 3463 3375 χάρτεσιν
3497 3301 3635 3373 (96),
3663 3298 3748 3353 ’ἱνα
3799 3298 3859 3370 μὴ

472 3387 883 3461 glexissemus,
918 3405 985 3445 ae
1015 3389 1602 3460 contempsissemus,
1637 3389 1932 3460 veterique
1972 3387 2127 3442 hosti

2245 3363 2765 3462 énoxi'éqiuvrscxui
2799 3363 3189 3462 ἀμελήσαντες,
3350 3394 3429 3461 τῷ
3479 3363 3694 3465 ἀρχαίῳ
3746 3363 3859 3462 γρη-

473 3483 697 3549 nostro,
720 3478 821 3551 qui
857 3478 915 3534 in
950 3479 1268 3549 perniciem
1299 3483 1357 3534 et
1385 3478 1628 3534 exitium
1661 3482 1929 3534 nostrum
1978 3476 2127 3548 vigi-

2240 3481 2496 3552 γοροῦντι
2528 3480 2647 3542 καθ’
2669 3481 2829 3551 ἡμῶν
2861 3478 3046 3553 ἐχθρῷ
3074 3478 3164 3533 xui
3213 3482 3501 3556 φθονοῦντι
3555 3478 3859 3551 πειθόμενοι,

468 3566 573 3638 lat,
605 3571 663 3623 et
691 3567 935 3635 invidet,
957 3573 1248 3636 parentes,
1279 3567 1720 3624 reticuissemus
1754 3568 1877 3623 hzec
1906 3566 2125 3635 omnia,

2240 3569 2557 3641 σιγήσαντες
2592 3569 2802 3641 ὁμοίως
2834 3573 2948 3631 τοῖς
2984 3568 3257 3643 λέγουσιν,
3291 3566 3375 3622 ὅτι
3405 3566 3573 3644 φλογὶ
3630 3567 3856 3636 καυστικῇ

468 3657 673 3714 eodem
712 3658 885 3713 modo
918 3674 1032 3727 quo
1066 3657 1103 3710 ii
1136 3657 1375 3711 ﬂamma
1425 3662 1481 3712 et
1513 3658 1645 3729 igne
1676 3675 1741 3713 ea
1771 3674 1898 3728 quae
1931 3657 2003 3712 ab
2044 3656 2127 3712 eis

2240 3657 2678 3731 κατακεκαυμένα
2749 3657 2849 3711 εἰσί
2917 3658 2984 3712 τὰ
3044 3659 3444 3733 συγγράμματα
3518 3657 3691 3712 αὐτῶν
3747 3658 3855 3727 (97},

464 3744 683 3815 scripta
713 3748 900 3809 erant,
928 3744 1283 3813 deﬂagrasse
1307 3744 1528 3812 dicunt,
1555 3762 1756 3800 eorum
1784 3747 1969 3816 gratia
1986 3744 2128 3799 ami-

2240 3745 2607 3822 ἀποτύχωμεν
2651 3754 2751 3816 τῆς
2804 3748 3031 3822 χάριτος
3080 3747 3280 3801 αὐτῶν.
3315 3751 3428 3799 Τῶν
3492 3744 3549 3801 δὲ
3603 3746 3851 3818 ἡμετέρων

468 3831 719 3901 citiaque
746 3832 1062 3902 privemur.
1088 3833 1228 3885 Cum
1264 3839 1454 3886 autem
1483 3834 1864 3903 cogitationes
1891 3840 2123 3901 nostrae,

2240 3836 2455 3891 ἐννοιῶν
2488 3841 2845 3911 γρηγορυσῶν
2878 3840 2945 3909 τῇ
2977 3837 3150 3891 αὐτῶν
3186 3836 3370 3912 χάριτι
3430 3838 3516 3891 καὶ
3585 3834 3850 3911 χωρουσῶν

473 3926 530 3975 et
559 3920 794 3975 illorum
830 3921 1018 3992 gratia
1039 3920 1299 3991 vigilent,
1334 3925 1390 3975 et
1410 3936 1476 3975 ex
1507 3924 1709 3992 paucis
1742 3923 1975 3993 scriptis
2001 3941 2125 3995 pro-

2240 3924 2285 3997 ἐξ
2340 3925 2544 4000 ὀλίγων
2596 3930 2703 3980 τῶν
2760 3927 3247 4002 συγγεγραμμένων
3320 3923 3571 3981 δύνανται
3626 3925 3690 3979 τά
3740 3943 3847 3990 νοη-

473 4011 682 4077 deant;
716 4026 783 4064 ea
814 4026 937 4079 quae
971 4011 1221 4081 cogitata
1251 4014 1389 4063 sunt
1446 4016 1502 4064 et
1531 4010 1706 4077 dicta,
1752 4028 1966 4083 magna
1997 4031 2125 4068 esse

2240 4014 2390 4077 θέντα
2433 4016 2563 4070 εἶναι
2627 4014 2855 4091 μεγάλα.
2887 4017 3067 4071 Ταῦτα
3118 4012 3175 4068 δὲ
3214 4014 3391 4090 χωρὶς
3428 4010 3600 4092 φόϐου
3657 4009 3848 4068 πιστεύ-

469 4103 739 4170 possunt.
776 4101 901 4154 Haec
932 4099 1238 4169 veroipsos
1262 4099 1387 4152 sine
1412 4104 1590 4163 metu,
1620 4100 1953 4171 multosque
1976 4101 2120 4157 alios

2240 4125 2362 4176 »μεν
2417 4102 2663 4166 πολλοὺς
2721 4103 2919 4165 αὐτοὺς
2965 4104 3054 4159 καὶ
3086 4105 3298 4178 ἑτέρους
3330 4102 3418 4158 διά
3444 4105 3683 4175 Χριστόν
3740 4103 3849 4155 ὑπο·

465 4187 685 4243 Christi
714 4204 889 4243 causa
918 4192 974 4243 et
1006 4188 1240 4242 nomine
1288 4188 1611 4244 certamina
1642 4189 1955 4261 pertulisse
1998 4206 2119 4247 cre—

2240 4194 2595 4265 μεμενηκὲναι
2654 4194 2889 4270 ἀγῶνας,
2919 4195 3000 4248 δτι
3057 4194 3147 4248 καὶ
3190 4192 3296 4255 ’έως
3352 4199 3449 4249 τοῦ
3497 4198 3587 4247 νῦν
3644 4194 3849 4247 τοσαῦτα

465 4276 686 4343 dimus,
721 4292 855 4331 cum
887 4276 1062 4331 etiam
1097 4277 1167 4329 ad
1196 4276 1278 4330 bac
1312 4293 1498 4348 usque
1529 4282 1810 4350 tempora,
1848 4285 1932 4335 tot
1966 4287 2119 4337 tam-

2240 4280 2301 4337 δι’
2329 4282 2503 4337 αὐτῶν
2532 4286 2565 4353 ἡ
2600 4284 2716 4348 θεία
2760 4282 2986 4357 δύναμις
3026 4284 3271 4355 καταξιοῖ
3316 4286 3687 4357 φανερωθῆναι
3742 4282 3847 4333 θαυ-

469 4382 584 4437 que
616 4366 768 4421 mira
797 4382 973 4435 Opera
1002 4368 1058 4420 et
1091 4364 1374 4421 miracula
1405 4384 1508 4438 per
1536 4384 1633 4423 cos
1674 4370 1759 4424 vis
1790 4371 1985 4426 divina
2018 4390 2117 4443 pa-

2240 4371 2416 4444 μάσια,
2447 4370 2583 4427 ὥστε
2642 4372 2937 4443 ἐξίστασθαι
2991 4374 3194 4437 πάντας
3248 4377 3374 4435 τοὺς
3431 4372 3729 4437 οἶκοῦντας,
3773 4366 3847 4423 καὶ

466 4453 582 4509 lam
616 4454 707 4509 edi
738 4453 893 4521 velit,
928 4457 993 4508 ut
1040 4469 1244 4508 omnes
1295 4454 1495 4511 incola:
1536 4462 1592 4511 et
1624 4459 1856 4513 advenas
1913 4461 2118 4516 obstu-

2240 4461 2763 4537 παρατυγχάνοντας.
2813 4466 3052 4527 Ἐπαθον
3100 4463 3190 4517 οὗν
3251 4463 3301 4517 oi
3355 4464 3611 4537 μακάριοι
3668 4461 3846 4533 μάρτυ-

466 4546 726 4613 pescant.
764 4543 910 4613 Ergo
943 4543 1204 4613 perpessi
1251 4548 1391 4599 sunt
1423 4551 1665 4602 mortem
1698 4549 1908 4605 Christi
1956 4567 2116 4605 mar-

2240 4574 2315 4616 )ες
2371 4558 2466 4608 τοῦ
2526 4556 2781 4630 Χριστοῦ,
2837 4554 3138 4625 Διονύσιος,
3186 4554 3497 4616 Ῥούστικος
3548 4552 3633 4607 καὶ
3682 4550 3847 4607 Ἐλευ-

466 4636 625 4703 tyres
656 4630 989 4702 Dionysius,
1024 4631 1299 4687 Rusticus
1338 4638 1394 4689 et
1423 4634 1813 4708 Eleutherius,
1865 4641 2114 4712 septimo

2240 4642 2425 4718 )έριος,
2460 4637 2669 4717 ἑϐδόμῃ
2728 4640 3011 4698 καλανδῶν
3062 4638 3387 4718 ὀκτωϐρίου.
3422 4642 3511 4698 ἐπὶ
3544 4640 3843 4715 Δομετιανοῦ

466 4720 755 4776 Kalendas
786 4719 1074 4787 Octobris,
1111 4721 1438 4779 Domitiano
1462 4725 1885 4796 imperatorein
1910 4730 2117 4802 Gallia,

2240 4732 2525 4807 βασιλέως,
2558 4732 2610 4787 ὲν
2660 4737 2777 4795 τοῖς
2831 4731 3012 4806 μέρεσι
3061 4740 3159 4803 τῆς
3203 4731 3439 4795 Γαλλίας
3485 4732 3573 4787 καί
3612 4727 3843 4805 Παρισίας

465 4809 707 4865 Lutetia
739 4808 1111 4875 Parisiorum,
1148 4818 1427 4881 regnante
1458 4816 1702 4872 Domino
1736 4828 1934 4874 nostro
1973 4821 2112 4877 Jesu

2240 4820 2462 4894 πόλεως,
2499 4820 2882 4897 βασιλεύοντος
2918 4827 3015 4876 τοῦ
3063 4821 3261 4897 Κυρίου
3312 4824 3475 4895 ἡμῶν
3510 4823 3683 4891 Ἰησοῦ
3729 4819 3840 4889 Χρι-

463 4899 693 4955 Cbrislo
718 4913 852 4953 cum
892 4898 1063 4953 Patre
1092 4904 1149 4954 et
1178 4906 1381 4956 sancto
1412 4904 1650 4975 Spiritu,
1686 4924 1841 4964 nunc
1873 4912 1928 4965 et
1959 4928 2113 4968 sem-

2240 4911 2351 4966 ττοῦ
2417 4911 2532 4983 ἅμα
2578 4914 2675 4964 τοῦ
2718 4910 2925 4985 Πατρὸς
2954 4910 3043 4964 καὶ
3092 4914 3187 4965 τοῦ
3218 4911 3375 4985 άγίου
3418 4910 3718 4983 Ηνεύματος
3762 4908 3837 4957 νῦν

469 5005 593 5060 per,
624 4992 680 5044 et
710 4990 769 5044 in
801 4985 1015 5043 saacula
1041 4987 1411 5045 saeculorum.
1443 4995 1650 5049 Amen.

2240 5000 2310 5055 ιαῖ
2343 4999 2423 5055 ἀεὶ
2454 5001 2541 5055 xui
2577 4999 2653 5062 εἰς
2684 5000 2810 5062 τοὺς
2840 4999 3040 5062 αἰῶνας
3069 5004 3178 5055 τῶν
3209 4998 3442 5060 αἰώνων.
3470 5000 3655 5074 Ἀμήν.
