4020 6358
414 415 517 470 691
1650 419 1707 470 S.
1752 416 2068 472 DIONYSII
2107 416 2591 471 AREOPAGITE

414 540 527 597 Sed
559 536 934 595 Altitonantis
965 538 1211 611 prodiga
1240 538 1343 594 Dei
1375 554 1553 594 manu

486 628 703 684 Paulus
744 626 960 683 monile
993 627 1281 693 Ecclesiae,

414 719 597 775 Musis
630 718 891 772 Athenas
925 717 1239 772 afﬂuentes
1270 723 1507 773 venerat

486 807 692 862 Fidum
726 806 987 877 profanis
1014 806 1318 877 oppidum.

414 898 696 954 Torrente
728 897 941 967 lingua
976 914 1191 966 susque
1225 897 1412 967 deque
1444 896 1627 951 diruit

486 987 693 1043 Cultus
724 986 1015 1041 idolorum
1052 987 1126 1039 im
1141 985 1283 1056 pios.

414 1077 588 1132 Verbi
623 1075 890 1146 loquelas
921 1075 1223 1130 seminans
1256 1074 1496 1130 solertia

490 1166 835 1237 Dionysium
872 1165 1044 1219 vertit
1076 1164 1350 1235 sophum,

417 1256 812 1326 Proceresque
844 1254 1020 1309 lactat
1050 1252 1197 1307 lacte
1230 1252 1419 1308 sancti
1452 1253 1732 1325 Spiritus,

491 1346 647 1409 Quos
677 1342 839 1399 nulla
870 1342 957 1397 vis
990 1342 1275 1396 facundiae

419 1433 571 1491 Olim
602 1438 838 1489 tenaces
873 1432 1143 1504 quiverat
1173 1431 1478 1487 divertere.

492 1523 622 1578 Alia
650 1527 739 1577 est
768 1522 954 1593 ﬁgura
987 1537 1163 1593 quam
1202 1525 1395 1576 antea.

419 1622 588 1678 Nunc
618 1621 881 1693 viperina
911 1622 1309 1691 prwcaverunt
1341 1621 1619 1691 dogmata

493 1713 650 1767 Inter
680 1710 923 1766 reﬂexas
954 1709 1219 1774 semitas,

422 1803 605 1871 Atque
637 1799 989 1855 abdicarunt
1019 1797 1252 1870 publice
1284 1797 1627 1869 SOphistica,

495 1889 712 1944 Christi
743 1889 928 1944 secuti
961 1887 1283 1942 tramitem.

426 1980 572 2048 Lux,
604 1977 801 2043 Paule,
835 1976 1265 2049 gentium,§tibi
1298 1976 1546 2032 scientia

504 2068 669 2124 Nunc
701 2072 868 2139 grata
900 2066 1143 2138 porrigit
1171 2083 1405 2122 manus.

435 2156 814 2214 Atheniensis
846 2156 1172 2228 dissipatur
1201 2154 1409 2227 gloria,

508 2248 655 2302 Dum
688 2245 958 2318 suggeris
994 2244 1298 2300 miracula.

434 2336 688 2392 Dilectus
717 2335 892 2391 astris
921 2334 1134 2389 humor
1165 2340 1274 2402 est,
1310 2334 1408 2390 ubi
1438 2352 1584 2391 novo

502 2426 686 2482 Labes
717 2425 863 2482 reati
895 2424 1140 2479 ﬂumine

429 2515 782 2587 Purgantur,
817 2519 951 2569 ante
980 2529 1183 2568 verum
1216 2512 1443 2569 Numen
1477 2515 1746 2571 noverint

498 2604 569 2661 Et
598 2602 836 2659 ﬁxerint
866 2602 1230 2657 medullitus.

427 2694 517 2749 Tu
551 2692 761 2765 priesul
793 2692 981 2748 haeres
1015 2692 1257 2764 puritati
1288 2692 1571 2763 Apostoli,

501 2782 768 2855 Lympha
798 2788 1035 2837 renatus
1068 2780 1288 2849 ccelica,

428 2872 553 2927 Nox
581 2872 741 2927 hunc
774 2872 1010 2942 refugit,
1044 2870 1263 2925 excutit
1292 2868 1626 2941 caliginem,

500 2961 632 3016 Jam
666 2960 1040 3031 mancipatus
1072 2958 1335 3014 Numini.

428 3056 601 3129 Viget
632 3074 837 3113 sereno
868 3058 1038 3113 corde
1070 3056 1311 3112 ﬂamma
1341 3056 1565 3129 fortior,

503 3150 571 3204 Et
600 3148 762 3203 frons
796 3147 1025 3202 renidet
1055 3147 1268 3219 gaudio

431 3238 646 3294 Badice
676 3236 749 3291 ab
781 3236 901 3292 ima
932 3236 1199 3292 funditus
1228 3235 1424 3292 vulsas
1454 3235 1635 3292 simul

504 3326 731 3382 Erroris
762 3330 916 3381 artes
948 3325 1221 3381 extrahit.

432 3415 564 3472 Alte
592 3432 863 3471 recessus
893 3415 1189 3471 luminum
1222 3419 1278 3471 et
1307 3416 1434 3472 cceli
1468 3416 1673 3491 plagas

500 3506 829 3576 Scrutatur,
866 3511 1042 3577 atque
1075 3506 1375 3577 praedicat.

428 3603 698 3660 Scintilla
728 3603 918 3673 qualis
949 3603 1135 3675 fulget
1166 3608 1291 3660 atro
1323 3604 1628 3676 sulphure,

499 3692 603 3747 Vel
636 3698 700 3747 ut
732 3692 994 3747 refractis
1028 3693 1289 3749 nubibus

433 3787 542 3838 Per
572 3781 761 3837 noctis
785 3782 1057 3837 umbram
1090 3782 1353 3837 siderum
1386 3781 1608 3838 micant
1638 3783 1814 3853 faces,

506 3870 599 3927 Sic
630 3870 899 3943 praesulis
929 3870 1107 3926 vultis
1140 3870 1239 3941 pii.

430 3961 533 4016 Vis
564 3960 767 4016 addita
796 3966 884 4016 est
914 3960 1128 4027 menti;
1163 3961 1472 4031 verbisque
1503 3961 1757 4016 seminat

506 4049 742 4105 Millena
767 4049 977 4103 civium
1015 4050 1271 4119 agmina.

434 4140 646 4195 Fetura
674 4156 875 4194 verum
910 4140 1173 4193 nascitur
1203 4137 1447 4204 sensim,
1481 4155 1585 4194 nec
1616 4144 1705 4195 est

503 4228 666 4292 Quod
700 4227 955 4299 amplius
991 4244 1188 4282 moras
1220 4226 1435 4281 trahat.

429 4316 673 4374 Jussum
705 4318 956 4388 capessit
987 4315 1275 4388 Apostoli;
1312 4332 1532 4371 morem
1566 4333 1772 4389 gerens

506 4407 590 4461 Ad
624 4405 1066 4462 Franco-Celtas
1100 4406 1370 4461 mittitur.

434 4495 691 4551 Perrexit
720 4496 923 4551 urbem
958 4512 1090 4549 cum
1123 4495 1298 4550 sociis
1332 4496 1622 4552 Lutetiam

506 4585 769 4639 Cinctam
801 4583 1049 4639 insulari
1085 4582 1355 4655 ﬂumine;

436 4676 587 4730 Tum
620 4672 923 4745 parvulam
958 4674 1167 4743 muris,
1200 4675 1301 4729 sed
1334 4676 1451 4731 aris
1483 4680 1537 4730 et
1571 4676 1736 4731 molae

507 4763 689 4818 Valde
720 4762 961 4818 deorum
994 4762 1275 4820 deditam.

438 4855 590 4910 Bene
624 4853 814 4919 habet,
848 4857 1151 4924 peractum
1198 4859 1305 4924 est,
1339 4854 1494 4925 quod
1528 4854 1625 4907 diu
1660 4854 1977 4925 cupiverat.

507 4953 790 5009 Persolvit
818 4951 948 5007 urbi
982 4952 1207 5007 munia.

436 5042 717 5099 Praedicta
746 5041 1017 5113 quamvis
1050 5041 1383 5113 principum
1415 5040 1733 5097 crudelitas

504 5132 701 5188 Tellus
732 5132 969 5187 ruberet
1001 5136 1329 5204 martyrum

433 5222 649 5277 Cruore
682 5238 694 5276 :
730 5221 909 5276 vitam
941 5220 1161 5277 Gallico
1198 5221 1554 5291 tamen’solo

506 5309 666 5365 Tulit
698 5310 986 5367 medelam
1018 5327 1389 5381 comparans.

440 5398 667 5453 Lolium
699 5399 1007 5470 expedivit,
1046 5398 1281 5455 velleret
1312 5398 1615 5467 radicitus,

508 5488 672 5551 Quod
704 5489 942 5561 ignibus
976 5490 1388 5545 committeret.

439 5578 623 5633 Annis
656 5586 927 5649 onustus,
960 5579 1172 5650 eloquii
1206 5580 1361 5635 fonte
1392 5579 1597 5651 irrigat

524 5672 768 5727 Gentem
804 5671 1104 5743 profanam
1140 5670 1398 5741 largiter.

444 5763 601 5822 Fluis
634 5764 691 5817 in
724 5760 1059 5835 prOphetas,
1093 5765 1285 5814 mente
1316 5758 1510 5813 divina
1542 5760 1701 5829 rapis

2092 538 2146 605 Α
2246 538 2328 594 Tu
2361 539 2586 596 Christe
2616 540 2843 613 Apollo,
2879 546 3135 614 pectora.

2176 631 2347 683 Latex
2377 647 2669 701 saporque
2700 632 2951 687 nectaris
2986 632 3183 703 lingua
3215 630 3364 703 ﬂuit,

2247 720 2355 774 Cor
2388 719 2647 792 mitigas,
2681 727 2939 776 mentem
2974 722 3151 776 foves.

2178 807 2261 862 Ita
2291 808 2481 863 reddit
2521 826 2730 881 agmen
2764 811 3033 877 protinus
3062 812 3245 865 ﬁdum
3280 810 3397 866 Deo

2249 897 2509 953 Antistes
2539 900 2687 969 Agni
2722 900 3015 955 conscius.

2180 987 2291 1041 Sed
2324 986 2668 1042 Christiana
2701 988 2941 1043 silvulas
2970 994 3174 1061 gentes
3205 993 3437 1061 petunt,

2255 1081 2458 1131 Latent
2490 1084 2803 1133 trementes
2836 1080 3068 1134 abditae.
3160 1126 3171 1135 .

2179 1164 2485 1235 Noctuque
2516 1167 2690 1221 litant
2722 1172 3079 1237 congregatae
3113 1166 3432 1239 supplices.

2253 1262 2526 1319 Condunt
2558 1265 2839 1320 suburbio
2871 1267 3035 1321 ocius

2184 1353 2479 1423 Stephano
2512 1354 2690 1426 priori
2726 1360 3051 1428 martyrum
3084 1372 3313 1411 sacram
3346 1357 3591 1411 domum

2257 1444 2396 1513 Ejus
2430 1445 2805 1515 frequentant
2837 1446 3064 1500 limina.

2186 1533 2339 1587 408
2374 1537 2447 1587 Ut
2473 1550 2603 1587 vere
2634 1534 2887 1589 ﬂorifero
2919 1551 3074 1606 vaga:
3110 1535 3282 1590 ﬂores
3314 1551 3497 1589 novos

2256 1621 2485 1692 Stipant
2516 1639 2653 1693 apes
2684 1628 2741 1677 et
2774 1623 3015 1679 rivulos.

2183 1711 2361 1765 Amor
2393 1711 2672 1779 sequendi
2700 1711 2995 1782 quoslibet
3026 1713 3292 1768 accendit
3325 1711 3423 1766 Dei

2257 1799 2601 1872 Dionysium
2636 1800 2972 1856 satellitem.

2106 1916 2153 1980 B
2186 1889 2298 1944 Nec
2332 1906 2365 1944 a
2395 1889 2750 1945 rudimentis
2781 1891 3056 1946 aberrant
3088 1890 3386 1963 martyris.

2262 1988 2534 2043 Semente
2567 2005 2697 2043 sera
2726 1988 3005 2061 pinguius

2190 2076 2430 2132 Exsistit
2459 2094 2698 2145 arvum;
2732 2078 2942 2133 deinde
2977 2079 3131 2149 quod
3169 2078 3563 2151 vegrandibus

2262 2165 2525 2221 Oblectat
2554 2170 2714 2221 astra
2743 2167 3062 2222 messibus.

2190 2254 2295 2310 Hic
2324 2255 2512 2311 cultor
2540 2255 2771 2311 instans
2802 2261 2903 2311 aut
2935 2261 3130 2313 arator
3158 2256 3453 2327 gnaruris,

2262 2346 2507 2401 Ditescit
2542 2363 2738 2401 aream
2772 2347 3023 2418 replens.

2192 2433 2454 2489 Prudens
2487 2434 2729 2489 colonus
2756 2451 2893 2506 ergo
2925 2435 3025 2506 qui
3057 2450 3186 2490 cum
3220 2434 3420 2489 fenore

2263 2523 2421 2577 Parit
2447 2522 2637 2579 solum
2673 2524 2947 2578 feracius.

2193 2612 2348 2667 Satis
2381 2628 2674 2684 superque
2706 2612 2910 2667 civitas
2942 2612 3174 2667 Lutetia

2267 2701 2483 2773 Ligone
2511 2701 2667 2756 culta
2698 2700 2987 2773 praesulis.

2190 2793 2275 2846 Ad
2307 2791 2567 2846 veritatis
2600 2792 2747 2846 ﬂexa
2777 2791 2977 2847 lumen
3009 2790 3259 2862 inclyta.

2266 2881 2493 2937 Florem
2525 2881 2649 2949 Dei,
2682 2883 2898 2936 tontem
2934 2882 3101 2936 Boni.

2192 2970 2323 3026 Ales
2353 2971 2618 3043 polorum
2659 2971 2929 3041 protinus
2962 2969 3300 3043 praecordiis

2263 3060 2490 3115 Nostris
2523 3076 2699 3114 suum
2731 3059 2925 3115 cordis
2950 3061 3128 3129 jubar

2190 3148 2481 3217 Vibravit;
2515 3148 2619 3204 alti
2651 3149 2904 3219 pectoris
2935 3148 3114 3203 situm
3146 3148 3436 3203 innovans

2264 3238 2410 3293 Nam
2442 3236 2645 3293 oculos
2676 3238 2931 3292 tenebrae
2962 3237 3319 3293 clauserant.

2110 3297 2153 3365 Ο
2195 3340 2264 3391 At
2294 3337 2500 3408 viperae
2532 3335 2725 3407 proles
2756 3334 2953 3407 rigens
2984 3335 3205 3391 saevitia

2265 3430 2458 3483 Caesar
2487 3425 2629 3480 furit
2658 3426 3061 3495 Germanicus,

2194 3516 2393 3571 Fidem
2429 3531 2673 3586 perosus
2703 3513 2963 3569 toxicum
2995 3514 3187 3569 fundit
3220 3513 3438 3586 magis,

2265 3606 2429 3671 Quod
2463 3605 2683 3659 foverat
2707 3604 2828 3673 jam
2861 3603 3219 3675 plusculum,

2194 3699 2433 3750 Decreta
2466 3694 2707 3750 mandat
2734 3695 3109 3764 exsequenda
3138 3693 3438 3765 gentibus,

2266 3785 2335 3839 Et
2364 3782 2731 3838 Christianos
2761 3783 3014 3851 territat,

2193 3874 2261 3929 Ni
2296 3875 2461 3929 thure
2493 3874 2725 3944 placent
2756 3871 3084 3942 principem
3121 3872 3301 3926 Deum
3333 3870 3563 3939 Jovem,

2267 3964 2396 4018 Mox
2428 3961 2811 4016 destinandos
2840 3960 3100 4032 ignibus.

2195 4054 2377 4109 Caedis
2410 4051 2675 4106 minister
2705 4051 2927 4105 exstitit
2956 4049 3232 4119 Sisinius,

2268 4144 2562 4196 Immensa
2595 4139 2775 4211 pestis
2805 4144 2859 4195 et
2890 4144 3131 4195 tremor.

2196 4231 2376 4301 Cujus
2406 4229 2592 4285 ferina
2624 4229 2821 4284 ﬂoruit
2849 4228 3172 4300 gentilitas,

2267 4321 2334 4374 Et
2365 4321 2551 4374 fastus
2580 4335 2860 4389 arrogans
2892 4318 3090 4384 minis,

2195 4408 2495 4480 Serpentis
2528 4414 2689 4463 atrox
2719 4407 2939 4462 evomit
2967 4407 3157 4475 virus;
3195 4423 3298 4461 nec
3332 4411 3421 4461 est

2266 4498 2427 4563 Quod
2459 4497 2634 4552 effero
2667 4495 2826 4549 vultu
2862 4500 3039 4567 queat

2195 4586 2484 4640 Cruentus
2516 4585 2681 4639 urbis
2713 4583 3029 4654 optimates
3063 4584 3295 4639 lazdere.

2114 4675 2162 4735 D
2263 4688 2339 4737 Ut
2369 4687 2685 4737 aestuantes
2719 4682 2970 4751 aequoris

2198 4772 2361 4828 Unde
2392 4771 2662 4843 profundi
2693 4771 2965 4825 cautibus
2999 4771 3213 4826 radunt
3244 4770 3391 4825 nihil
3431 4788 3443 4826 :

2268 4863 2507 4917 Frustra
2536 4859 2760 4914 laborat
2790 4859 3052 4930 regulus.

2199 4952 2318 5006 Heu
2356 4950 2544 5021 surgit
2571 4950 2675 5017 ira,
2710 4954 2764 5003 et
2800 4954 3039 5020 aggerat
3072 4949 3219 5004 vires
3250 4950 3432 5016 furor,

2268 5040 2451 5094 Struit
2481 5038 2711 5093 ruinam
2747 5037 3010 5109 martyri.

2197 5129 2460 5186 Stimulis
2492 5128 2725 5183 calescit
2754 5128 3072 5183 condolens
3099 5126 3255 5182 ultor
3283 5127 3493 5197 Deum,

2271 5221 2384 5275 Nec
2415 5221 2701 5287 temperat
2728 5216 2992 5270 vesaniae.

2201 5312 2243 5365 Ο
2277 5325 2471 5364 mersa
2502 5306 2642 5361 limo
2675 5305 2902 5359 caecitas
2937 5306 3290 5374 mortalium,

2272 5399 2314 5453 Ο
2347 5397 2575 5468 spissus
2605 5411 2765 5449 error
2796 5394 3084 5465 gentium.

2203 5491 2411 5544 Pastus
2443 5500 2649 5541 cruore
2681 5483 2935 5537 carnifex
2969 5484 3146 5554 gestit
3177 5483 3344 5539 ducis

2272 5579 2502 5632 Statuta
2534 5575 2642 5627 rite
2672 5573 2965 5643 persequi.

2202 5667 2345 5723 Hinc
2381 5662 2679 5719 liostiatim
2716 5662 2987 5731 martyris
3016 5662 3259 5734 vestigia

2272 5754 2536 5822 Vestigat
2565 5751 2756 5806 audax
2785 5754 2842 5805 et
2874 5750 3039 5820 petit.

3724 420 3809 474 692
