4020 6358
211 341 307 396 693
1166 337 1627 401 MARTYRIUM,
1669 335 1874 389 AUCT.
1918 336 1965 386 D
2047 336 2256 389 NYSIO
2296 336 2640 392 GUERINO.

211 470 353 524 Inter
382 478 659 520 coronam
690 461 906 516 civium
939 461 1178 516 tandem
1207 460 1370 516 videt

271 557 556 623 Praecepta
586 555 960 622 spargentem
993 550 1112 605 Dei.

208 644 357 701 [laud
389 641 650 697 continet
681 657 894 696 manus
929 658 941 708 ;
977 641 1078 694 sed
1113 638 1266 694 ultro
1301 636 1541 709 corripit

271 734 532 789 Vinctum
565 731 785 786 catenis
829 729 1180 801 supplicem,

205 824 285 879 Fit
313 821 513 886 laetior,
547 825 800 889 ﬂagrans
831 820 931 872 Dei
964 818 1295 890 Dionysius,

266 913 329 966 Et
359 910 541 964 currit
573 910 645 963 ad
681 908 992 963 Sisinium.

203 1005 369 1071 Atque
402 1000 636 1053 invocat
665 1003 878 1052 nutum
910 996 1174 1068 supremi
1204 995 1498 1051 Numinis.

263 1090 316 1144 Si
347 1089 457 1144 vile
490 1095 695 1158 pectus
729 1087 1048 1142 chrismate

200 1179 360 1233 Sacro
393 1176 568 1247 piasti
601 1176 690 1231 fac
723 1176 917 1241 modo,
951 1181 1151 1231 custos
1183 1174 1322 1246 poli,

261 1267 377 1322 Meo
410 1266 634 1321 colorer
667 1265 972 1336 sanguine.

199 1356 442 1411 Dissolve
479 1361 737 1410 mentem
768 1354 1082 1426 ergastulis
1117 1370 1129 1411 :
1163 1371 1292 1409 eam
1324 1354 1432 1409 bea

261 1445 550 1500 Felicitate
582 1445 829 1516 perpeti.

200 1536 471 1589 lmmotus
505 1535 690 1589 instat
722 1537 939 1606 martyr
970 1536 1104 1588 ante
1135 1532 1454 1588 barbarum

256 1624 388 1678 Saevi
421 1623 685 1678 tribunal
710 1623 950 1694 judicia.

194 1713 284 1768 Cui
319 1713 470 1767 fatur
502 1730 601 1767 ore
634 1712 854 1767 fervido
888 1712 1164 1780 Sisinius,

258 1803 449 1857 Livore
475 1807 722 1873 turgens
756 1803 925 1856 noxio
963 1820 974 1856 :

195 1891 328 1949 Num
361 1899 447 1947 est
483 1893 609 1964 ipse
644 1892 892 1947 ﬂabrum
925 1890 1216 1946 sibilantis
1247 1891 1546 1963 Gorgonae,

253 1982 449 2050 Segnis
483 1997 664 2036 senex
694 1987 750 2035 et
782 1981 1096 2051 impotens.

191 2071 321 2126 Cum
353 2071 661 2126 illitterata
693 2071 939 2125 credidit
968 2070 1316 2140 frequentia,

253 2161 422 2232 Leges
453 2161 701 2215 deorum
735 2176 1040 2229 respuens.

188 2249 356 2304 Etate
385 2266 515 2304 vere
546 2266 680 2304 sum
719 2266 916 2317 senex,
953 2248 1046 2303 hic
1077 2248 1352 2315 reddidit,

249 2343 343 2395 Ast
375 2340 513 2396 ﬂore
545 2343 828 2395 constans
863 2339 1135 2410 pectoris.

190 2429 400 2500 Anguis
432 2435 732 2485 senectam
769 2435 1025 2498 mutuor,
1061 2427 1162 2500 qui
1196 2428 1464 2483 sentibus

251 2520 446 2575 Cutem
480 2536 703 2590 repono
737 2518 1059 2574 sordidam.

191 2606 398 2662 Recens
428 2624 708 2663 renascor
737 2606 938 2662 caelica
968 2606 1286 2678 propagine

251 2696 483 2752 Phoenix
511 2695 832 2768 quotannis
863 2696 1184 2768 pullulans.

191 2785 410 2841 Miseret
440 2791 682 2842 tuorum
719 2802 810 2841 me
842 2803 1162 2857 sacrorum,
1196 2790 1254 2842 et
1284 2791 1636 2858 temporum.

253 2874 430 2931 Pudet
462 2875 655 2945 fateri,
689 2877 838 2944 quod
874 2875 1090 2946 ferunt,

188 2962 290 3018 Vos
321 2964 632 3020 immolare
664 2965 911 3020 barbaro
943 2965 1059 3019 ritu
1089 2965 1246 3020 viros

251 3053 521 3125 Gentemq
534 3071 606 3109 ue
634 3055 788 3109 caede
819 3055 1082 3125 perdere.

187 3139 441 3213 Ostende,
475 3160 700 3214 quaeso,
737 3160 884 3214 quas
914 3144 1147 3199 adorem
1180 3143 1490 3217 imagines,

249 3233 489 3289 Junonis
522 3239 751 3301 utrum,
775 3233 862 3288 vel
894 3233 1074 3288 Jovis.

187 3319 252 3374 Ut
280 3321 460 3377 fumet
487 3339 642 3394 agno
674 3321 930 3393 caespitis
961 3321 1286 3394 fastigium,

249 3411 313 3465 Et
342 3411 507 3466 thure
539 3416 741 3483 postes
772 3411 1053 3466 ambiam.

188 3500 320 3566 Quid
354 3516 463 3568 me,
495 3501 770 3569 nefande,
803 3500 1137 3572 supplicare
1168 3502 1386 3573 cogitas

252 3590 407 3644 Fonti
441 3591 734 3645 malorum
764 3590 1036 3645 daamoni.

191 3679 472 3734 Deasciato
504 3679 694 3750 stipiti
728 3696 951 3733 verrem
987 3679 1143 3735 feris.

252 3769 365 3831 Quo
396 3786 534 3824 saxa
566 3768 689 3824 fani
726 3767 1002 3839 perlinas.

185 3855 315 3911 Cum
348 3858 462 3912 hac
493 3875 690 3926 cerno,
722 3862 1004 3928 tanquam
1040 3858 1264 3929 parvuli
1295 3861 1615 3930 crepundia

242 3945 412 4014 Duco,
441 3963 776 4017 senumque
804 3946 1053 4001 venulas

181 4032 582 4091 Edentulorum
619 4035 945 4091 cantilenas
978 4044 1238 4094 autumo.

244 4123 360 4178 Non
393 4128 756 4192 erubescam,
793 4126 842 4181 si
875 4126 1050 4182 ﬁdem

184 4210 359 4268 Tuear
390 4215 624 4270 fatendo
659 4215 980 4270 maximum
1016 4233 1210 4288 regem
1243 4218 1493 4274 aetheris.

247 4300 452 4358 Ccelum
488 4309 730 4376 paratur
759 4305 1067 4376 sanguine.

185 4387 477 4449 Prazfectus
509 4395 676 4448 urbis
709 4393 897 4450 toxico
932 4394 1080 4450 fellis
1115 4396 1355 4451 madens

246 4479 346 4534 Cor
376 4483 664 4539 audiendo
694 4489 1014 4539 exusserat.

182 4562 384 4623 Ebullit
413 4571 518 4638 ira,
553 4571 914 4643 apprehendi
937 4573 1109 4644 jubet
1139 4573 1348 4642 virum,

247 4655 377 4725 Ejus
407 4661 638 4717 sodales
677 4661 958 4732 proxime.

185 4747 251 4798 At
278 4745 367 4801 ille
397 4753 559 4804 tanto
593 4750 799 4817 laetior,
832 4767 966 4806 cum
1000 4753 1272 4808 adoream

250 4833 459 4893 Labore
492 4844 720 4909 partam
753 4841 1050 4911 praevidet.

188 4918 408 4979 Fontem
443 4933 676 4983 serenat
705 4929 938 4985 aetheris
969 4929 1202 5000 solatio,

256 5011 469 5083 Hymno
501 5018 660 5071 canit
691 5019 1060 5090 symphonia.

189 5092 346 5154 Velut
375 5104 443 5158 ad
476 5106 658 5177 dapes
685 5124 928 5178 specum
961 5109 1103 5179 petit
1133 5107 1454 5180 lubentius,

251 5189 450 5247 Animo
482 5195 806 5252 Tonantem
841 5197 1166 5268 pensitans.

192 5273 421 5335 Antrum
453 5281 670 5340 latebat
709 5285 974 5341 abditum
1007 5289 1136 5359 (98),
1172 5292 1400 5345 scatens
1431 5291 1574 5360 situ,

255 5363 440 5425 Noctis
477 5375 730 5431 tenebris
757 5376 1042 5444 obsitum,

227 5577 357 5668 $98)
405 5589 510 5644 Ubi
567 5591 738 5649 hodie
797 5594 948 5648 aedes
994 5593 1060 5648 D.
1112 5593 1374 5666 Dionysii
1424 5611 1456 5650 a
1504 5595 1766 5664 Carcere,
1823 5597 1881 5651 in
1940 5597 2110 5668 cujus
2159 5595 2300 5650 redis
2349 5609 2521 5650 cavea
2585 5590 2797 5649 nobilis
2855 5588 2951 5644 ille
2999 5600 3198 5642 carcer
3253 5583 3444 5641 adhuc
3492 5579 3580 5636 vi—

199 5656 296 5704 sltu
309 5671 349 5707 r.

1874 461 1930 526 Α
1959 460 2162 516 Gravis
2194 465 2430 516 senecta
2463 461 2700 517 clausus
2731 461 3009 534 implorat
3039 479 3211 535 prece

2024 548 2288 605 Caelestis
2321 552 2485 622 ignes
2519 551 2797 622 Spiritus.

1952 638 2167 694 Rerum
2200 647 2444 707 creator,
2479 640 2677 712 gloriae
2719 641 2996 711 splendor
3023 641 3212 697 Patris

2024 728 2275 784 Immitte
2307 746 2488 795 rores,
2522 731 2610 785 fac
2645 747 2867 801 precor,

1948 822 2070 873 Neu
2103 819 2248 874 livor
2278 836 2450 890 asper
2471 820 2692 890 judicis
2727 820 3032 875 mitescere

2020 908 2217 963 Discat
2249 910 2443 974 modo,
2479 911 2565 964 fac
2603 909 2919 979 opprimar.

1949 996 2077 1052 Mox
2111 998 2421 1053 carceralis
2453 998 2681 1053 caecitas
2713 996 2987 1068 Olympici

2019 1090 2264 1160 Fulgore
2297 1089 2514 1145 Christi
2544 1089 2820 1160 fulgurat.

1945 1180 2227 1251 Agnoscit
2257 1179 2349 1233 hic
2382 1179 2696 1250 Dionysius
2729 1177 3051 1249 potentiam

2015 1270 2252 1334 Adesse,
2288 1286 2463 1339 quam
2503 1272 2837 1340 speraverat
2872 1285 2884 1321 :

1945 1358 2118 1413 Tanti
2147 1358 2367 1413 laboris
2399 1358 2700 1429 praemium
2736 1359 2898 1410 stant
2931 1354 3122 1426 angeli

2012 1447 2154 1502 Visu
2191 1447 2443 1502 nitentes
2476 1447 2753 1517 undique.

1941 1536 2087 1592 Huic
2119 1537 2396 1608 poculum
2430 1538 2560 1590 vitae
2592 1538 2738 1590 Deus
2772 1535 2855 1589 sic
2887 1533 3154 1606 porrigit,

2014 1627 2084 1681 Ut
2115 1643 2284 1698 poena
2316 1627 2417 1681 ﬂat
2448 1627 2652 1680 lenior.

1939 1717 2255 1771 Perhibent
2287 1723 2596 1786 tyrannum
2632 1712 2983 1768 blandiendo
3013 1710 3339 1766 antistitem
3372 1770 3392 1790 ο

1862 1834 1908 1898 Β
2009 1807 2182 1859 Vario
2215 1806 2479 1860 irritasse
2513 1820 2772 1858 munere.

1941 1897 2008 1950 Et
2042 1895 2297 1950 nobilem
2331 1895 2533 1949 laudat
2565 1892 2795 1965 generis
2828 1890 3161 1962 prosapiam

2010 1985 2231 2039 Partim
2263 1983 2506 2038 senilem
2537 1982 2812 2054 gratiam.

1940 2075 2091 2129 409
2124 2073 2418 2129 Encomiis
2449 2077 2671 2142 martyr
2701 2074 2854 2124 retro
2882 2067 3103 2123 claudit
3132 2084 3270 2122 suas

2006 2167 2191 2219 Aures
2224 2170 2286 2218 ut
2317 2162 2549 2234 anguis,
2585 2177 2654 2214 ne
2693 2159 2911 2214 malum

1938 2255 2145 2324 Serpat
2177 2251 2452 2307 medullis
2485 2251 2685 2316 altius,
2723 2249 2900 2303 ﬁbras
2933 2263 3162 2318 quoque

2007 2343 2361 2414 Contagione
2394 2341 2636 2412 polluat.

1937 2432 2048 2487 Seu
2085 2433 2190 2487 ﬂos
2219 2433 2436 2486 odorus
2463 2429 2701 2494 albicat,
2735 2426 3035 2481 sufﬁmine

2007 2522 2300 2592 Spargens
2331 2518 2558 2590 tyranni
2591 2517 2834 2586 regiam.

1937 2610 2288 2681 Perstringit
2319 2609 2488 2663 orbes
2522 2607 2813 2660 luminum
2842 2601 3140 2658 miraculis
3169 2617 3182 2657 :

2005 2701 2130 2755 Non
2163 2715 2334 2753 nemo
2368 2697 2618 2751 miratur
2643 2695 2854 2748 virum.

1934 2789 2174 2860 Stupuit
2205 2795 2490 2859 tyrannus
2524 2802 2536 2839 :
2571 2789 2730 2838 terve
2761 2781 2933 2836 dictis
2965 2780 3141 2836 aruit.

2005 2877 2236 2933 Clarere
2268 2875 2452 2930 nescit
2485 2871 2804 2943 scrupulis,

1935 2969 2202 3024 Incertus
2234 2963 2660 3037 illumzpuniat,
2691 2960 2778 3016 vel
2810 2959 3040 3026 liberet,

2006 3058 2309 3128 Usumque
2341 3054 2546 3110 reddat
2577 3051 2850 3106 liberum.

1937 3148 2086 3212 Quid
2120 3145 2331 3218 plura?
2362 3142 2541 3198 vincit
2572 3140 2811 3196 anxium
2843 3137 3112 3194 socordia

1856 3207 1898 3273 (ί
1954 3207 1972 3212 Ἰ
2007 3207 2261 3291 Alumna
2291 3233 2462 3288 caedis
2493 3236 2548 3285 et
2579 3229 2790 3284 crucis.

1933 3326 2208 3380 Fomenta
2235 3322 2450 3378 vulnus
2482 3319 2784 3391 putridum
2817 3316 3094 3372 novantia

2000 3412 2416 3469 Crudelitatem
2451 3411 2776 3480 procreant.

1930 3504 2119 3569 Quid?
2148 3503 2196 3557 si
2229 3501 2423 3556 soluta
2455 3500 2727 3553 inaastuet
2758 3493 3095 3566 praecordiis

2001 3592 2162 3658 Bilis,
2198 3591 2488 3660 faciatque
2522 3587 2883 3641 incendium.

1928 3682 2115 3737 Simul
2147 3681 2404 3736 calentes
2434 3676 2864 3732 inverecundus
2896 3672 3086 3726 minas

2000 3777 2180 3826 Torvo
2213 3769 2382 3825 cievit
2411 3767 2636 3821 lumine

1931 3862 2081 3933 Figit
2111 3861 2356 3931 sagittas
2392 3856 2629 3929 pectori,
2665 3871 2770 3909 nec
2799 3853 3084 3924 impetum

1995 3949 2162 4005 Valet
2190 3955 2387 4004 tenere
2423 3946 2715 4002 amentiae.

1927 4041 2152 4096 Incerta
2182 4037 2374 4109 qualis
2408 4036 2663 4090 Enthcos
2697 4032 2903 4104 pedem
2938 4030 3096 4097 tulit,

1997 4134 2071 4184 Ut
2103 4130 2318 4184 Maenas
2351 4125 2574 4180 insanit
2603 4123 2742 4177 Deo.

1925 4221 2156 4275 Certare
2187 4217 2381 4271 lassus
2415 4214 2602 4268 hostis
2635 4211 2694 4264 in
2729 4208 3019 4282 praetorio,

1994 4307 2202 4379 Agitur
2233 4303 2501 4376 procellis
2535 4300 2788 4355 interim.

1924 4398 2078 4453 Caedi
2112 4394 2360 4466 ﬂagellis
2392 4391 2659 4463 praecipit
2687 4385 3016 4453 lictoribus,

1996 4491 2340 4555 Corpusque
2373 4483 2553 4552 pungi
2587 4477 2854 4550 spiculis.

1846 4578 1890 4642 D
1923 4575 2204 4632 Strictum
2243 4571 2480 4627 retortis
2512 4567 2771 4624 brachiis
2803 4564 2958 4638 posti
2988 4563 3173 4634 ligant

1995 4663 2230 4718 Nudarc
2262 4665 2455 4715 costas
2489 4659 2770 4729 gestiunt.

1927 4755 1996 4810 Ut
2026 4768 2129 4823 per
2169 4751 2412 4806 lacunas
2444 4748 2752 4801 vulnerum
2787 4746 2982 4813 crepet
3008 4743 3177 4812 jecur
3210 4757 3222 4796 :

1998 4841 2362 4911 Paulumque
2396 4836 2640 4908 sanguis
2671 4833 2934 4905 palpitet.

1927 4932 2174 4986 Ridebat
2203 4930 2326 4984 haac
2360 4932 2581 4998 martyr
2610 4924 2710 4979 Dei
2745 4921 3021 4992 ludibria,

1999 5020 2258 5076 Tortoris
2289 5019 2600 5086 increpans
2633 5029 2866 5068 manus.

1930 5111 1973 5166 Ο
2005 5127 2103 5166 vos
2135 5107 2382 5176 alumni,
2411 5105 2662 5161 carceris
2695 5101 2973 5158 saevitiam

2002 5202 2258 5264 Armate,
2295 5214 2516 5269 quaeso,
2551 5193 2805 5267 plenius.

1934 5289 2205 5345 Stillante
2239 5290 2395 5356 tabo,
2431 5285 2690 5357 corporis
2721 5285 2915 5338 cutem
2947 5279 3063 5335 mei

2005 5378 2428 5436 Multicolorem
2461 5375 2706 5431 reddite.

3504 338 3609 394 694
