4020 6358
410 372 519 428 695
1651 371 1711 423 8.
1750 368 1997 424 DIONYE

1651 371 1711 423 8.
1750 368 2066 424 DIONYSII
2104 369 2586 425 AREOPAGITE

411 498 579 566 Exin,
609 497 860 570 peractis
892 494 1174 566 principis
1206 492 1527 562 furoribus,

482 586 839 643 Ardentibus
870 585 1078 656 prunis
1109 585 1305 639 datur.

416 678 604 733 Locus
634 683 725 732 est
755 676 1124 747 propinquus
1154 676 1429 743 Sequanae
1464 669 1783 726 sinuamini
1813 670 1926 743 (99)

484 766 801 821 Tormenta
826 779 1073 819 cernens
1106 763 1389 817 sontium.

411 854 594 918 Quem
626 852 808 924 sepsit
838 869 1047 923 agmen
1081 850 1336 905 militum
1370 849 1697 905 forinsecus

485 942 730 1014 Fulgere
757 941 1007 999 cassidis
1037 940 1282 996 micans.

408 1033 638 1089 Prunas
670 1036 939 1104 tepentes
968 1031 1227 1085 carnifex
1256 1029 1466 1084 sternit
1498 1027 1638 1099 cito,

484 1121 557 1177 Ut
583 1138 648 1177 os
682 1120 839 1177 beati
872 1119 1146 1188 langueat

413 1210 724 1267 Decumbit
750 1210 877 1282 ipse
903 1208 1117 1263 lectulo
1148 1207 1317 1262 laatus
1349 1207 1497 1279 rogi.

484 1299 723 1354 Animat
754 1296 984 1354 sodales
1018 1296 1243 1352 sedulo.

407 1388 498 1445 Illi
529 1406 595 1444 os
625 1388 833 1443 decore
866 1386 1165 1458 splenduit
1194 1385 1381 1457 magis
1417 1401 1614 1440 aureo.

483 1478 687 1535 Talem
720 1480 1015 1533 revertens
1046 1474 1250 1546 legifer

418 1570 495 1623 De
529 1572 727 1622 monte
757 1566 979 1621 vultum
1013 1563 1224 1619 detulit
1258 1579 1269 1618 :
1304 1563 1622 1635 Non.sunt,
1654 1562 1755 1632 ait,

484 1658 802 1713 Tormenta
832 1672 960 1726 quas
992 1671 1091 1710 vos
1124 1652 1366 1709 cernitis

411 1746 597 1802 Citata
626 1745 849 1800 cursim
881 1747 1208 1812 transeunt,
1243 1742 1429 1796 instar
1462 1740 1583 1796 noti

486 1834 709 1890 Pulvim
748 1833 1038 1889 moventis
1070 1833 1129 1887 in
1161 1847 1312 1887 aere.

410 1924 587 1981 Trahi
619 1941 649 1979 e
681 1927 905 1978 castata
935 1922 1194 1977 fervidus
1216 1921 1389 1991 jubet
1421 1920 1635 1989 virum,

484 2012 656 2067 Aliud
692 2028 879 2083 genus
910 2014 1075 2082 parat
1105 2008 1319 2064 crucis.

417 2102 501 2156 Ad
537 2101 758 2156 montis
790 2099 978 2155 altum
1008 2100 1281 2156 verticem
1313 2097 1663 2154 contermini

494 2190 735 2245 Lutetiae
768 2189 1095 2245 deducitur.

423 2279 596 2335 Velut
622 2294 773 2351 agna
804 2277 1004 2349 templi
1034 2276 1385 2333 destinanda
1415 2275 1721 2345 altaribus,

497 2367 591 2424 Nil
622 2367 927 2423 immolata
958 2366 1268 2423 clamitans

428 2459 654 2513 Intrare
684 2458 889 2512 fanum
920 2455 1148 2528 cogitur
1178 2454 1442 2528 Cyllenii.

502 2547 699 2617 Ibique
729 2546 870 2602 thus
899 2548 1165 2602 adurere.

424 2635 543 2692 Has
574 2636 810 2691 intuens
841 2635 1118 2706 ineptias,
1149 2634 1440 2707 imagines

496 2724 706 2781 Irridet
733 2729 909 2795 atque
940 2723 1231 2796 conspuit.

421 2813 615 2871 Senile
647 2818 866 2885 martyr
897 2812 1105 2867 maluit
1133 2811 1351 2866 collum
1384 2812 1521 2867 dare

487 2903 693 2958 Mortis
722 2901 971 2957 lavacris
1004 2900 1311 2972 inclytum.

421 2991 482 3047 Id
518 2992 860 3047 maluerunt
885 3006 1022 3045 voce
1052 2988 1205 3045 clara
1235 2988 1514 3045 Rusticus

486 3081 558 3135 Et
587 3078 1029 3134 contubernalis
1062 3078 1200 3149 pati.

410 3170 728 3224 Percussor
757 3184 896 3223 ense
926 3168 1065 3223 dum
1097 3166 1229 3222 {erit
1258 3169 1463 3238 guttur
1487 3167 1671 3236 senis,

483 3254 765 3326 Spectant
794 3254 1131 3325 frequentes
1162 3253 1395 3309 eminus

412 3343 613 3399 Pavidi
644 3361 847 3415 greges
880 3343 1183 3399 doctorum
1215 3345 1275 3398 in
1306 3342 1421 3399 alto
1453 3344 1681 3401 vertice.

486 3433 596 3488 Res
629 3432 778 3487 mira
812 3432 1081 3504 posteris,
1116 3438 1293 3503 caput

412 3522 575 3586 Quod
609 3526 976 3593 amputatum
1008 3521 1274 3578 viderant
1305 3524 1607 3580 cadaveris

2090 496 2146 559 Α
2246 492 2313 547 Hi
2345 493 2760 563 conspicantur
2790 490 3058 563 praesulis

2174 581 2445 636 Manibus
2477 582 2645 636 coitis
2674 580 3036 647 vectitatum,
3076 580 3330 637 nobilem

2246 672 2326 726 Ad
2356 670 2616 726 villulam
2652 670 2975 725 miraculis.

2176 759 2218 815 Ο
2251 766 2340 815 ter
2367 764 2693 831 quaterque
2721 766 2777 814 et
2806 758 3061 831 amplius
3096 759 3229 816 felix
3253 760 3466 832 jugum

2245 849 2363 904 Hoc
2395 854 2786 921 purpuratum
2820 849 3106 921 sanguine
3133 849 3144 902 !

2175 937 2333 992 Felix
2362 939 2575 993 amoeni
2608 938 2820 994 littoris
2851 939 3219 1009 pomoerium,

2244 1026 2520 1098 Felixque
2551 1027 2718 1083 collis
2749 1028 2935 1084 vinea.

2175 1116 2386 1171 Mulier
2413 1116 2647 1172 Catulla
2676 1117 2873 1172 ﬂoruit
2912 1119 3156 1174 credens
3187 1119 3324 1189 Deo,

2246 1210 2498 1276 Purgata
2526 1210 2726 1261 sancto
2759 1206 2981 1278 Spiritu
3018 1225 3031 1262 :

2174 1296 2308 1360 Quae
2342 1298 2493 1350 tacta
2523 1294 3043 1368 miris:martyrum
3076 1297 3269 1366 donis,
3299 1299 3510 1354 ducem

2247 1383 2510 1454 Mollivit,
2547 1394 2607 1439 ut
2638 1387 2920 1442 cadavera

2175 1473 2455 1529 Humaret
2486 1479 2662 1529 uncta
2694 1474 2976 1547 balsamo,
3008 1476 3179 1543 rosis,
3217 1492 3376 1534 mero
3412 1496 3425 1534 :

2248 1562 2415 1617 Domi
2446 1579 2751 1619 reservans
2784 1566 3054 1636 posteris.

2177 1651 2324 1707 Hinc
2350 1652 2516 1707 vicus
2550 1651 2646 1706 ille
2679 1653 2904 1708 feminae
2941 1671 3149 1711 nomen
3183 1655 3384 1711 trahit.

2250 1738 2629 1811 (Catulliacus
2660 1741 2774 1796 dici
2805 1746 3015 1813 potest)

2100 1873 2148 1938 Β
2178 1829 2311 1884 Jam
2343 1846 2443 1883 sex
2473 1829 2719 1900 peractis
2748 1831 2978 1887 saeculis
3010 1837 3112 1888 aut
3142 1833 3375 1889 circiter
3408 1851 3421 1890 :

2250 1922 2445 1973 Manes
2477 1917 2690 1991 sepulti
2724 1925 3048 1992 martyrum

2180 2008 2481 2064 Oblivione
2512 2025 2756 2079 prorsus
2788 2010 2981 2065 obruti
3017 2010 3128 2066 nisi

2253 2097 2427 2168 Regis
2461 2096 2699 2153 Clothaai
2733 2097 2890 2154 filius

2179 2187 2545 2259 Dagobertus
2574 2186 2692 2241 iras
2725 2187 2943 2243 horridi
2976 2188 3168 2246 vitans
3200 2192 3387 2262 patris

2250 2275 2460 2332 Tristis
2492 2292 2770 2333 cavernas
2802 2277 3118 2350 quaeritans
3152 2280 3323 2352 (100),

2180 2371 2250 2423 Se
2281 2365 2715 2434 contulissetin
2748 2367 3084 2439 sepulcrum
3119 2370 3328 2426 tutius.

2254 2456 2459 2511 Statim
2494 2456 2723 2528 sapitus
2754 2458 3004 2513 somnio.

2182 2547 2256 2601 At
2287 2544 2600 2601 dormienti
2631 2544 2871 2618 fulgidis
2902 2546 3042 2603 clari
3077 2547 3244 2605 stolis

2253 2640 2591 2707 Apparuere
2624 2639 2926 2708 martyres.

2180 2729 2260 2779 Ac
2292 2723 2639 2796 pollicentur
2667 2725 2918 2797 principi
2952 2725 3145 2783 minas
3175 2727 3360 2800 patris

2252 2813 2462 2869 Sedere
2494 2830 2663 2883 posse
2694 2813 2945 2884 caelitus,

2179 2902 2349 2957 Modo
2382 2901 2606 2958 favillas
2639 2901 2731 2957 hic
2763 2902 2907 2960 sitas
2940 2905 3244 2977 praeconiis

2247 2991 2534 3062 Insigniat
2565 3008 2797 3063 semper
2826 2992 3058 3050 lubens.

2172 3080 2459 3136 Triforme
2489 3080 2723 3136 culmen
2755 3081 3065 3153 Gallicum,
3096 3084 3307 3158 triplex
3337 3085 3531 3142 honor

2244 3174 2365 3237 Quo
2397 3177 2634 3243 praestat
2666 3174 2830 3229 urbis
2861 3174 3142 3247 dignitas.

2094 3244 2136 3312 C
2174 3261 2296 3317 Non
2330 3261 2621 3317 obolescet
2647 3262 2805 3318 ullus
2838 3264 2895 3318 in
2929 3244 3099 3320 terris
3132 3283 3277 3338 apex
3313 3285 3326 3323 :

2248 3351 2361 3407 Nec
2393 3351 2583 3423 pulvis
2616 3352 2865 3408 obducet
2896 3354 3010 3410 situ

2172 3444 2326 3508 Tuae,
2361 3445 2622 3511 patrone,
2657 3440 2919 3497 lauream
2953 3444 3166 3515 laudis,
3202 3444 3316 3500 Deo

2244 3530 2535 3602 Inscripta
2563 3546 2770 3603 perpes
2803 3532 3021 3604 pagina
3051 3537 3161 3590 est.

3376 3628 3592 3681 Amen.

482 3727 595 3851 399)
629 3726 727 3781 llle
783 3726 948 3782 locus
1006 3726 1210 3781 visitur
1274 3727 1333 3781 in
1392 3728 1609 3800 templo
1678 3729 1739 3785 Β.
1800 3728 2061 3801 Dionysii
2170 3729 2561 3803 longearipa
2591 3734 2891 3804 Sequanae.

482 3814 585 3851 ,ρο
635 3815 669 3851 a
717 3804 921 3851 Passu.
974 3815 1151 3851 nrone
1199 3800 1379 3851 andem
1437 3800 1618 3851 Beatm
1678 3800 1891 3851 Mariae-
1945 3819 2059 3851 non
2242 3804 2385 3851 (10οὶ
2421 3803 2731 3851 Aimnninn
2763 3823 2891 3851 mnn

2242 3804 2385 3875 (100)
2421 3804 2731 3861 Aimonius
2763 3806 3109 3877 monachus,
3146 3810 3296 3866 Hist.
3331 3808 3433 3866 lib.
3472 3829 3552 3877 ιν,
3584 3830 3632 3868 c.
3668 3812 3747 3868 17.

408 3800 585 3869 vulgo
635 3815 669 3852 a
717 3804 921 3865 Passu,
974 3815 1151 3870 prope
1199 3800 1379 3855 aedem
1437 3800 1618 3855 Beataa
1678 3800 1892 3872 Mariae,
1945 3800 2059 3857 non

411 3950 2861 3986 Μ

1212 4139 1687 4303 VITA
1806 4139 1970 4305 S.
2098 4141 3007 4310 DIONYSII

1745 4411 2486 4500 AREOPAGI'HE

863 4578 1367 4640 ATHENARUM
1414 4578 1791 4657 EPISCOPI,
1840 4581 2326 4644 FRANCORUM
2372 4586 2759 4647 APOSTOLI
2806 4588 2905 4647 ET
2949 4588 3354 4650 MARTYRIS

1952 4730 2064 4769 PER
2102 4730 2161 4771 Β.
2204 4732 2256 4769 Ρ.

1286 4850 2026 4972 PETRUM
2100 4852 2920 4980 HALLOIX

1796 5059 1937 5120 Soc.
1985 5062 2139 5121 Jssu
2184 5062 2411 5123 Passa.

1308 5190 1671 5247 Concinnata
1701 5190 2087 5264 ejusdemque
2119 5194 2525 5253 notationibus
2569 5197 2885 5255 illustrata.

1714 5434 1808 5487 41
1820 5433 1965 5489 0-4
1978 5436 2010 5489 Ι
2022 5435 2063 5489 Ι
2131 5438 2525 5497 ΡΒΛΕΡΑΤΙΟ.

468 5543 527 5628 Si
558 5560 589 5599 e
619 5544 1159 5631 claris-sanctorum
1194 5548 1429 5631 Patrum
1462 5550 1613 5631 Yitis
1644 5566 1721 5605 eae
1754 5550 2557 5631 primumpunctumferunt,
2582 5573 2708 5631 quae
2742 5576 2857 5614 una
2879 5576 3011 5615 cum
3038 5560 3407 5631 antiquitatis
3431 5558 3769 5631 auctoritate,

402 5618 652 5704 majores
684 5618 1005 5704 in.lit‘teri_s,
1040 5621 1096 5675 in
1134 5622 1455 5704 laboribus,
1480 5624 1543 5704 _in
1584 5618 2173 5704 peregrinationi-bus,
2207 5626 2263 5679 in
2298 5629 2483 5704 signis
2515 5618 2764 5698 denique
2794 5649 2860 5686 ac
2890 5618 3250 5687 salutaribus
3281 5634 3580 5704 prodigiis,
3614 5627 3773 5684 admi-

399 5687 723 5745 rabilitates
757 5690 973 5749 habent
1004 5713 1018 5762 ;
1054 5693 1273 5749 nemini
1305 5711 1447 5751 sane
1477 5695 1535 5750 in
1568 5687 1749 5751 dubio
1789 5687 2170 5769 relinquitur,
2199 5715 2312 5770 quo
2344 5687 2489 5769 loco,
2524 5687 2709 5772 quove
2758 5720 3002 5761 numero
3032 5721 3100 5761 ea
3130 5687 3372 5761 censeri
3400 5687 3622 5770 debeat,
3654 5714 3768 5771 qua!

3698 372 3795 425 696
