4020 6358
245 324 352 380 725
1276 325 1473 396 VITA,
1510 326 1725 382 AUCT.
1764 328 1827 380 P.
1869 327 2191 382 HALLOIX
2227 325 2381 385 BOC.
2419 328 2618 382 JESU.
3550 321 3663 379 726

242 446 435 507 omnis
467 449 622 503 retro
653 447 980 520 antiquitas
1012 447 1218 514 coluit,
1250 463 1400 518 quos
1433 452 1496 502 tu
1528 448 1656 520 ipse
1689 448 1883 503 adhuc
1914 453 2034 504 tam
2066 453 2268 505 sancte
2291 454 2603 505 veneratus
2634 466 2715 517 es,
2749 454 2806 505 et
2834 450 3196 506 venerandos
3222 464 3352 505 esse
3382 447 3659 520 docuisti,

246 526 472 576 mutata
501 522 579 593 de
602 522 801 577 subito
836 521 1157 588 voluntate,
1183 536 1336 574 nunc
1370 520 1577 593 abjicis
1604 521 1630 575 ?
1661 525 1722 575 tu
1753 520 1908 591 illos,
1940 521 2101 576 velut
2129 522 2339 577 Circaeo
2373 523 2625 593 quodam
2674 522 2883 593 poculo
2916 523 2974 577 in
3024 522 3205 578 alium
3240 537 3465 593 versus,
3504 538 3660 577 nunc

243 592 657 664 despiciendos
690 599 746 648 et
770 594 1142 665 despuendos
1165 593 1348 665 doces
1371 592 1398 645 ?
1419 592 1613 663 Ecqua
1643 594 1715 647 de
1740 609 1921 648 causa
1944 609 2079 647 vero
2100 594 2127 647 ?
2158 610 2367 665 nempe
2396 592 2463 648 ut
2501 592 2691 649 unum
2718 594 3084 659 seditiosum,
3120 599 3177 649 et
3207 592 3581 661 sceleratum,
3604 598 3662 648 et

243 663 517 746 impium,
551 680 738 746 quem
760 665 852 720 sui
881 663 1202 746 populares
1234 666 1305 719 ob
1337 663 1632 746 horrenda
1659 665 1884 746 ﬂagitia
1915 670 2100 720 morte
2124 663 2928 746 infamissimama‘ctarunt,‘
2953 670 3447 746 tanquaAmnDeum
3496 665 3657 721 colas

243 683 517 735 impium,
551 683 727 746 quem
760 683 852 720 sui
886 683 1202 792 populares
1234 683 1305 719 on
1337 683 1632 745 uorrenaa
1659 683 1884 735 uagina
1915 683 2100 720 morte
2124 683 2516 721 iniamismma
2547 683 2899 733 mactarunt,
2953 683 3233 737 tanquam
3267 683 3447 720 ueum
3496 683 3653 721 coras

242 742 297 793 et
324 751 622 809 venereris
644 735 868 809 ?7Papw
943 737 1317 802 insolentem,
1352 735 1990 809 invisam,_inauditam
2016 739 2334 791 amentiam
2364 737 2375 791 l
2411 737 2676 793 Taliailli
2706 743 2763 792 et
2786 739 2972 791 multa
2992 738 3127 792 alia.
3153 737 3376 801 Quibus
3398 752 3531 809 cum
3557 753 3653 791 sa-

237 808 612 935 Pieutissime
642 808 729 862 vir
761 807 863 863 Dei
898 825 1086 864 novus
1118 808 1520 878 responderet,
1554 812 1613 863 et
1642 807 1779 863 hinc
1829 810 2071 864 deorum
2105 809 2421 864 vanitatem
2454 826 2522 864 ex
2571 809 3000 879 antiquissimis
3050 811 3313 881 ipsorum
3345 807 3653 891 gentilium

262 880 430 935 ibris.
454 884 512 934 et
542 879 680 934 inde
712 879 891 935 unius
911 880 1030 935 veri
1064 880 1164 935 Dei
1194 880 1513 935 veritatem.
1549 879 1928 935 solidissimis
1970 880 2295 935 rationibus
2343 885 2854 935 commonstraret.
2889 881 3104 935 surdis.
3137 882 3292 935 ouod
3324 883 3511 935 aiunt.
3543 897 3652 935 au-

262 880 430 947 ibris,
454 884 512 934 et
542 879 680 952 inde
712 879 891 935 unius
911 880 1030 936 veri
1064 880 1164 935 Dei
1194 880 1513 952 veritatem,
1549 879 1928 936 solidissimis
1970 880 2295 936 rationibus
2343 885 2854 951 commonstraret,
2889 879 3104 949 surdis,
3137 882 3292 952 quod
3324 879 3511 952 aiunt,
3543 897 3652 936 au-

239 952 405 1025 ribus
436 951 762 1025 accinebat.
782 956 849 1007 Et
879 952 951 1008 de
978 952 1211 1009 Christo
1243 951 1504 1025 quidem,
1531 968 1666 1008 cum
1699 952 1963 1025 exspauli
1984 952 2247 1025 doctrina
2263 955 2392 1025 ejus
2422 969 2719 1008 summam
2753 951 3231 1008 innocentiam’et
3259 951 3648 1025 voluntariam

240 1040 346 1096 pro
376 1023 719 1096 hominibus
765 1029 1040 1096 mortem,
1067 1029 1124 1079 et
1153 1025 1290 1079 data
1318 1024 1378 1078 in
1410 1028 1599 1079 morte
1623 1024 1909 1096 prodigia,
1952 1023 2495 1094 replicando'etiam
2529 1027 2790 1080 nondum
2822 1026 3234 1080 inveterratam
3256 1024 3476 1096 defecti
3507 1023 3651 1080 solis

241 1095 612 1179 memoriam,
645 1096 791 1179 satis
840 1095 995 1177 clare
1039 1096 1407 1179 ostenderet:
1442 1095 1637 1179 tamen
1668 1096 1780 1179 ipsi
1812 1101 1884 1177 .et
1930 1096 2085 1179 428
2117 1096 2218 1151 illa
2254 1110 2474 1179 temere
2505 1096 2918 1179 inﬁciabantur
2957 1102 3016 1179 at
3042 1096 3198 1179 hanc
3218 1095 3499 1179 aliorsum
3531 1101 3651 1179 tra:

241 1166 479 1239 hebant,
512 1167 692 1231 Quasi
723 1167 1004 1223 nimirum
1037 1173 1095 1222 et
1124 1168 1260 1223 talis
1304 1167 1640 1239 innocentia
1662 1166 1711 1222 si
1743 1168 1971 1237 fuisset,
2006 1185 2312 1239 nunquam
2346 1169 2555 1223 fuisset
2600 1169 2836 1239 publico
2866 1169 3093 1238 judicio
3125 1169 3516 1223 condemnata
3548 1184 3562 1234 ;
3594 1170 3653 1223 et

235 1237 337 1293 illa
370 1238 518 1295 solis
540 1239 784 1311 defectio
816 1239 866 1311 si
898 1244 1088 1295 totum
1137 1239 1335 1294 orbem
1368 1238 1787 1308 inumbrasset,
1822 1255 1934 1293 non
1979 1243 2098 1294 tam
2131 1237 2199 1295 ea
2228 1241 2299 1295 de
2340 1257 2539 1307 causa,
2574 1237 2748 1311 quam
2793 1239 3040 1295 occultis
3086 1240 3440 1310 quibusdam
3471 1238 3648 1294 ratio-

236 1312 413 1383 nibus
445 1310 783 1383 accidisset,
812 1310 1069 1366 Plurima
1098 1311 1256 1366 enim
1288 1311 1531 1365 deorum
1565 1311 1698 1383 fatis
1720 1311 1776 1364 in
1813 1312 2036 1383 mundo
2064 1313 2317 1375 evenire,
2351 1310 2605 1383 quorum
2625 1311 2925 1383 explorare
2953 1328 3163 1367 causas
3188 1311 3356 1377 velle,
3380 1311 3647 1383 quando-

237 1382 474 1452 quidem
512 1383 627 1453 ipsi
658 1383 737 1437 dii
772 1382 1007 1453 ignotas
1026 1383 1231 1453 velint,
1265 1387 1537 1438 extrema:
1569 1382 1646 1438 sit
1691 1382 2019 1437 dementias.
2048 1384 2294 1439 Proinde
2323 1382 2489 1440 orare
2516 1400 2578 1439 se
2611 1382 2776 1438 illum
2829 1389 3003 1453 atque
3032 1384 3337 1450 obtestari,
3369 1388 3434 1437 ut
3465 1382 3642 1437 etiam

233 1460 412 1526 atque
457 1455 638 1509 etiam
699 1470 901 1511 secum
952 1455 1167 1526 cogitet
1216 1459 1393 1526 atque
1424 1455 1753 1510 consideret
1798 1455 1937 1525 quid
1966 1455 2120 1526 agit;
2147 1460 2324 1510 totam
2362 1456 2452 1511 hic
2509 1459 2637 1526 ejus
2668 1455 3163 1511 existimationem
3214 1460 3391 1525 atque
3422 1455 3639 1509 famam

233 1524 557 1651 Periclitari
585 1543 598 1580 :
634 1542 738 1581 nec
760 1526 873 1597 ipsi
906 1524 1137 1581 tantum
1168 1524 1311 1582 eam‘
1331 1526 1632 1597 religionis
1666 1524 2074 1594 mutationem,
2104 1528 2204 1582 sed
2239 1529 2524 1583 universae
2544 1524 2791 1599 quoque
2827 1528 3235 1598 Dionysiorum
3267 1524 3426 1599 genti
3466 1530 3643 1597 atque

257 1597 474 1651 amilias
508 1598 698 1651 fraudi
732 1598 870 1651 fore.
910 1599 1085 1651 Ouasi
1118 1598 1495 1651 misereretur
1526 1598 1640 1651 sui.
1674 1614 2056 1651 suorumque.
2089 1616 2227 1651 neve
2258 1616 2361 1651 ner
2386 1600 2849 1651 imnrudentiam
2881 1616 3071 1651 suam.
3094 1603 3196 1651 aut
3226 1597 3642 1651 temeritatem.

257 1597 476 1671 'amiliss
508 1598 698 1671 fraudi
732 1598 870 1654 fore.
910 1599 1097 1671 Quasi
1118 1598 1495 1654 misereretur
1526 1598 1640 1665 sui,
1674 1614 2056 1671 suorumque,
2089 1616 2227 1654 neve
2258 1616 2361 1671 per
2386 1597 2849 1670 imprudentiam
2881 1597 3071 1663 suam,
3094 1603 3196 1653 aut
3226 1597 3642 1671 temeritatem,

235 1675 336 1753 aut
364 1669 841 1753 stultitia_m,.aut.
870 1671 1054 1753 etiam
1084 1669 1445 1753 impietatem
1479 1670 1992 1753 committeret,_ut
2022 1672 2234 1752 domus
2256 1669 2363 1726 sua
2395 1669 2567 1753 modo
2600 1677 2717 1753 tam
2760 1671 2994 1753 ﬂorens,
3023 1676 3142 1724 tam
3189 1670 3490 1753 opulenta,
3523 1673 3643 1753 tam

232 1740 454 1814 honore
487 1747 545 1797 et
573 1740 1236 1814 gloriaicircumﬂuens,
1258 1747 1316 1797 et
1343 1757 1571 1814 semper
1593 1742 1878 1814 hactenus
1900 1742 1958 1796 in
1991 1744 2252 1797 omnium
2279 1759 2379 1797 ore
2408 1748 2464 1798 et
2488 1742 2660 1798 laude
2683 1748 2934 1806 versata,
2956 1758 3112 1814 nunc
3144 1740 3319 1797 unius
3352 1741 3642 1811 supersti-

233 1813 596 1886 tionisr(quaa
625 1812 849 1886 passim
880 1812 1494 1886 exsibilaturjgratia,
1522 1813 1654 1868 istis
1687 1813 1960 1869 omnibus
1992 1816 2234 1886 nudata,
2268 1816 2326 1869 in
2361 1815 2633 1886 squalore
2665 1818 2723 1869 et
2743 1814 3049 1886 sordibus,
3084 1813 3327 1886 humilis
3351 1817 3409 1886 et
3446 1813 3641 1886 defor-

235 1883 638 1957 matajaceat,’
663 1883 929 1957 nihilque
961 1885 1194 1956 pristini
1232 1883 2040 1957 'decoris'atqueornamenti
2091 1887 2377 1953 retineat;
2409 1883 2509 1942 sed
2547 1885 2807 1941 infamiae
2852 1883 3040 1955 atque
3078 1884 3437 1956 ignominias,
3466 1885 3640 1955 cujus

234 1962 352 2011 tam
382 1957 592 2011 vixerit
612 1954 896 2012 hactenus
929 1954 1211 2023 insolens,
1247 1956 1348 2012 ﬁat
1374 1954 1645 2012 obnoxia.
1678 1956 1793 2012 Nec
1815 1958 2130 2013 defuerunt
2162 1960 2428 2022 fortasse,
2463 1959 2561 2026 qui
2606 1957 2877 2013 exsilium
2908 1954 2965 2012 et
3003 1954 3314 2021 tormenta,
3349 1960 3449 2011 aut
3479 1954 3635 2011 mer-

233 2033 375 2101 tem,
408 2034 466 2084 et
495 2028 750 2083 Socratis
780 2028 1025 2084 exitium
1057 2028 1108 2083 ei
1139 2029 1577 2084 denuntiarent.
1609 2029 1665 2084 Si
1690 2028 1846 2083 enim
1882 2029 2126 2097 Socrati,
2160 2034 2280 2085 tam
2313 2029 2899 2101 philosopho,ﬂDeum
2934 2045 3118 2101 unum
3154 2033 3212 2084 et
3260 2044 3499 2101 novum,
3531 2029 3634 2083 sed

233 2098 403 2154 illum
434 2107 632 2155 tamen
656 2116 982 2171 summum,
1016 2101 1164 2155 etab
1196 2101 1357 2156 hisce
1378 2101 1633 2155 miseriis
1667 2101 2155 2167 remotissimum,
2182 2098 2483 2157 inducenti
2509 2098 2618 2156 nex
2640 2100 2813 2156 allata
2836 2101 2912 2154 sit
2938 2118 2951 2169 ;
2986 2100 3127 2171 quid
3152 2101 3223 2155 de
3246 2116 3319 2171 eo
3342 2100 3633 2165 futurum,

237 2172 335 2243 qui
374 2189 554 2227 unum
582 2170 921 2226 furciferum
953 2171 1142 2241 (nulla
1172 2172 1331 2227 enim
1365 2178 1489 2227 erat
1517 2173 1670 2242 apud
1700 2173 1966 2227 efferatos
1998 2173 2205 2228 talium
2238 2175 2545 2229 verborum
2584 2172 2962 2297 parcimoniaj
2992 2170 3050 2227 et
3070 2172 3223 2226 inter
3242 2170 3499 2227 latrones
3530 2188 3629 2242 pa-

241 2242 561 2297 tibulatum
589 2244 725 2297 (38l.
760 2259 885 2297 esse
915 2243 1097 2297 Deum
1130 2244 1390 2297 edoceat.
1423 2248 1479 2297 et
1508 2260 1610 2297 nro
1642 2260 1856 2297 magno
1886 2245 2139 2297 Numine
2168 2246 2424 2297 venditet
2451 2246 2478 2297 ‘I
2513 2244 2767 2297 Denique
2796 2243 2932 2297 simi
2962 2259 2991 2297 e
3022 2260 3262 2297 nrorsus
3290 2243 3522 2297 somnio
3553 2243 3629 2297 vi-

241 2242 561 2315 tibulatum
589 2244 725 2313 (38),
760 2259 885 2299 esse
915 2243 1097 2298 Deum
1130 2244 1390 2311 edoceat,
1423 2248 1479 2298 et
1508 2260 1610 2314 pro
1642 2260 1856 2314 magno
1886 2245 2139 2300 Numine
2168 2246 2424 2301 venditet
2451 2246 2478 2299 ?
2513 2244 2767 2315 Denique
2796 2242 2991 2299 simile
3022 2260 3262 2315 prorsus
3290 2243 3522 2299 somnio
3553 2243 3635 2297 vi-

242 2314 389 2379 deri,
422 2320 539 2370 tam
575 2315 1040 2387 stupidumesse
1072 2315 1330 2387 aliquem
1359 2320 1416 2371 et
1436 2316 1710 2381 bardum,
1740 2316 1837 2385 qui
1868 2316 1990 2371 haec
2019 2322 2139 2371 tam
2171 2316 2540 2371 incredibilia
2558 2316 2647 2370 vel
2674 2314 3038 2387 suspicetur,
3066 2331 3176 2370 non
3210 2316 3383 2387 modo
3401 2315 3637 2383 credat;

238 2387 380 2460 quid
411 2388 603 2442 virum
633 2388 872 2442 doctum
892 2385 916 2460 Ξ
939 2386 1076 2460 quid
1104 2385 1563 2460 Areopagitami?
1593 2387 1736 2460 quid,
1764 2388 1936 2460 primi
1957 2386 2121 2442 illius
2137 2389 2365 2443 consilii
2398 2387 2766 2460 principem?
2791 2385 2890 2460 Ita;
2908 2388 3028 2460 fere
3057 2387 3177 2442 isti.
3208 2386 3431 2460 Quibus
3460 2402 3637 2457 quam

241 2458 548 2531 sapienter
578 2463 635 2514 et
666 2475 845 2531 quam
893 2458 1120 2514 fortiter
1168 2458 1359 2531 novus
1401 2458 1616 2531 Christi
1664 2458 1883 2516 athleta
1935 2461 2325 2530 responderit,
2357 2458 2512 2515 haud
2566 2459 2739 2530 paulo
2763 2458 2995 2531 facilius
3032 2465 3122 2531 est
3144 2459 3425 2531 cogitatu,
3461 2475 3638 2528 quam

237 2529 401 2602 diotu
438 2549 451 2587 :
485 2529 723 2602 summa
770 2535 968 2585 tamen
1000 2531 1266 2600 responsi
1317 2530 1439 2586 haec
1472 2530 1626 2602 fuit:
1653 2530 1839 2586 Valde
1870 2529 2093 2587 scilicet
2140 2532 2200 2587 in
2230 2532 2445 2587 Christi
2494 2529 2742 2602 persona
2774 2531 2844 2585 ab
2875 2530 3096 2602 ignaris
3144 2529 3643 2602 hominihus,iaut

241 2601 422 2656 nimis
454 2601 714 2658 credulis
744 2602 1022 2657 aberrari.
1058 2602 1197 2657 Nam
1227 2602 1420 2673 qualis
1452 2601 1625 2656 fuerit
1655 2603 1951 2673 magister,
1976 2620 2089 2657 non
2122 2604 2351 2658 aliunde
2383 2600 2600 2660 certius
2623 2618 2801 2673 quam
2834 2618 2901 2657 ex
2933 2600 3242 2671 discipulis
3275 2618 3445 2672 posse
3470 2600 3639 2657 disci.

237 2673 500 2737 Quorum
533 2673 953 2743 discipulorum
986 2690 1054 2728 ea
1084 2674 1160 2728 sit
1184 2675 1321 2741 vita,
1356 2674 1394 2727 ii
1429 2689 1642 2739 mores,
1677 2680 1743 2728 ut
1791 2674 1935 2729 nihil
1965 2674 2265 2740 vitiosum,
2299 2675 2445 2729 nihil
2483 2674 2677 2739 fallax,
2711 2673 2853 2727 nihil
2901 2674 3162 2729 fucatum
3194 2673 3551 2742 deprehendi
3584 2673 3643 2727 in

234 2744 581 2818 iisupossit;
612 2746 878 2818 doctrina
901 2761 1055 2818 vero
1086 2749 1207 2800 tam
1261 2751 1431 2800 recite
1462 2745 1672 2800 rationi
1705 2750 1768 2818 et
1816 2763 1957 2800 verte
1989 2746 2376 2818 philosophiae
2435 2752 2849 2811 consentanea,
2884 2749 2975 2818 ut,
3006 2744 3168 2818 nihil
3210 2746 3421 2817 magis.
3453 2746 3637 2815 Cujus

239 2816 467 2890 scilicet
497 2816 741 2873 minime
768 2817 1009 2872 dubiam
1045 2818 1347 2873 veritatem
1372 2818 1578 2890 ingens
1608 2816 2008 2888 prodigiorum
2036 2835 2165 2883 eam
2198 2816 2271 2874 ob
2304 2835 2424 2873 rem
2458 2823 2819 2890 patratorum
2853 2817 3023 2890 copia
3052 2816 3351 2890 evidenter
3381 2833 3643 2890 compro-

248 2888 402 2944 barit
461 2890 575 2960 (39)
608 2905 621 2943 :
656 2893 713 2943 et
760 2906 961 2944 eorum
994 2890 1234 2959 quidem
1286 2889 1706 2961 prodigiorum,
1742 2890 1957 2961 quibus
1988 2908 2103 2946 non
2138 2908 2286 2945 vana
2334 2888 2643 2945 hominum
2676 2892 2833 2961 fama
2862 2889 3113 2960 gloriave
3144 2888 3385 2944 collecta
3414 2890 3512 2957 sit,
3538 2889 3639 2944 sed

234 2960 627 3042 infirmorum,
659 2961 1077 3042 etudebilium,
1100 2966 1171 3042 et.
1200 2960 1563 3042 mancorum,
1597 2961 1711 3042 imo
1757 2960 1813 3017 et
1844 2968 2235 3042 morjuorum,
2265 2963 2511 3042 sanitas,
2536 2962 2674 3042 vita,
2708 2960 2871 3016 salus
2912 2964 3259 3042 procurata.
3288 2962 3378 3042 _Ad
3442 2961 3636 3042 minas

233 3031 565 3105 autemivel
622 3032 811 3087 exsilii
852 3032 939 3087 vel
998 3031 1219 3105 mortis,
1240 3035 1393 3104 quod
1424 3034 1691 3105 attineat,
1729 3049 1792 3088 se
1822 3034 1909 3089 vel
1956 3035 2191 3090 Socrate
2223 3036 2348 3105 ipso
2380 3033 2661 3089 libentius
2696 3031 3145 3104 promptiusque
3175 3032 3418 3105 (quippe
3450 3036 3503 3105 et
3533 3049 3635 3104 pro

234 3102 461 3178 meliori
520 3105 721 3178 causa)
754 3106 1125 3178 moriturum.
1148 3102 1351 3178 AVitam
1409 3104 1746 3178 enimiesse,
1774 3122 1889 3161 non
1941 3111 2215 3170 mortem,
2242 3102 2343 3178 pro
2374 3106 2604 3161 Christo
2638 3102 2805 3160 mori.
2842 3102 3003 3178 Hanc
3033 3102 3422 3178 mortem,’vei
3453 3102 3633 3178 vitam

233 3177 456 3248 potius,
479 3175 747 3248 certatim
782 3195 815 3229 a
845 3176 1192 3248 Christianis
1225 3176 1366 3247 peti,
1388 3181 1446 3231 et
1493 3176 1723 3231 avidius
1743 3193 1916 3245 quam
1950 3174 2295 3233 thesaurum
2348 3178 2544 3243 quaeri.
2579 3182 2694 3231 Nec
2724 3193 2857 3231 vero
2890 3176 3204 3247 Epicureos
3234 3180 3356 3230 tam
3408 3174 3638 3248 inhiare

234 3246 415 3320 atque
447 3246 1421 3320 adhinnire_voluptatibus,iquam
1451 3265 1709 3320 verosiac
1740 3264 2049 3320 germanos
2080 3249 2294 3304 Christi
2322 3254 2642 3304 sectatores
2673 3265 2772 3320 eos
2802 3246 3065 3311 refugere
3095 3254 3278 3320 atque
3309 3246 3635 3320 aspernari.

236 3317 380 3377 Nam
418 3335 533 3389 pre
593 3317 908 3391 cunctisiet
932 3317 1368 3390 Voluptatibus
1399 3323 1456 3374 et
1477 3319 1702 3374 deliciis
1736 3317 1990 3375 maximo
2050 3320 2197 3391 ipsis
2230 3321 2288 3375 in
2323 3321 2507 3391 pretio
2539 3336 2668 3375 esse
2714 3319 2967 3385 labores,
3000 3319 3268 3391 sudores,
3300 3318 3546 3387 vigilias,
3582 3323 3640 3374 et

232 3406 601 3464 quiscunque
630 3389 805 3461 vulgo
835 3389 1140 3446 hominum
1166 3391 1314 3446 dura
1340 3395 1398 3447 et
1424 3391 1631 3464 aspera
1662 3396 1719 3446 et
1745 3389 2136 3448 intolerabilia
2168 3389 2534 3464 reputantur.
2570 3392 2730 3457 Quod
2764 3391 3022 3464 profecto
3048 3391 3193 3464 dum
3242 3390 3486 3464 faciunt,
3513 3407 3636 3464 non

234 3461 456 3518 vitiatae
487 3461 869 3533 infractasque
903 3468 1147 3528 naturae,
1178 3467 1235 3517 et
1264 3464 1334 3518 ad
1371 3463 1568 3519 mbllia
1600 3480 1835 3533 semper
1865 3464 2207 3519 inclinantis
2237 3461 2547 3526 instinctu,
2583 3464 2685 3518 sed
2717 3462 3277 3533 eximiaecujusdam
3323 3461 3559 3517 virtutis
3582 3466 3639 3515 et

232 3534 462 3591 altioris
496 3532 804 3605 potestatis
834 3534 1220 3599 adminiculo,
1251 3535 1307 3589 id
1338 3551 1399 3589 se
1430 3541 1703 3606 przestare
1736 3532 2043 3591 manifeste
2100 3537 2375 3605 produnt.
2413 3537 2508 3589 His
2541 3535 2728 3606 igitur,
2752 3539 2809 3588 et
2854 3532 3075 3588 talibus
3109 3532 3305 3606 dictis,
3339 3533 3539 3606 qualia
3569 3549 3639 3588 ex

230 3606 393 3661 Pauli
426 3603 525 3661 ore
559 3606 876 3679 identidem
908 3623 1093 3661 novus
1124 3613 1250 3675 tyro
1272 3603 1732 3679 audiebattnam
1763 3609 1833 3662 ad
1881 3603 2141 3662 divinum
2176 3609 2303 3679 ejus
2333 3603 2607 3677 spiritum
2640 3605 2897 3661 animam
2941 3622 3109 3679 suam
3142 3603 3633 3679 agglutinaverat)

236 3695 351 3734 non
384 3679 559 3733 modo
591 3679 663 3733 ab
693 3677 1050 3745 importunis
1081 3694 1282 3733 eorum
1316 3678 1793 3750 aggressionibus
1828 3679 1977 3735 belle
2005 3695 2066 3733 se
2114 3676 2475 3750 expediebat,
2510 3680 2608 3735 sed
2643 3678 2818 3733 etiam
2852 3676 3168 3750 nonnullos
3199 3693 3315 3747 qua
3346 3677 3395 3729 vi
3457 3676 3637 3750 ratio-

232 3767 398 3815 num,
436 3767 552 3820 qua
608 3750 977 3833 auctoritatis
1037 3748 1559 3833 ponderein’suas
1591 3756 1949 3833 partes,‘non
1983 3767 2154 3833 secus
2190 3748 2285 3833 ac
2314 3752 2529 3833 fergum
2567 3765 2847 3833 magnes,
2881 3748 3256 3833 pertrahebat
3292 3764 3305 3802 :
3342 3749 3630 3833 quosdam

227 3838 386 3888 vero,
408 3838 559 3892 quos
618 3821 885 3877 evincere
913 3820 1238 3877 obstinatos
1296 3823 1536 3877 omnino
1558 3820 1671 3876 non
1728 3827 1973 3892 poterat,
2006 3823 2214 3879 saltem
2271 3822 2639 3878 labefactatis
2687 3820 2889 3876 eorum
2917 3820 3199 3876 arietibus
3231 3835 3298 3875 ac
3336 3820 3629 3876 machinis

228 3894 310 3967 ita
366 3893 816 3967 quatefaciebat,
842 3897 907 3949 ut
959 3894 1084 3967 suis
1114 3893 1437 3967 inciperent
1492 3893 1925 3967 munitionibus
1955 3899 2130 3965 atque
2191 3895 2507 3951 momentis
2559 3893 2861 3967 diffidere:
2896 3892 3044 3949 alios
3064 3893 3458 3967 deniquesua
3490 3910 3634 3963 pras-

227 3963 474 4022 fractius
532 3965 1009 4036 obstinatiusque
1038 3965 1434 4032 defendentes,
1468 3982 1645 4036 quam
1677 3966 1867 4022 aliena
1899 3963 2218 4037 patientius
2278 3967 2626 4037 faciliusque
2658 3965 3028 4037 sufferentes,
3063 3966 3143 4020 ita
3174 3963 3532 4037 absolvebat,
3568 3968 3634 4020 ut

226 4037 647 4110 intelligerent,
681 4036 794 4093 nisi
849 4055 988 4093 suas
1012 4038 1450 4110 accommodare
1481 4054 1653 4093 aures
1709 4036 2073 4108 sapientibus
2104 4038 2273 4094 dictis
2334 4036 2595 4106 mallent,
2630 4055 2807 4107 quam
2845 4036 3090 4099 alienas,
3116 4036 3365 4110 arreptis
3396 4036 3628 4110 _e_trivio

228 4106 588 4171 maledictis,
618 4109 964 4174 obtundere,
997 4109 1141 4163 nihil
1175 4125 1303 4164 esse
1334 4125 1435 4164 cur
1455 4110 1699 4165 domum
1721 4106 1892 4165 suam
1917 4111 2307 4174 venditarent,
2328 4118 2429 4165 aut
2449 4106 2830 4180 congressum
2854 4112 3146 4180 peterent:
3167 4106 3451 4180 quidquid
3473 4107 3630 4162 enim

226 4186 489 4251 agerent,
521 4184 754 4237 acturos
783 4182 1248 4242 frustra,frustra
1280 4180 1665 4238 laboraturos.
1700 4182 1841 4237 Cum
1869 4187 2062 4238 autem
2091 4191 2283 4237 essent
2316 4200 2430 4235 non
2467 4178 2655 4252 pauci.
2681 4181 2781 4250 qui
2813 4178 2955 4241 tcto,
2988 4179 3143 4252 quod
3176 4178 3363 4237 aiunt,
3398 4184 3630 4252 pectore

228 4250 518 4309 adversus
548 4269 683 4308 eum
715 4252 1139 4325 obniterentur,
1169 4252 1367 4325 nullus
1398 4258 1593 4309 tamen
1628 4254 1736 4309 fuit
1763 4272 1831 4309 ex
1861 4255 2154 4320 omnibus,
2189 4255 2288 4323 qui
2315 4254 2446 4325 plus
2470 4250 2830 4325 lacessiverit
2868 4250 3111 4325 negotii,
3142 4252 3451 4325 quamqui
3485 4250 3632 4306 alias

227 4342 387 4380 unus
414 4330 538 4381 erat
566 4342 635 4380 ex
655 4324 933 4380 omnibus
956 4325 1126 4396 longe
1155 4324 1543 4381 charissimus
1565 4330 1623 4380 et
1654 4326 2173 4391 familiarissimus,
2202 4322 2456 4395 nempea
2492 4324 2676 4396 prima
2706 4327 2872 4396 aetate
2894 4322 3134 4396 sodalis,
3158 4326 3214 4376 et
3236 4322 3634 4396 injuventute

227 4397 766 4469 peregrinationum
798 4397 1010 4469 socius,
1033 4393 1096 4469 et
1123 4413 1237 4469 uno
1268 4397 1644 4469 verbo,_alter
1668 4401 1811 4467 ipse,
1844 4398 2279 4469 Apollophanes
2299 4417 2317 4451 :
2345 4393 2503 4469 idem
2529 4395 2769 4465 inquam
2798 4395 2915 4469 ilia,
2941 4394 3039 4466 qui
3078 4397 3143 4469 u_t_
3163 4393 3429 4469 muribus
3453 4393 3631 4448 simul

226 4464 284 4525 et
308 4464 523 4525 studiis
555 4468 772 4525 artium
804 4464 1349 4537 conjunctissimus.
1383 4472 1440 4522 et
1472 4467 1531 4522 in
1561 4464 1803 4538 [Egy-pto
1852 4464 2312 4534 contubernalis,
2346 4464 2788 4523 celeberrimam
2820 4464 2983 4520 illam
3023 4464 3180 4538 solis
3222 4465 3632 4538 defectionem,

227 4556 366 4596 cum
431 4539 711 4609 Heliopoli
764 4557 883 4595 una
916 4536 1142 4604 essent,
1176 4538 1354 4593 simul
1404 4536 1726 4605 notaverat,
1762 4541 1938 4595 simul
1998 4540 2416 4608 exploraverat,
2449 4541 2547 4594 sed
2584 4556 2695 4593 non
2755 4538 2994 4608 perinde
3018 4537 3075 4592 in
3117 4553 3218 4591 cor
3245 4536 3633 4609 animumque

229 4613 570 4668 demiserat.
607 4614 661 4668 Is
693 4611 873 4683 igitur
903 4612 1130 4667 nullum
1158 4611 1774 4683 nonmovitlapidem,
1808 4629 1923 4682 quo
1955 4613 2230 4666 intimum
2265 4629 2438 4667 suum
2474 4612 2727 4665 amicum
2757 4612 2828 4664 de
2859 4617 3133 4683 suscepta
3159 4626 3309 4683 nova
3345 4608 3632 4683 religione

231 4685 591 4741 deturbaret.
630 4681 953 4739 Hicwautem
980 4701 1010 4738 e
1040 4682 1331 4738 contrario
1362 4683 1488 4738 dies
1512 4681 1922 4754 noctesquede
1952 4684 2052 4739 illo
2085 4686 2141 4738 in
2169 4701 2333 4738 suam
2361 4684 2707 4739 sententiam
2736 4682 3083 4737 attrahendo
3114 4681 3633 4754 cogit_are._Adibat

229 4762 287 4811 et
314 4756 594 4812 audiebat
624 4756 772 4810 alter
802 4756 1052 4811 alterum
1084 4771 1150 4809 eo
1182 4754 1461 4827 libentius
1493 4772 1556 4810 ac
1588 4752 1924 4827 patientius,
1954 4773 2069 4827 quo
2102 4756 2333 4827 utrique
2366 4756 2590 4809 avidior
2620 4754 2853 4810 animus
2894 4758 3016 4827 erat
3048 4760 3104 4808 et
3134 4752 3278 4808 socii
3322 4752 3630 4827 evincendi

230 4828 464 4899 sibique
511 4828 891 4900 adjungendi,
924 4830 981 4882 et
1036 4825 1245 4900 veteris
1268 4826 1544 4900 amicitiae
1591 4824 1942 4884 retinendae.
1971 4824 2081 4883 Sed
2143 4824 2276 4900 cum
2310 4827 2461 4883 429
2499 4832 2730 4900 mutuae
2781 4824 3146 4900 accessiones
3190 4841 3423 4900 semper
3443 4824 3626 4894 plenae

235 4897 453 4957 amoris
483 4897 717 4971 essent,
736 4903 934 4954 tamen
968 4899 1235 4953 maeroris
1267 4898 1578 4971 luctusque
1609 4905 1775 4956 erant
1801 4915 1976 4971 quam
2001 4899 2462 4955 confertissima.
2497 4900 2639 4953 Nam
2683 4898 2754 4953 ob
2805 4914 2940 4964 spes
2972 4897 3267 4971 utrimque
3309 4897 3628 4971 frustratus

235 4988 351 5042 quo
382 4974 574 5042 major
613 4972 672 5027 in
704 4970 976 5041 ingressu
999 4987 1165 5025 amor
1195 4987 1274 5042 se,
1305 4966 1679 5037 explicuerat,
1720 4966 1831 5027 hoc
1859 4972 2087 5026 tristior
2120 4972 2174 5025 in
2210 4972 2477 5041 digressu
2512 4975 2739 5042 amator
2788 4969 3161 5042 succedebat.
3194 4966 3401 5042 Levius
3430 4971 3627 5042 tamen

234 5038 289 5098 et
319 5038 659 5115 patientius,
693 5038 1085 5113 quodcunque
1127 5041 1280 5096 istud
1302 5047 1443 5115 erat
1473 5043 1775 5109 molestiae,
1809 5044 2026 5099 ferebat
2076 5038 2421 5115 Dionysius:
2455 5043 2673 5115 quippe
2705 5040 2868 5115 Pauli
2925 5045 2983 5115 et
3039 5038 3330 5094 Hierothei
3354 5038 3628 5115 consola-

232 5111 491 5172 tionibus
549 5111 934 5178 sustentatus,
958 5111 1077 5168 imo
1107 5118 1165 5168 et
1215 5112 1432 5167 cmlesti
1466 5115 1632 5169 intus
1692 5116 1896 5185 gratia,
1931 5111 2252 5185 praesertim
2298 5133 2330 5168 a
2360 5111 2633 5185 suscepto
2661 5112 3008 5167 initiationis
3032 5114 3427 5185 sacramento,
3459 5111 3626 5185 robo-

238 5194 404 5243 ratus
440 5204 453 5242 :
489 5192 547 5242 at
574 5205 707 5243 vero
742 5186 1171 5254 Apollophanes
1202 5186 1397 5256 (quem
1433 5190 1489 5239 et
1516 5187 1627 5243 ista
1655 5183 2006 5241 deficiebant
2038 5203 2066 5240 e
2102 5187 2244 5241 coelo
2278 5183 2567 5257 praesidia.
2603 5190 2857 5257 etquem
2893 5200 3000 5237 sua
3029 5183 3273 5257 insuper
3315 5184 3630 5257 conturba-

244 5258 663 5331 bat.intusque
710 5252 991 5331 agitabat,
1026 5258 1176 5313 sicut
1209 5252 1401 5327 prava
1431 5262 1488 5311 et
1515 5275 1821 5331 perversa,
1854 5259 1933 5313 sic
1966 5252 2312 5331 perantiqua
2351 5262 2406 5312 et
2437 5258 2636 5331 nimis
2660 5252 2984 5331 inveterata
3014 5256 3082 5310 de
3102 5252 3216 5331 diis
3249 5252 3632 5331 suisopinio)

234 5330 531 5388 continere
569 5327 639 5387 'se
663 5327 961 5388 intérdum
995 5346 1110 5384 non
1142 5333 1394 5400 poterat,
1428 5329 1570 5399 quin
1602 5347 1807 5401 graves
1832 5331 1886 5383 in
1923 5327 2041 5385 iras
2069 5327 2243 5398 atque
2273 5330 2520 5396 injurias
2542 5327 2959 5401 vehementius
3007 5328 3424 5401 exardesceret,
3457 5332 3635 5401 atque

230 5418 295 5458 eo
325 5420 755 5474 nonnunquam
816 5418 1001 5470 usque
1032 5398 1499 5474 progrederetur.
1533 5398 1819 5458 ut‘multis
1867 5402 2244 5471 indignisque
2270 5408 2388 5456 tam
2422 5400 2743 5474 Christum,
2767 5417 2943 5474 quam
2999 5398 3267 5474 Paulum,
3298 5398 3457 5474 velut
3481 5398 3631 5474 tanti

230 5476 360 5530 mali
392 5470 681 5544 auctores,
708 5474 985 5533 conviciis
1018 5470 1074 5527 et
1108 5473 1608 5529 exsecrationibus
1628 5480 1928 5541 oneraret;
1961 5470 2079 5529 imo
2114 5470 2450 5544 utrumque,
2487 5478 2550 5527 ut
2582 5472 2743 5526 mille
2765 5472 3060 5536 crucibus,
3085 5470 3249 5544 mille
3273 5471 3639 5527 cruciatibus

232 5542 675 5616 dignissimum,
702 5547 849 5604 diris
873 5545 1150 5617 omnibus
1176 5545 1500 5600 dev0veret.
1534 5546 1772 5617 Nempe.
1808 5547 1890 5600 uti
1919 5547 2123 5602 acerbe
2155 5542 2478 5599 infremens
2507 5544 2861 5617 aiebstnihil
2888 5542 3372 5617 unquam_visu_m
3398 5544 3631 5617 tetrius,

235 5618 381 5674 nihil
413 5614 682 5674 auditum
729 5616 1167 5683 exsecrabilius,
1198 5634 1371 5688 quam
1398 5618 1471 5672 ob
1517 5614 1712 5673 nescio
1735 5635 1911 5688 quam
1973 5618 2253 5672 novitiam
2278 5617 2483 5673 lenem.
2522 5632 2625 5669 nec
2649 5615 2855 5681 legem,
2893 5620 2950 5670 et
2974 5616 3046 5670 ob
3077 5614 3251 5669 unius
3279 5615 3554 5688 vilissimi
3577 5620 3636 5670 et

238 5689 719 5748 facinorosissimi
744 5689 928 5748 Judaei
963 5690 1113 5759 (quae
1136 5687 1369 5761 effrenis
1390 5695 1515 5745 erat
1537 5690 1724 5761 ipsius
1746 5687 1803 5745 et
1824 5688 2143 5745 multorum
2171 5688 2602 5759 maledicentia)
2623 5688 2959 5761 simulatam
2984 5692 3043 5761 et
3060 5690 3389 5757 arrogatam
3416 5687 3633 5761 divini:

237 5766 415 5818 tatem
448 5764 544 5835 (ob
575 5781 751 5835 quam
784 5757 983 5819 tamen
1004 5757 1365 5835 dignissima
1395 5757 1653 5835 poena'in
1688 5761 1925 5835 sublimi
1960 5762 2354 5835 pependisset)
2385 5762 2523 5835 deos
2555 5757 2808 5835 optimos
2840 5760 3151 5835 masimos,
3182 5762 3357 5827 atque
3379 5757 3452 5835 ab
3470 5759 3631 5835 omni

238 5828 519 5893 vetustate
575 5828 789 5905 cultos,
822 5828 1550 5905 contemni,_sanctissima
1592 5839 1648 5889 et
1679 5828 2101 5904 augustissima
2156 5828 2371 5904 templa
2404 5832 2613 5896 deseri,
2646 5831 3097 5905 antiquissimae
3145 5828 3521 5905 caeremonias
3551 5831 3630 5886 ri-

244 5908 463 5981 tusque
491 5908 733 5984 negligi,
763 5901 998 5965 omnem
1029 5903 1281 5978 denique
1310 5921 1609 5963 sacrorum
1643 5901 1985 5979 religionem
2017 5923 2081 5963 ac
2112 5901 2386 5978 pietatem
2410 5906 2468 5960 in
2515 5921 2729 5961 sannae
2756 5901 3128 5976 ludibriaque
3183 5901 3462 5959 converti.
3496 5905 3633 5971 Quae
