4020 6358
125 284 229 341 741
1177 283 1374 350 ἯΤΔ,
1415 284 1626 339 AUCT.
1667 285 1730 338 P.
1775 285 1790 337 l

1909 283 2093 339 .LOIX
2128 283 2279 339 SOC.
2319 285 2514 341 JESU.

3455 281 3563 341 742

122 409 316 482 ipsius
348 407 734 482 Areopagitas,
766 407 874 482 hoc
907 406 1192 482 indigenas
1223 423 1291 462 ex
1323 409 1780 482 majorum_suo-
1813 414 1869 478 Α
1900 408 1992 482 nis
2042 408 2099 462 in
2158 407 2450 464 Hierothei
2501 408 2726 482 locum,
2757 407 3139 482 constituisse
3189 407 3556 482 Dionysium“

125 479 257 537 rum
291 481 488 553 prisca
506 479 825 536 traditione
856 479 1071 553 habere
1117 496 1178 534 se
1211 484 1567 553 asseverant.
1620 479 1784 553 Unde

125 551 316 678 veroi1
342 559 444 679 abut
487 553 724 624 quando
774 551 1127 624 acceperint,
1162 552 1453 607 memorias
1486 551 1787 624 proditum

126 643 247 679 non
324 642 358 679 a
401 630 524 679 ent.

126 643 247 681 non
281 630 524 680 habent.

202 698 314 767 (55)
347 696 472 751 Sive
519 695 833 761 secundum,
885 703 946 749 ut
991 693 1383 767 eAercorum
1428 695 1644 767 Menwo,
1669 699 1787 767 etc.

130 764 359 823 Diserte
393 769 673 824 Menaaum
695 768 765 820 ad
791 769 943 820 diem
969 767 999 820 4
1031 764 1232 821 Octob.
1264 766 1639 821 Hierotheum
1666 766 1792 820 Dio-

128 841 284 926 nysii
321 840 863 926 magistrumwocat
886 843 1244 926 Athenarum
1268 841 1630 926 episcppum,
1656 854 1790 926 cum

129 907 322 984 sicde
372 907 512 984 illo;
566 907 1019 984 Προκατηχηθεὶς
1064 910 1152 961 καὶ
1183 907 1328 984 παρᾶ
1355 907 1792 984 τοῦίάποστόλονυ

127 979 354 1035 Παύλου
415 979 710 1044 ἐπίσκοέτος
767 979 1157 1054 χέίροτονεῖται
1216 979 1481 1050 Ἀθηνῶν,
1515 988 1624 1037 etc.
1661 983 1790 1035 Pri-

127 1072 288 1109 mum
319 1055 386 1108 ab
434 1055 684 1123 apostolo
722 1053 897 1110 Paulo
944 1053 1186 1108 eruditus
1221 1055 1561 1109 Athenarum
1590 1055 1794 1108 consti-

127 1129 316 1182 tuitur
346 1128 647 1198 episcOpus.
700 1126 862 1189 Quod
908 1127 957 1180 si
992 1125 1338 1181 Hierotheus
1397 1125 1640 1180 Athenis
1670 1125 1797 1196 epi-

129 1216 353 1270 scopus
387 1198 517 1267 fuit,
545 1203 698 1254 certe
733 1199 958 1268 primus
990 1198 1117 1265 fuit,
1140 1198 1452 1269 Dionysius
1484 1203 1685 1270 autem,
1713 1213 1799 1270 se-

129 1272 389 1326 cundus.
437 1275 584 1326 Nam
633 1270 905 1341 Dionysio
963 1270 1248 1325 successit
1281 1270 1550 1340 Publius,
1587 1269 1793 1324 Publio

133 1343 500 1409 Quadratus.

203 1414 323 1484 (56)
361 1412 650 1468 Eusebius
679 1409 777 1465 lib.
808 1427 871 1465 IIl
905 1413 1053 1467 Hist.
1088 1412 1244 1479 eccl.,
1277 1427 1327 1467 ο.
1360 1412 1448 1467 37.

1899 481 2140 535 Constat
2185 486 2382 553 autem
2434 481 2732 553 communi
2774 481 3164 553 Hispanorum
3201 481 3555 552 scriptorum

1898 569 2210 618 consensu,
2256 552 2637 608 Hierotheum
2684 553 2740 606 in
2793 552 3072 624 Hispania
3119 554 3298 606 fuisse
3330 553 3554 623 episco-

1900 641 2061 696 pum.
2100 630 2174 677 Ue
2207 640 2322 694 quo
2358 624 2524 694 plura
2557 625 2614 678 in
2647 623 2836 696 ipsius
2867 624 3158 680 Hierothei
3191 624 3336 678 Vita.

1974 697 2083 764 (58)
2117 696 2279 765 quue
2306 713 2452 750 anno
2480 695 2706 751 circiter
2735 713 2770 750 α
2803 697 3004 752 Christi
3038 700 3163 750 ortu
3190 697 3278 749 55.
3312 695 3416 750 Hic
3457 712 3558 749 an-

1900 785 2012 821 nus
2044 778 2162 821 eral
2193 770 2380 821 aetatis
2410 768 2672 838 Dionysii
2727 771 2813 834 46,
2849 769 3328 838 quandoquidem
3357 768 3562 834 junior

1899 839 2130 894 Christo
2155 842 2263 893 luit
2285 840 2670 894 anni39.Cum
2693 847 2887 894 autem
2915 841 3315 910 Dionysiusad
3333 840 3556 894 Christi

1903 911 2076 964 ﬁdem
2111 926 2428 966 conversus
2459 911 2536 964 sit
2567 928 2720 966 anno
2761 913 2948 966 aetatis
3000 927 3120 966 sua:
3170 912 3256 976 43,
3311 917 3373 965 ut
3422 917 3558 966 ante

1903 981 2261 1036 declaratum
2295 989 2399 1042 est.
2431 987 2601 1053 atque
2654 983 2804 1037 inter
2848 985 2996 1037 hanc
3029 982 3466 1037 conversionem
3503 987 3561 1037 et

1904 1055 2306 1124 episcOpatum
2339 1059 2569 1125 tempus
2619 1055 2902 1109 duntaxat
2944 1053 3180 1108 triennii
3216 1054 3561 1109 intercesse-

1906 1128 2000 1194 rit,
2036 1131 2100 1179 ut
2131 1131 2360 1179 tenetur
2408 1127 2824 1186 communiter.
2883 1133 3032 1181 recte
3064 1125 3380 1196 colligitur,
3439 1132 3560 1180 tam

1907 1214 2059 1251 anno
2094 1214 2200 1252 suo
2233 1199 2301 1250 46
2333 1214 2509 1267 quam
2543 1198 2756 1251 Christi
2786 1199 2877 1262 55,
2920 1199 3179 1252 habenas
3225 1198 3562 1268 suscepisse

1905 1270 2280 1324 Atheniensis
2313 1269 2598 1324 Ecclesiae.
2637 1277 2819 1335 Quam
2852 1269 3202 1324 sententiam
3226 1274 3281 1324 et
3304 1268 3388 1322 illi
3416 1285 3562 1339 pra:-

1908 1342 2075 1412 cipue
2099 1341 2661 1411 amplectuntur,qui
2679 1343 3017 1412 Dionysium
3036 1342 3294 1412 primum
3322 1341 3563 1395 omnino

1911 1413 2273 1466 Athenarum
2308 1413 2630 1467 antistitem
2663 1429 2791 1467 esse
2822 1412 3040 1467 volunt.
3070 1413 3183 1466 Nec
3203 1412 3357 1467 enim
3383 1412 3564 1466 ullam

203 1486 325 1555 (57)
375 1486 513 1540 Nam
569 1486 629 1537 in
687 1485 1013 1553 Hispaniam
1068 1485 1418 1548 concessisse,
1480 1487 1619 1555 etc.
1657 1486 1799 1555 cum

128 1553 373 1611 sanctus
414 1556 869 1627 Paulusqmagno
913 1560 1208 1610 teneretur
1257 1554 1578 1627 desiderio,
1609 1554 1666 1627 in
1700 1553 1801 1627 Hi-

130 1631 414 1699 spaniam
446 1625 882 1699 proficiscendi,
907 1627 1086 1698 (quod
1111 1627 1434 1699 insinuavit
1461 1625 1804 1699 inEpistola
1914 1627 2029 1681 nio.
2064 1627 2173 1690 Qui
2206 1632 2404 1682 autem
2437 1625 2849 1682 tantummodo
2900 1625 3241 1682 secundum,
3262 1627 3442 1682 fuisse
3475 1627 3568 1682 di-

131 1697 206 1754 ad
267 1697 566 1755 Romanos
616 1714 743 1768 cap.
798 1716 889 1764 xv,
916 1697 920 1698 ί
943 1697 1035 1753 his
1083 1699 1273 1752 verbis
1309 1715 1320 1753 :
1357 1698 1490 1752 Cum
1519 1697 1580 1752 in
1611 1699 1804 1768 flispa-
1913 1703 2073 1765 cunt,
2106 1705 2300 1753 tamen
2335 1716 2466 1754 cum
2496 1700 2706 1769 prioris
2738 1705 2857 1753 tam
2890 1700 3096 1769 exigua
3126 1699 3413 1754 exstiterit
3445 1715 3570 1754 me-

128 1789 293 1826 niam
323 1769 603 1854 proﬁcisci
627 1786 856 1854 cespero,
887 1787 1041 1852 spero
1071 1770 1212 1854 quod
1241 1773 1564 1851 praeteriens
1589 1769 1806 1854 videam
1838 1791 1883 1854 Β
1917 1771 2118 1834 moria,
2153 1777 2216 1823 ut
2251 1788 2296 1854 Ia
2346 1771 2618 1854 plu‘rimis
2667 1772 2725 1852 in
2758 1772 2907 1852 serie
2940 1777 3315 1854 praetereatur
3345 1772 3570 1840 episco-

132 1861 245 1908 vos,
273 1849 430 1910 etc.,
456 1845 554 1897 diu
579 1847 774 1914 autem
797 1843 1329 1914 ejusimpediretur
1362 1842 1492 1905 iter,
1527 1841 1805 1896 credibile
1838 1841 1882 1854 "
1916 1859 2146 1914 porum,
2180 1842 2388 1897 saltem
2439 1843 2589 1897 hanc
2620 1841 2955 1913 opinionem
2989 1843 3303 1898 admittent
3333 1849 3398 1896 ut
3427 1857 3565 1913 pro-

131 1922 223 1972 est
239 1921 373 1971 tum
399 1914 637 1971 misisse
658 1912 1050 1970 Hierotheum'
1067 1915 1126 1969 in
1161 1914 1533 1986 Hispaniam,
1549 1918 1606 1968 et
1625 1915 1801 1968 Athe-
1918 1912 2196 1970 habilem.

1912 1484 2123 1538 habere
2153 1489 2340 1554 potest
2370 1485 2485 1539 veri
2510 1484 2786 1555 speciem,
2817 1501 2942 1539 eam
2972 1485 3197 1552 urbem,
3227 1484 3566 1554 multisjam

1911 1556 1980 1610 ad
2017 1556 2190 1609 fidem
2224 1555 2533 1624 traductis,
2563 1557 2901 1627 episcopatu
2936 1557 3192 1611 caruisse
3225 1555 3356 1626 plus
3383 1556 3568 1610 trien-

1696 2165 1920 2223 CAPUT
1959 2166 2025 2224 V.

539 2273 792 2346 Dionysii
822 2276 885 2329 in
913 2273 1202 2344 fundanda
1231 2278 1280 2329 et
1311 2272 1621 2329 ordinando
1657 2273 1972 2344 episcopatu
2001 2273 2322 2329 Atheniensi
2351 2274 2560 2329 eximia
2590 2274 2766 2328 virtus
2795 2283 2848 2328 et
2878 2274 3174 2330 industria.

201 2393 348 2447 Erat
379 2391 638 2446 Ecclesia
657 2391 1208 2458 Atheniensis,cum
1236 2408 1360 2446 eain
1384 2390 1699 2462 Dionysius
1725 2392 2140 2446 moderandam
2161 2393 2439 2462 suscepit,
2469 2392 2527 2446 in
2555 2392 2680 2446 suis
2702 2391 2893 2446 adhuc
2919 2391 3569 2462 incunabulis,pusilla,

133 2464 380 2530 debilis,
417 2464 671 2528 infirma,
704 2465 888 2518 sancti
918 2463 1208 2518 Hierothei
1244 2463 1477 2533 quidem
1534 2465 1681 2517 lacte
1736 2469 2028 2532 utcunque
2070 2465 2290 2518 nutrita
2322 2474 2478 2526 (nam
2517 2463 2732 2519 Paulus
2769 2465 2957 2518 obiter
2986 2471 3212 2518 tantum
3243 2465 3353 2534 (59)
3383 2470 3440 2518 et
3471 2480 3573 2532 per

131 2545 553 2601 transennam,
578 2537 732 2605 quod
786 2534 899 2590 alio
949 2536 1273 2598 festinaret,
1308 2536 1536 2588 semina
1569 2535 1699 2589 fidei
1734 2535 2102 2605 projecerat),
2147 2537 2249 2590 sed
2287 2537 2548 2589 nondum
2587 2552 2687 2605 per
2718 2542 2943 2589 aetatem
2982 2537 3202 2606 vegetis
3233 2541 3289 2589 et
3321 2536 3573 2591 fortibus

132 2608 430 2663 membris
462 2625 474 2661 :
531 2609 747 2678 quippe
802 2623 1054 2677 quorum
1102 2613 1416 2677 augmento
1467 2613 1524 2660 et
1553 2608 1762 2678 vigori,
1809 2607 2053 2660 adversa
2084 2609 2476 2676 quorumdam
2513 2607 2750 2667 levium,
2785 2613 2843 2660 et
2874 2623 3081 2661 novam
3115 2608 3283 2661 fidem
3318 2608 3570 2661 irriden-

133 2681 290 2734 tium
327 2677 816 2750 philosophorum
850 2679 961 2749 (60)
1002 2695 1146 2733 aura
1177 2679 1496 2750 plurimum
1549 2677 1859 2750 officiebat.
1912 2679 2137 2743 Quibus
2173 2686 2366 2732 tamen
2403 2679 2793 2750 revincendis,
2830 2684 2893 2732 ut
2925 2696 3066 2733 sane
3098 2695 3272 2749 quam
3309 2679 3570 2734 laborio-

131 2769 289 2816 sam,
325 2748 415 2806 Sic
449 2748 760 2822 perutilem
793 2748 1082 2822 hactenus
1098 2766 1345 2822 operam
1377 2749 1532 2822 idem
1564 2748 1912 2822 Hierotheus
1945 2757 2292 2811 navaverat;
2327 2751 2427 2804 sed
2464 2749 2577 2804 alio
2613 2750 2710 2804 Dei
2737 2750 3035 2804 voluntate
3069 2748 3394 2816 traductus,
3421 2767 3573 2820 pra:-

129 2825 378 2894 cipuam
415 2821 668 2877 fundatae
699 2838 763 2876 ac
797 2821 1232 2894 firmatazqillius
1263 2821 1528 2894 Ecclesize
1565 2822 1792 2894 laudem
1831 2821 2101 2891 Dionysio
2133 2823 2392 2890 reliquit.
2428 2822 2526 2875 llic
2557 2823 2712 2876 enim
2747 2838 2934 2876 annos
2966 2822 3180 2877 multos
3204 2839 3331 2877 eam
3360 2823 3571 2878 tenuit.

131 2892 429 2964 tantaque
459 2895 661 2948 statim
695 2894 766 2948 ab
789 2893 952 2948 initio
984 2892 1290 2963 diligentia
1321 2895 1391 2964 ad
1426 2893 1587 2964 illius
1613 2893 2153 2962 amplificationem,
2189 2894 2722 2956 confirmationem,
2750 2895 3182 2947 ordinationem
3215 2895 3369 2948 440
3395 2895 3571 2948 incu-

135 2969 294 3033 buit,
329 2963 398 3020 ut
430 2966 667 3020 tandem
703 2965 846 3019 nulli
881 2964 1270 3019 EccleSiarum
1303 2963 1556 3031 Graecia,
1606 2980 1796 3035 neque
1845 2981 2110 3028 numero,
2145 2981 2331 3034 neque
2365 2966 2592 3029 robore,
2628 2981 2817 3033 neque
2849 2971 2983 3035 apta
3015 2964 3386 3035 singulorum
3418 2967 3573 3020 inter

138 3056 197 3094 se
234 3037 651 3092 membrorum
703 3037 1126 3103 convenientia,
1171 3035 1290 3090 ulla
1337 3052 1400 3090 ex
1455 3041 1613 3105 parte
1642 3037 2004 3092 concederet.
2040 3037 2185 3090 Nam
2219 3053 2252 3090 a
2285 3036 2444 3090 Pauli
2476 3036 2755 3090 comitatu
2793 3037 2849 3090 in
2877 3053 3002 3090 eam
3039 3038 3243 3091 urbem
3279 3053 3571 3104 reversus,

134 3111 237 3166 illo
276 3109 498 3180 Spiritu
532 3111 781 3175 fervens,
815 3125 990 3178 quem
1024 3125 1056 3162 a
1086 3107 1186 3162 tali
1221 3108 1857 3180 magistroiacceperat,
1892 3113 1948 3162 et
1979 3124 2153 3178 quem
2186 3109 2623 3180 communicare
2655 3124 2786 3162 cum
2819 3108 2945 3180 suis
2978 3109 3359 3180 popularibus
3390 3124 3570 3178 quam

137 3178 429 3254 plurimis
461 3180 765 3254 aestuabat,
800 3180 1109 3234 confestim
1144 3179 1467 3254 praecipuos
1500 3179 1786 3254 Ecclesiae,
1817 3179 2034 3254 quibus
2067 3178 2330 3254 maxime
2349 3180 2560 3254 conlidi
2600 3178 3096 3254 possedidice‘rat,
3118 3181 3298 3249 adire,
3321 3180 3572 3254 benigne

141 3250 346 3318 affari,
386 3252 698 3323 participes
746 3268 985 3306 suorum
1034 3250 1412 3323 consiliorum
1467 3251 1716 3315 efficere,
1753 3253 1821 3323 die
1852 3250 2032 3305 Paulo
2064 3255 2120 3323 et
2150 3252 2276 3319 ejus
2312 3251 2477 3304 factis
2508 3251 2631 3304 visa
2665 3251 2980 3323 auditaque
3013 3269 3271 3320 narrare,
3307 3252 3573 3306 vicissim

146 3326 303 3380 item
337 3325 621 3379 sciscitari
669 3324 741 3377 de
787 3339 1030 3377 numero
1078 3322 1547 3378 Christianorum
1581 3322 2057 3386 Atheniensium,
2090 3322 2160 3375 de
2206 3325 2445 3388 fervore,
2480 3323 2550 3375 de
2583 3322 2935 3385 constantia,
2970 3323 3040 3377 de
3071 3323 3446 3390 adversariis,
3496 3323 3570 3378 de

139 3412 359 3452 eorum
411 3396 746 3458 conatibus,
788 3395 959 3460 dolis,
1005 3393 1576 3464 impugnationibus,
1633 3392 1882 3464 aliisque
1925 3394 1993 3447 ad
2045 3410 2166 3447 rem
2220 3395 2536 3462 prudenter
2567 3393 2718 3447 inter
2749 3394 2947 3447 hostes
2979 3395 3290 3462 gerendam
3325 3393 3563 3463 cognitu

136 3467 548 3524 necessariis:
596 3466 850 3536 denique
902 3466 1200 3521 adhortari
1247 3481 1366 3527 eos,
1424 3469 1486 3518 ut
1516 3465 1734 3536 singuli
1787 3482 1888 3535 pro
1921 3465 2165 3530 viribus,
2209 3464 2357 3518 alius
2389 3471 2671 3535 cognatos
2699 3474 2755 3518 et
2786 3465 3011 3526 affines,
3047 3467 3199 3520 alius
3244 3465 3468 3519 vicinos
3513 3471 3573 3519 et

137 3540 401 3607 amicos,
459 3538 610 3593 alius
643 3538 899 3608 hospites
949 3544 1005 3591 et
1029 3538 1283 3591 advenas
1332 3536 1402 3589 ad
1441 3535 1705 3590 notitiam
1760 3538 1938 3605 Ignoti
1963 3538 2058 3589 Dei
2076 3542 2156 3608 Aet
2177 3536 2493 3608 salvatoris
2526 3536 2711 3590 nostri
2743 3536 2879 3590 Jesu
2911 3537 3126 3592 Christi
3186 3536 3572 3591 adducerent.

140 3613 202 3666 Et
227 3606 438 3664 videre
461 3614 586 3664 erat
619 3606 1123 3680 unumquemque,
1158 3608 1500 3662 ardentibus
1533 3607 1784 3678 pastoris
1815 3608 1902 3662 sui
1933 3606 2122 3680 verbis
2144 3606 2601 3680 inflammatum,
2636 3624 2738 3678 pro
2772 3625 2832 3680 se
2865 3623 3098 3680 omnem
3134 3625 3367 3679 operam
3398 3620 3576 3680 atque

143 3681 515 3736 industriam
547 3678 858 3750 spondere,
887 3686 942 3734 et
974 3678 1106 3751 spes
1145 3697 1253 3733 non
1287 3696 1461 3734 vanas
1494 3685 1595 3732 aut
1627 3680 1836 3751 horum
1868 3679 2329 3751 autillorumad
2365 3680 2537 3732 fidem
2574 3678 3098 3748 pertrahendorum
3132 3678 3463 3735 ostendere.
3491 3679 3576 3734 Ita

139 3755 308 3824 ignis
337 3752 553 3821 ubique
583 3749 889 3824 charitatis
920 3749 1050 3824 cum
1087 3751 1307 3824 ingenti
1339 3751 1603 3824 omnium
1637 3750 1850 3824 gaudio
1882 3757 1938 3824 et
1969 3749 2299 3824 incredibili
2331 3756 2637 3824 eamutuo
2669 3757 2986 3824 conspectu
3021 3753 3352 3807 animorum
3384 3751 3577 3824 exsul-

141 3821 399 3906 tatione,
431 3831 487 3878 et
515 3825 606 3878 sui
642 3841 742 3906 pro
777 3823 949 3906 unica
973 3823 1068 3904 Dei
1111 3823 1627 3906 gloriadevotione
1660 3821 2040 3906 promicabat.
2078 3822 2323 3876 Dixisset
2345 3822 2587 3906 aliquis,
2622 3821 2864 3906 aureunm
2892 3822 3034 3906 illud
3075 3824 3276 3906 prima:
3307 3822 3573 3904 Ecclesia

144 3896 462 3961 saeculum,
498 3912 613 3966 quo
643 3895 1020 3965 Jerosolymis
1052 3895 1438 3967 multitudinis
1464 3893 1809 3967 credentium
1833 3899 1955 3948 erat
1981 3910 2074 3967 cor
2104 3910 2276 3967 unum
2307 3898 2357 3948 et
2390 3895 2581 3948 anima
2611 3911 2727 3948 una
2759 3896 2848 3964 (Γ),
2885 3893 3130 3949 Athenis
3164 3895 3442 3967 Dionysio
3469 3911 3572 3948 au-

143 3974 320 4024 ctore
354 3965 530 4036 atque
554 3968 700 4021 duce
731 3983 859 4022 esse
893 3972 1255 4038 renovatum.
1291 3965 1394 4038 Sic
1416 3965 1570 4019 brevi
1604 3966 1792 4020 bonus
1825 3965 2073 4020 accessit
2095 3966 2163 4019 ad
2201 3971 2506 4038 veteranos
2549 3967 2808 4021 tironum
2859 3984 3160 4033 numerus,
3214 3965 3428 4038 partim
3481 3984 3575 4038 sa-

145 4038 392 4111 pientia
425 4043 482 4094 et
512 4039 743 4111 spiritui
779 4037 1127 4111 doctiorum,
1162 4036 1254 4111 cui
1288 4037 1558 4111 resistere
1594 4054 1708 4091 non
1758 4041 2048 4111 poterant,
2082 4054 2292 4111 manus
2323 4037 2552 4111 dantes.
2590 4036 3241 4111 partimiimbecillioris
3275 4055 3456 4111 sexus
3480 4036 3575 4092 iu-

146 4107 377 4166 usitata
411 4110 719 4179 modestia,
753 4109 1058 4181 gravitate,
1090 4109 1436 4164 castimonia
1467 4107 1525 4163 in
1560 4114 1857 4178 stuporem
1893 4110 2066 4180 rapti,
2102 4110 2313 4180 partim
2349 4109 2600 4178 denique
2632 4109 2914 4177 singulari
2948 4111 3212 4163 omnium
3239 4112 3296 4163 in
3321 4108 3494 4164 dictis
3519 4112 3579 4164 et

146 4182 329 4239 tactis
363 4182 694 4252 prudentia,
728 4180 1021 4252 aequitate,
1057 4181 1190 4247 fide,
1226 4181 1575 4246 constantia,
1610 4181 1950 4251 caeterisque
1984 4181 2298 4235 virtutibus
2332 4181 2591 4252 suaviter
2629 4182 2824 4252 simul
2858 4187 3235 4252 potenterque
3282 4180 3569 4251 perducti.

145 4250 528 4311 Facillimum
562 4253 718 4308 enim
752 4250 876 4307 erat
905 4252 992 4306 vel
1026 4252 1152 4323 ipso
1184 4258 1423 4324 aspectu
1455 4252 1563 4324 (sic
1596 4252 1653 4306 in
1685 4250 1881 4308 alteris
1915 4253 2201 4308 modestia
2232 4251 2588 4324 perlucebat)
2614 4250 2980 4324 Christianos
2998 4250 3365 4324 gentilesque
3389 4253 3572 4307 inter-

142 4341 418 4382 noscere.
453 4324 608 4378 Nihil
642 4325 798 4379 enim
833 4325 891 4379 in
925 4322 1064 4379 istis,
1090 4325 1230 4392 leve,
1262 4323 1408 4377 nihil
1445 4322 1636 4388 fallax,
1662 4324 1808 4378 nihil
1831 4324 2113 4389 fucatum,
2143 4323 2287 4378 nihil
2313 4339 2610 4391 arrogans,
2639 4322 2779 4376 nihil
2807 4325 3109 4378 turbidum
3143 4322 3288 4377 nihil
3315 4324 3572 4393 denique

145 4416 275 4454 non
302 4413 370 4450 ex
400 4397 625 4466 optima
655 4401 710 4450 et
741 4395 1142 4450 sincerissima
1175 4395 1498 4465 profectum
1535 4395 1847 4464 disciplina
1877 4397 2242 4448 cernebatur.
2281 4399 2361 4447 fta
2393 4400 2455 4448 ut
2488 4393 2571 4448 vel
2605 4394 2860 4449 inimicis
2891 4395 3058 4466 ipsis,
3092 4400 3254 4449 tanta
3284 4396 3571 4449 virtutum

144 4472 196 4524 vi
235 4468 549 4533 convictis,
586 4484 868 4538 perquam
902 4484 1079 4522 suave
1101 4467 1396 4538 interdum
1430 4466 1743 4531 videretur,
1782 4481 1882 4536 per
1906 4467 2139 4519 odorem
2175 4467 2416 4538 istorum
2452 4472 2886 4537 unguentorum
2919 4468 2987 4521 ad
3013 4472 3197 4520 totam
3230 4466 3575 4538 Christiana

149 4539 465 4611 religionis
499 4535 904 4611 fragrantiam,
939 4538 1322 4611 cum_amoris
1355 4537 1573 4611 impetu
1608 4535 1934 4611 decurrere.
1968 4541 2035 4611 _Et
2064 4538 2202 4606 quia
2234 4535 2374 4590 nihil
2411 4535 2674 4611 fere—est,
2708 4540 2860 4608 quod
2897 4539 2976 4592 ita
3006 4538 3315 4611 hominum
3345 4537 3573 4611 demul-

149 4608 300 4668 εει-θ’
317 4608 728 4682 devincireque
755 4612 982 4665 animos
1015 4609 1220 4675 soleat,
1253 4625 1429 4680 quam
1464 4609 1520 4662 in
1553 4625 1788 4682 summa
1818 4608 2191 4682 dignitateet
2221 4608 2563 4682 auctoritate
2596 4627 2699 4682 par
2731 4611 2912 4664 animi
2944 4610 3224 4665 demissio
3255 4615 3428 4678 atque
3463 4609 3574 4682 hu-g

152 4685 443 4749 munitas,
479 4680 819 4738 incredibile
859 4683 1019 4737 dictu
1053 4686 1160 4747 est,
1196 4685 1482 4752 quantum
1516 4681 1668 4751 apud
1704 4680 1858 4753 cives
1889 4697 2030 4753 suos
2063 4680 2228 4753 hisce
2249 4681 2562 4753 virtutibus
2585 4681 2839 4753 eﬂ'ecerit
2862 4683 3207 4753 Dionysius;
3245 4698 3453 4753 nempe
3475 4680 3578 4752 qui

154 4773 293 4811 cum
327 4759 486 4834 esset
519 4754 623 4824 (uti
657 4754 1041 4834 priusfuerat
1073 4751 1352 4834 Areopagi
1383 4757 1583 4834 capp-t‘
1613 4753 1695 4834 sic
1726 4752 1894 4834 modo
1929 4752 2111 4834 totius
2145 4751 2518 4834 Atheniensis
2550 4752 2818 4834 Ecclesiae
2861 4751 3150 4834 princeps,
3201 4751 3400 4834 tamen
3442 4751 3578 4807 tan-

159 4833 286 4882 tum
325 4826 480 4881 infra
508 4823 568 4880 Se
601 4823 910 4889 modestia,
946 4823 1422 4891 mansuetudine,
1457 4823 1822 4889 affabilitate,
1855 4824 2252 4888 descenderet,
2279 4823 2422 4876 nulli
2445 4830 2509 4877 ut
2541 4840 2602 4877 se
2626 4825 2918 4893 praeferre,
2940 4823 3184 4879 cunctos
3215 4826 3326 4879 sibi
3347 4839 3580 4893 (square

157 4901 336 4953 vellet
366 4915 379 4952 :
416 4898 677 4968 adeoque
710 4899 765 4952 id
800 4901 1012 4964 ageret,
1050 4903 1113 4951 ut
1149 4895 1370 4950 nullius
1403 4897 1613 4968 privati
1645 4897 1856 4950 domus
1890 4900 2010 4950 tam
2045 4894 2143 4949 uni
2179 4901 2400 4963 pateret
2432 4896 2814 4968 amicissimo,
2850 4913 3024 4964 quam
3053 4914 3170 4950 suas
3198 4899 3345 4950 aedes
3365 4900 3578 4965 apertae

157 4974 362 5025 essent
395 4966 692 5024 omnibus.
731 4972 811 5024 lla
846 4970 1042 5023 faciles
1077 4969 1148 5024 ad
1183 4985 1312 5023 eum
1351 4967 1546 5021 aditus
1579 4968 2059 5038 omniumrerant,
2095 4984 2208 5020 non
2236 4966 2636 5021 honestiorum
2669 4968 2980 5034 modo,sed
3009 4984 3329 5038 pauperum
3350 4983 3582 5036 quoque

158 5049 213 5097 et
247 5039 617 5114 pupillorum
657 5047 712 5096 et
743 5042 1081 5114 viduarum,
1109 5039 1226 5094 imo
1259 5039 1468 5114 horum
1503 5039 1735 5114 potius;
1772 5037 1989 5109 quibus
2021 5039 2196 5114 etiam
2232 5039 2622 5114 magistri_sui
2654 5039 2817 5114 Pauli
2846 5037 3140 5114 exemplo,
3178 5055 3290 5093 non
3343 5044 3578 5094 tantum

161 5109 376 5168 animae
410 5113 763 5168 documenta
795 5112 1143 5176 necessaria,
1179 5112 1279 5166 sed
1316 5111 1541 5180 corpori
1573 5127 1804 5182 quoque
1835 5111 2222 5164 sustentando
2254 5112 2384 5163 seris
2416 5109 2751 5182 collectanei
2787 5111 2964 5177 stipes
2985 5117 3348 5182 opportunas
3371 5125 3582 5182 procu-

159 5186 354 5265 rabat.
387 5183 488 5265 His
518 5183 699 5265 igitur
729 5184 987 5265 aliisque;
1005 5185 1134 5250 ejus
1166 5183 1394 5265 officiis,
1429 5199 1561 5265 cum
1595 5181 1860 5265 Ecclesiae
1892 5199 2104 5265 corpus
2137 5183 2288 5265 satis
2319 5181 2553 5251 copiosa
2586 5183 2912 5265 frequentia
2950 5181 3446 5265 coagmentatum,
3480 5198 3582 5252 pro

158 5257 414 5311 faciliori
444 5253 728 5326 regimine
757 5272 822 5310 ac
855 5253 1111 5325 profectu
1147 5255 1374 5325 exigere
1403 5253 1717 5326 videretur,
1751 5259 1816 5326 ut
1847 5255 2066 5324 gradus
2097 5253 2424 5323 officiaque,
2456 5255 2953 5326 quemadmodum
2975 5255 3032 5309 in
3067 5256 3213 5310 bene
3235 5261 3462 5309 morata
3492 5270 3584 5309 re-

158 5327 398 5397 publica
429 5325 597 5390 solet,
632 5327 1161 5394 constituerentur;
1197 5343 1317 5381 rem
1352 5326 1501 5380 hanc
1534 5325 1870 5396 Dionysius,
1892 5330 1957 5379 ut
1982 5326 2277 5392 quondam
2301 5325 2552 5391 apostoli
2577 5326 2634 5379 in
2665 5326 2945 5381 electione
2973 5329 3376 5394 diaconorum,
3401 5326 3584 5382 totius

164 5399 641 5470 congregationis
672 5401 939 5469 precibus
971 5399 1145 5452 etiam
1179 5403 1353 5467 atque
1385 5398 1558 5452 etiam
1595 5398 2055 5452 commendavit:
2093 5400 2214 5464 ipse
2247 5413 2378 5450 vero
2411 5414 2524 5466 prae
2556 5398 2833 5453 omnibus
2875 5400 2942 5453 ad
2979 5400 3085 5453 hoc
3116 5415 3283 5470 opus,
3339 5405 3456 5452 tam
3491 5415 3584 5452 sa-

160 5472 383 5525 criﬁcia
416 5476 471 5524 et
503 5477 634 5525 vota
667 5488 841 5541 quam
874 5476 1192 5524 nocturnas
1224 5469 1585 5538 diurnasque
1619 5485 1818 5534 preces
1851 5473 1972 5524 tota
2005 5471 2223 5523 mentis
2255 5471 2621 5522 contentione
2653 5470 2923 5541 adhibuit
2953 5486 2966 5522 :
3001 5469 3183 5526 donec
3215 5471 3449 5525 tandem
3484 5471 3583 5525 do-

163 5549 334 5624 cente
368 5544 529 5624 iptus
558 5539 802 5624 Spiritu,
837 5542 972 5624 quid
1003 5559 1070 5596 ex
1102 5558 1209 5624 usu
1245 5541 1539 5624 comﬁmissi
1572 5542 1682 5622 sibi
1719 5541 1934 5624 gregis,
1968 5547 2024 5596 et
2054 5542 2121 5624 ad
2159 5541 2433 5624 iustiorem
2475 5541 2568 5594 Dei
2610 5539 2853 5624 gloriam
2889 5549 3064 5624 esset,
3114 5543 3337 5624 liquido
3373 5558 3585 5624 cogno-

163 5614 268 5683 vit,
301 5619 359 5669 et
391 5614 541 5669 bono
570 5611 804 5685 publico
838 5615 990 5668 foras
1023 5613 1312 5683 produxit.
1348 5615 1488 5667 Cum
1509 5612 1702 5685 igitur
1729 5611 1924 5668 omnis
1949 5613 2199 5684 populus
2221 5611 2594 5685 Christianus
2617 5613 2763 5666 duas
2788 5614 2840 5666 in
2867 5612 3222 5685 classes(61)
3254 5631 3320 5668 ex
3343 5611 3586 5685 antiquo

166 5690 325 5742 esset
356 5683 603 5753 divisus,
636 5701 844 5759 nempe
875 5685 1204 5757 aliquorum
1239 5685 1421 5740 sacris
1444 5684 1786 5740 ministeriis
1810 5683 2194 5753 addictOrum,
2229 5689 2284 5738 et
2312 5683 2558 5738 aliorum
2585 5685 2777 5739 omnis
2807 5684 2957 5740 sacri
2980 5685 3244 5742 muneris
3265 5684 3586 5741 exsortium

242 5830 313 5904 (Γ)
339 5833 478 5890 Act.
504 5847 580 5904 Iv,
612 5831 702 5888 32.
