4020 6358
491 249 599 305 743
1745 246 1805 298 S.
1845 243 2078 299 DIONYI

2294 245 2677 301 .EOPAGITE
3785 248 3881 304 744

493 374 741 444 (priores
770 385 927 427 nunc
956 368 1175 444 clerici,
1210 362 1558 444 posteriores
1590 362 1724 444 laici
1757 366 2152 444 appellantur)
2186 367 2380 444 primo
2406 369 2645 439 quidem
2675 371 2743 425 ad
2782 368 3005 439 priores
3045 385 3380 441 aggressus,
3431 368 3645 423 curavit
3692 374 3750 444 ut
3797 372 3884 439 qui

494 439 587 498 v'el
611 445 669 498 in
688 444 1016 499 sacerdotes
1041 439 1131 495 vel
1157 440 1211 493 in
1233 440 1510 495 diaconos
1528 443 1725 494 essent
1741 440 1990 512 coaptati
2011 439 2150 508 (6‘3),
2176 455 2351 507 quam
2371 439 2574 494 horum
2600 445 3013 512 unusquisque
3028 439 3335 512 personam
3353 443 3882 512 gereret,quodcuu-

487 531 604 594 que
634 532 870 594 sacrum
906 529 1120 594 munus
1152 512 1359 594 obiret,
1394 513 1450 565 id
1483 517 1766 594 tanquam
1800 510 1926 594 Deo.
1948 520 2229 594 praesente
2253 516 2307 564 et
2338 512 2727 594 inSpectante,
2760 510 2875 567 i'mo
2907 510 2963 567 et
2992 510 3240 594 cultum,
3274 512 3374 583 qui
3410 511 3521 592 sibi
3544 513 3881 594 exhibeatur,

485 581 857 656 admittente,
893 587 1052 639 omni
1088 600 1223 638 cum
1256 581 1583 657 diligentia,
1614 600 1775 649 cura,
1802 581 2213 657 sollicitudine,
2241 581 2827 657 purumicastumque
2846 590 3164 657 prastaret.
3194 588 3254 639 In
3277 581 3375 637 eos
3398 583 3553 636 enim
3578 586 3751 638 totius
3774 585 3883 656 ple-

484 660 578 715 bis
613 660 787 729 dirigi
817 653 1041 721 oculos,
1075 672 1181 729 nec
1215 659 1286 710 ab
1318 653 1519 710 eorum
1551 656 1835 729 duntaxat
1864 653 2056 729 verbis
2089 658 2191 706 aut
2214 654 2530 729 mandatis,
2564 657 2665 710 sed
2698 653 2873 712 etiam
2909 662 2992 723 (ac
3034 656 3217 711 multo
3269 657 3519 710 fortasse
3569 653 3790 726 magis)’
3822 658 3884 711 ab

484 747 691 786 eorum
724 726 842 784 vita
870 735 926 783 et
957 727 1245 792 moribus,
1281 744 1401 782 suae
1434 726 1822 781 institutionis
1872 726 2208 779 condiscere
2256 726 2652 797 disciplinam.
2703 732 2782 783 Ac
2824 729 3065 798 proinde
3096 729 3408 799 diligenter
3436 730 3775 799 cavendum,
3824 746 3883 782 ne

483 803 627 874 quid
664 804 720 855 in
755 802 971 856 credito
993 800 1116 874 _sibi
1153 815 1393 853 munere
1424 799 1781 874 seugrande
1810 814 1906 874 seu
1934 812 2175 874 parvum
2197 799 2648 874 committerent,
2674 800 2829 874 quod
2855 798 3300 874 observantibus
3325 798 3578 874 subditis
3599 800 3881 853 olfeusioni

486 867 617 930 esse
649 882 863 945 posset.
897 872 1123 937 Quibus
1156 877 1311 945 recte
1342 868 2129 945 etordineconstitutis,ad
2173 867 2422 945 alterum
2472 867 2741 945 Ecclesia:
2794 875 3144 935 membrum,
3197 871 3314 925 sive
3346 872 3416 925 ad
3456 870 3627 924 laicos
3659 887 3881 945 conver-

487 963 613 1013 sus,
649 939 866 999 bonum
904 949 1121 997 factum
1169 942 1455 1015 Judicavit
1500 956 1603 1015 eos
1640 940 1696 993 in
1739 945 1855 994 tres
1905 940 2123 1015 gradus
2155 939 2517 1012 distinguere
2549 943 2687 1011 (63),
2723 959 2974 1013 quorum
3009 950 3345 1015 postremus
3376 944 3702 1015 sitbeorum,
3735 943 3826 1012 qui
3854 960 3882 996 a

483 1033 783 1073 sacrorum
821 1018 1230 1087 mysteriorum
1267 1012 1625 1087 inspectione
1652 1016 1708 1065 et
1738 1012 2119 1082 usurpatione
2151 1017 2465 1087 arcentur;
2502 1012 2755 1087 medius,
2788 1012 3125 1087 eorum—qui
3159 1016 3228 1069 ad
3263 1014 3383 1087 haec
3400 1012 3811 1087 admittuntur,
3834 1020 3880 1067 et

482 1094 728 1144 sanctus
760 1084 1013 1159 pepulus
1043 1085 1451 1159 appellantur;
1488 1084 1719 1159 primus
1745 1088 1937 1138 autem
1958 1084 2385 1159 etpraecipuus,
2412 1085 2833 1140 monachorum
2861 1104 2964 1141 seu
2988 1084 3314 1141 cultorum:
3351 1084 3409 1138 hi
3436 1084 3590 1137 enim
3616 1086 3877 1159 majorem

484 1156 806 1230 quamdam
839 1156 895 1214 et
922 1157 1327 1230 sublimiorem
1361 1172 1538 1230 quam
1574 1156 1800 1230 medius
1831 1156 2049 1230 gradus
2083 1156 2493 1225 perfectionem
2530 1160 2896 1228 profitentur,
2933 1165 3355 1230 proptereaque
3378 1162 3553 1210 etiam
3579 1157 3745 1211 certis
3769 1157 3877 1230 riti-

484 1227 597 1287 bus
630 1249 741 1286 non
776 1231 1013 1301 quidem
1048 1229 1119 1301 ab
1153 1227 1463 1301 episcOpis,
1499 1228 1597 1282 sed
1627 1228 2091 1301 aisacerdotibus
2117 1227 2554 1301 consecrantur.
2590 1232 2737 1284 44l
2768 1227 3149 1292 Quod—autern
3186 1232 3253 1283 ad
3295 1235 3647 1301 postremum
3680 1228 3873 1301 seuin-

483 1304 690 1357 fimum
725 1299 922 1374 populi
954 1299 1271 1356 Christiani
1304 1300 1550 1374 gradum
1585 1300 1810 1374 attinet,
1843 1314 1977 1353 eum
2014 1301 2223 1374 in_tres
2254 1306 2444 1374 partes
2477 1300 2565 1353 vir
2594 1306 2836 1374 sanctus
2870 1302 3182 1373 dispertiit,
3215 1300 3497 1374 nimirum
3536 1301 3587 1374 in
3621 1299 3875 1374 catechu-

486 1370 1283 1443 menosfin'energumenos,
1316 1371 1462 1444 etin
1502 1372 1868 1444 pcenitentes.
1901 1370 2630 1444 Catechumenivocantur
2661 1373 2697 1426 ii
2733 1374 2833 1444 qui
2867 1370 3072 1443 primis
3097 1372 3228 1427 ﬁdei
3252 1371 3877 1444 rudimentisimbuun-

484 1451 603 1512 tur,
636 1451 812 1515 atque
844 1447 914 1500 ad
948 1442 1214 1497 sanctam
1253 1459 1354 1513 per
1387 1442 1680 1516 lavacrum
1726 1442 1981 1516 salutare
2014 1442 2511 1516 regenerationem
2564 1442 2988 1515 praeparantur.
3038 1444 3678 1516 Energumeniautem,
3713 1442 3812 1516 qui
3852 1460 3879 1497 a

487 1518 659 1571 malis
692 1517 1010 1588 spiritibus
1033 1516 1350 1588 agitantur,
1379 1531 1515 1568 vera
1545 1515 1899 1588 alioquiper
1929 1520 2267 1588 susceptum
2301 1520 2469 1588 antea
2503 1515 2795 1588 baptisma
2820 1517 3085 1572 Ecclesiae
3120 1515 3401 1571 membra.
3427 1515 3875 1588 Prenitentesde-

485 1589 683 1659 nique,
719 1584 818 1657 qui
853 1586 1107 1660 publicis
1137 1587 1532 1660 gravibusque.
1565 1585 1818 1660 peccatis
1849 1600 1909 1639 se
1941 1584 2216 1655 indignos
2246 1584 2754 1660 _srinctissim—orum
2791 1590 3235 1660 participatione
3258 1586 3667 1658 mysteriorum
3700 1586 3874 1640 reddi-

482 1657 715 1737 derunt.
750 1657 870 1714 Hos
898 1657 1745 1737 omnesadmittebat‘quidem
1788 1658 2327 1737 magnus‘pontifex
2358 1658 2416 1711 in
2444 1675 2670 1737 sacram
2705 1660 2907 1737 eadem,
3147 1657 3352 1713 fierent
3395 1664 3731 1737 conventus,
3760 1673 3871 1737 per-

481 1731 750 1786 mittebat
782 1746 1082 1786 sacrarum
1108 1730 1462 1801 Litterarum
1490 1728 1717 1783 lectioni
1751 1735 1808 1783 et
1837 1728 2189 1795 expositioni
2224 1729 2504 1784 interesse
2525 1730 2639 1801 (his
2670 1733 2826 1786 enim
2852 1733 3270 1787 erudiebantur
3299 1737 3472 1800 atque
3494 1731 3871 1796 sanabanturl,

480 1804 580 1858 sed
613 1819 769 1869 cum,
807 1804 925 1857 illis
956 1800 1265 1866 absolutis,
1309 1802 1376 1855 ad
1411 1800 1574 1870 ipsas
1606 1806 1979 1854 sacrosancta
2013 1802 2350 1855 veneranda
2384 1800 2753 1857 eucharistiee
2784 1806 3065 1871 mysteria
3095 1803 3440 1858 celebranda
3462 1818 3524 1855 se
3547 1801 3868 1869 accingeret,

480 1878 604 1929 tum
634 1891 768 1929 vero
802 1876 871 1928 ad
908 1874 1187 1943 majorem
1211 1878 1507 1927 tantorum
1532 1874 1940 1943 mysteriorum
1964 1871 2242 1926 honorem
2265 1890 2418 1943 (quae
2443 1880 2722 1943 quantam
2753 1879 3067 1929 maximam
3091 1876 3333 1943 exigunt
3355 1874 3754 1927 assistentium
3778 1890 3869 1941 pu-

480 1946 713 2000 ritatem
745 1963 811 2001 ac
843 1945 1316 2013 sanctimoniam)
1340 1943 1546 2016 jubeat
1576 1942 1695 2008 eos,
1723 1949 1784 1996 ut
1817 1942 2011 1997 minus
2038 1942 2321 2016 mundos
2348 1942 2613 1999 minusve
2643 1963 2909 2016 capaces,
2964 1942 3269 2002 absistere.
3323 1946 3485 2009 Quod
3520 1945 3603 1997 illi
3654 1944 3868 2014 quidem

481 2034 588 2072 nec
619 2017 783 2072 inviti
825 2017 1063 2087 (quippe
1093 2017 1173 2090 ita
1203 2015 1388 2069 edocti
1423 2016 1611 2090 erant)
1636 2031 1742 2090 nec
1775 2030 2017 2090 prorsus
2048 2015 2344 2090 illihenter
2374 2017 2684 2071 faciebant.
2723 2015 3049 2090 Dionysius
3093 2021 3271 2081 enim,
3305 2018 3388 2070 uti
3422 2016 3655 2090 sapiens
3688 2020 3741 2068 et
3770 2017 3870 2068 alta

481 2091 737 2160 quadam
770 2086 965 2143 mente
997 2086 1275 2158 praeditus
1306 2094 1451 2154 erat,
1473 2086 1531 2139 in
1567 2086 1674 2141 hoc
1707 2088 1971 2160 impense
2000 2086 2381 2160 laboraverat,
2408 2095 2469 2141 ut
2502 2105 2776 2160 magnam
2802 2086 3202 2145 interordines
3225 2086 3639 2160 atquegradus
3659 2104 3869 2160 concor-

484 2157 643 2232 diam
677 2157 1125 2232 animorum’que
1156 2161 1603 2232 consensionem
1646 2157 1950 2212 stabiliret.
1986 2159 2223 2229 Absque
2254 2158 2360 2212 hac
2383 2160 2535 2213 enim
2572 2157 2792 2215 nullam
2829 2161 3270 2232 rempublicam,
3305 2157 3534 2214 nullum
3560 2158 3865 2224 concilium,

485 2231 722 2304 nullam
745 2231 1108 2304 religionem,
1144 2230 1373 2304 nullum
1395 2235 1742 2304 conventum
1767 2234 1927 2304 stare
1952 2246 2121 2299 posse
2148 2248 2160 2284 :
2194 2246 2313 2304 rem
2334 2232 2720 2304 Christianam
2745 2230 2985 2289 Athenis
3013 2235 3292 2287 hactenus
3314 2232 3627 2286 concordia
3647 2232 3867 2304 cmpisse

485 2310 544 2359 et
576 2302 842 2376 crevisse,
859 2301 1073 2376 eadem
1109 2302 1415 2376 concordia
1447 2301 1722 2376 deinceps
1756 2301 1979 2376 ﬁrmam
2016 2318 2079 2376 ac
2112 2301 2377 2356 stabilem
2402 2304 2553 2376 fore.
2588 2303 2701 2358 Nec
2732 2322 2861 2359 vero
2897 2305 3029 2376 plus
3070 2322 3198 2359 esse
3247 2320 3455 2376 causae,
3487 2303 3862 2376 quamobrem

486 2375 793 2448 inferiores
823 2374 879 2428 in
913 2374 1164 2448 Ecclesia
1195 2376 1414 2448 gradus
1444 2372 1749 2448 altioribus
1785 2379 1884 2426 aut
1915 2373 2212 2448 invideant
2240 2379 2339 2448 aut
2361 2375 2708 2448 obtrectent,
2735 2372 2985 2447 quamin
3011 2393 3261 2448 corpore
3281 2374 3365 2429 vel
3394 2375 3569 2445 pedes
3593 2374 3863 2448 manibus,

488 2446 579 2501 vel
615 2447 837 2501 femora
871 2447 1152 2511 humeris,
1186 2444 1271 2499 Vel
1305 2450 1470 2499 artus
1498 2447 1877 2514 membraque
1910 2444 2106 2498 omnia
2138 2445 2334 2515 capiti.
2371 2445 2513 2500 Nam
2548 2446 2697 2501 hanc
2732 2444 3137 2503 universorum
3184 2444 3432 2501 salutem
3470 2463 3619 2509 esse,
3653 2450 3707 2499 et
3736 2444 3863 2515 optij

493 2534 648 2572 mam
684 2518 1189 2590 compositionem,
1217 2534 1348 2590 cum
1384 2513 1842 2590 unumquodque
1875 2513 2228 2590 membrum,
2261 2534 2368 2590 sua
2399 2524 2736 2571 contentum
2772 2527 2947 2581 sorte,
2969 2520 3218 2590 pr0priis
3241 2520 3475 2573 insistat
3506 2516 3731 2585 ofﬁciis,
3762 2513 3809 2590 et
3828 2513 3865 2568 si

493 2607 609 2661 qua
641 2588 849 2673 possit,
883 2590 1203 2660 opituletur
1232 2589 1582 2673 letiam‘,‘n_on
1605 2604 1749 2673 .vero
1782 2588 2082 2657 obstrepat
2115 2588 2340 2669 alienis.
2364 2590 2435 2673 .In
2471 2606 2711 2671 corpore
2745 2588 2996 2673 humano
3043 2588 3276 2672 singula
3316 2590 3569 2673 singulis
3614 2588 3868 2641 membris

497 2660 699 2742 munia
730 2664 800 2716 ab
826 2660 1093 2742 ipsorum
1118 2660 1655 2742 auctore_att_rib.uta
1684 2676 1854 2742 esse:
1888 2666 2273 2742 mutuamque
2295 2660 2449 2742 inter
2478 2661 2605 2742 ipsa
2623 2679 2689 2742 ex
2712 2669 2929 2716 natura:
2962 2660 3241 2717 instinctu
3276 2678 3506 2742 semper
3527 2662 3733 2742 durare
3750 2675 3866 2742 c_on-_

496 2733 791 2788 cordiam:
822 2730 879 2787 in
908 2749 1148 2804 corpore
1177 2733 1315 2786 item
1351 2730 1615 2785 Ecclesia
1646 2733 1717 2804 ab
1744 2731 2039 2804 episcopis
2063 2731 2319 2802 quidem,
2354 2734 2450 2785 sed
2483 2734 2767 2787 divinitus
2801 2735 3057 2797 directis,
3081 2752 3189 2788 sua
3230 2730 3547 2803 unicuique
3607 2730 3787 2784 ordini
3828 2733 3871 2782 et

493 2806 701 2876 gradui
726 2806 917 2860 ofﬁcia
943 2802 1211 2858 distribui
1241 2821 1254 2868 ;
1286 2804 1347 2856 in
1379 2803 1595 2872 quibus
1636 2803 1681 2857 si
1716 2802 1974 2876 volentes
2007 2803 2375 2876 libentesque
2408 2804 2787 2874 perstiterint,
2821 2824 2935 2861 non
2972 2807 3140 2860 modo
3173 2822 3329 2859 nunc
3360 2802 3535 2859 saluti
3570 2809 3628 2857 et
3662 2816 3870 2876 prospe-

495 2872 649 2931 ritati
685 2877 833 2947 ipsis
867 2878 1004 2937 fore,
1039 2876 1137 2930 sed
1172 2876 1345 2928 etiam
1376 2881 1575 2942 postea
1625 2879 1903 2945 perpetuo
1936 2874 2138 2947 honori
2175 2872 2653 2947 acrsem'piternaa
2685 2876 2898 2943 gloriae.
2950 2877 3368 2947 Hujuscemodi
3402 2892 3540 2945 ergo
3574 2872 3870 2947 rationibus

492 2945 726 3020 inducti
754 2948 1251 3020 locumtenebant
1281 2946 1691 3020 unusquisque
1714 2946 1986 3020 _insacris
2006 2946 2410 3012 conventibus,
2441 2964 2611 3018 quem
2643 2950 2899 3019 pontifex
2919 2945 3300 3020 assignasset.
3332 2948 3453 3004 Non
3477 2945 3869 3020 erantquidem

492 3024 618 3074 tum
651 3018 1003 3091 Christianis
1034 3017 1552 3091 augustabtempla,
1584 3019 1681 3071 sed
1711 3017 1764 3091 in
1790 3016 1864 3091 iis
1891 3025 2083 3091 tamen
2105 3035 2228 3088 quas
2252 3023 2437 3086 erant,
2462 3016 2658 3073 suum
2680 3021 2929 3091 quisque
2954 3016 3145 3075 locum
3174 3026 3358 3074 norat.
3384 3021 3573 3090 Adyta
3592 3016 3810 3091 tenebat
3827 3018 3873 3069 et

496 3089 932 3161 ingrediebatur
963 3090 1121 3161 solus
1154 3088 1431 3158 pontifex,
1465 3091 1633 3159 eique
1660 3089 1935 3161 subditus
1966 3090 2106 3161 ordo
2139 3105 2302 3144 sacer
2332 3105 2343 3143 ί
2380 3092 2677 3159 proximas
2698 3088 3109 3161 penetralibus
3142 3093 3311 3146 sedes
3344 3088 3615 3145 monachi
3658 3102 3872 3161 occupa-

493 3158 674 3242 bant:
710 3178 825 3242 non
855 3160 1059 3242 quales
1090 3168 1414 3242 nunc-sunt
1442 3158 1803 3242 monachi,__a
1825 3158 2617 3242 populosecreti,_etpatrem
2652 3158 2752 3218 aut
2779 3170 3059 3218 rectorem
3090 3164 3372 3242 habentes
3396 3163 3652 3242 aliquem
3674 3158 3870 3242 ordinis

495 3234 612 3314 sui,
645 3234 744 3287 sed
771 3230 1265 3314 qui—pars‘populi
1294 3238 1567 3314 erant,_et_
1596 3232 1801 3314 patriis
1828 3230 1899 3314 in.
1920 3232 2142 3287 aedibus
2176 3230 2528 3314 habitantes,
2562 3252 2661 3305 pro
2694 3251 2993 3314 sacrorum
3027 3237 3304 3314 magistro
3334 3251 3397 3289 ac
3439 3230 3687 3314 praesule
3703 3230 3868 3314 solum

493 3305 860 3376 episcopum,
891 3304 973 3358 vel
1010 3303 1261 3375 aliquem
1295 3304 1672 3358 constitutum
1708 3304 2082 3376 abepiscopo
2112 3305 2472 3359 sacerdotem
2500 3303 2912 3375 agnoscebant.
2936 3303 3265 3361 Secundum
3293 3303 3870 3376 monachos.reliqu_us

496 3374 963 3449 fidelis—populus
982 3377 1356 3449 consistebat,
1381 3376 1471 3429 cui
1496 3375 1953 3449 adinspicienda
1983 3376 2316 3449 etfruenda
2348 3374 2635 3431 diviniora
2666 3380 2940 3449 mysteria
2967 3380 3064 3448 jus
3085 3386 3229 3433 erat.
3265 3377 3437 3432 Paulo
3461 3378 3533 3431 ab
3554 3378 3647 3432 his
3668 3374 3869 3449 longius

495 3446 901 3521 subsidebant,
924 3449 1031 3521 qui
1066 3448 1355 3521 immundi
1387 3448 1801 3521 censebantur,
1835 3447 2064 3521 autqui
2098 3447 2364 3521 omnium
2398 3455 2659 3518 expertes
2689 3446 3184 3504 sacramentorum
3217 3454 3415 3515 erant;
3442 3451 3634 3521 primo
3666 3446 3866 3521 quidem

494 3520 592 3589 qui
626 3515 968 3592 defectionis
1002 3536 1034 3573 a
1067 3521 1203 3587 fide,
1227 3518 1324 3592 vel
1356 3518 1819 3592 alteriusigravis
1846 3515 2040 3592 delicti
2071 3518 2303 3589 culpam
2339 3515 2637 3590 lugebant,
2671 3526 2727 3574 et
2762 3522 3157 3591 pcenitentiam
3193 3515 3703 3592 mmrore'publico
3724 3515 3869 3592 profi-

494 3592 810 3647 tebantur:
866 3591 1078 3646 deinde
1136 3590 1236 3661 qui
1290 3607 1322 3643 a
1373 3591 1738 3645 daemonibus
1790 3591 2065 3659 possessi,
2117 3595 2218 3644 aut
2264 3592 2512 3648 obsessi.
2547 3597 2647 3646 aut
2675 3590 3075 3648 miserandum
3108 3594 3164 3646 in
3202 3593 3442 3646 modum
3472 3590 3663 3647 vexati
3694 3591 3867 3644 erant:

493 3670 789 3735 postremo
822 3667 1013 3717 autem
1050 3662 1195 3735 loco,
1228 3662 1327 3731 qui
1363 3661 1521 3715 nullo
1552 3669 2087 3735 cum_sacramento
2114 3668 2313 3735 essent
2344 3662 2576 3716 initiati.
2612 3664 2754 3717 Nam
2810 3664 2914 3718 hos
2944 3669 3142 3735 utpote
3173 3664 3230 3717 in
3257 3664 3489 3720 Christo
3527 3665 3867 3735 necdum__re-

494 3731 743 3806 genitos,
778 3749 967 3803 neque
998 3733 1179 3786 sacris
1210 3735 1339 3806 vitae
1370 3733 1739 3806 novaeradiis
1770 3740 2010 3788 eatenus
2041 3733 2435 3806 collustratos,
2460 3751 2692 3804 aequum
2726 3740 2813 3790 est
2845 3736 2916 3789 iis
2948 3731 3169 3803 cedere,
3195 3737 3290 3805 qui
3321 3736 3454 3788 licet
3476 3731 3869 3806 tentationibus

498 3802 639 3859 victi
672 3802 907 3875 peccato
938 3804 1374 3867 succubuerint,
1406 3810 1507 3858 aut
1540 3802 1729 3858 locum
1763 3806 2044 3859 daamonis
2078 3805 2400 3860 insultibus
2434 3802 2719 3871 dederint,
2755 3813 2949 3861 tamen
2984 3812 3038 3861 et
3083 3802 3270 3861 renati
3305 3812 3444 3860 sunt
3469 3807 3526 3860 in
3559 3804 3869 3875 Christo,5et

493 3875 654 3948 gregi
674 3872 1239 3949 'ﬁdelium‘ascripti,
1272 3879 1328 3929 et
1356 3877 1691 3949 eorumdem
1727 3892 1858 3929 cum
1891 3876 2007 3930 illis
2040 3884 2542 3949 sacramentorum
2575 3878 2889 3949 participes
2920 3878 3129 3933 effecti.
3164 3879 3386 3941 Quibus
3430 3878 3508 3933 ita
3541 3872 3866 3949 constitutis.

494 3943 564 4004 ad
600 3943 895 4020 sacrorum
929 3943 1152 4001 rituum
1181 3964 1246 4020 ac
1276 3948 1741 4020 caerimoniarum
1775 3964 1974 4020 curam
2008 3948 2391 4020 (64),quibus
2419 3966 2531 4003 non
2568 3943 3208 4020 parvus'sacramentis
3257 3949 3445 4004 honos
3486 3966 3553 4005 ac
3584 3943 3867 4003 reverentia

493 4018 859 4087 conciliatur,
893 4024 1148 4073 mentem
1182 4019 1412 4091 adjecit.
1436 4018 1559 4091 Hos
1588 4018 1767 4088 igitur
1793 4018 1939 4091 ritus
1964 4018 2198 4091 pictatis
2230 4026 2403 4090 atque
2431 4018 2758 4075 sanctitatis
2792 4021 2994 4091 plenos
3026 4040 3157 4077 cum
3192 4022 3544 4087 induxisset,
3609 4037 3703 4075 eos
3756 4028 3864 4091 cum

497 4092 622 4165 ipse
652 4092 880 4165 primus
909 4087 1638 4165 observavit‘exactissime
1663 4095 1787 4143 tum
1821 4090 1893 4143 ab
1928 4089 2057 4143 aliis
2090 4087 2387 4165 sacrorum
2416 4092 2710 4165 ministris
2745 4087 3035 4164 praecipua
3054 4093 3357 4165 diligentia
3383 4087 3864 4165 observarijussit.

495 4158 683 4227 Quare
714 4162 1085 4235 Atheniensis
1117 4161 1373 4217 Ecclesia
1403 4168 1521 4235 tam
1554 4167 1756 4235 sancto
1789 4166 2020 4235 regente
2052 4163 2345 4235 pontifice,
2368 4163 2720 4219 Christianis
2745 4158 2985 4235 quidem
3023 4158 3194 4219 mirew
3217 4165 3481 4235 speciosa
3530 4170 3588 4219 et
3629 4158 3867 4217 amabilis

499 4235 837 4305 apparebat,
878 4251 944 4290 ac
974 4234 1135 4289 velut
1165 4235 1346 4288 altera
1376 4234 1508 4289 novi
1542 4233 2061 4305 Salomonisaula,
2097 4232 2366 4289 hostibus
2399 4252 2532 4290 vero
2585 4232 3002 4291 insidiantibus
3033 4232 3281 4298 munita,
3317 4242 3373 4289 et
3399 4235 3677 4290 terribilis
3706 4238 3763 4305 ut
3788 4246 3867 4305 ra-

501 4301 758 4362 strorum
790 4306 943 4362 acies
967 4306 1269 4361 ordinata:
1304 4306 1519 4377 quippe
1542 4305 1632 4359 cui
1656 4321 1761 4358 nec
1786 4304 1924 4377 foris
1947 4304 2324 4377 pulchritudo
2346 4307 2778 4361 desideraretur
2798 4308 3298 4371 caeremoniarum,
3320 4324 3424 4362 nec
3443 4310 3603 4362 intus
3626 4301 3870 4377 fortitudo

505 4379 732 4451 deesset
762 4379 1046 4451 virtutum
1075 4395 1087 4442 ;
1121 4394 1265 4451 nam,
1288 4374 1344 4431 in
1380 4374 1698 4451 utrumque
1728 4377 1816 4431 vir
1847 4374 2015 4451 longe
2043 4376 2534 4449 vigilantissimus
2562 4383 2616 4433 et
2654 4378 3091 4435 oculatissimus
3125 4378 3327 4434 sedulo
3358 4379 3697 4451 excubabat,
3730 4374 3799 4430 uti
3828 4375 3871 4451 et

505 4450 808 4520 religionis
838 4450 1086 4505 exterior
1113 4449 1337 4520 species
1371 4450 1508 4503 foris
1543 4448 2006 4519 respectantibus
2042 4454 2317 4520 pietatem
2350 4451 2643 4510 excitaret.
2677 4456 2731 4505 et
2762 4452 3003 4506 interior
3033 4452 3245 4506 devotae
3274 4451 3488 4505 mentis
3521 4448 3873 4520 sanctimonia

504 4514 732 4595 divinas
762 4538 802 4595 ei
822 4514 1216 4595 coalogratias
1251 4522 1574 4595 devocaret.
1610 4514 1749 4595 Quis
1773 4526 1966 4575 autem
1992 4514 2076 4574 vel
2103 4538 2369 4576 sermone
2390 4521 2608 4593 eloqui,
2628 4522 2711 4576 vel
2737 4524 2913 4577 etiam
2938 4523 3241 4595 concipere
3263 4522 3461 4577 animo
3484 4523 3687 4593 possit,
3709 4514 3871 4595 qualis

504 4592 900 4665 ipsepontifex
924 4593 1227 4663 Dionysius
1260 4594 1388 4663 (65).
1424 4595 1563 4647 dum
1598 4593 1782 4647 sacris
1808 4597 2166 4661 operaretur,
2194 4591 2519 4663 quantusve
2543 4595 2737 4659 fuerit,
2772 4612 2944 4664 quam
2987 4591 3367 4665 compositus
3394 4591 3653 4665 corpore,
3686 4591 3869 4665 mente,

505 4658 740 4737 spiritu,
772 4681 948 4737 quam
982 4658 1219 4737 remotis
1251 4682 1283 4719 a
1312 4658 1461 4719 terra
1498 4665 1793 4721 sensibus.
1827 4658 1999 4737 quam
2025 4658 2250 4719 cunctis
2273 4667 2479 4718 anima;
2502 4658 2887 4720 viribusrcmlo
2910 4658 3143 4736 Deoque
3165 4664 3427 4731 intentis,
3454 4658 3512 4719 et
3532 4666 3599 4719 ad
3621 4658 3872 4737 capienda

507 4736 701 4791 divina
729 4736 1005 4790 vibratis!
1041 4737 1194 4791 Satis
1226 4753 1367 4791 sane
1398 4742 1523 4791 erat
1554 4735 1937 4790 incendendis
1969 4738 2036 4790 ad
2067 4738 2432 4791 devotionem
2468 4743 2643 4807 atque
2686 4738 2964 4791 fervorem
3016 4735 3276 4793 omnium
3330 4738 3625 4801 cordibus,
3666 4750 3770 4788 una
3795 4735 3869 4783 sui

507 4807 775 4881 praesulis
809 4813 921 4862 Deo
953 4808 1311 4863 immolantis
1342 4808 1735 4881 consideratio
1770 4809 1987 4881 itaque
2036 4809 2107 4861 ad
2148 4825 2363 4881 _sacros
2415 4814 2617 4881 cmtus,
2669 4810 2898 4879 quoties
2930 4809 2967 4862 ii
3001 4826 3250 4879 cumque
3282 4808 3654 4881 haberentur,
3690 4817 3871 4881 magna

508 4872 741 4951 semper
764 4883 885 4934 erat
917 4880 1387 4934 concurrentium
1425 4880 1845 4950 promptitudo,
1877 4872 2090 4949 magna
2113 4879 2382 4935 alacritas
2406 4872 2732 4935 animorum
2759 4896 2772 4936 :
2807 4882 3043 4951 quando
3066 4872 3289 4935 scilicet
3317 4897 3449 4951 eum
3477 4872 3653 4934 visuri
3676 4872 3871 4932 sacriﬁ-

507 4950 740 5007 cantem
762 4956 993 5023 essent,
1027 4952 1180 5006 442
1214 4952 1448 5022 quando
1477 4952 1655 5023 verba
1677 4952 1748 5005 de
1777 4950 1992 5005 divinis
2025 4951 2326 5006 facientem
2362 4952 2640 5015 audituri,
2665 4950 3107 5023 eum,’inquam,
3141 4955 3310 5023 cujus
3339 4950 3427 5006 vel
3474 4952 3633 5007 solus
3662 4959 3867 5015 conspe-

507 5030 656 5085 ctus,
689 5022 776 5078 vel
808 5022 1056 5095 cogitata
1088 5027 1317 5096 tantum
1351 5022 1677 5096 praesentia,
1710 5039 1825 5077 non
1859 5023 2182 5078 mediocres
2210 5023 2424 5096 animis
2454 5023 2654 5079 indere
2683 5022 3225 5079 virtutis’stimulos’
3247 5024 3513 5095 quibant.
3563 5023 3697 5093 Ejus
3725 5029 3868 5096 porro

504 5097 703 5162 verba,
738 5088 969 5150 cum'ad
1006 5095 1234 5151 turbam
1261 5088 1428 5150 suam
1462 5094 1926 5161 concionaretur,
1957 5095 2248 5163 ejusmodi
2278 5100 2463 5164 erant,
2498 5112 2623 5166 quae
2656 5112 2769 5150 non
2805 5100 3073 5150 externos
3120 5088 3331 5151 sensus
3362 5088 3635 5150 dictionis
3653 5088 3868 5166 mollitie

505 5167 838 5232 titillarent,
872 5166 960 5221 vel
1010 5182 1182 5221 aures
1219 5166 1520 5221 blanditiis
1552 5170 1855 5234 ungerent,
1890 5167 1989 5220 sed
2025 5184 2149 5237 quaa
2181 5172 2405 5222 mentes
2438 5164 2648 5222 acriter
2675 5168 2744 5221 ad
2777 5168 3051 5223 virtutem
3084 5167 3322 5230 cierent,
3358 5173 3414 5222 et
3445 5164 3664 5222 salubri
3694 5174 3865 5237 pecca-

506 5246 699 5295 torum
720 5237 1150 5310 rconfricatione
1181 5239 1250 5293 ad
1284 5237 1686 5310 pmnitentiam
1721 5235 2062 5308 pungerent'.
2095 5242 2295 5308 Itaque
2324 5239 2436 5293 sub
2456 5240 2585 5307 ejus
2616 5238 2923 5294 conciones
2953 5240 3084 5309 plus
3116 5239 3505 5310 suspiriorum
3540 5235 3866 5310 audiebatur,

506 5328 681 5377 quam
718 5309 957 5364 laudum
986 5315 1041 5365 et
1068 5300 1581 5371 acclamationum,
1618 5300 1749 5380 plus
1778 5300 2041 5382 verarum
2079 5300 2867 5382 lacrymarum'cernebatur,
2902 5300 3073 5381 quam
3107 5300 3371 5365 inanium
3425 5310 3733 5382 plausuum
3760 5300 3868 5382 (66)-

509 5372 683 5438 Eranl
718 5382 871 5436 enim
898 5383 1025 5452 ejus
1056 5398 1357 5436 sermones
1390 5399 1501 5436 non
1537 5372 1933 5450 de'jucundis,
1965 5383 2063 5435 sed
2101 5383 2170 5436 de
2201 5372 2468 5441 utilibus.
2493 5388 2670 5453 atque
2700 5387 2764 5436 ut
2794 5372 3113 5453 plurimum
3150 5383 3219 5437 de
3254 5372 3469 5436 finibus
3528 5372 3868 5453 hominisqle

510 5459 719 5516 morte,
754 5455 823 5509 de
845 5450 1091 5525 judicio,
1129 5455 1199 5509 de
1231 5453 1540 5508 horrendis
1574 5458 1701 5524 post
1736 5453 1845 5507 hoc
1880 5453 2101 5523 fugacis
2128 5456 2226 5507 δενί
2262 5450 2588 5524 suppliciis,
2632 5450 2817 5523 deque
2850 5453 2981 5509 aliis
3012 5455 3276 5525 ejusdem
3326 5453 3481 5507 modi
3529 5450 3867 5525 argumentis.

506 5533 575 5581 ut
607 5530 801 5596 posset
832 5524 964 5580 cum
1004 5525 1177 5581 Paulo
1208 5530 1560 5597 praeceptore.
1593 5542 1698 5579 suo
1733 5526 1924 5580 dicere
1950 5542 1961 5579 :
2004 5527 2096 5580 Vos
2121 5526 2279 5580 scitis
2307 5526 2571 5597 quomodo
2602 5526 2750 5580 nihil
2778 5524 3145 5580 subtraxerim
3176 5525 3423 5587 utilium,
3455 5541 3559 5593 quo
3586 5524 3755 5577 minus
3773 5531 3867 5597 ρη-

505 5591 832 5654 nuritiarem
862 5598 1031 5660 vobis.
1060 5602 1110 5653 et
1139 5591 1501 5653 docerem-vos
1530 5598 1767 5667 publice.
1800 5604 1852 5652 et
1881 5615 1975 5668 per
2008 5598 2223 5660 domos,
2258 5591 2571 5666 testiﬁcaris
2601 5600 2814 5653 Iudaeis
2844 5607 3003 5667 atque
3032 5598 3332 5667 gentilibus
3362 5597 3419 5650 in
3455 5591 3622 5650 Deum
3651 5591 3871 5668 ρηπῃίῑρπ·

506 5671 667 5738 tiam,
709 5676 762 5726 et
798 5671 956 5741 ﬁdem
989 5673 1047 5726 in
1079 5672 1373 5726 Dominum
1402 5662 1649 5726 nostrum
1673 5671 1855 5727 Iesum
1881 5662 2170 5726 "Christum
2196 5671 2291 5743 (g).
2326 5662 2620 5742 Quidquid
2650 5670 2806 5725 enim
2840 5662 2974 5725 fecit
3005 5662 3245 5739 Paulus,
3282 5669 3387 5725 hoc
3409 5670 3523 5725 fere
3545 5673 3631 5724 est
3648 5662 3870 5720 imitatus

575 5814 656 5890 (ρ)
686 5815 808 5873 Act.
842 5830 938 5883 xx,
961 5813 1053 5873 20.
