4020 6358
404 304 513 359 755

1641 310 1699 362 s.
1744 308 2058 364 moust
2095 309 2579 365 sasomoms
2647 286 2652 291 ’

3722 305 3829 360 756

410 432 513 494 ter,
549 431 601 483 et
632 430 829 484 Petrus
859 442 1176 499 supremum
1206 430 1255 482 et
1286 428 1825 484 venerabiz'issimum
1856 431 2061 485 theolo-
2093 438 2141 501 Α
2176 436 2345 486 terat.
2377 432 2515 485 Nam
2545 430 2717 485 etiam
2739 430 2796 484 in
2818 430 3470 501 Juc‘maprmdicaverat,
3496 444 3613 499 quo
3635 432 3835 501 tamen

404 516 602 572 gorum
631 501 916 572 columen;
950 501 1102 570 quod
1130 501 1211 562 hi,
1245 501 1509 570 inquam,
1529 501 1636 556 soli
1664 504 2062 568 nominentur,

407 571 525 627 non
558 573 756 627 obstat
786 571 927 641 quin
960 578 1013 625 et
1047 572 1144 625 alii
1178 573 1476 627 adfuerint
1506 581 1639 639 (non
1668 576 1825 627 enim
1874 575 2069 628 exclu-

410 646 677 714 duntur),
712 644 811 697 sed
847 644 903 716 hi
938 649 1169 698 tantum
1224 662 1255 696 a
1308 646 1599 716 Dionysio,
1651 652 1926 715 tanquam
1970 646 2071 716 qui

412 722 553 770 tunc
589 715 861 786 praecipui
914 716 1069 770 inter
1118 719 1409 787 apostolos
1457 715 1654 771 essent
1712 715 2076 772 nominis’et

414 790 808 856 auctoritatis,
837 789 1240 842 nominantur.
1261 789 1404 844 Nam
1428 788 1633 842 Petrus
1655 796 1778 842 erat
1806 791 2072 843 omnium

416 865 609 928 caput.
642 860 896 913 Jacobus
927 866 1113 914 autem
1145 862 1308 915 urbis
1353 860 1887 930 Hierosolymorum
1927 870 2073 931 (quae

419 932 667 1004 urbibus
698 932 972 1004 omnibus
1003 932 1340 997 antistabat,
1367 932 1687 985 etJudaicaz
1706 933 2074 1004 gentisprin-

418 1018 556 1073 ceps
588 1002 949 1057 domicilium
984 1006 1125 1072 erat)
1158 1006 1401 1058 antistes
1427 1020 1457 1056 a
1490 1005 1725 1072 collegis
1770 1006 1894 1057 suis
1916 1002 2077 1059 'con-

421 1076 689 1142 stitutus,
720 1076 819 1144 qui
852 1077 1025 1129 etiam
1061 1075 1433 1130 abstinentiae
1469 1081 1527 1128 et
1556 1076 1898 1129 austerioris
1948 1077 2075 1129 vita;

422 1162 597 1200 causa
628 1145 773 1216 ipsis
799 1146 933 1201 fidei
963 1152 1175 1201 nostrae
1209 1146 1480 1201 hostibus
1525 1154 1651 1201 erat
1700 1149 2076 1202 reverendus.

420 1218 583 1281 Quod
634 1234 766 1271 vero
830 1218 1089 1273 Joannes
1138 1218 1496 1288 evangelista
1561 1221 1899 1273 nominatus
1964 1236 2077 1274 non

422 1290 617 1354 fuerit,
649 1306 829 1343 causa
858 1290 914 1343 in
970 1297 1240 1361 promptu
1286 1294 1393 1358 est,
1448 1291 1599 1358 quod
1643 1291 1713 1345 de
1763 1292 1892 1359 ejus
1933 1308 2079 1361 prae-

420 1362 614 1433 sentia
635 1366 837 1431 utpote
864 1363 1089 1433 Virgini
1113 1378 1347 1431 semper
1368 1362 1722 1426 assistentis,
1756 1363 1916 1416 nulla
1938 1364 2077 1417 sub-

419 1432 558 1486 oriri
592 1438 789 1502 posset
838 1432 1145 1488 dubitatio.
1198 1434 1316 1486 lmo
1364 1438 1419 1486 S.
1474 1432 1668 1487 Maria:
1728 1435 2080 1489 cathedralis

418 1503 665 1559 ecclesia
693 1506 1073 1560 'l‘ornacensis
1094 1505 1378 1575 gloriatur
1408 1521 1469 1559 se
1500 1505 1713 1559 habere
1745 1508 1815 1560 de
1862 1507 2079 1576 palma,

422 1592 599 1645 quam
628 1582 866 1631 sanctus
897 1576 1251 1647 evangelista
1282 1584 1337 1631 et
1367 1578 1666 1646 apostolus
1692 1578 1945 1632 Joannes
1976 1580 2079 1631 de-

422 1648 644 1702 ferebat
675 1650 985 1719 praeeundo
1018 1649 1074 1703 in
1108 1649 1402 1718 exsequiis
1443 1649 1499 1703 S.
1549 1649 1742 1703 Mariae
1798 1655 2080 1719 Deiparae,

422 1719 696 1791 Sicienim
730 1726 819 1775 est
851 1720 910 1773 in
944 1719 1530 1791 Hier'igazophyliaco
1572 1719 1801 1791 Belgico
1839 1720 2082 1775 Arnoldi

425 1792 497 1845 de
528 1790 750 1846 Raisse.
776 1793 922 1856 Quin
956 1796 1011 1846 et
1042 1790 1442 1847 Messanienses
1474 1792 1532 1844 in
1563 1790 1759 1846 Sicilia
1830 1797 2077 1847 lrustum

423 1862 659 1930 aliquod
695 1864 958 1933 ejusdem
993 1865 1198 1932 palmae
1230 1865 1285 1917 in
1324 1863 1584 1933 principe
1632 1863 1849 1933 templo
1895 1881 2079 1918 asser-

429 1940 589 1988 vant.
633 1935 777 1989 Vide
810 1943 937 2004 post
966 1935 1253 1989 Francisci
1279 1934 1592 2005 Maurolyci
1613 1935 1842 1989 abbatis
1864 1937 2080 1990 Messa-

424 2006 623 2059 nensis
669 2008 1144 2077 Martyrologium
1188 2008 1467 2075 adjuncta
1518 2008 1891 2077 Belz'quz'arum
1940 2010 2075 2063 loca.

418 2077 500 2130 Ad
537 2077 781 2132 Paulum
824 2086 1017 2131 autem
1056 2080 1209 2148 quod
1244 2079 1469 2141 attinet,
1514 2080 1633 2132 sive
1669 2080 1921 2132 adfuerit
1958 2081 2076 2134 sive

418 2150 695 2214 abfuerit,
731 2150 876 2203 nihil
911 2151 1096 2204 fraudi
1131 2156 1219 2204 est
1250 2151 1440 2204 verbis
1473 2150 1753 2220 Dionysii,
1785 2152 1877 2221 qui
1914 2168 2075 2205 men-

419 2221 638 2274 tionem
672 2222 800 2290 ejus
832 2239 944 2276 non
978 2223 1115 2276 facit
1140 2240 1153 2287 ;
1178 2224 1277 2276 sed
1305 2240 1491 2291 neque
1513 2224 1821 2276 assertioni
1846 2223 2073 2277 illorum

417 2292 517 2364 qui
550 2294 756 2346 dicunt
787 2309 990 2347 omnes
1037 2294 1337 2360 adfuisse;
1380 2295 1863 2364 quandoquidem
1916 2312 2075 2350 more

416 2362 644 2433 vulgari
677 2364 1014 2434 loquantur,
1049 2370 1111 2418 ut
1136 2364 1336 2419 dicant
1370 2362 1569 2419 omnes
1613 2362 1715 2436 pro
1750 2372 1910 2434 parte
1947 2384 2070 2421 ma-

416 2435 596 2502 xima,
630 2443 685 2489 et
716 2453 819 2507 pro
850 2438 924 2491 iis
955 2438 1055 2506 qui
1088 2438 1393 2491 commode
1424 2435 1629 2491 adesse
1679 2439 1994 2507 potuerint,
2018 2447 2075 2493 et

420 2523 568 2577 quos
600 2508 748 2562 Deus
780 2508 829 2561 ei
860 2509 1165 2563 consessui
1197 2509 1597 2563 destinaverit.

490 2578 633 2633 Nam
667 2581 971 2651 iidemipsi
991 2581 1087 2650 qui
1114 2581 1318 2635 dicunt
1344 2597 1545 2635 omnes
1565 2580 1846 2647 adfuisse,
1876 2586 2075 2650 postea

423 2651 1024 2719 subjiciuntdefuisse
1056 2653 1361 2715 Thomam,
1402 2670 1468 2707 ac
1522 2653 1715 2706 triduo
1767 2660 1896 2722 post
1940 2659 2071 2706 tan-

421 2725 550 2776 tum
582 2724 925 2779 advenisse:
962 2739 1066 2778 nec
1099 2724 1225 2778 sine
1247 2724 1443 2777 divino
1477 2723 1709 2793 quidem
1748 2724 1801 2777 td
1854 2724 2069 2778 factum

423 2796 668 2850 consilio
712 2795 935 2861 dicunt,
988 2812 1196 2865 nempe
1228 2801 1290 2849 ut
1336 2797 1485 2849 idem
1540 2794 1740 2848 Matris
1800 2796 2071 2865 probaret

419 2867 911 2935 assumptionem,
944 2867 1042 2935 qui
1080 2866 1204 2920 Filii
1232 2867 1639 2937 comprobaret
1676 2868 2069 2937 resurrectio,

420 2952 576 2990 nem.
611 2938 721 2992 Sed
759 2939 1102 2992 Franciscus
1132 2937 1416 2999 Bivarius,
1452 2939 1592 2991 dum
1631 2936 1805 2990 nimis
1832 2939 2068 3006 insistit,

422 3014 487 3059 ut
513 3009 772 3063 defuisse
804 3009 897 3062 isti
931 3008 1328 3079 apostolorum
1365 3010 1535 3063 coetui
1570 3008 1815 3063 Paulum
1847 3011 2068 3079 probet,

420 3080 809 3151 ostendatque
838 3096 950 3133 non
985 3080 1245 3144 potuisse
1274 3097 1402 3135 esse
1452 3079 1871 3151 Hierosolymis
1917 3098 2071 3136 anno

414 3148 629 3221 Christi
663 3148 1156 3221 quinquagesimo
1177 3156 1397 3218 octavo,
1422 3151 1478 3205 in
1504 3153 1703 3207 multis
1724 3148 1895 3206 errat.
1922 3152 2067 3207 Nam

416 3220 499 3274 ita
528 3220 736 3277 scribit
764 3241 776 3277 :
804 3220 1057 3277 «Adhuc
1076 3230 1269 3278 autem
1297 3224 1437 3277 mihi
1465 3223 1700 3278 dilficile
1722 3226 1774 3277 id
1800 3224 2066 3291 videtur;

418 3295 697 3365 quoniam
742 3312 895 3350 anno
945 3296 1435 3365 quinquagesimo
1484 3296 1735 3365 septimo
1786 3297 1907 3364 (qui
1964 3298 2074 3350 fuit

417 3364 661 3439 Neronis
705 3364 1022 3439 secundus,
1074 3364 1225 3439 teste,
1270 3364 1619 3439 Hieronymo
1668 3366 1767 3421 lib.
1822 3369 1895 3422 De
1940 3368 2074 3422 scri-

456 3438 666 3493 torz'bus
694 3437 973 3503 Ecclesiw,
1020 3438 1220 3509 Paulo)
1270 3437 1502 3493 Paulus
1535 3440 1793 3509 pervenit
1844 3441 2073 3494 vinctus

475 3525 692 3573 omam,
728 3512 824 3565 ubi
860 3510 1076 3565 mansit
1106 3510 1339 3565 biennio
1364 3516 1479 3564 toto
1516 3512 1568 3565 in
1605 3528 1711 3564 suo
1764 3512 2071 3576 conducto,

420 3582 545 3635 Act.
576 3581 805 3636 ultimo.
838 3581 998 3636 Unde
1028 3599 1182 3636 anno
1214 3583 1707 3653 quinquagesimo
1731 3588 1932 3635 octavo
1957 3599 2069 3637 non

423 3656 615 3724 potuit
645 3653 1060 3723 Hierosolymis
1092 3655 1316 3708 adesse.
1352 3676 1379 3702 ››
1411 3655 1504 3707 Sic
1550 3654 1662 3707 ille.
1722 3654 1880 3715 Quod
1934 3672 2070 3724 ergo

423 3723 742 3791 existimat,
787 3742 1003 3778 annum
1031 3724 1242 3779 Christi
1296 3723 1845 3794 quinquagesimum
1890 3723 2069 3795 septi-

425 3810 588 3850 mum
622 3812 746 3850 esse
775 3798 1099 3849 secundum
1133 3796 1401 3860 Neronis,
1425 3803 1618 3865 aperte
1661 3795 1919 3849 fallitur:
1956 3814 2070 3852 non

421 3866 578 3921 enim
611 3866 1133 3936 quinquagesimus
1163 3870 1471 3936 septimus,
1505 3869 1605 3922 sed
1645 3868 2072 3936 quinquagesi-

422 3955 558 3993 mus
588 3944 826 3993 octavus
852 3945 939 3993 est
988 3938 1281 3992 secundus
1331 3939 1595 4001 Neronis,
1660 3943 1724 3990 ut
1773 3938 1958 4007 liquet
2005 3956 2072 3993 ex

418 4010 652 4065 Eusebii
671 4010 953 4065 Chronico
972 4010 1545 4064 etDemonstratione
1565 4009 1814 4063 Pontaci.
1833 4010 2069 4075 Deinde,

418 4084 573 4152 quod
608 4082 675 4135 ad
731 4084 1096 4152 probandum
1156 4082 1483 4151 pervenisse
1541 4080 1782 4134 Paulum
1835 4081 2070 4136 Romam

416 4171 572 4209 anno
590 4155 844 4210 secundo
864 4153 1128 4217 Neronis,
1150 4159 1354 4207 testem
1372 4154 1605 4207 adducit
1630 4152 2067 4224 Hieronymum,

416 4242 626 4281 rursus
652 4224 888 4280 fallitur.
932 4226 1050 4280 Non
1086 4225 1237 4279 enim
1275 4225 1417 4279 dicit
1450 4226 1833 4292 Hieronymus
1876 4240 2066 4293 perve-

413 4298 586 4364 nisse,
621 4298 720 4352 sed
788 4303 1013 4353 tantum
1068 4298 1219 4351 449
1282 4296 1507 4350 missum
1556 4312 1685 4351 esse.
1732 4298 1954 4350 Romam
2008 4296 2067 4350 in

415 4370 562 4439 quit,
598 4371 805 4423 vinctus
836 4369 1099 4423 mittitur.
1136 4371 1338 4437 Itaque
1372 4368 1470 4423 illo
1520 4386 1672 4422 anno
1706 4378 1828 4421 erat
1865 4369 2067 4422 Hiero-

414 4441 678 4513 solymis.
700 4441 929 4513 Deinde
962 4441 1131 4511 paulo
1168 4445 1293 4509 post
1322 4441 1379 4494 in
1417 4440 1915 4513 accommodanda
1939 4440 2067 4513 ejus

414 4511 543 4567 dem
570 4512 731 4569 Pauli
767 4514 1071 4584 prophetia
1097 4530 1206 4567 non
1244 4528 1445 4582 parum
1466 4512 1773 4584 aberravit,
1802 4512 1883 4564 sic
1908 4511 2061 4565 enim

412 4560 1773 4654 ἇὲἷὶιό’Ἑὲειῖἰὸῖἴῗ’ὀῦῑῖᾖᾶεῖξυῖἱτῖῐ’έέῖηέῖ
1802 4560 2061 4636 magis;
2095 4560 2140 4624 D

407 4657 587 4725 venit,
619 4672 920 4725 nunquam
955 4656 1012 4711 in
1045 4656 1335 4711 Orientem
1373 4672 1637 4710 reversus
1687 4658 1790 4707 est.
1825 4664 1879 4707 ut
1936 4655 2061 4724 ipse

406 4729 478 4783 de
506 4744 567 4783 se
596 4728 1041 4799 pr0phetaverat
1072 4730 1352 4783 Actorum
1404 4728 1681 4799 vigesimo
1718 4742 1741 4799 εί
1778 4728 1908 4799 Ecce
1966 4742 2061 4793 ego

404 4802 540 4867 scio,
574 4797 867 4870 inquiens,
931 4803 1061 4871 quia
1108 4818 1218 4855 non
1269 4801 1515 4870 amplius
1560 4797 1812 4871 videbitis
1857 4799 2061 4867 faciem

406 4890 585 4928 meam
615 4868 706 4927 vi):
732 4868 951 4941 omnes,
984 4888 1081 4941 per
1138 4889 1267 4942 quos
1326 4868 1561 4925 transivi
1614 4868 1919 4942 praedicans
1965 4885 2059 4942 Vre-

408 4963 580 5012 gnum
614 4946 731 4999 Dei.
772 4968 797 4992 ››
826 4940 927 5000 Sic
951 4940 1064 4998 ille.
1101 4940 1266 5015 Atqui
1294 4943 1506 4997 Paulus
1534 4959 1645 4995 non
1676 4940 2060 5015 prophetabat

408 5035 471 5073 se
503 5034 801 5087 nunquam
835 5016 894 5070 in
935 5012 1224 5071 Orientem
1277 5030 1644 5087 reversurum
1683 5032 1695 5078 ;
1733 5012 1847 5087 imo
1894 5017 2054 5079 tunc,

405 5106 539 5145 cum
570 5084 1292 5172 illacprophetabathrecta
1313 5087 1592 5172 tendebat
1634 5085 1690 5172 in
1735 5084 2055 5172 Orientem,

406 5178 619 5232 nempe
651 5155 1130 5230 Hierosolymam,
1157 5160 1252 5214 ubi
1293 5164 1362 5232 et
1380 5164 1587 5227 captus
1618 5163 1672 5207 et
1708 5155 1957 5232 vinctus,
1992 5171 2057 5209 ac

406 5225 617 5289 deinde
650 5234 861 5288 ductus
895 5225 1133 5287 Itomam
1170 5232 1297 5286 fuit.
1327 5225 1465 5283 Erat
1485 5233 1678 5282 autem
1708 5226 1881 5281 Mileti
1905 5225 2056 5279 Pau-

406 5305 498 5360 lus
529 5322 663 5360 cum
695 5304 795 5359 illa
827 5304 1193 5376 prophetavit
1243 5306 1351 5376 (est
1412 5317 1582 5376 porro
1634 5298 2058 5376 Miletus_urbs

402 5378 596 5437 Asiae).
632 5368 1147 5447 eoque'voeaverat
1181 5368 1675 5447 Epheso‘majoves
1703 5375 1838 5447 natu
1868 5368 2055 5447 Ecclef

404 5450 521 5505 sia‘.
560 5449 658 5503 llis
689 5442 825 5520 ergo
856 5448 1142 5520 Ephesiis,
1177 5442 1233 5501 et
1274 5442 1933 5520 Milesiispolissitnum,
1959 5444 2056 5520 sed

402 5526 463 5577 et
494 5521 625 5576 aliis
657 5513 929 5595 Ecclesiis
959 5520 1125 5588 Asim,
1162 5536 1309 5589 qua},
1346 5516 1566 5595 abillis
1591 5532 1703 5569 non
1754 5517 1923 5595 longe
1954 5513 2057 5595 .di-

398 5596 661 5661 stabant,
692 5610 753 5668 se
786 5593 1028 5668 posthac
1060 5609 1163 5663 per
1192 5606 1388 5668 eorum
1420 5593 1609 5668 terras
1636 5603 1749 5668 nep
1784 5590 2058 5668 transitu-

403 5683 533 5722 rum
562 5658 936 5738 praedicebat.
970 5658 1167 5738 Neque
1187 5664 1351 5738 enim
1383 5660 1465 5738 eis
1488 5658 1662 5713 verba
1686 5658 1769 5713 sic
1793 5658 2058 5712 restricte

402 5735 690 5810 capienda
721 5742 879 5801 sunt,
914 5737 1080 5805 quasi
1102 5735 1248 5810 nulli
1271 5735 1513 5810 omnino
1535 5747 1753 5810 eorum.
1783 5746 1882 5810 per
1910 5746 2055 5810 quos

390 5803 755 5866 transivcrat
784 5803 1105 5883 praedicans
1139 5809 1388 5883 verbum
1409 5805 1531 5883 Dei,
1564 5807 1761 5883 essent
1785 5803 1837 5854 in
1868 5806 2055 5873 poste-

390 5900 540 5953 vrum
594 5886 721 5955 eius
748 5874 927 5939 visuri
964 5881 1190 5951 faciem,
1224 5878 1277 5934 id
1299 5874 1453 5934 enim
1490 5876 1607 5931 fere
1640 5874 1763 5929 fieri
1788 5891 1899 5930 non
1951 5888 2055 5944 po-

2175 506 2296 572 jani
2332 505 2701 574 properabat,
2733 511 2789 558 ct
2818 503 2943 557 sine
2966 500 3142 557 dub-io
3176 502 3307 556 aliis
3340 517 3570 572 quoque
3602 501 3661 554 in
3694 500 3831 554 locis

2182 573 2692 640 inter’Judammt
2712 577 2909 629 Asiam
2960 575 3191 628 mediis.
3226 573 3444 628 Deinde
3505 588 3710 626 rursus
3758 588 3827 625 ex

2180 647 2381 701 Judaaa
2414 647 2655 701 Romam
2694 663 2879 717 usque
2904 653 3027 700 erat
3055 650 3419 714 profecturus
3452 660 3466 697 :
3504 660 3576 698 an
3624 646 3679 717 in
3712 649 3831 697 toto

2183 721 2283 773 illo
2306 726 2361 772 et
2388 725 2503 773 tam
2540 719 2709 790 longo
2742 716 2946 772 itinere
2976 720 3138 773 nulla
3190 719 3329 772 urbs
3372 722 3536 790 erat,
3559 716 3660 769 ubi
3692 722 3835 790 ante

2185 791 2613 861 praedicasset?
2643 786 2842 861 heque
2871 791 2981 844 hoc
3022 790 3185 843 satis.
3240 790 3431 861 Roma
3467 789 3646 861 etiam
3692 786 3836 839 liber

2185 859 2468 916 dimissus
2488 881 2517 915 a
2550 859 2793 929 Nerone,
2817 863 2885 917 ad
2918 862 3355 932 praedicandum
3382 859 3717 932 ubicunque
3741 874 3832 911 vo-

2185 933 2294 987 luit
2316 935 2716 1004 Evangelium,
2741 931 2932 988 annos
2950 932 3279 1004 complures
3302 932 3463 997 abiit,
3488 937 3543 984 et
3573 931 3833 999 quidem,

2186 1008 2312 1076 ipso
2343 1012 2489 1059 teste
2523 1006 2749 1060 Bivario
2782 1012 2954 1077 atque
2986 1010 3311 1077 detensore,
3343 1005 3519 1059 etiam
3546 1004 3605 1077 in
3626 1004 3834 1071 Hispa-

2188 1075 2343 1130 niam
2381 1081 2675 1147 profectus
2706 1084 2832 1132 est:
2860 1075 3021 1147 quod
3075 1092 3179 1147 ego
3237 1075 3320 1130 illi
3376 1075 3724 1147 assentior:
3750 1081 3833 1125 An

2188 1144 2397 1203 nultus—
2420 1149 2595 1220 igitur
2624 1144 3015 1216 intereafnon
3049 1144 3239 1202 dicam
3272 1164 3303 1202 e
3331 1147 3549 1220 Judaais
3570 1144 3835 1220 autGre-

2186 1220 2290 1287 cis,
2324 1220 2420 1274 sed
2445 1217 2525 1274 ex
2553 1221 2808 1286 Asianis,
2842 1221 3060 1291 quibus
3108 1226 3229 1274 tum
3283 1219 3664 1291 valedicehat,
3712 1217 3836 1286 ejus

2190 1292 2390 1346 faciem
2422 1292 2560 1346 vidit
2593 1292 2620 1345 ?
2653 1290 2953 1347 nullus’ad
2986 1308 3150 1360 eum,
3184 1300 3284 1345 seu
3336 1290 3393 1344 in
3436 1290 3680 1362 Syriam,
3733 1304 3830 1341 seu

2189 1364 2245 1417 in
2282 1364 2646 1433 Hispaniam,
2680 1381 2783 1419 seu
2813 1365 2869 1418 in
2909 1364 3153 1433 Italiam,
3206 1379 3305 1417 seu
3355 1362 3491 1428 alio,
3539 1362 3634 1415 ubi
3693 1366 3835 1433 erat,

2188 1440 2315 1504 ejus
2350 1430 2570 1489 visendi
2608 1430 2709 1489 aut
2753 1430 3147 1491 conveniendi
3198 1451 3377 1489 causa
3434 1451 3497 1488 se
3542 1430 3837 1487 contulit?

2192 1506 2389 1561 nullus
2423 1524 2773 1578 quacunque
2802 1525 2869 1562 ex
2899 1508 3203 1561 occasione
3246 1508 3303 1578 in
3337 1522 3421 1578 ea
3446 1504 3592 1578 uloca
3643 1504 3833 1574 profe-

2190 1586 2340 1639 ctus.
2376 1576 2471 1631 ubi
2506 1576 2722 1633 Paulus
2754 1586 2896 1639 erat.
2928 1584 2981 1632 in
3015 1596 3144 1632 eum
3174 1577 3422 1632 incidit?
3444 1576 3556 1631 Res
3587 1582 3675 1630 est
3698 1590 3833 1629 sane

2186 1624 3834 1721 εὲἓᾶἶιῖῥὲγᾶἷίτίῖὲίιῖἑιῗόιᾷἷᾱῖξῖίιίἷξ’ίῖιᾱιὲίῖᾆξῖεἷιῖὲὶέὲζ

2192 1722 2281 1775 bis
2312 1721 2495 1775 voluit
2530 1722 2791 1777 Paulus?
2821 1722 2991 1777 Aliud
3035 1720 3187 1775 certe
3238 1720 3383 1775 nihil
3434 1736 3613 1790 quam
3666 1734 3726 1771 se
3774 1720 3828 1771 in

2190 1800 2401 1847 terram
2439 1796 2659 1858 Asiam,
2694 1795 3095 1864 praecipueque
3127 1794 3388 1847 Miletum
3422 1799 3479 1846 et
3522 1792 3826 1863 Ephesum,

2189 1864 2445 1932 amplius
2477 1882 2587 1918 non
2625 1867 2972 1919 rediturum.

2265 1931 2580 1996 Postremo,
2617 1954 2728 1990 non
2764 1954 2932 2007 posse
2963 1936 3139 1989 verba
3197 1937 3267 1989 de
3323 1932 3537 1989 Christi
3602 1931 3833 2007 Domini

2189 2008 2456 2076 sepulcro
2490 2004 3002 2079 intelligi,'probat
3033 2008 3204 2079 etiam
3240 2007 3620 2079 doctissimus
3663 2004 3832 2079 Baro:

2188 2082 2343 2143 nius,
2379 2096 2531 2132 anno
2562 2076 2775 2134 Christi
2798 2076 2896 2133 ⁷48.
2922 2079 3067 2142 Quia
3088 2078 3311 2133 scilicet
3334 2078 3667 2149 sepulcrum
3697 2076 3833 2149 illud

2187 2152 2431 2220 apostoli
2458 2152 2582 2220 jam
2617 2169 2768 2221 saepe
2798 2154 3085 2216 viderant,
3113 2167 3215 2204 nec
3246 2158 3369 2203 erat
3401 2165 3577 2203 causa
3638 2164 3743 2221 cur
3774 2148 3825 2199 id

2186 2222 2467 2292 temporis
2500 2232 2615 2277 tam
2652 2220 2821 2277 multi
2845 2240 2959 2276 una
2981 2222 3375 2285 convenirent,
3396 2229 3513 2274 tam
3542 2222 3606 2273 ad
3633 2220 3830 2292 videnf

2186 2289 2325 2347 dum
2362 2296 2525 2358 illud,
2562 2312 2737 2364 quam
2770 2296 2836 2348 ad
2877 2295 3125 2365 hymnos
3156 2293 3233 2347 ibi
3269 2292 3687 2346 concinendos.
3727 2289 3825 2365 Cui

2186 2371 2535 2436 argumento
2570 2361 2780 2419 niirum
2812 2372 2897 2420 est
2921 2361 3071 2418 nihil
3105 2381 3453 2435 responsum
3497 2380 3626 2436 esse
3658 2379 3690 2415 a
3734 2361 3827 2414 Bi-

2184 2434 2355 2491 vario.
2396 2436 2626 2491 Maneat
2653 2439 2832 2507 igitur
2864 2440 3098 2491 firmum
3130 2434 3305 2507 (quod
3341 2434 3595 2489 etGrreci
3627 2448 3829 2487 omnes

2184 2510 2509 2563 docuerunt
2536 2514 2593 2562 et
2624 2510 2857 2579 plurimi
2896 2509 3231 2563 Latinorum
3267 2507 3827 2630 approbarungver-

2185 2581 2257 2630 ha
2289 2581 2472 2630 sancti
2512 2581 2762 2630 liionvsii
2788 2582 2857 2630 de
2879 2586 3165 2630 conventu
3189 2583 3587 2630 apostolorum
3616 2594 3645 2630 a
3715 2592 3827 2630 cor-

2185 2581 2257 2634 ba
2289 2581 2472 2653 sancti
2512 2581 2763 2653 Dionysii
2788 2582 2857 2633 de
2879 2586 3165 2653 conventu
3189 2583 3587 2653 apostolorum
3616 2581 3685 2630 ad
3715 2592 3832 2630 cor-

2184 2669 2294 2721 pus
2326 2651 2581 2723 Virginis
2611 2651 2982 2715 in'tuendum,
3009 2651 3299 2706 ethonore
3320 2651 3634 2721 sepultura
3660 2654 3829 2703 ador-

2182 2725 2465 2780 nandum.
2500 2724 2878 2795 intelligenda
2906 2739 3053 2777 esse.

2252 2796 2356 2848 Sed
2419 2800 2640 2866 quaeret
2688 2790 2928 2867 aliquis,
2983 2794 3363 2867 quamobrem
3433 2790 3831 2867 apostolorum

2183 2867 2383 2920 nullus
2418 2862 3013 2921 mentionem-ullam
3057 2866 3143 2920 vel
3196 2866 3400 2919 mortis
3445 2862 3830 2917 sanctissimae

2181 2935 2461 3007 Virginis,
2494 2937 2580 2993 vel
2600 2944 2920 2993 conventus
2953 2938 3021 2990 ad
3068 2936 3375 3007 exsequias
3424 2937 3553 3005 ejus
3613 2936 3828 2987 fecerit.

2186 3010 2298 3080 Iloc
2331 3025 2481 3063 enim
2501 3011 2737 3080 quidam
2775 3008 3047 3063 Michaeli
3085 3008 3272 3080 Glyca:
3321 3007 3459 3061 olim
3498 3007 3825 3080 proposuit.

2182 3078 2349 3134 Illius
2382 3076 2623 3151 proinde
2658 3076 3191 3152 interrogationem,
3221 3086 3277 3135 et
3298 3080 3474 3152 hujus
3502 3076 3833 3147 responsio-

2186 3168 2314 3224 nem
2351 3149 2444 3207 hic
2476 3153 2638 3208 lubet
2667 3149 2978 3224 apponere.
3016 3152 3119 3224 Sic
3166 3152 3364 3221 itaque
3411 3149 3622 3224 Glycas
3672 3155 3829 3224 parte

2181 3222 2354 3277 tertia
2404 3220 2807 3279 Annalium-fu
2855 3223 3091 3278 Memini
3142 3220 3396 3294 quoque,
3465 3222 3675 3294 dilecte
3725 3220 3825 3287 ﬁli,

2183 3294 2476 3364 inquit,te
2525 3297 2676 3350 inter
2722 3302 2959 3350 ceteros
3010 3291 3347 3365 hujusmodi
3398 3291 3826 3365 dubitationem

2183 3366 2499 3436 aliquando
2532 3368 2676 3421 mihi
2728 3364 3128 3438 proposuisse.
3164 3365 3576 3438 Quamobrem,
3610 3364 3824 3427 aiebas,

2181 3435 2452 3507 discipuli
2490 3439 2703 3493 Christi
2735 3435 2791 3492 et
2823 3435 3094 3510 apostoli,
3148 3440 3321 3492 rebus
3383 3435 3513 3510 aliis
3546 3436 3603 3489 in
3660 3451 3825 3510 com-

2184 3511 2503 3563 mentarios
2535 3517 2590 3564 et
2624 3507 2901 3564 historias
2925 3509 3143 3575 relatis,
3197 3524 3436 3580 prorsus
3486 3508 3557 3561 de
3616 3507 3823 3580 obdor-

2181 3580 2421 3654 mitione
2453 3589 2741 3651 perpetua;
2773 3581 3032 3654 Virginis
3060 3576 3219 3635 illius
3252 3577 3675 3654 obtinuerunt?
3715 3576 3825 3630 Hac

2180 3652 2250 3724 de
2282 3669 2339 3705 re
2371 3648 2514 3706 satis
2541 3648 2629 3706 est
2650 3648 3021 3724 respondere,
3057 3659 3321 3706 auctores
3385 3648 3821 3719 Evangeliorum

2179 3723 2393 3777 Christi
2413 3723 2981 3779 administrationem
3002 3724 3057 3779 in
3077 3740 3249 3778 carne
3272 3726 3819 3784 commemorantes,

2181 3795 2248 3870 ad
2283 3797 2415 3870 ejus
2446 3813 2477 3849 a
2503 3798 2671 3849 terris
2694 3814 2750 3850 in
2782 3796 2990 3870 caelum
3034 3796 3497 3870 assumptionem
3534 3791 3818 3870 pervenis:

2178 3868 2251 3937 At
2280 3866 2401 3921 illia
2430 3883 2633 3937 expers
2656 3868 2896 3923 macqu
2918 3867 3149 3922 Domini
3183 3865 3367 3921 nostri
3412 3865 3553 3937 Jesu
3609 3864 3818 3919 Christi

2182 3935 2364 3990 Mater
2396 3935 2721 4008 provectam
2775 3945 3004 3995 (etatem
3045 3938 3310 4008 attigisse
3357 3935 3715 4008 perhibetur,
3764 3940 3818 3985 ut

2181 4009 2533 4063 divinusille
2563 4011 2648 4063 vir
2676 4013 2936 4067 Andreas
2977 4012 3267 4067 Cretensis
3323 4009 3569 4063 antistes
3627 4009 3821 4061 auctor

2180 4086 2285 4133 est.
2321 4084 2683 4152 Quapropter
2714 4084 2833 4137 fieri
2869 4100 2981 4137 non
3034 4083 3255 4153 potuit,
3280 4086 3343 4134 ut
3384 4078 3642 4153 Virginis
3672 4078 3817 4131 illius

2180 4160 2469 4221 perpetuae
2501 4151 2850 4207 obdormitio
2879 4151 3223 4223 evangelica;
3251 4152 3507 4205 histories
3538 4151 3813 4204 inserere-

2179 4228 2295 4287 tur,
2318 4226 2397 4275 uti
2425 4242 2552 4293 qua:
2578 4224 2748 4295 longo
2770 4222 3041 4295 deinceps
3065 4233 3345 4294 tempore,
3370 4226 3523 4277 sicut
3544 4222 3813 4295 diximus,

2180 4291 2476 4367 acciderit.
2513 4291 2823 4367 PrOpt‘erea
2857 4291 3121 4351 seorsum
3158 4291 3434 4367 peculiari
3470 4296 3721 4367 quedam
3748 4291 3817 4367 li-

2180 4366 2283 4419 bro
2315 4368 2531 4439 deipsa
2564 4363 2709 4421 nihil
2736 4369 2947 4423 Christi
2980 4363 3250 4439 discipuli
3285 4366 3580 4420 memoria:
3626 4363 3813 4439 prodi—

2180 4385 2283 4419 nro
2315 4385 2531 4439 deipsa
2564 4385 2709 4421 mnu
2736 4385 2947 4423 (λοι-ιδῃ
2980 4385 3250 4492 discipuli
3285 4385 3580 4420 memoria:
3626 4385 3813 4433 proui—

2178 4438 2408 4504 derunt,
2446 4447 2717 4510 proptera
2747 4442 2900 4510 quod
2929 4440 2984 4493 in
3019 4457 3126 4510 exp
3156 4440 3365 4493 icanda
3396 4439 3521 4508 ejus
3572 4434 3813 4510 admini-

2180 4508 2458 4565 stratione
2489 4508 2779 4581 occupati,
2830 4508 3297 4582 magnopereque
3342 4510 3411 4582 de
3444 4524 3562 4582 una
3593 4508 3718 4582 illa
3747 4522 3814 4582 re

2172 4582 2405 4635 solliciti
2438 4588 2574 4652 (quo
2602 4579 2880 4637 nimirum
2919 4579 3439 4655 pactoincredulos
3473 4579 3816 4655 fideleseffi-

2172 4659 2389 4726 cerent,
2418 4650 2492 4707 ac
2514 4670 2718 4709 omnes
2751 4655 2821 4709 ad
2859 4650 3061 4726 puram
3097 4655 3506 4726 sinceramque
3540 4653 3597 4704 in
3655 4650 3818 4704 Chri-

2174 4730 2329 4778 stum
2367 4725 2536 4779 fidem
2575 4724 2973 4795 perducerent)
3002 4731 3208 4781 czetera
3239 4724 3633 4795 negligebant.
3672 4739 3814 4795 prie-7

2171 4797 2369 4851 sertim
2398 4812 2461 4849 ea
2486 4794 2611 4867 quae
2644 4800 2711 4851 ad
2736 4798 2991 4852 divinam
3015 4797 3172 4851 illam
3192 4794 3814 4868 prmdicationemnihil

2173 4870 2447 4941 facerent.
2482 4865 2516 4917 ››”
2543 4869 2635 4923 Sic
2670 4868 2845 4924 illead
2864 4865 3221 4941 propositam
3246 4865 3811 4941 qlia’stionemi'lfum

2171 4940 2369 4993 subdit
2402 4946 2847 5011 consequenter.
2864 4938 2989 4996 non
3022 4940 3260 4994 omnino
3293 4938 3617 5011 neglectam
3640 4938 3813 5011 fuisse

2172 5011 2542 5083 adiscipulis
2574 5009 2965 5083 apostolorum
3012 5016 3159 5067 hanc
3192 5014 3263 5066 de
3310 5028 3517 5066 somno
3563 5009 3813 5083 Virginis

2173 5082 2503 5147 historiam,
2537 5081 3011 5154 quandoquidem
3047 5085 3104 5140 S.
3133 5084 3445 5155 Dionysius
3478 5084 3537 5137 in
3590 5081 3814 5155 scriptis

2171 5156 2295 5209 suis
2326 5156 2453 5225 ejus
2487 5153 2861 5210 meminerit:
2898 5162 3066 5210 «Non
3090 5153 3581 5216 tamen‘omnino.
3609 5153 3810 5224 inquit,

2170 5227 2365 5298 divina
2407 5226 2604 5281 isthwc
2672 5228 3028 5283 obdormitio
3084 5227 3318 5282 silentio
3350 5225 3639 5298 praeterita
3691 5226 3808 5279 fuit.

2167 5297 2306 5352 Nam
2346 5314 2536 5353 rerum
2573 5298 2669 5353 ille
2702 5300 3031 5355 divinarum
3067 5297 3375 5371 interpres,
3410 5299 3809 5371 magnusDiu:

2169 5370 2389 5443 nysius,
2418 5372 2486 5425 de
2519 5370 2675 5426 haca
2694 5372 2989 5443 "miranda
3014 5367 3359 5443 quzedamin
3381 5367 3805 5443 perscriptisad

2166 5442 2534 5497 Timotheum
2570 5442 2833 5511 epistolis
2864 5441 3673 5513 traderedeprehenditur.Ac
3696 5441 3807 5494 vide

2168 5514 2333 5575 milii.
2368 5515 2629 5581 obsecro,
2664 5532 2789 5585 quae
2824 5516 3033 5570 dicturi
3068 5515 3257 5570 simus
3289 5532 3355 5568 ex
3394 5514 3554 5569 illius
3616 5528 3805 5567 narra-

2166 5586 2425 5658 tionibus
2448 5589 2734 5657 decerpta.
2780 5588 2896 5641 Nos
2949 5588 3212 5658 quidem,
3262 5587 3360 5651 ait,
3391 5603 3539 5658 una
3595 5591 3803 5646 tecum,

2166 5657 2487 5727 multisque
2520 5658 2701 5712 sacris
2736 5657 3035 5725 fratribus,
3071 5664 3134 5713 ut
3165 5657 3505 5723 meministi,
3551 5659 3619 5710 ad
3682 5671 3802 5727 spc-

2166 5732 2443 5784 ctandum
2480 5730 2894 5800 corpusillud,
2946 5732 3099 5801 quod
3163 5730 3289 5784 vita;
3348 5728 3700 5800 principium
3755 5731 3803 5778 et

2164 5802 2361 5871 ipsum
2411 5808 2584 5856 Deum
2650 5801 2969 5872 aliquando
3021 5802 3407 5870 continuerat,
3464 5814 3799 5858 convenera-

2164 5889 2317 5943 mus,
2355 5895 2384 5922 »
2415 5878 2525 5929 etc.
2561 5873 2649 5930 Ita
2677 5872 2795 5929 ille.
