4020 6358
414 298 537 353 763.‘
1663 296 1720 349 Β.
1761 294 2078 348 DIONYSII
2119 292 2602 351 AREOPAGITE
3734 296 3840 370 ’7Βᾷ

418 421 604 478 multa
636 436 913 490 quaerere,
949 418 1129 473 multa
1161 417 1407 479 discere,
1443 422 1497 471 et
1528 433 1706 488 super
1737 416 1933 487 populi
1971 416 2058 490 sui
2094 415 2396 485 regimine,
2428 421 2485 471 et
2518 417 2588 470 de
2629 416 3027 487 suscipiendis
3056 417 3115 471 in
3149 417 3315 485 alias,
3341 434 3487 489 quas
3537 418 3652 489 ipsi
3682 420 3835 474 desi-

418 489 743 567 gnassent,_
765 497 948 567 terras
998 491 1859 567 perig_rinationibus__exirema
1884 489 2255 567 mandataet
2285 491 2461 567 verba
2488 506 2712 567 capere.
2746 490 2852 567 Sed
2880 506 3013 560 spes
3036 506 3263 567 omnes,
3297 497 3472 567 tanta
3507 490 3836 567 intercursu

424 560 804 625 calamitatis,
840 564 1014 617 irritae
1049 560 1465 617 cecididerunt.
1503 561 1588 616 Illi
1624 562 1694 615 ad
1729 562 1970 632 praemia
1991 561 2206 632 evocati
2237 566 2425 629 erant,
2449 561 2573 629 ipse
2596 560 2903 629 Dionysius
2927 568 2985 615 et
3006 562 3155 616 sacri
3181 565 3307 632 ejus
3329 562 3564 632 collegas
3590 580 3704 618 non
3732 565 3842 621 nisi

420 641 491 693 ad
527 653 731 709 graves
763 635 982 709 luctus,
1014 642 1070 709 et
1101 634 1474 709 immaniores
1507 650 1640 688 cum
1664 631 2110 709 immanissimis
2137 631 2407 709 hostibus
2442 632 2642 709 luctas
2663 634 2846 709 relicti
2880 632 3097 709 talibus
3132 631 3385 709 amissis
3403 631 3539 709 belli
3569 635 3839 709 ducibus,

419 717 477 765 et
509 704 627 763 tam
666 710 785 762 fera
815 708 867 759 in
905 707 1076 760 terris
1109 706 1451 760 dominante
1492 713 1547 758 et
1577 712 1846 759 sanctum
1873 704 1969 758 Dei
1997 704 2275 773 populum
2302 715 2601 774 premente
2635 706 2838 769 bestia,
2884 705 2943 758 in
2969 706 3080 760 alio
3124 706 3241 760 fere
3266 705 3449 773 nullo,
3483 708 3598 760 nisi
3641 706 3700 760 in
3738 704 3838 762 Do;

423 783 579 836 mino
612 780 994 843 exercituum,
1018 794 1152 847 spes
1174 795 1314 832 suas
1346 794 1551 832 omnes
1583 776 2056 840 collocare.Quid
2091 776 2247 829 enim
2288 776 2529 830 melius?
2552 777 2689 847 quid
2721 777 2933 831 tutius?
2960 778 3099 847 quid
3136 777 3383 831 fortius?
3413 780 3468 832 Is
3500 783 3589 833 est
3623 778 3842 835 scilicet

419 856 520 925 qui
549 851 852 923 potissima
885 856 940 903 et
966 867 1248 925 suprema
1283 850 1809 925 manu_Ecclesiain
1847 848 2016 925 regit,
2054 848 2335 925 custodit,
2362 854 2645 925 proiegit_:
2675 848 2723 903 is
2755 854 2843 903 est
2872 850 3341 925 quipastoribus
3371 850 3611 925 suisdiu
3636 858 3839 905 noctu-

424 919 779 997 que-praesto
805 927 897 997 est
923 938 934 997 :_
963 922 1010 975 is
1043 923 1249 997 estqui
1280 919 1523 997 consilia
1561 936 1751 997 rerum
1786 920 2147 997 agendarum
2174 921 2299 997 jam
2343 920 2728 997 vigilantibus
2762 919 3038 997 suggerit.
3082 923 3206 997 jam
3259 922 3691 997 dormientibus
3742 940 3841 997 per

419 990 652 1053 somnia
680 999 737 1049 et
767 994 889 1048 visa
919 993 1095 1064 (quod
1130 990 1351 1047 sanctis
1373 992 1526 1046 haud
1558 991 1920 1062 infrequens)
1953 1008 2087 1046 cum
2110 990 2336 1064 ifuturis
2367 992 2670 1045 eventibus
2693 993 2967 1047 ostendit.
3014 997 3087 1047 Et
3118 993 3392 1064 Dionysio
3434 994 3676 1063 quidem
3731 990 3840 1049 alia

423 1068 481 1123 in
519 1062 1089 1139 persecutionequid
1122 1065 1634 1139 demonstraverit,
1664 1069 1797 1139 post
1826 1064 2053 1139 dicetur
2084 1062 2392 1139 (habemus
2423 1064 2575 1139 enim
2612 1070 2832 1139 certum
2875 1070 2933 1118 et
2982 1065 3205 1119 clarum
3256 1062 3385 1139 ejus
3435 1062 3515 1119 rei
3574 1065 3838 1139 testimo-

418 1134 579 1194 nium
612 1138 723 1264 (90]
745 1155 755 1191 ;
780 1153 934 1191 nunc
968 1134 1159 1190 autem
1196 1136 1253 1189 in
1284 1135 1651 1206 temporibus
1680 1134 1922 1206 perinde
1951 1135 2334 1199 calamitosis,
2369 1135 2509 1205 quin
2545 1134 2730 1189 multa
2751 1151 2984 1206 quoque
3025 1134 3368 1201 ostenderit,
3403 1136 3675 1206 quamvis
3723 1137 3840 1193 haec

418 1213 589 1264 modo
644 1214 944 1263 itterarum
982 1206 1223 1264 penuria
1252 1208 1686 1264 desiderentur.
1721 1206 1867 1260 nihil
1904 1224 2145 1264 prorsus
2178 1223 2365 1261 causas
2388 1212 2475 1260 est
2498 1223 2601 1260 cur
2627 1208 3021 1264 ainbiaamus.
3046 1207 3164 1262 imo
3184 1208 3407 1264 scribta
3433 1208 3560 1264 eius
3579 1208 3839 1263 humano

414 1213 589 1266 modo
613 1206 944 1264 litterarum
982 1206 1223 1273 penuria
1252 1208 1686 1279 desiderentur,
1721 1206 1867 1260 nihil
1904 1223 2365 1279 prorsuscausas
2388 1212 2601 1279 esticur
2627 1208 3021 1277 ambigamus,
3046 1207 3164 1262 imo
3184 1208 3407 1277 scripta
3433 1208 3560 1279 ejus
3579 1208 3839 1263 humano

415 1290 585 1353 captu
622 1282 825 1335 altiora
858 1284 943 1347 (ut
964 1279 1096 1333 aliis
1119 1279 1511 1333 destituamur
1533 1277 1831 1404 omnibuﬂ
1867 1278 2084 1349 liquido
2115 1277 2448 1348 clamitant.)
2476 1277 2687 1333 Verum
2731 1280 2801 1332 de
2834 1280 2923 1333 his
2955 1296 3099 1333 suus
3132 1280 3289 1334 brevi
3323 1281 3435 1334 erit
3461 1277 3644 1333 “locus
3675 1301 3689 1347 ;
3734 1297 3839 1334 cae-

420 1361 543 1404 tera
574 1354 750 1404 huius
786 1350 1274 1404 uerearinationis
1307 1367 1751 1404 persequamur.
1839 1366 1903 1404 oc
1936 1349 2145 1404 saltem
2180 1352 2332 1404 inter
2365 1351 2656 1404 anxiteros
2688 1367 2827 1404 suos
2860 1350 3088 1404 dolores
3118 1359 3474 1404 consecutus
3514 1357 3602 1404 est
3632 1351 3839 1404 Dionv-

420 1349 543 1410 tera
574 1354 750 1424 hujus
786 1350 1274 1424 peregrinationis
1307 1367 1751 1424 persequamur.
1788 1349 1903 1404 Hoc
1936 1349 2145 1424 saltem
2180 1352 2332 1404 inter
2365 1351 2656 1405 anxiteros
2688 1367 2827 1405 suos
2860 1350 3088 1405 dolores
3118 1359 3474 1407 consecutus
3514 1357 3602 1405 est
3632 1351 3841 1423 Diony-

415 1428 542 1482 sius
577 1422 689 1479 non
725 1422 1039 1479 mediocris
1075 1422 1297 1495 solatii,
1325 1424 1478 1493 quod
1516 1422 1765 1477 sublatis
1798 1438 1827 1477 e
1854 1423 2052 1495 medio
2086 1423 2561 1495 praeceptoribus,
2586 1424 2745 1495 vivas
2769 1439 2969 1495 eorum
2994 1423 3372 1495 imaginesin
3409 1424 3721 1494 utriusque
3754 1422 3840 1479 di-

416 1496 659 1569 scipulis
693 1495 1079 1569 conspexerit,
1105 1511 1237 1547 cum
1264 1494 1671 1569 iisisermones
1702 1493 2429 1569 consiiiaque_contulerit_,
2464 1494 2636 1569 ab_iis
2669 1493 2873 1569 multa:
2912 1510 3039 1564 qua:
3076 1493 3452 1569 aviuagistris
3474 1493 3705 1569 audire
3729 1514 3838 1569 non

415 1564 623 1642 pot-uit,
659 1585 727 1642 ex
756 1564 881 1642 visu
918 1568 1245 1642 audituque
1279 1564 1459 1642 relata
1493 1566 1843 1642 cognoverit.
1878 1565 2022 1642 Nam
2061 1565 2255 1642 Romae
2279 1566 2516 1642 quidem
2539 1566 2730 1619 Titum
2763 1571 2820 1620 et
2848 1565 3063 1619 Lucam
3101 1564 3641 1642 inveriit,_antiquos
3682 1568 3841 1642 Pauli

414 1635 659 1697 comites
690 1640 811 1710 (qui
846 1646 902 1693 ct
931 1639 1125 1709 ipsum
1151 1635 1482 1710 sepulturas
1512 1639 1868 1692 mandarunt
1891 1635 2024 1710 [91],
2058 1642 2114 1691 et
2145 1637 2517 1691 Timotheum
2550 1653 2804 1710 quoque.
2838 1643 2901 1690 ut
2927 1654 3061 1710 vero
3092 1643 3183 1691 est
3212 1639 3426 1706 simile,
3473 1635 3645 1707 quem
3682 1639 3834 1693 idem

413 1708 744 1784 apostolus,
767 1708 1009 1784 celerem
1036 1710 1373 1764 certaminis
1398 1709 1488 1763 sui
1521 1711 1696 1784 tinem
1733 1708 2118 1780 prospiciens,
2140 1726 2205 1763 ac
2229 1726 2290 1764 se
2313 1714 2554 1784 Romam
2580 1709 3200 1784 accelerarejusserat;
3236 1711 3332 1764 sed
3369 1716 3425 1784 et
3451 1712 3835 1784 Clementem,

408 1780 578 1856 quem
606 1782 1257 1856 plerique_Latinorum,
1283 1785 1347 1835 ut
1379 1787 1583 1856 auctor
1604 1780 2015 1856 Hieronymus,
2043 1785 2211 1856 Petro
2244 1782 2585 1856 proximum
2615 1781 2948 1856 pontificem
2980 1784 3351 1856 constituunt
3377 1782 3489 1852 (92)
3519 1782 3840 1856 Namsane

411 1851 679 1913 Clemens
714 1851 846 1927 post
871 1854 1103 1927 Petrum
1140 1854 1347 1927 saltem
1383 1852 1726 1927 aliquandiu
1759 1855 1957 1927 sedem
1990 1853 2217 1927 primus
2247 1851 2459 1927 tenuit,
2487 1853 2589 1927 θεά
2627 1852 2784 1927 brevi
2818 1851 3134 1927 postLSive
3170 1854 3421 1927 cupidus
3474 1851 3596 1907 alio
3637 1854 3840 1927 idemi-

411 1930 621 2002 grandi
646 1922 777 2002 eive
809 1924 1071 2002 qualibet
1102 1925 1218 2002 alia
1241 1925 1317 2002 de
1349 1941 1549 2002 causa,
1583 1924 1791 2002 lubens
1819 1923 2020 2002 volens
2056 1924 2195 2002 hinc
2228 1924 2423 2002 cessit.
2453 1923 2631 2002 _Hinc
2676 1923 2873 2002 ieiune
2905 1941 2937 1978 a
2969 1922 3137 1978 Petro
3190 1922 3457 2002 aposiolo
3510 1924 3720 2002 (tacita
3770 1928 3839 1982 ob

408 1994 695 2071 temporis
724 1994 1069 2071 brevitatem
1097 1996 1609 2071 administratione
1635 1995 1969 2071 Clementis)
2003 1996 2229 2071 primes
2254 1996 2310 2050 in
2353 1995 2503 2071 serie
2529 1994 2873 2071 pqntiticum
2907 1994 3277 2071 numeratur.
3336 1996 3705 2071 Permulium
3749 2002 3836 2051 ta-

414 2062 552 2127 men
582 2072 735 2126 idem
766 2068 1114 2125 Clemensin
1147 2066 1246 2122 illo
1276 2068 1366 2122 sui
1397 2068 1769 2138 episcopatus
1799 2062 2065 2136 quamvis
2088 2067 2296 2138 exiguo
2325 2062 2547 2138 spatio,
2576 2066 2845 2122 Ecclesim
2878 2068 3115 2138 profuit.
3168 2067 3313 2123 Nam
3346 2072 3401 2121 et
3426 2085 3519 2123 res
3568 2068 3838 2124 Ecclesiae

413 2144 691 2222 urbanas,
723 2140 1313 2222 parentum_orbitats
1345 2156 1457 2222 non
1498 2156 1704 2222 parum
1728 2140 2022 2222 terbatas,
2057 2143 2409 2222 compoeuit:
2445 2144 2501 2193 et
2530 2155 2731 2193 eorum
2758 2139 2867 2222 ‘qui
2900 2138 3081 2222 muniti.
3117 2146 3351 2221 pr0pter
3380 2140 3669 2196 videndos
3701 2158 3839 2222 apo-

414 2215 596 2270 stolos
625 2210 869 2268 Romam
904 2212 1329 2272 conﬂuxerant,
1363 2210 1531 2279 alios,
1563 2210 1697 2275 alio,
1747 2211 2112 2282 Dionysium,
2152 2210 2211 2266 in
2261 2211 2511 2267 Galliam
2557 2211 2916 2266 amandavit.
2976 2212 3126 2274 Quin
3187 2221 3245 2266 et
3305 2211 3579 2282 ipsemet,
3642 2210 3842 2267 relicta

414 2287 553 2342 Lino
585 2290 789 2347 Roma,
823 2289 879 2338 et
908 2284 1122 2339 tradito
1154 2282 1332 2337 simul
1385 2282 1652 2337 Ecclesiae
1703 2283 2068 2353 pontificatu,
2104 2281 2160 2335 in
2211 2283 2355 2337 alias
2387 2283 2546 2337 orbis
2580 2282 2805 2354 plagas,
2838 2299 2949 2352 quo
2983 2282 3113 2336 fidei
3160 2285 3477 2338 necessitas
3530 2283 3841 2353 invitabat,

412 2359 631 2413 factam
661 2361 984 2411 sementem
1018 2354 1140 2408 ivit.
1168 2354 1704 2428 Verumenimvero,
1731 2354 2100 2428 quia‘istheee
2127 2354 2396 2428 Dionysii
2413 2354 2470 2428 in
2503 2354 2760 2428 Galliam
2793 2355 3132 2428 amandatio
3166 2371 3281 2408 non
3316 2356 3459 2409 adeo
3486 2356 3696 2428 tenuis
3728 2356 3840 2428 glof

406 2430 525 2498 riae,
561 2444 750 2499 neque
780 2430 1007 2482 fructus
1031 2428 1163 2497 fuit,
1195 2432 1257 2480 ut
1290 2430 1407 2481 tam
1442 2426 1643 2481 leviter
1674 2425 2129 2498 perstringenda
2159 2428 2236 2481 sit
2260 2425 2331 2482 de
2363 2426 2481 2482 illis
2508 2427 2709 2496 justus
2739 2430 2795 2482 et
2828 2425 3039 2497 plenus
3074 2442 3266 2481 sermo
3287 2428 3459 2482 nobis
3481 2426 3541 2481 in
3568 2425 3837 2500 praesenti

404 2500 810 2557 instituendus
844 2504 955 2555 est.

1876 2729 2248 2785 NOTATION
2258 2729 2358 2783 ES.

480 2858 592 2930 (80)
628 2861 787 2913 Nunc
818 2865 1011 2930 autem
1033 2858 1135 2911 sub
1158 2871 1371 2909 annum
1399 2856 1627 2930 l_)o_mini
1655 2855 2064 2930 sexagesimum
2096 2858 2146 2922 Α
2179 2859 2354 2919 esset,
2386 2858 2638 2930 majores
2670 2860 2811 2910 natu
2840 2854 3137 2930 Ecclesiae,
3170 2855 3277 2930 qui
3293 2855 3529 2930 Epheso
3581 2857 3653 2911 ad
3706 2875 3832 2913 eum

406 2926 735 2996 secundum,
768 2934 876 2984 etc.
912 2927 1014 2982 Hic
1047 2943 1241 2982 annus
1273 2927 1426 2996 apud
1464 2926 1774 2980 Eusebium
1802 2929 1857 2981 in
1883 2926 2061 2980 Chro'
2180 2928 2476 2982 convocati
2509 2933 2804 2981 venerant.
2839 2927 2983 2981 Nam
3032 2926 3199 2982 inter
3228 2926 3385 2982 alia:
3420 2929 3532 2996 Ego
3579 2931 3719 2995 scio,
3750 2931 3832 2983 iu-

408 3003 559 3068 nico,
595 3006 649 3055 et
704 3002 857 3070 apud
909 2999 1055 3053 alios
1088 2998 1387 3070 concurrit
1418 3014 1547 3052 cum
1581 2998 1832 3070 Neronis
1878 3002 2065 3070 sesto,

404 3074 574 3143 cujus
608 3078 725 3127 toto
744 3068 873 3143 fere,
890 3076 1147 3143 tempore
1181 3068 1431 3139 imperii,
1456 3075 1512 3124 et
1542 3069 1859 3143 aliquando
1887 3069 2064 3124 etiam

410 3141 543 3199 ante
577 3143 720 3197 illud
755 3144 814 3198 S.
850 3142 1051 3196 Petrus
1095 3141 1426 3196 Romanum
1476 3142 1713 3196 tenebat
1762 3141 2068 3212 episcopa-

413 3222 570 3281 tum;
606 3216 823 3286 quippe
842 3214 1099 3269 secundo
1125 3229 1276 3286 anno
1299 3213 1545 3286 Glaudii
1578 3213 1717 3267 illuc
1769 3214 2066 3283 profectus

416 3284 841 3343 t'uerat‘eodem
876 3291 1111 3340 auctore
1143 3284 1414 3339 Eusebio.

485 3359 597 3429 (81)
620 3360 827 3414 Paulus
850 3357 908 3429 in
933 3357 1170 3412 Galliam
1201 3356 1557 3429 demigrarat.
1594 3355 1735 3429 Nam
1772 3355 2066 3429 proiectu-

418 3426 521 3484 rus
555 3426 610 3484 in
646 3428 1007 3501 Hispaniam,
1040 3426 1731 3501 periGalliamtransivit,
1784 3433 1840 3481 et
1877 3426 2069 3480 Eccle-

416 3502 541 3556 sias
568 3519 669 3572 per
688 3499 1067 3557 transennam
1118 3499 1367 3554 visitavit
1397 3499 1810 3572 _tirmavitque_,
1846 3515 1978 3552 nam
2013 3503 2068 3552 et

413 3569 654 3629 Viennae
687 3574 869 3628 fuisse
890 3573 1168 3638 creditur,
1201 3579 1257 3625 et
1280 3569 1546 3634 Arelatze,
1582 3575 1638 3624 et
1670 3570 1940 3624 Narbone
1965 3585 1977 3623 :
2001 3587 2065 3624 ac

407 3646 649 3701 Viennae
668 3646 903 3716 quidem
923 3648 1287 3698 Crescentem
1314 3642 1466 3716 {61
1488 3642 1815 3716 praefecisse
1837 3643 2060 3716 episco-

408 3734 572 3788 pum,
607 3712 847 3771 Arelatae
886 3716 1299 3788 Trophi_mum_,
1336 3713 1606 3788 i‘iarbone
1648 3712 2060 3788 Paulum_Ser-

451 3790 597 3849 ium,
631 3789 769 3843 olim
806 3784 1233 3858 proconsulem.
1261 3786 1339 3839 De
1358 3784 1732 3838 Crescenteet
1748 3784 2062 3858 T_r0p_himo

451 3806 597 3849 lum,
631 3806 769 3843 Olim
806 3806 1233 3858 proconsuxem.
1261 3806 1339 3839 ue
1358 3806 1732 3838 UI‘BSCEHIEBL
1758 3806 2062 3853 iropmmo

406 3806 553 3913 ﬁide
577 3861 833 3914 Adonem
876 3859 932 3913 in
966 3858 1261 3923 Chronico,
1294 3861 1462 3909 tetate
1510 3862 1705 3921 sexta;
1766 3856 1836 3908 de
1886 3855 2063 3911 Paulo

406 3932 633 3999 Sergio,
669 3931 1124 4003 Martyrologium
1152 3930 1475 4003 Romanum,
1509 3927 1578 3980 ad
1612 3926 1944 4003 22.7Martii.

480 4004 593 4073 (82)
622 3997 885 4072 Τοιυεᾳὶιθ
905 4002 1077 4072 (quod
1106 3999 1750 4073 tam_diu_proposuerat_)
1775 4001 1835 4052 in
1858 3997 2062 4068 Hispa-

404 4067 533 4129 nias
558 4067 863 4146 ferebatur.
894 4067 970 4128 De
1004 4071 1299 4146 proposito
1331 4069 1491 4146 i‘l_li_us
1538 4067 1763 4146 itineris
1794 4067 2061 4146 et_re_tar-

406 4140 641 4201 datione
672 4152 859 4201 exstat
879 4140 1190 4216 ipsiusmet
1218 4141 1381 4216 Pauli
1401 4140 1908 4216 Testimoniumiin
1930 4141 2060 4216 Epi-

408 4218 558 4273 stola
596 4220 665 4271 ad
696 4211 1029 4291 Romanos,
1055 4232 1104 4270 ο.
1138 4230 1230 4279 xv,
1271 4213 1361 4291 24,
1405 4212 1499 4291 his
1529 4212 1719 4267 verbis
1766 4230 1776 4266 :
1814 4211 1947 4291 cum
1996 4214 2051 4266 in
2086 4227 2133 4291 B

404 4291 732 4350 Hispaniam
754 4289 1029 4360 proﬁcisci
1058 4300 1288 4360 coepero,
1314 4284 1528 4360 inquit,
1556 4300 1709 4360 spero
1731 4285 1871 4360 quod
1905 4299 2049 4360 prse-

406 4364 607 4417 tcriens
639 4355 985 4425 videam’vos,
1020 4366 1069 4412 et
1100 4355 1142 4409 a
1162 4358 1306 4411 vobis
1337 4355 1579 4411 deducar
1608 4357 1761 4423 illuc,
1808 4356 1859 4410 si
1905 4356 2054 4411 vobis

402 4433 648 4505 primum
679 4450 749 4487 ex
775 4440 935 4505 parte
964 4431 1172 4505 f_ruitus
1199 4430 1378 4505 fuero.
1406 4427 1493 4483 Uti
1528 4444 1659 4505 ergo
1693 4445 1798 4505 per
1826 4428 2052 4482 Italiam

405 4500 723 4565 transiens.
757 4500 941 4557 voluit
972 4500 1251 4555 Romanis
1294 4516 1366 4554 ea:
1408 4508 1568 4571 parte
1596 4502 1733 4569 frui,
1787 4500 1892 4555 hoc
1941 4506 2053 4567 est,

405 4575 749 4645 aliquandiu
786 4574 938 4642 apud
972 4572 1099 4626 illos
1128 4571 1365 4645 versari,
1438 4572 1707 4645 quamvis
1766 4572 1869 4645 ibi
1899 4578 2055 4626 esset

407 4642 617 4701 Pet—rus
649 4645 1045 4713 apostolorum
1077 4642 1418 4714 coryphaeus
1446 4660 1458 4708 ;
1492 4642 1676 4697 multo
1716 4643 1907 4714 magis
1957 4661 2058 4714 per

410 4717 659 4773 Galliam
690 4716 797 4771 iter
830 4716 1048 4771 faciens
1080 4715 1137 4769 in
1172 4713 1531 4785 Hispaniam,
1577 4714 1763 4769 voluit
1824 4713 2055 4786 tempus

409 4789 646 4861 aliquod
680 4790 833 4860 apud
860 4786 1057 4861 Gallos
1083 4803 1313 4861 ponere,
1337 4786 1604 4861 ubiusus
1650 4792 1705 4839 et
1737 4788 2057 4861 necessitas

409 4857 533 4918 erat
565 4857 775 4931 major,
806 4860 1136 4932 prmsertim
1157 4857 1653 4932 invitantibuswt
1684 4859 1927 4913 minime
1949 4860 2055 4913 du-

407 4935 571 4991 bium
599 4930 707 5004 est)
734 4930 898 4988 novis
929 4930 1299 5004 Christianis.

475 5006 599 5060 Non
633 4999 715 5059 est
749 5005 902 5059 enim
927 4999 1503 5070 dubitandum,quin
1532 5000 1589 5053 S.
1613 5000 1832 5055 Paulus
1850 5002 2056 5055 vincu-

402 5075 495 5142 lis,
554 5078 771 5147 quibus
835 5076 1028 5130 Romae
1088 5092 1121 5147 a
1155 5073 1377 5147 Nerone
1426 5072 1778 5147 destinatur,
1821 5074 2057 5128 exsolu-

403 5153 499 5203 tus
533 5143 589 5203 in
618 5148 957 5217 Hispaniam
993 5144 1502 5217 profectusrsitLSi
1549 5143 1683 5212 quis
1717 5150 1908 5198 tamen
1947 5148 2051 5199 du-

402 5221 567 5278 bitet.
640 5215 818 5275 dubio
877 5215 1007 5274 eum
1068 5216 1338 5271 liberabit
1403 5215 1747 5269 Franciscus
1792 5218 2057 5271 Bivarius

451 5292 746 5346 uaestionis
781 5292 956 5359 hujus
981 5288 1231 5355 diligens
1264 5294 1319 5341 et
1343 5293 1579 5359 exactus
1606 5294 1941 5356 pertractor.
1960 5290 2055 5342 Vi-

451 5309 746 5346 uaesuonls
782 5309 956 5359 mnus
981 5309 1231 5355 alligans
1264 5309 1319 5341 BL
1343 5309 1579 5340 exactus
1607 5309 1941 5356 periracmr.
1969 5309 2055 5342 Vl-

406 5309 581 5418 geatu
595 5383 619 5417 r
635 5365 763 5432 ejus
780 5363 1222 5432 Commentarius
1244 5361 1303 5413 in
1327 5357 1481 5412 Lucii
1498 5362 1691 5413 Dextri
1707 5359 2055 5429 Chronicum,

410 5453 629 5491 annum
664 5434 877 5490 Christi
907 5436 975 5487 64
1001 5448 1163 5486 num.
1202 5431 1251 5484 4.

474 5509 588 5579 (83)
622 5508 861 5561 Anllreas
884 5506 1099 5579 quidem
1132 5520 1160 5558 e
1189 5501 1415 5579 Scythia
1460 5518 1559 5555 sua
1607 5502 1893 5579 Europam,
1945 5509 2052 5579 etc.

399 5574 544 5635 Acta
572 5574 760 5633 sancti
800 5579 1040 5631 Andreae
1075 5574 1324 5630 breviter
1355 5590 1632 5637 expressa
1666 5580 1805 5628 sunt
1850 5575 1907 5628 in
1952 5578 2047 5629 Ro-

399 5668 565 5708 mano
599 5650 908 5718 Breviario,
953 5649 1106 5705 unde
1136 5665 1220 5715 ea,
1244 5663 1369 5718 quas
1402 5644 1495 5700 hic
1529 5646 1808 5713 diximus,
1842 5649 2049 5701 contir-

401 5728 661 5779 mantur.

471 5795 585 5867 (84)
620 5797 696 5852 Ne
726 5798 1069 5867 pesteorum
1099 5789 1481 5867 discessionem
1510 5789 1910 5867 venirerithlvpi
1960 5806 2052 5843 ra-

326 5882 335 5889 ’
401 5858 589 5940 paces,
616 5858 736 5925 etc;
762 5865 838 5923 De
862 5862 969 5921 hoc
1000 5859 1680 5935 prmmonueratl’aulus,
1717 5858 1898 5917 Mileti
1920 5875 2051 5916 cum

2180 2999 2325 3067 quit,
2360 2997 2629 3068 quoniam
2690 3000 2983 3053 intrabunt
3036 3003 3157 3069 post
3212 2999 3601 3054 discessionem
3660 3018 3833 3056 meam

2180 3070 2301 3143 lupi
2330 3086 2563 3143 rapaces
2594 3072 2649 3123 in
2689 3086 2811 3143 vos,
2838 3087 2966 3143 inon
3019 3075 3306 3143 parcentes
3342 3071 3525 3143 gregi,
3576 3078 3707 3126 Act.
3740 3091 3826 3138 xx,

2175 3142 2264 3203 29,
2302 3146 2410 3214 etc.
2440 3142 2654 3214 Neque
2688 3142 2796 3196 hoc
2837 3142 3181 3214 Dionysium
3214 3142 3455 3207 latebat,
3500 3149 3831 3214 propterea-

2177 3229 2291 3283 que
2321 3213 2546 3339 otbviaiu
2581 3214 2869 3283 ejusmodi
2901 3213 3057 3285 lupis
3084 3230 3188 3285 pro
3214 3215 3344 3269 ﬁdei
3369 3213 3711 3270 defensione
3742 3232 3830 3270 oc-

2178 3301 2346 3339 curre
2396 3304 2428 3339 a
2461 3327 2473 3339 .

2178 3290 2473 3340 currebat.

2248 3357 2361 3426 (85)
2389 3360 2449 3411 In
2480 3356 2806 3431 Ptirygiem
2836 3372 3016 3431 usque
3046 3357 3316 3431 pervasit.
3340 3357 3632 3431 Fuisseiin
3654 3356 3828 3431 Phry-

2174 3428 2290 3499 gia,
2325 3433 2381 3481 et
2410 3429 2648 3498 quidem
2685 3428 2910 3482 Troade
2945 3428 3289 3494 aliquandiu
3325 3428 3687 3495 substitisse,
3717 3428 3829 3484 tes-

2173 3505 2269 3573 tes
2301 3504 2441 3554 sunt
2472 3500 2698 3573 antiqui
2746 3500 2889 3553 Vita:
2922 3500 2980 3554 S.
3028 3499 3286 3571 Dionysii
3337 3501 3677 3573 scriptores,
3712 3500 3829 3557 Hil-

2174 3571 2415 3629 duinus.
2449 3576 2506 3624 et
2533 3569 2651 3624 alii.

2245 3643 2357 3713 (86)
2388 3644 2453 3697 Et
2482 3642 2756 3711 fabulosae
2782 3642 2935 3714 illius
2980 3642 3203 3714 Cybeles
3259 3657 3353 3714 seu
3396 3646 3608 3714 matris
3647 3644 3822 3698 deum.

2173 3712 2494 3786 Miraa'sunt
2523 3715 2592 3767 de
2624 3712 2833 3785 Cybele
2880 3714 2991 3768 ista
3016 3712 3246 3768 fabulae.
3272 3713 3540 3783 Orpheus
3571 3733 3698 3770 eam
3725 3733 3821 3786 ap-

2176 3785 2349 3858 pellat
2372 3787 2638 3858 omnium
2665 3790 3063 3858 matrem,tam
3097 3786 3267 3839 deum
3290 3802 3467 3858 quam
3487 3785 3815 3854 hominum,

2170 3857 2226 3913 et
2257 3857 2657 3928 quarumlibet
2687 3874 2906 3925 rerum,
2939 3857 2997 3911 in
3033 3857 3165 3912 istis
3195 3857 3468 3912 versibus
3503 3874 3516 3912 :

2242 3954 2557 4045 Eiﬁzapyév
2581 3974 2640 4007 τε
2671 3958 2814 4040 Θςεῶν
2848 3950 2947 4022 ἡδὶ
2977 3953 3555 4045 θνητῶνκάνθρῴπαὲν,

2241 4029 2335 4101 ’Eu
2366 4024 2469 4101 cui}
2495 4027 2598 4101 γὰρ
2630 4024 2720 4079 καὶ
2752 4031 2883 4101 γᾳῖα
2913 4027 3002 4080 καὶ
3035 4025 3260 4101 obpetqu
3286 4024 3445 4101 ειξρὺς
3478 4024 3732 4099 ὕπερθεν,

2241 4098 2342 4154 Καὶ
2375 4098 2594 4167 πάντος’,
2626 4098 2813 4151 πναιὰί
2842 4118 2921 4167 τε,
2953 4098 3286 4175 φιΛόδρομε,
3319 4098 3656 4176 ἄερόμορφε,

2310 4196 2479 4250 Mater
2500 4197 2758 4251 divorum
2785 4195 3009 4269 pariter
3026 4206 3315 4265 materque
3335 4198 3603 4265 vivorum,

2307 4269 2388 4321 Ea:
2418 4272 2469 4322 te
2499 4278 2650 4322 terra
2670 4267 2870 4338 parens
2887 4267 3813 4339 frugum,cwlumquepro/undum,

2305 4342 2371 4394 Et
2394 4356 2554 4395 mare
2584 4357 2708 4394 cum
2736 4341 2913 4395 venti:
2940 4341 3112 4395 i'etoci
3141 4342 3360 4411 percita
3389 4355 3573 4406 cursu,
3607 4346 3718 4395 etc.

2164 4445 2294 4500 Haec
2334 4445 2542 4516 Cybele
2562 4445 3143 4517 plurimisappellata
3165 4450 3254 4500 est
3277 4444 3624 4500 nominibus
3650 4463 3663 4500 :
3690 4462 3812 4515 qua

2164 4518 2294 4571 vide
2326 4519 2478 4589 apud
2514 4518 2776 4572 Natalem
2797 4518 3072 4573 Comitem
3103 4517 3253 4589 libro
3275 4517 3812 4587 nonoMythologiae.‘

2166 4588 2613 4670 capite'quinto.
2638 4590 2777 4670 E_am
2812 4607 2981 4670 perro
3012 4588 3368 4670 Nihil-aliud
3411 4589 3608 4670 fuisse.
3639 4606 3811 4670 quam

2165 4664 2399 4727 terram,
2440 4665 2498 4715 et
2529 4662 2683 4731 quod
2717 4660 2916 4716 omnia
2947 4678 3074 4733 quae
3119 4660 3203 4715 illi
3237 4679 3268 4715 a
3300 4661 3487 4731 poetis
3534 4660 3814 4716 attributa

2166 4738 2305 4788 sunt
2337 4733 2393 4787 in
2428 4736 2646 4786 terram
2693 4732 3006 4803 quadrent,
3048 4735 3277 4803 egregie
3309 4732 3565 4788 ostendit
3598 4732 3811 4787 Lucre-

2164 4805 2284 4859 tius
2315 4806 2519 4870 Carus,
2544 4803 2694 4859 libro
2717 4807 2975 4860 secundo
3012 4810 3089 4859 De
3108 4821 3297 4859 rerum
3318 4812 3531 4860 natura
3567 4804 3644 4876 (v.
3676 4805 3806 4859 599-

2163 4878 2311 4945 608),
2346 4877 2402 4931 in
2436 4876 2555 4930 illis
2585 4877 2854 4931 versibus
2883 4881 2939 4931 et
2965 4876 3243 4946 deinceps
3276 4894 3289 4931 :

2309 4976 2488 5042 Quare
2516 4992 2717 5045 magna
2747 4974 2907 5029 deum
2931 4979 3416 5045 muter,materque
3446 4975 3718 5043 ferarum,

2310 5050 2383 5101 lit
2410 5050 2590 5101 nostri
2620 5049 2864 5115 genitrix
2893 5046 3012 5103 hac
3032 5047 3182 5101 dicta
3202 5054 3280 5101 est
3310 5049 3558 5116 corporis
3589 5064 3723 5102 una.

2309 5120 2459 5172 Hanc
2487 5124 2688 5173 veteres
2720 5119 2945 5173 Graium
2969 5120 3118 5173 docti
3154 5117 3405 5172 cecinere
3435 5123 3605 5185 pacta

2310 5190 2609 5245 Sublimem
2641 5192 2700 5244 in
2730 5207 2899 5245 curru
2929 5190 3140 5261 bijugos
3170 5189 3383 5257 agitare
3413 5190 3597 5245 leones
3631 5207 3644 5244 :

2308 5264 2460 5316 Aeris
2492 5261 2550 5316 in
2580 5264 2768 5333 Spatia
2798 5279 3055 5331 magnam
3082 5261 3321 5332 pendere
3349 5261 3604 5316 docentes

2310 5334 2583 5388 Tellurem
2602 5352 2619 5387 :
2648 5350 2821 5404 neque
2849 5349 3002 5402 posse
3032 5336 3091 5389 in
3119 5342 3263 5389 terra
3285 5336 3477 5387 sistere
3506 5343 3739 5389 terram.

2306 5406 2627 5470 Adiunxerc
2659 5407 2813 5472 [cras
2848 5423 2859 5460 :
2894 5405 3028 5473 quia
3054 5404 3308 5474 quamvis
3329 5406 3503 5473 eﬂera
3534 5407 3715 5477 proles

2310 5477 2518 5545 Ofﬁciis
2540 5477 2694 5532 debet
2722 5478 2937 5532 molliri
2966 5476 3107 5532 victa
3135 5487 3447 5546 parentum.

2307 5549 2617 5618 Muralique
2643 5558 2809 5618 caput
2835 5566 3109 5603 summum
3137 5548 3362 5604 (tinxere
3391 5565 3627 5616 corona;

2306 5622 2542 5675 Eximiis
2569 5624 2783 5675 munita
2814 5620 2948 5675 locis
2979 5623 3112 5691 quia
3139 5623 3377 5675 sustinet
3403 5622 3586 5677 urbes.

2229 5716 2374 5771 Vide
2408 5717 2621 5771 ibidem
2651 5718 2839 5789 plura,
2878 5722 2936 5772 et
2985 5718 3138 5788 apud
3188 5717 3503 5789 Diodorum
3554 5716 3807 5789 Siculum

2164 5786 2265 5842 lib.
2299 5803 2362 5841 ιιι
2396 5786 2766 5851 Bibliotheca,
2790 5786 3437 5857 etapud‘Mncrubiuni,
3484 5788 3636 5845 libro
3669 5806 3684 5843 ι
3715 5787 3807 5843 Sa-

2168 5859 2565 5927 turnalz’orum,
2598 5875 2724 5934 esp.
2757 5860 2849 5947 21,
2872 5866 2929 5919 et
2954 5860 3223 5945 ejusdem
3252 5860 3370 5917 dea
3402 5860 3701 5933 depictum
3730 5858 3809 5913 si-
