4084 6370
258 260 361 316 769
1298 255 1492 324 VITA,
1533 253 1742 310 AUCT.
1781 253 1844 308 P.
1885 250 2205 308 HALLOIX
2240 253 2391 311 SOC.
2431 258 2628 313 JESU.
3565 256 3675 313 770

255 390 310 443 et
335 384 437 456 qui
470 382 637 456 prius
660 396 894 454 quoque
923 380 984 435 in
1015 378 1201 456 Gallia
1231 378 1439 445 fuerat,
1472 376 1573 456 sed
1606 376 1907 448 desperato
1940 374 2120 456 digno
2151 392 2341 448 operae
2370 379 2558 456 pretio
2587 386 2933 456 excesserat,
2983 380 3298 453 Eutropius
3332 382 3466 456 (97).
3520 382 3667 438 Nam

254 448 384 513 cum
412 448 631 511 in'eam
664 448 896 525 plagam
930 471 964 508 a
993 452 1255 524 principe
1285 450 1705 525 apostolorum,
1740 464 1772 501 a
1821 462 1938 517 quo
1961 521 1969 525 _
1991 448 2123 525 lidei
2157 448 2435 525 mysteria
2464 455 2703 525 edoctus
2738 448 2945 519 fuerat,
2982 470 3098 508 una
3129 448 3263 509 cum
3310 448 3441 508 aliis
3494 456 3669 510 sociis

252 532 476 584 missus
506 520 681 594 esset;
723 520 900 597 at'que
931 520 1380 579 in'Santonibus
1407 521 1629 598 (populi
1657 531 1795 598 sunt
1825 520 2174 589 Aquitaniae)
2209 537 2321 598 non
2355 523 2583 578 modico
2615 531 2899 598 tempore,
2960 543 3063 580 nec
3124 528 3316 598 parvis
3366 527 3669 580 laboribus

249 602 646 675 paucissimos
673 600 744 652 ad
776 593 991 675 Christi
1027 604 1219 675 partes
1251 596 1612 675 adduxisset,
1646 593 1929 646 nimirum
1965 593 2322 675 ut_'qu|.da_m
2383 598 2671 675 scribunt,
2736 593 2890 652 viros
2937 593 3140 675 decem
3177 599 3671 675 _duntaxat,__indc

249 663 331 729 iot
363 679 644 742 pertaesus
679 663 1080 723 molestiarum
1108 670 1242 738 (98),
1274 674 1330 723 et
1352 667 1502 742 male
1533 666 1956 742 impensarum,
1993 663 2070 717 uti
2112 664 2501 733 existimabat,
2554 668 2846 737 laborum,
2892 670 3128 724 revertit
3176 670 3441 724 Romam.
3491 669 3669 742 Nem-_

251 763 319 818 pe
349 737 436 799 sic
470 760 579 798 nos
610 742 834 818 homuli
866 737 1145 818 solemus,
1179 756 1276 818 e‘as
1309 739 1631 818 rel'ugimus
1663 737 2013 818 provincias,
2073 752 2219 818 quas
2279 744 2488 793 nostrze
2550 741 2746 795 minus
2800 757 3191 818 responsurus
3248 740 3670 818 exspectationi

250 804 589 873 credimus:
615 831 679 869 ac
711 814 757 868 si
794 820 924 885 post
957 804 1173 866 multos
1206 804 1558 885 labores—par
1588 804 1814 885 tractus
1846 824 1962 885 non
2015 804 2317 885 sequatur,
2351 826 2583 885 omnem
2634 829 2740 867 nos
2798 804 3033 885 lusisse
3076 828 3311 884 operam
3356 804 3671 883 impendio

252 889 579 962 querimur.
614 880 1081 962 Atqui-profecto
1105 899 1381 962 perverse
1412 883 1522 962 hoc
1553 881 1748 962 cuncti
1782 880 2218 961 agimus..quod
2251 898 2483 936 omnem
2516 884 2770 938 fructum
2802 885 2993 941 aliena
3023 884 3081 938 in
3109 880 3415 962 _voluntate
3458 880 3671 962 potius

254 954 428 1034 quam
458 960 518 1013 in
552 965 753 1013 nostra
784 954 1079 1034 ponimus.
1105 956 1219 1010 Nec
1248 957 1402 1034 enim
1440 959 1589 1007 Deus
1619 954 1875 1034 Optimus
1902 954 2193 1007 maximus
2226 970 2462 1034 operum
2496 971 2770 1034 successu
2832 972 2923 1034 res
2983 957 3244 1034 metitur,
3303 960 3402 1034 sed
3451 954 3671 1013 amoris

253 1026 504 1094 atfectu;
540 1046 643 1084 nec
674 1026 798 1084 tam
827 1033 1113 1099 quantum
1146 1028 1441 1098 egerimus
1470 1026 1769 1095 expendit,
1796 1040 1977 1099 quam
2011 1039 2080 1099 ei:
2112 1030 2352 1095 quanto.
2387 1028 2583 1081 Potuit
2608 1028 2923 1098 Eutropius
2954 1028 3095 1083 solis
3138 1029 3279 1082 viris
3316 1031 3516 1083 decem
3549 1036 3669 1084 toto

252 1106 459 1175 viginti
482 1118 729 1175 auorum
763 1097 1063 1175 intervallo
1094 1097 1435 1175 emendatis,
1472 1100 1603 1166 plus
1657 1098 1855 1175 gratiae
1914 1097 2067 1175 apud
2104 1099 2713 1175 D_eutn_commeritus
2756 1097 2884 1155 esse
2917 1108 2973 1154 et
2997 1101 3217 1171 glorias,
3252 1116 3483 1175 _quam_
3513 1102 3667 1155 alius

252 1168 456 1247 viginti
490 1172 870 1247 millibusvel
905 1189 1025 1247 uno
1051 1188 1203 1247 anno
1242 1172 1326 1247 vel
1362 1185 1477 1224 una
1507 1170 1784 1247 concione
1804 1168 2099 1222 correctis.
2140 1169 2343 1223 Docuit
2373 1172 2556 1242 igitur
2611 1171 2903 1237 Clemens,
2932 1168 3211 1247 quantas
3248 1168 3542 1247 illissuis,
3576 1178 3669 1247 #ut

252 1241 649 1314 existimabat,
683 1245 1063 1299 infructuosis
1113 1243 1415 1297 laboribus
1446 1241 1799 1314 aniunesute
1826 1256 1932 1311 ope
1963 1248 2384 1313 comparasset,
2411 1241 2763 1313 tantumque
2818 1241 3069 1314 sapienti
3103 1260 3209 1298 sua
3239 1244 3501 1298 oratione
3531 1243 3666 1298 eli‘e-

254 1322 351 1389 cit,
378 1328 443 1374 ut
471 1312 812 1372 derelictam
846 1315 1203 1389 provinciam
1238 1331 1350 1368 non
1408 1315 1578 1389 modo
1610 1312 1859 1389 libenter
1890 1318 2169 1383 repetere,
2231 1314 2332 1367 sed
2370 1312 2563 1389 avide
2594 1332 2828 1389 quoque
2874 1312 3264 1389 ardenterque
3314 1322 3665 1389 reposceret.

255 1385 395 1446 Hinc
426 1398 483 1445 et
514 1385 860 1461 episcopum
886 1387 1120 1461 creavit,
1155 1392 1211 1441 et
1242 1392 1525 1461 tanquam
1560 1385 1741 1438 futuri
1776 1400 2093 1455 praesagus,
2124 1400 2256 1438 eum
2291 1387 3151 1461 mentioneinduetamartyrii
3171 1385 3242 1461 ad
3265 1385 3515 1461 palmam
3546 1388 3669 1461 ani-

250 1464 451 1518 mavit.
480 1457 567 1517 Ita
594 1477 655 1516 se
687 1457 983 1531 Dionysio,
1017 1461 1189 1529 cujus
1220 1471 1352 1513 ante
1373 1457 1690 1512 audiverat
1716 1472 1951 1531 nomen,
1984 1464 2041 1510 et
2071 1473 2227 1531 nunc
2259 1457 2527 1531 virtutem
2564 1458 2693 1531 plus
2724 1457 3144 1528 admirabatur,
3179 1459 3407 1513 itineris
3438 1458 3667 1513 socium

246 1535 426 1591 dedit.
463 1539 651 1604 Atque
684 1538 747 1587 ut
776 1528 914 1586 olim
951 1533 1149 1587 Petrus
1186 1537 1319 1601 post
1349 1531 1590 1604 integrae
1624 1528 1813 1604 noctis
1845 1528 2177 1604 dispendia,
2204 1528 2349 1598 jacti
2380 1530 2439 1584 in
2474 1530 2710 1604 nomine
2726 1532 2958 1604 Domini
2984 1533 3231 1598 retibus,
3257 1530 3669 1601 copiosissima

249 1608 441 1678 praeda
472 1600 698 1678 potitus
725 1609 814 1658 est
842 1621 870 1678 ;_
890 1604 968 1658 ita
1001 1604 1098 1678 hic
1126 1600 1213 1672 (ut
1243 1604 1351 1657 hoc
1384 1602 1577 1678 dicere
1603 1600 1791 1678 obiter
1821 1602 2123 1678 occupem)
2177 1607 2418 1678 sucepta
2448 1602 2519 1656 ad
2554 1603 2854 1678 pontiﬁcis
2896 1605 3239 1678 mandatum
3296 1600 3668 1678 espeditione

248 1672 418 1750 quam
452 1672 1201 1750 difficillima,_brevissimo
1233 1680 1496 1750 tempore
1526 1672 1813 1750 plurimos
1847 1672 2211 1750 mortaleset
2233 1687 2358 1750 una
2388 1674 2575 1743 ipsam
2608 1675 2906 1750 principis
2924 1676 3251 1750 Santonum
3286 1672 3466 1750 {illam
3498 1676 3570 1729 ad
3601 1676 3667 1750 li-

250 1744 379 1805 dem
414 1750 691 1816 traduxit,
720 1754 777 1802 et
805 1747 981 1802 simul
1012 1748 1329 1817 gloriosam
1362 1744 1537 1800 illatze
1570 1745 1728 1798 necis
1753 1744 2017 1817 lauream
2048 1744 2323 1815 indeptus
2353 1752 2460 1817 est.
2495 1750 2685 1815 Atque
2715 1744 2822 1801 hoc
2858 1747 2931 1801 ob
2960 1747 3189 1801 itineris
3228 1746 3565 1801 societatem
3598 1748 3667 1800 de

254 1822 526 1892 Eutropio
554 1837 657 1891 per
684 1815 1061 1892 transennam
1087 1820 1309 1892 dictum
1346 1820 1441 1872 sit.
1480 1817 1619 1892 Nam
1655 1815 1936 1892 de_nobili
1970 1816 2431 1892 ejusmartyrio,
2466 1818 2915 1892 per-scriptisque
2944 1836 2977 1873 a
3007 1818 3281 1890 Dionysio
3320 1819 3488 1885 actis,
3523 1817 3668 1871 mihi

255 1886 595 1949 institutum
646 1898 737 1946 est
766 1907 871 1945 suo
904 1890 1028 1945 loco
1078 1890 1267 1944 fusius
1299 1891 1450 1943 intra
1478 1889 1685 1942 dicere.
1719 1887 1845 1941 Jam
1878 1893 2072 1942 autem
2104 1886 2510 1961 intermissum
2560 1886 2769 1944 iter—et
2799 1886 3177 1945 discedentes
3196 1896 3427 1945 sanctos
3472 1906 3670 1961 prose-

254 1983 523 2038 quamur.
557 1968 963 2038 Acceptaergo
995 1962 1351 2038 sanetissnmi
1386 1960 1674 2038 pontificis
1708 1961 2131 2038 benedictione,
2165 1960 2223 2013 in
2268 1960 2420 2038 viam
2474 1960 2618 2015 laetis
2647 1978 2714 2016 ac
2762 1977 2994 2038 magna
3033 1962 3397 2038 spirantibus
3455 1960 3671 2038 animis

253 2032 500 2109 ingressi
534 2040 673 2089 sunt
695 2032 723 2102 ;⁷
745 2032 1006 2104 nihilque
1036 2052 1102 2088 ea
1134 2034 1225 2087 via
1253 2039 1324 2109 ob
1361 2040 1628 2109 mutuum
1662 2033 1811 2086 inter
1840 2032 1999 2102 ipsos
2022 2048 2280 2086 amorem
2314 2038 2371 2109 et
2394 2032 3099 2109 fraternam‘concordiam
3127 2034 3358 2109 brevius
3376 2033 3672 2109 estvisum

252 2104 444 2179 (m'ulti
474 2109 631 2163 enim
663 2122 797 2161 cum
828 2113 1044 2175 essent,
1080 2111 1245 2179 erant
1274 2105 1433 2179 sicut
1452 2105 1722 2179 virunus
1753 2110 1809 2157 et
1838 2120 2154 2179 cornuum
2187 2110 2244 2158 et
2274 2104 2472 2179 anima
2500 2121 2611 2158 una
2642 2104 2728 2179 (υ)
2751 2122 2764 2170 ;
2791 2104 2935 2159 nihil
2956 2107 3028 2160 ob
3046 2105 3672 2179 gratissimasidedivi-

255 2176 343 2235 nis
373 2181 547 2235 rebus
564 2178 1337 2248 collocutionesjucundius,
1361 2176 1504 2230 nihil
1528 2177 1779 2247 denique
1802 2178 1873 2230 ob
1895 2177 2119 2230 felicem
2147 2192 2340 2229 rerum
2366 2177 2437 2230 ab
2482 2177 2764 2248 apostolis
2806 2176 3128 2247 eorumque
3152 2177 3462 2248 discipulis
3480 2184 3671 2248 gesta-

254 2270 381 2307 rum
413 2252 756 2306 memoriam
788 2252 928 2321 (qua
958 2250 1113 2304 velut
1134 2250 1263 2303 cibo
1292 2250 1640 2303 suavissimo
1666 2249 1927 2318 quotidie
1951 2248 2384 2321 pascebantur),
2410 2265 2513 2302 nec
2538 2250 2597 2303 in
2617 2264 2869 2318 praesens
2895 2250 3165 2316 hilarius,
3191 2266 3295 2304 nec
3321 2252 3377 2304 in
3403 2252 3667 2303 futurum

256 2325 488 2379 beatius
513 2329 740 2395 poterat
761 2320 1043 2392 exOptari.
1074 2321 1227 2395 Mare
1258 2321 1455 2395 igitur,
1492 2321 1644 2390 quod
1682 2324 1939 2395 ipsorum
1977 2320 2125 2374 votis
2160 2320 2305 2395 mire
2338 2322 2794 2395 obsecundabat,
2831 2321 2981 2376 felici
3015 2338 3080 2375 ac
3113 2322 3318 2376 multis
3353 2322 3669 2395 invidendo

251 2391 692 2466 navigiofquod
723 2410 837 2447 non
872 2391 1175 2466 tamrventi
1197 2399 1318 2466 aut
1347 2392 1493 2466 vela,
1527 2407 1704 2462 quam
1739 2392 1991 2466 Spiritus
2023 2392 2211 2466 sancti
2238 2391 2429 2462 gratia
2459 2392 2698 2447 alilabat
2726 2395 3222 2466 acipromovebat,
3278 2410 3346 2448 ex
3399 2393 3566 2466 Italia
3613 2394 3669 2446 in

250 2463 498 2523 Galli‘am
531 2463 1022 2537 citissimersimul
1059 2465 1577 2535 placidissimeque
1610 2464 2086 2537 transmiserunt.
2124 2463 2309 2526 Quam
2335 2480 2464 2537 vero
2498 2466 2702 2519 urbem
2734 2463 2919 2534 primo
2964 2465 3237 2537 petivere,
3273 2466 3438 2519 aiunt
3490 2464 3673 2518 fuisse

252 2540 523 2594 Arelaten
558 2540 694 2609 (99),
728 2536 962 2607 insigne
997 2553 1239 2609 prorsus
1272 2537 1329 2589 in
1366 2536 1663 2609 provincia
1693 2535 2075 2609 Narbonensi,
2112 2541 2167 2588 et
2196 2536 2462 2609 omnium
2485 2539 2743 2609 gentium
2768 2535 3138 2592 commercns
3172 2543 3672 2608 peropportunum

251 2607 603 2682 emporium.
638 2610 739 2662 Hic
772 2609 960 2682 fuerat
1002 2609 1158 2662 haud
1193 2608 1273 2662 ita
1334 2608 1556 2682 pridem
1592 2614 1829 2682 sanctus
1860 2607 2211 2682 Trophimus
2253 2607 2416 2682 Pauli
2449 2608 2797 2682 discipulus,
2833 2625 3074 2679 remque
3105 2607 3521 2675 Christianam,
3554 2609 3671 2679 pri-

253 2678 385 2737 mus
418 2682 581 2763 urbis
614 2680 1085 2763 ejusﬁepisc0pus
1119 2685 1379 2763 asancto
1418 2679 1943 2763 Pauloordina‘tus,
1979 2686 2046 2763 u_t
2076 2678 2225 2763 vires
2265 2679 2543 2763 tulerant,
2580 2681 2855 2763 fundarat
2887 2697 2952 2735 ac
2982 2678 3319 2763 promorat:
3356 2682 3453 2763 sed
3487 2678 3668 2761 quem

294 2762 455 2809 ostea
472 2750 653 2807 Mileti
674 2752 974 2806 infirmum
995 2769 1056 2806 se
1080 2751 1387 2822 reliquisse
1409 2752 1864 2821 scribebat(l()0)
1891 2750 2061 2823 paulo
2076 2757 2210 2805 ante
2232 2752 2575 2823 martyrium
2594 2769 2767 2807 suum
2783 2750 3098 2822 ApostOlus
3126 2753 3232 2823 (ac),
3262 2769 3395 2808 eum
3416 2753 3536 2822 jam
3554 2751 3669 2805 vita

294 2773 455 2809 Οειθᾶ
474 2773 651 2807 Μιιειι
675 2773 974 2806 mnrmum
995 2773 1056 2806 EB
1081 2773 1387 2822 Γϐιιψιιεδθ
1409 2773 1864 2821 SCI‘IUBDELllW)
1891 2773 2210 2823 paurouuw
2233 2773 2575 2823 [martyrium
2594 2773 2767 2807 suum
2783 2773 3098 2822 Λροδιοιιιδ
3126 2773 3232 2823 (ιτ),
3262 2773 3395 2808 eum
3416 2773 3536 2822 Jam
3555 2773 3664 2805 νιιᾶ

250 2773 519 2882 functum
544 2827 749 2886 fuisse,
782 2834 1061 2888 antquam
1095 2824 1282 2877 sancti
1320 2823 1497 2877 Roma
1530 2824 1917 2895 discederent,
1952 2840 2017 2877 ac
2054 2829 2356 2894 propterea
2387 2829 2499 2879 huc
2534 2824 2727 2895 potius
2779 2840 2955 2895 quam
2993 2841 3243 2895 usquam
3280 2824 3391 2879 alio
3424 2840 3664 2878 cursum

247 2898 383 2953 illos
414 2897 716 2962 direxisse,
753 2912 883 2949 vero
916 2896 1175 2949 creditur
1204 2911 1379 2965 quam
1412 2894 1806 2949 simillimum.
1844 2897 1925 2949 Ab
1959 2895 2065 2949 hac
2095 2894 2274 3019 igitur
2306 2896 2468 2962 urbe,
2502 2894 2654 2967 quod
2704 2894 2859 2951 Deus
2884 2897 3024 2951 bene
3047 2894 3256 2961 vertat,
3284 2913 3376 2951 res
3400 2913 3431 2950 a
3455 2896 3668 2967 Diony-

248 2970 339 3019 sio
366 2974 490 3019 tota
509 2967 697 3019 Gallia
732 2967 1000 3019 praeclare
1030 2972 1249 3019 aestas.
1283 2967 1409 3019 inso
1442 2967 1670 3019 labores
1698 2971 1929 3019 nostros
1966 2985 1996 3019 e
2027 2983 2110 3019 cm
2139 2970 2241 3019 esti
2272 2967 2485 3019 throno
2516 2974 2885 3019 respectante
2929 2977 2981 3019 et
3012 2970 3346 3019 adiuvante.
3400 2968 3668 3019 auspica-

248 2970 339 3097 ἷίο
366 2974 490 3024 tota
509 2967 697 3023 Gallia
730 2967 1000 3039 praeclare
1029 2972 1249 3038 gestas,
1283 2967 1409 3038 ipso
1442 2967 1670 3022 labores
1698 2971 1929 3021 nostros
1966 2985 1996 3023 e
2027 2967 2241 3021 ccelesti
2272 2967 2485 3024 throno
2516 2974 2885 3040 respectante
2929 2977 2981 3023 et
3012 2970 3346 3039 adjuvante,
3400 2968 3670 3039 auspica-

295 3058 470 3097 tmur.

295 3058 470 3097 tmur.

322 3167 399 3239 (υ)
429 3168 555 3221 Act.
591 3182 672 3233 iv,
697 3166 789 3220 32.
816 3164 901 3236 (ω)
924 3164 970 3219 ΙΙ
1002 3164 1155 3219 Tim.
1191 3182 1266 3230 iv,
1297 3165 1386 3221 20.

1746 3415 2194 3472 NOTATIONES

334 3542 449 3612 (93)
476 3540 555 3615 Ad
579 3556 634 3615 se
654 3540 843 3615 igilur
867 3543 1213 3615 accersitum.
1261 3548 1369 3615 etc,
1409 3541 1535 3615 illis
1591 3542 1917 3598 conformia
1945 3547 1996 3611 Α
2029 3548 2259 3615 tempus
2292 3561 2325 3599 a
2361 3545 2416 3600 Β.
2442 3544 2735 3600 Clemente
2762 3543 2915 3599 Petri
2947 3541 3355 3599 successorein
3372 3542 3675 3598 Franciam

279 3614 620 3689 perscripsit
653 3613 967 3689 Hilduinus
998 3613 1056 3667 in
1088 3613 1574 3689 Are-Opagiticis._
1673 3686 1702 3689 ﬂ
1829 3686 1836 3689 _
2027 3613 2379 3682 destinatur,
2413 3627 2468 3672 et
2500 3618 2611 3687 ipsi
2646 3617 2920 3673 Rusticus
2952 3618 3255 3689 presbyter
3295 3621 3353 3669 et
3398 3615 3670 3689 Eleuthe-

338 3686 453 3759 (94)
486 3686 655 3759 Erant
683 3687 741 3738 in
772 3687 1041 3759 sociorum
1088 3684 1338 3751 numero,
1373 3691 1481 3738 etc.
1540 3684 1620 3739 De
1664 3686 1913 3759 Rustico
2026 3688 2148 3742 rius
2181 3690 2464 3743 diaconus
2497 3684 2798 3743 sociantur
2821 3706 2831 3743 :
2856 3684 3043 3743 san—eti
3068 3684 3670 3759 quoqueSaturninus

264 3760 324 3831 et
358 3756 688 3831 Eleutherio
721 3758 1287 3831 scriptores‘omnes.
1320 3763 1454 3831 tata
1497 3757 1677 3831 Graeci
1736 3774 1911 3827 quam
2024 3765 2081 3814 et
2110 3761 2416 3815 Marcellus
2447 3762 2722 3831 episcopi,
2756 3767 2812 3815 et
2840 3756 3133 3815 Lucianus
3167 3756 3468 3830 presbyter
3498 3759 3674 3813 comi-

262 3829 477 3891 Latini,
512 3829 909 3882 consentiunt.
938 3828 1015 3882 De
1038 3828 1378 3893 Saturnino,
1406 3828 1693 3895 Marcello,
1719 3836 1777 3884 et
1806 3836 1910 3884 Lu-

257 3900 428 3955 ciano
460 3902 630 3973 testis
660 3907 749 3955 est
788 3898 1119 3973 Methodius
1168 3901 1235 3973 in
1299 3899 1561 3973 Dionysii
1616 3903 1910 3973 Martyrio,

256 3974 431 4039 cuius
464 3972 573 4025 hoc
604 3973 814 4026 verba:
851 3970 1113 4043 Kotvwvioi
1164 3968 1221 4025 δὲ
1266 3975 1363 4023 τοῦ
1414 3968 1571 4043 ἁγίου
1624 3968 1908 4043 moveant.

252 4042 391 4109 ἦσαν
430 4046 812 4114 Σατουρνῖνος,
866 4040 1189 4111 Μάρκελλος
1230 4043 1320 4096 καὶ
1380 4040 1702 4104 Λοοκιανός’
1764 4046 1910 4101 Socii

249 4115 435 4187 sanrli
466 4115 716 4187 Dionysii
740 4125 896 4171 erant
948 4116 1307 4184 Saturninus,
1364 4116 1663 4187 Marcellus
1691 4121 1743 4171 et
1805 4124 1906 4174 Lu-

250 4186 480 4261 σίαηιιε.Δ
511 4184 779 4261 Etjmulo
812 4187 1096 4242 interius:
1131 4185 1470 4261 'Aitozwvlaq
1515 4184 1572 4249 δς
1631 4193 1747 4261 τοῖς
1812 4188 1904 4261 μὲ-

253 4276 371 4331 ρεσι
404 4257 522 4331 Ατὸν
579 4257 728 4331 ἅγιον
782 4262 1137 4331 Σατουρνῖνον
1192 4257 1557 4331 ἀποστείλας,
1604 4260 1765 4323 αὐτὸς
1813 4257 1907 4315 οὺν

390 4329 872 4406 ἀγξφ-Λουκι-ανῷ-
904 4329 1110 4406 mter,»
1153 4331 1292 4406 ᾁγίῳ
1348 4330 1642 4406 Ῥοοστίκῳ
1688 4334 1778 4406 καὶ
1825 4338 1905 4405 τῷ

255 4400 400 4476 ᾁχίῳ
439 4399 799 4476 ’Ἐλευθερίῳ
831 4399 907 4454 ⁷ἐν
971 4399 1213 4474 Παρίσίῷ
1249 4399 1316 4474 ’ἐῇ
1373 4401 1531 4455 πόλει
1588 4399 1853 4474 inope-507)
1878 4399 1901 4436 ’·

253 4474 412 4527 Misso
444 4484 627 4529 autem
661 4474 719 4529 in
748 4480 930 4543 partes
960 4477 1271 4545 Aquitaniae
1304 4477 1629 4543 Saturnino,
1651 4478 1766 4539 ipse
1784 4495 1906 4532 cum

252 4555 447 4599 sancto
479 4548 721 4602 Luciano
752 4551 804 4600 et
833 4556 1017 4601 sancto
1052 4551 1273 4602 Rustico
1306 4551 1357 4601 el
1400 4552 1586 4601 sancto
1647 4550 1902 4605 Eleuthe-

253 4619 361 4681 rio,
386 4618 461 4671 ad
490 4619 681 4672 urbem
736 4621 977 4672 Parisios
1036 4622 1207 4673 venit.
1277 4619 1546 4689 Ejusdem
1606 4622 1905 4675 Saturnini

258 4689 533 4743 meminit
564 4696 806 4745 sanctus
836 4689 1151 4755 Gregorius
1183 4691 1545 4746 Turonensis
1578 4690 1727 4747 libro
1760 4695 1774 4727 ¹
1838 4696 1908 4749 De

254 4759 438 4829 gloria
467 4773 801 4833 martyrum,
854 4763 1001 4817 465
1057 4779 1183 4831 cap.
1218 4764 1321 4818 48:
1360 4786 1386 4811 ‹‹
1410 4763 1746 4819 Saturninus
1786 4782 1907 4821 vero

254 4837 498 4907 martyr,
533 4833 746 4903 inquit,
778 4840 840 4907 ut
865 4836 1065 4907 fertur,
1099 4835 1165 4888 ab
1196 4835 1563 4907 apostolorum
1615 4836 1906 4907 discipulis

254 4903 567 5028 oﬁdz'nalus,
603 4908 660 4959 in
692 4905 890 4959 urbem
936 4903 1273 4960 Tolosatium
1325 4915 1402 4961 est
1434 4906 1694 4962 directus.
1729 4903 1765 4959 »⁷
1819 4912 1912 4968 Sic

259 4991 274 5028 ι
329 4991 380 5028 e.

259 4991 380 5030 ille.

332 5046 501 5112 Nota,
535 5049 609 5101 ab
658 5045 1037 5118 apostolorum
1067 5048 1383 5118 discipulis,
1445 5048 1499 5101 id
1545 5054 1635 5104 est
1692 5068 1725 5105 a
1782 5055 1911 5110 Cle-

261 5124 457 5172 mente
487 5118 570 5173 vel
609 5119 903 5189 Dionysio.
950 5120 1110 5183 Quod
1170 5125 1363 5173 autem
1427 5121 1569 5174 dicit
1627 5123 1910 5182 directum

259 5191 478 5265 essein
514 5192 718 5245 urbem
752 5191 1139 5265 Tolosatium.
1197 5191 1663 5265 siveﬂTolosam,
1694 5199 1913 5265 Optime

260 5263 410 5331 quad
424 5268 509 5315 rat
532 5280 660 5317 eum
682 5280 746 5317 eo
763 5264 913 5333 quod
933 5265 1080 5318 dixit
1100 5264 1453 5323 Methodius.
1473 5266 1720 5320 missum
1737 5263 1768 5321 a
1784 5270 1911 5325 Dio-

262 5335 426 5405 nysio
460 5335 516 5387 in
544 5340 737 5404 partes
769 5334 1128 5405 Aquitaniae:
1166 5353 1298 5390 nam
1330 5335 1539 5390 Tolosa
1591 5344 1647 5393 et
1699 5339 1909 5397 Burdi-

259 5404 391 5479 gela
423 5407 731 5477 praecipuas
763 5408 937 5462 urbes
970 5412 1110 5461 sunt
1138 5407 1484 5479 Aquitaniae.
1522 5408 1621 5465 His
1662 5426 1911 5469 consen-

260 5477 599 5556 tiunt__qu_:e
662 5479 837 5556 refert
891 5477 1220 5556 Equilinus:
1256 5480 1571 5556 episcopus
1628 5482 1773 5538 libro
1834 5504 1909 5556 Ix,

259 5564 382 5623 cap.
420 5549 507 5618 41,
544 5551 633 5603 his
666 5550 878 5623 verbis,
911 5550 1156 5618 loquens
1190 5552 1259 5605 de
1293 5549 1565 5623 Dionysio
1597 5559 1653 5607 et
1694 5549 1906 5614 sociisi

263 5642 289 5667 ‹‹
319 5622 460 5676 Cum
496 5638 633 5692 ergo
665 5622 931 5676 audisset
987 5623 1220 5677 Petrum
1254 5629 1310 5677 et
1368 5624 1613 5679 Paulum
1652 5626 1845 5683 Romae
1878 5648 1911 5685 a

263 5692 485 5747 Nerone
513 5694 568 5748 in
602 5695 939 5749 carceribus
969 5696 1217 5749 detineri
1250 5696 1591 5765 episcopum
1626 5699 1738 5753 sibi
1767 5702 1907 5755 sub-

262 5766 472 5845 stituit,
507 5771 565 5845 et
614 5767 678 5821 ad
741 5782 839 5821 eos
895 5767 1536 5845 visitandosaccessit,
1588 5786 1909 5845 eorumque

264 5838 642 5908 passionibus
701 5853 957 5910 praesens
1017 5838 1143 5895 fuit.
1204 5840 1421 5897 Verum
1480 5848 1612 5913 post
1670 5838 1907 5917 aliquod

2023 3839 2110 3887 tes
2141 3834 2565 3904 adiunguntur.
2602 3836 2708 3897 Qui
2742 3850 2947 3887 omnes
2998 3834 3295 3887 venientes
3346 3835 3673 3898 Arelatum,

2022 3905 2260 3959 verbum
2298 3906 2525 3959 Domini
2560 3906 2872 3975 praedicare
2895 3911 3217 3976 cmperunt.
3252 3904 3416 3958 Tunc
3458 3904 3673 3974 Diony-

2022 3977 2148 4031 sius
2172 3978 2518 4032 aucloritale
2540 3979 2759 4031 summi
2786 3977 3078 4049 pontiﬁcis
3105 3979 3307 4049 fretus,
3333 3976 3672 4049 Marcellum

2022 4048 2079 4102 in
2117 4050 2482 4121 Hispaniam,
2517 4047 2901 4103 Saturninum
2937 4050 2992 4102 in
3029 4048 3513 4121 Aquitaniam._et
3540 4047 3672 4121 ALu-

2022 4117 2257 4175 cianum
2293 4123 2361 4175 ad
2401 4121 2865 4175 llellovaeensem
2895 4136 3106 4190 pagum
3133 4119 3363 4172 direxit.
3392 4140 3418 4166 ››
3443 4117 3550 4173 Ubi
3576 4118 3674 4172 ad-

2020 4202 2198 4259 verte,
2234 4194 2343 4247 dici
2377 4193 2719 4263 Dionysium
2753 4210 2785 4247 a
2816 4192 3111 4247 Clemente
3146 4192 3297 4243 Petri
3330 4206 3671 4263 successore

2021 4265 2078 4318 in
2114 4267 2411 4319 Franciam
2448 4262 2831 4329 deetinatum,
2859 4278 2917 4317 et
2946 4264 3342 4332 apostolorum
3371 4262 3669 4332 martyriis

2022 4337 2357 4390 interfuisse
2386 4336 2567 4405 ;quod
2584 4336 2857 4400 ostendit,
2875 4336 3079 4388 saltem
3102 4334 3358 4403 proxime
3376 4336 3446 4387 ab
3465 4350 3664 4387 eorum

2021 4409 2296 4479 martyrio
2329 4408 2519 4461 Romae
2571 4407 2767 4478 ipsum
2824 4407 3139 4461 exstitisse.
3172 4406 3337 4479 Nam,
3376 4422 3563 4479 serius
3616 4412 3672 4460 et

2020 4488 2143 4547 post
2178 4476 2378 4533 eorum
2409 4476 2653 4533 mortem
2682 4480 3008 4540 advenisse,
3030 4495 3096 4531 ex
3119 4476 3550 4545 antiquioribus
3574 4480 3669 4530 ba-

2021 4552 2115 4605 bet
2149 4551 2483 4609 Hilduinus,
2513 4551 2779 4620 Equilino
2812 4550 2981 4622 longe
3012 4553 3318 4604 vetustior.

2093 4623 2168 4675 Ex
2200 4624 2367 4676 dictis
2398 4624 2781 4691 corrigendus
2813 4620 3249 4692 esti—Gregorius
3300 4620 3666 4676 Turonensis

2018 4692 2117 4747 lib.
2152 4712 2169 4748 1
2200 4695 2460 4749 Historia?
2492 4696 2849 4757 Francorum,
2884 4712 3009 4765 cap.
3062 4695 3151 4761 30,
3188 4693 3283 4746 ubi
3345 4692 3540 4765 dicit,_
3566 4695 3668 4745 Sa-

2018 4769 2320 4820 turninum
2355 4767 2465 4821 sub
2499 4767 2671 4821 Decio
2702 4772 2759 4819 et
2789 4762 2970 4820 Grato
2997 4782 3147 4819 coss.
3205 4765 3385 4818 fuisse
3441 4762 3667 4817 Tolosa:

2016 4838 2356 4909 episcOpum
2382 4856 2394 4903 ;
2412 4840 2565 4893 unde
2579 4838 2705 4893 etin
2728 4836 3548 4909 Marlyrologiumﬂomanum
3570 4851 3667 4888 no-

2019 4927 2154 4963 vum
2190 4906 2350 4979 (nam
2383 4915 2549 4963 vetus
2583 4910 2729 4964 nihil
2763 4906 2958 4974 habet,
3018 4914 3074 4962 et
3106 4908 3163 4961 in
3198 4907 3461 4961 Usuardo
3504 4906 3669 4960 deest

2018 4984 2116 5037 sub
2148 4983 2323 5051 Decio)
2356 4983 2664 5053 irrepsisse
2696 4999 2858 5037 error
2908 4981 3136 5033 videtur
3167 4980 3233 5031 ad
3293 4979 3362 5053 29
3420 4982 3665 5053 Novem-

2023 5055 2165 5109 bris.
2218 5049 2331 5109 Nec
2391 5049 2545 5109 enim
2608 5054 2795 5125 potuit
2865 5054 3017 5108 idem
3075 5051 3449 5125 Saturninus
3488 5049 3669 5103 fuisse

2021 5126 2079 5179 S.
2120 5127 2265 5180 Petri
2325 5121 2674 5195 discipulus.
2710 5131 2767 5179 et
2794 5121 3665 5197 accepisseisedemepiscopa-

2021 5196 2131 5251 lem
2168 5199 2392 5253 'l‘olos:e
2424 5194 2533 5251 sub
2570 5197 2771 5251 Decio:
2808 5194 2946 5251 nam
2983 5195 3183 5251 Decius
3216 5194 3386 5249 tertio
3428 5195 3665 5248 demum

2020 5272 2231 5324 saeculo
2262 5270 2573 5337 imperavit
2602 5276 2659 5323 et
2689 5269 2894 5323 consul
2930 5269 3058 5323 fuit.
3095 5272 3331 5331 Verum,
3374 5273 3438 5321 ut
3471 5265 3667 5319 notavi

2021 5342 2180 5421 alibi,
2218 5360 2328 5421 non
2363 5348 2592 5421 tantum
2630 5342 2687 5394 in
2718 5342 3031 5421 Satur-nino
3091 5340 3305 5421 erravit
3352 5338 3669 5421 Gregorius

2021 5414 2120 5467 illo
2154 5414 2277 5469 loco
2310 5416 2436 5483 (qui
2465 5414 2629 5468 locus
2660 5418 2818 5467 totus
2850 5413 3095 5466 vitiosus
3128 5413 3257 5481 est),
3292 5412 3386 5465 sed
3409 5410 3583 5464 etiam
3607 5410 3666 5464 in

2021 5486 2080 5541 S.
2115 5486 2426 5557 TrOpbimo
2465 5484 2785 5539 Arelatensi
2812 5484 3106 5557 episcopo,
3142 5485 3198 5536 in
3236 5483 3411 5557 Paulo
3446 5483 3664 5557 Narbo:

2022 5559 2187 5612 nensi
2230 5552 2304 5611 'et
2372 5558 2648 5623 Dionysio
2724 5552 3083 5626 Arrepagita,
3161 5552 3665 5626 omnibusPauli

2021 5629 2348 5699 discipulis.
2382 5634 2437 5682 et
2469 5632 2523 5683 in
2557 5634 2759 5683 sancto
2794 5625 3057 5682 Martiale
3078 5625 3669 5699 Lemovicensirquos

2021 5696 2225 5756 omnes
2257 5702 2459 5757 scribit
2493 5702 2671 5755 fuisse
2731 5701 2841 5753 sub
2904 5700 3089 5754 Decio.
3153 5705 3223 5753 At
3281 5696 3666 5752 Saturninum

2066 5791 2137 5846 uo
2169 5775 2239 5828 de
2264 5774 2355 5829 hic
2379 5773 2589 5846 agitur,
2618 5770 2797 5827 fuisse
2821 5773 2877 5826 S.
2906 5770 3462 5846 Petri‘discipulum,
3490 5769 3667 5846 etiam

2066 5792 2137 5829 UO
2169 5792 2239 5828 (le
2264 5792 2355 5829 DIC
2379 5792 2589 5845 aglllll‘,
2618 5792 2797 5827 IUISSB
2822 5792 2877 5826 ὖ.
2906 5792 3055 5827 γεω-ι
3080 5792 3462 5841 οιδριρυιυω,
3490 5792 3667 5823 διιᾶιιι

2021 5792 2257 5902 ἓΙονὶοε
2291 5842 2505 5902 Lucius
2540 5846 2766 5914 Dexter,
2799 5844 2988 5900 sancti
3021 5842 3357 5915 Hieronymi
3406 5840 3668 5912 aequalis,
