4084 6370
515 237 619 290 771

522 367 772 438 testatur
802 362 873 417 ad
906 379 1127 438 annum
1155 363 1376 438 Christi
1407 365 1497 430 76,
1521 370 1576 420 et
1605 366 1842 437 plurimi
1869 367 1988 429 alii,
2022 384 2170 438 quos

519 437 650 490 vide
679 436 750 490 ad
783 451 918 489 eum
950 436 1143 490 locum
1174 435 1232 489 in
1263 435 1697 492 Commentario
1739 435 2162 494 Francisci'Bi-

519 507 684 574 varii,
719 509 820 577 qui
849 522 1126 572 germana
1167 507 1351 578 ipsius
1409 510 1715 564 Saturnini
1771 518 1898 564 acta
1930 529 2041 565 ms.
2105 514 2164 564 in

525 578 792 635 Roderici
825 579 1084 633 Ximenii
1116 580 1378 651 episc0pi
1413 581 1677 637 Toletani
1706 582 2061 638 Bibliotheca
2083 601 2168 636 as-

519 651 738 706 servari
772 653 1094 724 profitetur,
1127 659 1184 724 et
1226 651 1410 724 inhis
1440 656 1520 706 ita
1574 653 1720 724 legi:
1762 676 1788 701 ‹‹
1842 655 2031 710 Bonus
2075 660 2164 709 est

518 724 814 778 Honestas
845 723 1535 794 Saturninidiscipulus:
1571 723 1776 779 mélior
1825 733 1915 780 est
1962 733 2159 781 Satur-

521 799 698 850 ninus
729 794 880 848 Petri
913 797 1190 849 alumnus
1216 814 1228 850 :
1254 797 1393 866 quia
1421 797 1678 866 optimus
1700 798 1962 852 omnium
1997 799 2161 854 Chri-

516 875 645 922 stus
676 867 825 921 Petri
861 867 1218 921 didascalus.
1256 888 1280 917 ι
1313 874 1459 922 Sunt
1490 875 1676 923 tamen
1715 869 1980 923 nonnulli
2013 888 2042 924 e
2075 887 2161 924 re-

517 940 902 1002 centioribus,
935 946 992 993 et
1020 939 1058 992 ii
1090 941 1434 1009 praesertim,
1468 942 1568 1010 qui
1602 942 1728 994 sine
1762 941 1878 996 ullo
1898 945 2164 997 examine

517 1028 748 1067 morum
783 1011 1047 1081 exempla
1078 1011 1418 1080 compilant,
1451 1012 1549 1081 qui
1579 1029 1678 1066 eos
1711 1013 1841 1066 ausi
1875 1020 2013 1067 sunt
2044 1031 2162 1068 cor-

515 1086 724 1152 rigere,
755 1084 852 1156 qui
883 1086 1264 1138 Saturninum
1297 1085 1486 1154 primo
1515 1091 1618 1138 aut
1665 1086 1922 1139 secundo
1983 1102 2162 1156 pone-

516 1163 646 1211 rent
676 1155 913 1209 smeulo.

583 1228 697 1298 (95)
733 1227 989 1296 Regulus.
1028 1225 1211 1280 Etiam
1249 1225 1533 1296 Regulum
1569 1226 1749 1299 fuisse
1781 1227 1838 1281 S.
1904 1227 2160 1299 Dionysii

514 1301 811 1366 comitem,
846 1299 1062 1352 habent
1092 1299 1220 1367 ejus
1243 1304 1384 1352 Acta
1405 1299 1558 1367 apud
1585 1297 1951 1353 Vincentium
1977 1297 2161 1354 Bello-

514 1387 830 1425 vacensem
863 1371 1008 1424 libro
1051 1386 1108 1437 x,
1141 1387 1265 1440 cap.
1295 1371 1385 1423 27.
1445 1370 1524 1424 De
1557 1369 1656 1424 illo
1688 1377 1744 1424 et
1800 1372 1929 1439 ejus
1960 1372 2157 1426 Arela-

513 1443 662 1498 tensi
695 1443 1032 1512 episcopatu
1069 1457 1314 1511 agemus
1345 1443 1536 1511 capite
1565 1443 1855 1512 sequenti.

587 1516 697 1584 (96)
721 1516 844 1582 Jon,
877 1513 975 1584 qui
1004 1517 1052 1566 el
1080 1517 1253 1568 Jonas
1302 1513 1626 1583 quibusdam
1672 1515 2000 1583 appellatur.
2057 1515 2157 1568 Hic

511 1601 746 1656 quoque
769 1603 920 1639 unus
947 1585 1086 1638 l'uite
1126 1585 1386 1654 Dionysii
1411 1586 1716 1656 discipulis
1739 1593 1796 1638 et
1815 1587 2154 1651 comitibus,

510 1664 630 1712 tam
665 1658 911 1712 Athenis
929 1658 1193 1722 Romam,
1228 1674 1404 1728 quam
1421 1658 1604 1712 Roma
1633 1659 1688 1711 in
1706 1657 2153 1723 Galliam.Qu0d

510 1729 759 1783 Athenis
793 1730 1056 1794 Romam,
1091 1736 1218 1783 acta
1250 1728 1434 1798 ipsius
1466 1729 1632 1784 Jonis
1669 1731 2152 1798 testantur,apud

506 1801 881 1855 Vincentium
942 1800 1409 1855 Bellovacensem
1474 1801 1572 1854 lib.
1633 1817 1667 1853 x
1725 1801 1944 1870 Speculi
2005 1801 2153 1864 h1$l.,

511 1890 640 1944 cap.
670 1875 757 1926 23.
785 1874 946 1938 Quod
983 1873 1165 1926 ltoma
1197 1873 1253 1925 in
1289 1872 1563 1934 Galliam,
1608 1873 1774 1925 testis
1806 1878 1894 1926 est
1950 1874 2155 1943 Marty-

512 1944 786 2014 rologium
820 1946 1119 1997 Romanum
1147 1945 1214 1997 ad
1249 1945 1320 1996 2:3
1373 1944 1751 2011 Septembris,
1815 1944 1971 1998 hisce
2028 1962 2152 1998 ver-

514 2017 644 2072 bis:
681 2016 893 2086 «Apud
929 2031 1140 2085 pagum
1173 2017 1591 2076 Castrensium,
1623 2015 1680 2071 S.
1723 2017 1884 2070 Jonas
1913 2019 2153 2087 presby-

508 2088 616 2142 teri
651 2094 708 2142 et
741 2089 1034 2158 martyris,
1067 2087 1168 2155 qui
1201 2104 1331 2140 cum
1364 2095 1416 2144 Β.
1453 2087 1726 2157 Dionysio
1761 2089 2052 2158 profectus
2098 2106 2154 2142 in

509 2159 776 2223 Galliam,
801 2161 975 2228 jussu
1009 2159 1226 2213 Juliani
1281 2159 1529 2228 praefecti
1592 2160 1928 2214 verberibus
1967 2176 2154 2214 caesus

510 2231 707 2302 gladio
742 2231 1087 2299 martyrium
1121 2233 1571 2285 consummavit.
1599 2254 1625 2279 η

585 2302 912 2357 Ubinotain
958 2303 1072 2357 illis
1112 2304 1342 2358 verbis:
1378 2303 1590 2372 «Apud
1638 2317 1850 2371 pagum
1882 2306 2150 2356 Castren-

509 2374 732 2435 sium,»
765 2373 1039 2443 intelligi,
1073 2375 1399 2428 celebratur
1448 2375 1573 2428 dies
1626 2373 1837 2427 natalis
1875 2373 2046 2441 (sicut
2092 2374 2148 2428 in

507 2445 803 2502 similibus
835 2446 973 2500 alibi
994 2447 1366 2517 notavimus),
1392 2464 1506 2501 non
1531 2462 1685 2511 vero,
1708 2445 1869 2507 obiit,
1893 2452 1995 2498 aut
2019 2462 2146 2515 pas-

504 2536 608 2573 sus
629 2524 718 2572 est
741 2518 1106 2587 martyrium.
1132 2519 1362 2588 Alioqui
1389 2517 1863 2588 Martyrologium
1900 2522 2150 2571 scateret

505 2590 844 2644 mendaciis.
880 2589 994 2643 Nec
1025 2589 1179 2643 enim
1215 2596 1454 2644 sanctus
1488 2590 1746 2660 lgnatius
1773 2595 1988 2659 martyr
2034 2596 2145 2642 An-

504 2663 736 2716 tiochia:
769 2668 1040 2716 mortuus
1072 2669 1180 2725 est,
1203 2679 1305 2716 nec
1336 2662 1394 2716 S.
1416 2662 1676 2716 Joannes
1697 2661 2147 2730 Chrysostomus

503 2733 1035 2803 Constantinopoli,
1067 2735 1270 2803 sicque
1299 2735 1369 2788 de
1389 2734 1560 2797 aliis;
1595 2733 1693 2786 sed
1728 2731 1824 2785 ille
1851 2732 2064 2796 Romae,
2091 2739 2147 2786 et

504 2805 597 2859 hic
628 2805 894 2859 Comanae
926 2806 984 2858 in
1031 2804 1229 2867 Ponto,
1289 2821 1422 2858 cum
1485 2811 1675 2857 tamen
1737 2804 1807 2856 de
1857 2804 2145 2858 ambobus

501 2878 795 2932 scribatur
823 2877 879 2928 in
899 2875 1332 2946 Martyrologio,
1363 2877 1434 2928 de
1458 2892 1574 2929 uno
1605 2874 1872 2945 quidem:
1901 2899 1919 2922 ι
1951 2877 2145 2928 Antio-

500 2949 716 3002 chiteS.
742 2947 972 3016 Ignatii,
1001 2970 1026 2994 υ
1055 2954 1163 3000 etc.
1191 2967 1204 3014 ;
1240 2948 1310 3000 de
1340 2947 1520 3001 altero
1543 2954 1738 3001 autem
1767 2963 1778 2999 :
1811 2969 1837 2994 ‹‹
1866 2948 2144 3001 Constan-

501 3020 748 3089 tinopoli
783 3021 840 3073 S.
870 3018 1114 3072 Joannis
1147 3018 1467 3087 episcopi,-
1501 3025 1606 3072 etc.

571 3088 812 3146 occisus
846 3097 934 3144 est
967 3097 1158 3144 autem
1191 3093 1298 3144 Jon
1328 3107 1426 3144 seu
1460 3089 1641 3144 Jonas
1673 3088 1828 3158 apud
1865 3088 2136 3156 Parisios,

500 3168 556 3218 et
587 3169 761 3233 caput
791 3162 1040 3216 recisum
1076 3162 1210 3216 tulit
1237 3179 1424 3233 usque
1454 3163 1523 3216 ad
1583 3166 1858 3233 montem,
1920 3160 2031 3233 qui!
2079 3161 2136 3214 in

501 3235 628 3303 ejus
659 3231 1003 3287 memoriam
1037 3240 1277 3288 vocatus
1308 3231 1396 3289 est
1428 3235 1571 3287 .llons
1605 3232 1657 3288 S.
1707 3233 1880 3301 Jonis,
1943 3231 2135 3303 vulgo,

500 3307 550 3360 le
578 3307 722 3361 Mont
751 3305 1064 3360 Sal-nt-Jon.

566 3378 728 3441 Quod
763 3383 958 3431 autem
991 3377 1048 3429 in
1087 3373 1498 3446 Martyrologio
1518 3380 1629 3446 est,
1671 3396 1696 3424 ι
1727 3375 1889 3444 Apud
1926 3390 2138 3444 pagum

496 3449 912 3511 Castrensium,
943 3472 962 3496 ιι
999 3448 1201 3501 dicunt
1231 3445 1401 3509 Galli,
1433 3464 1464 3500 (ι
1497 3445 1744 3500 Chaslres
1784 3463 1905 3500 sous
1956 3449 2139 3499 Manl-

493 3520 684 3575 lrheri.
738 3520 1082 3575 Franciscus
1131 3526 1324 3574 tamen
1383 3519 1643 3573 Bivarius
1704 3523 1868 3587 putat
1929 3534 2027 3587 per
2074 3533 2140 3570 ea

493 3593 670 3647 verba
701 3593 1022 3657 signiﬁcari
1054 3591 1242 3644 Castra
1276 3588 1498 3644 Catilio
1533 3589 1590 3642 in
1646 3588 1966 3646 Lusitania.
2023 3589 2139 3642 sic-

496 3680 612 3735 que
644 3663 1092 3732 intelligendum
1127 3663 1278 3730 quod
1320 3661 1807 3735 Flavitis__l_l_exter
1843 3664 2015 3735 notat
2070 3662 2135 3735 ad

497 3730 720 3792 annum
755 3730 1095 3792 Christi86:
1139 3754 1165 3784 σι
1191 3732 1408 3786 Castris
1439 3730 1682 3786 Caeciliis
1716 3731 1772 3782 in
1839 3730 2141 3784 Lusitania

494 3808 773 3878 prmdicat
815 3813 1055 3878 sanctus
1108 3805 1312 3878 Jonas,
1375 3801 1722 3878 discipulus
1764 3802 1820 3854 S.
1885 3802 2137 3878 Dionysii

495 3873 877 3948 itreopagitm,
907 3883 962 3931 et
994 3877 1061 3929 ad
1095 3875 1312 3948 Gallias
1357 3881 1484 3948 post
1519 3873 1846 3948 revertitur.
1880 3898 1897 3919 ιο
1939 3873 2142 3948 Fateor

493 3944 870 4022 quidem'ego
925 3947 1234 4022 utrobique
1284 3944 1628 4022 priedicasse
1661 3944 1716 3997 S.
1751 3944 1977 4022 Jonemﬁ,
2023 3945 2136 4022 sed

493 4015 691 4077 tamen
722 4015 896 4074 verba
930 4015 1318 4088 Martyrologii
1357 4015 1543 4084 magis
1577 4016 1759 4088 facere
1791 4032 1893 4084 pro
1934 4016 2136 4070 Gallis.

493 4096 741 4150 Adverte
771 4093 942 4146 etiam
979 4109 1044 4145 ex
1080 4087 1167 4144 bis
1200 4089 1388 4143 Dextri
1445 4087 1632 4142 verbis
1692 4094 1948 4140 nostram
2011 4105 2141 4141 con-

499 4166 720 4220 ﬁrmari
755 4163 1100 4219 sententiam
1139 4162 1207 4214 de
1243 4160 1495 4230 Dionysii
1535 4159 1888 4228 profectione
1915 4160 1971 4212 in
2007 4159 2137 4214 Gal-

497 4238 637 4292 liam
674 4237 843 4302 longe
876 4243 1009 4290 ante
1041 4240 1304 4303 tempora
1336 4233 1530 4286 Nerva:
1553 4237 1689 4299 imp.
1717 4231 1856 4284 Nam
1884 4231 1930 4284 si
1964 4231 2141 4286 Jonas

495 4311 618 4381 (qui
653 4325 784 4364 cum
820 4307 1094 4381 Dionysio
1127 4304 1366 4381 Athenis
1402 4304 1969 4381 RomamLetBoma
2003 4320 2136 4374 pro-

498 4374 684 4436 fectus
716 4385 803 4433 est
837 4380 891 4432 in
927 4374 1203 4442 Galliam)
1237 4383 1368 4429 ante
1400 4392 1618 4428 annum
1654 4374 1865 4428 Christi
1898 4376 1984 4441 86,
2018 4393 2142 4445 pro-

497 4455 687 4507 fectus
718 4458 841 4504 erat
870 4469 900 4505 e
931 4448 1117 4505 Gallia
1150 4449 1205 4500 in
1240 4448 1626 4508 Lusitaniam,
1659 4447 1854 4516 ibique
1886 4448 2139 4515 Evange-

1743 246 1801 298 Β.
1840 243 2156 298 DIONYSII
2193 243 2698 300 ARROPAGITE.

3809 246 3896 302 772

2283 368 2605 430 declarant,
2633 368 2731 422 ubi
2764 369 2914 422 inter
2942 367 3090 424 alias
3122 368 3205 423 sic
3235 369 3307 425 de
3337 369 3436 424 illo
3465 385 3479 424 :
3521 390 3543 417 ε
3581 375 3622 422 Α
3655 374 3712 423 Β.
3754 375 3897 428 Petro

2281 441 2542 511 apostolo
2578 440 2648 494 ad
2682 440 2901 496 Gallias
2936 442 3311 511 praedicatum
3357 441 3581 496 missus
3641 446 3896 500 accessit:

2274 511 2699 583 ingressusque
2745 512 3034 568 civitatem
3099 514 3389 568 Santones
3446 530 3582 567 cuni
3633 514 3895 571 Christum

2273 585 2634 654 praedicaret,
2668 583 2739 636 ab
2780 585 3118 639 inlidelibus
3140 601 3325 639 caesus
3348 593 3401 638 et
3421 587 3496 639 de
3523 585 3662 639 urbe
3682 588 3896 656 ejectus,

2273 657 2386 710 sibi
2422 658 2722 725 tugurium
2759 665 2914 710 extra
2950 674 3148 711 muros
3169 658 3516 724 construxit,
3542 657 3896 714 ubinoctibus

2272 727 2542 794 orationi,
2577 727 2784 781 diebus
2823 745 2957 782 vero
2993 729 3387 800 praedicationi
3415 731 3740 784 insistebat.
3770 733 3892 786 Cum

2273 807 2466 854 autem
2511 802 2695 852 multo
2729 800 3219 871 ibidemlempore
3243 806 3644 855 commoratus
3668 805 3892 857 fructum

2271 872 2570 943 modicum
2606 872 3038 941 praedicationis
3087 873 3340 928 fecisset.
3375 889 3441 926 eo
3503 873 3656 943 quod
3716 873 3890 929 decem

2270 944 2422 995 viros
2454 942 2825 998 solummodo
2857 945 3259 1009 convertisset,
3315 942 3562 998 Romam
3615 947 3890 1014 repedans,

2269 1014 2424 1068 466
2459 1017 2513 1069 Β.
2552 1016 2781 1069 Petrum
2814 1016 3144 1086 apostolum
3189 1033 3430 1086 passum
3494 1025 3706 1086 reperit
3734 1035 3746 1070 :
3777 1024 3826 1070 et
3866 1038 3891 1071 a

2270 1086 2328 1140 S.
2361 1088 2654 1140 Clemente
2686 1090 2814 1156 ejus
2844 1103 3178 1142 successore
3201 1088 3509 1142 ordinatus
3540 1089 3890 1144 Santonensis

2270 1158 2604 1230 episcopus,
2641 1159 2926 1230 beateque
2962 1159 3231 1230 Dionysio
3262 1159 3546 1227 sociatus,
3569 1176 3696 1214 cum
3728 1162 3892 1215 eodem

2270 1229 2485 1284 iterum
2516 1231 2586 1284 ad
2620 1229 2844 1285 Gallias
2872 1232 3038 1285 adiit.
3078 1229 3240 1286 ani
3278 1248 3487 1286 rursus
3516 1234 3770 1296 observa,
3795 1232 3889 1286 Eu-

2268 1302 2522 1371 tropium
2556 1303 2755 1355 statim
2787 1319 2821 1357 a
2854 1311 3038 1358 morte
3095 1303 3249 1357 Petri
3303 1304 3543 1357 Romam
3592 1304 3888 1371 advenisse,

2269 1378 2326 1427 et
2355 1391 2389 1428 a
2419 1374 2474 1428 S.
2509 1373 2805 1429 Clemente
2837 1379 2966 1444 ejus
3011 1391 3348 1430 successore
3406 1375 3741 1430 ordinatum
3785 1377 3887 1444 epi-

2268 1461 2532 1516 800pum,
2567 1462 2699 1499 cum
2733 1446 3010 1518 Dionysio
3039 1447 3258 1501 Gallias
3289 1447 3548 1513 adiisse;
3583 1448 3661 1500 ita
3705 1452 3886 1500 utnon

2269 1520 2455 1570 multo
2489 1523 2620 1588 post
2648 1518 2719 1571 ab
2750 1535 2983 1574 excessu
3009 1519 3404 1588 apostolorum
3433 1518 3740 1586 Dionysius
3765 1519 3882 1571 mis-

2267 1605 2370 1662 sus
2400 1591 2478 1642 sit
2507 1589 2563 1642 in
2601 1589 2839 1656 Gallias,
2879 1592 3094 1645 nedum
3140 1589 3377 1662 triginta
3407 1599 3542 1662 post
3596 1590 3778 1655 annis,
3833 1594 3883 1643 ut

2267 1660 2505 1728 quidam
2540 1661 2760 1715 volunt.

2339 1732 2450 1801 (98)
2482 1733 2611 1786 [mle
2641 1737 2716 1788 lol
2769 1737 3032 1800 pertaesus
3090 1733 3506 1798 molestiarum,
3539 1737 3648 1788 etc.
3707 1732 3796 1786 Est
3832 1732 3878 1784 in

2266 1802 2392 1870 ejus
2425 1806 2604 1871 Actis,
2652 1812 2857 1873 praeter
2887 1804 3033 1858 alias
3067 1804 3390 1868 molestias,
3424 1804 3600 1858 etiam
3659 1804 3879 1858 verberi-

2267 1875 2377 1928 bus
2410 1876 2591 1929 luisse
2622 1876 2916 1941 affectum,
2951 1882 3127 1946 atque
3160 1877 3301 1930 urbe
3351 1876 3610 1946 pulsum.
3659 1875 3758 1930 Sed
3789 1876 3878 1929 hoc

2264 1947 2498 2015 quidem
2537 1949 2696 2017 parvi
2732 1947 3042 2017 Eutropius
3074 1950 3321 2002 ducebat
3366 1947 3415 2002 si
3447 1951 3671 2002 fructus
3697 1947 3876 2002 saltem

2262 2019 2318 2071 in
2344 2019 2663 2072 multorum
2688 2020 2877 2073 salute
2901 2021 3210 2090 paruisset.
3240 2025 3313 2073 At
3337 2035 3475 2073 vero
3500 2022 3653 2073 viros
3678 2025 3875 2072 tantum

2263 2091 2462 2144 decem
2500 2091 2557 2144 in
2593 2091 2880 2144 fructibus
2911 2098 3205 2145 tantorum
3259 2093 3530 2145 laborum
3591 2092 3874 2152 numerari,

2263 2161 2370 2216 hoc
2405 2163 2768 2217 intolerabile
2803 2164 2913 2233 ipsi
2946 2164 3267 2217 videbatur.
3303 2165 3472 2217 Haud
3510 2170 3698 2216 tamen
3730 2172 3875 2224 recte,

2262 2239 2347 2287 uti
2377 2233 2518 2287 etB.
2554 2235 2821 2288 Clemens
2854 2235 2901 2289 ei
2938 2234 3176 2304 planum
3213 2236 3367 2296 fecit,
3403 2242 3464 2288 et
3523 2233 3697 2287 simili
3752 2234 3800 2286 in
3829 2251 3877 2287 re

2262 2321 2676 2373 nonnunquam
2696 2316 2938 2360 sanctus
2963 2306 3162 2361 Petrus
3187 2305 3664 2376 apostolustlicet
3685 2305 3876 2375 aliquot

2259 2383 2391 2446 post
2423 2377 2676 2446 saeculis)
2709 2378 2764 2430 S.
2807 2378 3107 2432 Laurentio
3140 2378 3582 2432 Britanniarum
3616 2377 3871 2446 archiepi-

2260 2465 2435 2520 scopo
2469 2465 2578 2502 non
2613 2455 2733 2502 tam
2769 2451 2957 2504 verbis
3001 2465 3178 2520 quam
3239 2449 3582 2503 verberibus
3631 2449 3870 2503 ostendit.

2258 2519 2403 2573 Nam
2435 2536 2566 2573 cu.“
2594 2538 2814 2574 annum
2843 2519 3067 2576 Domini
3094 2521 3587 2576 sexcentesimum
3614 2521 3870 2574 decimum

2258 2597 2554 2661 quartum,
2590 2592 2865 2646 Eadbaldi
2900 2593 3049 2664 regis
3081 2594 3531 2648 Cantuariorum
3565 2592 3689 2646 fidei
3731 2591 3869 2645 Chri-

2257 2663 2460 2717 stiana:
2493 2665 2878 2728 adversantis,
2913 2663 3362 2719 et’castimoniaa
3400 2665 3554 2735 leges
3585 2665 3720 2718 adeo
3763 2680 3867 2733 pes-

2257 2736 2607 2798 sumdantis,
2645 2741 2706 2788 ut
2739 2753 2973 2790 uxorem
2997 2737 3176 2807 patris
3205 2737 3574 2800 suiduceret,
3606 2735 3868 2807 iinpiosac

2256 2822 2556 2875 perversos
2592 2824 2777 2860 mores
2837 2806 3136 2876 pertaesus,
3199 2809 3509 2862 statuisset
3567 2806 3866 2861 Britannias

2254 2879 2521 2951 deserere
2554 2878 2776 2943 (habito
2806 2878 2962 2933 enim
3028 2897 3156 2933 cum
3219 2882 3515 2951 episcoiiis
3573 2877 3773 2933 Mellito
3822 2884 3866 2929 et

2251 2947 2422 3021 Justo
2453 2967 2630 3018 super
2661 2967 2726 3004 ea
2759 2966 2817 3003 re
2849 2951 3156 3021 colloquio,
3190 2947 3493 3006 decretum
3528 2951 3708 3004 fuerat
3735 2965 3866 3003 com-

2253 3019 2418 3072 muni
2451 3021 2714 3088 consilio,
2751 3021 2938 3077 salius
2969 3019 3118 3087 esse,
3146 3019 3183 3072 ⁷η
3217 3030 3278 3076 ut
3309 3040 3517 3078 omnes
3549 3022 3603 3075 in
3647 3021 3864 3091 patriam

2257 3092 2590 3153 redeuntes,
2624 3093 2807 3147 libera
2839 3094 2914 3147 ibi
2964 3102 3154 3149 mente
3213 3094 3462 3148 Domino
3523 3091 3864 3152 deservirem,

2255 3180 2431 3232 quam
2466 3165 2618 3218 inter
2647 3166 2893 3219 rebelles
2926 3167 3060 3220 ﬁdei
3095 3166 3375 3220 barbaros
3401 3167 3529 3220 sine
3550 3168 3728 3218 fructu
3754 3162 3868 3215 resi-

2250 3236 2472 3300 derent,
2511 3237 2580 3307 υ).
2605 3244 2920 3307 apparente
2947 3239 3028 3291 illi
3051 3243 3252 3292 sancto
3275 3238 3443 3292 Petro
3459 3243 3515 3291 et
3530 3233 3862 3305 gravissimis

2250 3308 2440 3380 verbis
2473 3307 2820 3376 deterrente,
2853 3309 2970 3362 imo
3002 3315 3057 3363 et
3089 3310 3460 3380 gravioribus
3492 3307 3726 3378 ﬂagellis
3758 3320 3863 3359 eam

2250 3378 2602 3433 voluntatem
2659 3381 2955 3450 puniente,
3017 3378 3351 3435 discessita
3417 3380 3723 3450 proposito,
3779 3391 3862 3450 nec

2249 3450 2531 3504 Mellitum
2565 3456 2621 3505 et
2644 3448 2898 3521 Justum,
2925 3453 3164 3522 quijam
3188 3448 3605 3516 discesserant,
3635 3455 3788 3519 atque
3813 3448 3858 3498 in

2248 3523 2494 3576 Galliam
2523 3523 2892 3588 transierant,
2926 3531 3014 3578 est
3042 3530 3301 3579 secutus.
3364 3525 3474 3578 Sed
3530 3524 3759 3590 dignum
3787 3525 3859 3572 est

2250 3593 2604 3662 exemplum,
2639 3599 2792 3664 quod
2825 3595 3122 3664 integrum
3154 3595 3300 3665 ipsis
3330 3594 3688 3665 Venerabilis
3719 3591 3855 3665 Beda

2248 3665 2440 3738 verbis
2473 3663 2777 3721 referatur.
2811 3666 2901 3738 Sic
2931 3663 3113 3738 igitur
3143 3663 3316 3720 habet
3347 3666 3498 3720 libro
3531 3683 3569 3720 Il
3599 3664 3740 3738 Hist:
3766 3663 3852 3715 An-

2249 3736 2407 3801 glia.
2454 3753 2578 3804 cap.
2612 3739 2682 3790 6:
2720 3761 2746 3786 ι(
2807 3734 2983 3792 ΟυηΓ
3006 3755 3138 3792 vero
3198 3738 3552 3792 Laurentius
3600 3734 3851 3790 Mellitum

2248 3810 2415 3862 Justu
2429 3826 2600 3878 mque
2631 3815 2868 3864 secutus
2900 3826 2965 3862 ac
2990 3810 3348 3864 Britanniam
3373 3815 3533 3864 esset
3555 3808 3854 3864 relicturus,

2253 3879 2425 3933 'ussit
2455 3881 2580 3946 ipsa
2603 3881 2712 3934 sibi
2747 3889 2912 3935 nocte
2942 3881 2999 3934 in
3034 3881 3277 3936 ecclesia
3303 3883 3601 3936 beatorum
3659 3882 3856 3948 aposto-

2241 3895 2437 4004 lorum
2475 3951 2622 4004 Petri
2653 3959 2709 4004 et
2740 3953 2924 4004 Pauli.
2958 3954 3029 4004 de
3059 3971 3175 4004 oua
3207 3955 3542 4004 l'reouenter
3578 3951 3686 4004 iam
3735 3945 3856 4002 diti-

2272 3967 2437 4004 orum
2475 3951 2622 4005 Petri
2653 3959 2709 4006 et
2740 3953 2924 4017 Pauli,
2958 3954 3029 4006 de
3059 3971 3175 4024 qua
3207 3955 3542 4022 frequenter
3569 3951 3686 4024 jam
3735 3948 3857 4002 diti-

2252 4038 2383 4076 mus
2416 4028 2666 4096 stratum
2701 4025 2891 4093 parari
2919 4041 2930 4077 :
2968 4026 3024 4077 in
3060 4042 3174 4096 quo
3207 4041 3334 4077 cum
3369 4031 3502 4094 post
3534 4023 3858 4096 multas_pre-

2252 4111 2347 4148 ces
2375 4110 2452 4167 ac_
2473 4092 2757 4164 lacrymas
2790 4099 2856 4149 nd
2899 4092 3091 4150 Deum'
3117 4113 3217 4167 pro
3250 4092 3406 4150 statu
3445 4094 3698 4150 Ecclesia:
3716 4092 3861 4167 fusas

2251 4162 2777 4241 adquiescendum
2815 4168 3081 4241 membra
3119 4162 3431 4238 posuisset
3481 4174 3649 4241 atque
3680 4162 3856 4241 obdor-

2252 4237 2475 4300 misset,
2509 4239 2863 4310 apparuitei
2899 4237 3276 4294 beatissimus
3309 4237 3859 4310 apostolorum_pr_in-

2251 4325 2405 4380 ceps,
2437 4313 2492 4361 et
2525 4303 2708 4363 multo
2745 4309 2909 4364 illum
2974 4316 3235 4380 tempore
3284 4303 3519 4365 secretae
3571 4306 3744 4362 noctis
3768 4303 3856 4380 lla-

2251 4374 2421 4449 gellis
2449 4382 2775 4435 acrioribus
2809 4374 3537 4441 afficiens;sciscitabatur
3580 4374 3859 4452 apostolica

2252 4447 2651 4525 distractione,
2688 4470 2866 4522 quare
2899 4471 3154 4525 gregem,
3188 4471 3360 4524 quem
3399 4453 3508 4508 sibi
3542 4447 3856 4525 ipsecredif

496 4526 642 4580 lium
682 4524 1078 4595 praedicabat:
1103 4526 1256 4595 certe
1287 4513 2138 4595 consequitut:.etlDtgnysium
2175 4513 2217 4576 D
2251 4525 2436 4586 derat,
2472 4513 2846 4593 relinqueret,
2878 4513 2960 4580 vel
2990 4513 3078 4580 chi
3138 4513 3440 4595 pastorum
3503 4513 3629 4579 oves
3672 4514 3854 4595 Christi

491 4588 840 4652 multo-ante
871 4593 1082 4648 Christi
1112 4591 1183 4646 85
1211 4591 1440 4645 venisse
1471 4588 1601 4645 eum
1643 4588 1740 4643 illo
1774 4588 1827 4642 in
1865 4589 2136 4658 Galliam;

494 4685 610 4723 non
657 4667 834 4737 igitur
881 4665 1059 4737 (quod
1089 4662 1348 4737 ryolebat
1393 4661 1711 4737 Baronius)
1742 4661 1879 4737 nsab
1931 4667 2141 4737 Nerva,

491 4741 612 4795 sive
639 4732 792 4793 anno
822 4732 1036 4792 Christi
1068 4734 1158 4804 99,
1185 4734 1344 4788 venit
1375 4735 1614 4788 demum
1642 4733 1699 4786 in
1733 4732 1981 4787 Galliam
2013 4733 2140 4787 Dio—

494 4828 720 4867 DVSIUS.

537 4830 830 4951 ytgilf'Sed
875 4878 1160 4951 desperato
1203 4891 1399 4951 cperae
1452 4877 1626 4951 pretio
1673 4879 1977 4951 emcesseral
2035 4877 2142 4951 Eu:

492 4947 721 5024 lropt‘us'.
780 4953 1058 5024 Exstasnt
1114 4947 1313 5024 hujus
1351 4954 1423 5001 S.
1485 4947 1747 5024 Eutropii
1793 4950 1934 5001 Acta
1987 4948 2139 5024 apud

494 5019 832 5096 Eq'uilinum
885 5022 1224 5096 episcopum
1260 5019 1358 5073 lib.
1396 5036 1624 5096 iv,_cap.
1652 5019 1772 5096 l_05,
1797 5025 1853 5096 et
1876 5020 2144 5096 quaedam

492 5091 644 5166 apud
680 5091 1023 5162 Gregorium
1055 5091 1450 5166 Turonensem
1489 5091 1584 5144 lib.
1616 5111 1629 5144 ι
1665 5092 1738 5144 De
1765 5092 1949 5158 gloria
1994 5107 2143 5144 mar-

490 5163 697 5238 tyrum,
732 5182 857 5238 cap.
892 5166 1002 5238 56:
1041 5184 1067 5210 «
1101 5163 1412 5238 Eutropius
1447 5179 1677 5238 quoque
1733 5172 1963 5238 martyr_
1999 5166 2146 5215 San-

493 5234 697 5292 tonica;
733 5237 914 5300 urbis,
986 5236 1196 5304 inquit,
1231 5252 1264 5287 a
1320 5236 1486 5289 beato
1537 5235 1828 5288 Clemente
1877 5234 2148 5304 episcopo

493 5311 672 5364 fertur
701 5309 956 5361 directus
990 5306 1045 5359 in
1070 5305 1310 5360 Gallias.
1357 5307 1435 5360 Ab
1488 5307 1690 5360 eodem
1737 5306 1909 5359 etiam
1960 5306 2148 5374 ponti-

493 5380 677 5434 ﬁcalis
708 5379 930 5432 ordinis
975 5378 1162 5446 gratia
1208 5383 1584 5432 consecratus
1615 5383 1739 5430 est:
1791 5376 2148 5447 impletoque

494 5451 674 5518 hujus
707 5449 878 5504 ofﬁcii
907 5449 1446 5520 ordine,peractain
1468 5447 2147 5520 inincrednlisprmdicm

490 5523 668 5584 tinno,
704 5519 1444 5591 insurgentibus’paganis.
1497 5537 1643 5587 quos
1690 5525 1890 5572 auctor
1919 5519 2148 5574 invidia":

488 5595 722 5648 credere
755 5609 866 5645 non
903 5593 1356 5662 permisit,illiso
1389 5593 1575 5661 capite
1609 5591 1792 5662 victor
1817 5594 2090 5646 occubuit
2119 5616 2145 5642 ››

487 5666 631 5720 Vide
664 5665 878 5718 ibidem
908 5661 981 5716 de
1011 5665 1137 5732 ejus
1170 5665 1531 5733 apparitione
1561 5669 1617 5716 et
1666 5661 1959 5730 agnitione
1996 5682 2148 5719 mar-

488 5739 643 5808 tyrii,
669 5738 922 5808 ipsemet
953 5741 1152 5808 sancto
1184 5737 1462 5808 Eutropio
1482 5734 1790 5808 revelante.
1819 5736 2020 5792 Fuisse
2044 5755 2149 5793 au-

487 5805 901 5881 teniDionysio
929 5806 1202 5862 comitem
1263 5805 1512 5872 itineris,
1574 5805 1726 5862 clare
1768 5807 1946 5879 hujus
2010 5816 2150 5866 Acta

2251 4595 2310 4649 in
2345 4591 2838 4668 medioluporum
2881 4597 3098 4666 positas
3133 4591 3361 4668 fugiens
3392 4598 3518 4668 ipse
3556 4591 3855 4649 dimitteret.

2252 4666 2506 4742 An__mei_.
2539 4666 2748 4742 inquit,
2785 4668 3002 4742 oblitus
3027 4685 3113 4742 es
3144 4666 3430 4742 exempli,
3476 4669 3856 4742 qui_p!‘0_,l33?'

2253 4737 2401 4791 vulis
2430 4737 2822 4809 Christi,quos
2848 4739 2989 4794 mihi
3023 4741 3078 4794 in
3104 4737 3385 4796 indicium
3419 4737 3535 4794 sua:
3564 4737 3858 4809 dilectionis

2253 4800 2783 4877 commendaverat,
2834 4811 3089 4874 vincula,
3139 4813 3396 4877 verbera,
3432 4823 3699 4869 carceres,
3729 4800 3855 4855 afﬂi-

2254 4882 2500 4944 ctiones,
2535 4883 2725 4953 ipsam
2759 4891 3048 4945 postremo
3082 4890 3350 4940 mortem.
3403 4886 3641 4953 mortem
3689 4880 3854 4930 autem

2256 4953 2450 5007 crucis
2481 4952 2920 5009 abintidelibus
2952 4961 3008 5010 et
3037 4955 3292 5010 inimicis
3347 4953 3558 5010 Christi
3589 4952 3703 5022 ipse
3741 4957 3853 5022 cur?

2256 5024 2488 5096 Christo
2522 5027 2892 5081 coronandus
2925 5027 3130 5096 pertuli
3157 5027 3184 5080 ?
3221 5028 3318 5081 His
3343 5026 3404 5081 Β.
3452 5013 3854 5096 Ρθῑιξίᾞξβθῌξξ

2258 5095 2433 5149 simul
2469 5102 2527 5150 et
2559 5088 3066 5152 exhortationibus
3089 5099 3386 5153 animatus
3409 5088 3851 5151 famulusChristi

2257 5167 2628 5228 Laurentius.
2665 5187 2794 5223 mox
2830 5187 2995 5222 mane
3030 5171 3179 5224 facto
3203 5171 3357 5224 venit
3380 5171 3448 5222 ad
3480 5181 3682 5235 regem.
3712 5163 3761 5211 et
3787 5170 3853 5209 re-

2259 5245 2406 5294 tecto
2437 5242 2800 5298 vestimento.
2836 5243 3076 5310 quantis
3106 5248 3261 5296 esset
3282 5234 3611 5310 verberibus
3665 5234 3850 5310 Ιθςθΐᾶ·

2258 5317 2376 5378 tus,
2411 5312 2460 5363 ei
2496 5309 2885 5375 ostendiLQui
2921 5313 3170 5367 multum
3205 5313 3471 5374 miratus,
3503 5315 3558 5365 et
3588 5309 3850 5383 inquit?"

2258 5375 2393 5452 quis
2425 5389 2586 5438 tanto
2613 5386 2734 5437 viro
2768 5385 2914 5438 tales
2947 5391 3101 5440 esset
3130 5401 3311 5440 ausus
3363 5383 3575 5454 plagas
3608 5375 3848 5454 inﬂigere;

2261 5439 2324 5507 ut
2382 5455 2604 5508 audivit
2658 5457 2797 5525 quia
2841 5474 3017 5512 causa
3065 5473 3183 5511 sua;
3235 5439 3849 5525 salu'tisuepispopusai’

2260 5525 2521 5596 apostolo
2555 5521 2767 5581 Christi
2810 5533 2973 5582 tanta
3035 5534 3190 5583 esset
3247 5521 3846 5596 tormentahplagﬁqlf‘,’

2259 5586 2489 5668 passus,
2536 5599 2808 5653 extimuit
2867 5601 3118 5656 multum
3177 5606 3351 5669 atque
3411 5586 3846 5669 anathematizato

2258 5653 2416 5724 omni
2449 5669 2791 5725 idololatriae
2826 5671 3004 5734 cultu,
3049 5653 3316 5727 abdicato
3347 5666 3623 5726 connubio
3656 5653 3845 5734 nonJe'

2257 5741 2484 5814 ggitimo,
2541 5744 2800 5814 suscepit
2850 5725 3024 5799 fidem
3063 5725 3842 5814 Christi,etbaptizatus,

2258 5810 2445 5868 clesias
2479 5816 2673 5884 rebus,
2707 5810 2994 5886 quantum
3033 5816 3234 5882 valuit,
3267 5817 3326 5871 in
3358 5810 3618 5872 omnibus
3670 5810 3840 5859 consu-
