  <div class='ocr_page' id='page_1' title='image "/cluster/home/n/w/nwhite01/storage/ocr_20150623/4/mdp.39015078384529/405.png"; bbox 0 0 4084 6370; ppageno 0'>
   <div class='ocr_carea' id='block_1_1' title="bbox 421 277 533 333">
    <p class='ocr_par' dir='ltr' id='par_1_1' title="bbox 421 277 533 333">
     <span class='ocr_line' id='line_1_1' title="bbox 421 277 533 333; baseline 0 0"><span class='ocrx_word' id='word_1_1' title='bbox 421 277 533 333; x_wconf 89' lang='lat'>787</span> 
     </span>
    </p>
   </div>
   <div class='ocr_carea' id='block_1_2' title="bbox 1675 268 2617 328">
    <p class='ocr_par' dir='ltr' id='par_1_2' title="bbox 1675 268 2617 328">
     <span class='ocr_line' id='line_1_2' title="bbox 1675 268 2617 328; baseline -0.006 0"><span class='ocrx_word' id='word_1_2' title='bbox 1675 277 1732 328; x_wconf 87' lang='lat' dir='ltr'>S.</span> <span class='ocrx_word' id='word_1_3' title='bbox 1776 271 2093 327; x_wconf 83' lang='lat' dir='ltr'>DIONYSII</span> <span class='ocrx_word' id='word_1_4' title='bbox 2132 268 2617 325; x_wconf 65' lang='lat' dir='ltr'>AREOPAGITJE</span> 
     </span>
    </p>
   </div>
   <div class='ocr_carea' id='block_1_3' title="bbox 3748 267 3863 323">
    <p class='ocr_par' dir='ltr' id='par_1_3' title="bbox 3748 267 3863 323">
     <span class='ocr_line' id='line_1_3' title="bbox 3748 267 3863 323; baseline 0.035 -4"><span class='ocrx_word' id='word_1_5' title='bbox 3748 267 3863 323; x_wconf 88' lang='lat'>788</span> 
     </span>
    </p>
   </div>
   <div class='ocr_carea' id='block_1_4' title="bbox 422 390 3870 469">
    <p class='ocr_par' dir='ltr' id='par_1_4' title="bbox 422 390 3870 469">
     <span class='ocr_line' id='line_1_4' title="bbox 422 390 3870 469; baseline -0.004 -11"><span class='ocrx_word' id='word_1_6' title='bbox 422 417 516 458; x_wconf 85' lang='lat' dir='ltr'>res</span> <span class='ocrx_word' id='word_1_7' title='bbox 543 398 830 456; x_wconf 87' lang='lat' dir='ltr'>maximas</span> <span class='ocrx_word' id='word_1_8' title='bbox 860 396 1238 469; x_wconf 84' lang='lat' dir='ltr'>explicandas</span> <span class='ocrx_word' id='word_1_9' title='bbox 1267 412 1415 452; x_wconf 89' lang='lat' dir='ltr'>usus</span> <span class='ocrx_word' id='word_1_10' title='bbox 1447 400 1555 465; x_wconf 89' lang='lat' dir='ltr'>est,</span> <span class='ocrx_word' id='word_1_11' title='bbox 1591 413 1705 452; x_wconf 92' lang='lat' dir='ltr'>non</span> <span class='ocrx_word' id='word_1_12' title='bbox 1758 397 2086 452; x_wconf 89' lang='lat' dir='ltr'>timuerunt</span> <span class='ocrx_word' id='word_1_13' title='bbox 2112 399 2166 467; x_wconf 84' lang='grc' dir='ltr'><strong>Α</strong></span> <span class='ocrx_word' id='word_1_14' title='bbox 2198 390 2487 469; x_wconf 67' lang='lat' dir='ltr'>permisit,</span> <span class='ocrx_word' id='word_1_15' title='bbox 2510 405 2588 469; x_wconf 85' lang='lat' dir='ltr'>ac</span> <span class='ocrx_word' id='word_1_16' title='bbox 2620 390 3096 469; x_wconf 73' lang='lat' dir='ltr'>ponderiscerti.</span> <span class='ocrx_word' id='word_1_17' title='bbox 3129 415 3156 443; x_wconf 87' lang='lat'>»</span> <span class='ocrx_word' id='word_1_18' title='bbox 3208 394 3419 469; x_wconf 69' lang='lat' dir='ltr'>Sextus</span> <span class='ocrx_word' id='word_1_19' title='bbox 3449 390 3737 469; x_wconf 71' lang='lat' dir='ltr'>Aurelius</span> <span class='ocrx_word' id='word_1_20' title='bbox 3761 392 3870 445; x_wconf 84' lang='lat' dir='ltr'>Vi-</span> 
     </span>
    </p>
   </div>
   <div class='ocr_carea' id='block_1_5' title="bbox 424 468 2083 546">
    <p class='ocr_par' dir='ltr' id='par_1_5' title="bbox 424 468 2083 546">
     <span class='ocr_line' id='line_1_5' title="bbox 424 468 2083 546; baseline -0.004 -18"><span class='ocrx_word' id='word_1_21' title='bbox 424 471 874 546; x_wconf 79' lang='lat' dir='ltr'>reprehendere,</span> <span class='ocrx_word' id='word_1_22' title='bbox 906 468 960 524; x_wconf 67' lang='lat' dir='ltr'>ei</span> <span class='ocrx_word' id='word_1_23' title='bbox 985 468 1211 546; x_wconf 80' lang='lat' dir='ltr'>stylum</span> <span class='ocrx_word' id='word_1_24' title='bbox 1243 471 1394 546; x_wconf 69' lang='lat' dir='ltr'>ejus,</span> <span class='ocrx_word' id='word_1_25' title='bbox 1427 470 1597 541; x_wconf 90' lang='lat' dir='ltr'>quasi</span> <span class='ocrx_word' id='word_1_26' title='bbox 1622 486 1656 525; x_wconf 91' lang='lat' dir='ltr'>a</span> <span class='ocrx_word' id='word_1_27' title='bbox 1680 469 1892 546; x_wconf 80' lang='lat' dir='ltr'>spiritu</span> <span class='ocrx_word' id='word_1_28' title='bbox 1946 484 2083 539; x_wconf 86' lang='lat' dir='ltr'>apo-</span> 
     </span>
    </p>
   </div>
   <div class='ocr_carea' id='block_1_6' title="bbox 425 541 2090 609">
    <p class='ocr_par' dir='ltr' id='par_1_6' title="bbox 425 541 2090 609">
     <span class='ocr_line' id='line_1_6' title="bbox 425 541 2090 609; baseline -0.005 -8"><span class='ocrx_word' id='word_1_29' title='bbox 425 541 630 602; x_wconf 81' lang='lat' dir='ltr'>stolico</span> <span class='ocrx_word' id='word_1_30' title='bbox 663 543 945 607; x_wconf 89' lang='lat' dir='ltr'>alienum,</span> <span class='ocrx_word' id='word_1_31' title='bbox 969 541 1268 597; x_wconf 88' lang='lat' dir='ltr'>denotare.</span> <span class='ocrx_word' id='word_1_32' title='bbox 1294 541 1363 595; x_wconf 89' lang='lat' dir='ltr'>Hi</span> <span class='ocrx_word' id='word_1_33' title='bbox 1396 551 1589 597; x_wconf 90' lang='lat' dir='ltr'>autem</span> <span class='ocrx_word' id='word_1_34' title='bbox 1616 541 1932 596; x_wconf 82' lang='lat' dir='ltr'>maximam</span> <span class='ocrx_word' id='word_1_35' title='bbox 1961 556 2090 609; x_wconf 89' lang='lat' dir='ltr'>par-</span> 
     </span>
    </p>
   </div>
   <div class='ocr_carea' id='block_1_7' title="bbox 424 612 2087 684">
    <p class='ocr_par' dir='ltr' id='par_1_7' title="bbox 424 612 2087 684">
     <span class='ocr_line' id='line_1_7' title="bbox 424 612 2087 684; baseline -0.004 -13"><span class='ocrx_word' id='word_1_36' title='bbox 424 623 543 673; x_wconf 88' lang='lat' dir='ltr'>tem</span> <span class='ocrx_word' id='word_1_37' title='bbox 573 621 717 671; x_wconf 91' lang='lat' dir='ltr'>sunt</span> <span class='ocrx_word' id='word_1_38' title='bbox 745 615 1024 684; x_wconf 74' lang='lat' dir='ltr'>haeretici,</span> <span class='ocrx_word' id='word_1_39' title='bbox 1058 630 1313 684; x_wconf 88' lang='lat' dir='ltr'>quorum</span> <span class='ocrx_word' id='word_1_40' title='bbox 1346 630 1529 669; x_wconf 89' lang='lat' dir='ltr'>unum</span> <span class='ocrx_word' id='word_1_41' title='bbox 1560 631 1629 668; x_wconf 89' lang='lat' dir='ltr'>ex</span> <span class='ocrx_word' id='word_1_42' title='bbox 1679 612 2087 684; x_wconf 78' lang='lat' dir='ltr'>antesignanis</span> 
     </span>
    </p>
   </div>
   <div class='ocr_carea' id='block_1_8' title="bbox 426 685 2086 759">
    <p class='ocr_par' dir='ltr' id='par_1_8' title="bbox 426 685 2086 759">
     <span class='ocr_line' id='line_1_8' title="bbox 426 685 2086 759; baseline -0.004 -15"><span class='ocrx_word' id='word_1_43' title='bbox 426 689 693 746; x_wconf 85' lang='lat' dir='ltr'>refutavi.</span> <span class='ocrx_word' id='word_1_44' title='bbox 715 686 1225 759; x_wconf 63' lang='lat' dir='ltr'>Yide,_si_placet,</span> <span class='ocrx_word' id='word_1_45' title='bbox 1260 685 1413 759; x_wconf 88' lang='lat' dir='ltr'>infra</span> <span class='ocrx_word' id='word_1_46' title='bbox 1443 685 1829 759; x_wconf 68' lang='lat' dir='ltr'>quaestionem</span> <span class='ocrx_word' id='word_1_47' title='bbox 1862 702 1924 752; x_wconf 82' lang='grc' dir='ltr'>ιι,</span> <span class='ocrx_word' id='word_1_48' title='bbox 1960 701 2086 756; x_wconf 77' lang='lat' dir='ltr'>quae</span> 
     </span>
    </p>
   </div>
   <div class='ocr_carea' id='block_1_9' title="bbox 430 757 1428 829">
    <p class='ocr_par' dir='ltr' id='par_1_9' title="bbox 430 757 1428 829">
     <span class='ocr_line' id='line_1_9' title="bbox 430 757 1428 829; baseline -0.007 -12"><span class='ocrx_word' id='word_1_49' title='bbox 430 765 550 817; x_wconf 90' lang='lat' dir='ltr'>tota</span> <span class='ocrx_word' id='word_1_50' title='bbox 579 764 669 814; x_wconf 91' lang='lat' dir='ltr'>est</span> <span class='ocrx_word' id='word_1_51' title='bbox 698 758 771 813; x_wconf 91' lang='lat' dir='ltr'>de</span> <span class='ocrx_word' id='word_1_52' title='bbox 797 757 1035 829; x_wconf 75' lang='lat' dir='ltr'>scriptis</span> <span class='ocrx_word' id='word_1_53' title='bbox 1060 758 1117 813; x_wconf 91' lang='lat' dir='ltr'>S.</span> <span class='ocrx_word' id='word_1_54' title='bbox 1147 757 1428 829; x_wconf 87' lang='lat' dir='ltr'>Dionysii.</span> 
     </span>
    </p>
   </div>
   <div class='ocr_carea' id='block_1_10' title="bbox 502 825 2088 901">
    <p class='ocr_par' dir='ltr' id='par_1_10' title="bbox 502 825 2088 901">
     <span class='ocr_line' id='line_1_10' title="bbox 502 825 2088 901; baseline -0.004 -14"><span class='ocrx_word' id='word_1_55' title='bbox 502 830 707 887; x_wconf 90' lang='lat' dir='ltr'>Merito</span> <span class='ocrx_word' id='word_1_56' title='bbox 758 845 899 885; x_wconf 88' lang='lat' dir='ltr'>sane</span> <span class='ocrx_word' id='word_1_57' title='bbox 919 825 1089 884; x_wconf 54' lang='lat' dir='ltr'>&#39;leves</span> <span class='ocrx_word' id='word_1_58' title='bbox 1140 825 1471 901; x_wconf 79' lang='lat' dir='ltr'>appellandi</span> <span class='ocrx_word' id='word_1_59' title='bbox 1520 832 1677 897; x_wconf 91' lang='lat' dir='ltr'>sunt,</span> <span class='ocrx_word' id='word_1_60' title='bbox 1713 828 1812 899; x_wconf 91' lang='lat' dir='ltr'>qui</span> <span class='ocrx_word' id='word_1_61' title='bbox 1863 825 2088 881; x_wconf 83' lang='lat' dir='ltr'>levibus</span> 
     </span>
    </p>
   </div>
   <div class='ocr_carea' id='block_1_11' title="bbox 429 902 2090 967">
    <p class='ocr_par' dir='ltr' id='par_1_11' title="bbox 429 902 2090 967">
     <span class='ocr_line' id='line_1_11' title="bbox 429 902 2090 967; baseline -0.004 -8"><span class='ocrx_word' id='word_1_62' title='bbox 429 904 501 959; x_wconf 88' lang='lat' dir='ltr'>de</span> <span class='ocrx_word' id='word_1_63' title='bbox 535 902 731 958; x_wconf 81' lang='lat' dir='ltr'>causis</span> <span class='ocrx_word' id='word_1_64' title='bbox 771 906 973 957; x_wconf 88' lang='lat' dir='ltr'>contra</span> <span class='ocrx_word' id='word_1_65' title='bbox 1004 906 1238 956; x_wconf 80' lang='lat' dir='ltr'>sanctus</span> <span class='ocrx_word' id='word_1_66' title='bbox 1262 902 1462 955; x_wconf 79' lang='lat' dir='ltr'>Patres</span> <span class='ocrx_word' id='word_1_67' title='bbox 1486 905 1935 967; x_wconf 87' lang='lat' dir='ltr'>moventur,aut</span> <span class='ocrx_word' id='word_1_68' title='bbox 1966 915 2090 953; x_wconf 89' lang='lat' dir='ltr'>mo-</span> 
     </span>
    </p>
   </div>
   <div class='ocr_carea' id='block_1_12' title="bbox 428 971 2093 1044">
    <p class='ocr_par' dir='ltr' id='par_1_12' title="bbox 428 971 2093 1044">
     <span class='ocr_line' id='line_1_12' title="bbox 428 971 2093 1044; baseline -0.004 -13"><span class='ocrx_word' id='word_1_69' title='bbox 428 976 549 1032; x_wconf 88' lang='lat' dir='ltr'>veri</span> <span class='ocrx_word' id='word_1_70' title='bbox 584 991 647 1029; x_wconf 88' lang='lat' dir='ltr'>se</span> <span class='ocrx_word' id='word_1_71' title='bbox 678 973 919 1042; x_wconf 87' lang='lat' dir='ltr'>sinunt;</span> <span class='ocrx_word' id='word_1_72' title='bbox 954 973 1223 1028; x_wconf 90' lang='lat' dir='ltr'>audaculi</span> <span class='ocrx_word' id='word_1_73' title='bbox 1251 975 1443 1036; x_wconf 91' lang='lat' dir='ltr'>etiam,</span> <span class='ocrx_word' id='word_1_74' title='bbox 1474 988 1544 1027; x_wconf 92' lang='lat' dir='ltr'>ne</span> <span class='ocrx_word' id='word_1_75' title='bbox 1575 972 1811 1044; x_wconf 76' lang='lat' dir='ltr'>gravius</span> <span class='ocrx_word' id='word_1_76' title='bbox 1834 971 1975 1044; x_wconf 91' lang='lat' dir='ltr'>quid</span> <span class='ocrx_word' id='word_1_77' title='bbox 2007 971 2093 1025; x_wconf 88' lang='lat' dir='ltr'>di-</span> 
     </span>
    </p>
   </div>
   <div class='ocr_carea' id='block_1_13' title="bbox 432 1044 2091 1115">
    <p class='ocr_par' dir='ltr' id='par_1_13' title="bbox 432 1044 2091 1115">
     <span class='ocr_line' id='line_1_13' title="bbox 432 1044 2091 1115; baseline -0.004 -12"><span class='ocrx_word' id='word_1_78' title='bbox 432 1051 624 1112; x_wconf 90' lang='lat' dir='ltr'>catur,</span> <span class='ocrx_word' id='word_1_79' title='bbox 667 1045 769 1115; x_wconf 86' lang='lat' dir='ltr'>qui</span> <span class='ocrx_word' id='word_1_80' title='bbox 821 1046 1103 1100; x_wconf 85' lang='lat' dir='ltr'>adversus</span> <span class='ocrx_word' id='word_1_81' title='bbox 1137 1047 1388 1115; x_wconf 84' lang='lat' dir='ltr'>majores</span> <span class='ocrx_word' id='word_1_82' title='bbox 1422 1060 1562 1099; x_wconf 89' lang='lat' dir='ltr'>suos</span> <span class='ocrx_word' id='word_1_83' title='bbox 1600 1044 1827 1115; x_wconf 89' lang='lat' dir='ltr'>judicia</span> <span class='ocrx_word' id='word_1_84' title='bbox 1876 1049 2091 1098; x_wconf 83' lang='lat' dir='ltr'>temere</span> 
     </span>
    </p>
   </div>
   <div class='ocr_carea' id='block_1_14' title="bbox 431 1116 2090 1189">
    <p class='ocr_par' dir='ltr' id='par_1_14' title="bbox 431 1116 2090 1189">
     <span class='ocr_line' id='line_1_14' title="bbox 431 1116 2090 1189; baseline -0.003 -15"><span class='ocrx_word' id='word_1_85' title='bbox 431 1118 750 1189; x_wconf 87' lang='lat' dir='ltr'>arripiunt,</span> <span class='ocrx_word' id='word_1_86' title='bbox 783 1133 1104 1189; x_wconf 85' lang='lat' dir='ltr'>eorumque</span> <span class='ocrx_word' id='word_1_87' title='bbox 1150 1118 1305 1189; x_wconf 87' lang='lat' dir='ltr'>dicta</span> <span class='ocrx_word' id='word_1_88' title='bbox 1352 1120 1408 1171; x_wconf 90' lang='lat' dir='ltr'>et</span> <span class='ocrx_word' id='word_1_89' title='bbox 1441 1117 1597 1189; x_wconf 88' lang='lat' dir='ltr'>facta</span> <span class='ocrx_word' id='word_1_90' title='bbox 1624 1116 2090 1187; x_wconf 86' lang='lat' dir='ltr'>imprudentium</span> 
     </span>
    </p>
   </div>
   <div class='ocr_carea' id='block_1_15' title="bbox 436 1187 2090 1246">
    <p class='ocr_par' dir='ltr' id='par_1_15' title="bbox 436 1187 2090 1246">
     <span class='ocr_line' id='line_1_15' title="bbox 436 1187 2090 1246; baseline -0.003 0"><span class='ocrx_word' id='word_1_91' title='bbox 436 1187 599 1246; x_wconf 79' lang='lat' dir='ltr'>more</span> <span class='ocrx_word' id='word_1_92' title='bbox 629 1205 845 1244; x_wconf 89' lang='lat' dir='ltr'>canum</span> <span class='ocrx_word' id='word_1_93' title='bbox 879 1187 1175 1244; x_wconf 87' lang='lat' dir='ltr'>allatrant.</span> <span class='ocrx_word' id='word_1_94' title='bbox 1211 1188 1356 1242; x_wconf 86' lang='lat' dir='ltr'>Hinc</span> <span class='ocrx_word' id='word_1_95' title='bbox 1378 1192 1533 1242; x_wconf 85' lang='lat' dir='ltr'>recte</span> <span class='ocrx_word' id='word_1_96' title='bbox 1565 1188 1909 1243; x_wconf 88' lang='lat' dir='ltr'>Franciscus</span> <span class='ocrx_word' id='word_1_97' title='bbox 1950 1190 2090 1243; x_wconf 83' lang='lat' dir='ltr'>Sua-</span> 
     </span>
    </p>
   </div>
   <div class='ocr_carea' id='block_1_16' title="bbox 435 1258 2094 1332">
    <p class='ocr_par' dir='ltr' id='par_1_16' title="bbox 435 1258 2094 1332">
     <span class='ocr_line' id='line_1_16' title="bbox 435 1258 2094 1332; baseline -0.003 -14"><span class='ocrx_word' id='word_1_98' title='bbox 435 1279 551 1329; x_wconf 89' lang='lat' dir='ltr'>res,</span> <span class='ocrx_word' id='word_1_99' title='bbox 586 1276 868 1332; x_wconf 84' lang='lat' dir='ltr'>magnum</span> <span class='ocrx_word' id='word_1_100' title='bbox 899 1277 1079 1315; x_wconf 73' lang='lat' dir='ltr'>sacrze</span> <span class='ocrx_word' id='word_1_101' title='bbox 1110 1258 1415 1331; x_wconf 65' lang='lat' dir='ltr'>theologia</span> <span class='ocrx_word' id='word_1_102' title='bbox 1447 1259 1739 1332; x_wconf 85' lang='lat' dir='ltr'>columen,</span> <span class='ocrx_word' id='word_1_103' title='bbox 1768 1267 1824 1315; x_wconf 90' lang='lat' dir='ltr'>et</span> <span class='ocrx_word' id='word_1_104' title='bbox 1865 1260 1954 1314; x_wconf 86' lang='lat' dir='ltr'>sui</span> <span class='ocrx_word' id='word_1_105' title='bbox 1989 1276 2094 1314; x_wconf 66' lang='lat' dir='ltr'>sm-</span> 
     </span>
    </p>
   </div>
   <div class='ocr_carea' id='block_1_17' title="bbox 438 1330 2094 1402">
    <p class='ocr_par' dir='ltr' id='par_1_17' title="bbox 438 1330 2094 1402">
     <span class='ocr_line' id='line_1_17' title="bbox 438 1330 2094 1402; baseline -0.002 -13"><span class='ocrx_word' id='word_1_106' title='bbox 438 1333 556 1390; x_wconf 89' lang='lat' dir='ltr'>culi</span> <span class='ocrx_word' id='word_1_107' title='bbox 589 1330 789 1387; x_wconf 83' lang='lat' dir='ltr'>rerum</span> <span class='ocrx_word' id='word_1_108' title='bbox 821 1332 1022 1402; x_wconf 87' lang='lat' dir='ltr'>decus,</span> <span class='ocrx_word' id='word_1_109' title='bbox 1050 1336 1205 1386; x_wconf 85' lang='lat' dir='ltr'>recte</span> <span class='ocrx_word' id='word_1_110' title='bbox 1254 1330 1485 1386; x_wconf 82' lang='lat' dir='ltr'>menuit</span> <span class='ocrx_word' id='word_1_111' title='bbox 1533 1330 1591 1385; x_wconf 90' lang='lat' dir='ltr'>in</span> <span class='ocrx_word' id='word_1_112' title='bbox 1624 1348 1729 1386; x_wconf 91' lang='lat' dir='ltr'>suo</span> <span class='ocrx_word' id='word_1_113' title='bbox 1761 1333 1832 1387; x_wconf 90' lang='lat' dir='ltr'>ad</span> <span class='ocrx_word' id='word_1_114' title='bbox 1882 1334 2094 1387; x_wconf 88' lang='lat' dir='ltr'>librum</span> 
     </span>
    </p>
   </div>
   <div class='ocr_carea' id='block_1_18' title="bbox 440 1402 2097 1477">
    <p class='ocr_par' dir='ltr' id='par_1_18' title="bbox 440 1402 2097 1477">
     <span class='ocr_line' id='line_1_18' title="bbox 440 1402 2097 1477; baseline -0.003 -15"><span class='ocrx_word' id='word_1_115' title='bbox 440 1411 523 1462; x_wconf 85' lang='lat' dir='ltr'>De</span> <span class='ocrx_word' id='word_1_116' title='bbox 543 1404 768 1477; x_wconf 87' lang='lat' dir='ltr'>angelis</span> <span class='ocrx_word' id='word_1_117' title='bbox 794 1402 1102 1477; x_wconf 79' lang='lat' dir='ltr'>procemio,</span> <span class='ocrx_word' id='word_1_118' title='bbox 1157 1404 1468 1477; x_wconf 80' lang='lat' dir='ltr'>vitandam</span> <span class='ocrx_word' id='word_1_119' title='bbox 1504 1420 1631 1477; x_wconf 87' lang='lat' dir='ltr'>esse</span> <span class='ocrx_word' id='word_1_120' title='bbox 1662 1420 1864 1459; x_wconf 90' lang='lat' dir='ltr'>eorum</span> <span class='ocrx_word' id='word_1_121' title='bbox 1922 1404 2097 1458; x_wconf 87' lang='lat' dir='ltr'>auda-</span> 
     </span>
    </p>
   </div>
   <div class='ocr_carea' id='block_1_19' title="bbox 439 1474 2098 1548">
    <p class='ocr_par' dir='ltr' id='par_1_19' title="bbox 439 1474 2098 1548">
     <span class='ocr_line' id='line_1_19' title="bbox 439 1474 2098 1548; baseline -0.002 -15"><span class='ocrx_word' id='word_1_122' title='bbox 439 1474 757 1548; x_wconf 55' lang='lat' dir='ltr'>ciam,&#39;qui</span> <span class='ocrx_word' id='word_1_123' title='bbox 789 1475 939 1548; x_wconf 84' lang='lat' dir='ltr'>libro</span> <span class='ocrx_word' id='word_1_124' title='bbox 962 1474 1242 1548; x_wconf 81' lang='lat' dir='ltr'>Dionysii,</span> <span class='ocrx_word' id='word_1_125' title='bbox 1276 1491 1424 1548; x_wconf 88' lang='lat' dir='ltr'>quos</span> <span class='ocrx_word' id='word_1_126' title='bbox 1456 1474 1764 1545; x_wconf 87' lang='lat' dir='ltr'>habemus,</span> <span class='ocrx_word' id='word_1_127' title='bbox 1808 1478 2098 1547; x_wconf 88' lang='lat' dir='ltr'>negarunt</span> 
     </span>
    </p>
   </div>
   <div class='ocr_carea' id='block_1_20' title="bbox 440 1546 1527 1619">
    <p class='ocr_par' dir='ltr' id='par_1_20' title="bbox 440 1546 1527 1619">
     <span class='ocr_line' id='line_1_20' title="bbox 440 1546 1527 1619; baseline -0.005 -13"><span class='ocrx_word' id='word_1_128' title='bbox 440 1565 579 1606; x_wconf 90' lang='lat' dir='ltr'>esse</span> <span class='ocrx_word' id='word_1_129' title='bbox 610 1546 869 1619; x_wconf 82' lang='lat' dir='ltr'>Dionysii</span> <span class='ocrx_word' id='word_1_130' title='bbox 895 1547 1257 1618; x_wconf 82' lang='lat' dir='ltr'>Areopagitae</span> <span class='ocrx_word' id='word_1_131' title='bbox 1290 1546 1527 1619; x_wconf 85' lang='lat' dir='ltr'>scripta.</span> 
     </span>
    </p>
   </div>
   <div class='ocr_carea' id='block_1_21' title="bbox 514 1617 2095 1692">
    <p class='ocr_par' dir='ltr' id='par_1_21' title="bbox 514 1617 2095 1692">
     <span class='ocr_line' id='line_1_21' title="bbox 514 1617 2095 1692; baseline 0 -20"><span class='ocrx_word' id='word_1_132' title='bbox 514 1620 630 1691; x_wconf 86' lang='lat'>(22)</span> <span class='ocrx_word' id='word_1_133' title='bbox 673 1617 855 1691; x_wconf 62' lang='lat' dir='ltr'>NeQue</span> <span class='ocrx_word' id='word_1_134' title='bbox 883 1620 1033 1692; x_wconf 83' lang='lat' dir='ltr'>enim</span> <span class='ocrx_word' id='word_1_135' title='bbox 1053 1617 1189 1674; x_wconf 76' lang='lat' dir='ltr'>ante</span> <span class='ocrx_word' id='word_1_136' title='bbox 1218 1618 1289 1673; x_wconf 83' lang='lat' dir='ltr'>ad</span> <span class='ocrx_word' id='word_1_137' title='bbox 1316 1617 1665 1692; x_wconf 79' lang='lat' dir='ltr'>scribendum</span> <span class='ocrx_word' id='word_1_138' title='bbox 1701 1617 1954 1692; x_wconf 81' lang='lat' dir='ltr'>aggredi,</span> <span class='ocrx_word' id='word_1_139' title='bbox 1986 1624 2095 1692; x_wconf 86' lang='lat' dir='ltr'>etc,</span> 
     </span>
    </p>
   </div>
   <div class='ocr_carea' id='block_1_22' title="bbox 439 1691 2098 1761">
    <p class='ocr_par' dir='ltr' id='par_1_22' title="bbox 439 1691 2098 1761">
     <span class='ocr_line' id='line_1_22' title="bbox 439 1691 2098 1761; baseline -0.001 -15"><span class='ocrx_word' id='word_1_140' title='bbox 439 1695 587 1748; x_wconf 69' lang='lat' dir='ltr'>Haec</span> <span class='ocrx_word' id='word_1_141' title='bbox 628 1691 860 1747; x_wconf 90' lang='lat' dir='ltr'>abunde</span> <span class='ocrx_word' id='word_1_142' title='bbox 890 1691 1315 1746; x_wconf 86' lang='lat' dir='ltr'>conﬁrmantur</span> <span class='ocrx_word' id='word_1_143' title='bbox 1368 1707 1438 1745; x_wconf 86' lang='lat' dir='ltr'>ex</span> <span class='ocrx_word' id='word_1_144' title='bbox 1466 1691 1653 1761; x_wconf 87' lang='lat' dir='ltr'>capite</span> <span class='ocrx_word' id='word_1_145' title='bbox 1693 1696 1833 1759; x_wconf 90' lang='lat' dir='ltr'>toto,</span> <span class='ocrx_word' id='word_1_146' title='bbox 1868 1692 1939 1745; x_wconf 93' lang='lat' dir='ltr'>de</span> <span class='ocrx_word' id='word_1_147' title='bbox 1970 1691 2098 1760; x_wconf 86' lang='lat' dir='ltr'>ejus</span> 
     </span>
    </p>
   </div>
   <div class='ocr_carea' id='block_1_23' title="bbox 439 1762 2180 1845">
    <p class='ocr_par' dir='ltr' id='par_1_23' title="bbox 439 1762 2180 1845">
     <span class='ocr_line' id='line_1_23' title="bbox 439 1762 2180 1845; baseline -0.001 -26"><span class='ocrx_word' id='word_1_148' title='bbox 439 1764 500 1845; x_wconf 75' lang='lat' dir='ltr'>in</span> <span class='ocrx_word' id='word_1_149' title='bbox 543 1764 778 1845; x_wconf 77' lang='lat' dir='ltr'>scriptis</span> <span class='ocrx_word' id='word_1_150' title='bbox 810 1764 1042 1845; x_wconf 85' lang='lat' dir='ltr'>pietate,</span> <span class='ocrx_word' id='word_1_151' title='bbox 1078 1762 1348 1834; x_wconf 88' lang='lat' dir='ltr'>superius</span> <span class='ocrx_word' id='word_1_152' title='bbox 1379 1762 1586 1845; x_wconf 72' lang='lat' dir='ltr'>posito,</span> <span class='ocrx_word' id='word_1_153' title='bbox 1621 1762 1718 1816; x_wconf 91' lang='lat' dir='ltr'>ubi</span> <span class='ocrx_word' id='word_1_154' title='bbox 1751 1767 1809 1817; x_wconf 89' lang='lat' dir='ltr'>et</span> <span class='ocrx_word' id='word_1_155' title='bbox 1838 1762 2101 1845; x_wconf 76' lang='lat' dir='ltr'>illustres</span> <span class='ocrx_word' id='word_1_156' title='bbox 2134 1781 2180 1845; x_wconf 82' lang='grc' dir='ltr'><strong>Β</strong></span> 
     </span>
    </p>
   </div>
   <div class='ocr_carea' id='block_1_24' title="bbox 441 1834 2102 1907">
    <p class='ocr_par' dir='ltr' id='par_1_24' title="bbox 441 1834 2102 1907">
     <span class='ocr_line' id='line_1_24' title="bbox 441 1834 2102 1907; baseline 0 -17"><span class='ocrx_word' id='word_1_157' title='bbox 441 1834 764 1907; x_wconf 56' lang='grc' dir='ltr'>ἱρεὶιιδζάβ</span> <span class='ocrx_word' id='word_1_158' title='bbox 794 1835 844 1890; x_wconf 95' lang='lat' dir='ltr'>vi</span> <span class='ocrx_word' id='word_1_159' title='bbox 879 1844 1238 1907; x_wconf 26' lang='lat' dir='ltr'>sanctarum“</span> <span class='ocrx_word' id='word_1_160' title='bbox 1267 1834 1692 1907; x_wconf 80' lang='lat' dir='ltr'>precationum,</span> <span class='ocrx_word' id='word_1_161' title='bbox 1743 1836 1970 1907; x_wconf 35' lang='lat' dir='ltr'>noshad</span> <span class='ocrx_word' id='word_1_162' title='bbox 2001 1852 2102 1890; x_wconf 90' lang='lat' dir='ltr'>su-</span> 
     </span>
    </p>
   </div>
   <div class='ocr_carea' id='block_1_25' title="bbox 450 1904 2104 1979">
    <p class='ocr_par' dir='ltr' id='par_1_25' title="bbox 450 1904 2104 1979">
     <span class='ocr_line' id='line_1_25' title="bbox 450 1904 2104 1979; baseline 0.001 -17"><span class='ocrx_word' id='word_1_163' title='bbox 450 1904 1019 1979; x_wconf 38' lang='lat' dir='ltr'>p—erna&#39;tollentium,</span> <span class='ocrx_word' id='word_1_164' title='bbox 1064 1904 1489 1961; x_wconf 90' lang='lat' dir='ltr'>similitudinns</span> <span class='ocrx_word' id='word_1_165' title='bbox 1523 1907 1790 1977; x_wconf 89' lang='lat' dir='ltr'>apposui.</span> <span class='ocrx_word' id='word_1_166' title='bbox 1824 1905 1968 1962; x_wconf 88' lang='lat' dir='ltr'>Vide</span> <span class='ocrx_word' id='word_1_167' title='bbox 2011 1925 2104 1962; x_wconf 83' lang='lat' dir='ltr'>ra-</span> 
     </span>
    </p>
   </div>
   <div class='ocr_carea' id='block_1_26' title="bbox 450 1978 1059 2050">
    <p class='ocr_par' dir='ltr' id='par_1_26' title="bbox 450 1978 1059 2050">
     <span class='ocr_line' id='line_1_26' title="bbox 450 1978 1059 2050; baseline -0.007 -15"><span class='ocrx_word' id='word_1_168' title='bbox 450 1978 561 2050; x_wconf 87' lang='lat' dir='ltr'>put</span> <span class='ocrx_word' id='word_1_169' title='bbox 586 1979 659 2031; x_wconf 92' lang='lat'>22</span> <span class='ocrx_word' id='word_1_170' title='bbox 682 1978 829 2032; x_wconf 62' lang='lat' dir='ltr'>Vita:</span> <span class='ocrx_word' id='word_1_171' title='bbox 851 1978 1059 2049; x_wconf 89' lang='lat' dir='ltr'>ipsius.</span> 
     </span>
    </p>
   </div>
   <div class='ocr_carea' id='block_1_27' title="bbox 523 2046 2108 2122">
    <p class='ocr_par' dir='ltr' id='par_1_27' title="bbox 523 2046 2108 2122">
     <span class='ocr_line' id='line_1_27' title="bbox 523 2046 2108 2122; baseline 0 -18"><span class='ocrx_word' id='word_1_172' title='bbox 523 2050 825 2122; x_wconf 53' lang='lat'>476(23)</span> <span class='ocrx_word' id='word_1_173' title='bbox 848 2046 1077 2122; x_wconf 73' lang='lat' dir='ltr'>Quippe</span> <span class='ocrx_word' id='word_1_174' title='bbox 1114 2048 1216 2122; x_wconf 73' lang='lat' dir='ltr'>qui</span> <span class='ocrx_word' id='word_1_175' title='bbox 1230 2051 1280 2103; x_wconf 94' lang='lat' dir='ltr'>et</span> <span class='ocrx_word' id='word_1_176' title='bbox 1331 2046 1583 2122; x_wconf 84' lang='lat' dir='ltr'>omnibus</span> <span class='ocrx_word' id='word_1_177' title='bbox 1636 2047 1734 2104; x_wconf 85' lang='lat' dir='ltr'>hoc</span> <span class='ocrx_word' id='word_1_178' title='bbox 1787 2049 2108 2122; x_wconf 84' lang='lat' dir='ltr'>faciendum</span> 
     </span>
    </p>
   </div>
   <div class='ocr_carea' id='block_1_28' title="bbox 456 2119 2106 2203">
    <p class='ocr_par' dir='ltr' id='par_1_28' title="bbox 456 2119 2106 2203">
     <span class='ocr_line' id='line_1_28' title="bbox 456 2119 2106 2203; baseline 0.001 -28"><span class='ocrx_word' id='word_1_179' title='bbox 456 2120 813 2203; x_wconf 59' lang='lat' dir='ltr'>praesulibus.</span> <span class='ocrx_word' id='word_1_180' title='bbox 847 2119 1360 2203; x_wconf 31' lang='lat' dir='ltr'>Hanc’doctrinam</span> <span class='ocrx_word' id='word_1_181' title='bbox 1395 2121 1683 2203; x_wconf 50' lang='lat' dir='ltr'>egregie}</span> <span class='ocrx_word' id='word_1_182' title='bbox 1721 2119 1931 2203; x_wconf 80' lang='lat' dir='ltr'>sancto</span> <span class='ocrx_word' id='word_1_183' title='bbox 1976 2122 2106 2203; x_wconf 73' lang='lat' dir='ltr'>Dio-</span> 
     </span>
    </p>
   </div>
   <div class='ocr_carea' id='block_1_29' title="bbox 460 2190 2107 2264">
    <p class='ocr_par' dir='ltr' id='par_1_29' title="bbox 460 2190 2107 2264">
     <span class='ocr_line' id='line_1_29' title="bbox 460 2190 2107 2264; baseline 0.001 -17"><span class='ocrx_word' id='word_1_184' title='bbox 460 2190 626 2264; x_wconf 88' lang='lat' dir='ltr'>nysio</span> <span class='ocrx_word' id='word_1_185' title='bbox 660 2196 961 2264; x_wconf 88' lang='lat' dir='ltr'>tractatam</span> <span class='ocrx_word' id='word_1_186' title='bbox 1020 2192 1273 2263; x_wconf 87' lang='lat' dir='ltr'>reperies</span> <span class='ocrx_word' id='word_1_187' title='bbox 1331 2192 1391 2246; x_wconf 93' lang='lat' dir='ltr'>in</span> <span class='ocrx_word' id='word_1_188' title='bbox 1422 2190 1568 2264; x_wconf 86' lang='lat' dir='ltr'>libro</span> <span class='ocrx_word' id='word_1_189' title='bbox 1616 2193 1689 2248; x_wconf 90' lang='lat' dir='ltr'>De</span> <span class='ocrx_word' id='word_1_190' title='bbox 1738 2194 2107 2250; x_wconf 83' lang='lat' dir='ltr'>ecclesiastica</span> 
     </span>
    </p>
   </div>
   <div class='ocr_carea' id='block_1_30' title="bbox 459 2262 2109 2389">
    <p class='ocr_par' dir='ltr' id='par_1_30' title="bbox 459 2262 2109 2389">
     <span class='ocr_line' id='line_1_30' title="bbox 459 2262 2109 2345; baseline 0.001 -25"><span class='ocrx_word' id='word_1_191' title='bbox 459 2262 799 2345; x_wconf 32' lang='lat' dir='ltr'>hierarochia,</span> <span class='ocrx_word' id='word_1_192' title='bbox 832 2282 960 2338; x_wconf 90' lang='lat' dir='ltr'>cap.</span> <span class='ocrx_word' id='word_1_193' title='bbox 990 2266 1046 2331; x_wconf 88' lang='lat'>5,</span> <span class='ocrx_word' id='word_1_194' title='bbox 1076 2262 1132 2320; x_wconf 82' lang='lat' dir='ltr'>et</span> <span class='ocrx_word' id='word_1_195' title='bbox 1161 2281 1194 2319; x_wconf 87' lang='lat' dir='ltr'>a</span> <span class='ocrx_word' id='word_1_196' title='bbox 1243 2264 1413 2319; x_wconf 89' lang='lat' dir='ltr'>nobis</span> <span class='ocrx_word' id='word_1_197' title='bbox 1460 2262 1598 2319; x_wconf 89' lang='lat' dir='ltr'>alibi</span> <span class='ocrx_word' id='word_1_198' title='bbox 1628 2264 1827 2321; x_wconf 86' lang='lat' dir='ltr'>Latine</span> <span class='ocrx_word' id='word_1_199' title='bbox 1866 2270 1923 2323; x_wconf 88' lang='lat' dir='ltr'>et</span> <span class='ocrx_word' id='word_1_200' title='bbox 1955 2266 2109 2322; x_wconf 89' lang='lat' dir='ltr'>clare</span> 
     </span>
     <span class='ocr_line' id='line_1_31' title="bbox 459 2340 810 2389; baseline 0 0"><span class='ocrx_word' id='word_1_201' title='bbox 459 2340 810 2389; x_wconf 73' lang='lat' dir='ltr'>exnosnam.</span> 
     </span>
    </p>
   </div>
   <div class='ocr_carea' id='block_1_31' title="bbox 459 2351 810 2392">
    <p class='ocr_par' dir='ltr' id='par_1_31' title="bbox 459 2351 810 2392">
     <span class='ocr_line' id='line_1_32' title="bbox 459 2351 810 2392; baseline -0.006 0"><span class='ocrx_word' id='word_1_202' title='bbox 459 2351 810 2392; x_wconf 77' lang='lat' dir='ltr'>exnosnam.</span> 
     </span>
    </p>
   </div>
   <div class='ocr_carea' id='block_1_32' title="bbox 528 2352 2109 2477">
    <p class='ocr_par' dir='ltr' id='par_1_32' title="bbox 528 2352 2109 2477">
     <span class='ocr_line' id='line_1_33' title="bbox 528 2352 2109 2477; baseline 0.001 -15"><span class='ocrx_word' id='word_1_203' title='bbox 528 2352 897 2477; x_wconf 43' lang='lat' dir='ltr'>éisgglmbui</span> <span class='ocrx_word' id='word_1_204' title='bbox 922 2408 1229 2476; x_wconf 74' lang='lat' dir='ltr'>imperante</span> <span class='ocrx_word' id='word_1_205' title='bbox 1255 2406 1568 2462; x_wconf 81' lang='lat' dir='ltr'>Domitiano</span> <span class='ocrx_word' id='word_1_206' title='bbox 1615 2408 1919 2464; x_wconf 66' lang='lat' dir='ltr'>saevissimi</span> <span class='ocrx_word' id='word_1_207' title='bbox 1942 2410 2109 2463; x_wconf 76' lang='lat' dir='ltr'>exsti-</span> 
     </span>
    </p>
   </div>
   <div class='ocr_carea' id='block_1_33' title="bbox 456 2479 2107 2552">
    <p class='ocr_par' dir='ltr' id='par_1_33' title="bbox 456 2479 2107 2552">
     <span class='ocr_line' id='line_1_34' title="bbox 456 2479 2107 2552; baseline 0.001 -19"><span class='ocrx_word' id='word_1_208' title='bbox 456 2486 660 2552; x_wconf 78' lang='lat' dir='ltr'>terunt.</span> <span class='ocrx_word' id='word_1_209' title='bbox 689 2483 765 2552; x_wconf 81' lang='lat' dir='ltr'>De</span> <span class='ocrx_word' id='word_1_210' title='bbox 778 2479 1155 2552; x_wconf 85' lang='lat' dir='ltr'>acerbissima</span> <span class='ocrx_word' id='word_1_211' title='bbox 1178 2479 1492 2552; x_wconf 89' lang='lat' dir='ltr'>Domitiani</span> <span class='ocrx_word' id='word_1_212' title='bbox 1518 2482 1918 2552; x_wconf 79' lang='lat' dir='ltr'>persecutione</span> <span class='ocrx_word' id='word_1_213' title='bbox 1944 2480 2107 2552; x_wconf 87' lang='lat' dir='ltr'>attigi</span> 
     </span>
    </p>
   </div>
   <div class='ocr_carea' id='block_1_34' title="bbox 458 2550 2108 2624">
    <p class='ocr_par' dir='ltr' id='par_1_34' title="bbox 458 2550 2108 2624">
     <span class='ocr_line' id='line_1_35' title="bbox 458 2550 2108 2624; baseline 0.001 -19"><span class='ocrx_word' id='word_1_214' title='bbox 458 2551 558 2624; x_wconf 68' lang='lat' dir='ltr'>ubi</span> <span class='ocrx_word' id='word_1_215' title='bbox 590 2550 801 2624; x_wconf 77' lang='lat' dir='ltr'>scripsi</span> <span class='ocrx_word' id='word_1_216' title='bbox 834 2552 907 2624; x_wconf 80' lang='lat' dir='ltr'>de</span> <span class='ocrx_word' id='word_1_217' title='bbox 937 2551 1193 2622; x_wconf 84' lang='lat' dir='ltr'>imagine</span> <span class='ocrx_word' id='word_1_218' title='bbox 1224 2551 1394 2623; x_wconf 87' lang='lat' dir='ltr'>primi</span> <span class='ocrx_word' id='word_1_219' title='bbox 1416 2551 1631 2608; x_wconf 66' lang='lat' dir='ltr'>saeculi.</span> <span class='ocrx_word' id='word_1_220' title='bbox 1656 2551 1798 2624; x_wconf 80' lang='lat' dir='ltr'>Vide</span> <span class='ocrx_word' id='word_1_221' title='bbox 1832 2550 2108 2624; x_wconf 66' lang='lat' dir='ltr'>praeterea</span> 
     </span>
    </p>
   </div>
   <div class='ocr_carea' id='block_1_35' title="bbox 452 2621 2104 2694">
    <p class='ocr_par' dir='ltr' id='par_1_35' title="bbox 452 2621 2104 2694">
     <span class='ocr_line' id='line_1_36' title="bbox 452 2621 2104 2694; baseline 0 -15"><span class='ocrx_word' id='word_1_222' title='bbox 452 2621 774 2679; x_wconf 84' lang='lat' dir='ltr'>Eusebium</span> <span class='ocrx_word' id='word_1_223' title='bbox 831 2622 978 2678; x_wconf 91' lang='lat' dir='ltr'>libro</span> <span class='ocrx_word' id='word_1_224' title='bbox 1010 2621 1085 2677; x_wconf 71' lang='lat' dir='ltr'>11f</span> <span class='ocrx_word' id='word_1_225' title='bbox 1105 2621 1238 2678; x_wconf 81' lang='lat' dir='ltr'>Hist</span> <span class='ocrx_word' id='word_1_226' title='bbox 1264 2623 1598 2694; x_wconf 10' lang='lat' dir='ltr'>ecclnrcap.</span> <span class='ocrx_word' id='word_1_227' title='bbox 1651 2623 1738 2693; x_wconf 76' lang='grc'>43,</span> <span class='ocrx_word' id='word_1_228' title='bbox 1793 2621 1858 2679; x_wconf 69' lang='grc'>14</span> <span class='ocrx_word' id='word_1_229' title='bbox 1905 2630 1961 2679; x_wconf 93' lang='lat' dir='ltr'>et</span> <span class='ocrx_word' id='word_1_230' title='bbox 2020 2625 2104 2691; x_wconf 82' lang='grc'>15,</span> 
     </span>
    </p>
   </div>
   <div class='ocr_carea' id='block_1_36' title="bbox 450 2693 2108 2765">
    <p class='ocr_par' dir='ltr' id='par_1_36' title="bbox 450 2693 2108 2765">
     <span class='ocr_line' id='line_1_37' title="bbox 450 2693 2108 2765; baseline 0.001 -17"><span class='ocrx_word' id='word_1_231' title='bbox 450 2698 508 2748; x_wconf 88' lang='lat' dir='ltr'>et</span> <span class='ocrx_word' id='word_1_232' title='bbox 554 2694 983 2750; x_wconf 87' lang='lat' dir='ltr'>Tertullianum</span> <span class='ocrx_word' id='word_1_233' title='bbox 1042 2695 1101 2749; x_wconf 89' lang='lat' dir='ltr'>in</span> <span class='ocrx_word' id='word_1_234' title='bbox 1159 2693 1553 2764; x_wconf 26' lang='lat' dir='ltr'>Apologetico,’</span> <span class='ocrx_word' id='word_1_235' title='bbox 1602 2711 1729 2765; x_wconf 87' lang='lat' dir='ltr'>cap.</span> <span class='ocrx_word' id='word_1_236' title='bbox 1784 2697 1838 2751; x_wconf 83' lang='lat'>5.</span> <span class='ocrx_word' id='word_1_237' title='bbox 1897 2703 1976 2751; x_wconf 92' lang='lat' dir='ltr'>De</span> <span class='ocrx_word' id='word_1_238' title='bbox 2034 2696 2108 2749; x_wconf 92' lang='lat' dir='ltr'>il-</span> 
     </span>
    </p>
   </div>
   <div class='ocr_carea' id='block_1_37' title="bbox 452 2764 2104 2838">
    <p class='ocr_par' dir='ltr' id='par_1_37' title="bbox 452 2764 2104 2838">
     <span class='ocr_line' id='line_1_38' title="bbox 452 2764 2104 2838; baseline 0.001 -18"><span class='ocrx_word' id='word_1_239' title='bbox 452 2764 569 2821; x_wconf 89' lang='lat' dir='ltr'>lius</span> <span class='ocrx_word' id='word_1_240' title='bbox 600 2766 949 2838; x_wconf 86' lang='lat' dir='ltr'>crudelitate</span> <span class='ocrx_word' id='word_1_241' title='bbox 997 2766 1352 2821; x_wconf 87' lang='lat' dir='ltr'>Suetonius:</span> <span class='ocrx_word' id='word_1_242' title='bbox 1417 2788 1443 2814; x_wconf 85' lang='grc'>‹‹</span> <span class='ocrx_word' id='word_1_243' title='bbox 1469 2767 1601 2838; x_wconf 84' lang='lat' dir='ltr'>Erat</span> <span class='ocrx_word' id='word_1_244' title='bbox 1640 2764 1859 2833; x_wconf 84' lang='lat' dir='ltr'>autem,</span> <span class='ocrx_word' id='word_1_245' title='bbox 1895 2769 2104 2838; x_wconf 83' lang='lat' dir='ltr'>inquit,</span> 
     </span>
    </p>
   </div>
   <div class='ocr_carea' id='block_1_38' title="bbox 454 2837 2106 2910">
    <p class='ocr_par' dir='ltr' id='par_1_38' title="bbox 454 2837 2106 2910">
     <span class='ocr_line' id='line_1_39' title="bbox 454 2837 2106 2910; baseline 0.001 -18"><span class='ocrx_word' id='word_1_246' title='bbox 454 2837 795 2910; x_wconf 10' lang='lat' dir='ltr'>nonisolum</span> <span class='ocrx_word' id='word_1_247' title='bbox 847 2854 1097 2909; x_wconf 76' lang='lat' dir='ltr'>magnae,</span> <span class='ocrx_word' id='word_1_248' title='bbox 1150 2838 1249 2891; x_wconf 90' lang='lat' dir='ltr'>sed</span> <span class='ocrx_word' id='word_1_249' title='bbox 1295 2843 1349 2891; x_wconf 91' lang='lat' dir='ltr'>et</span> <span class='ocrx_word' id='word_1_250' title='bbox 1399 2837 1620 2891; x_wconf 59' lang='lat' dir='ltr'>callidas</span> <span class='ocrx_word' id='word_1_251' title='bbox 1677 2837 2106 2910; x_wconf 75' lang='lat' dir='ltr'>inopinataeque</span> 
     </span>
    </p>
   </div>
   <div class='ocr_carea' id='block_1_39' title="bbox 459 2909 716 2964">
    <p class='ocr_par' dir='ltr' id='par_1_39' title="bbox 459 2909 716 2964">
     <span class='ocr_line' id='line_1_40' title="bbox 459 2909 716 2964; baseline -0.004 0"><span class='ocrx_word' id='word_1_252' title='bbox 459 2909 716 2964; x_wconf 60' lang='lat' dir='ltr'>saevitiae.</span> 
     </span>
    </p>
   </div>
   <div class='ocr_carea' id='block_1_40' title="bbox 527 2979 2106 3105">
    <p class='ocr_par' dir='ltr' id='par_1_40' title="bbox 527 2979 2106 3105">
     <span class='ocr_line' id='line_1_41' title="bbox 527 2979 2106 3105; baseline 0.001 -70"><span class='ocrx_word' id='word_1_253' title='bbox 527 2981 643 3105; x_wconf 64' lang='lat'>(262</span> <span class='ocrx_word' id='word_1_254' title='bbox 677 2980 886 3049; x_wconf 78' lang='lat' dir='ltr'>Quippe</span> <span class='ocrx_word' id='word_1_255' title='bbox 931 2994 1040 3034; x_wconf 83' lang='lat' dir='ltr'>non</span> <span class='ocrx_word' id='word_1_256' title='bbox 1072 2979 1335 3033; x_wconf 81' lang='lat' dir='ltr'>Dominus</span> <span class='ocrx_word' id='word_1_257' title='bbox 1382 2979 1563 3033; x_wconf 85' lang='lat' dir='ltr'>solum</span> <span class='ocrx_word' id='word_1_258' title='bbox 1614 2979 1704 3034; x_wconf 86' lang='lat' dir='ltr'>sed</span> <span class='ocrx_word' id='word_1_259' title='bbox 1760 2982 1929 3035; x_wconf 83' lang='lat' dir='ltr'>etiam</span> <span class='ocrx_word' id='word_1_260' title='bbox 1968 2982 2106 3036; x_wconf 88' lang='lat' dir='ltr'>Deus</span> 
     </span>
     <span class='ocr_line' id='line_1_42' title="bbox 530 3049 2105 3105; baseline 0 0"><span class='ocrx_word' id='word_1_261' title='bbox 530 3052 615 3105; x_wconf 81' lang='lat' dir='ltr'>vel</span> <span class='ocrx_word' id='word_1_262' title='bbox 641 3053 753 3105; x_wconf 83' lang='lat' dir='ltr'>ari.</span> <span class='ocrx_word' id='word_1_263' title='bbox 786 3055 864 3105; x_wconf 90' lang='lat' dir='ltr'>De</span> <span class='ocrx_word' id='word_1_264' title='bbox 892 3049 1000 3104; x_wconf 90' lang='lat' dir='ltr'>hac</span> <span class='ocrx_word' id='word_1_265' title='bbox 1038 3049 1357 3105; x_wconf 88' lang='lat' dir='ltr'>Domitiani</span> <span class='ocrx_word' id='word_1_266' title='bbox 1407 3052 1741 3105; x_wconf 68' lang='lat' dir='ltr'>arrogantia</span> <span class='ocrx_word' id='word_1_267' title='bbox 1791 3059 1963 3105; x_wconf 87' lang='lat' dir='ltr'>atuue</span> <span class='ocrx_word' id='word_1_268' title='bbox 2004 3070 2105 3105; x_wconf 90' lang='lat' dir='ltr'>su-</span> 
     </span>
    </p>
   </div>
   <div class='ocr_carea' id='block_1_41' title="bbox 455 3049 2105 3123">
    <p class='ocr_par' dir='ltr' id='par_1_41' title="bbox 455 3049 2105 3123">
     <span class='ocr_line' id='line_1_43' title="bbox 455 3049 2105 3123; baseline 0.001 -17"><span class='ocrx_word' id='word_1_269' title='bbox 455 3049 753 3123; x_wconf 83' lang='lat' dir='ltr'>appellari.</span> <span class='ocrx_word' id='word_1_270' title='bbox 786 3055 864 3105; x_wconf 90' lang='lat' dir='ltr'>De</span> <span class='ocrx_word' id='word_1_271' title='bbox 886 3049 1000 3123; x_wconf 90' lang='lat' dir='ltr'>hac</span> <span class='ocrx_word' id='word_1_272' title='bbox 1038 3049 1357 3123; x_wconf 86' lang='lat' dir='ltr'>Domitiani</span> <span class='ocrx_word' id='word_1_273' title='bbox 1407 3052 1741 3121; x_wconf 86' lang='lat' dir='ltr'>arrogantia</span> <span class='ocrx_word' id='word_1_274' title='bbox 1791 3059 1963 3123; x_wconf 84' lang='lat' dir='ltr'>atque</span> <span class='ocrx_word' id='word_1_275' title='bbox 2004 3070 2105 3108; x_wconf 92' lang='lat' dir='ltr'>su—</span> 
     </span>
    </p>
   </div>
   <div class='ocr_carea' id='block_1_42' title="bbox 456 3122 2107 3193">
    <p class='ocr_par' dir='ltr' id='par_1_42' title="bbox 456 3122 2107 3193">
     <span class='ocr_line' id='line_1_44' title="bbox 456 3122 2107 3193; baseline 0.002 -17"><span class='ocrx_word' id='word_1_276' title='bbox 456 3122 677 3193; x_wconf 89' lang='lat' dir='ltr'>perbia,</span> <span class='ocrx_word' id='word_1_277' title='bbox 715 3139 833 3193; x_wconf 91' lang='lat' dir='ltr'>qua</span> <span class='ocrx_word' id='word_1_278' title='bbox 864 3122 1008 3177; x_wconf 90' lang='lat' dir='ltr'>deus</span> <span class='ocrx_word' id='word_1_279' title='bbox 1058 3127 1113 3177; x_wconf 91' lang='lat' dir='ltr'>et</span> <span class='ocrx_word' id='word_1_280' title='bbox 1144 3122 1420 3178; x_wconf 90' lang='lat' dir='ltr'>dominus</span> <span class='ocrx_word' id='word_1_281' title='bbox 1454 3122 1733 3193; x_wconf 90' lang='lat' dir='ltr'>appellari</span> <span class='ocrx_word' id='word_1_282' title='bbox 1784 3124 1985 3191; x_wconf 90' lang='lat' dir='ltr'>voluit,</span> <span class='ocrx_word' id='word_1_283' title='bbox 2030 3126 2107 3179; x_wconf 88' lang='lat' dir='ltr'>ita</span> 
     </span>
    </p>
   </div>
   <div class='ocr_carea' id='block_1_43' title="bbox 450 3194 2112 3267">
    <p class='ocr_par' dir='ltr' id='par_1_43' title="bbox 450 3194 2112 3267">
     <span class='ocr_line' id='line_1_45' title="bbox 450 3194 2112 3267; baseline 0.001 -17"><span class='ocrx_word' id='word_1_284' title='bbox 450 3194 767 3250; x_wconf 90' lang='lat' dir='ltr'>Suetonius</span> <span class='ocrx_word' id='word_1_285' title='bbox 798 3211 848 3249; x_wconf 92' lang='lat' dir='ltr'>c.</span> <span class='ocrx_word' id='word_1_286' title='bbox 882 3194 986 3250; x_wconf 77' lang='lat' dir='ltr'>l3:</span> <span class='ocrx_word' id='word_1_287' title='bbox 1030 3216 1057 3243; x_wconf 90' lang='grc'>‹‹</span> <span class='ocrx_word' id='word_1_288' title='bbox 1091 3195 1222 3267; x_wconf 86' lang='lat' dir='ltr'>Pari</span> <span class='ocrx_word' id='word_1_289' title='bbox 1258 3196 1611 3267; x_wconf 80' lang='lat' dir='ltr'>arrogantia</span> <span class='ocrx_word' id='word_1_290' title='bbox 1648 3212 1780 3251; x_wconf 92' lang='lat' dir='ltr'>cum</span> <span class='ocrx_word' id='word_1_291' title='bbox 1837 3214 2112 3267; x_wconf 85' lang='lat' dir='ltr'>procura—</span> 
     </span>
    </p>
   </div>
   <div class='ocr_carea' id='block_1_44' title="bbox 458 3265 2107 3340">
    <p class='ocr_par' dir='ltr' id='par_1_44' title="bbox 458 3265 2107 3340">
     <span class='ocr_line' id='line_1_46' title="bbox 458 3265 2107 3340; baseline 0.002 -19"><span class='ocrx_word' id='word_1_292' title='bbox 458 3270 924 3340; x_wconf 81' lang='lat' dir='ltr'>torumsuorum</span> <span class='ocrx_word' id='word_1_293' title='bbox 960 3266 1193 3340; x_wconf 81' lang='lat' dir='ltr'>nomine</span> <span class='ocrx_word' id='word_1_294' title='bbox 1244 3265 1543 3321; x_wconf 81' lang='lat' dir='ltr'>formalem</span> <span class='ocrx_word' id='word_1_295' title='bbox 1601 3265 1850 3322; x_wconf 74' lang='lat' dir='ltr'>dictaret</span> <span class='ocrx_word' id='word_1_296' title='bbox 1892 3269 2107 3340; x_wconf 88' lang='lat' dir='ltr'>episto-</span> 
     </span>
    </p>
   </div>
   <div class='ocr_carea' id='block_1_45' title="bbox 451 3337 2104 3409">
    <p class='ocr_par' dir='ltr' id='par_1_45' title="bbox 451 3337 2104 3409">
     <span class='ocr_line' id='line_1_47' title="bbox 451 3337 2104 3409; baseline -0.001 -17"><span class='ocrx_word' id='word_1_297' title='bbox 451 3337 595 3409; x_wconf 83' lang='lat' dir='ltr'>lam,</span> <span class='ocrx_word' id='word_1_298' title='bbox 629 3338 712 3393; x_wconf 89' lang='lat' dir='ltr'>sic</span> <span class='ocrx_word' id='word_1_299' title='bbox 745 3337 934 3409; x_wconf 82' lang='lat' dir='ltr'>ccepit:</span> <span class='ocrx_word' id='word_1_300' title='bbox 958 3339 1219 3393; x_wconf 70' lang='lat' dir='ltr'>Dominus</span> <span class='ocrx_word' id='word_1_301' title='bbox 1242 3344 1292 3393; x_wconf 87' lang='lat' dir='ltr'>et</span> <span class='ocrx_word' id='word_1_302' title='bbox 1318 3340 1459 3394; x_wconf 85' lang='lat' dir='ltr'>Deus</span> <span class='ocrx_word' id='word_1_303' title='bbox 1485 3349 1671 3395; x_wconf 82' lang='lat' dir='ltr'>noster</span> <span class='ocrx_word' id='word_1_304' title='bbox 1689 3342 1769 3395; x_wconf 87' lang='lat' dir='ltr'>sic</span> <span class='ocrx_word' id='word_1_305' title='bbox 1786 3342 1912 3409; x_wconf 79' lang='lat' dir='ltr'>ﬁeri</span> <span class='ocrx_word' id='word_1_306' title='bbox 1929 3337 2104 3409; x_wconf 48' lang='lat' dir='ltr'>&#39;jubel.</span> 
     </span>
    </p>
   </div>
   <div class='ocr_carea' id='block_1_46' title="bbox 450 3408 2110 3483">
    <p class='ocr_par' dir='ltr' id='par_1_46' title="bbox 450 3408 2110 3483">
     <span class='ocr_line' id='line_1_48' title="bbox 450 3408 2110 3483; baseline 0.002 -19"><span class='ocrx_word' id='word_1_307' title='bbox 450 3408 616 3465; x_wconf 90' lang='lat' dir='ltr'>Unde</span> <span class='ocrx_word' id='word_1_308' title='bbox 647 3408 990 3465; x_wconf 81' lang='lat' dir='ltr'>institutum</span> <span class='ocrx_word' id='word_1_309' title='bbox 1019 3412 1281 3481; x_wconf 90' lang='lat' dir='ltr'>posthac,</span> <span class='ocrx_word' id='word_1_310' title='bbox 1316 3416 1380 3465; x_wconf 92' lang='lat' dir='ltr'>ut</span> <span class='ocrx_word' id='word_1_311' title='bbox 1403 3428 1472 3465; x_wconf 87' lang='lat' dir='ltr'>ne</span> <span class='ocrx_word' id='word_1_312' title='bbox 1522 3412 1738 3483; x_wconf 90' lang='lat' dir='ltr'>scripto</span> <span class='ocrx_word' id='word_1_313' title='bbox 1776 3408 2012 3482; x_wconf 87' lang='lat' dir='ltr'>quidem</span> <span class='ocrx_word' id='word_1_314' title='bbox 2045 3429 2110 3467; x_wconf 91' lang='lat' dir='ltr'>ac</span> 
     </span>
    </p>
   </div>
   <div class='ocr_carea' id='block_1_47' title="bbox 450 3482 2109 3554">
    <p class='ocr_par' dir='ltr' id='par_1_47' title="bbox 450 3482 2109 3554">
     <span class='ocr_line' id='line_1_49' title="bbox 450 3482 2109 3554; baseline 0.001 -17"><span class='ocrx_word' id='word_1_315' title='bbox 450 3497 723 3554; x_wconf 80' lang='lat' dir='ltr'>sermone</span> <span class='ocrx_word' id='word_1_316' title='bbox 773 3483 1132 3554; x_wconf 83' lang='lat' dir='ltr'>cujusquam</span> <span class='ocrx_word' id='word_1_317' title='bbox 1184 3482 1577 3554; x_wconf 87' lang='lat' dir='ltr'>appellaretur</span> <span class='ocrx_word' id='word_1_318' title='bbox 1625 3482 1805 3538; x_wconf 83' lang='lat' dir='ltr'>aliter.</span> <span class='ocrx_word' id='word_1_319' title='bbox 1870 3484 2109 3540; x_wconf 84' lang='lat' dir='ltr'>Statuas</span> 
     </span>
    </p>
   </div>
   <div class='ocr_carea' id='block_1_48' title="bbox 449 3552 2111 3628">
    <p class='ocr_par' dir='ltr' id='par_1_48' title="bbox 449 3552 2111 3628">
     <span class='ocr_line' id='line_1_50' title="bbox 449 3552 2111 3628; baseline 0.001 -19"><span class='ocrx_word' id='word_1_320' title='bbox 449 3552 562 3609; x_wconf 81' lang='lat' dir='ltr'>sibi</span> <span class='ocrx_word' id='word_1_321' title='bbox 595 3554 654 3610; x_wconf 88' lang='lat' dir='ltr'>in</span> <span class='ocrx_word' id='word_1_322' title='bbox 686 3552 984 3627; x_wconf 78' lang='lat' dir='ltr'>Capitolio</span> <span class='ocrx_word' id='word_1_323' title='bbox 1004 3571 1119 3610; x_wconf 91' lang='lat' dir='ltr'>non</span> <span class='ocrx_word' id='word_1_324' title='bbox 1156 3552 1267 3611; x_wconf 78' lang='lat' dir='ltr'>nisi</span> <span class='ocrx_word' id='word_1_325' title='bbox 1292 3571 1500 3611; x_wconf 89' lang='lat' dir='ltr'>aureas</span> <span class='ocrx_word' id='word_1_326' title='bbox 1533 3559 1592 3610; x_wconf 89' lang='lat' dir='ltr'>et</span> <span class='ocrx_word' id='word_1_327' title='bbox 1636 3560 1940 3627; x_wconf 86' lang='lat' dir='ltr'>argenteas</span> <span class='ocrx_word' id='word_1_328' title='bbox 1975 3556 2111 3628; x_wconf 88' lang='lat' dir='ltr'>poni</span> 
     </span>
    </p>
   </div>
   <div class='ocr_carea' id='block_1_49' title="bbox 2197 463 3866 530">
    <p class='ocr_par' dir='ltr' id='par_1_49' title="bbox 2197 463 3866 530">
     <span class='ocr_line' id='line_1_51' title="bbox 2197 463 3866 530; baseline -0.001 -11"><span class='ocrx_word' id='word_1_329' title='bbox 2197 463 2320 519; x_wconf 83' lang='lat' dir='ltr'>ctor</span> <span class='ocrx_word' id='word_1_330' title='bbox 2350 464 2573 518; x_wconf 89' lang='lat' dir='ltr'>Schotti</span> <span class='ocrx_word' id='word_1_331' title='bbox 2606 464 2691 519; x_wconf 91' lang='lat' dir='ltr'>sic</span> <span class='ocrx_word' id='word_1_332' title='bbox 2722 464 2792 519; x_wconf 92' lang='lat' dir='ltr'>de</span> <span class='ocrx_word' id='word_1_333' title='bbox 2823 465 3028 521; x_wconf 93' lang='lat' dir='ltr'>eodem</span> <span class='ocrx_word' id='word_1_334' title='bbox 3056 483 3069 522; x_wconf 92' lang='lat'><strong>:</strong></span> <span class='ocrx_word' id='word_1_335' title='bbox 3097 465 3345 521; x_wconf 86' lang='lat' dir='ltr'>«Dehinc</span> <span class='ocrx_word' id='word_1_336' title='bbox 3380 470 3544 521; x_wconf 83' lang='lat' dir='ltr'>atrox</span> <span class='ocrx_word' id='word_1_337' title='bbox 3578 463 3866 530; x_wconf 81' lang='lat' dir='ltr'>caedibus,</span> 
     </span>
    </p>
   </div>
   <div class='ocr_carea' id='block_1_50' title="bbox 2196 534 3869 620">
    <p class='ocr_par' dir='ltr' id='par_1_50' title="bbox 2196 534 3869 620">
     <span class='ocr_line' id='line_1_52' title="bbox 2196 534 3869 620; baseline -0.002 -29"><span class='ocrx_word' id='word_1_338' title='bbox 2196 537 2482 620; x_wconf 70' lang='lat' dir='ltr'>bonorum</span> <span class='ocrx_word' id='word_1_339' title='bbox 2509 536 2803 620; x_wconf 64' lang='lat' dir='ltr'>supplicia</span> <span class='ocrx_word' id='word_1_340' title='bbox 2834 553 3004 609; x_wconf 89' lang='lat' dir='ltr'>agere</span> <span class='ocrx_word' id='word_1_341' title='bbox 3025 539 3236 620; x_wconf 74' lang='lat' dir='ltr'>ccepit:</span> <span class='ocrx_word' id='word_1_342' title='bbox 3268 553 3334 593; x_wconf 88' lang='lat' dir='ltr'>ac</span> <span class='ocrx_word' id='word_1_343' title='bbox 3367 534 3869 620; x_wconf 40' lang='lat' dir='ltr'>more-galig‘ulae,</span> 
     </span>
    </p>
   </div>
   <div class='ocr_carea' id='block_1_51' title="bbox 2201 607 3871 681">
    <p class='ocr_par' dir='ltr' id='par_1_51' title="bbox 2201 607 3871 681">
     <span class='ocr_line' id='line_1_53' title="bbox 2201 607 3871 681; baseline -0.002 -17"><span class='ocrx_word' id='word_1_344' title='bbox 2201 609 2530 681; x_wconf 13' lang='lat' dir='ltr'>Dominum,</span> <span class='ocrx_word' id='word_1_345' title='bbox 2558 624 2706 675; x_wconf 87' lang='lat' dir='ltr'>sese,</span> <span class='ocrx_word' id='word_1_346' title='bbox 2740 607 3044 681; x_wconf 83' lang='lat' dir='ltr'>Deumque</span> <span class='ocrx_word' id='word_1_347' title='bbox 3075 607 3189 665; x_wconf 91' lang='lat' dir='ltr'>dici</span> <span class='ocrx_word' id='word_1_348' title='bbox 3220 608 3431 680; x_wconf 85' lang='lat' dir='ltr'>coegit.</span> <span class='ocrx_word' id='word_1_349' title='bbox 3453 631 3492 681; x_wconf 13' lang='grc' dir='ltr'>ί»</span> <span class='ocrx_word' id='word_1_350' title='bbox 3526 608 3666 664; x_wconf 89' lang='lat' dir='ltr'>Vide</span> <span class='ocrx_word' id='word_1_351' title='bbox 3684 607 3871 681; x_wconf 85' lang='lat' dir='ltr'>etiam</span> 
     </span>
    </p>
   </div>
   <div class='ocr_carea' id='block_1_52' title="bbox 2196 678 3870 752">
    <p class='ocr_par' dir='ltr' id='par_1_52' title="bbox 2196 678 3870 752">
     <span class='ocr_line' id='line_1_54' title="bbox 2196 678 3870 752; baseline -0.002 -15"><span class='ocrx_word' id='word_1_352' title='bbox 2196 681 2439 737; x_wconf 90' lang='lat' dir='ltr'>Dionem</span> <span class='ocrx_word' id='word_1_353' title='bbox 2474 678 2585 752; x_wconf 85' lang='lat' dir='ltr'>lib.</span> <span class='ocrx_word' id='word_1_354' title='bbox 2613 696 2781 750; x_wconf 82' lang='lat' dir='ltr'>vau,</span> <span class='ocrx_word' id='word_1_355' title='bbox 2834 678 3206 752; x_wconf 46' lang='lat' dir='ltr'>ubi&#39;scribit,</span> <span class='ocrx_word' id='word_1_356' title='bbox 3256 678 3566 735; x_wconf 75' lang='lat' dir='ltr'>Juvenium</span> <span class='ocrx_word' id='word_1_357' title='bbox 3627 679 3870 752; x_wconf 75' lang='lat' dir='ltr'>Celsum</span> 
     </span>
    </p>
   </div>
   <div class='ocr_carea' id='block_1_53' title="bbox 2195 750 3869 823">
    <p class='ocr_par' dir='ltr' id='par_1_53' title="bbox 2195 750 3869 823">
     <span class='ocr_line' id='line_1_55' title="bbox 2195 750 3869 823; baseline -0.002 -13"><span class='ocrx_word' id='word_1_358' title='bbox 2195 751 2622 822; x_wconf 85' lang='lat' dir='ltr'>conjuralionis</span> <span class='ocrx_word' id='word_1_359' title='bbox 2670 768 2855 819; x_wconf 89' lang='lat' dir='ltr'>reum,</span> <span class='ocrx_word' id='word_1_360' title='bbox 2892 750 3200 823; x_wconf 79' lang='lat' dir='ltr'>frequenti</span> <span class='ocrx_word' id='word_1_361' title='bbox 3233 753 3595 819; x_wconf 81' lang='lat' dir='ltr'>adcretione,</span> <span class='ocrx_word' id='word_1_362' title='bbox 3641 756 3700 806; x_wconf 91' lang='lat' dir='ltr'>et</span> <span class='ocrx_word' id='word_1_363' title='bbox 3744 750 3869 807; x_wconf 90' lang='lat' dir='ltr'>Do-</span> 
     </span>
    </p>
   </div>
   <div class='ocr_carea' id='block_1_54' title="bbox 2198 824 3876 897">
    <p class='ocr_par' dir='ltr' id='par_1_54' title="bbox 2198 824 3876 897">
     <span class='ocr_line' id='line_1_56' title="bbox 2198 824 3876 897; baseline -0.001 -17"><span class='ocrx_word' id='word_1_364' title='bbox 2198 824 2342 880; x_wconf 89' lang='lat' dir='ltr'>mini</span> <span class='ocrx_word' id='word_1_365' title='bbox 2375 824 2599 894; x_wconf 88' lang='lat' dir='ltr'>Deique</span> <span class='ocrx_word' id='word_1_366' title='bbox 2630 824 3037 895; x_wconf 87' lang='lat' dir='ltr'>appellatione,</span> <span class='ocrx_word' id='word_1_367' title='bbox 3062 841 3231 881; x_wconf 89' lang='lat' dir='ltr'>suam</span> <span class='ocrx_word' id='word_1_368' title='bbox 3258 841 3460 881; x_wconf 88' lang='lat' dir='ltr'>necem</span> <span class='ocrx_word' id='word_1_369' title='bbox 3486 837 3876 897; x_wconf 84' lang='lat' dir='ltr'>prorogasse,</span> 
     </span>
    </p>
   </div>
   <div class='ocr_carea' id='block_1_55' title="bbox 2198 897 3091 969">
    <p class='ocr_par' dir='ltr' id='par_1_55' title="bbox 2198 897 3091 969">
     <span class='ocr_line' id='line_1_57' title="bbox 2198 897 3091 969; baseline 0 -16"><span class='ocrx_word' id='word_1_370' title='bbox 2198 900 2620 969; x_wconf 87' lang='lat' dir='ltr'>postremoque</span> <span class='ocrx_word' id='word_1_371' title='bbox 2647 897 3091 969; x_wconf 12' lang='lat' dir='ltr'>astuievasisse.</span> 
     </span>
    </p>
   </div>
   <div class='ocr_carea' id='block_1_56' title="bbox 2273 965 3883 1040">
    <p class='ocr_par' dir='ltr' id='par_1_56' title="bbox 2273 965 3883 1040">
     <span class='ocr_line' id='line_1_58' title="bbox 2273 965 3883 1040; baseline 0 -19"><span class='ocrx_word' id='word_1_372' title='bbox 2273 968 2387 1040; x_wconf 84' lang='lat'>(27)</span> <span class='ocrx_word' id='word_1_373' title='bbox 2418 965 2557 1040; x_wconf 80' lang='lat' dir='ltr'>Nam</span> <span class='ocrx_word' id='word_1_374' title='bbox 2592 968 2751 1025; x_wconf 82' lang='lat' dir='ltr'>modo</span> <span class='ocrx_word' id='word_1_375' title='bbox 2782 968 2839 1023; x_wconf 85' lang='lat' dir='ltr'>in</span> <span class='ocrx_word' id='word_1_376' title='bbox 2870 969 3137 1039; x_wconf 75' lang='lat' dir='ltr'>ferventis</span> <span class='ocrx_word' id='word_1_377' title='bbox 3183 967 3291 1023; x_wconf 81' lang='lat' dir='ltr'>olei</span> <span class='ocrx_word' id='word_1_378' title='bbox 3321 969 3555 1040; x_wconf 84' lang='lat' dir='ltr'>dolium,</span> <span class='ocrx_word' id='word_1_379' title='bbox 3599 965 3883 1040; x_wconf 22' lang='lat' dir='ltr'>Aetc._Te-</span> 
     </span>
    </p>
   </div>
   <div class='ocr_carea' id='block_1_57' title="bbox 2201 1037 3881 1112">
    <p class='ocr_par' dir='ltr' id='par_1_57' title="bbox 2201 1037 3881 1112">
     <span class='ocr_line' id='line_1_59' title="bbox 2201 1037 3881 1112; baseline -0.002 -17"><span class='ocrx_word' id='word_1_380' title='bbox 2201 1037 2310 1095; x_wconf 84' lang='lat' dir='ltr'>stis</span> <span class='ocrx_word' id='word_1_381' title='bbox 2342 1037 2430 1095; x_wconf 87' lang='lat' dir='ltr'>est</span> <span class='ocrx_word' id='word_1_382' title='bbox 2456 1037 2937 1112; x_wconf 86' lang='lat' dir='ltr'>Martyrologium</span> <span class='ocrx_word' id='word_1_383' title='bbox 2970 1042 3136 1096; x_wconf 84' lang='lat' dir='ltr'>Rom.</span> <span class='ocrx_word' id='word_1_384' title='bbox 3160 1041 3231 1094; x_wconf 91' lang='lat' dir='ltr'>ad</span> <span class='ocrx_word' id='word_1_385' title='bbox 3262 1041 3297 1094; x_wconf 88' lang='lat'>6</span> <span class='ocrx_word' id='word_1_386' title='bbox 3329 1039 3487 1105; x_wconf 89' lang='lat' dir='ltr'>Maii,</span> <span class='ocrx_word' id='word_1_387' title='bbox 3518 1037 3881 1112; x_wconf 71' lang='lat' dir='ltr'>cujus_haec</span> 
     </span>
    </p>
   </div>
   <div class='ocr_carea' id='block_1_58' title="bbox 2203 1108 3883 1169">
    <p class='ocr_par' dir='ltr' id='par_1_58' title="bbox 2203 1108 3883 1169">
     <span class='ocr_line' id='line_1_60' title="bbox 2203 1108 3883 1169; baseline -0.003 -2"><span class='ocrx_word' id='word_1_388' title='bbox 2203 1116 2342 1167; x_wconf 90' lang='lat' dir='ltr'>sunt</span> <span class='ocrx_word' id='word_1_389' title='bbox 2370 1113 2552 1167; x_wconf 90' lang='lat' dir='ltr'>verba</span> <span class='ocrx_word' id='word_1_390' title='bbox 2578 1128 2591 1166; x_wconf 90' lang='lat'><strong>:</strong></span> <span class='ocrx_word' id='word_1_391' title='bbox 2613 1108 2644 1161; x_wconf 72' lang='grc' dir='ltr'>ἱ‹</span> <span class='ocrx_word' id='word_1_392' title='bbox 2680 1108 2873 1167; x_wconf 67' lang='lat' dir='ltr'>Roma:</span> <span class='ocrx_word' id='word_1_393' title='bbox 2905 1114 2963 1169; x_wconf 93' lang='lat' dir='ltr'>S.</span> <span class='ocrx_word' id='word_1_394' title='bbox 2995 1113 3252 1169; x_wconf 88' lang='lat' dir='ltr'>Joannes</span> <span class='ocrx_word' id='word_1_395' title='bbox 3283 1117 3417 1166; x_wconf 87' lang='lat' dir='ltr'>ante</span> <span class='ocrx_word' id='word_1_396' title='bbox 3450 1112 3680 1166; x_wconf 87' lang='lat' dir='ltr'>Portam</span> <span class='ocrx_word' id='word_1_397' title='bbox 3709 1108 3883 1163; x_wconf 85' lang='lat' dir='ltr'>Lati-</span> 
     </span>
    </p>
   </div>
   <div class='ocr_carea' id='block_1_59' title="bbox 2203 1182 3879 1255">
    <p class='ocr_par' dir='ltr' id='par_1_59' title="bbox 2203 1182 3879 1255">
     <span class='ocr_line' id='line_1_61' title="bbox 2203 1182 3879 1255; baseline -0.004 -15"><span class='ocrx_word' id='word_1_398' title='bbox 2203 1200 2362 1250; x_wconf 88' lang='lat' dir='ltr'>nam,</span> <span class='ocrx_word' id='word_1_399' title='bbox 2398 1183 2499 1254; x_wconf 91' lang='lat' dir='ltr'>qui</span> <span class='ocrx_word' id='word_1_400' title='bbox 2531 1183 2602 1237; x_wconf 89' lang='lat' dir='ltr'>ab</span> <span class='ocrx_word' id='word_1_401' title='bbox 2634 1184 2862 1253; x_wconf 88' lang='lat' dir='ltr'>Epheso</span> <span class='ocrx_word' id='word_1_402' title='bbox 2904 1185 3084 1255; x_wconf 89' lang='lat' dir='ltr'>jussu</span> <span class='ocrx_word' id='word_1_403' title='bbox 3117 1182 3437 1239; x_wconf 84' lang='lat' dir='ltr'>Domitiani</span> <span class='ocrx_word' id='word_1_404' title='bbox 3486 1183 3723 1236; x_wconf 88' lang='lat' dir='ltr'>vinctus</span> <span class='ocrx_word' id='word_1_405' title='bbox 3756 1185 3879 1255; x_wconf 70' lang='grc' dir='ltr'>Βο-</span> 
     </span>
    </p>
   </div>
   <div class='ocr_carea' id='block_1_60' title="bbox 2204 1253 3882 1328">
    <p class='ocr_par' dir='ltr' id='par_1_60' title="bbox 2204 1253 3882 1328">
     <span class='ocr_line' id='line_1_62' title="bbox 2204 1253 3882 1328; baseline -0.003 -17"><span class='ocrx_word' id='word_1_406' title='bbox 2204 1272 2356 1311; x_wconf 89' lang='lat' dir='ltr'>mam</span> <span class='ocrx_word' id='word_1_407' title='bbox 2393 1253 2728 1328; x_wconf 86' lang='lat' dir='ltr'>perductus,</span> <span class='ocrx_word' id='word_1_408' title='bbox 2762 1261 2820 1310; x_wconf 89' lang='lat' dir='ltr'>et</span> <span class='ocrx_word' id='word_1_409' title='bbox 2843 1253 3149 1328; x_wconf 47' lang='lat' dir='ltr'>ju&#39;dicante</span> <span class='ocrx_word' id='word_1_410' title='bbox 3174 1260 3404 1325; x_wconf 89' lang='lat' dir='ltr'>senatu,</span> <span class='ocrx_word' id='word_1_411' title='bbox 3430 1258 3562 1309; x_wconf 90' lang='lat' dir='ltr'>ante</span> <span class='ocrx_word' id='word_1_412' title='bbox 3594 1269 3725 1328; x_wconf 83' lang='lat' dir='ltr'>eam</span> <span class='ocrx_word' id='word_1_413' title='bbox 3743 1253 3882 1307; x_wconf 76' lang='lat' dir='ltr'>jem</span> 
     </span>
    </p>
   </div>
   <div class='ocr_carea' id='block_1_61' title="bbox 2204 1324 3885 1401">
    <p class='ocr_par' dir='ltr' id='par_1_61' title="bbox 2204 1324 3885 1401">
     <span class='ocr_line' id='line_1_63' title="bbox 2204 1324 3885 1401; baseline -0.001 -19"><span class='ocrx_word' id='word_1_414' title='bbox 2204 1324 2429 1401; x_wconf 84' lang='lat' dir='ltr'>portam</span> <span class='ocrx_word' id='word_1_415' title='bbox 2462 1328 2520 1401; x_wconf 85' lang='lat' dir='ltr'>in</span> <span class='ocrx_word' id='word_1_416' title='bbox 2553 1327 2661 1401; x_wconf 83' lang='lat' dir='ltr'>olei</span> <span class='ocrx_word' id='word_1_417' title='bbox 2695 1324 2967 1401; x_wconf 80' lang='lat' dir='ltr'>ferventis</span> <span class='ocrx_word' id='word_1_418' title='bbox 3011 1328 3507 1401; x_wconf 10' lang='lat' dir='ltr'>doliumimissus,</span> <span class='ocrx_word' id='word_1_419' title='bbox 3554 1324 3765 1398; x_wconf 90' lang='lat' dir='ltr'>purior</span> <span class='ocrx_word' id='word_1_420' title='bbox 3824 1329 3885 1380; x_wconf 89' lang='lat' dir='ltr'>et</span> 
     </span>
    </p>
   </div>
   <div class='ocr_carea' id='block_1_62' title="bbox 2202 1399 3377 1471">
    <p class='ocr_par' dir='ltr' id='par_1_62' title="bbox 2202 1399 3377 1471">
     <span class='ocr_line' id='line_1_64' title="bbox 2202 1399 3377 1471; baseline -0.005 -16"><span class='ocrx_word' id='word_1_421' title='bbox 2202 1399 2460 1471; x_wconf 82' lang='lat' dir='ltr'>vegetior</span> <span class='ocrx_word' id='word_1_422' title='bbox 2486 1399 2623 1453; x_wconf 93' lang='lat' dir='ltr'>inde</span> <span class='ocrx_word' id='word_1_423' title='bbox 2656 1399 2813 1466; x_wconf 86' lang='lat' dir='ltr'>exiit,</span> <span class='ocrx_word' id='word_1_424' title='bbox 2846 1417 3025 1471; x_wconf 90' lang='lat' dir='ltr'>quam</span> <span class='ocrx_word' id='word_1_425' title='bbox 3055 1400 3314 1455; x_wconf 88' lang='lat' dir='ltr'>intravit.</span> <span class='ocrx_word' id='word_1_426' title='bbox 3348 1420 3377 1449; x_wconf 82' lang='lat'><strong>»</strong></span> 
     </span>
    </p>
   </div>
   <div class='ocr_carea' id='block_1_63' title="bbox 2274 1416 3888 1542">
    <p class='ocr_par' dir='ltr' id='par_1_63' title="bbox 2274 1416 3888 1542">
     <span class='ocr_line' id='line_1_65' title="bbox 2314 1416 3377 1471; baseline 0.002 -18"><span class='ocrx_word' id='word_1_427' title='bbox 2314 1416 2460 1454; x_wconf 81' lang='lat' dir='ltr'>euor</span> <span class='ocrx_word' id='word_1_428' title='bbox 2486 1416 2623 1453; x_wconf 81' lang='lat' dir='ltr'>inde</span> <span class='ocrx_word' id='word_1_429' title='bbox 2656 1416 2813 1466; x_wconf 79' lang='lat' dir='ltr'>exnt,</span> <span class='ocrx_word' id='word_1_430' title='bbox 2846 1417 3025 1471; x_wconf 90' lang='lat' dir='ltr'>quam</span> <span class='ocrx_word' id='word_1_431' title='bbox 3055 1416 3314 1455; x_wconf 77' lang='lat' dir='ltr'>intravu.</span> <span class='ocrx_word' id='word_1_432' title='bbox 3348 1420 3377 1449; x_wconf 87' lang='grc'><strong>››</strong></span> 
     </span>
     <span class='ocr_line' id='line_1_66' title="bbox 2274 1416 3888 1542; baseline -0.004 -15"><span class='ocrx_word' id='word_1_433' title='bbox 2274 1416 2356 1527; x_wconf 55' lang='lat' dir='ltr'>De</span> <span class='ocrx_word' id='word_1_434' title='bbox 2389 1487 2505 1541; x_wconf 93' lang='lat' dir='ltr'>quo</span> <span class='ocrx_word' id='word_1_435' title='bbox 2537 1474 2593 1525; x_wconf 87' lang='lat' dir='ltr'>et</span> <span class='ocrx_word' id='word_1_436' title='bbox 2623 1471 3019 1527; x_wconf 89' lang='lat' dir='ltr'>Tertullianus</span> <span class='ocrx_word' id='word_1_437' title='bbox 3062 1471 3163 1528; x_wconf 91' lang='lat' dir='ltr'>lib.</span> <span class='ocrx_word' id='word_1_438' title='bbox 3230 1472 3302 1527; x_wconf 85' lang='lat' dir='ltr'>De</span> <span class='ocrx_word' id='word_1_439' title='bbox 3346 1466 3888 1542; x_wconf 57' lang='lat' dir='ltr'>praescriptionibus</span> 
     </span>
    </p>
   </div>
   <div class='ocr_carea' id='block_1_64' title="bbox 2205 1538 3887 1615">
    <p class='ocr_par' dir='ltr' id='par_1_64' title="bbox 2205 1538 3887 1615">
     <span class='ocr_line' id='line_1_67' title="bbox 2205 1538 3887 1615; baseline -0.004 -17"><span class='ocrx_word' id='word_1_440' title='bbox 2205 1538 2462 1598; x_wconf 77' lang='lat' dir='ltr'>adversus</span> <span class='ocrx_word' id='word_1_441' title='bbox 2495 1543 2800 1611; x_wconf 62' lang='lat' dir='ltr'>haereticos,</span> <span class='ocrx_word' id='word_1_442' title='bbox 2859 1561 2986 1615; x_wconf 87' lang='lat' dir='ltr'>cap.</span> <span class='ocrx_word' id='word_1_443' title='bbox 3019 1544 3126 1599; x_wconf 87' lang='lat'>36:</span> <span class='ocrx_word' id='word_1_444' title='bbox 3175 1538 3401 1598; x_wconf 85' lang='lat' dir='ltr'>«Habes</span> <span class='ocrx_word' id='word_1_445' title='bbox 3454 1538 3887 1615; x_wconf 35' lang='lat' dir='ltr'>Romamhin-</span> 
     </span>
    </p>
   </div>
   <div class='ocr_carea' id='block_1_65' title="bbox 2207 1610 3889 1686">
    <p class='ocr_par' dir='ltr' id='par_1_65' title="bbox 2207 1610 3889 1686">
     <span class='ocr_line' id='line_1_68' title="bbox 2207 1610 3889 1686; baseline -0.003 -17"><span class='ocrx_word' id='word_1_446' title='bbox 2207 1615 2366 1686; x_wconf 79' lang='lat' dir='ltr'>quit,</span> <span class='ocrx_word' id='word_1_447' title='bbox 2390 1616 2545 1669; x_wconf 91' lang='lat' dir='ltr'>unde</span> <span class='ocrx_word' id='word_1_448' title='bbox 2568 1615 2734 1670; x_wconf 88' lang='lat' dir='ltr'>nobis</span> <span class='ocrx_word' id='word_1_449' title='bbox 2761 1610 2995 1686; x_wconf 83' lang='lat' dir='ltr'>quoque</span> <span class='ocrx_word' id='word_1_450' title='bbox 3020 1615 3337 1670; x_wconf 86' lang='lat' dir='ltr'>auctoritas</span> <span class='ocrx_word' id='word_1_451' title='bbox 3364 1617 3575 1684; x_wconf 87' lang='lat' dir='ltr'>praesto</span> <span class='ocrx_word' id='word_1_452' title='bbox 3598 1616 3714 1686; x_wconf 71' lang='lat' dir='ltr'>est.</span> <span class='ocrx_word' id='word_1_453' title='bbox 3743 1610 3889 1665; x_wconf 84' lang='lat' dir='ltr'>Sta-</span> 
     </span>
    </p>
   </div>
   <div class='ocr_carea' id='block_1_66' title="bbox 2206 1682 3887 1766">
    <p class='ocr_par' dir='ltr' id='par_1_66' title="bbox 2206 1682 3887 1766">
     <span class='ocr_line' id='line_1_69' title="bbox 2206 1682 3887 1766; baseline -0.004 -24"><span class='ocrx_word' id='word_1_454' title='bbox 2206 1682 2267 1742; x_wconf 73' lang='lat' dir='ltr'>tu</span> <span class='ocrx_word' id='word_1_455' title='bbox 2300 1685 2435 1766; x_wconf 76' lang='lat' dir='ltr'>felix</span> <span class='ocrx_word' id='word_1_456' title='bbox 2459 1686 2733 1766; x_wconf 75' lang='lat' dir='ltr'>Ecclesia,</span> <span class='ocrx_word' id='word_1_457' title='bbox 2758 1682 2850 1742; x_wconf 78' lang='lat' dir='ltr'>cui</span> <span class='ocrx_word' id='word_1_458' title='bbox 2881 1682 3417 1766; x_wconf 73' lang='lat' dir='ltr'>totamdpctrinam</span> <span class='ocrx_word' id='word_1_459' title='bbox 3451 1682 3713 1766; x_wconf 57' lang='lat' dir='ltr'>apostoli</span> <span class='ocrx_word' id='word_1_460' title='bbox 3740 1698 3887 1763; x_wconf 74' lang='lat' dir='ltr'>cum</span> 
     </span>
    </p>
   </div>
   <div class='ocr_carea' id='block_1_67' title="bbox 2212 1754 3886 1830">
    <p class='ocr_par' dir='ltr' id='par_1_67' title="bbox 2212 1754 3886 1830">
     <span class='ocr_line' id='line_1_70' title="bbox 2212 1754 3886 1830; baseline -0.005 -15"><span class='ocrx_word' id='word_1_461' title='bbox 2212 1759 2498 1829; x_wconf 87' lang='lat' dir='ltr'>sanguine</span> <span class='ocrx_word' id='word_1_462' title='bbox 2528 1760 2954 1830; x_wconf 78' lang='lat' dir='ltr'>profuderunt:</span> <span class='ocrx_word' id='word_1_463' title='bbox 2990 1758 3089 1813; x_wconf 91' lang='lat' dir='ltr'>ubi</span> <span class='ocrx_word' id='word_1_464' title='bbox 3122 1763 3324 1814; x_wconf 88' lang='lat' dir='ltr'>Petrus</span> <span class='ocrx_word' id='word_1_465' title='bbox 3358 1754 3619 1829; x_wconf 82' lang='lat' dir='ltr'>passioni</span> <span class='ocrx_word' id='word_1_466' title='bbox 3672 1754 3886 1808; x_wconf 87' lang='lat' dir='ltr'>Domi-</span> 
     </span>
    </p>
   </div>
   <div class='ocr_carea' id='block_1_68' title="bbox 2216 1830 3886 1901">
    <p class='ocr_par' dir='ltr' id='par_1_68' title="bbox 2216 1830 3886 1901">
     <span class='ocr_line' id='line_1_71' title="bbox 2216 1830 3886 1901; baseline -0.004 -15"><span class='ocrx_word' id='word_1_467' title='bbox 2216 1832 2360 1886; x_wconf 68' lang='lat' dir='ltr'>nicae</span> <span class='ocrx_word' id='word_1_468' title='bbox 2382 1832 2741 1901; x_wconf 75' lang='lat' dir='ltr'>adsequatur,</span> <span class='ocrx_word' id='word_1_469' title='bbox 2774 1831 2873 1886; x_wconf 91' lang='lat' dir='ltr'>ubi</span> <span class='ocrx_word' id='word_1_470' title='bbox 2906 1830 3122 1886; x_wconf 90' lang='lat' dir='ltr'>Paulus</span> <span class='ocrx_word' id='word_1_471' title='bbox 3148 1830 3392 1886; x_wconf 75' lang='lat' dir='ltr'>Joannis</span> <span class='ocrx_word' id='word_1_472' title='bbox 3422 1830 3581 1901; x_wconf 85' lang='lat' dir='ltr'>exitu</span> <span class='ocrx_word' id='word_1_473' title='bbox 3624 1842 3886 1901; x_wconf 80' lang='lat' dir='ltr'>corona-</span> 
     </span>
    </p>
   </div>
   <div class='ocr_carea' id='block_1_69' title="bbox 2213 1896 3888 1975">
    <p class='ocr_par' dir='ltr' id='par_1_69' title="bbox 2213 1896 3888 1975">
     <span class='ocr_line' id='line_1_72' title="bbox 2213 1896 3888 1975; baseline -0.004 -18"><span class='ocrx_word' id='word_1_474' title='bbox 2213 1908 2309 1958; x_wconf 89' lang='lat' dir='ltr'>tur</span> <span class='ocrx_word' id='word_1_475' title='bbox 2340 1903 2440 1958; x_wconf 91' lang='lat' dir='ltr'>ubi</span> <span class='ocrx_word' id='word_1_476' title='bbox 2472 1896 2775 1974; x_wconf 79' lang='lat' dir='ltr'>apostolus</span> <span class='ocrx_word' id='word_1_477' title='bbox 2802 1903 3077 1969; x_wconf 87' lang='lat' dir='ltr'>Joannes,</span> <span class='ocrx_word' id='word_1_478' title='bbox 3133 1909 3515 1975; x_wconf 67' lang='lat' dir='ltr'>posteaquam</span> <span class='ocrx_word' id='word_1_479' title='bbox 3540 1899 3609 1975; x_wconf 90' lang='lat' dir='ltr'>_in</span> <span class='ocrx_word' id='word_1_480' title='bbox 3674 1896 3888 1975; x_wconf 82' lang='lat' dir='ltr'>oleum</span> 
     </span>
    </p>
   </div>
   <div class='ocr_carea' id='block_1_70' title="bbox 2215 1968 3885 2048">
    <p class='ocr_par' dir='ltr' id='par_1_70' title="bbox 2215 1968 3885 2048">
     <span class='ocr_line' id='line_1_73' title="bbox 2215 1968 3885 2048; baseline -0.002 -19"><span class='ocrx_word' id='word_1_481' title='bbox 2215 1976 2454 2048; x_wconf 83' lang='lat' dir='ltr'>igneum</span> <span class='ocrx_word' id='word_1_482' title='bbox 2506 1968 2811 2031; x_wconf 81' lang='lat' dir='ltr'>demersus</span> <span class='ocrx_word' id='word_1_483' title='bbox 2845 1975 2990 2031; x_wconf 91' lang='lat' dir='ltr'>nihil</span> <span class='ocrx_word' id='word_1_484' title='bbox 3021 1968 3233 2047; x_wconf 80' lang='lat' dir='ltr'>passus</span> <span class='ocrx_word' id='word_1_485' title='bbox 3259 1968 3372 2041; x_wconf 67' lang='lat' dir='ltr'>est;</span> <span class='ocrx_word' id='word_1_486' title='bbox 3402 1971 3662 2027; x_wconf 88' lang='lat' dir='ltr'>insulam</span> <span class='ocrx_word' id='word_1_487' title='bbox 3719 1968 3885 2025; x_wconf 88' lang='lat' dir='ltr'>rele-</span> 
     </span>
    </p>
   </div>
   <div class='ocr_carea' id='block_1_71' title="bbox 2252 2052 2466 2102">
    <p class='ocr_par' dir='ltr' id='par_1_71' title="bbox 2252 2052 2466 2102">
     <span class='ocr_line' id='line_1_74' title="bbox 2252 2052 2466 2102; baseline -0.005 0"><span class='ocrx_word' id='word_1_488' title='bbox 2252 2052 2404 2102; x_wconf 89' lang='lat' dir='ltr'>atur.</span> <span class='ocrx_word' id='word_1_489' title='bbox 2447 2069 2466 2095; x_wconf 77' lang='grc' dir='ltr'>ι)</span> 
     </span>
    </p>
   </div>
   <div class='ocr_carea' id='block_1_72' title="bbox 2214 2066 3907 2188">
    <p class='ocr_par' dir='ltr' id='par_1_72' title="bbox 2214 2066 3907 2188">
     <span class='ocr_line' id='line_1_75' title="bbox 2214 2066 3907 2188; baseline -0.005 -15"><span class='ocrx_word' id='word_1_490' title='bbox 2214 2066 2849 2174; x_wconf 50' lang='lat' dir='ltr'>8aSaliis»Tertulliano</span> <span class='ocrx_word' id='word_1_491' title='bbox 2906 2118 3082 2173; x_wconf 91' lang='lat' dir='ltr'>refert</span> <span class='ocrx_word' id='word_1_492' title='bbox 3138 2116 3531 2188; x_wconf 86' lang='lat' dir='ltr'>Hieronymus</span> <span class='ocrx_word' id='word_1_493' title='bbox 3591 2111 3907 2188; x_wconf 73' lang='lat' dir='ltr'>pluribus,</span> 
     </span>
    </p>
   </div>
   <div class='ocr_carea' id='block_1_73' title="bbox 2216 2186 3890 2255">
    <p class='ocr_par' dir='ltr' id='par_1_73' title="bbox 2216 2186 3890 2255">
     <span class='ocr_line' id='line_1_76' title="bbox 2216 2186 3890 2255; baseline -0.004 -10"><span class='ocrx_word' id='word_1_494' title='bbox 2216 2189 2381 2247; x_wconf 91' lang='lat' dir='ltr'>locis.</span> <span class='ocrx_word' id='word_1_495' title='bbox 2419 2189 2551 2246; x_wconf 89' lang='lat' dir='ltr'>Vide</span> <span class='ocrx_word' id='word_1_496' title='bbox 2592 2188 2696 2244; x_wconf 89' lang='lat' dir='ltr'>lib.</span> <span class='ocrx_word' id='word_1_497' title='bbox 2725 2206 2744 2243; x_wconf 80' lang='grc' dir='ltr'><strong>Ι</strong></span> <span class='ocrx_word' id='word_1_498' title='bbox 2801 2190 2863 2244; x_wconf 89' lang='lat' dir='ltr'>in</span> <span class='ocrx_word' id='word_1_499' title='bbox 2904 2190 3288 2255; x_wconf 75' lang='lat' dir='ltr'>Iovinianum,</span> <span class='ocrx_word' id='word_1_500' title='bbox 3346 2186 3405 2244; x_wconf 83' lang='lat' dir='ltr'>et</span> <span class='ocrx_word' id='word_1_501' title='bbox 3454 2186 3766 2242; x_wconf 85' lang='lat' dir='ltr'>Comment.</span> <span class='ocrx_word' id='word_1_502' title='bbox 3830 2186 3890 2239; x_wconf 82' lang='lat' dir='ltr'>in</span> 
     </span>
    </p>
   </div>
   <div class='ocr_carea' id='block_1_74' title="bbox 2215 2262 2842 2333">
    <p class='ocr_par' dir='ltr' id='par_1_74' title="bbox 2215 2262 2842 2333">
     <span class='ocr_line' id='line_1_77' title="bbox 2215 2262 2842 2333; baseline -0.006 -14"><span class='ocrx_word' id='word_1_503' title='bbox 2215 2264 2558 2327; x_wconf 62' lang='lat' dir='ltr'>Matthwum,</span> <span class='ocrx_word' id='word_1_504' title='bbox 2591 2278 2720 2333; x_wconf 92' lang='lat' dir='ltr'>cap.</span> <span class='ocrx_word' id='word_1_505' title='bbox 2755 2262 2842 2315; x_wconf 87' lang='lat'>20-</span> 
     </span>
    </p>
   </div>
   <div class='ocr_carea' id='block_1_75' title="bbox 2288 2329 3896 2407">
    <p class='ocr_par' dir='ltr' id='par_1_75' title="bbox 2288 2329 3896 2407">
     <span class='ocr_line' id='line_1_78' title="bbox 2288 2329 3896 2407; baseline -0.004 -20"><span class='ocrx_word' id='word_1_506' title='bbox 2288 2336 2401 2406; x_wconf 90' lang='lat'>(28)</span> <span class='ocrx_word' id='word_1_507' title='bbox 2433 2334 2543 2401; x_wconf 88' lang='lat' dir='ltr'>Quo</span> <span class='ocrx_word' id='word_1_508' title='bbox 2572 2342 2625 2407; x_wconf 82' lang='lat' dir='ltr'>et</span> <span class='ocrx_word' id='word_1_509' title='bbox 2646 2329 2779 2407; x_wconf 70' lang='lat' dir='ltr'>novi</span> <span class='ocrx_word' id='word_1_510' title='bbox 2804 2331 3111 2407; x_wconf 64' lang='lat' dir='ltr'>recentium</span> <span class='ocrx_word' id='word_1_511' title='bbox 3132 2347 3386 2407; x_wconf 53' lang='lat' dir='ltr'>errorum</span> <span class='ocrx_word' id='word_1_512' title='bbox 3404 2338 3621 2407; x_wconf 74' lang='lat' dir='ltr'>salares</span> <span class='ocrx_word' id='word_1_513' title='bbox 3640 2329 3862 2407; x_wconf 62' lang='lat' dir='ltr'>eonfun</span> <span class='ocrx_word' id='word_1_514' title='bbox 3878 2356 3896 2369; x_wconf 75' lang='grc' dir='ltr'><strong>ο</strong></span> 
     </span>
    </p>
   </div>
   <div class='ocr_carea' id='block_1_76' title="bbox 2218 2401 3900 2470">
    <p class='ocr_par' dir='ltr' id='par_1_76' title="bbox 2218 2401 3900 2470">
     <span class='ocr_line' id='line_1_79' title="bbox 2218 2401 3900 2470; baseline -0.005 -10"><span class='ocrx_word' id='word_1_515' title='bbox 2218 2401 2500 2460; x_wconf 65' lang='lat' dir='ltr'>cierentur.</span> <span class='ocrx_word' id='word_1_516' title='bbox 2534 2404 2827 2460; x_wconf 89' lang='lat' dir='ltr'>Nimirum</span> <span class='ocrx_word' id='word_1_517' title='bbox 2859 2404 3042 2459; x_wconf 88' lang='lat' dir='ltr'>Ebion</span> <span class='ocrx_word' id='word_1_518' title='bbox 3078 2410 3131 2459; x_wconf 89' lang='lat' dir='ltr'>et</span> <span class='ocrx_word' id='word_1_519' title='bbox 3152 2402 3489 2467; x_wconf 89' lang='lat' dir='ltr'>Cerinthus,</span> <span class='ocrx_word' id='word_1_520' title='bbox 3528 2401 3627 2470; x_wconf 91' lang='lat' dir='ltr'>qui</span> <span class='ocrx_word' id='word_1_521' title='bbox 3661 2401 3721 2454; x_wconf 90' lang='lat' dir='ltr'>in</span> <span class='ocrx_word' id='word_1_522' title='bbox 3750 2401 3900 2454; x_wconf 88' lang='lat' dir='ltr'>Asia</span> 
     </span>
    </p>
   </div>
   <div class='ocr_carea' id='block_1_77' title="bbox 2218 2472 3898 2549">
    <p class='ocr_par' dir='ltr' id='par_1_77' title="bbox 2218 2472 3898 2549">
     <span class='ocr_line' id='line_1_80' title="bbox 2218 2472 3898 2549; baseline -0.005 -17"><span class='ocrx_word' id='word_1_523' title='bbox 2218 2481 2274 2532; x_wconf 86' lang='lat' dir='ltr'>et</span> <span class='ocrx_word' id='word_1_524' title='bbox 2302 2478 2467 2549; x_wconf 87' lang='lat' dir='ltr'>Syria</span> <span class='ocrx_word' id='word_1_525' title='bbox 2505 2476 2728 2530; x_wconf 88' lang='lat' dir='ltr'>zizania</span> <span class='ocrx_word' id='word_1_526' title='bbox 2777 2476 3173 2549; x_wconf 83' lang='lat' dir='ltr'>seminabant,</span> <span class='ocrx_word' id='word_1_527' title='bbox 3225 2481 3283 2531; x_wconf 86' lang='lat' dir='ltr'>et</span> <span class='ocrx_word' id='word_1_528' title='bbox 3332 2474 3548 2549; x_wconf 78' lang='lat' dir='ltr'>Christi</span> <span class='ocrx_word' id='word_1_529' title='bbox 3601 2472 3898 2549; x_wconf 45' lang='lat' dir='ltr'>divinita:</span> 
     </span>
    </p>
   </div>
   <div class='ocr_carea' id='block_1_78' title="bbox 2219 2543 3901 2618">
    <p class='ocr_par' dir='ltr' id='par_1_78' title="bbox 2219 2543 3901 2618">
     <span class='ocr_line' id='line_1_81' title="bbox 2219 2543 3901 2618; baseline -0.002 -17"><span class='ocrx_word' id='word_1_530' title='bbox 2219 2543 2364 2604; x_wconf 59' lang='lat' dir='ltr'>tem&#39;</span> <span class='ocrx_word' id='word_1_531' title='bbox 2395 2549 2777 2618; x_wconf 83' lang='lat' dir='ltr'>denegabant.</span> <span class='ocrx_word' id='word_1_532' title='bbox 2811 2571 2837 2597; x_wconf 86' lang='lat'><strong>«</strong></span> <span class='ocrx_word' id='word_1_533' title='bbox 2881 2543 3251 2603; x_wconf 89' lang='lat' dir='ltr'>Novissimus</span> <span class='ocrx_word' id='word_1_534' title='bbox 3311 2546 3579 2618; x_wconf 87' lang='lat' dir='ltr'>omnium</span> <span class='ocrx_word' id='word_1_535' title='bbox 3640 2543 3901 2615; x_wconf 86' lang='lat' dir='ltr'>scripsit</span> 
     </span>
    </p>
   </div>
   <div class='ocr_carea' id='block_1_79' title="bbox 2215 2617 3895 2702">
    <p class='ocr_par' dir='ltr' id='par_1_79' title="bbox 2215 2617 3895 2702">
     <span class='ocr_line' id='line_1_82' title="bbox 2215 2617 3895 2702; baseline -0.003 -27"><span class='ocrx_word' id='word_1_536' title='bbox 2215 2617 2594 2702; x_wconf 73' lang='lat' dir='ltr'>Evangelium</span> <span class='ocrx_word' id='word_1_537' title='bbox 2627 2619 2845 2702; x_wconf 88' lang='lat' dir='ltr'>(inquit</span> <span class='ocrx_word' id='word_1_538' title='bbox 2874 2620 3263 2702; x_wconf 72' lang='lat' dir='ltr'>Hieronymus</span> <span class='ocrx_word' id='word_1_539' title='bbox 3285 2618 3340 2701; x_wconf 77' lang='lat' dir='ltr'>in</span> <span class='ocrx_word' id='word_1_540' title='bbox 3372 2617 3757 2702; x_wconf 44' lang='lat' dir='ltr'>Scaiptori‘bus</span> <span class='ocrx_word' id='word_1_541' title='bbox 3796 2631 3895 2670; x_wconf 82' lang='lat' dir='ltr'>ec-</span> 
     </span>
    </p>
   </div>
   <div class='ocr_carea' id='block_1_80' title="bbox 2218 2689 3899 2763">
    <p class='ocr_par' dir='ltr' id='par_1_80' title="bbox 2218 2689 3899 2763">
     <span class='ocr_line' id='line_1_83' title="bbox 2218 2689 3899 2763; baseline -0.004 -16"><span class='ocrx_word' id='word_1_542' title='bbox 2218 2689 2535 2748; x_wconf 77' lang='lat' dir='ltr'>clesiasticis</span> <span class='ocrx_word' id='word_1_543' title='bbox 2586 2698 2827 2757; x_wconf 76' lang='lat' dir='ltr'>rogatus</span> <span class='ocrx_word' id='word_1_544' title='bbox 2876 2693 2949 2746; x_wconf 91' lang='lat' dir='ltr'>ab</span> <span class='ocrx_word' id='word_1_545' title='bbox 3007 2689 3161 2763; x_wconf 66' lang='lat' dir='ltr'>Asiae</span> <span class='ocrx_word' id='word_1_546' title='bbox 3218 2690 3532 2763; x_wconf 90' lang='lat' dir='ltr'>episcopis,</span> <span class='ocrx_word' id='word_1_547' title='bbox 3565 2689 3899 2763; x_wconf 69' lang='lat' dir='ltr'>adversus</span> 
     </span>
    </p>
   </div>
   <div class='ocr_carea' id='block_1_81' title="bbox 2217 2760 3899 2833">
    <p class='ocr_par' dir='ltr' id='par_1_81' title="bbox 2217 2760 3899 2833">
     <span class='ocr_line' id='line_1_84' title="bbox 2217 2760 3899 2833; baseline -0.004 -14"><span class='ocrx_word' id='word_1_548' title='bbox 2217 2764 2583 2831; x_wconf 89' lang='lat' dir='ltr'>Cerinthum,</span> <span class='ocrx_word' id='word_1_549' title='bbox 2618 2763 2884 2833; x_wconf 90' lang='lat' dir='ltr'>aliosque</span> <span class='ocrx_word' id='word_1_550' title='bbox 2932 2760 3271 2829; x_wconf 60' lang='lat' dir='ltr'>haereticos,</span> <span class='ocrx_word' id='word_1_551' title='bbox 3317 2767 3373 2817; x_wconf 91' lang='lat' dir='ltr'>et</span> <span class='ocrx_word' id='word_1_552' title='bbox 3421 2760 3682 2816; x_wconf 82' lang='lat' dir='ltr'>maxime</span> <span class='ocrx_word' id='word_1_553' title='bbox 3731 2765 3899 2833; x_wconf 65' lang='lat' dir='ltr'>tunc</span> 
     </span>
    </p>
   </div>
   <div class='ocr_carea' id='block_1_82' title="bbox 2216 2831 3898 2906">
    <p class='ocr_par' dir='ltr' id='par_1_82' title="bbox 2216 2831 3898 2906">
     <span class='ocr_line' id='line_1_85' title="bbox 2216 2831 3898 2906; baseline -0.002 -17"><span class='ocrx_word' id='word_1_554' title='bbox 2216 2836 2621 2891; x_wconf 88' lang='lat' dir='ltr'>Ebionitarum</span> <span class='ocrx_word' id='word_1_555' title='bbox 2655 2831 3249 2906; x_wconf 75' lang='lat' dir='ltr'>dogmaconsurgens,</span> <span class='ocrx_word' id='word_1_556' title='bbox 3283 2834 3384 2905; x_wconf 91' lang='lat' dir='ltr'>qui</span> <span class='ocrx_word' id='word_1_557' title='bbox 3417 2837 3697 2888; x_wconf 81' lang='lat' dir='ltr'>asserunt</span> <span class='ocrx_word' id='word_1_558' title='bbox 3716 2831 3898 2887; x_wconf 89' lang='lat' dir='ltr'>Chri-</span> 
     </span>
    </p>
   </div>
   <div class='ocr_carea' id='block_1_83' title="bbox 2218 2906 3888 2962">
    <p class='ocr_par' dir='ltr' id='par_1_83' title="bbox 2218 2906 3888 2962">
     <span class='ocr_line' id='line_1_86' title="bbox 2218 2906 3888 2962; baseline -0.002 0"><span class='ocrx_word' id='word_1_559' title='bbox 2218 2914 2374 2962; x_wconf 91' lang='lat' dir='ltr'>stum</span> <span class='ocrx_word' id='word_1_560' title='bbox 2410 2912 2543 2962; x_wconf 87' lang='lat' dir='ltr'>ante</span> <span class='ocrx_word' id='word_1_561' title='bbox 2573 2906 2816 2961; x_wconf 89' lang='lat' dir='ltr'>Mariam</span> <span class='ocrx_word' id='word_1_562' title='bbox 2850 2923 2961 2961; x_wconf 91' lang='lat' dir='ltr'>non</span> <span class='ocrx_word' id='word_1_563' title='bbox 2996 2906 3199 2961; x_wconf 87' lang='lat' dir='ltr'>fuisse.</span> <span class='ocrx_word' id='word_1_564' title='bbox 3232 2924 3263 2957; x_wconf 85' lang='lat'><strong><em>»</em></strong></span> <span class='ocrx_word' id='word_1_565' title='bbox 3316 2906 3589 2960; x_wconf 88' lang='lat' dir='ltr'>Eamdem</span> <span class='ocrx_word' id='word_1_566' title='bbox 3623 2920 3888 2959; x_wconf 88' lang='lat' dir='ltr'>causam</span> 
     </span>
    </p>
   </div>
   <div class='ocr_carea' id='block_1_84' title="bbox 2217 2976 3894 3050">
    <p class='ocr_par' dir='ltr' id='par_1_84' title="bbox 2217 2976 3894 3050">
     <span class='ocr_line' id='line_1_87' title="bbox 2217 2976 3894 3050; baseline -0.003 -15"><span class='ocrx_word' id='word_1_567' title='bbox 2217 2979 2417 3050; x_wconf 88' lang='lat' dir='ltr'>scripti</span> <span class='ocrx_word' id='word_1_568' title='bbox 2447 2997 2480 3034; x_wconf 92' lang='lat' dir='ltr'>a</span> <span class='ocrx_word' id='word_1_569' title='bbox 2502 2980 2568 3050; x_wconf 81' lang='lat' dir='ltr'>S.</span> <span class='ocrx_word' id='word_1_570' title='bbox 2591 2978 2815 3033; x_wconf 88' lang='lat' dir='ltr'>Joanne</span> <span class='ocrx_word' id='word_1_571' title='bbox 2841 2978 3139 3049; x_wconf 88' lang='lat' dir='ltr'>Evangelii</span> <span class='ocrx_word' id='word_1_572' title='bbox 3175 2976 3359 3033; x_wconf 90' lang='lat' dir='ltr'>multo</span> <span class='ocrx_word' id='word_1_573' title='bbox 3393 2982 3527 3033; x_wconf 91' lang='lat' dir='ltr'>ante</span> <span class='ocrx_word' id='word_1_574' title='bbox 3561 2981 3894 3050; x_wconf 75' lang='lat' dir='ltr'>aperuerat</span> 
     </span>
    </p>
   </div>
   <div class='ocr_carea' id='block_1_85' title="bbox 2216 3049 3895 3120">
    <p class='ocr_par' dir='ltr' id='par_1_85' title="bbox 2216 3049 3895 3120">
     <span class='ocr_line' id='line_1_88' title="bbox 2216 3049 3895 3120; baseline -0.002 -15"><span class='ocrx_word' id='word_1_575' title='bbox 2216 3057 2272 3105; x_wconf 92' lang='lat' dir='ltr'>S.</span> <span class='ocrx_word' id='word_1_576' title='bbox 2306 3049 2536 3118; x_wconf 66' lang='lat' dir='ltr'>Ireaaus,</span> <span class='ocrx_word' id='word_1_577' title='bbox 2563 3049 2710 3105; x_wconf 90' lang='lat' dir='ltr'>libro</span> <span class='ocrx_word' id='word_1_578' title='bbox 2742 3068 2806 3105; x_wconf 83' lang='lat' dir='ltr'><strong>III</strong></span> <span class='ocrx_word' id='word_1_579' title='bbox 2830 3050 3099 3105; x_wconf 84' lang='lat' dir='ltr'>Adversus</span> <span class='ocrx_word' id='word_1_580' title='bbox 3127 3050 3385 3115; x_wconf 69' lang='lat' dir='ltr'>haereses,</span> <span class='ocrx_word' id='word_1_581' title='bbox 3441 3064 3547 3120; x_wconf 89' lang='lat' dir='ltr'>cap</span> <span class='ocrx_word' id='word_1_582' title='bbox 3600 3049 3697 3117; x_wconf 84' lang='grc'>11,</span> <span class='ocrx_word' id='word_1_583' title='bbox 3723 3049 3895 3102; x_wconf 87' lang='lat' dir='ltr'>unde</span> 
     </span>
    </p>
   </div>
   <div class='ocr_carea' id='block_1_86' title="bbox 2222 3120 3893 3193">
    <p class='ocr_par' dir='ltr' id='par_1_86' title="bbox 2222 3120 3893 3193">
     <span class='ocr_line' id='line_1_89' title="bbox 2222 3120 3893 3193; baseline -0.002 -17"><span class='ocrx_word' id='word_1_584' title='bbox 2222 3123 2337 3177; x_wconf 87' lang='lat' dir='ltr'>fere</span> <span class='ocrx_word' id='word_1_585' title='bbox 2366 3123 2464 3177; x_wconf 88' lang='lat' dir='ltr'>alii</span> <span class='ocrx_word' id='word_1_586' title='bbox 2497 3138 2703 3179; x_wconf 91' lang='lat' dir='ltr'>omnes</span> <span class='ocrx_word' id='word_1_587' title='bbox 2734 3123 3207 3193; x_wconf 90' lang='lat' dir='ltr'>desumpserunt.</span> <span class='ocrx_word' id='word_1_588' title='bbox 3244 3143 3268 3193; x_wconf 68' lang='grc' dir='ltr'><em>ᾳ</em></span> <span class='ocrx_word' id='word_1_589' title='bbox 3321 3121 3481 3193; x_wconf 86' lang='lat' dir='ltr'>Hanc</span> <span class='ocrx_word' id='word_1_590' title='bbox 3516 3120 3743 3193; x_wconf 71' lang='lat' dir='ltr'>tidem,</span> <span class='ocrx_word' id='word_1_591' title='bbox 3801 3120 3893 3174; x_wconf 88' lang='lat' dir='ltr'>in-</span> 
     </span>
    </p>
   </div>
   <div class='ocr_carea' id='block_1_87' title="bbox 2221 3190 3894 3266">
    <p class='ocr_par' dir='ltr' id='par_1_87' title="bbox 2221 3190 3894 3266">
     <span class='ocr_line' id='line_1_90' title="bbox 2221 3190 3894 3266; baseline -0.002 -17"><span class='ocrx_word' id='word_1_592' title='bbox 2221 3195 2366 3266; x_wconf 90' lang='lat' dir='ltr'>quit,</span> <span class='ocrx_word' id='word_1_593' title='bbox 2399 3197 2759 3251; x_wconf 84' lang='lat' dir='ltr'>annuntians</span> <span class='ocrx_word' id='word_1_594' title='bbox 2791 3190 3044 3249; x_wconf 80' lang='lat' dir='ltr'>Joannes</span> <span class='ocrx_word' id='word_1_595' title='bbox 3097 3192 3334 3266; x_wconf 91' lang='lat' dir='ltr'>Domini</span> <span class='ocrx_word' id='word_1_596' title='bbox 3382 3190 3738 3266; x_wconf 78' lang='lat' dir='ltr'>discipulus,</span> <span class='ocrx_word' id='word_1_597' title='bbox 3791 3208 3894 3246; x_wconf 92' lang='lat' dir='ltr'>vo-</span> 
     </span>
    </p>
   </div>
   <div class='ocr_carea' id='block_1_88' title="bbox 2220 3264 3892 3338">
    <p class='ocr_par' dir='ltr' id='par_1_88' title="bbox 2220 3264 3892 3338">
     <span class='ocr_line' id='line_1_91' title="bbox 2220 3264 3892 3338; baseline -0.002 -17"><span class='ocrx_word' id='word_1_598' title='bbox 2220 3264 2345 3321; x_wconf 84' lang='lat' dir='ltr'>lens</span> <span class='ocrx_word' id='word_1_599' title='bbox 2379 3284 2480 3337; x_wconf 89' lang='lat' dir='ltr'>per</span> <span class='ocrx_word' id='word_1_600' title='bbox 2532 3266 2825 3338; x_wconf 88' lang='lat' dir='ltr'>Evangelii</span> <span class='ocrx_word' id='word_1_601' title='bbox 2859 3265 3366 3321; x_wconf 89' lang='lat' dir='ltr'>annuntiationem</span> <span class='ocrx_word' id='word_1_602' title='bbox 3428 3264 3657 3338; x_wconf 78' lang='lat' dir='ltr'>auferre</span> <span class='ocrx_word' id='word_1_603' title='bbox 3718 3280 3892 3330; x_wconf 88' lang='lat' dir='ltr'>eum,</span> 
     </span>
    </p>
   </div>
   <div class='ocr_carea' id='block_1_89' title="bbox 2221 3335 3894 3409">
    <p class='ocr_par' dir='ltr' id='par_1_89' title="bbox 2221 3335 3894 3409">
     <span class='ocr_line' id='line_1_92' title="bbox 2221 3335 3894 3409; baseline -0.002 -18"><span class='ocrx_word' id='word_1_604' title='bbox 2221 3340 2318 3409; x_wconf 90' lang='lat' dir='ltr'>qui</span> <span class='ocrx_word' id='word_1_605' title='bbox 2346 3335 3109 3395; x_wconf 41' lang='lat' dir='ltr'>a&#39;Cerinthoinseminatus</span> <span class='ocrx_word' id='word_1_606' title='bbox 3140 3342 3266 3392; x_wconf 90' lang='lat' dir='ltr'>erat</span> <span class='ocrx_word' id='word_1_607' title='bbox 3322 3335 3687 3409; x_wconf 74' lang='lat' dir='ltr'>hominibus,</span> <span class='ocrx_word' id='word_1_608' title='bbox 3721 3351 3894 3409; x_wconf 74' lang='lat' dir='ltr'>erro-</span> 
     </span>
    </p>
   </div>
   <div class='ocr_carea' id='block_1_90' title="bbox 2221 3406 3891 3482">
    <p class='ocr_par' dir='ltr' id='par_1_90' title="bbox 2221 3406 3891 3482">
     <span class='ocr_line' id='line_1_93' title="bbox 2221 3406 3891 3482; baseline -0.002 -18"><span class='ocrx_word' id='word_1_609' title='bbox 2221 3406 2365 3475; x_wconf 74' lang='lat' dir='ltr'>rem,</span> <span class='ocrx_word' id='word_1_610' title='bbox 2399 3415 2456 3465; x_wconf 89' lang='lat' dir='ltr'>et</span> <span class='ocrx_word' id='word_1_611' title='bbox 2483 3411 2668 3468; x_wconf 89' lang='lat' dir='ltr'>multo</span> <span class='ocrx_word' id='word_1_612' title='bbox 2720 3411 2884 3482; x_wconf 91' lang='lat' dir='ltr'>prius</span> <span class='ocrx_word' id='word_1_613' title='bbox 2915 3411 2986 3467; x_wconf 89' lang='lat' dir='ltr'>ab</span> <span class='ocrx_word' id='word_1_614' title='bbox 3035 3409 3150 3480; x_wconf 91' lang='lat' dir='ltr'>his,</span> <span class='ocrx_word' id='word_1_615' title='bbox 3185 3408 3283 3480; x_wconf 91' lang='lat' dir='ltr'>qui</span> <span class='ocrx_word' id='word_1_616' title='bbox 3313 3408 3595 3463; x_wconf 89' lang='lat' dir='ltr'>dicuntur</span> <span class='ocrx_word' id='word_1_617' title='bbox 3621 3406 3891 3463; x_wconf 86' lang='lat' dir='ltr'>Nicolai-</span> 
     </span>
    </p>
   </div>
   <div class='ocr_carea' id='block_1_91' title="bbox 2220 3486 2507 3537">
    <p class='ocr_par' dir='ltr' id='par_1_91' title="bbox 2220 3486 2507 3537">
     <span class='ocr_line' id='line_1_94' title="bbox 2220 3486 2507 3537; baseline 0 0"><span class='ocrx_word' id='word_1_618' title='bbox 2220 3486 2309 3537; x_wconf 62' lang='lat' dir='ltr'>tae.</span> <span class='ocrx_word' id='word_1_619' title='bbox 2336 3504 2364 3531; x_wconf 88' lang='grc'>››</span> <span class='ocrx_word' id='word_1_620' title='bbox 2397 3487 2507 3537; x_wconf 88' lang='lat' dir='ltr'>etc.</span> 
     </span>
    </p>
   </div>
   <div class='ocr_carea' id='block_1_92' title="bbox 1954 3860 2364 3919">
    <p class='ocr_par' dir='ltr' id='par_1_92' title="bbox 1954 3860 2364 3919">
     <span class='ocr_line' id='line_1_95' title="bbox 1954 3860 2364 3919; baseline 0.01 -4"><span class='ocrx_word' id='word_1_621' title='bbox 1954 3860 2186 3917; x_wconf 84' lang='lat' dir='ltr'>CAPUT</span> <span class='ocrx_word' id='word_1_622' title='bbox 2214 3861 2364 3919; x_wconf 89' lang='lat' dir='ltr'>XIV.</span> 
     </span>
    </p>
   </div>
   <div class='ocr_carea' id='block_1_93' title="bbox 631 3973 3694 4047">
    <p class='ocr_par' dir='ltr' id='par_1_93' title="bbox 631 3973 3694 4047">
     <span class='ocr_line' id='line_1_96' title="bbox 631 3973 3694 4047; baseline 0 -17"><span class='ocrx_word' id='word_1_623' title='bbox 631 3973 889 4047; x_wconf 74' lang='lat' dir='ltr'>Dionysii</span> <span class='ocrx_word' id='word_1_624' title='bbox 916 3975 987 4031; x_wconf 83' lang='lat' dir='ltr'>ad</span> <span class='ocrx_word' id='word_1_625' title='bbox 1012 3978 1282 4032; x_wconf 83' lang='lat' dir='ltr'>Joannem</span> <span class='ocrx_word' id='word_1_626' title='bbox 1310 3976 1615 4047; x_wconf 83' lang='lat' dir='ltr'>apostolum</span> <span class='ocrx_word' id='word_1_627' title='bbox 1632 3979 1694 4032; x_wconf 84' lang='lat' dir='ltr'>in</span> <span class='ocrx_word' id='word_1_628' title='bbox 1725 3981 1930 4035; x_wconf 87' lang='lat' dir='ltr'>Patmo</span> <span class='ocrx_word' id='word_1_629' title='bbox 1958 3980 2205 4036; x_wconf 73' lang='lat' dir='ltr'>exsulem</span> <span class='ocrx_word' id='word_1_630' title='bbox 2238 3978 2450 4039; x_wconf 70' lang='lat' dir='ltr'>litterae</span> <span class='ocrx_word' id='word_1_631' title='bbox 2468 3998 2490 4037; x_wconf 79' lang='lat'>.°</span> <span class='ocrx_word' id='word_1_632' title='bbox 2520 3990 2572 4037; x_wconf 84' lang='lat' dir='ltr'>et</span> <span class='ocrx_word' id='word_1_633' title='bbox 2602 3978 2873 4037; x_wconf 85' lang='lat' dir='ltr'>nonnulla</span> <span class='ocrx_word' id='word_1_634' title='bbox 2901 3977 2967 4034; x_wconf 83' lang='lat' dir='ltr'>de</span> <span class='ocrx_word' id='word_1_635' title='bbox 2996 3976 3202 4034; x_wconf 75' lang='lat' dir='ltr'>sanctis</span> <span class='ocrx_word' id='word_1_636' title='bbox 3232 3973 3694 4032; x_wconf 81' lang='lat' dir='ltr'>revelationibus.</span> 
     </span>
    </p>
   </div>
   <div class='ocr_carea' id='block_1_94' title="bbox 526 4120 1418 4192">
    <p class='ocr_par' dir='ltr' id='par_1_94' title="bbox 526 4120 1418 4192">
     <span class='ocr_line' id='line_1_97' title="bbox 526 4120 1418 4192; baseline 0 -19"><span class='ocrx_word' id='word_1_637' title='bbox 526 4123 871 4192; x_wconf 69' lang='lat' dir='ltr'>promsws,</span> <span class='ocrx_word' id='word_1_638' title='bbox 901 4134 1107 4174; x_wconf 60' lang='lat' dir='ltr'>sexum</span> <span class='ocrx_word' id='word_1_639' title='bbox 1132 4120 1418 4192; x_wconf 84' lang='lat' dir='ltr'>apostolo.</span> 
     </span>
    </p>
   </div>
   <div class='ocr_carea' id='block_1_95' title="bbox 528 4190 3890 4269">
    <p class='ocr_par' dir='ltr' id='par_1_95' title="bbox 528 4190 3890 4269">
     <span class='ocr_line' id='line_1_98' title="bbox 528 4190 3890 4269; baseline -0.001 -23"><span class='ocrx_word' id='word_1_640' title='bbox 528 4190 732 4269; x_wconf 82' lang='lat' dir='ltr'>Saluto</span> <span class='ocrx_word' id='word_1_641' title='bbox 766 4203 1030 4269; x_wconf 79' lang='lat' dir='ltr'>sanctam</span> <span class='ocrx_word' id='word_1_642' title='bbox 1068 4190 1322 4269; x_wconf 70' lang='lat' dir='ltr'>animum</span> <span class='ocrx_word' id='word_1_643' title='bbox 1356 4199 1543 4258; x_wconf 90' lang='lat' dir='ltr'>tuam,</span> <span class='ocrx_word' id='word_1_644' title='bbox 1576 4209 1608 4247; x_wconf 94' lang='lat' dir='ltr'>o</span> <span class='ocrx_word' id='word_1_645' title='bbox 1639 4190 1870 4259; x_wconf 88' lang='lat' dir='ltr'>dilecte,</span> <span class='ocrx_word' id='word_1_646' title='bbox 1904 4197 2012 4248; x_wconf 91' lang='lat' dir='ltr'>etc.</span> <span class='ocrx_word' id='word_1_647' title='bbox 2052 4193 2181 4249; x_wconf 82' lang='lat' dir='ltr'>Vide</span> <span class='ocrx_word' id='word_1_648' title='bbox 2209 4195 2354 4250; x_wconf 83' lang='lat' dir='ltr'>inter</span> <span class='ocrx_word' id='word_1_649' title='bbox 2382 4195 2663 4268; x_wconf 82' lang='lat' dir='ltr'>epistolas.</span> <span class='ocrx_word' id='word_1_650' title='bbox 2700 4194 2754 4250; x_wconf 90' lang='lat' dir='ltr'>S.</span> <span class='ocrx_word' id='word_1_651' title='bbox 2784 4195 3041 4269; x_wconf 83' lang='lat' dir='ltr'>Dionysii</span> <span class='ocrx_word' id='word_1_652' title='bbox 3064 4212 3199 4268; x_wconf 89' lang='lat' dir='ltr'>quas</span> <span class='ocrx_word' id='word_1_653' title='bbox 3228 4203 3372 4251; x_wconf 87' lang='lat' dir='ltr'>lomo</span> <span class='ocrx_word' id='word_1_654' title='bbox 3401 4196 3425 4250; x_wconf 88' lang='lat'><strong><em>1</em></strong></span> <span class='ocrx_word' id='word_1_655' title='bbox 3457 4194 3590 4265; x_wconf 86' lang='lat' dir='ltr'>Opp.</span> <span class='ocrx_word' id='word_1_656' title='bbox 3624 4191 3682 4246; x_wconf 90' lang='lat' dir='ltr'>S.</span> <span class='ocrx_word' id='word_1_657' title='bbox 3718 4191 3890 4245; x_wconf 66' lang='lat' dir='ltr'>&quot;wn.</span> 
     </span>
    </p>
   </div>
   <div class='ocr_carea' id='block_1_96' title="bbox 462 4262 1202 4330">
    <p class='ocr_par' dir='ltr' id='par_1_96' title="bbox 462 4262 1202 4330">
     <span class='ocr_line' id='line_1_99' title="bbox 462 4262 1202 4330; baseline 0.003 -15"><span class='ocrx_word' id='word_1_658' title='bbox 462 4262 793 4330; x_wconf 85' lang='lat' dir='ltr'>recudimus,</span> <span class='ocrx_word' id='word_1_659' title='bbox 818 4263 916 4317; x_wconf 87' lang='lat' dir='ltr'>sub</span> <span class='ocrx_word' id='word_1_660' title='bbox 949 4280 1099 4317; x_wconf 88' lang='lat' dir='ltr'>num.</span> <span class='ocrx_word' id='word_1_661' title='bbox 1144 4266 1202 4318; x_wconf 82' lang='lat' dir='ltr'>X.</span> 
     </span>
    </p>
   </div>
   <div class='ocr_carea' id='block_1_97' title="bbox 526 4336 676 4389">
    <p class='ocr_par' dir='ltr' id='par_1_97' title="bbox 526 4336 676 4389">
     <span class='ocr_line' id='line_1_100' title="bbox 526 4336 676 4389; baseline 0 0"><span class='ocrx_word' id='word_1_662' title='bbox 526 4336 676 4389; x_wconf 74' lang='grc'>477</span> 
     </span>
    </p>
   </div>
   <div class='ocr_carea' id='block_1_98' title="bbox 719 4332 3894 4408">
    <p class='ocr_par' dir='ltr' id='par_1_98' title="bbox 719 4332 3894 4408">
     <span class='ocr_line' id='line_1_101' title="bbox 719 4332 3894 4408; baseline -0.002 -18"><span class='ocrx_word' id='word_1_663' title='bbox 719 4338 1089 4408; x_wconf 71' lang='lat' dir='ltr'>Quaecunque</span> <span class='ocrx_word' id='word_1_664' title='bbox 1123 4335 1181 4389; x_wconf 93' lang='lat' dir='ltr'>in</span> <span class='ocrx_word' id='word_1_665' title='bbox 1206 4335 1297 4408; x_wconf 88' lang='lat' dir='ltr'>bis</span> <span class='ocrx_word' id='word_1_666' title='bbox 1329 4334 1862 4408; x_wconf 72' lang='lat' dir='ltr'>litterisprzedixit,</span> <span class='ocrx_word' id='word_1_667' title='bbox 1895 4336 2052 4390; x_wconf 88' lang='lat' dir='ltr'>brevi</span> <span class='ocrx_word' id='word_1_668' title='bbox 2085 4341 2308 4408; x_wconf 86' lang='lat' dir='ltr'>postea,</span> <span class='ocrx_word' id='word_1_669' title='bbox 2342 4336 2425 4392; x_wconf 91' lang='lat' dir='ltr'>uti</span> <span class='ocrx_word' id='word_1_670' title='bbox 2458 4336 2745 4408; x_wconf 65' lang='lat' dir='ltr'>praedixit,</span> <span class='ocrx_word' id='word_1_671' title='bbox 2773 4353 3035 4395; x_wconf 86' lang='lat' dir='ltr'>evenere.</span> <span class='ocrx_word' id='word_1_672' title='bbox 3068 4339 3326 4394; x_wconf 90' lang='lat' dir='ltr'>Joannes</span> <span class='ocrx_word' id='word_1_673' title='bbox 3358 4335 3539 4402; x_wconf 92' lang='lat' dir='ltr'>enim,</span> <span class='ocrx_word' id='word_1_674' title='bbox 3565 4332 3894 4408; x_wconf 78' lang='lat' dir='ltr'>discipulus</span> 
     </span>
    </p>
   </div>
   <div class='ocr_carea' id='block_1_99' title="bbox 453 4403 3891 4481">
    <p class='ocr_par' dir='ltr' id='par_1_99' title="bbox 453 4403 3891 4481">
     <span class='ocr_line' id='line_1_102' title="bbox 453 4403 3891 4481; baseline -0.001 -22"><span class='ocrx_word' id='word_1_675' title='bbox 453 4403 735 4481; x_wconf 68' lang='lat' dir='ltr'>illequem</span> <span class='ocrx_word' id='word_1_676' title='bbox 766 4403 1040 4480; x_wconf 77' lang='lat' dir='ltr'>diligebat</span> <span class='ocrx_word' id='word_1_677' title='bbox 1064 4407 1323 4478; x_wconf 83' lang='lat' dir='ltr'>Jesus(h),</span> <span class='ocrx_word' id='word_1_678' title='bbox 1357 4403 1683 4481; x_wconf 78' lang='lat' dir='ltr'>Domitiano</span> <span class='ocrx_word' id='word_1_679' title='bbox 1719 4414 1956 4480; x_wconf 91' lang='lat' dir='ltr'>propter</span> <span class='ocrx_word' id='word_1_680' title='bbox 1989 4403 2233 4481; x_wconf 76' lang='lat' dir='ltr'>nimiam</span> <span class='ocrx_word' id='word_1_681' title='bbox 2256 4403 2600 4481; x_wconf 84' lang='lat' dir='ltr'>superbiam</span> <span class='ocrx_word' id='word_1_682' title='bbox 2634 4416 2689 4465; x_wconf 88' lang='lat' dir='ltr'>et</span> <span class='ocrx_word' id='word_1_683' title='bbox 2719 4403 3144 4466; x_wconf 83' lang='lat' dir='ltr'>immanitatem</span> <span class='ocrx_word' id='word_1_684' title='bbox 3178 4408 3503 4481; x_wconf 11' lang='lat' dir='ltr'>imperioget</span> <span class='ocrx_word' id='word_1_685' title='bbox 3534 4407 3653 4460; x_wconf 87' lang='lat' dir='ltr'>vita</span> <span class='ocrx_word' id='word_1_686' title='bbox 3688 4404 3891 4471; x_wconf 85' lang='lat' dir='ltr'>pulso,</span> 
     </span>
    </p>
   </div>
   <div class='ocr_carea' id='block_1_100' title="bbox 460 4478 3886 4554">
    <p class='ocr_par' dir='ltr' id='par_1_100' title="bbox 460 4478 3886 4554">
     <span class='ocr_line' id='line_1_103' title="bbox 460 4478 3886 4554; baseline -0.001 -22"><span class='ocrx_word' id='word_1_687' title='bbox 460 4478 726 4554; x_wconf 73' lang='lat' dir='ltr'>actiSque</span> <span class='ocrx_word' id='word_1_688' title='bbox 757 4478 889 4551; x_wconf 82' lang='lat' dir='ltr'>ejus</span> <span class='ocrx_word' id='word_1_689' title='bbox 919 4497 951 4533; x_wconf 91' lang='lat' dir='ltr'>a</span> <span class='ocrx_word' id='word_1_690' title='bbox 982 4484 1186 4554; x_wconf 79' lang='lat' dir='ltr'>senatu</span> <span class='ocrx_word' id='word_1_691' title='bbox 1212 4480 1509 4554; x_wconf 73' lang='lat' dir='ltr'>rescissis,</span> <span class='ocrx_word' id='word_1_692' title='bbox 1546 4480 1611 4554; x_wconf 86' lang='lat' dir='ltr'>in</span> <span class='ocrx_word' id='word_1_693' title='bbox 1636 4478 2193 4554; x_wconf 40' lang='lat' dir='ltr'>Asiam—dominante</span> <span class='ocrx_word' id='word_1_694' title='bbox 2223 4478 2427 4547; x_wconf 77' lang='lat' dir='ltr'>Nerva,</span> <span class='ocrx_word' id='word_1_695' title='bbox 2480 4481 2680 4537; x_wconf 89' lang='lat' dir='ltr'>salvus</span> <span class='ocrx_word' id='word_1_696' title='bbox 2710 4482 3143 4554; x_wconf 84' lang='lat' dir='ltr'>incolumisque</span> <span class='ocrx_word' id='word_1_697' title='bbox 3175 4478 3508 4554; x_wconf 47' lang='lat' dir='ltr'>red—iit._Ubi</span> <span class='ocrx_word' id='word_1_698' title='bbox 3532 4480 3886 4554; x_wconf 79' lang='lat' dir='ltr'>et_Evange-</span> 
     </span>
    </p>
   </div>
   <div class='ocr_carea' id='block_1_101' title="bbox 460 4546 3885 4625">
    <p class='ocr_par' dir='ltr' id='par_1_101' title="bbox 460 4546 3885 4625">
     <span class='ocr_line' id='line_1_104' title="bbox 460 4546 3885 4625; baseline 0 -22"><span class='ocrx_word' id='word_1_699' title='bbox 460 4548 607 4625; x_wconf 75' lang='lat' dir='ltr'>lium</span> <span class='ocrx_word' id='word_1_700' title='bbox 629 4546 1027 4625; x_wconf 8' lang='lat' dir='ltr'>&#39;suum,pquod</span> <span class='ocrx_word' id='word_1_701' title='bbox 1061 4552 1131 4606; x_wconf 92' lang='lat' dir='ltr'>ad</span> <span class='ocrx_word' id='word_1_702' title='bbox 1162 4550 1380 4607; x_wconf 89' lang='lat' dir='ltr'>Christi</span> <span class='ocrx_word' id='word_1_703' title='bbox 1404 4551 1789 4625; x_wconf 87' lang='lat' dir='ltr'>imitationem</span> <span class='ocrx_word' id='word_1_704' title='bbox 1832 4553 2081 4620; x_wconf 89' lang='lat' dir='ltr'>inducit,</span> <span class='ocrx_word' id='word_1_705' title='bbox 2114 4559 2567 4625; x_wconf 86' lang='lat' dir='ltr'>propterearque</span> <span class='ocrx_word' id='word_1_706' title='bbox 2590 4554 2721 4609; x_wconf 91' lang='lat' dir='ltr'>boni</span> <span class='ocrx_word' id='word_1_707' title='bbox 2759 4554 2860 4610; x_wconf 91' lang='lat' dir='ltr'>Dei</span> <span class='ocrx_word' id='word_1_708' title='bbox 2901 4546 3152 4609; x_wconf 79' lang='lat' dir='ltr'>imitatio</span> <span class='ocrx_word' id='word_1_709' title='bbox 3183 4559 3272 4610; x_wconf 85' lang='lat' dir='ltr'>est</span> <span class='ocrx_word' id='word_1_710' title='bbox 3304 4571 3335 4608; x_wconf 91' lang='lat' dir='ltr'>a</span> <span class='ocrx_word' id='word_1_711' title='bbox 3368 4548 3645 4625; x_wconf 76' lang='lat' dir='ltr'>Dionysio</span> <span class='ocrx_word' id='word_1_712' title='bbox 3672 4546 3885 4625; x_wconf 81' lang='lat' dir='ltr'>appel-</span> 
     </span>
    </p>
   </div>
   <div class='ocr_carea' id='block_1_102' title="bbox 462 4618 3887 4699">
    <p class='ocr_par' dir='ltr' id='par_1_102' title="bbox 462 4618 3887 4699">
     <span class='ocr_line' id='line_1_105' title="bbox 462 4618 3887 4699; baseline -0.001 -25"><span class='ocrx_word' id='word_1_713' title='bbox 462 4618 790 4699; x_wconf 81' lang='lat' dir='ltr'>latumjam</span> <span class='ocrx_word' id='word_1_714' title='bbox 822 4618 1063 4699; x_wconf 73' lang='lat' dir='ltr'>Circiter</span> <span class='ocrx_word' id='word_1_715' title='bbox 1102 4622 1534 4699; x_wconf 81' lang='lat' dir='ltr'>nonagenarius</span> <span class='ocrx_word' id='word_1_716' title='bbox 1585 4625 1855 4699; x_wconf 73' lang='lat' dir='ltr'>exaravit.</span> <span class='ocrx_word' id='word_1_717' title='bbox 1892 4626 1997 4691; x_wconf 91' lang='lat' dir='ltr'>Qui</span> <span class='ocrx_word' id='word_1_718' title='bbox 2036 4618 2341 4699; x_wconf 67' lang='lat' dir='ltr'>bicporro</span> <span class='ocrx_word' id='word_1_719' title='bbox 2373 4618 2691 4681; x_wconf 52' lang='lat' dir='ltr'>Dei&#39;nostri</span> <span class='ocrx_word' id='word_1_720' title='bbox 2740 4627 3164 4699; x_wconf 87' lang='lat' dir='ltr'>benignitatem</span> <span class='ocrx_word' id='word_1_721' title='bbox 3217 4626 3307 4699; x_wconf 86' lang='lat' dir='ltr'>(ad</span> <span class='ocrx_word' id='word_1_722' title='bbox 3341 4641 3494 4699; x_wconf 73' lang='lat' dir='ltr'>eum</span> <span class='ocrx_word' id='word_1_723' title='bbox 3524 4618 3692 4677; x_wconf 78' lang='lat' dir='ltr'>enim</span> <span class='ocrx_word' id='word_1_724' title='bbox 3726 4621 3887 4699; x_wconf 78' lang='lat' dir='ltr'>bona</span> 
     </span>
    </p>
   </div>
   <div class='ocr_carea' id='block_1_103' title="bbox 456 4691 3890 4769">
    <p class='ocr_par' dir='ltr' id='par_1_103' title="bbox 456 4691 3890 4769">
     <span class='ocr_line' id='line_1_106' title="bbox 456 4691 3890 4769; baseline -0.001 -22"><span class='ocrx_word' id='word_1_725' title='bbox 456 4691 964 4769; x_wconf 50' lang='lat' dir='ltr'>omnia&#39;tanquam</span> <span class='ocrx_word' id='word_1_726' title='bbox 997 4695 1067 4769; x_wconf 78' lang='lat' dir='ltr'>ad</span> <span class='ocrx_word' id='word_1_727' title='bbox 1102 4691 1319 4769; x_wconf 74' lang='lat' dir='ltr'>fontem</span> <span class='ocrx_word' id='word_1_728' title='bbox 1353 4696 1702 4769; x_wconf 81' lang='lat' dir='ltr'>remittenda</span> <span class='ocrx_word' id='word_1_729' title='bbox 1735 4701 1916 4764; x_wconf 88' lang='lat' dir='ltr'>sunt),</span> <span class='ocrx_word' id='word_1_730' title='bbox 1952 4696 2083 4767; x_wconf 90' lang='lat' dir='ltr'>quis</span> <span class='ocrx_word' id='word_1_731' title='bbox 2110 4691 2221 4764; x_wconf 78' lang='lat' dir='ltr'>hic,</span> <span class='ocrx_word' id='word_1_732' title='bbox 2259 4699 2525 4769; x_wconf 90' lang='lat' dir='ltr'>inquam,</span> <span class='ocrx_word' id='word_1_733' title='bbox 2576 4699 2704 4768; x_wconf 87' lang='lat' dir='ltr'>ejus</span> <span class='ocrx_word' id='word_1_734' title='bbox 2764 4699 2821 4753; x_wconf 91' lang='lat' dir='ltr'>in</span> <span class='ocrx_word' id='word_1_735' title='bbox 2855 4691 3052 4753; x_wconf 59' lang='lat' dir='ltr'>ssrvos</span> <span class='ocrx_word' id='word_1_736' title='bbox 3083 4691 3231 4753; x_wconf 83' lang='lat' dir='ltr'>suos</span> <span class='ocrx_word' id='word_1_737' title='bbox 3266 4694 3689 4769; x_wconf 77' lang='lat' dir='ltr'>benignitatem</span> <span class='ocrx_word' id='word_1_738' title='bbox 3736 4691 3890 4745; x_wconf 83' lang='lat' dir='ltr'>satis</span> 
     </span>
    </p>
   </div>
   <div class='ocr_carea' id='block_1_104' title="bbox 454 4764 3889 4840">
    <p class='ocr_par' dir='ltr' id='par_1_104' title="bbox 454 4764 3889 4840">
     <span class='ocr_line' id='line_1_107' title="bbox 454 4764 3889 4840; baseline -0.001 -21"><span class='ocrx_word' id='word_1_739' title='bbox 454 4764 732 4840; x_wconf 85' lang='lat' dir='ltr'>demirari</span> <span class='ocrx_word' id='word_1_740' title='bbox 764 4764 994 4838; x_wconf 82' lang='lat' dir='ltr'>possit?</span> <span class='ocrx_word' id='word_1_741' title='bbox 1025 4767 1251 4840; x_wconf 88' lang='lat' dir='ltr'>Quippe</span> <span class='ocrx_word' id='word_1_742' title='bbox 1277 4768 1378 4838; x_wconf 91' lang='lat' dir='ltr'>qui</span> <span class='ocrx_word' id='word_1_743' title='bbox 1410 4768 1526 4821; x_wconf 90' lang='lat' dir='ltr'>illis</span> <span class='ocrx_word' id='word_1_744' title='bbox 1557 4784 1787 4839; x_wconf 88' lang='lat' dir='ltr'>semper</span> <span class='ocrx_word' id='word_1_745' title='bbox 1817 4775 1873 4823; x_wconf 91' lang='lat' dir='ltr'>et</span> <span class='ocrx_word' id='word_1_746' title='bbox 1902 4764 2121 4840; x_wconf 84' lang='lat' dir='ltr'>ubique</span> <span class='ocrx_word' id='word_1_747' title='bbox 2152 4764 2359 4839; x_wconf 76' lang='lat' dir='ltr'>praesto</span> <span class='ocrx_word' id='word_1_748' title='bbox 2391 4764 2663 4836; x_wconf 48' lang='lat' dir='ltr'>est,&#39;cu&#39;m</span> <span class='ocrx_word' id='word_1_749' title='bbox 2697 4769 2813 4825; x_wconf 90' lang='lat' dir='ltr'>illis</span> <span class='ocrx_word' id='word_1_750' title='bbox 2841 4770 3210 4825; x_wconf 86' lang='lat' dir='ltr'>familiariter</span> <span class='ocrx_word' id='word_1_751' title='bbox 3239 4768 3520 4840; x_wconf 87' lang='lat' dir='ltr'>loquitur,</span> <span class='ocrx_word' id='word_1_752' title='bbox 3547 4765 3666 4819; x_wconf 87' lang='lat' dir='ltr'>illis</span> <span class='ocrx_word' id='word_1_753' title='bbox 3693 4780 3889 4840; x_wconf 79' lang='lat' dir='ltr'>secre-</span> 
     </span>
    </p>
   </div>
   <div class='ocr_carea' id='block_1_105' title="bbox 455 4834 3889 4912">
    <p class='ocr_par' dir='ltr' id='par_1_105' title="bbox 455 4834 3889 4912">
     <span class='ocr_line' id='line_1_108' title="bbox 455 4834 3889 4912; baseline -0.001 -19"><span class='ocrx_word' id='word_1_754' title='bbox 455 4840 516 4912; x_wconf 72' lang='lat' dir='ltr'>ta</span> <span class='ocrx_word' id='word_1_755' title='bbox 536 4834 918 4895; x_wconf 78' lang='lat' dir='ltr'>consiliorum</span> <span class='ocrx_word' id='word_1_756' title='bbox 944 4834 1335 4912; x_wconf 50' lang='lat' dir='ltr'>aperit}_illis,</span> <span class='ocrx_word' id='word_1_757' title='bbox 1370 4839 1417 4894; x_wconf 90' lang='lat' dir='ltr'>si</span> <span class='ocrx_word' id='word_1_758' title='bbox 1453 4856 1567 4909; x_wconf 90' lang='lat' dir='ltr'>qua</span> <span class='ocrx_word' id='word_1_759' title='bbox 1598 4834 1979 4912; x_wconf 81' lang='lat' dir='ltr'>interrogant,</span> <span class='ocrx_word' id='word_1_760' title='bbox 2010 4834 2058 4896; x_wconf 83' lang='lat' dir='ltr'>si</span> <span class='ocrx_word' id='word_1_761' title='bbox 2093 4834 2429 4908; x_wconf 76' lang='lat' dir='ltr'>consulunt,</span> <span class='ocrx_word' id='word_1_762' title='bbox 2462 4834 2605 4897; x_wconf 88' lang='lat' dir='ltr'>side</span> <span class='ocrx_word' id='word_1_763' title='bbox 2636 4842 2847 4897; x_wconf 85' lang='lat' dir='ltr'>futuris</span> <span class='ocrx_word' id='word_1_764' title='bbox 2879 4842 3271 4906; x_wconf 87' lang='lat' dir='ltr'>sciscitantur,</span> <span class='ocrx_word' id='word_1_765' title='bbox 3308 4834 3574 4912; x_wconf 80' lang='lat' dir='ltr'>prompte</span> <span class='ocrx_word' id='word_1_766' title='bbox 3621 4842 3680 4891; x_wconf 89' lang='lat' dir='ltr'>et</span> <span class='ocrx_word' id='word_1_767' title='bbox 3703 4834 3889 4912; x_wconf 82' lang='lat' dir='ltr'>plura</span> 
     </span>
    </p>
   </div>
   <div class='ocr_carea' id='block_1_106' title="bbox 455 4907 3886 4985">
    <p class='ocr_par' dir='ltr' id='par_1_106' title="bbox 455 4907 3886 4985">
     <span class='ocr_line' id='line_1_109' title="bbox 455 4907 3886 4985; baseline -0.001 -22"><span class='ocrx_word' id='word_1_768' title='bbox 455 4907 756 4967; x_wconf 90' lang='lat' dir='ltr'>interdum</span> <span class='ocrx_word' id='word_1_769' title='bbox 788 4907 1389 4985; x_wconf 56' lang='lat' dir='ltr'>quam&#39;sciscitentur,</span> <span class='ocrx_word' id='word_1_770' title='bbox 1424 4907 1735 4982; x_wconf 82' lang='lat' dir='ltr'>respondet</span> <span class='ocrx_word' id='word_1_771' title='bbox 1760 4931 1771 4968; x_wconf 91' lang='lat'>:</span> <span class='ocrx_word' id='word_1_772' title='bbox 1797 4907 1937 4985; x_wconf 79' lang='lat' dir='ltr'>quin</span> <span class='ocrx_word' id='word_1_773' title='bbox 1967 4907 2027 4968; x_wconf 87' lang='lat' dir='ltr'>et</span> <span class='ocrx_word' id='word_1_774' title='bbox 2055 4916 2187 4985; x_wconf 89' lang='lat' dir='ltr'>vota</span> <span class='ocrx_word' id='word_1_775' title='bbox 2219 4907 2536 4985; x_wconf 88' lang='lat' dir='ltr'>precesque</span> <span class='ocrx_word' id='word_1_776' title='bbox 2562 4931 2677 4969; x_wconf 93' lang='lat' dir='ltr'>non</span> <span class='ocrx_word' id='word_1_777' title='bbox 2710 4931 2838 4970; x_wconf 86' lang='lat' dir='ltr'>raro</span> <span class='ocrx_word' id='word_1_778' title='bbox 2867 4915 3195 4979; x_wconf 86' lang='lat' dir='ltr'>antevertit,</span> <span class='ocrx_word' id='word_1_779' title='bbox 3219 4919 3275 4968; x_wconf 90' lang='lat' dir='ltr'>et</span> <span class='ocrx_word' id='word_1_780' title='bbox 3304 4907 3532 4985; x_wconf 83' lang='lat' dir='ltr'>occulta</span> <span class='ocrx_word' id='word_1_781' title='bbox 3560 4907 3886 4985; x_wconf 73' lang='lat' dir='ltr'>mysterio-</span> 
     </span>
    </p>
   </div>
   <div class='ocr_carea' id='block_1_107' title="bbox 456 4978 3887 5056">
    <p class='ocr_par' dir='ltr' id='par_1_107' title="bbox 456 4978 3887 5056">
     <span class='ocr_line' id='line_1_110' title="bbox 456 4978 3887 5056; baseline -0.001 -21"><span class='ocrx_word' id='word_1_782' title='bbox 456 4997 626 5056; x_wconf 75' lang='lat' dir='ltr'>rum,</span> <span class='ocrx_word' id='word_1_783' title='bbox 647 5000 774 5054; x_wconf 64' lang='lat' dir='ltr'>qua</span> <span class='ocrx_word' id='word_1_784' title='bbox 805 4978 1325 5056; x_wconf 72' lang='lat' dir='ltr'>verecundioribus</span> <span class='ocrx_word' id='word_1_785' title='bbox 1351 4978 1598 5038; x_wconf 78' lang='lat' dir='ltr'>scrutari</span> <span class='ocrx_word' id='word_1_786' title='bbox 1629 4990 1785 5040; x_wconf 89' lang='lat' dir='ltr'>esset</span> <span class='ocrx_word' id='word_1_787' title='bbox 1812 4978 2037 5056; x_wconf 73' lang='lat' dir='ltr'>religio,</span> <span class='ocrx_word' id='word_1_788' title='bbox 2070 4978 2247 5039; x_wconf 75' lang='lat' dir='ltr'>veluti</span> <span class='ocrx_word' id='word_1_789' title='bbox 2280 4978 2499 5042; x_wconf 69' lang='lat' dir='ltr'>amoris</span> <span class='ocrx_word' id='word_1_790' title='bbox 2529 5002 2830 5042; x_wconf 81' lang='lat' dir='ltr'>excessum</span> <span class='ocrx_word' id='word_1_791' title='bbox 2864 4985 3061 5041; x_wconf 87' lang='lat' dir='ltr'>testari</span> <span class='ocrx_word' id='word_1_792' title='bbox 3092 4978 3313 5050; x_wconf 87' lang='lat' dir='ltr'>volens,</span> <span class='ocrx_word' id='word_1_793' title='bbox 3368 4982 3583 5056; x_wconf 86' lang='lat' dir='ltr'>revelat</span> <span class='ocrx_word' id='word_1_794' title='bbox 3610 4996 3679 5056; x_wconf 81' lang='lat' dir='ltr'>ac</span> <span class='ocrx_word' id='word_1_795' title='bbox 3713 4978 3887 5032; x_wconf 89' lang='lat' dir='ltr'>dete-</span> 
     </span>
    </p>
   </div>
   <div class='ocr_carea' id='block_1_108' title="bbox 452 5052 3887 5129">
    <p class='ocr_par' dir='ltr' id='par_1_108' title="bbox 452 5052 3887 5129">
     <span class='ocr_line' id='line_1_111' title="bbox 452 5052 3887 5129; baseline -0.001 -22"><span class='ocrx_word' id='word_1_796' title='bbox 452 5052 555 5129; x_wconf 80' lang='lat' dir='ltr'>git.</span> <span class='ocrx_word' id='word_1_797' title='bbox 590 5052 954 5129; x_wconf 28' lang='lat' dir='ltr'>Na’metipsi</span> <span class='ocrx_word' id='word_1_798' title='bbox 987 5054 1263 5129; x_wconf 78' lang='lat' dir='ltr'>Dionysio</span> <span class='ocrx_word' id='word_1_799' title='bbox 1294 5060 1662 5129; x_wconf 88' lang='lat' dir='ltr'>quantanon</span> <span class='ocrx_word' id='word_1_800' title='bbox 1694 5058 1885 5111; x_wconf 90' lang='lat' dir='ltr'>solum</span> <span class='ocrx_word' id='word_1_801' title='bbox 1920 5052 1990 5129; x_wconf 76' lang='lat' dir='ltr'>de</span> <span class='ocrx_word' id='word_1_802' title='bbox 2024 5055 2383 5129; x_wconf 90' lang='lat' dir='ltr'>hominibus,</span> <span class='ocrx_word' id='word_1_803' title='bbox 2419 5060 2516 5113; x_wconf 86' lang='lat' dir='ltr'>sed</span> <span class='ocrx_word' id='word_1_804' title='bbox 2551 5059 2727 5114; x_wconf 89' lang='lat' dir='ltr'>etiam</span> <span class='ocrx_word' id='word_1_805' title='bbox 2761 5060 2830 5112; x_wconf 91' lang='lat' dir='ltr'>de</span> <span class='ocrx_word' id='word_1_806' title='bbox 2857 5057 3102 5129; x_wconf 86' lang='lat' dir='ltr'>angelis,</span> <span class='ocrx_word' id='word_1_807' title='bbox 3128 5058 3227 5112; x_wconf 88' lang='lat' dir='ltr'>sed</span> <span class='ocrx_word' id='word_1_808' title='bbox 3264 5056 3438 5129; x_wconf 86' lang='lat' dir='ltr'>etiam</span> <span class='ocrx_word' id='word_1_809' title='bbox 3475 5055 3545 5108; x_wconf 91' lang='lat' dir='ltr'>de</span> <span class='ocrx_word' id='word_1_810' title='bbox 3567 5053 3769 5129; x_wconf 79' lang='lat' dir='ltr'>seipse</span> <span class='ocrx_word' id='word_1_811' title='bbox 3795 5065 3887 5104; x_wconf 89' lang='lat' dir='ltr'>re-</span> 
     </span>
    </p>
   </div>
   <div class='ocr_carea' id='block_1_109' title="bbox 454 5124 3881 5200">
    <p class='ocr_par' dir='ltr' id='par_1_109' title="bbox 454 5124 3881 5200">
     <span class='ocr_line' id='line_1_112' title="bbox 454 5124 3881 5200; baseline -0.001 -23"><span class='ocrx_word' id='word_1_812' title='bbox 454 5124 701 5200; x_wconf 83' lang='lat' dir='ltr'>velavitl</span> <span class='ocrx_word' id='word_1_813' title='bbox 741 5124 896 5185; x_wconf 81' lang='lat' dir='ltr'>Nihil</span> <span class='ocrx_word' id='word_1_814' title='bbox 940 5126 1095 5182; x_wconf 90' lang='lat' dir='ltr'>enim</span> <span class='ocrx_word' id='word_1_815' title='bbox 1130 5124 1247 5181; x_wconf 76' lang='lat' dir='ltr'>fere</span> <span class='ocrx_word' id='word_1_816' title='bbox 1274 5124 1403 5197; x_wconf 88' lang='lat' dir='ltr'>ejus</span> <span class='ocrx_word' id='word_1_817' title='bbox 1433 5128 1902 5200; x_wconf 86' lang='lat' dir='ltr'>scriptaomnia,</span> <span class='ocrx_word' id='word_1_818' title='bbox 1934 5128 2049 5183; x_wconf 91' lang='lat' dir='ltr'>nisi</span> <span class='ocrx_word' id='word_1_819' title='bbox 2078 5124 2551 5200; x_wconf 87' lang='lat' dir='ltr'>spiritumillum</span> <span class='ocrx_word' id='word_1_820' title='bbox 2580 5130 2775 5185; x_wconf 90' lang='lat' dir='ltr'>divina</span> <span class='ocrx_word' id='word_1_821' title='bbox 2804 5135 2861 5185; x_wconf 90' lang='lat' dir='ltr'>et</span> <span class='ocrx_word' id='word_1_822' title='bbox 2887 5124 3231 5184; x_wconf 77' lang='lat' dir='ltr'>abscondita</span> <span class='ocrx_word' id='word_1_823' title='bbox 3264 5128 3651 5200; x_wconf 85' lang='lat' dir='ltr'>inspirantem</span> <span class='ocrx_word' id='word_1_824' title='bbox 3705 5127 3765 5177; x_wconf 87' lang='lat' dir='ltr'>et</span> <span class='ocrx_word' id='word_1_825' title='bbox 3791 5138 3881 5176; x_wconf 89' lang='lat' dir='ltr'>re-</span> 
     </span>
    </p>
   </div>
   <div class='ocr_carea' id='block_1_110' title="bbox 452 5196 3880 5271">
    <p class='ocr_par' dir='ltr' id='par_1_110' title="bbox 452 5196 3880 5271">
     <span class='ocr_line' id='line_1_113' title="bbox 452 5196 3880 5271; baseline -0.001 -20"><span class='ocrx_word' id='word_1_826' title='bbox 452 5196 742 5271; x_wconf 76' lang='lat' dir='ltr'>velantem</span> <span class='ocrx_word' id='word_1_827' title='bbox 765 5200 1012 5271; x_wconf 86' lang='lat' dir='ltr'>spirant.</span> <span class='ocrx_word' id='word_1_828' title='bbox 1046 5200 1233 5271; x_wconf 86' lang='lat' dir='ltr'>Atque</span> <span class='ocrx_word' id='word_1_829' title='bbox 1258 5196 1401 5271; x_wconf 87' lang='lat' dir='ltr'>adeo</span> <span class='ocrx_word' id='word_1_830' title='bbox 1434 5200 1491 5253; x_wconf 92' lang='lat' dir='ltr'>in</span> <span class='ocrx_word' id='word_1_831' title='bbox 1523 5196 1631 5253; x_wconf 84' lang='lat' dir='ltr'>hoc</span> <span class='ocrx_word' id='word_1_832' title='bbox 1664 5196 1925 5255; x_wconf 74' lang='lat' dir='ltr'>Ecclesiae</span> <span class='ocrx_word' id='word_1_833' title='bbox 1957 5196 2301 5257; x_wconf 80' lang='lat' dir='ltr'>calamitoso</span> <span class='ocrx_word' id='word_1_834' title='bbox 2334 5207 2511 5269; x_wconf 88' lang='lat' dir='ltr'>statu,</span> <span class='ocrx_word' id='word_1_835' title='bbox 2538 5220 2652 5259; x_wconf 90' lang='lat' dir='ltr'>non</span> <span class='ocrx_word' id='word_1_836' title='bbox 2686 5202 2858 5257; x_wconf 92' lang='lat' dir='ltr'>modo</span> <span class='ocrx_word' id='word_1_837' title='bbox 2887 5202 3172 5257; x_wconf 88' lang='lat' dir='ltr'>Joannem</span> <span class='ocrx_word' id='word_1_838' title='bbox 3208 5202 3299 5271; x_wconf 83' lang='lat' dir='ltr'>(de</span> <span class='ocrx_word' id='word_1_839' title='bbox 3322 5196 3438 5271; x_wconf 88' lang='lat' dir='ltr'>quo</span> <span class='ocrx_word' id='word_1_840' title='bbox 3471 5196 3663 5268; x_wconf 88' lang='lat' dir='ltr'>magis</span> <span class='ocrx_word' id='word_1_841' title='bbox 3695 5209 3880 5271; x_wconf 79' lang='lat' dir='ltr'>quam</span> 
     </span>
    </p>
   </div>
   <div class='ocr_carea' id='block_1_111' title="bbox 453 5266 3875 5345">
    <p class='ocr_par' dir='ltr' id='par_1_111' title="bbox 453 5266 3875 5345">
     <span class='ocr_line' id='line_1_114' title="bbox 453 5266 3875 5345; baseline 0.001 -23"><span class='ocrx_word' id='word_1_842' title='bbox 453 5269 523 5345; x_wconf 78' lang='lat' dir='ltr'>de</span> <span class='ocrx_word' id='word_1_843' title='bbox 555 5286 617 5325; x_wconf 90' lang='lat' dir='ltr'>se</span> <span class='ocrx_word' id='word_1_844' title='bbox 633 5276 768 5345; x_wconf 73' lang='lat' dir='ltr'>erat</span> <span class='ocrx_word' id='word_1_845' title='bbox 798 5266 1191 5345; x_wconf 74' lang='lat' dir='ltr'>sollicitus)ab</span> <span class='ocrx_word' id='word_1_846' title='bbox 1224 5270 1429 5326; x_wconf 83' lang='lat' dir='ltr'>exsilio</span> <span class='ocrx_word' id='word_1_847' title='bbox 1462 5273 1873 5345; x_wconf 86' lang='lat' dir='ltr'>revocandum,</span> <span class='ocrx_word' id='word_1_848' title='bbox 1907 5274 2006 5327; x_wconf 90' lang='lat' dir='ltr'>sed</span> <span class='ocrx_word' id='word_1_849' title='bbox 2041 5273 2211 5328; x_wconf 85' lang='lat' dir='ltr'>etiam</span> <span class='ocrx_word' id='word_1_850' title='bbox 2236 5273 2431 5345; x_wconf 91' lang='lat' dir='ltr'>ipsum</span> <span class='ocrx_word' id='word_1_851' title='bbox 2453 5266 2766 5330; x_wconf 83' lang='lat' dir='ltr'>Domitiani</span> <span class='ocrx_word' id='word_1_852' title='bbox 2803 5274 3095 5329; x_wconf 83' lang='lat' dir='ltr'>furoribus</span> <span class='ocrx_word' id='word_1_853' title='bbox 3128 5266 3524 5345; x_wconf 82' lang='lat' dir='ltr'>eximendum,</span> <span class='ocrx_word' id='word_1_854' title='bbox 3548 5266 3605 5324; x_wconf 78' lang='lat' dir='ltr'>et</span> <span class='ocrx_word' id='word_1_855' title='bbox 3626 5283 3697 5345; x_wconf 71' lang='lat' dir='ltr'>se</span> <span class='ocrx_word' id='word_1_856' title='bbox 3719 5266 3875 5336; x_wconf 70' lang='lat' dir='ltr'>ejus-</span> 
     </span>
    </p>
   </div>
   <div class='ocr_carea' id='block_1_112' title="bbox 451 5338 3874 5419">
    <p class='ocr_par' dir='ltr' id='par_1_112' title="bbox 451 5338 3874 5419">
     <span class='ocr_line' id='line_1_115' title="bbox 451 5338 3874 5419; baseline -0.001 -27"><span class='ocrx_word' id='word_1_857' title='bbox 451 5339 580 5419; x_wconf 80' lang='lat' dir='ltr'>dem</span> <span class='ocrx_word' id='word_1_858' title='bbox 616 5342 811 5419; x_wconf 81' lang='lat' dir='ltr'>dilecti</span> <span class='ocrx_word' id='word_1_859' title='bbox 844 5342 1094 5419; x_wconf 81' lang='lat' dir='ltr'>apostoli</span> <span class='ocrx_word' id='word_1_860' title='bbox 1126 5347 1439 5419; x_wconf 83' lang='lat' dir='ltr'>conspectu</span> <span class='ocrx_word' id='word_1_861' title='bbox 1476 5344 1812 5419; x_wconf 71' lang='lat' dir='ltr'>fruiturum,</span> <span class='ocrx_word' id='word_1_862' title='bbox 1845 5338 2421 5419; x_wconf 69' lang='lat' dir='ltr'>divinosuggerente</span> <span class='ocrx_word' id='word_1_863' title='bbox 2454 5349 2670 5419; x_wconf 80' lang='lat' dir='ltr'>Spiritu</span> <span class='ocrx_word' id='word_1_864' title='bbox 2700 5348 3109 5417; x_wconf 75' lang='lat' dir='ltr'>praecognovit.</span> <span class='ocrx_word' id='word_1_865' title='bbox 3144 5346 3323 5419; x_wconf 79' lang='lat' dir='ltr'>Erant</span> <span class='ocrx_word' id='word_1_866' title='bbox 3350 5338 3590 5419; x_wconf 70' lang='lat' dir='ltr'>quidem</span> <span class='ocrx_word' id='word_1_867' title='bbox 3635 5338 3738 5419; x_wconf 86' lang='lat' dir='ltr'>illo</span> <span class='ocrx_word' id='word_1_868' title='bbox 3766 5353 3874 5391; x_wconf 69' lang='lat' dir='ltr'>sae.-</span> 
     </span>
    </p>
   </div>
   <div class='ocr_carea' id='block_1_113' title="bbox 448 5412 3871 5492">
    <p class='ocr_par' dir='ltr' id='par_1_113' title="bbox 448 5412 3871 5492">
     <span class='ocr_line' id='line_1_116' title="bbox 448 5412 3871 5492; baseline -0.002 -25"><span class='ocrx_word' id='word_1_869' title='bbox 448 5412 583 5492; x_wconf 31' lang='lat' dir='ltr'>cul‘o</span> <span class='ocrx_word' id='word_1_870' title='bbox 614 5414 713 5492; x_wconf 77' lang='lat' dir='ltr'>Dei</span> <span class='ocrx_word' id='word_1_871' title='bbox 748 5412 1131 5492; x_wconf 75' lang='lat' dir='ltr'>revelationes</span> <span class='ocrx_word' id='word_1_872' title='bbox 1150 5412 1481 5492; x_wconf 39' lang='lat' dir='ltr'>non:_modo</span> <span class='ocrx_word' id='word_1_873' title='bbox 1512 5416 1779 5470; x_wconf 70' lang='lat' dir='ltr'>Ecclesiae</span> <span class='ocrx_word' id='word_1_874' title='bbox 1814 5412 2325 5487; x_wconf 50' lang='lat' dir='ltr'>przesidibusTsed</span> <span class='ocrx_word' id='word_1_875' title='bbox 2361 5412 2602 5492; x_wconf 79' lang='lat' dir='ltr'>privatis</span> <span class='ocrx_word' id='word_1_876' title='bbox 2634 5412 2864 5489; x_wconf 84' lang='lat' dir='ltr'>quoque</span> <span class='ocrx_word' id='word_1_877' title='bbox 2887 5412 3010 5492; x_wconf 42' lang='lat' dir='ltr'>:non</span> <span class='ocrx_word' id='word_1_878' title='bbox 3054 5417 3257 5488; x_wconf 89' lang='lat' dir='ltr'>paucis</span> <span class='ocrx_word' id='word_1_879' title='bbox 3289 5412 3409 5487; x_wconf 83' lang='lat' dir='ltr'>(qui</span> <span class='ocrx_word' id='word_1_880' title='bbox 3444 5413 3632 5492; x_wconf 40' lang='lat' dir='ltr'>vulgo.</span> <span class='ocrx_word' id='word_1_881' title='bbox 3671 5417 3871 5487; x_wconf 77' lang='lat' dir='ltr'>tamen</span> 
     </span>
    </p>
   </div>
   <div class='ocr_carea' id='block_1_114' title="bbox 447 5483 3871 5562">
    <p class='ocr_par' dir='ltr' id='par_1_114' title="bbox 447 5483 3871 5562">
     <span class='ocr_line' id='line_1_117' title="bbox 447 5483 3871 5562; baseline 0.001 -27"><span class='ocrx_word' id='word_1_882' title='bbox 447 5483 663 5539; x_wconf 89' lang='lat' dir='ltr'>virtute</span> <span class='ocrx_word' id='word_1_883' title='bbox 694 5486 1110 5562; x_wconf 65' lang='lat' dir='ltr'>praecellerent)</span> <span class='ocrx_word' id='word_1_884' title='bbox 1136 5486 1465 5562; x_wconf 71' lang='lat' dir='ltr'>familiares</span> <span class='ocrx_word' id='word_1_885' title='bbox 1499 5505 1511 5555; x_wconf 93' lang='lat'><strong>;</strong></span> <span class='ocrx_word' id='word_1_886' title='bbox 1546 5504 1744 5544; x_wconf 88' lang='lat' dir='ltr'>verum</span> <span class='ocrx_word' id='word_1_887' title='bbox 1780 5483 2023 5562; x_wconf 79' lang='lat' dir='ltr'>utroque</span> <span class='ocrx_word' id='word_1_888' title='bbox 2045 5505 2112 5543; x_wconf 86' lang='lat' dir='ltr'>ex</span> <span class='ocrx_word' id='word_1_889' title='bbox 2142 5483 2376 5559; x_wconf 56' lang='lat' dir='ltr'>genere&#39;</span> <span class='ocrx_word' id='word_1_890' title='bbox 2398 5490 2552 5546; x_wconf 89' lang='lat' dir='ltr'>haud</span> <span class='ocrx_word' id='word_1_891' title='bbox 2605 5483 2745 5546; x_wconf 76' lang='lat' dir='ltr'>sane</span> <span class='ocrx_word' id='word_1_892' title='bbox 2774 5483 3004 5560; x_wconf 77' lang='lat' dir='ltr'>multis,</span> <span class='ocrx_word' id='word_1_893' title='bbox 3037 5483 3186 5562; x_wconf 80' lang='lat' dir='ltr'>quos</span> <span class='ocrx_word' id='word_1_894' title='bbox 3234 5483 3366 5542; x_wconf 82' lang='lat' dir='ltr'>cum</span> <span class='ocrx_word' id='word_1_895' title='bbox 3399 5483 3871 5562; x_wconf 72' lang='lat' dir='ltr'>Dionysioausis</span> 
     </span>
    </p>
   </div>
   <div class='ocr_carea' id='block_1_115' title="bbox 450 5553 3868 5631">
    <p class='ocr_par' dir='ltr' id='par_1_115' title="bbox 450 5553 3868 5631">
     <span class='ocr_line' id='line_1_118' title="bbox 450 5553 3868 5631; baseline -0.003 -20"><span class='ocrx_word' id='word_1_896' title='bbox 450 5553 820 5631; x_wconf 68' lang='lat' dir='ltr'>componere.</span> <span class='ocrx_word' id='word_1_897' title='bbox 855 5559 997 5613; x_wconf 91' lang='lat' dir='ltr'>Nam</span> <span class='ocrx_word' id='word_1_898' title='bbox 1034 5564 1098 5613; x_wconf 85' lang='lat' dir='ltr'>ut</span> <span class='ocrx_word' id='word_1_899' title='bbox 1126 5558 1435 5626; x_wconf 86' lang='lat' dir='ltr'>Joannem,</span> <span class='ocrx_word' id='word_1_900' title='bbox 1473 5553 1750 5631; x_wconf 88' lang='lat' dir='ltr'>tanquam</span> <span class='ocrx_word' id='word_1_901' title='bbox 1784 5553 2207 5631; x_wconf 46' lang='lat' dir='ltr'>prazc&#39;ellenteni</span> <span class='ocrx_word' id='word_1_902' title='bbox 2243 5562 2572 5631; x_wconf 85' lang='lat' dir='ltr'>apostolum</span> <span class='ocrx_word' id='word_1_903' title='bbox 2624 5580 2653 5617; x_wconf 85' lang='lat' dir='ltr'>e</span> <span class='ocrx_word' id='word_1_904' title='bbox 2685 5580 2927 5618; x_wconf 89' lang='lat' dir='ltr'>numero</span> <span class='ocrx_word' id='word_1_905' title='bbox 2959 5553 3307 5627; x_wconf 74' lang='lat' dir='ltr'>eximamus,</span> <span class='ocrx_word' id='word_1_906' title='bbox 3348 5553 3567 5631; x_wconf 83' lang='lat' dir='ltr'>ecquos</span> <span class='ocrx_word' id='word_1_907' title='bbox 3614 5553 3757 5608; x_wconf 89' lang='lat' dir='ltr'>mihi</span> <span class='ocrx_word' id='word_1_908' title='bbox 3785 5567 3868 5631; x_wconf 77' lang='lat' dir='ltr'>ex</span> 
     </span>
    </p>
   </div>
   <div class='ocr_carea' id='block_1_116' title="bbox 445 5625 766 5698">
    <p class='ocr_par' dir='ltr' id='par_1_116' title="bbox 445 5625 766 5698">
     <span class='ocr_line' id='line_1_119' title="bbox 445 5625 766 5698; baseline 0.012 -17"><span class='ocrx_word' id='word_1_909' title='bbox 445 5625 550 5683; x_wconf 91' lang='lat' dir='ltr'>illa</span> <span class='ocrx_word' id='word_1_910' title='bbox 579 5625 766 5698; x_wconf 59' lang='lat' dir='ltr'>astate,</span> 
     </span>
    </p>
   </div>
   <div class='ocr_carea' id='block_1_117' title="bbox 447 5702 764 5774">
    <p class='ocr_par' dir='ltr' id='par_1_117' title="bbox 447 5702 764 5774">
     <span class='ocr_line' id='line_1_120' title="bbox 447 5702 764 5774; baseline 0.006 -18"><span class='ocrx_word' id='word_1_911' title='bbox 447 5702 764 5774; x_wconf 78' lang='lat' dir='ltr'>lgnatium,</span> 
     </span>
    </p>
   </div>
   <div class='ocr_carea' id='block_1_118' title="bbox 520 5845 1076 5915">
    <p class='ocr_par' dir='ltr' id='par_1_118' title="bbox 520 5845 1076 5915">
     <span class='ocr_line' id='line_1_121' title="bbox 520 5845 1076 5915; baseline 0.004 -16"><span class='ocrx_word' id='word_1_912' title='bbox 520 5845 602 5915; x_wconf 81' lang='grc' dir='ltr'>(Ιι)</span> <span class='ocrx_word' id='word_1_913' title='bbox 630 5846 799 5905; x_wconf 88' lang='lat' dir='ltr'>Joan.</span> <span class='ocrx_word' id='word_1_914' title='bbox 832 5864 955 5915; x_wconf 85' lang='lat' dir='ltr'>xm,</span> <span class='ocrx_word' id='word_1_915' title='bbox 987 5848 1076 5902; x_wconf 90' lang='lat'>23.</span> 
     </span>
    </p>
   </div>
   <div class='ocr_carea' id='block_1_119' title="bbox 856 5627 3871 5705">
    <p class='ocr_par' dir='ltr' id='par_1_119' title="bbox 856 5627 3871 5705">
     <span class='ocr_line' id='line_1_122' title="bbox 856 5627 3871 5705; baseline -0.001 -19"><span class='ocrx_word' id='word_1_916' title='bbox 856 5636 1025 5705; x_wconf 75' lang='lat' dir='ltr'>ra-ter</span> <span class='ocrx_word' id='word_1_917' title='bbox 1050 5631 1245 5685; x_wconf 87' lang='lat' dir='ltr'>Titum</span> <span class='ocrx_word' id='word_1_918' title='bbox 1282 5633 1448 5699; x_wconf 86' lang='lat' dir='ltr'>forte,</span> <span class='ocrx_word' id='word_1_919' title='bbox 1474 5637 1536 5705; x_wconf 89' lang='lat' dir='ltr'>et</span> <span class='ocrx_word' id='word_1_920' title='bbox 1559 5627 1954 5703; x_wconf 76' lang='lat' dir='ltr'>Timotheum,</span> <span class='ocrx_word' id='word_1_921' title='bbox 1989 5638 2044 5688; x_wconf 91' lang='lat' dir='ltr'>et</span> <span class='ocrx_word' id='word_1_922' title='bbox 2089 5627 2489 5705; x_wconf 80' lang='lat' dir='ltr'>Hierotheum,</span> <span class='ocrx_word' id='word_1_923' title='bbox 2539 5640 2595 5691; x_wconf 92' lang='lat' dir='ltr'>et</span> <span class='ocrx_word' id='word_1_924' title='bbox 2640 5639 2893 5705; x_wconf 89' lang='lat' dir='ltr'>Carpum</span> <span class='ocrx_word' id='word_1_925' title='bbox 2948 5627 3486 5705; x_wconf 84' lang='lat' dir='ltr'>Paulidiscipulos,</span> <span class='ocrx_word' id='word_1_926' title='bbox 3528 5632 3629 5683; x_wconf 86' lang='lat' dir='ltr'>aut</span> <span class='ocrx_word' id='word_1_927' title='bbox 3661 5627 3871 5697; x_wconf 61' lang='lat' dir='ltr'>preter</span> 
     </span>
    </p>
   </div>
   <div class='ocr_carea' id='block_1_120' title="bbox 860 5704 3863 5779">
    <p class='ocr_par' dir='ltr' id='par_1_120' title="bbox 860 5704 3863 5779">
     <span class='ocr_line' id='line_1_123' title="bbox 860 5704 3863 5779; baseline -0.003 -20"><span class='ocrx_word' id='word_1_928' title='bbox 860 5704 1226 5776; x_wconf 88' lang='lat' dir='ltr'>olycarpum,</span> <span class='ocrx_word' id='word_1_929' title='bbox 1260 5708 1317 5760; x_wconf 91' lang='lat' dir='ltr'>et</span> <span class='ocrx_word' id='word_1_930' title='bbox 1346 5704 1609 5777; x_wconf 88' lang='lat' dir='ltr'>Papiam,</span> <span class='ocrx_word' id='word_1_931' title='bbox 1643 5707 1791 5762; x_wconf 87' lang='lat' dir='ltr'>Petri</span> <span class='ocrx_word' id='word_1_932' title='bbox 1823 5705 2191 5778; x_wconf 89' lang='lat' dir='ltr'>Joannisque</span> <span class='ocrx_word' id='word_1_933' title='bbox 2221 5707 2535 5779; x_wconf 89' lang='lat' dir='ltr'>auditores,</span> <span class='ocrx_word' id='word_1_934' title='bbox 2591 5704 2856 5779; x_wconf 88' lang='lat' dir='ltr'>aliosque</span> <span class='ocrx_word' id='word_1_935' title='bbox 2906 5704 3305 5778; x_wconf 91' lang='lat' dir='ltr'>apostolorum</span> <span class='ocrx_word' id='word_1_936' title='bbox 3338 5705 3654 5760; x_wconf 86' lang='lat' dir='ltr'>sectatores</span> <span class='ocrx_word' id='word_1_937' title='bbox 3684 5710 3863 5767; x_wconf 87' lang='lat' dir='ltr'>quam</span> 
     </span>
    </p>
   </div>
  </div>
