4084 6370
409 312 515 366 803
1648 313 1705 363 S.
1746 308 2059 362 DIONYSII

2182 305 2581 362 tEOPAGIT/E
3723 314 3829 369 804

409 436 771 506 nuntiarent,
806 432 1015 509 dandis
1046 450 1113 491 ac
1154 432 1493 509 referendis.
1526 434 1766 509 Exstant
1796 432 1924 509 ejus
1955 429 2529 509 ialiquotuepistolee,
2582 432 2801 509 quibus
2849 436 3125 491 testatam
3176 435 3328 492 hanc
3378 437 3827 509 occupationem

410 509 699 582 habemus
751 502 774 582 ἐξ
815 508 1044 582 utinam
1095 505 1333 582 omnesi
1388 506 1562 560 Plura
1608 507 1761 582 enim
1814 506 1873 557 in
1908 503 2000 557 his
2033 502 2295 582 speculis
2316 506 2444 573 ejus
2475 502 2752 560 doctrinae
2784 510 2957 582 atque
2990 509 3311 578 prudentiae
3341 502 3605 582 exempla
3635 511 3828 566 intue-

412 598 633 637 remur.
669 580 778 636 Sed
812 580 869 633 in
902 580 1083 634 tantis
1115 595 1240 650 quae
1273 578 1437 653 illum
1473 581 1757 653 urgebant
1789 583 1844 630 et
1877 576 2507 653 promebantexternis
2540 576 3042 649 occupationibus,
3077 597 3308 651 semper
3337 576 3563 647 secum,
3596 599 3831 653 semper

411 670 545 709 cum
578 654 717 723 Deo,
750 668 983 723 semper
1006 646 1164 705 totus
1200 651 1294 706 Dei
1326 656 1469 705 erat.
1499 646 1799 723 Neminem
1835 652 1992 723 enim
2016 647 2157 723 __nisi
2204 646 2376 723 ilium
2426 648 2485 703 in
2535 646 2762 706 cunctis
2807 652 3176 723 quaeritabat,
3210 646 3446 709 nullius
3498 655 3615 709 nisi
3668 646 3829 710 illius

411 718 711 799 honorem
741 729 798 779 et
846 718 1105 799 sinerem
1137 724 1475 799 venabatur.
1586 722 1631 799 si
1658 722 1774 799 hoc
1806 718 2085 799 etiam-iis
2117 719 2219 799 qui
2250 718 2403 799 idem
2440 738 2658 777 munus
2690 718 3243 799 geru'nt,_aceideret
3273 726 3601 799 universis!
3642 726 3828 789 Quam

408 798 557 852 bene
586 814 719 852 cum
749 796 907 852 omni
941 794 1198 850 Ecclesia
1228 793 1535 867 ageretur!
1572 793 1673 867 ubi
1705 798 1843 846 tunc
1874 790 2054 867 lupis,
2089 790 2493 867 ubivulpibus
2535 790 2944 851 esset'locus?
2986 802 3141 852 certe
3193 813 3298 853 nec
3348 797 3434 852 illi
3479 814 3616 854 oves
3664 800 3831 854 devo-

409 874 625 937 rarent,
659 885 764 924 nec
798 869 879 922 hae
910 868 1137 921 vineam
1172 862 1563 938 dev'astareut.
1596 865 1840 938 Adesset
1870 862 2374 938 enimnomniloco
2406 866 2531 921 suis
2562 867 2921 938 pastoribus,
2959 870 3081 923 suis
3112 869 3457 925 custodibus
3488 870 3585 925 ille
3634 870 3829 925 bonus

410 934 631 1013 pastor,
683 947 741 996 et
788 938 925 1010 vigil
975 945 1198 1005 custos,
1239 938 1338 1013 qui
1370 943 1425 991 et
1454 936 1582 991 illos
1612 938 1721 991 sub
1755 935 1925 1013 o_vina
1956 934 2104 1013 pelle
2135 934 2544 1013 delitescentes
2562 934 2981 1013 fdetegeret,ret
3012 939 3119 995 has
3148 958 3253 1012 per
3283 942 3591 998 cuniculos
3624 943 3828 998 subre-

406 1008 705 1084 pentesad
735 1008 925 1085 lucem
948 1008 1729 1085 fextraetas‘demonstraret.
1764 1010 1862 1063 Est
1891 1010 2047 1061 enim
2081 1008 2337 1077 profecto
2371 1009 2529 1064 dictu
2555 1008 2927 1085 incredibile,
2952 1008 3267 1085 quantum
3326 1015 3515 1070 sancti
3564 1015 3827 1085 episcopi

408 1080 442 1140 a
474 1085 593 1157 sole
625 1102 731 1140 suo
762 1083 1168 1157 JesudChristo
1192 1082 1476 1157 recipiant
1508 1080 1772 1157 luminis,
1807 1085 1861 1134 et
1892 1096 2067 1157 quam
2102 1096 2305 1150 pauca,
2339 1097 2465 1157 quae
2499 1083 2570 1136 ad
2600 1084 2849 1157 ipsosiet
2897 1083 2969 1137 ad
2997 1080 3252 1156 gregem
3309 1103 3483 1142 suum
3534 1080 3827 1157 spectent,

408 1174 509 1230 eos,
550 1156 792 1230 lateant.
839 1155 1003 1211 Alias
1052 1154 1239 1230 multa
1287 1153 1622 1230 Dionysius
1645 1154 1715 1208 de
1748 1169 1809 1230 se
1839 1156 1892 1205 et
1920 1153 2045 1206 suis
2078 1167 2091 1205 :
2128 1168 2283 1230 nune
2313 1159 2370 1206 et
2400 1155 2469 1230 de
2501 1156 2827 1230 appetendo
2859 1153 3465 1230 extremo—certamine
3494 1153 3741 1230 (49-50),
3775 1164 3831 1214 et

405 1229 599 1302 vicina
628 1228 894 1300 gloriosae
926 1227 1132 1302 mortis
1163 1226 1405 1302 victoria
1429 1223 1723 1302 educetur.
1762 1224 2228 1302 itaque_co_gnito
2261 1223 2416 1278 brevi
2449 1223 2655 1302 adesse
2686 1232 2944 1302 tempus,
2994 1244 3109 1302 quo
3158 1223 3613 1302 pertingend'um
3671 1223 3828 1286 esset

407 1301 477 1356 ad
517 1296 756 1367 metam,
794 1316 893 1370 per
922 1298 1121 1371 omnia
1152 1302 1317 1352 terrae
1345 1297 1543 1371 Galliae
1577 1296 1702 1371 loca
1734 1296 2069 1371 circumfert
2101 1300 2280 1349 acuta-3
2314 1298 2528 1371 mentis
2554 1297 2766 1371 faciem,
2799 1296 2864 1353 ac
2895 1300 2943 1353 si
2976 1296 3114 1369 q'uid
3151 1296 3383 1371 uspiam
3435 1302 3826 1371 desideretur,

407 1373 720 1443 ati'ulgente
769 1367 838 1426 de
886 1370 1043 1444 cerato
1076 1370 1301 1444 lumine
1352 1368 1699 1444 studiosius
1728 1367 2002 1444 inspicit;
2055 1372 2110 1421 et
2158 1384 2298 1444 ecce
2322 1370 2501 1444 quasi
2552 1367 2797 1444 Ebroica
2845 1367 3142 1444 supplices
3172 1367 3436 1429 tenderet
3468 1391 3685 1429 manus
3718 1367 3827 1444 (est

410 1439 603 1499 autem
636 1444 877 1516 Ebroiea
901 1441 1098 1516 Galliae
1128 1442 1351 1516 Celtica:
1377 1442 1623 1516 antiqua
1652 1439 2022 1516 civitas__[_51])
2055 1444 2112 1494 et
2142 1440 2475 1516 pontiﬁcem
2527 1442 2872 1516 postularet,
2920 1439 3117 1498 divino
3165 1449 3360 1499 motus
3411 1448 3622 1516 spiritu
3677 1439 3825 1501 Tau-

403 1516 601 1571 rinum
653 1515 735 1569 illi
788 1515 1146 1588 pontiﬁcem
1175 1509 1788 1588 dedit,iviruim_sane
1838 1509 2385 1588 iil'isitemporibus,
2426 1509 2604 1588 eique
2626 1509 2864 1588 regioni
2885 1516 3168 1588 adversus
3201 1509 3498 1572 daemones
3530 1522 3587 1572 et
3620 1534 3827 1588 magos

406 1604 651 1659 prorsus
684 1582 1082 1641 necessarium
1115 1587 1248 1657 (52).
1282 1582 1464 1659 Cujus
1514 1584 1773 1659 divinam
1821 1582 2160 1659 electionem
2196 1600 2320 1659 nec
2372 1582 2517 1659 ipse
2551 1582 3205 1659 dissimulavitimalus.
3261 1588 3406 1644 Nam
3455 1605 3591 1644 cum
3640 1582 3826 1646 novus

406 1654 617 1729 praesul
651 1664 923 1729 suscepto
942 1675 1059 1732 per
1091 1654 1776 1732 manusimpositionem
1810 1672 1973 1711 sacro
2008 1654 2354 1732 ministerio,
2389 1654 2460 1711 ad
2492 1658 2884 1713 concreditam
2915 1658 3029 1732 sibi
3074 1661 3275 1715 urbem
3328 1662 3823 1732 proﬁcisceretur,

406 1676 617 1729 praesul
651 1676 923 1729 suscepto
998 1676 1059 1713 er
1091 1676 1304 1713 manus
1335 1676 1776 1729 lmpoemonem
1810 1676 1973 1711 sacro
2008 1676 2354 1722 mlntStBI‘lO,
2389 1676 2460 1711 ad
2492 1676 2884 1713 concreuitam
2919 1676 3029 1713 sun
3074 1676 3275 1715 urbem
3328 1676 3822 1732 prouelseeretur,

405 1747 537 1787 ecce
568 1732 680 1786 iste
711 1676 1039 1804 versip‘ellis
1071 1746 1239 1804 suam
1268 1729 1363 1785 hic
1393 1746 1517 1785 rem
1546 1728 1638 1804 agi
1670 1743 1938 1795 cernens,
1972 1727 2129 1804 et‘ad
2159 1732 2394 1804 veteres
2417 1745 2555 1804 suas
2588 1735 2741 1804 aries
2791 1730 3158 1804 confugiens,
3212 1738 3459 1787 conatur
3505 1734 3822 1804 aliquoties

410 1804 538 1873 ejus
581 1804 709 1876 iter,
763 1799 939 1876 quod
973 1802 1084 1857 sibi
1120 1818 1419 1876 perquam
1462 1799 1701 1876 noxium
1729 1799 2159 1876 presentiebat,
2192 1799 2603 1876 intercludere.
2637 1802 2768 1876 iam
2802 1799 3261 1858 enim'informis
3292 1805 3413 1859 ursi
3441 1799 3700 1876 speciem
3734 1806 3821 1861 iu-

410 1820 538 1873 ejus
581 1820 709 1872 iter,
806 1820 918 1857 uou
973 1820 1084 1857 SIDI
1134 1820 1419 1875 perquam
1462 1820 1701 1856 nox1um
1731 1820 2159 1871 praesentienat,
2192 1820 2603 1855 intercludere.
2637 1820 2768 1856 eam
2802 1820 2959 1858 enlm
2990 1820 3261 1858 intermis
3292 1821 3413 1859 urst
3441 1822 3700 1876 speetem
3734 1821 3819 1861 m-

406 1876 606 1942 dutus,
632 1820 978 1945 jamqleonis
1005 1874 1291 1944 rugientis
1322 1879 1604 1929 terrorem
1638 1872 1927 1946 imitatus,
1956 1872 2076 1946 jam
2096 1871 2443 1946 ferocientis
2471 1872 2699 1946 nbubali
2747 1874 3041 1946 impetum,
3090 1880 3461 1946 praetentans,
3515 1877 3575 1931 in
3628 1878 3819 1931 virum

405 1947 507 2002 Dei
551 1942 837 2017 tanquam
890 1942 1264 2001 membratim
1312 1947 1719 2016 discerpturus
1772 1943 2036 2017 incurrit.
2089 1943 2369 2017 Sperabat
2401 1942 2625 2017 scilicet
2654 1944 2813 2000 hisce
2836 1942 3226 2002 multiformis
3256 1942 3547 2003 terriculis
3580 1965 3819 2004 accessu

405 2015 944 2093 urbi_s_prohibere;
974 2033 1173 2093 verum
1203 2024 1443 2093 sanctus
1472 2015 1714 2072 antistes
1745 2016 1953 2093 talium
1988 2016 2260 2093 fraudum
2288 2015 2442 2093 haud
2476 2015 2823 2093 ignarus,_in
2856 2018 3084 2093 Domini
3117 2020 3312 2093 verbo,
3347 2025 3403 2075 et
3424 2037 3531 2093 ope
3546 2020 3819 2093 Dionysii

407 2087 730 2160 confidens,
762 2106 965 2145 omnes
996 2089 1173 2145 elusit
1202 2096 1258 2144 et
1288 2089 1474 2144 irrisit
1502 2094 1678 2159 artes,
1713 2091 1787 2154 et,
1822 2110 1849 2137 «
1881 2092 1927 2161 Ο
1958 2089 2161 2161 miser,
2198 2087 2408 2161 inquit,
2460 2089 2556 2157 qui
2609 2090 2936 2161 Conditoris
2988 2090 3075 2144 tui
3126 2087 3355 2147 deserta
3404 2087 3817 2161 similitudine,

406 2163 589 2217 mutis
636 2158 721 2234 te
746 2160 1036 2217 assimiles
1082 2161 1306 2234 beatis,
1339 2162 1547 2233 ecquid
1580 2161 1685 2217 tibi
1718 2163 1850 2230 post
1881 2159 2007 2234 haec
2031 2158 2285 2234 melius?
2315 2177 2387 2234 an
2423 2176 2569 2214 novo
2596 2161 2717 2229 jam
2751 2160 2949 2234 aliquo
2978 2162 3330 2218 demulceris
3360 2164 3620 2234 gaudio?
3654 2186 3683 2213 »
3713 2158 3820 2220 Cui

403 2233 519 2303 ille,
538 2233 748 2307 nescio
781 2234 921 2307 quid
956 2231 1635 2307 rancidum'infrendens
1666 2249 1678 2287 :
1713 2255 1749 2307 ‹‹Δ
1775 2232 2011 2307 Ecquod
2047 2231 2189 2307 mihi
2208 2232 2409 2307 possit
2439 2248 2568 2307 esse
2604 2231 3153 2307 gaudium,_inquit,
3180 2231 3413 2307 quando
3444 2241 3504 2291 tu
3541 2253 3678 2291 cum
3716 2238 3827 2291 Deo

404 2311 505 2361 tuo
537 2306 652 2360 huc
682 2303 910 2361 veneris
943 2322 1134 2363 meum
1171 2306 1566 2361 subversurus
1597 2304 2011 2377 dominatum?
2048 2304 2147 2377 sed
2201 2303 2669 2377 faxouequidem,
2723 2309 2787 2360 ut
2837 2305 2937 2377 qui
2990 2303 3047 2360 te
3098 2303 3213 2362 huc
3262 2308 3619 2374 transmisit,
3673 2307 3831 2363 brevi

407 2378 693 2445 intereat;
728 2383 1042 2448 tecumque
1072 2377 1196 2432 solo
1230 2378 1502 2449 deinceps
1534 2376 1915 2449 singulariter
1940 2374 2234 2449 dimicem.
2272 2398 2300 2425 ››
2332 2374 2706 2449 Vixgixerat,
2741 2374 2871 2432 nec'
2894 2393 3147 2448 usquam
3200 2380 3331 2434 fuit.
3384 2380 3683 2434 Nimirum
3736 2396 3832 2434 co-

405 2454 571 2505 actus
602 2455 712 2517 est,
749 2455 813 2505 ut
838 2447 989 2521 saepe
1023 2449 1194 2519 alias,
1223 2447 1525 2521 mendacii
1547 2447 1733 2521 pater,
1768 2452 1825 2503 et
1856 2449 1927 2502 de
1964 2447 2228 2521 Dionysio
2260 2452 2315 2502 et
2344 2448 2415 2521 de
2446 2447 2700 2503 Taurino
2731 2450 2859 2519 ejus
2883 2447 3171 2521 discipulo
3221 2451 3448 2507 edicere
3498 2452 3831 2507 veritatem.

404 2523 717 2592 Propterea
747 2520 968 2578 scilicet
1000 2522 1438 2578 atrocissimum
1473 2520 1563 2575 illi
1588 2521 1803 2576 bellum
1837 2520 2235 2593 renuntiabat,
2268 2520 2417 2589 quod
2450 2536 2583 2574 eum
2617 2522 2846 2593 cunctis
2883 2520 3096 2576 Christi
3146 2522 3381 2577 athletis
3433 2524 3833 2593 praesentissi-

405 2590 565 2649 mam
617 2595 765 2668 ferre
813 2610 1006 2668 opem,
1049 2610 1229 2668 seque
1261 2594 1540 2668 omnibus
1572 2593 1791 2648 sensim
1826 2590 2033 2663 expelli
2067 2590 2400 2663 provinciis,
2432 2598 2489 2646 et
2520 2592 2838 2648 simulacra
2870 2609 3001 2647 cum
3035 2594 3190 2649 fanis
3220 2600 3278 2650 et
3308 2590 3572 2652 delubris
3606 2596 3832 2668 passim

403 2665 713 2738 prosterni,
747 2665 1121 2737 ludibrioque
1153 2666 1351 2721 haberi
1384 2671 1667 2721 cerneret.

476 2737 628 2793 488
661 2738 861 2811 Voluit
890 2733 1061 2811 porro
1100 2738 1428 2810 Dionysius,
1464 2738 1619 2811 quod
1646 2740 1709 2811 et
1738 2734 1946 2789 fecisse
1995 2733 2243 2811 Paulum
2300 2734 2670 2811 meminerat,
2722 2733 2960 2811 aliquos
2998 2751 3029 2789 e
3072 2735 3381 2811 discipulis
3410 2737 3559 2811 suis
3616 2737 3838 2792 habere

405 2813 590 2865 testes
623 2806 910 2881 martyrii,
944 2811 1038 2879 qui
1075 2815 1203 2864 acta
1232 2806 1421 2880 ipsius
1454 2806 1526 2864 a'd
1559 2808 1655 2863 Dei
1692 2808 1971 2881 honorem
1999 2810 2056 2861 et
2088 2806 2333 2881 fratrum
2367 2807 2679 2881 utilitatem
2716 2806 3171 2881 conscriberent.
3207 2808 3309 2881 Cui
3343 2808 3423 2863 rei
3474 2810 3835 2864 Sanctinum

408 2886 465 2936 et
514 2878 877 2936 Antoninum
931 2878 973 2935 ei
1009 2878 1367 2936 Carnutibus
1401 2881 1662 2935 evocavit
1691 2879 1823 2949 (53).
1853 2880 1961 2933 Sed
1994 2880 2149 2948 quod
2184 2879 2445 2948 ipsorum
2479 2878 2727 2949 scriptos
2760 2880 2830 2933 de
2862 2878 3127 2949 magistri
3159 2880 3333 2935 rebus
3365 2882 3837 2936 commentarios

410 2954 469 3007 in
504 2955 813 3023 praesentia
848 2970 962 3007 non
994 2953 1338 3022 habeamus,
1373 2952 1635 3018 cogimur
1678 2950 1915 3005 aliunde
1963 2966 2062 3023 ea,
2104 2950 2320 3021 quibus
2369 2950 2732 3022 conjunctim
2782 2951 3111 3023 deﬁcimur,
3162 2951 3296 3006 hinc
3345 2952 3481 3007 inde
3530 2952 3713 3008 variis
3767 2970 3837 3008 ex

409 3022 801 3096 Ecclesiarum
850 3023 1071 3079 tabulis
1118 3023 1317 3079 labore
1365 3024 1523 3079 haud
1558 3039 1732 3095 parvo
1783 3022 2129 3092 disjunctim
2151 3094 2160 3096 _
2183 3038 2460 3092 quaerere.
2492 3024 2599 3078 Sed
2635 3039 2750 3096 non
2783 3022 2840 3075 in
2874 3022 3036 3096 tenui
3067 3023 3252 3096 labor,
3288 3024 3336 3079 is
3362 3025 3696 3096 praesertim
3731 3026 3837 3096 qui

410 3095 776 3168 praelustrem
807 3096 989 3150 trium
1023 3096 1375 3153 invictorum
1406 3094 1675 3170 pugilum
1708 3110 1968 3167 pugnam
2001 3111 2119 3150 una
2146 3094 2207 3149 in
2234 3110 2414 3151 arena
2444 3095 2825 3168 spectandam
2857 3094 3172 3150 exhibebit.

1872 3322 2352 3379 NOTATIONES.

504 3451 854 3537 ζιβλβηημγη
882 3454 1035 3537 elzi'm
1063 3453 1483 3537 nonagesimum
1509 3453 1694 3537 (statis
1724 3457 2061 3537 egcessecat.
2093 3456 2143 3519 Α
2176 3451 2631 3537 E‘bpnieensibus
2663 3453 3200 3537 d_are”episeopum.
3221 3452 3316 3535 Sic
3346 3453 3600 3537 apostoli
3634 3459 3845 3537 Petrus

481 3453 590 3577 (46)
622 3453 854 3508 Annum
882 3454 1035 3508 enim
1063 3453 1483 3523 nonagesimum
1509 3453 1694 3510 aetatis
1724 3457 2061 3508 excesserat.

411 3523 717 3597 Coligitur
748 3525 869 3579 haec
899 3525 1161 3597 Dionysii
1195 3530 1332 3581 aetas
1365 3525 1474 3581 hoc
1507 3530 1674 3597 pacto
1709 3543 1721 3580 :
1755 3526 1899 3580 Cum
1949 3529 2061 3578 Pa-

410 3595 583 3651 risios
614 3612 646 3651 a
677 3596 1034 3667 profectione
1067 3598 1279 3652 Asiana
1310 3595 1661 3663 rediit,'erat
1691 3614 1882 3652 annus
1924 3597 2065 3651 Tra-

408 3668 527 3737 iani
555 3667 928 3737 imperatoris
956 3669 1206 3738 primus.
1227 3670 1374 3724 Nam
1396 3673 1586 3724 totum
1611 3670 1806 3723 Nervre
1830 3673 2066 3740 tempus

407 3740 589 3808 (quod
615 3755 727 3794 non
756 3740 982 3810 integer
1004 3741 1405 3810 sesquiannus
1430 3741 1557 3809 fuit)
1585 3742 1642 3794 in
1675 3740 1780 3795 illa
1811 3741 2063 3811 peregri-

407 3811 643 3865 natione
675 3816 1089 3880 consumptum
1123 3816 1234 3873 est,
1270 3812 1593 3881 praesertim
1628 3828 1759 3866 cum
1792 3829 1905 3867 non
1942 3817 2064 3866 sta-

408 3881 516 3936 tim
547 3881 716 3936 initio
756 3883 988 3953 imperii
1018 3884 1216 3937 Nervae
1248 3884 1545 3953 profectus
1577 3882 1671 3949 sit,
1707 3884 1806 3937 sed
1834 3888 2064 3937 tantum

410 3957 728 4080 postquam
778 3955 1001 4009 audivit
1051 3959 1346 4009 revocatos
1396 3971 1430 4009 a
1476 3954 1661 4008 Nerva
1708 3954 1961 4021 exsules,
2011 3960 2067 4009 et

447 4042 699 4080 oannem
732 4026 791 4080 in
824 4027 1023 4080 Asiam
1056 4026 1363 4080 revertisse
1396 4042 1409 4080 :
1445 4026 1562 4080 iam
1598 4029 1791 4080 autem
1838 4028 2067 4080 primus

447 4042 699 4081 oannem
732 4026 791 4081 in
824 4027 1023 4081 Asiam
1056 4026 1363 4081 revertisse
1396 4042 1409 4080 :
1437 4026 1562 4095 jam
1598 4029 1791 4080 autem
1838 4028 2067 4097 primus

411 4115 603 4153 annus
631 4098 862 4168 Trajani
896 4104 986 4153 est
1014 4097 1228 4152 Christi
1262 4097 1485 4152 Domini
1512 4099 1898 4153 centessimus
1918 4097 2068 4153 :Dio-

410 4170 616 4241 nysius
650 4176 842 4224 autem
877 4187 1064 4224 annos
1096 4186 1301 4225 novem
1327 4170 1825 4237 duntaxatjunior
1848 4169 2063 4225 Christi

413 4246 582 4295 aetate
631 4241 761 4308 fuit,
810 4246 873 4297 ut
903 4259 1081 4313 supra
1113 4243 1423 4312 probatum
1456 4247 1546 4297 est
1576 4259 1703 4313 cap.
1741 4243 1764 4296 1
1799 4241 2064 4296 Notatio-

412 4329 576 4386 num.
603 4314 806 4386 Itaque
830 4312 1277 4386 nonagesimum
1303 4312 1659 4381 excesserat,
1682 4330 1814 4369 cum
1849 4312 2063 4369 Christi

412 4385 519 4439 fuit
549 4384 927 4440 centesimus.

488 4457 599 4525 (47)
632 4459 993 4527 Evangelium
1020 4456 1345 4528 scriptionis
1376 4457 1592 4528 quidem
1642 4464 1898 4527 tempore,
1950 4461 2062 4512 etc.

414 4530 477 4582 In
528 4531 795 4584 confesso
843 4533 931 4585 est
982 4530 1134 4598 apud
1179 4546 1381 4583 omnes
1412 4530 1693 4584 Joannem
1729 4528 2060 4599 apostolum

413 4603 713 4683 postremo
744 4600 1053 4683 loco__inter
1084 4600 1476 4683 evangelistas
1509 4599 1838 4683 scripsisse,
1885 4601 2061 4683 alti-ns

413 4676 609 4744 tamen
633 4689 808 4744 quam
832 4672 1216 4743 alios,aquila3
1242 4672 1590 4742 instar(quaa
1608 4672 1849 4741 proinde
1865 4672 2063 4743 aquila

415 4742 832 4826 appingilsolet
858 4744 1021 4826 illius
1052 4742 1318 4826 imagini)
1354 4742 2058 4826 in‘przndicundanchristi

414 4815 716 4891 divinit_ate
746 4816 1106 4891 subvolasse.
1139 4815 1499 4891 Videimulta
1526 4817 1599 4891 _de
1630 4816 1757 4885 ejus
1802 4817 2057 4891 Evenge-
2092 4827 2137 4891 Β

414 4885 491 4942 1ἱο
522 4888 901 4961 θιΕνειηςθΙὶἱ
937 4888 1354 4961 ρνεεποεδῐὶνίε,
1390 4889 1541 4959 apud
1579 4894 1859 4961 nostrum
1879 4885 2059 4944 Joan-

416 4974 548 5032 nem
583 4960 848 5016 Servium
882 4960 951 5015 ini
978 4964 1274 5032 Apparatu
1305 4961 1647 5028 Evangelico,
1683 4977 1809 5032 cap.
1841 4960 1931 5015 33.

485 5031 596 5101 (48)
627 5032 760 5087 Nam
794 5035 996 5089 Nerva?
1031 5031 1345 5098 imperium
1395 5032 1548 5086 breve
1595 5031 1909 5096 admodum,
1958 5048 2060 5087 nec

413 5105 740 5173 sesquianno
770 5120 898 5172 par,
932 5108 1040 5159 etc.
1074 5104 1224 5158 Sunt
1254 5102 1409 5157 enim
1442 5103 1541 5173 qui
1576 5104 1853 5158 tredecim
1901 5120 2063 5158 men-

415 5189 508 5228 ses
540 5174 846 5239 duntaxat,
880 5177 1123 5247 diesque
1154 5175 1379 5245 aliquot
1408 5175 1457 5247 ei
1489 5174 1769 5229 tribuant.
1806 5174 1940 5242 Alii,
1964 5177 2063 5246 qui

413 5262 635 5299 annum
668 5252 725 5302 et
755 5264 989 5303 menses
1021 5245 1296 5318 quatuor,
1326 5245 1620 5317 pauloque
1652 5248 1929 5317 amplius,
1964 5245 2061 5302 sed

415 5332 609 5390 nemo,
642 5333 815 5387 quem
846 5319 1107 5390 legerim,
1142 5319 1567 5389 sesquiannum
1596 5319 1910 5388 integrum.

484 5388 705 5470 (119-50)
729 5390 885 5470 Nun_c
903 5388 954 5470 et
974 5388 1341 5470 deiappeleule
1360 5394 1603 5470 extremo
1619 5392 2058 5470 certamine,eic.

415 5460 816 5536 Praemonium
837 5464 1018 5519 fuisse
1043 5460 1375 5536 Dienysium
1403 5464 1472 5516 de
1495 5462 1736 5536 instanti
1760 5460 2060 5536 martyrio,

415 5532 716 5606 continent
745 5534 917 5589 etiam
951 5537 1092 5591 Acta
1123 5532 1307 5591 sancti
1337 5534 1595 5603 Taurini,
1631 5536 1783 5606 apud
1818 5532 2062 5606 Vincen-

414 5604 571 5677 tium;
596 5603 1058 5662 Bellovacensem
1091 5607 1238 5662 libro
1272 5606 1516 5674 decimo,
1552 5603 1682 5677 cap.
1711 5608 1800 5673 33,
1833 5607 1890 5661 in
1944 5604 2061 5659 illis

411 5675 607 5751 verbis
642 5692 655 5732 :
692 5699 731 5751 «ί
752 5678 819 5751 Et
853 5682 916 5733 ut
940 5679 1209 5751 cognovit
1240 5696 1372 5733 cum
1402 5678 1569 5734 hoste
1602 5675 1801 5751 rabido
1834 5694 1895 5733 se
1957 5677 2059 5751 ha-

411 5747 549 5802 bere
597 5750 954 5817 conﬂictum,
987 5747 1303 5805 Thurinum
1336 5751 1598 5820 ejusdem
1636 5750 1887 5805 Ebroicae
1922 5748 2059 5820 civi-

413 5820 549 5894 iatis
580 5821 870 5894 ordinavit
895 5825 1295 5894 episcopum,»
1332 5821 1389 5875 id
1419 5826 1852 5894 est,postquam
1886 5819 2057 5894 intel-

411 5886 551 5945 lexit
578 5890 799 5951 instare
829 5886 948 5951 sibi
974 5886 1300 5950 extremum
1352 5886 1711 5962 conﬂictum,
1766 5892 2061 5949 festinavit

2178 3528 2234 3578 et
2265 3523 2506 3588 Paulus,
2538 3524 2623 3579 sic
2656 3529 2712 3579 et
2741 3524 2838 3580 alii
2870 3523 3156 3580 divinitus
3187 3524 3279 3580 sui
3312 3523 3502 3581 exitus
3552 3527 3838 3583 nuntium

2178 3600 2547 3666 acceperunt,
2580 3601 2637 3651 et
2666 3613 3039 3652 successores
3071 3597 3463 3652 declararunt.
3497 3598 3614 3653 Nec
3653 3600 3846 3655 tacuit

2177 3667 2576 3740 diabolus.sed
2609 3684 2758 3738 quas
2791 3668 3035 3740 parabat
3062 3668 3341 3740 Dionysio
3370 3668 3719 3734 insidias,ex
3752 3672 3847 3727 ira

2176 3743 2234 3794 et
2265 3739 2667 3811 indignatione
2700 3739 3092 3810 aperuit,cum
3116 3739 3336 3796 scilicet
3362 3740 3613 3797 venienti
3637 3743 3843 3799 Ebroi-

2177 3828 2276 3865 cas
2325 3813 2608 3878 Taurino,
2659 3815 2830 3881 cujus
2858 3813 3103 3868 timebat
3135 3814 3331 3879 ﬁdem,
3366 3813 3513 3867 dixit
3545 3830 3557 3867 :
3599 3838 3620 3863 ε
3658 3814 3840 3870 Illum

2175 3881 2578 3959 equidem,qui
2614 3883 2727 3938 huc
2756 3888 2811 3959 te
2832 3884 3306 3959 transmisil,cito
3330 3884 3542 3959 faciam
3566 3884 3841 3959 interire,

2175 3959 2240 4008 ut
2268 3958 2461 4009 tecum
2494 3956 2684 4009 ineam
2720 3956 3021 4027 singulare
3054 3961 3397 4011 certamen.»
3426 3957 3649 4027 Nempe
3680 3956 3841 4013 inci;

2177 4027 2312 4080 lavit
2344 4027 2504 4101 idem,
2529 4027 2755 4101 daemon
2787 4028 3043 4101 cultores
3075 4045 3233 4096 suos,
3268 4033 3333 4083 ut
3362 4027 3418 4082 in
3454 4029 3841 4101 Dionysium,

2174 4102 2456 4167 tanquam
2492 4097 2736 4167 impium
2770 4105 2827 4153 et
2859 4100 3106 4155 deorum
3134 4097 3844 4170 contemptorem'insurL

2174 4174 2392 4239 gerent,
2428 4172 2483 4221 et
2516 4170 2640 4223 neci
2675 4170 2901 4226 darent.
2934 4172 3094 4235 Quod
3129 4176 3185 4227 et
3217 4174 3430 4227 factum
3464 4176 3574 4227 est.

2246 4241 2355 4315 (.51)
2415 4241 2507 4295 Est
2560 4245 2761 4315 autem,
2802 4243 3034 4298 Ebroica
3084 4242 3281 4299 Gallia:
3332 4243 3845 4315 Cetticaerantiqua

2174 4312 2386 4374 civitas,
2420 4316 2528 4367 etc.
2564 4313 2763 4384 Populi
2796 4320 3083 4370 vocantur
3110 4315 3266 4370 Julio
3299 4315 3529 4381 Cresari,
3564 4312 3742 4371 libro_
3772 4334 3844 4373 ιιι

2171 4384 2244 4437 De
2276 4384 2413 4456 bello
2444 4383 2675 4454 Gallico,
2716 4387 3202 4455 Ebunorieenses,
3254 4387 3535 4442 idiomate
3584 4388 3843 4456 Gallico,

2172 4454 2420 4531 Les_pai_s
2450 4456 2742 4531 d’Evreum.
2795 4454 3211 4531 Suntpautemn
3244 4458 3303 4512 in
3356 4458 3540 4531 Gallia
3585 4454 3844 4531 Celtica,

2171 4526 2458 4601 Aulercis,
2496 4529 2781 4594 Lexobiis,
2816 4529 3156 4601 Unellisque
3188 4530 3444 4586 finitimi.
3471 4531 3687 4586 Civitas
3717 4526 3847 4601 pri:

2171 4600 2620 4673 quburom‘ca:
2652 4601 2860 4657 deinde
2894 4600 3132 4657 Ebroz'eae
3166 4607 3223 4656 et
3253 4602 3480 4657 Ebroica
3512 4607 3603 4657 est
3648 4600 3841 4673 dicta,

2172 4670 2527 4744 quibusdam
2582 4690 2814 4744 quoque
2862 4676 3258 4729 Eburonicum.
3312 4673 3453 4729 Vide
3503 4670 3845 4732 Robertuni

2168 4742 2614 4817 Cenalemlibro
2646 4742 2902 4801 secundo
2935 4748 3008 4800 De
3038 4762 3095 4801 re
3126 4746 3352 4809 Gallica,
3390 4746 3659 4817 periocha
3691 4747 3745 4800 4.

2239 4815 2347 4882 (52)
2381 4815 2645 4871 Adversus
2672 4818 2952 4872 dwmones
2980 4821 3031 4872 et
3058 4834 3254 4887 magos
3303 4815 3527 4888 prorsus
3573 4833 3839 4873 necessa-

2171 4888 2484 4960 riam.Quae
2518 4888 2798 4960 adversus
2820 4889 2952 4944 illos
2975 4889 3221 4960 gesserit
3241 4894 3482 4944 sanctus
3505 4889 3845 4959 Taurinus,

2168 4958 2299 5032 vide
2330 4960 2483 5032 apud
2521 4959 2885 5016 Vincentium
2920 4958 3070 5016 libro
3098 4964 3232 5015 ante
3256 4963 3587 5027 nominato,
3632 4962 3843 5032 capite

2167 5030 2470 5105 trigesimo
2503 5037 2711 5105 quarto
2742 5038 2798 5087 et
2828 5034 3062 5105 Petrum
3097 5031 3435 5104 Equilinum
3468 5033 3617 5089 libro
3649 5030 3845 5105 septi-

2175 5118 2291 5163 mo,
2327 5103 2513 5171 capite
2545 5104 3053 5175 quinquagesimo.

2246 5175 2356 5243 (53)
2388 5176 2494 5228 Cui
2518 5178 2600 5230 rei
2630 5174 2954 5231 Sanctihum
2984 5180 3035 5231 et
3063 5174 3362 5231 Antonium
3407 5192 3439 5229 a
3490 5176 3843 5232 Carnutibus

2172 5248 2431 5300 evocavit.
2466 5247 2545 5300 Ex
2576 5265 2774 5302 eorum
2809 5247 2966 5303 Actis
2997 5247 3055 5301 id
3088 5246 3323 5317 collegit
3352 5246 3703 5303 Vincentius
3763 5248 3840 5301 li-

2173 5317 2277 5371 bro
2311 5318 2559 5391 decimo,
2591 5320 2777 5387 capite
2802 5319 3086 5391 vigesimo
3120 5320 3398 5391 secundo,
3420 5320 3518 5374 sed
3554 5320 3723 5391 quod
3750 5320 3840 5375 fa-

2174 5393 2333 5443 ctum
2358 5389 2499 5444 dicit
2522 5392 2632 5444 sub
2656 5391 3009 5459 Domitiano,
3043 5390 3097 5444 id
3125 5390 3235 5445 sub
3257 5391 3507 5445 Adriano
3540 5389 3841 5446 accidisse

2173 5460 2310 5515 alibi
2347 5463 2655 5531 probatum
2691 5468 2797 5517 est.
2836 5464 2980 5520 Nam
3015 5462 3124 5516 sub
3156 5462 3409 5516 Adriano
3442 5463 3667 5518 instare
3718 5462 3839 5517 sibi

2174 5533 2437 5598 martyrii
2470 5538 2704 5603 tempus
2732 5534 3037 5602 intellexit;
3055 5535 3166 5589 sub
3189 5534 3391 5589 eodem
3416 5534 3549 5589 illos
3575 5552 3718 5590 suos
3742 5534 3835 5589 di-

2173 5604 2432 5677 scipulos
2463 5607 2756 5662 evocavit:
2783 5608 2891 5662 sub
2925 5607 3127 5661 eodem
3161 5610 3408 5660 mortem
3443 5623 3547 5677 pro
3580 5607 3694 5661 fide
3728 5622 3833 5676 op-

2172 5676 2675 5761 petiitQuod'non
2709 5683 2939 5761 tantum
2974 5695 3003 5733 e
3034 5676 3457 5761 vetustissimis
3483 5677 3832 5761 martyroiof

2170 5748 2305 5821 giis,
2338 5749 2437 5803 sed
2472 5752 2648 5821 etiam
2678 5767 2708 5805 e
2739 5751 3141 5821 plurimorum,
3163 5754 3503 5805 sanctorum
3536 5748 3694 5805 Actis
3739 5751 3834 5819 (ut

2170 5820 2432 5889 disperse
2460 5820 2595 5876 alibi
2628 5820 2984 5887 notavimus)
3015 5820 3330 5891 colligitur.

2241 5893 2403 5956 Quod
2437 5893 2565 5948 siin
2589 5893 2723 5949 aliis
2745 5894 3097 5966 quibusdam
3123 5893 3298 5948 rebus
3325 5892 3401 5948 sit
3422 5892 3710 5949 nonnulla
3734 5891 3827 5946 di-
