4084 6370
388 358 497 414 819
1626 360 1685 412 8.
1724 355 2040 411 DIONYSII
2079 357 2562 414 AREOPAGITE
3708 357 3815 409 820

394 486 598 556 genter
628 480 983 547 custodivit;
1018 495 1124 556 nec
1154 495 1219 556 eo
1246 478 1701 556 solo__contente,
1733 478 1886 533 498
1920 478 2635 556 studuitetiamduorum
2660 480 3130 556 commilitonum
3167 479 3393 556 Rustici
3418 484 3477 556 et
3495 477 3816 556 Eleutherii

396 550 562 612 sacra
593 568 1013 626 corpora,iquae
1045 551 1526 626 impiisatellites
1558 551 1616 606 in
1650 551 2306 626 Sequanamprojicere
2336 552 2816 620 deliberaverant,
2850 551 2937 608 vel
2965 564 3153 626 prece,
3181 552 3267 608 vel
3292 554 3503 626 pretio,
3524 550 3614 604 vel
3629 551 3816 626 etiam

396 634 525 683 astu
551 622 845 682 obtinere;
869 624 1011 678 Nam
1048 622 1331 679 satellites
1365 639 1570 678 mensa
1603 629 1873 694 exceptos
1908 623 2023 693 (78)
2054 623 2207 693 large
2232 624 2610 696 hilariterque
2634 626 2831 680 haberi
2851 622 3056 696 jussit,
3082 625 3217 680 dato
3241 622 3475 680 interim
3496 622 3677 678 certis
3702 627 3814 676 l'ra-

395 701 587 754 tribus
621 697 916 759 mandato.
954 702 1018 750 ut
1051 697 1180 751 istis
1210 698 1639 767 compotatione
1671 696 1998 765 occupatis,
2026 697 2226 749 eadem
2260 713 2503 768 corpora
2529 697 2850 753 clandestio
2885 699 3163 768 subrepta
3205 697 3264 751 in
3312 703 3439 751 tuto
3490 696 3817 768 absconde-

398 778 547 826 rent.
583 770 742 834 Quod
777 770 850 823 ab
883 768 1001 822 illis
1036 769 1282 839 impigre
1314 768 1549 838 quidem
1586 768 1800 821 factum
1832 808 1843 833 ,
1879 768 1979 821 sed
2006 783 2138 821 cum
2175 767 2399 823 remota
2424 786 2648 834 mensa,
2683 775 2904 824 remota
2930 767 3103 823 etiam
3127 776 3405 823 cadavera
3430 768 3607 821 nimis
3630 767 3690 820 in
3714 767 3820 820 hoc

402 859 517 898 uno
550 843 729 897 sobrii
758 841 1040 896 satellites
1072 840 1649 913 animadvertissent,
1682 855 1864 910 eaque
1894 839 2322 913 tumultuosius
2352 840 2677 896 identidem
2712 847 3103 913 reposcerent,
3129 842 3392 912 adeoque
3414 840 3528 913 nisi
3553 844 3819 913 actutum

402 915 805 982 redderentur,
831 914 1023 968 minas
1046 912 1426 985 intentarent,
1451 912 1561 966 fuit
1586 916 1648 965 ut
1672 913 1843 985 modo
1862 911 2025 965 clusa
2039 911 2337 985 vigilantia
2360 916 2606 983 poculis,
2632 913 2715 968 sic
2740 911 2897 967 nunc
2918 914 3224 968 iracundia
3248 911 3515 985 pecuniis
3542 911 3821 965 elidenda

400 987 549 1056 Ergo
581 1002 792 1040 aurum
825 986 1058 1055 objecit,
1091 989 1147 1039 et
1181 982 1525 1056 pretiosiora
1557 983 1763 1054 quovis
1792 1001 1932 1056 auro
1965 1000 2126 1038 sacra
2161 982 2404 1054 pignora
2436 986 2696 1040 retinuit.
2732 985 2815 1040 lta
2847 982 3273 1040 Christanitam
3298 990 3641 1039 sanctarum
3667 999 3811 1056 exu-

400 1054 629 1113 viarum
662 1054 957 1127 compotes
990 1057 1146 1122 l'acti,
1179 1054 1276 1112 eas
1307 1057 1602 1128 deinceps,
1632 1061 1694 1108 ut
1717 1055 2072 1126 praecipuum
2108 1072 2179 1128 ac,
2203 1058 2499 1124 singulare
2522 1058 2579 1110 in
2612 1056 2776 1111 duris
2832 1058 3210 1128 adversisque
3241 1057 3415 1111 rebus
3464 1054 3807 1128 perfugium

404 1130 759 1186 habuerunt.
794 1126 1080 1200 Digressis
1096 1129 1251 1183 enim
1284 1127 1567 1196 barbaris,
1601 1129 1893 1198 rebusque
1915 1128 2040 1200 jam
2074 1127 2217 1182 satis
2251 1127 2449 1197 salvis,
2481 1129 2681 1183 eadem
2715 1145 2883 1183 sacra
2913 1126 3143 1185 cimolia
3173 1130 3241 1184 ad
3278 1126 3509 1200 tertiam
3538 1126 3814 1182 Octobris

407 1208 492 1271 (ut
522 1201 701 1257 Graeci
742 1198 1056 1271 scriptores
1086 1200 1463 1271 adnotarunt)
1496 1200 1568 1254 ab
1591 1200 1793 1254 eadem
1826 1198 2053 1271 Catulla
2084 1201 2390 1271 commodo
2416 1202 2471 1254 in
2496 1201 2620 1255 loco
2644 1206 2783 1255 sunt
2803 1201 3088 1271 deposita,
3111 1199 3649 1256 miraculisibidem
3674 1204 3813 1253 tan-

406 1270 585 1345 quam
617 1292 646 1329 e
666 1277 820 1329 fonte
841 1270 1063 1344 j’ugitcr
1085 1270 2091 1345 scaturienteall‘atimmanantibus.
2114 1270 2436 1345 Ipseetiam
2461 1271 2701 1327 Catulla:
2725 1270 3000 1343 ager,’seu
3017 1272 3296 1328 laudatus
3310 1271 3817 1345 sepurlturaaimar-

406 1341 603 1417 t'yrum
636 1346 820 1411 locus,
848 1341 1171 1417 inﬁl'euiinaa
1204 1344 1483 1399 honorem
1516 1341 1875 1417 Catulliacus
1906 1343 2017 1414 (79)
2049 1342 2298 1417 posteris
2322 1349 2411 1399 est
2433 1345 2646 1410 dictus,
2677 1341 2996 1417 praesertim
3024 1349 3334 1417 postquam
3358 1341 3823 1417 aisdiculabeatis

409 1414 769 1488 martyribus
800 1417 1018 1471 ibidem
1052 1416 1162 1472 loci
1195 1422 1554 1488 constructa,
1588 1415 1876 1485 frequenti
1910 1414 2123 1488 populo
2150 1414 2428 1488 celebrari
2462 1417 2657 1488 erepit.
2679 1414 2853 1472 Hanc
2884 1414 3193 1472 aediculam
3222 1416 3499 1488 primitus
3524 1415 3829 1470 dedicasse

413 1486 773 1545 memoratur
793 1488 851 1544 S.
883 1488 1141 1559 Regulus
1176 1487 1534 1543 Arelatensis
1574 1488 1907 1557 episcopus,
1939 1486 2041 1540 tali
2073 1487 2376 1543 occasione
2416 1505 2426 1537 :
2463 1486 2657 1543 illi-die
2681 1489 2936 1558 quadam
2960 1489 3071 1557 (80)
3095 1488 3152 1543 in
3179 1486 3323 1543 urbe
3346 1504 3452 1543 sua
3479 1489 3667 1543 sacris
3691 1502 3827 1558 ope-

412 1563 602 1631 randi,
637 1567 811 1633 atque
842 1561 911 1614 ad
948 1577 1014 1615 ea
1045 1560 1194 1616 sacri
1226 1560 1469 1614 canonis
1501 1560 1693 1633 verba,
1728 1559 1827 1633 ubi
1862 1560 2351 1633 sanctorunrvita
2386 1560 2794 1615 defunctorum
2829 1562 2891 1615 fit
2917 1561 3219 1627 memoria,
3247 1559 3831 1633 progresso,_excidit

411 1630 622 1704 praeter
655 1630 873 1688 morem
907 1638 962 1687 et
992 1633 1401 1696 intentionem,
1435 1635 1500 1686 ut
1530 1630 1662 1685 aliis
1688 1630 1951 1704 recitatis
1984 1631 2324 1704 nominibus
2348 1634 2658 1701 adjiceret:
2696 1634 2760 1687 Et
2785 1634 2956 1687 beatis
2997 1630 3333 1703 martyribus
3362 1630 3489 1687 ﬁluis
3538 1631 3825 1701 Dionysio,

412 1701 633 1761 Rustico
654 1710 705 1760 et
737 1705 1065 1760 Eleutherio
1100 1722 1110 1759 :
1146 1705 1317 1775 cujus
1350 1702 1757 1773 extemporalis
1780 1718 1883 1757 nec
1913 1701 2225 1775 voluntarii
2277 1704 2661 1759 additamenti
2703 1704 3091 1759 admiratione
3146 1701 3361 1769 tactus,
3394 1720 3524 1758 cum
3552 1706 3835 1775 penderet

415 1776 843 1849 aliquantisper
874 1777 1078 1844 animi,
1112 1773 1244 1832 ecce
1273 1775 1356 1829 illi
1390 1777 1579 1831 visum
1617 1791 1827 1829 novum
1862 1773 2200 1849 etinsolens
2230 1780 2406 1849 ternae
2438 1775 2623 1831 oculis
2654 1776 3041 1849 obversantur
3084 1776 3371 1849 columbae
3418 1773 3575 1830 cruci
3604 1774 3827 1849 altaris

418 1845 765 1915 insidentes,
798 1866 924 1920 qum
957 1850 1131 1903 trium
1161 1849 1393 1902 illorum
1427 1853 1749 1918 martyrum
1786 1845 2029 1901 nomina
2056 1847 2111 1901 in
2149 1848 2480 1919 pectoribus
2512 1848 2794 1917 sanguine
2824 1849 3107 1920 inseripta
3137 1848 3500 1919 praeferebat,
3544 1846 3825 1918 Dionysii,

418 1918 1002 1987 Rusiici,Eleu[Iierii:
1038 1937 1185 1991 quas
1218 1920 1329 1973 ﬁxo
1361 1935 1677 1991 parumper
1708 1920 1912 1973 obtutu
1949 1918 2401 1991 contemplatus,
2436 1921 2672 1975 demum
2708 1926 2905 1975 ternos
2938 1918 3069 1976 illos
3097 1918 3367 1987 athletas,
3394 1930 3827 1991 sanctosuggc-

417 1998 579 2049 rente
608 1993 851 2063 Spiritu,
888 1990 1145 2062 palmam
1176 1990 1476 2046 assecutos
1508 1991 1767 2063 martyrii
1821 1992 1949 2061 (nec
1998 1990 2152 2063 enim
2197 1992 2433 2047 aliunde
2475 1994 2530 2046 id
2584 1997 2905 2063 acceperat,
2955 1998 3011 2047 et
3058 2008 3259 2047 recens
3300 2007 3391 2047 res
3422 1992 3566 2063 erat)
3602 1990 3824 2047 retexto

418 2062 727 2136 aenigmate
756 2064 1057 2119 intellexit.
1092 2065 1239 2117 Tum
1272 2080 1405 2136 vero
1436 2062 1675 2116 incitari
1699 2063 1929 2116 animus
1961 2062 2031 2117 ad
2066 2064 2378 2133 petendum
2414 2063 2688 2131 Parisios,
2716 2062 2914 2135 ibique
2949 2081 3124 2135 super
3156 2070 3471 2136 martytum
3506 2062 3829 2119 certamine

422 2135 597 2209 atque
627 2136 783 2209 exitu
812 2136 1007 2209 magis
1039 2135 1432 2209 particulatim
1458 2136 1981 2209 cognoscendum;
2014 2151 2233 2209 perque
2260 2142 2590 2209 copportune
2624 2143 2737 2190 tum
2757 2136 2965 2209 evenit,
2992 2142 3057 2189 ut
3078 2152 3192 2209 non
3217 2135 3415 2209 procul
3440 2135 3665 2191 Lutetia
3692 2150 3824 2190 cum

424 2206 682 2273 abesset,
715 2208 773 2261 in
809 2207 995 2278 ipsam
1031 2206 1318 2261 Catullam
1354 2206 1711 2272 inciderit,et
1742 2207 1788 2261 si
1824 2206 1962 2277 quid
1996 2206 2067 2261 de
2089 2223 2226 2261 nece
2259 2206 2564 2261 hominum
2600 2224 2788 2278 nuper
2808 2208 3133 2263 occisorum
3156 2206 3831 2275 inaudisset,interroga-

423 2282 584 2336 verit.
608 2279 712 2334 llla
736 2279 891 2334 enim
926 2279 1347 2348 Christianum,
1384 2279 1464 2333 uti
1499 2283 1644 2348 erat,
1675 2294 1740 2333 ex
1771 2278 2055 2351 modestia
2085 2284 2143 2334 et
2173 2279 2378 2335 habitu
2414 2285 2469 2333 et
2499 2296 2768 2335 sermone
2799 2280 3116 2351 suspicata,
3172 2280 3334 2351 petiit
3385 2278 3835 2351 Cbristianusne

423 2361 577 2408 esset
603 2354 625 2405 Ρ
650 2350 887 2421 illoque,
923 2351 1077 2421 quod
1101 2367 1301 2406 verum
1335 2356 1482 2423 erat,
1516 2353 1867 2423 conﬁtente:
1899 2372 1925 2399 ‹‹
1957 2350 2111 2423 Num
2148 2351 2346 2419 etiam,
2380 2352 2593 2421 inquit,
2628 2368 2693 2407 ex
2727 2350 2933 2423 amicis
2963 2356 3020 2406 et
3068 2350 3459 2423 familiaribus
3489 2368 3549 2407 es
3569 2350 3832 2423 Dionysii

425 2430 483 2480 et
514 2423 806 2480 sociorum
841 2424 969 2493 ejus
1001 2423 1225 2479 Rustici
1254 2426 1312 2478 et
1338 2421 1652 2478 Eleutherii
1684 2422 1768 2495 ‘2,»
1803 2427 1927 2476 tum
1953 2421 2048 2475 ille
2080 2423 2301 2478 abortis
2324 2424 2392 2477 ad
2417 2440 2619 2478 eorum
2646 2425 2884 2479 nomina
2905 2422 3179 2494 lacrymis
3201 2440 3213 2477 :
3238 2446 3264 2471 «
3300 2422 3498 2495 Plane,
3523 2421 3741 2494 inquit,
3768 2439 3836 2477 ex

421 2495 537 2552 illis
571 2512 725 2561 sum,
759 2499 815 2549 et
844 2511 972 2549 esse
1004 2495 1239 2567 glorior.
1277 2518 1298 2546 ι
1336 2498 1479 2549 Tum
1515 2494 2110 2567 igituripsaiquoque
2137 2495 2369 2550 illorum
2403 2512 2465 2549 se
2496 2495 2841 2567 discipulam
2878 2496 3170 2567 aperiente
3196 2494 3665 2567 (81—82),mutuaa
3699 2511 3835 2567 con-

418 2567 860 2641 gratulationes,
895 2564 1082 2641 amica
1113 2564 1812 2641 colloquia,_perbenigna
1838 2564 2214 2641 hospitalitas
2250 2609 2261 2633 ,
2295 2567 2544 2638 denique
2569 2564 2682 2621 non
2710 2584 2877 2638 posse
2911 2564 3133 2635 satiari,
3166 2564 3269 2621 nec
3292 2564 3411 2633 ille,
3472 2584 3575 2641 nec
3606 2567 3713 2622 illa
3764 2565 3834 2621 de

419 2636 677 2713 Dionysii
709 2640 922 2713 rebus“:
956 2638 1079 2713 illo,
1112 2656 1242 2710 qua:
1274 2636 1571 2709 prioribus
1603 2636 1968 2713 temporibus
2002 2638 2137 2713 alibi
2172 2638 2403 2713 fecerat,
2434 2636 2722 2713 referente
2751 2641 2906 2713 ;,hac
2938 2646 3155 2713 autem,
3192 2655 3319 2709 quae
3345 2640 3611 2713 proxima
3634 2655 3833 2711 perse-

416 2708 670 2768 cutio'nis
704 2710 955 2783 procella
988 2708 1220 2776 tulerat,
1256 2708 1634 2783 memorante.
1672 2709 1777 2773 Qui
1811 2708 1984 2763 etiam
2009 2710 2161 2783 inter
2189 2709 2298 2764 alia
2333 2712 2402 2765 de
2431 2712 2521 2766 die
2557 2712 2817 2782 martyrii
2844 2716 2901 2765 et
2932 2712 3002 2765 de
3027 2708 3288 2781 tempore
3310 2708 3557 2766 visionis
3598 2708 3755 2766 inter
3776 2727 3838 2765 se

414 2780 800 2851 conferentes,
832 2783 890 2837 in
923 2799 1099 2837 unam
1129 2784 1511 2852 eamdemque
1544 2780 1731 2854 lucem
1768 2790 2015 2851 utraque
2049 2780 2329 2836 incidisse
2348 2780 2781 2853 compererunt.
2818 2780 3401 2853 Postquam’autem,
3462 2798 3837 2854 quaecunque

416 2858 632 2928 Regulo
656 2856 712 2909 in
744 2855 894 2909 votis
926 2860 1114 2928 erant,
1150 2855 1299 2908 bona
1333 2855 1553 2928 femina
1583 2852 1904 2928 indicasset
1933 2858 1989 2906 et
2022 2852 2698 2928 commonsirasset,tum
2732 2854 2905 2909 etiam
2941 2852 3121 2928 atque
3152 2857 3325 2928 etiam
3361 2852 3557 2925 ipsum
3585 2852 3832 2926 rogavit,

417 2923 848 2998 uti-longiorem
877 2927 1029 2996 apud
1065 2942 1127 2980 se
1155 2942 1381 2998 moram
1416 2926 1650 2998 faceret,
1676 2941 1748 2998 se
1780 2923 1955 2987 enim,
1986 2925 2250 2998 quamvis
2280 2942 2311 2979 a
2342 2925 2403 2979 B.
2438 2925 2711 2997 Dionysio
2743 2923 3088 2981 nonnullam
3130 2923 3453 2997 accepisset
3496 2923 3692 2981 rerum
3739 2944 3836 2980 sa-

419 2995 660 3054 crarum'
687 2995 1384 3070 agnitionem,primaque
1418 2996 1551 3051 fidei
1585 2995 1920 3050 rudimenta
1952 2997 2384 3070 quadamtenus
2412 2995 2935 3069 attigisset,tamen
2964 2995 3387 3070 praecipuorum
3414 2999 3832 3070 mysteriorum

419 3072 625 3153 rudem
657 3068 1247 3153 ignaramqueandhuc
1275 3084 1709 3153 esse,nquorum
1743 3084 2092 3151 magnopere
2114 3068 2469 3153 disideracet
2498 3071 2641 3151 ipso_
2662 3070 2944 3153 magistro
2966 3068 3339 3153 amp-liorem
3390 3068 3680 3126 notitiam.
3729 3070 3835 3125 Cui

419 3142 506 3196 vir
538 3147 799 3211 sanctus,
836 3150 894 3195 ut
914 3142 1257 3196 beneﬁcium
1283 3140 1564 3213 beneﬁcio
1584 3146 1936 3213 repensaret,
1960 3142 2087 3209 ejus
2112 3142 2470 3213 instruendae
2493 3140 2683 3211 gratia
2719 3140 2841 3197 dies
2869 3140 3258 3213 aliquot—inibi
3282 3146 3369 3196 est
3393 3149 3835 3198 commoratus:

416 3229 532 3284 quo
563 3215 741 3269 etiam
766 3218 1029 3284 tempore
1059 3218 1457 3269 constructam
1492 3212 1562 3266 ab
1597 3229 1661 3286 ea
1691 3212 2269 3286 aediculam,ma_terie
2300 3211 2536 3286 quidem
2572 3218 2625 3267 et
2649 3215 2838 3283 spatio
2864 3211 3149 3269 humilem
3181 3220 3356 3285 atque
3403 3215 3700 3286 exiguam,
3734 3215 3835 3269 sed

418 3286 693 3354 repositis
722 3286 782 3340 in
815 3302 883 3340 ea
912 3291 1208 3340 tantorum
1244 3292 1567 3356 martyrum
1604 3284 1948 3355 pignoribus
1974 3284 2225 3339 nobilem
2253 3285 2548 3356 imprimis
2570 3292 2744 3355 atque
2766 3292 3107 3356 augustam,
3130 3284 3467 3341 earumdem
3494 3284 3835 3341 sanctorum

415 3357 644 3426 honori,
680 3365 742 3412 ut
774 3364 910 3412 ante
940 3357 1267 3427 attigimus,
1306 3355 1685 3429 consecravit.
1712 3358 1897 3427 Atque
1925 3357 2040 3409 haec
2067 3356 2253 3429 prima
2277 3355 2542 3429 omnium
2566 3358 2624 3412 S.
2650 3355 2924 3429 DionySio
2949 3363 3005 3412 et
3026 3358 3201 3413 sociis
3226 3362 3590 3413 sacratarum
3619 3358 3832 3412 aedium

413 3430 542 3484 fuit.
578 3429 835 3485 Posteris
857 3445 990 3483 vero
1023 3429 1390 3500 temporibus
1422 3428 1534 3482 alia
1565 3445 1798 3498 quoque
1832 3428 1901 3482 ad
1948 3429 2182 3500 beatiss.
2221 3428 2479 3499 Dionysii
2532 3428 2873 3484 memoriam
2924 3431 2979 3483 in
3023 3431 3223 3484 eodem
3275 3429 3587 3485 Parisiensi
3642 3435 3832 3484 tractu

409 3501 646 3557 condita
676 3507 818 3557 sunt
876 3499 1160 3568 sacraria,
1187 3500 1445 3555 locorum
1481 3500 1701 3554 scilicet
1735 3501 1828 3555 ubi
1865 3499 2200 3563 conclusus,
2230 3501 2324 3554 ubi
2364 3506 2568 3566 tortus,
2606 3501 2703 3554 ubi
2751 3500 3137 3556 obtruncatus
3169 3502 3295 3565 fuit,
3343 3507 3563 3557 aeterna
3613 3519 3826 3557 monu-

409 3580 627 3639 menta,
661 3590 912 3644 quorum
948 3574 1134 3643 primo
1163 3589 1372 3627 nomen
1406 3573 1608 3644 datum
1643 3576 1753 3639 est,
1786 3571 1839 3644 δ.
1877 3570 2130 3644 Dionysii
2159 3571 2222 3625 de
2251 3575 2508 3644 Carcere,
2542 3571 2734 3644 vulgo,
2769 3572 2823 3626 S.
2863 3576 3045 3643 Denys
3071 3574 3134 3627 de
3166 3573 3222 3626 la
3244 3573 3439 3628 Chatre
3468 3592 3489 3637 ;
3525 3576 3814 3640 secundo,

408 3647 464 3702 S.
499 3642 839 3715 Dionylsiide
867 3642 1147 3713 Pas-sione,
1180 3642 1490 3699 vernacule
1524 3649 1742 3715 autem,
1778 3643 1831 3697 S.
1870 3645 2044 3713 Denys
2074 3643 2147 3696 du
2180 3648 2326 3703 Pas;
2360 3643 2553 3707 tertio,
2588 3642 2859 3698 sacellum
2895 3642 3227 3715 martyrum,
3282 3644 3520 3711 Gallice,
3573 3646 3629 3699 la
3683 3646 3817 3700 Cha-

407 3719 553 3801 pelle
578 3714 669 3801 de}
693 3718 954 3801 Martyrs.
982 3717 1193 3801 Etlduo
1222 3716 1459 3786 quidem
1498 3714 1689 3801 priora
1716 3715 1770 3767 in
1806 3716 1948 3801 urbe
1971 3717 2097 3801 ipsa
2130 3715 2375 3801 Lutetia,
2416 3720 3007 3801 postremum‘auiem
3031 3714 3089 3771 in
3122 3723 3438 3801 conspectu
3491 3717 3651 3801 ubis,
3707 3719 3823 3773 sive

410 3786 467 3845 in
503 3790 678 3844 Monte
705 3786 1020 3858 martyrum
1050 3789 1145 3853 (de
1178 3804 1292 3857 quo
1327 3786 1730 3857 supradictum
1766 3790 1871 3851 est)
1898 3786 2127 3840 visitur.
2163 3790 2224 3840 Et
2257 3787 2378 3840 haec
2411 3786 2654 3858 quidem
2675 3787 3103 3858 antiquissima
3136 3806 3149 3856 ;
3203 3787 3336 3843 aliis
3387 3789 3458 3842 de
3498 3794 3700 3844 autem
3745 3806 3829 3843 ro-

412 3860 777 3918 centioribus
812 3857 870 3915 et
902 3858 1503 3932 magnificentioribus
1535 3858 1926 3932 post_dicetur
1957 3858 2069 3932 (83“)
2097 3873 2108 3913 ;
2144 3875 2275 3912 nam
2310 3859 2574 3932 quaedam
2609 3857 2904 3932 alia,iquias
2937 3860 3045 3915 hoc
3077 3859 3337 3932 Dionysii
3389 3860 3608 3916 saeculo
3639 3862 3828 3916 conti—

413 3950 569 4006 gere,
604 3949 669 3988 ac
699 3928 1021 4005 praesertim
1054 3932 1181 4006 ejus
1222 3928 1649 4001 discipulorum
1680 3928 1910 3984 labores
1942 3933 1998 3984 et
2027 3930 2276 4000 fructus,
2306 3929 2722 4000 nonnullasque
2752 3928 2942 4002 ipsius
2976 3928 3251 4005 martyris
3284 3936 3418 4005 post
3440 3937 3696 3989 mortem
3730 3951 3832 4005 ap-

412 4004 756 4079 paritiones,
791 4004 1200 4076 praevertenda:
1234 4007 1392 4058 sunt.

1774 4296 1926 4351 499
1976 4295 2463 4352 NOTATIONES.

486 4444 599 4516 (69)
659 4440 771 4516 Qui
822 4441 1125 4516 imperante
1172 4438 1486 4516 Domitiano
1534 4437 2056 4516 Hild_uinus,__Me-
2093 4441 2147 4506 Α
2180 4438 2394 4516 Graecis
2425 4438 2690 4509 quidem,
2725 4436 2969 4516 Michael
2990 4438 3299 4516 Syngelus,
3323 4445 3380 4496 et
3408 4441 3651 4516 Suidas,
3680 4460 3709 4498 e
3733 4443 3830 4498 La-

414 4509 1152 4583 thodius,‘Metaphrastes,
1200 4516 1256 4583 et
1306 4510 1547 4583 quidam
1599 4510 2061 4583 aliiascribunt
2178 4510 2323 4583 tinis
2348 4516 2543 4566 autem
2574 4509 3324 4583 quaedam__Martyrologia,
3369 4519 3428 4568 et
3475 4514 3825 4569 nominatim

415 4580 1023 4656 martyriumDionysii
1045 4580 1922 4656 Domitianoimperatori.Quod
1947 4588 2064 4656 sta-
2178 4582 2327 4656 quod
2356 4584 2532 4652 jussu
2566 4583 2822 4656 Gregorii
2854 4580 3239 4656 Xlrlliediturﬁ
3272 4584 3401 4639 fuit.
3435 4586 3601 4650 Quod
3628 4586 3708 4640 ita
3729 4586 3829 4641 ha-

416 4677 476 4715 re
502 4653 665 4713 nullo
682 4655 853 4711 modo
880 4653 2065 4727 potest,neexipsorumquidem,simodo
2177 4655 2293 4723 bet,
2318 4656 2578 4727 septimo
2613 4655 2747 4709 ldus
2779 4653 3085 4710 Octobris:
3120 4677 3148 4705 ‹‹
3182 4656 3418 4712 Lutetiae
3440 4656 3825 4727 Parisiorum,

419 4729 534 4788 sibi
564 4730 622 4783 in
643 4727 775 4801 aliis
796 4725 1107 4801 constent,_
1132 4726 1443 4781 sententio.
1482 4725 1625 4801 Nam
1642 4727 1688 4781 si
1729 4727 2063 4801 admittant,
2176 4725 2755 4801 nataiis’sancitorum
2790 4731 2972 4801 mart._
2999 4727 3663 4801 DiognysiiAreopagitte
3702 4725 3825 4800 epié

418 4803 503 4859 uti
527 4800 869 4866 admittunt,
903 4797 1231 4870 epistolam,
1264 4814 1395 4869 quae
1442 4797 1513 4870 ad
1566 4803 1835 4853 sanctum
1881 4798 2065 4855 Joan-
2176 4798 2357 4869 scopi,
2392 4803 2479 4854 Ru
2524 4798 2620 4853 tici
2656 4798 2975 4869 presbyteri
3016 4804 3073 4853 et
3090 4797 3404 4857 Eleutherii
3438 4797 3707 4857 diaconi:
3738 4797 3822 4857 ex

420 4892 551 4931 nem
588 4867 1020 4944 apostolum'in
1074 4867 1673 4944 Patrne—exsulantem
1709 4870 1904 4944 missa
1954 4875 2061 4938 est,
2175 4867 2391 4944 quibus
2421 4867 2736 4944 Dionysius
2769 4867 2849 4925 ab'
2874 4870 3139 4944 apostolo
3162 4873 3334 4927 Paulo
3356 4872 3681 4928 instructus
3702 4890 3826 4929 cre-

420 4940 755 5017 germanam
788 4942 1218 5017 esseDionysii,
1243 4946 1300 5017 et
1324 4940 1535 5011 spiritu
1562 4941 1897 5017 prophetico
1921 4944 2064 4997 scri-
2175 4942 2325 5017 didit
2354 4943 2413 5017 in
2445 4940 2768 5017 Christum,
2802 4940 2978 5013 atque
3010 4943 3080 4998 ab
3112 4946 3563 5017 eobaptizatus,
3590 4946 3824 5016 primus

421 5013 607 5089 ptam,
639 5018 695 5070 in
731 5033 848 5087 qua
880 5013 1019 5068 dicit
1048 5013 1382 5089 propediem
1416 5028 1549 5067 eum
1600 5013 1671 5067 ab
1724 5014 1926 5089 exsilio
1975 5032 2061 5068 re-
2172 5014 2615 5089 Atheniensium
2642 5015 2954 5089 episcopus
2984 5020 3072 5069 est
3101 5013 3408 5089 ordinatus
3433 5042 3447 5083 ;
3469 5013 3679 5072 deinde
3711 5022 3830 5073 Ro-

420 5083 840 5153 versurum,'et
888 5102 1016 5139 cum
1064 5083 1164 5160 illo
1216 5100 1335 5160 una
1377 5101 1439 5138 se
1489 5088 2059 5160 communicaturum
2174 5103 2329 5160 mam
2364 5087 2623 5160 veniens,
2655 5083 2779 5160 aB,
2814 5083 3107 5160 Clemente
3139 5087 3396 5143 Romano
3440 5089 3719 5160 pontifice
3768 5090 3827 5145 in

420 5162 597 5233 (quod
633 5159 901 5233 ﬁerinon
936 5156 1143 5233 potuit,
1178 5155 1289 5210 nisi
1335 5158 1962 5233 mortuoubomitiano,
2004 5164 2065 5233 et
2172 5158 2389 5233 Gallias
2421 5158 2775 5233 praedicandi
2802 5159 2991 5233 gratia
3019 5159 3278 5233 directus
3309 5155 3525 5233 estfet
3564 5162 3636 5215 ad
3683 5178 3827 5232 pre-

416 5227 603 5288 Nerva
624 5235 725 5285 aut
772 5228 1021 5297 Trajano
1070 5227 1458 5304 imperante),
1490 5228 1650 5304 nullo
1699 5230 2060 5304 s__ane_modo
2173 5231 2350 5285 fetam
2379 5230 2591 5304 urbem
2626 5227 3117 5304 deveniens,_cum
3141 5231 3219 5285 ibi
3253 5248 3354 5302 per
3379 5231 3605 5304 aliquot
3636 5227 3826 5290 annos

417 5305 528 5358 dici
562 5305 755 5372 potest
786 5306 1054 5354 mortuus
1073 5316 1202 5374 esse
1224 5299 1674 5374 Dionysiussub
1709 5301 2061 5357 Domitiano.
2172 5303 2558 5357 commissum
2591 5302 2701 5356 sibi
2725 5318 2871 5372 opus
2906 5302 3156 5357 ﬁdeliter
3189 5299 3665 5374 prosequeretur,
3699 5311 3827 5361 tan-

414 5375 643 5430 Erroris
675 5388 845 5443 porro
876 5388 1113 5448 causam
1174 5372 1382 5448 dedere
1430 5373 1672 5444 antiqua
1720 5379 2057 5448 sanctorum
2171 5376 2299 5429 dem
2342 5391 2375 5428 a
2402 5375 2670 5448 praefecto
2703 5373 3081 5448 Fescennino,
3134 5372 3245 5429 sub
3292 5372 3537 5447 Trajano
3570 5376 3823 5448 impera-

415 5447 654 5518 scripta,
684 5462 809 5518 qua:
842 5444 979 5518 olim
1016 5446 1141 5499 sine
1174 5444 1345 5518 certis
1378 5451 1707 5515 temporum
1742 5453 1842 5501 aut
1872 5445 2057 5517 impp.
2169 5452 2295 5501 tore
2319 5453 2447 5517 post
2470 5447 3259 5515 gravissimatormentorum
3290 5444 3525 5517 genera,
3550 5444 3822 5505 una'cum

416 5515 573 5576 notis
611 5522 698 5586 (ut
779 5516 1068 5591 hodieque
1146 5515 1419 5586 plurima)
1462 5519 1812 5591 posteritati
1846 5515 2061 5575 tradita
2170 5515 2345 5574 sociis
2377 5517 2569 5589 gladio
2593 5518 3035 5591 animadversus
3061 5522 3402 5591 martyrium
3420 5515 3763 5591 complevit.
3792 5545 3819 5571 :-

416 5598 575 5669 sunt.
614 5589 1217 5669 Posterioresautem,
1254 5591 1429 5669 rebus
1461 5588 1636 5669 haud
1666 5594 1810 5647 satis
1860 5598 2060 5669 exacte
2239 5588 2468 5669 Syngeli
2501 5590 2671 5669 verba
2702 5589 3021 5669 sichabent
3042 5588 3292 5669 :j'oem,
3328 5588 3633 5669 ὑπόπτερὸς
3658 5595 3815 5669 φήμη

417 5659 1100 5738 dispectis,_probabiles,
1135 5667 1197 5715 ut
1227 5663 1662 5738 existimabant,
1697 5665 1882 5719 sancti
1918 5681 2024 5738 con

2202 5659 2479 5738 ravraidoe
2525 5661 2716 5714 θέουσα
2766 5661 2867 5728 τήν
2919 5659 3273 5738 παςνεύφημον
3321 5662 3487 5718 αὐτοῦ
3538 5659 3815 5738 apocrion

414 5738 696 5811 jecturas,
728 5732 1077 5811 imperatcru
1090 5749 1154 5811 m.
1170 5735 1405 5811 nomina
1427 5740 1483 5811 et
1502 5738 1935 5803 persecutiones
1958 5737 2027 5791 ad

2212 5732 2288 5811 ίαν(
2314 5731 2433 5811 rei;
2458 5734 2727 5805 Τραϊανοῦ
2755 5731 3118 5811 τραχυτάταιξ
3160 5733 3347 5796 ἀκοαῖς
3395 5731 3659 5811 ὲνήχηὸε,
3704 5731 3814 5793 sic.

413 5804 703 5886 jecerunt.
738 5811 791 5857 et
817 5804 1109 5886 interdum
1143 5804 1675 5886 ha_l_l.ucineti_sunt.
1798 5880 1807 5886 _
1848 5880 1862 5886 _
1914 5880 1958 5886 _
2090 5821 2137 5886 B
2172 5804 2321 5886 Uade
2350 5804 2686 5886 veloaffama
2717 5804 3039 5886 quacu'nqae
3084 5804 3816 5886 discurrensrliirigimuni

497 5879 608 5955 (7_0)
640 5881 878 5930 buerunt
920 5880 978 5955 et»
1008 5878 1437 5955 nonnulliuqui
1485 5880 1714 5955 Traiano
1782 5880 1862 5955 Ad
1914 5880 2055 5935 Tra-
2090 5876 2134 5886 “’
2167 5880 2527 5955 ejus__nomen
2571 5876 2850 5955 (Dionysii
2896 5876 3141 5945 scilicet)
3210 5882 3539 5951 asperrimi:
3597 5882 3816 5955 Trajani

418 5950 543 6022 jani
594 5956 855 6019 tempora
904 5951 1229 6005 retulerunt
1292 5949 1548 6019 Dionysii
1606 5950 1976 6022 martyrium,
2025 5968 2055 6007 e
2162 5951 2390 6005 auribus
2422 5951 2687 6017 insonuit,
2720 5954 2828 6005 etc.
