4084 6370
446 258 553 314 827
1689 266 1748 317 S.
1788 265 2101 319 DIONYBII
2143 265 2624 320 AREOPAGITE
3761 261 3876 316 828

449 383 1831 465 numjaetarenturstemapudliilduinumvero
1855 387 1914 443 in
1936 387 2100 465 ᾼτεο-
2144 433 2168 465 Α
2219 388 2744 465 inspirata,mactae
2773 387 3008 465 virtutis
3039 386 3351 465 consilium
3386 385 3888 459 appetivit,atque

447 433 714 532 pagiticis
741 457 996 532 traditur
1029 433 1286 532 nondum
1315 456 1508 532 tuisse
1539 459 1866 530 baptizata:
1895 482 1921 532 (ς
1950 459 2100 515 Nam
2133 433 2183 496 Α
2217 465 2283 515 ad
2317 433 2649 516 convivium
2673 461 2868 515 venire
2902 459 3159 532 postulat
3192 433 3530 515 sanc:orlulm
3554 433 3887 529 corporum

454 528 665 603 nobilis
699 529 962 603 quendam
999 529 1463 591 materfamilias,
1497 528 1711 601 inquit,
1736 531 1964 586 Catulla
1998 549 2104 586 no-
2220 535 2562 603 perditores.
2593 554 2620 580 ››
2647 528 2969 586 Verisimile
3000 533 3399 600 est,tlatullam
3434 533 3621 586 fuisse
3645 528 3886 584 tantum

451 601 767 676 mine,quze
797 601 930 655 licet
963 617 1324 676 paganorum
1353 603 1543 656 adhuc
1571 605 2104 670 erroribus,neces-
2220 601 2700 659 catechumenam
2720 606 2775 658 in
2811 607 2996 659 sancti
3036 605 3288 676 Dionysii
3313 610 3367 658 et
3393 605 3694 659 sociorum
3718 620 3887 676 mar-

453 672 623 748 sitate
657 675 849 744 potius
879 690 1053 748 quam
1075 673 1373 748 voluntate
1396 676 2104 748 teneretur_addicta,con-
2221 677 2522 748 tyrio,sive
2556 677 2762 747 primis
2803 678 3087 731 duntaxat
3145 672 3277 730 fidei
3336 677 3696 748 rudimentis
3740 675 3893 728 citra

453 746 805 819 vertitamen
825 746 1084 819 adtidem
1117 745 1330 819 Christi
1353 763 1453 816 per
1481 746 1744 818 exempla
1763 753 2106 819 martyrum,
2224 745 2587 818 baptismum
2631 750 2940 818 imbutam,
2974 749 3072 803 illo
3104 755 3298 803 autem
3330 766 3363 801 a
3423 753 3626 802 sancto
3656 746 3892 817 Regulo

452 822 628 889 atquc
651 818 719 870 ad
759 817 1035 892 baptismi
1067 818 1319 885 gratiam
1343 835 1404 872 se
1428 819 1727 892 pervenire
1753 817 2106 888 desiderare,
2221 821 2276 874 in
2307 817 2420 874 hac
2452 821 2603 892 apud
2641 820 2834 890 ipsum
2869 817 3325 875 commoratione
3348 819 3738 875 illustratum.

447 895 504 944 et
537 903 732 944 mente
764 890 1209 945 demonstrabat
1237 895 1294 945 et
1316 907 1506 961 opere.
1543 890 1641 946 Dei
1669 892 2112 948 misecricordia
2293 893 2402 962 (83)
2435 890 2576 948 Vide
2605 893 2776 963 infra,
2805 909 2932 963 cap.
2965 893 3038 946 25
3069 896 3124 946 et
3155 909 3346 964 seqq.,

1867 1159 2020 1216 503
2054 1158 2284 1215 CAPUT
2340 1160 2496 1215 XXI.

445 1270 850 1343 Discipulorum
904 1271 959 1327 S.
1024 1273 1286 1344 Dionysii
1341 1273 1552 1330 labores
1607 1282 1658 1330 et
1709 1275 1945 1346 fructus,
2032 1277 2428 1403 nouitiullwque
2474 1275 2720 1347 ejusdem
2772 1276 3037 1347 martyris
3093 1276 3402 1347 salutiferae
3454 1284 3579 1348 post
3643 1279 3898 1330 mortem

1949 1365 2146 1403 appar:
2177 1363 2349 1403 mnes.

1949 1363 2349 1420 apparationes.

525 1467 598 1523 Ut
629 1468 1136 1544 filiiparentihus,
1164 1469 1246 1544 sic
1277 1469 1554 1544 discipuli
1587 1472 1890 1544 magistris
1913 1472 2142 1539 honori,
2177 1472 2360 1536 laudi,
2391 1473 2608 1541 gloriae,
2665 1479 2722 1527 et
2753 1473 2938 1527 instar
2985 1471 3239 1543 pulchrae
3267 1476 3324 1527 et
3353 1471 3762 1528 suaveolentis
3797 1489 3896 1526 co-

455 1541 947 1617 ronasexsistunt.
982 1543 1148 1617 Tales
1185 1543 1342 1617 fuere
1378 1541 1759 1617 l)ionysio(ut
1791 1545 2137 1601 omittamus
2193 1545 2495 1600 Rusticum
2559 1550 2616 1599 et
2675 1541 3098 1610 Eleutherium,
3155 1545 3375 1615 primas
3437 1545 3602 1600 illius
3661 1561 3896 1599 coronae

452 1614 643 1688 rosas)
677 1613 758 1688 illi
797 1615 1061 1684 insignes
1093 1615 1485 1670 Ecclesiarum
1523 1613 1723 1682 duces,
1757 1622 1812 1671 Β.
1845 1621 1952 1671 Jon
1981 1619 2176 1688 (quem
2213 1619 2386 1672 modo
2415 1617 2624 1672 Jonam
2660 1619 2750 1683 (83
2783 1618 2822 1688 ),
2854 1618 3026 1671 modo
3055 1613 3290 1672 Jonium
3315 1618 3650 1672 invenimus
3683 1617 3892 1688 appel-

447 1684 684 1761 latum),
718 1685 1057 1761 Sanctinus,
1091 1689 1444 1754 Antoninus,
1481 1688 1799 1754 Taurinus,
1834 1684 2115 1761 Regulus,
2149 1690 2468 1760 Eugenius,
2531 1684 2864 1760 complures
2920 1688 3056 1756 alii;
3091 1689 3190 1742 sed
3252 1689 3561 1744 nominare
3611 1684 3892 1759 singulos

451 1755 720 1828 longum,
757 1758 1080 1839 praecipuos
1114 1761 1534 1839 nou-omisisse
1562 1755 1982 1839 necessarium.
2024 1762 2086 1815 Hi
2121 1755 2267 1831 ergo
2291 1779 2322 1815 a
2346 1763 2608 1839 discessu
2646 1755 2826 1839 patris
2876 1776 3010 1839 vere
3036 1755 3254 1832 patrios
3309 1777 3509 1839 gerere
3541 1755 3805 1839 animos,
3839 1767 3896 1816 et

448 1845 552 1900 pro
585 1846 646 1884 se
681 1829 1092 1903 unusquisque
1123 1829 1414 1886 sollicitus
1447 1849 1597 1900 esse,
1633 1838 1697 1886 ut
1727 1838 2102 1902 paternarum
2137 1829 2422 1887 Virtutum
2459 1829 2660 1887 addita
2715 1829 3075 1901 haereditate,
3137 1849 3304 1887 suam
3366 1835 3617 1903 quisque
3649 1835 3889 1887 vineam

450 1906 653 1955 sancta
684 1902 933 1971 quadam
969 1903 1375 1976 aemulatione,
1400 1921 1574 1974 quam
1611 1910 1811 1974 posset
1841 1905 2308 1960 excultissimam
2343 1907 2437 1959 Dei
2473 1906 2663 1976 gratia
2691 1912 2746 1959 et
2778 1922 2883 1959 suo
2917 1906 3114 1959 labore
3145 1902 3428 1959 redderet.
3485 1902 3598 1962 Jun
3633 1905 3890 1976 quidem

448 1976 775 2049 presbyter,
810 1976 908 2049 qui
943 1973 1132 2044 primo
1164 1973 1427 2049 Athenis
1449 1973 1692 2049 Romam
1728 1993 1860 2030 cum
1898 1977 2194 2049 Dionysio,
2230 1978 2440 2032 deinde
2472 1973 2654 2031 Roma
2683 1976 2740 2032 in
2776 1976 3023 2049 Galliam
3076 1993 3209 2030 cum
3267 1978 3470 2031 eodem
3531 1973 3890 2043 transierat,

450 2045 760 2120 sacerdotii
796 2045 886 2098 sui
923 2052 1116 2120 partes
1148 2055 1204 2120 et
1225 2046 1454 2120 vivente
1486 2052 1542 2102 et
1571 2048 1689 2102 vita
1722 2050 1919 2104 functo
1952 2045 2304 2120 praeceptore
2335 2050 2692 2104 examussim
2749 2048 3030 2120 implevit,
3065 2064 3384 2119 semenque
3414 2049 3718 2119 Evangelii
3746 2065 3890 2120 prae-

450 2119 652 2192 sertim
687 2116 744 2192 in
775 2132 916 2192 agro
947 2116 1237 2174 Castresio
1269 2119 1381 2192 (84)
1414 2136 1546 2174 cum
1583 2121 1847 2192 persuavi
1883 2116 2164 2176 virtutum
2214 2138 2454 2176 suarum
2509 2123 2704 2186 odore,
2762 2116 3256 2192 tit—temperantis
3287 2116 3498 2174 'animi
3551 2116 3882 2191 fragrantia

449 2188 765 2265 dispersit;
799 2188 1016 2260 quippe
1046 2205 1200 2265 aqua
1230 2188 1433 2265 sola'et
1460 2188 1656 2265 herbis
1689 2192 1900 2248 solitus
1916 2194 2096 2248 vitam
2132 2193 2447 2260 sustinere,
2481 2199 2538 2247 et
2568 2210 2669 2265 per
2693 2199 2928 2265 tempus
2959 2188 3195 2262 quidem
3231 2188 3686 2264 quadragenari'i
3718 2195 3872 2264 jeju-

448 2259 653 2336 nii_bis
683 2259 967 2336 duntaxat
997 2259 1138 2332 quot
1169 2262 1553 2319 hebdomadis
1603 2264 1797 2318 cibum
1831 2281 2085 2320 sumere.
2123 2269 2178 2319 Is
2209 2266 2535 2319 admiratus
2567 2259 2834 2334 magistri
2895 2259 3322 2336 fortitudinem,
3374 2269 3432 2319 et
3460 2259 3876 2336 “magnovejus

452 2331 720 2408 imitandi
753 2333 946 2388 studio
975 2331 1318 2408 succensus,
1354 2336 1412 2389 in
1447 2337 1609 2408 paria
1639 2337 1858 2407 sejecit
1890 2337 2232 2403 certamina,
2269 2338 2590 2408 primisque
2646 2331 2952 2408 gentilium
2975 2407 2981 2408 ί
3007 2336 3117 2390 sub
3162 2335 3377 2408 Christi
3401 2331 3623 2408 jugum'
3649 2331 3874 2402 ductis,

448 2403 722 2458 inscenso
754 2406 1013 2479 martyrii
1047 2422 1221 2460 curru
1256 2403 1659 2479 triumphavit.
1696 2403 2170 2478 Comprehensus
2193 2403 2347 2463 enim
2384 2403 2537 2463 haud
2575 2403 2775 2479 procul
2805 2407 3045 2470 Lutetia,
3079 2413 3135 2461 et
3165 2407 3297 2462 ﬁdei
3357 2403 3528 2464 titulo
3585 2409 3878 2465 interem-

452 2481 586 2553 ptus
612 2477 1186 2553 magistritropaeum
1215 2477 1701 2553 triumphumque
1730 2477 1990 2553 etiamin
2043 2497 2109 2536 eo
2141 2477 2597 2552 repraesentavit,
2658 2481 2810 2550 quod
2873 2482 3152 2553 refectum
3215 2496 3247 2533 a
3304 2479 3634 2553 cervicibus
3696 2487 3879 2553 caput

453 2546 665 2621 palmis
695 2549 939 2620 excepit,
967 2546 1138 2619 atque
1169 2551 1240 2605 ad
1276 2546 1532 2607 montem
1569 2546 1684 2608 una
1716 2553 1832 2607 fere
1855 2552 2019 2608 leuca
2050 2546 2388 2621 distantem,
2423 2553 2520 2607 ubi
2551 2556 2608 2606 et
2640 2546 2910 2621 sepultus
2943 2559 3048 2617 est,
3099 2551 3438 2619 deportavit.
3490 2553 3640 2607 Loco
3675 2546 3878 2608 acc-es-

452 2621 531 2695 sit
563 2619 768 2695 honos,
803 2619 868 2695 ut
890 2638 1058 2695 mons
1086 2628 1140 2677 S.
1163 2623 1326 2679 Jonis
1350 2624 1657 2679 diceretur.
1686 2624 1873 2693 Hujus
1925 2625 2078 2680 diem
2144 2619 2398 2680 natalem
2449 2619 2754 2680 ascribunt
2809 2622 3230 2695 Martyrologia
3281 2624 3510 2679 decimo
3573 2625 3876 2680 Kalendas

452 2691 718 2770 Qctobris
749 2693 853 2748 tali
876 2693 1111 2770 elogio;
1147 2697 1370 2770 «‘Apud
1407 2713 1622 2768 pagum
1655 2691 2275 2770 castrensiumisancti
2309 2697 2475 2770 Jonis
2509 2696 2830 2766 presbyteri
2881 2701 2936 2770 et
2962 2691 3448 2770 '_martyris,_qui
3490 2712 3626 2751 cum
3665 2704 3876 2753 sancto

451 2764 729 2906 Dippéysqio
762 2765 1055 2837 profectus
1087 2765 1146 2820 in
1180 2764 1453 2836 Galliam,
1479 2764 1650 2838 jussu
1682 2767 1894 2823 Juliani
1929 2769 2181 2840 praefecti
2216 2764 2556 2824 verberibus
2588 2764 2797 2834 caesus,
2857 2767 3051 2839 gladio
3085 2764 3432 2838 martyrium
3489 2784 3874 2825 consumma-

451 2853 504 2893 νι
685 2878 697 2888 .
733 2858 760 2885 ››

451 2846 534 2893 vit
565 2846 697 2903 (se).
733 2858 760 2885 ››

523 2907 854 2981 Jungamus
883 2908 940 2962 S.
975 2907 1121 2981 Joni
1144 2909 1201 2962 Β.
1233 2909 1576 2964 Sanctinum
1611 2910 1969 2965 Meldensem
2003 2911 2369 2981 episcopum,
2404 2908 2879 2981 quandoquidem
2939 2907 2994 2962 in
3057 2907 3266 2964 iisdem
3329 2908 3624 2981 Ecclesiae,
3651 2910 3875 2965 tabulis

457 2980 1163 3054 eadem__conjunct_usdie
1195 2981 1502 3054 reperitur,
1533 2981 1694 3037 hisce
1726 2983 1957 3036 verbis:
2001 2980 2216 3052 {Apud
2271 2980 2566 3036 civitatem
2610 2982 2964 3054 Meldensem
3024 2981 3174 3054 (86),,
3217 2982 3368 3036 beati
3428 2980 3698 3036 Sanctini
3753 2982 3875 3054 epi-

462 3051 792 3125 scopi_(87_),
825 3051 1100 3125 discipuli
1127 3053 1325 3125 sancti
1351 3054 1605 3121 Dionysii
1638 3055 1995 3125 Areopagitae
2032 3071 2043 3108 :
2071 3051 2170 3123 qui
2202 3055 2465 3122 ejusdem
2500 3055 2754 3108 civitatis
2785 3053 3097 3124 episcopus
3129 3052 3200 3108 ab
3232 3069 3298 3108 eo
3330 3058 3718 3108 consecratus
3751 3051 3871 3125 pri-

461 3121 597 3176 mus
632 3121 715 3197 ibi
736 3123 1112 3197 Evangeiium
1151 3123 1488 3195 praedicavit
1519 3126 1652 3197 (88).
1689 3147 1709 3176 ι
1748 3121 1804 3180 Is
1827 3121 1916 3180 est
1942 3125 2038 3196 qui
2089 3121 2352 3197 Dionysii
2407 3125 2671 3196 magistri
2731 3121 2838 3179 sui
2873 3131 3167 3197 certamen
3218 3141 3336 3179 una
3383 3141 3514 3180 cum
3557 3121 3875 3197 Antonino

462 3194 762 3266 spectavit,
800 3195 1128 3262 descripsit,
1155 3194 1233 3250 ad
1271 3194 1844 3265 pontiﬁcem‘detulit
1877 3216 1889 3252 :
1920 3194 2276 3266 tandemque
2310 3199 2380 3252 ad
2433 3194 2573 3252 suos
2632 3214 2918 3263 reversus,
2978 3201 3036 3252 et
3064 3196 3179 3250 vita
3237 3203 3293 3252 et
3323 3196 3629 3252 miraculis
3657 3197 3878 3264 clarus,

456 3265 662 3340 relicto
695 3283 1037 3340 successore
1067 3269 1383 3333 Antonino,
1418 3285 1550 3340 post
1583 3270 1766 3325 multa
1796 3271 2124 3325 animarum
2180 3265 2342 3324 lucra
2399 3269 2642 3324 feliciter
2699 3269 3020 3334 emigravit.
3056 3272 3236 3334 Quem
3278 3275 3336 3324 et
3373 3269 3498 3340 ipse
3530 3271 3871 3326 Antoninus

452 3337 661 3412 iisdem
686 3339 973 3412 virtutum
999 3340 1282 3412 vestigiis,
1313 3345 1367 3395 et
1401 3337 1523 3412 pari
1551 3358 1826 3397 successu
1860 3348 1916 3396 et
1945 3343 2101 3396 exitu
2133 3343 2201 3396 ad
2234 3342 2443 3396 coelum
2488 3346 2574 3396 est
2607 3346 2977 3396 consecutus.

519 3409 650 3465 Jam
682 3427 814 3466 vero
846 3409 1544 3485 Taurinus'Ebroicensis
1574 3413 1906 3485 episcopus,
1939 3415 2010 3468 de
2041 3430 2154 3484 quo
2186 3430 2367 3484 supra
2405 3413 2669 3468 nonnihil
2697 3412 3037 3480 memoravi,
3074 3415 3202 3482 post
3253 3411 3452 3485 sancti
3476 3410 3643 3485 Patri
3666 3429 3696 3467 e
3720 3417 3883 3468 terra

451 3497 752 3556 excessum
787 3487 952 3538 tanto
984 3483 1312 3556 impensius
1345 3485 1403 3540 in
1425 3483 1658 3540 omnem
1695 3483 1915 3556 partem
1952 3483 2397 3555 intendere,quo
2431 3485 2876 3550 Eeclesia,tanto
2912 3488 3151 3554 parente
3182 3483 3346 3548 orba,
3371 3483 3658 3556 majorem
3681 3501 3714 3538 a
3745 3501 3876 3539 suc-

449 3555 784 3610 cessoribus
817 3571 1015 3628 curam
1050 3555 1336 3626 exigebat.
1376 3557 1430 3611 ls
1463 3555 1825 3613 edendorum
1858 3559 1927 3612 ad
1965 3558 2356 3612 inducendam
2391 3558 2862 3628 ﬁrmandamque
2909 3557 3106 3620 ﬁdem,
3158 3555 3564 3628 prodigiorum
3599 3557 3880 3612 facultate

452 3628 734 3701 praaditus
768 3628 878 3680 fuit
911 3627 1080 3697 plane
1112 3629 1466 3701 admirabili.
1497 3634 1640 3684 Nam
1674 3647 1790 3684 una
1823 3631 2145 3697 eademque
2176 3631 2269 3684 die
2299 3629 2412 3701 (89)
2445 3635 2652 3700 praeter
2679 3627 2992 3694 alia,etiam
3027 3627 3207 3701 mutis
3240 3627 3584 3682 hominibus
3617 3633 3880 3701 quatuor

452 3697 730 3770 loquendi
765 3715 962 3766 usum,
997 3703 1055 3752 et
1087 3699 1251 3754 caecis
1281 3705 1410 3755 octo
1439 3701 1676 3755 videndi
1708 3705 1824 3756 vim
1856 3701 2209 3770 conciliavit,
2240 3697 2509 3756 et'vita’m
2544 3701 2645 3755 uni
2678 3701 2954 3756 reddidit.
2987 3699 3144 3754 Alias
3175 3716 3307 3754 vero
3358 3697 3718 3756 sacriﬁculis
3741 3700 3875 3754 Dia—

454 3787 591 3845 nam
617 3769 945 3845 colentibus
977 3770 1290 3845 depulsum
1323 3789 1356 3826 a
1386 3771 1698 3845 simulacro
1732 3775 2053 3828 daemonem
2083 3769 2496 3844 turpissimum
2531 3789 2664 3829 cum
2697 3772 2922 3845 ingenti
2954 3771 3217 3845 ipsorum
3252 3771 3494 3845 horrore
3524 3776 3583 3827 et
3614 3773 3876 3828 detesta-

456 3841 615 3917 _t_ion_e
646 3842 1330 3917 conspicuumpraabuit.
1367 3843 1625 3917 Denique
1658 3845 1910 3917 multum
1944 3845 2144 3917 populi
2177 3841 2292 3917 qua
2323 3841 2849 3915 cohortationibus,
2883 3841 2996 3916 qua
3025 3843 3454 3912 curationibus,
3477 3860 3595 3915 qua
3623 3845 3879 3900 miracu-

455 3911 530 3968 lis
563 3913 678 3969 Deo
709 3911 842 3968 cum
878 3913 1308 3982 acquisivisset,
1345 3915 1415 3969 ad
1449 3911 1584 3968 eum
1615 3916 1800 3970 victor
1825 3911 2078 3972 transiit.

537 3986 611 4058 De
640 3986 859 4056 Regulo
892 3990 1111 4058 autem,
1148 3988 1312 4053 cujus
1345 3986 1632 4041 nonnulla
1664 3988 1934 4057 superius
1959 3987 2177 4043 mentio
2212 3988 2364 4043 facta
2393 3992 2500 4053 est,
2536 3987 2673 4058 quid
2709 3988 2833 4056 ejus
2867 3986 3109 4058 dignum
3137 3986 3455 4041 virtutibus
3487 3986 3599 4041 dici
3633 3987 3880 4057 potest?

455 4057 660 4113 eodem
695 4059 850 4114 enim
887 4074 1002 4130 quo
1033 4057 1151 4112 dux
1183 4075 1328 4114 suus
1358 4058 1569 4129 spiritu
1605 4075 1840 4130 semper
1869 4059 2214 4127 ambulavit,
2251 4077 2482 4130 semper
2512 4057 3061 4130 laboravit,semper
3090 4060 3160 4114 ad
3193 4067 3518 4130 extremum
3545 4075 3736 4129 usque
3766 4059 3876 4113 ad-

454 4145 665 4185 versus
698 4129 1064 4202 impietatem
1098 4131 1453 4186 decertavit:
1488 4147 1592 4186 nec
1625 4129 1750 4186 sine
1782 4131 1951 4186 ducis
1980 4131 2169 4196 ipsius
2217 4129 2484 4199 quamvis
2515 4131 2763 4197 emeriti,
2818 4129 3088 4201 quamvis
3145 4132 3202 4184 in
3263 4129 3404 4185 ccelo
3448 4129 3880 4202 triumphantis

457 4202 734 4272 praesenti
761 4219 869 4272 ope
899 4207 954 4257 et
975 4201 1338 4272 interventu.
1373 4203 1521 4258 Nam
1556 4221 1685 4258 cum
1713 4205 1784 4258 ab
1818 4219 2054 4258 excessu
2081 4203 2364 4274 Dionysii,
2395 4202 2787 4258 Silvanectum
2820 4204 2985 4272 (urbs
3016 4207 3106 4258 est
3136 4203 3425 4258 Lutetiam
3474 4201 3652 4257 interi
3680 4209 3736 4257 et
3767 4202 3878 4257 No-

458 4274 725 4346 vionum)
758 4274 890 4330 fidei
919 4275 1308 4346 propaganda
1341 4292 1520 4330 causa
1555 4275 1852 4346 profectus
1882 4281 2057 4345 esset,
2089 4273 2389 4345 multaque
2420 4280 2537 4328 tam
2575 4291 2675 4345 per
2704 4275 2834 4341 iter,
2869 4291 3046 4345 quam
3081 4275 3139 4346 in
3173 4275 3316 4329 urbe
3363 4274 3521 4346 ipsa,
3567 4291 3667 4346 pro
3702 4276 3882 4346 unius

463 4345 563 4418 Dei
590 4346 753 4402 cultu
789 4345 1127 4412 asserendo,
1162 4346 1448 4401 miracula
1482 4345 1763 4418 patraret.
1812 4348 2131 4403 simulacra
2187 4347 2539 4411 destrueret,
2593 4347 2889 4401 daemones
2936 4345 3266 4416 expelleret,
3316 4345 3596 4418 mortales
3658 4345 3881 4401 multos

465 4417 698 4474 Christo
738 4419 1150 4476 lucrifaceret:
1186 4418 1296 4489 ipsi
1333 4417 1602 4473 fanorum
1639 4437 1705 4475 ac
1739 4420 2116 4474 delubrorum
2152 4420 2460 4490 pontiﬁces
2483 4418 2666 4473 nimia
2693 4419 2780 4473 ira
2810 4417 3534 4490 succensi,Quintilianum
3560 4419 3689 4486 ejus
3721 4419 3886 4474 urbis

463 4493 796 4562 praefectum
831 4493 1104 4563 adierunt
1138 4507 1150 4544 :
1187 4491 1376 4545 virum
1410 4498 1683 4546 sanctum
1720 4492 2044 4562 impietatis
2076 4489 2251 4563 atque
2281 4490 2568 4563 sacrilegii
2603 4489 3029 4546 insimularunt
3056 4507 3068 4545 :
3097 4507 3302 4563 poenas
3321 4491 3882 4563 cumossnguinepo-

462 4561 799 4633 poscerunt,
826 4581 928 4620 nec
958 4562 1058 4618 ille
1091 4563 1238 4617 mori
1275 4565 1602 4630 recusavit;
1631 4565 1757 4633 jam
1790 4561 2406 4634 s’urrexerat,jamque
2436 4561 2561 4617 ibat
2592 4563 2800 4633 (novus
2829 4563 2984 4618 enim
3018 4561 3202 4628 dolor,
3241 4562 3502 4634 dimissis
3535 4561 3822 4633 a’Regul’o
3853 4579 3884 4618 ε

460 4651 688 4708 carcere
717 4641 922 4708 suopte
951 4639 1114 4691 motu
1129 4634 1515 4708 Christianis.
1545 4636 1796 4706 praefecti
1831 4635 2095 4708 animum
2130 4633 2536 4708 vehementius
2567 4635 2988 4706 inﬂammaret)
3021 4635 3134 4690 nisi
3168 4635 3390 4708 conjuxﬁ
3428 4633 3792 4708 Christiana,
3826 4641 3884 4689 et

459 4707 598 4780 olim
631 4708 702 4764 ab
737 4706 864 4780 ipso
900 4706 1177 4780 Dionysio
1211 4707 1381 4762 noxis
1413 4707 1636 4774 abluta,
1671 4707 1862 4762 mariti
1896 4707 2180 4777 impetum
2216 4707 2527 4780 prudentia
2553 4724 2661 4761 sua
2691 4707 3048 4762 retardasset
3075 4724 3087 4762 :
3113 4711 3289 4780 atque
3317 4707 3492 4780 etiam
3527 4706 3644 4761 nisi
3662 4706 3885 4778 Diony-

459 4779 588 4835 sius
614 4778 957 4836 meditatam
994 4778 1285 4850 discipulo
1315 4795 1544 4849 poenam
1578 4796 1690 4834 non
1727 4779 2033 4834 avertisset
2062 4779 2381 4850 modo,sed
2406 4779 2463 4832 in
2489 4778 2764 4834 honorem
2790 4795 3025 4849 quoque
3056 4783 3113 4835 et
3143 4779 3199 4832 in
3235 4779 3513 4850 gaudium
3557 4780 3884 4834 convertis-

459 4859 565 4907 set.
603 4853 750 4908 Dum
787 4853 940 4909 enim
978 4849 1287 4924 praefectus
1315 4853 1388 4924 de
1417 4851 1774 4907 sanctissimi
1809 4851 2078 4924 praesulis
2110 4867 2269 4924 nece,
2303 4849 2553 4924 sollicite
2601 4867 2662 4906 se
2720 4868 2851 4924 cum
2885 4852 3043 4924 504
3109 4849 3302 4906 mente
3351 4855 3683 4924 pertractat,
3720 4851 3883 4905 beni-

463 4925 794 4991 gnissimus
826 4922 1024 4982 autem
1058 4930 1214 4979 Deus
1245 4923 1416 4978 solita
1451 4924 1664 4993 pietate
1695 4925 1765 4978 de
1787 4925 1934 4978 servi
1969 4923 2059 4978 sui
2093 4923 2279 4978 salute
2311 4923 2592 4990 disponit,
2615 4939 2746 4978 ecce
2775 4922 3085 4992 Dionysius
3133 4928 3301 4977 nocte
3346 4923 3721 4994 intempesta,
3747 4938 3881 4978 cum

460 4997 691 5069 duobus
719 5000 893 5053 sociis
927 4997 1135 5069 palmae
1162 4996 1556 5062 consortibus,
1592 5012 1696 5069 per
1718 4995 1909 5069 visum
1945 4996 2214 5069 praefecto
2246 5011 2307 5049 se
2340 4994 2591 5062 objicere
2621 4999 2676 5049 et
2705 4994 2789 5050 sic
2821 4995 2983 5049 aﬁ‘ari
3013 5011 3026 5050 :
3061 4993 3704 5069 Qui_ntiliane_._Dom-inus
3729 4995 3884 5050 Iesus

462 5068 733 5134 Christus,
768 5065 1050 5137 cuius'nos
1076 5084 1261 5124 servos
1292 5065 1636 5139 professione
1665 5067 1816 5134 ﬁdeli
1843 5065 2113 5137 fatemur,
2148 5067 2258 5121 huc
2285 5069 2482 5121 salutis
2512 5072 2622 5122 tuae
2677 5083 2848 5122 causa
2904 5083 3002 5121 nos
3039 5066 3280 5131 misum!
3331 5065 3530 5121 relicto
3567 5067 3882 5123 damonum

458 5146 633 5206 cultu,
668 5143 737 5196 (ut
766 5159 891 5197 eum
918 5142 1283 5204 converteris,
1346 5143 1397 5194 et
1448 5142 1742 5208 postposita
1793 5141 2112 5209 tyrannide,
2177 5139 2512 5195 Christiana:
2540 5140 2836 5209 religionis
2865 5139 3048 5194 cultor
3103 5139 3356 5209 deinceps
3409 5140 3663 5194 exsistas.
3709 5140 3884 5206 Igitur

455 5214 635 5283 primo
665 5232 826 5270 mane
855 5218 1085 5282 fratrem
1117 5220 1379 5267 nostrum
1410 5213 1640 5280 inquire
1672 5208 1966 5279 Regulum,
1991 5228 2023 5264 α
2053 5226 2156 5280 quo
2212 5227 2494 5283 noxarum,
2540 5208 2754 5265 veniam
2806 5211 3106 5281 postulans,
3139 5208 3409 5282 quidquid
3453 5212 3710 5279 jusserit,
3740 5210 3882 5265 nihil

457 5287 734 5341 reluctans
769 5287 959 5355 facito.
998 5285 1094 5339 llle
1125 5290 1330 5338 autem
1366 5283 1808 5355 expergefactus
1840 5299 2080 5338 narrare
2111 5283 2272 5336 uxori
2308 5282 2604 5337 somnium
2638 5289 2812 5350 atque
2833 5283 3050 5345 visum,
3098 5289 3154 5337 et
3210 5283 3497 5352 imagines
3531 5298 3752 5355 eorum
3785 5283 3879 5353 qui

457 5353 876 5427 apparuerant.
907 5374 971 5412 ac
1003 5362 1195 5419 aetate,
1234 5353 1858 5427 forma,_lineamentis
1889 5361 2087 5427 exacte
2119 5355 2448 5424 depingere.
2483 5355 2630 5409 Tum
2667 5355 2804 5409 illa:
2859 5375 2878 5403 α
2914 5355 3176 5418 Noveris,
3237 5354 3450 5427 inquit,
3513 5353 3726 5427 dilecte
3786 5355 3883 5425 mi,

459 5424 568 5484 hos
598 5431 695 5495 qui
731 5431 835 5484 tibi
877 5429 1052 5485 locuti
1085 5430 1248 5490 sunt,
1284 5443 1396 5481 non
1425 5424 1570 5482 alios
1601 5443 1731 5482 esse
1763 5444 1938 5497 quam
1971 5426 2204 5481 beatum
2246 5427 2616 5496 Dionysium,
2666 5427 2912 5497 ejusque
2962 5427 3175 5490 socios,
3236 5425 3335 5497 qui
3397 5427 3467 5481 ad
3531 5425 3811 5482 Lutetiam
3853 5424 3884 5482 a

462 5501 737 5573 praefecto
773 5501 1136 5557 Fescennino
1165 5499 1494 5573 obtruncati
1525 5499 1782 5573 palmam
1844 5499 2230 5553 obtinuerunt
2289 5499 2568 5573 martyrii.
2604 5500 2884 5573 Quocirca
2908 5499 3054 5554 bene
3086 5505 3236 5573 etoex
3268 5498 3458 5553 salute
3491 5503 3583 5573 tua
3613 5500 3810 5573 facies,
3839 5501 3882 5554 si

465 5570 965 5644 quemadmodum
1003 5573 1073 5628 ab
1099 5572 1309 5627 iisdem
1347 5571 1571 5644 sanctis
1604 5570 1887 5644 divinitus
1920 5587 1981 5644 es
2021 5571 2437 5644 commonitus.
2463 5576 2738 5644 sanctum
2774 5571 2950 5627 adeas
2973 5572 3418 5644 pontiﬁcenitet
3447 5570 3734 5644 quidquid
3769 5573 3886 5642 ipse

457 5641 727 5717 jusserit,
765 5647 978 5702 facias:
1023 5662 1117 5711 ne,
1155 5645 1201 5699 si
1237 5659 1408 5698 secus
1440 5642 1608 5717 faxis,
1644 5643 1790 5698 iram
1827 5643 2243 5717 omnipotentis
2273 5643 2370 5717 Dei
2415 5642 2882 5717 Christianorum
2934 5645 3219 5717 incurras.
3256 5663 3284 5692 ››
3316 5641 3638 5717 Nemuita.
3692 5641 3886 5698 Paruit

466 5711 564 5772 ille
602 5720 875 5786 conjugis
904 5727 960 5773 et
995 5722 1331 5772 sanctorum
1370 5714 1842 5787 monitimatque
1874 5715 1944 5768 ad
1977 5714 2162 5768 virum
2192 5716 2311 5787 Dei,
2345 5715 2615 5787 mandata
2646 5721 3015 5787 accepturus,
3050 5720 3106 5769 et
3133 5713 3315 5784 legem
3350 5711 3706 5787 Chrisliuna
3760 5732 3884 5770 cum

467 5784 874 5868 omnifaiiiilia
902 5788 1402 5868 amplexuruskse
1433 5785 1701 5868 contulit.
1725 5786 1867 5842 Tum
1900 5801 2035 5868 vero
2053 5785 2313 5868 pontifex
2361 5784 2729 5868 tamhipsum
2764 5784 3541 5868 praefectum,_quam.totam
3567 5785 3693 5868 fere
3751 5788 3880 5868 civ-i-

469 5864 650 5919 tatem
684 5861 755 5920 ad
813 5878 923 5921 sua
979 5853 1148 5920 sacra
1198 5853 1490 5914 conﬂuere
1529 5856 1802 5930 intuitus,
1856 5854 2022 5915 miris
2054 5853 2348 5914 'incedsre
2376 5855 2616 5926 latitils,
2649 5862 2708 5915 et
2735 5853 2928 5932 palam
2961 5853 3177 5914 Christi
3214 5853 3421 5913 laudes
3464 5869 3536 5913 ex
3562 5861 3687 5914 toto
3718 5859 3881 5916 corde
