4084 6370
166 263 286 320 833

1222 264 1415 333 VITA,
1454 263 1662 318 suos.
1706 265 1768 317 p.
1810 260 2130 318 HALLOIX
2164 261 2314 318 soc.
2355 264 2547 320 JESU.

3479 263 3587 324 834

236 389 302 470 LA.
352 387 648 470 Marineus
695 386 931 470 Siculus
961 384 1105 470 _loco
1155 402 1335 470 supra
1380 386 1557 469 citato
1591 403 1611 470 ε.
1640 408 1669 436 ‹‹
1702 384 1811 470 Qui
1842 387 1895 454 Α
1924 384 2362 470 episcopus..11io
2393 385 2502 441 fuit
2532 385 2591 442 in
2617 386 3028 470 episcoporum
3065 388 3473 470 Leodiensium
3500 409 3587 449 se-

160 468 477 544 postquam
522 459 775 544 vis‘itavit
820 458 1811 544 magistrumpionys‘ium,‘inquit,

161 531 296 588 cum
320 531 438 587 iter
466 538 621 587 esset
649 531 1021 604 ingressus,a
1040 532 1358 602 gentilibus
1389 531 1813 600 deprehensus,

159 612 215 660 et
247 621 317 660 ex
349 605 482 659 fidei
527 603 894 660 contessione
927 604 1060 673 quis
1108 610 1264 659 esset
1296 606 1588 674 cognitus,
1620 603 1814 675 gladio

160 679 462 749 aperiente
493 678 670 749 viam,
704 693 821 748 qua
852 677 1132 749 magister
1180 692 1324 749 suus
1350 678 1488 729 illuc
1513 677 1637 746 jam
1671 692 1814 746 pra:-

161 747 444 812 cesserat,
475 747 684 803 caelum
719 760 1030 802 coronatus
1062 747 1406 816 ingreditur.
1442 770 1469 796 ››

233 822 348 889 (93)
386 821 568 875 Annos
614 819 838 875 circiter
885 819 1145 874 ducentos
1192 822 1513 873 immersam
1561 816 1815 872 delituit.

160 892 248 948 Ita
282 893 653 963 scripserunt
702 891 923 947 Vaseus
958 892 1015 945 in
1040 891 1314 963 Chronico
1347 892 1418 945 ad
1451 907 1671 944 annum
1708 890 1818 963 Ι.)οτ

165 966 311 1020 mini
342 962 434 1034 97’,
466 965 719 1019 Thomas
751 964 822 1018 de
851 962 1112 1034 Trugillo
1166 969 1307 1018 tom.
1342 965 1391 1018 Il
1430 964 1711 1023 Thesauri,
1747 962 1818 1016 ad

164 1039 232 1092 15
263 1036 634 1103 Novembris,
666 1041 723 1091 et
755 1036 1102 1091 Franmscus
1133 1035 1390 1089 Bivarius
1422 1034 1479 1089 in
1535 1034 1819 1089 Commen-

163 1108 313 1164 tario
343 1108 415 1163 ad
446 1110 735 1177 Dextrum,
787 1124 939 1162 anno
983 1107 1195 1161 Christi
1230 1108 1350 1172 130,
1388 1112 1447 1161 et
1478 1105 1597 1159 alii.
1634 1105 1822 1160 Verba

160 1181 403 1236 Thomas
421 1187 561 1235 sunt
586 1197 599 1234 :
627 1200 655 1229 «
676 1180 758 1235 Ibi
785 1195 922 1250 ergo
948 1180 1167 1250 mansit
1190 1179 1589 1250 perducentos
1612 1194 1820 1250 annos,

162 1254 353 1307 donec
387 1253 624 1307 tandem
657 1248 917 1322 tempore
938 1249 1310 1305 Constantini
1334 1248 1704 1321 imperatoris
1737 1251 1821 1304 l‘a-

163 1330 253 1379 cta
285 1324 400 1378 fuit
450 1324 719 1379 revelatio
765 1323 1094 1377 Christiano
1138 1322 1371 1377 cuidam
1403 1322 1621 1393 equiti;
1657 1338 1822 1376 voca-

160 1397 342 1451 batur
374 1395 716 1465 Hercoldus,
747 1400 857 1450 etc.
880 1414 905 1445 ιι
946 1393 1155 1449 Bivarii
1188 1400 1384 1449 autem
1421 1411 1434 1448 :
1477 1414 1496 1442 ι
1524 1393 1823 1460 Quomodo

161 1467 386 1524 Gallias
416 1468 665 1523 tendens
695 1464 961 1538 martyrii
988 1467 1246 1522 lauream
1270 1467 1539 1537 adeptus,
1571 1483 1635 1520 ac
1660 1465 1717 1519 in
1742 1464 1823 1519 la-

162 1556 299 1596 cum
338 1541 690 1595 Marcasium
724 1540 996 1609 injectus,
1031 1545 1085 1593 et
1136 1540 1270 1593 inde
1303 1539 1650 1593 revelatione
1681 1541 1825 1591 Her—

163 1611 333 1668 coldo
368 1611 549 1668 nobili
606 1612 727 1665 viro
761 1628 795 1665 a
834 1610 893 1682 Sy.
926 1609 1197 1682 Dionysio
1231 1612 1404 1675 facta,
1441 1610 1825 1682 praeclarosi-

163 1701 277 1757 gno
311 1682 588 1757 sanitatis
612 1681 988 1757 _m_iraculose
1030 1681 1143 1753 ipsi
1186 1682 1516 1757 impertitis,
1553 1681 1825 1757 post_du-

1926 459 2007 532 ripe
2041 458 2381 532 trigesrimus
2428 474 2641 528 nonus,
2684 458 2941 532 Ainiit'que
2993 462 3397 531 pontiﬁcatum
3431 482 3584 521 anno

1923 531 2136 585 Christi
2169 531 2296 609 903,
2331 531 2444 609 hoc
2471 535 2580 609 est,
2613 530 2785 609 initip
2814 530 3013 609 saeculi
3041 534 3276 609 decimi.
3300 539 3382 590 Ad
3410 554 3585 609 quem

1927 618 2149 657 annum
2183 602 2262 656 ita
2294 603 2631 672 Sigebertus
2652 605 2707 656 in
2728 603 3014 660 Chronico
3041 623 3053 660 :
3078 628 3101 657 α
3131 602 3584 665 Ιπιιειηοοηθᾞθο-

1928 675 2222 752 diensium
2274 676 2547 752 episcopo
2600 683 2849 752 mortuo,
2903 677 3237 752 Stephanus
3271 682 3583 752 epiSCOpus

1928 747 2412 824 subrogatur,_vir
2442 747 2751 824 sanctitate
2779 753 2835 801 et
2858 750 3103 824 scientia
3138 747 3350 818 clarus,
3379 747 3585 824 qui-vi-

1933 825 2051 873 tam
2085 826 2140 872 et
2161 818 2492 887 passionem
2513 826 2568 871 δ.
2590 819 2883 873 Lamberti
2913 823 3184 892 martyris
3207 828 3274 876 ad
3303 818 3586 881 Herman-

1933 907 2074 944 num
2101 892 2607 970 archiepiscOpum
2634 893 2914 970 urbanius
2948 893 3150 947 edidit.
3177 901 3423 952 Cautum
3450 916 3591 970 quo-

1936 978 2049 1033 que
2082 968 2435 1041 nocturnum
2470 964 2785 1041 defendam
2821 969 3093 1041 martyre,
3129 964 3487 1041 cautumque
3519 973 3591 1027 de

1932 1039 2134 1089 sancta
2164 1034 2471 1112 Trinitatis,
2519 1040 2575 1089 et
2607 1036 2677 1089 de
2710 1034 3043 1112 inventione
3082 1040 3360 1112 Stephani
3393 1034 3597 1112 proto-

1934 1108 2233 1188 martyris,
2283 1106 2439 1160 dulci
2490 1111 2547 1161 et
2596 1107 2849 1178 regulari
2902 1106 3302 1167 modulatt‘one
3352 1106 3591 1186 cumpo-

1934 1188 2072 1233 Stllt.
2105 1200 2133 1225 ››

2004 1250 2083 1324 De
2130 1247 2413 1324 miraculo
2460 1248 2517 1324 S_.
2572 1249 2823 1324 Eugeniﬁiw
2862 1250 3275 1324 ingcuratione
3322 1257 3589 1324 eiusdem

1931 1320 2209 1392 Stephani
2258 1320 2535 1392 episcopi,
2592 1320 2719 1376 vide
2765 1322 3057 1395 zEgidium
3108 1324 3233 1380 loco
3281 1320 3460 1399 supra
3508 1331 3590 1385 ci-

1935 1399 2083 1448 tato.

2006 1464 2340 1519 Notandum
2394 1480 2564 1534 porro
2615 1464 2673 1518 in
2725 1464 2832 1519 hac
2882 1466 3286 1537 translatione,
3335 1470 3471 1527 licet
3519 1474 3590 1528 ab

1934 1537 2159 1608 [Egidio
2191 1537 2422 1590 dicatur
2452 1552 2667 1606 corpus
2692 1537 3068 1607 translatum,
3103 1540 3344 1597 minime
3377 1544 3589 1601 intelli-

1936 1614 2195 1687 gendum
2233 1624 2362 1663 esse
2392 1610 2462 1662 de
2494 1614 2612 1687 toto
2658 1626 2920 1687 corpore,
2953 1614 3053 1687 sed
3086 1616 3318 1668 tantum
3353 1616 3423 1670 de
3454 1633 3590 1687 por-

1936 1684 2092 1735 tione
2125 1680 2321 1757 aliqua
2350 1680 2629 1757 corporis.
2658 1680 2934 1757 Estenim
2964 1682 3089 1757 hac
3113 1680 3594 1757 frequentissima

162 1753 369 1844 centes
403 1755 580 1844 aquai.
610 1753 844 1844 latibuli
877 1770 1064 1809 annos
1112 1770 1314 1844 rreceLns
1347 1754 1615 1844 eductus,
1651 1754 1827 1844 digpu
1862 1781 1906 1844 B
1936 1759 2093 1821 (cum
2128 1753 2197 1844 de
2228 1753 2445 1844 salictis
2478 1753 2670 1833 agitur
2690 1755 2978 1844 reliquiis)
3009 1753 3378 1828 synecdoche
3412 1762 3594 1831 partis

166 1828 390 1883 honore
423 1827 661 1882 habitus
694 1826 889 1895 fuerit,
920 1837 1027 1881 etc.
1063 1847 1091 1875 ››
1124 1826 1344 1891 Quibus
1368 1826 1640 1880 accedere
1672 1826 1827 1879 vide-

166 1901 418 1971 turjam
450 1905 584 1955 ante
632 1898 921 1971 laudatus_
961 1897 1238 1971 Mariana,
1271 1901 1409 1952 dum
1446 1897 1666 1971 indicat
1696 1913 1828 1971 cor-

168 1968 608 2045 pus'repertum
648 1986 797 2045 esse,
830 1992 857 2019 «
894 1969 1079 2045 Callia
1129 1970 1366 2045 demum
1398 1970 1613 2025 Christi
1645 1968 1829 2024 sacris

168 2042 538 2116 populariter
568 2043 817 2097 imbuta.
851 2061 878 2093 ι
926 2042 1041 2096 Hoc
1074 2050 1269 2116 autem
1289 2042 1522 2116 factum
1555 2057 1830 2116 essenon

167 2112 405 2171 videtur
430 2120 565 2170 ante
598 2118 860 2185 tempora
881 2112 1266 2168 Constantini.
1288 2114 1388 2168 Hic
1416 2115 1570 2168 enim
1608 2114 1832 2183 primus

167 2187 334 2253 fecit,
354 2192 419 2242 ut
448 2187 549 2242 toti
571 2186 770 2258 pepuli
794 2186 864 2240 ad
889 2185 1181 2240 Christum
1212 2190 1721 2252 concurrerent,et
1741 2202 1835 2255 po-

176 2260 472 2333 pulariter
510 2258 721 2333 Christi
771 2258 955 2333 sacris
1006 2258 1428 2333 i_mbuerentur.
1486 2258 1831 2333 lluic_etia_m

176 2328 489 2387 sententias
511 2330 660 2384 favet
683 2329 991 2385 Gothicum
1012 2328 1355 2384 Toletanum
1390 2328 1748 2383 Breviarium
1774 2330 1831 2382 in

176 2406 401 2477 hymno
435 2403 504 2457 de
535 2408 739 2477 sancto
772 2401 1050 2477 Eugenio,
1076 2402 1171 2477 ubi
1200 2401 1320 2456 haec
1351 2402 1421 2477 de
1452 2402 1580 2472 ejus
1614 2406 1834 2477 marty~

175 2472 283 2539 rio,
322 2481 383 2530 et
412 2472 902 2545 corporisinillo
936 2472 1062 2528 lacu
1113 2473 1500 2541 demersione,
1534 2477 1591 2529 et
1622 2474 1833 2544 perdu-

174 2548 435 2613 ratione,
467 2543 532 2601 et
555 2543 905 2600 revelatione
939 2561 951 2600 :

356 2621 581 2673 Patrem
610 2617 900 2683 desiderat,
932 2624 1116 2671 votum
1144 2616 1501 2687 prosequitur
1531 2634 1549 2671 :

356 2692 481 2746 Iam
510 2704 674 2760 ιονορε
705 2691 946 2754 venerat,
980 2689 1149 2743 hostis
1180 2690 1450 2743 irascitur
1483 2703 1496 2743 :

360 2762 594 2818 Sanctus
626 2760 710 2816 vir
738 2761 983 2830 rapitur,
1015 2775 1174 2831 quem
1203 2776 1347 2815 ensis
1377 2764 1636 2828 temerat,

433 2836 618 2903 Caput
647 2833 855 2887 vellens
884 2848 918 2885 a
947 2847 1193 2902 corpore.

357 2906 422 2960 In
454 2901 578 2960 lacu
606 2905 867 2974 proximo
897 2901 1095 2973 corpus
1125 2901 1495 2974 submittitur,

356 2979 584 3043 Recens,
608 2973 674 3030 fut
707 2976 969 3041 mittitur,
1000 2984 1183 3029 manet
1214 2973 1533 3043 longissimo

435 3049 542 3102 Sub
574 3047 723 3102 unda
750 3063 948 3118 corpus
980 3050 1237 3117 tempore.

359 3120 663 3175 Hercoldus
693 3116 920 3188 patitur,
951 3116 1110 3188 quem
1142 3120 1236 3172 Dei
1268 3116 1426 3187 visio,

364 3194 459 3246 Ex
488 3192 590 3247 hoc
618 3192 927 3262 alloquitur
958 3192 1016 3243 in
1046 3190 1301 3262 Dionysio
1330 3206 1348 3242 .-

360 3263 575 3319 Satutis
601 3260 782 3334 pretio
813 3265 1034 3317 sanctus
1064 3260 1362 3316 redimitur

436 3334 538 3407 Dig
548 3350 615 3389 no
647 3334 904 3389 locandus
936 3334 1141 3388 decore.

240 3406 366 3477 (94)
400 3403 615 3462 Decimo
657 3408 807 3461 enim
834 3407 1060 3461 circiter
1106 3404 1344 3477 abigortu
1376 3403 1585 3477 Christi
1611 3406 1833 3477 saeculo.

171 3475 393 3549 AgitUr
422 3477 516 3533 hic
546 3479 617 3534 de
648 3477 1065 3533 nonnullarum
1085 3481 1141 3533 S.
1177 3475 1419 3549 Eugenii
1453 3475 1835 3549 reliquiarum

172 3547 570 3605 translatione
599 3550 669 3604 ad
708 3549 1024 3604 Broniense
1051 3548 1472 3604 monasterium
1506 3547 1565 3602 in
1598 3548 1833 3602 dioecesi

171 3621 489 3677 Leudiensi
539 3622 744 3676 situm.
776 3622 959 3691 Cujus
1010 3619 1416 3675 translationis
1466 3621 1684 3675 mentio
1721 3636 1834 3674 non

170 3700 412 3748 tantum
446 3692 504 3749 in
536 3694 671 3749 Vita
703 3694 761 3749 S.
795 3692 1035 3749 Gerardi
1085 3692 1314 3747 abbatis
1345 3692 1701 3758 Broniensis,
1735 3692 1836 3746 sed

169 3772 352 3822 etiam
383 3765 535 3837 apud
578 3765 870 3837 Egidium
926 3782 959 3819 a
1009 3764 1238 3831 Leodio,
1272 3762 1674 3818 Aurem-vallis
1702 3762 1833 3837 reli-

168 3838 365 3909 gioso,
389 3834 695 3909 reperitur.
726 3837 872 3892 Vide
899 3840 1060 3892 Gesta
1086 3837 1405 3909 pontiﬁcum
1437 3834 1839 3909 Tungrensium

170 3907 276 3965 seu
338 3907 756 3965 Leodiensium
805 3914 963 3963 tome
1011 3907 1219 3978 primo,
1257 3909 1354 3962 ubi
1405 3908 1719 3962 Anselmus
1747 3923 1838 3961 res

170 3980 462 4053 Stephani
487 3980 747 4052 episcopi
782 3981 1177 4053 prosequitur.
1215 3980 1339 4053 lllic
1369 3978 1549 4053 igitur
1571 3978 1837 4053 .iﬁgidius

172 4054 228 4108 in
266 4051 403 4108 suis
432 4054 502 4107 ad
533 4051 875 4108 Anselmum
903 4051 1336 4106 Additamentis
1368 4052 1449 4105 ita
1479 4053 1549 4106 de
1581 4051 1837 4106 Gerardo

172 4126 390 4182 abbate
422 4125 625 4180 scribit
657 4142 669 4180 :
705 4148 731 4173 ‹‹
768 4129 874 4179 Per
904 4124 1245 4195 praedictum
1280 4124 1455 4179 etiam
1489 4123 1836 4188 Gerardum,

172 4214 397 4268 corpus
428 4198 479 4252 S.
516 4196 758 4268 Eugenii
792 4195 1083 4251 Toletanis
1117 4196 1278 4250 urbis
1304 4195 1562 4267 episcopi
1596 4202 1650 4251 et
1685 4213 1837 4249 mar-

171 4268 863 4341 tyrisiniepiscopatum
896 4269 1298 4341 Leodiensem
1331 4269 1697 4341 translatum
1729 4272 1837 4322 est.

174 4338 286 4408 Qui
323 4340 385 4412 Β.
422 4338 723 4412 Eugenius
762 4339 1091 4412 discipulus
1124 4338 1521 4412 apostolorum
1559 4341 1687 4412 fuit.
1720 4347 1773 4392 et
1809 4355 1841 4393 a

173 4414 236 4469 B.
278 4410 556 4483 Dionysio
605 4410 930 4468 ordinatus
960 4410 1249 4483 Toletanis
1302 4410 1464 4483 urbis
1504 4411 1835 4483 episcopus.

172 4488 400 4540 Passus
435 4481 539 4539 est
588 4484 935 4550 martyrium
990 4484 1101 4538 sub
1161 4482 1522 4537 Fescennino
1576 4481 1839 4550 praeside,

174 4555 411 4611 decimo
452 4557 702 4626 septimo

174 4629 239 4686 Β.
282 4627 595 4699 Dionysius
628 4645 838 4698 passus
869 4633 975 4683 est.
1014 4649 1043 4676 »
1095 4627 1225 4681 Fuit
1275 4626 1395 4680 haec
1432 4626 1618 4699 prima
1648 4631 1839 4699 trans-

173 4700 344 4765 latio,
381 4696 558 4764 quam
588 4696 765 4756 etiam
809 4704 1138 4768 agnoscunt
1168 4699 1435 4753 Molanus
1467 4703 1523 4753 et
1552 4696 1839 4752 Baronius

174 4774 235 4827 in
273 4772 402 4827 suis
451 4771 910 4827 Adnotationibus
956 4772 1025 4825 ad
1068 4771 1477 4839 Martyrologia,
1521 4771 1591 4824 ad
1630 4772 1692 4823 15
1725 4770 1841 4824 No-

177 4844 463 4908 vembris,
494 4850 551 4899 et
577 4843 832 4899 Joannes
866 4843 1127 4898 Mariana
1157 4842 1257 4897 lib.
1284 4860 1315 4896 x
1350 4843 1421 4897 De
1449 4843 1616 4897 rebus
1648 4843 1840 4912 Hispu-

182 4917 318 4969 niae.
353 4933 481 4969 can.
515 4916 604 4969 20.

182 4917 318 4979 niae,
353 4933 481 4986 cap.
515 4917 604 4971 20.

255 4988 370 5057 (95)
400 4984 513 5056 Qui
539 4988 592 5042 ei
620 4986 850 5042 concilio
896 4989 1134 5057 praeerat
1184 4986 1490 5055 Stephanus
1533 4984 1847 5040 Leodiensis

1942 1841 2041 1896 pro
2077 1828 2216 1879 toto.
2249 1825 2432 1896 Unde
2484 1826 2657 1878 etiam
2705 1841 2867 1880 error
2902 1826 2994 1880 ille
3043 1825 3100 1882 et
3150 1825 3444 1886 certamen
3479 1850 3593 1887 non

1940 1894 2067 1951 raro
2100 1894 2381 1972 nascitur,
2417 1912 2529 1972 quo
2566 1895 2760 1965 plures
2810 1898 2985 1952 urbes
3018 1916 3079 1953 se
3110 1900 3373 1972 alicujus
3406 1906 3591 1959 sancti

1939 1984 2152 2047 corpus
2206 1967 2834 2047 haberedepugnant,
2887 1985 3020 2024 cum
3073 1967 3315 2043 singulae
3368 1981 3593 2047 partem

1940 2046 2173 2095 tantum
2208 2038 2480 2093 habeant.

2012 2111 2125 2184 (96)
2151 2110 2342 2188 flnnis
2380 2126 2509 2165 vero
2538 2115 2655 2181 post
2701 2110 2843 2188 hanc
2881 2115 3305 2188 translationem
3350 2118 3597 2188 amplius

1942 2182 2205 2259 ducentis.
2241 2182 2390 2259 Ilaec
2422 2188 2517 2259 est
2558 2184 2812 2237 secunda
2864 2186 3169 2241 translatio
3214 2182 3594 2259 reliquiarum

2036 2253 2461 2333 Eugenii,_quze
2496 2256 2645 2333 facta
2667 2260 2756 2333 est
2789 2273 2940 2311 anno
2969 2260 3127 2333 llum.
3156 2260 3313 2327 1156,
3338 2253 3601 2333 tempore

1948 2328 2229 2400 Ludovici;
2252 2325 2375 2400 VII,
2407 2327 2558 2396 regis
2583 2325 2800 2400 Galliis,
2825 2344 2955 2382 cum
2982 2325 3314 2400 Alphonsus
3336 2325 3598 2388 Cast'ellae

1946 2417 2045 2472 rex
2079 2398 2383 2472 brachium
2415 2400 2682 2472 dextrum
2724 2399 2783 2472 S.
2820 2398 3061 2472 Eugenii
3090 2403 3159 2457 ab
3188 2404 3287 2458 illo
3321 2406 3599 2461 obtinuit.

1945 2471 2101 2525 Hanc
2132 2471 2449 2525 secundam
2474 2470 3211 2529 translationem'Molanus
3235 2482 3292 2531 et
3316 2478 3599 2531 Baronius

1947 2542 2003 2597 in
2037 2542 2164 2597 suis
2201 2541 2276 2597 ad
2307 2541 2705 2615 Martyroloyiu
2738 2545 3138 2615 Notutionibus,
3175 2564 3276 2602 seu
3311 2548 3599 2604 oblivione

1946 2632 2049 2669 seu
2081 2615 2443 2689 ignoratione
2478 2614 2899 2683 praeterierunt,
2926 2624 2980 2670 et
3009 2614 3133 2688 quae
3165 2620 3337 2674 tertia
3371 2622 3595 2689 l'uit,se-

1946 2687 2198 2742 cundain
2235 2687 2515 2753 lecerunt,
2552 2694 2614 2741 ut
2647 2702 2780 2741 mox
2810 2687 3121 2743 videbitur.

2018 2759 2208 2829 Hujus
2239 2764 2453 2822 autem,
2480 2774 2656 2835 quam
2684 2763 3133 2835 nos‘secundam
3159 2761 3457 2832 ponimus,
3483 2763 3599 2835 ple-

1946 2830 2113 2903 rique
2136 2846 2339 2903 omnes
2353 2846 2545 2903 rerum
2565 2830 2856 2903 Hispania:
2880 2830 3211 2903 scriptores,
3238 2830 3595 2889 mentionem

1946 2901 2359 2972 in’Alphonso,
2393 2908 2494 2955 aut
2523 2901 2578 2955 in
2613 2902 2857 2973 Eugenii
2888 2901 3020 2959 Vita
3053 2909 3332 2961 iecerunt.
3366 2907 3590 2962 Brevis-

1947 2975 2093 3029 sime
2122 2974 2381 3048 Joannes
2424 2973 2697 3048 Mariana
2747 2974 2847 3029 lib.
2885 2993 2938 3029 ιν
2988 2978 3057 3032 De
3086 2979 3250 3033 rebus
3284 2977 3595 3048 Hispaniae.

1947 3063 2072 3121 cap.
2109 3048 2160 3111 4,
2197 3046 2287 3100 his
2320 3046 2511 3099 verbis
2543 3063 2557 3100 :
2597 3069 2623 3093 «
2654 3050 2807 3117 Rege
2846 3048 3106 3104 Castalia:
3140 3046 3461 3121 Alphonso,
3496 3051 3595 3115 qui

1948 3119 2265 3192 imperator
2296 3124 2384 3192 est
2416 3126 2811 3192 nuncupatus,
2844 3123 2972 3189 ejus
3005 3119 3310 3176 brachium
3349 3124 3601 3192 primum

1946 3189 2213 3265 Toletum
2238 3187 2483 3265 relatum
2504 3195 2613 3265 est,
2633 3187 2920 3265 Ludovico
2945 3192 3064 3261 VII,
3084 3192 3282 3248 Gallias
3303 3187 3434 3265 rege
3460 3212 3596 3249 con-

1946 3263 2208 3337 cedente,
2242 3261 2298 3313 in
2331 3261 2702 3337 s_ocer_i_regis
2734 3264 3004 3337 gratiam,
3036 3270 3093 3318 et
3128 3261 3451 3337 Raymundi
3485 3268 3596 3322 To-

1944 3333 2125 3387 letani
2159 3331 2448 3408 praesulis.
2489 3332 2650 3408 Na_m_
2674 3350 2802 3408 quo
2836 3334 2886 3388 is
2934 3340 3195 3405 tempore
3213 3331 3487 3408 Eugenio
3524 3337 3599 3393 III

1946 3411 2223 3477 Romano,
2240 3404 2507 3477 pontifice
2526 3405 2594 3458 ad
2620 3404 3009 3477 Rhemensem
3030 3404 3437 3477 episcoporum
3459 3426 3599 3463 con-

1945 3481 2181 3531 ventum
2207 3475 2536 3551 festinabat,
2562 3492 2635 3551 ea
2656 3476 2861 3531 itinere
2888 3495 3007 3533 rem
3032 3475 3266 3534 omnem
3302 3482 3370 3533 de
3396 3481 3603 3551 Hispa-

1948 3547 2472 3623 norum_memoria
2521 3546 2913 3623 oblitteratam
2966 3568 3220 3621 praesens
3265 3546 3600 3623 explorave-

1946 3625 2102 3674 rat.»
2135 3620 2346 3692 Fusius
2371 3623 2574 3692 autem
2608 3618 2711 3673 lib.
2742 3637 2823 3685 x1,
2849 3618 3051 3692 capI3.
3086 3618 3364 3678 Eamdem
3396 3641 3605 3679 secun-

1945 3693 2081 3765 dam
2114 3690 2556 3765 translationem
2581 3690 3019 3762 descripserunt
3042 3696 3352 3765 Hispanice
3383 3697 3440 3750 in
3474 3699 3607 3752 Vita

1948 3765 2006 3819 S.
2043 3763 2308 3829 Eugenii,
2341 3764 2679 3837 Alphonsus
2712 3765 2783 3837 de
2834 3765 3088 3837 Villegas
3116 3763 3173 3821 in
3208 3770 3362 3824 Flore
3388 3773 3604 3824 sancto-

1948 3839 2421 3913 rum,_e‘t_Petrus
2476 3835 2858 3913 Ribadeneira
2884 3834 3005 3913 in“
3020 3839 3149 3894 Vitis
3181 3841 3609 3913 extravaganti-

1950 3906 2242 3985 btt8;_Vlde
2276 3906 2452 3961 etiam
2481 3908 2715 3985 copiose
2746 3910 2898 3979 apud
2922 3911 3209 3985 Thomam
3242 3914 3315 3967 de
3346 3906 3608 3985 Tr'ugillo

1948 3981 2008 4034 in
2043 3980 2316 4034 Thesauro
2346 3979 2813 4045 concionatorum,
2848 3986 3005 4037 temo
3040 3984 3108 4037 Il.

2020 4051 2131 4177 (ΞΠ)
2160 4052 2418 4107 Joannes
2468 4052 2732 4107 Mariana
2780 4052 2883 4109 lib.
2917 4072 2973 4109 1v
3005 4056 3075 4110 Dc
3115 4055 3277 4110 rebus
3309 4057 3608 4127 Hispania,

1953 4140 2004 4178 Ο.
2041 4140 2092 4177 4.

2022 4196 2130 4261 (98)
2160 4197 2266 4250 Nec
2300 4210 2421 4267 vero
2450 4195 2677 4267 cessavit
2714 4196 2957 4265 Hispana
2987 4200 3189 4267 pietas,
3212 4204 3319 4253 etc.
3356 4199 3459 4253 Hic
3482 4199 3611 4253 des-

1950 4266 2196 4320 cribitur
2257 4266 2429 4320 tertia
2486 4266 2796 4321 translatio
2873 4266 3216 4324 earumdem
3269 4278 3611 4325 sanctarum

1951 4337 2334 4408 reliquiarum
2363 4337 2843 4411 _B.Eugenii,sive
2876 4341 3055 4394 totius
3090 4342 3296 4408 reliqui
3328 4342 3610 4411 corporis,

1952 4414 2238 4477 quantum
2275 4408 2513 4479 quidem
2551 4412 2785 4464 Lutetiae
2838 4417 2978 4465 tunc
3010 4419 3153 4467 erat.
3191 4414 3363 4468 Facta
3395 4408 3482 4468 est
3513 4408 3614 4468 au-

1956 4487 2069 4556 tem
2106 4487 2308 4550 rogatu
2338 4480 2594 4556 Philippi
2620 4483 2667 4537 II
2690 4484 2845 4556 regis
2880 4485 3318 4554 Hispaniarum,
3346 4503 3471 4556 cap.
3497 4503 3613 4542 xxx.

800 4556 1041 4611 alendus
1090 4553 1445 4620 Decembris,
1498 4530 1606 4609 sub
1638 4569 1753 4623 quo
1786 4530 1843 4606 et
1876 4530 1919 4594 D
1955 4552 2141 4619 Hujus
2166 4530 2575 4627 Franslationri's
2599 4530 2788 4608 mult;
2809 4530 3616 4627 [ιοὺίΙὶἓεὶἶηψωδῶἠέξᾜῐίὸᾘέ

1954 4628 2267 4705 scriptores
2323 4624 2735 4705 meminerunt,
2771 4633 2827 4705 et
2878 4630 3139 4705 Hispani,
3178 4636 3232 4684 et
3262 4624 3504 4685 externi.
3542 4624 3617 4686 Ex

1956 4696 2228 4771 Hispanis
2261 4696 2500 4771 quidem
2527 4699 2877 4753 nominatim
2911 4696 2997 4754 illi
3029 4719 3233 4756 omnes
3264 4720 3411 4771 quos
3445 4705 3616 4758 modo

1953 4768 2209 4840 laudavi,
2244 4776 2295 4821 et
2331 4770 2426 4824 alii
2461 4786 2639 4840 quam
2682 4771 2921 4839 plurimi
2958 4790 2968 4826 :
3005 4790 3071 4827 ex
3106 4773 3235 4828 aliis
3267 4768 3531 4829 Molanus
3563 4780 3620 4829 et

1955 4839 2242 4896 Baronius
2275 4840 2415 4896 locis
2450 4839 2612 4909 prius
2656 4842 2745 4896 hic
2778 4843 2990 4909 citatis,
3026 4846 3081 4899 in
3117 4861 3181 4899 eo
3212 4847 3336 4901 solo
3370 4846 3615 4901 halluci-

1957 4913 2100 5038 patti,
2143 4914 2292 4981 quod
2343 4915 2680 4979 secundam,
2739 4920 2800 4968 ut
2849 4916 2989 4986 dixi,
3043 4917 3459 4988 appellaverint
3514 4935 3615 4989 pro

1984 5001 2046 5038 er
2078 5000 2153 5037 ia.

1984 5000 2153 5039 ertia.

1597 5251 1749 5310 508
1792 5250 2027 5309 CAPUT
2069 5253 2237 5308 XXII.

735 5372 964 5427 Virtutes
992 5370 1287 5428 nonnullae
1316 5369 1370 5425 S.
1409 5370 1660 5443 Dionysii
1691 5387 1760 5427 ere
1784 5371 2031 5443 ejusdem
2062 5373 2279 5443 scriptis
2309 5371 2557 5445 delectae,
2590 5384 2641 5429 et
2682 5376 2865 5445 primo
2892 5385 3088 5447 pietas.

247 5502 391 5552 Cum
423 5497 672 5569 aliarum
706 5494 1058 5569 Scolonysii
1095 5496 1377 5569 virtutum
1415 5496 1538 5569 ipse
1567 5501 1929 5567 Areopagus,
1966 5501 2091 5551 tum
2128 5514 2259 5552 vero
2291 5497 2757 5553 Christianarum
2790 5500 2847 5554 S.
2888 5501 3127 5569 Paulus,
3166 5507 3222 5557 et
3254 5504 3311 5558 S.
3345 5504 3617 5560 Clemens

173 5576 360 5626 testes
392 5586 567 5640 quam
594 5567 1040 5639 locupletissimi
1064 5568 1430 5641 exstiterunt.
1456 5568 1760 5638 Siquidem
1788 5569 1953 5623 illum
1982 5586 2084 5624 nec
2110 5578 2450 5641 Areopagus
2476 5571 2531 5624 in
2559 5588 2733 5626 suum
2767 5567 3237 5640 consilium,'nec
3263 5576 3320 5630 hi
3351 5576 3617 5631 Ecclesia:

175 5638 448 5717 proceres
480 5642 551 5696 ad
589 5638 803 5717 munus
832 5638 1241 5711 apostolicum,
1276 5640 1386 5717 nisi
1423 5642 1699 5717 omnibus
1721 5641 2022 5717 florentem
2049 5638 2774 5717 virtutibusadlegissent.
2798 5645 2903 5717 Sed
2943 5638 3141 5701 carum
3165 5648 3445 5702 virtutum
3472 5666 3623 5717 quae-

175 5712 310 5770 dam
342 5714 400 5768 in
435 5718 709 5783 suscepto
742 5714 866 5767 vitae
897 5727 1125 5786 genere,
1161 5712 1518 5786 quaedamin
1550 5712 1989 5786 immortalibus
2030 5715 2158 5783 ejus
2192 5714 2426 5784 scriptis
2461 5715 2752 5769 illustrius
2787 5716 3177 5773 emicuerunt.
3214 5719 3378 5786 Nam,
3418 5712 3626 5774 ut'alia

177 5787 364 5871 missa
399 5782 816 5871 @ciam,‘quod
849 5784 1189 5871 episcopatu
1222 5782 1793 5871 Atheniensihquem
1826 5786 1898 5871 ab
1934 5782 2217 5871 apostolis
2249 5782 2567 5871 acceperat,
2604 5790 2818 5871 sponte
2846 5787 3116 5871 dimisso,
3154 5782 3435 5845 multis'in
3462 5809 3622 5862 spar-

179 5860 374 5931 genda
405 5855 697 5929 Evangelii
731 5860 988 5912 semente
1022 5855 1345 5927 peragratis
1380 5855 1716 5928 regionibus
1748 5856 1805 5911 in
1845 5857 2072 5913 Italiam
2107 5855 2428 5929 pervenerit
2464 5878 2475 5915 :
2514 5860 2668 5930 quod
2696 5876 2764 5914 ex
2799 5858 2969 5916 Italia
3003 5862 3061 5917 in
3092 5862 3368 5933 Galliam,
3402 5855 3510 5919 hoc
3541 5868 3631 5919 est
