4084 6370
229 191 340 247 837
1277 198 1468 264 VITA,
1511 197 1718 253 AUCT.
1761 198 1824 251 P.
1865 194 2191 252 HALLOIX
2226 196 2376 253 80C.
2420 198 2618 253 JESU.
3554 196 3660 253 838

1707 349 1948 405 CAPUT
1986 349 2199 406 XXIII.

1339 439 1601 510 Dionysii
1627 439 1897 494 modestia
1924 454 2020 494 seu
2048 441 2230 494 animi
2256 438 2572 494 submissio.

303 536 506 611 Altera
539 554 667 609 quae
703 537 762 591 in
792 537 1042 606 Dionysii
1069 536 1502 611 scriptisgrato
1527 540 1772 611 aspectu
1820 541 1877 611 et
1907 539 2073 608 quasi
2106 538 2432 593 verecundo
2468 554 2565 611 ore
2609 536 2879 601 collucet,
2913 543 3336 611 proptereaque
3379 539 3658 596 omnibus

239 610 449 665 merito
483 611 818 664 adamanda
847 617 903 664 et
930 627 1162 681 semper
1190 611 1249 663 in
1275 609 1408 663 sinu
1444 609 1715 662 habenda
1734 609 2141 679 scriptoribus,
2168 617 2256 664 est
2281 610 2758 676 modestia,velut
2783 612 2896 663 lida
2918 614 3152 681 pietatis
3176 609 3352 678 socia,
3377 611 3660 667 etintima

237 683 701 738 contubernalis.
733 681 866 743 Quae
900 682 1184 736 modestia
1214 683 1270 734 in
1303 681 1691 736 aestimatione
1723 683 1938 751 ingenii
1972 689 2142 751 atque
2167 682 2575 752 judiciifquod
2611 686 2725 736 fere
2755 681 2814 735 in
2851 682 3194 738 hominibus
3225 684 3374 738 solet
3402 699 3531 738 esse
3563 701 3656 738 su-

281 755 684 820 erbissimum)
720 770 833 826 non
856 754 1051 808 minus
1083 769 1258 824 quam
1282 754 1504 807 caeteris
1524 753 1581 826 in
1608 754 1784 807 rebus
1816 771 1848 826 a
1881 770 2092 825 magno
2110 751 2457 824 Areopagita
2483 763 2856 826 peramanter
2877 756 3195 825 stricteque
3217 755 3521 826 complexa
3542 763 3654 811 est.

281 773 684 820 ermssumum)
720 773 833 807 [1011
856 773 1051 808 manS
1083 773 1258 824 quam
1282 773 1504 807 CHILBI‘IS
1524 773 1581 806 ΠΙ
1608 773 1784 807 I‘CDUS
1816 773 1848 806 a
1881 773 2092 825 magno
2110 773 2457 824 areopaglta
2483 773 2856 824 peramanter
2877 773 3195 825 SH‘lCleqUO
3217 773 3521 826 complexa
3542 773 3652 811 ϐὃῐ.

238 773 400 890 good
438 841 575 879 cum
607 842 676 880 ex
707 825 837 879 aliis
872 827 1036 891 locis,
1069 831 1194 879 tum
1246 841 1377 878 vero
1409 841 1437 879 e
1469 825 1660 878 tribus
1707 825 2034 895 potissima,
2072 841 2184 879 uno
2222 827 2292 879 De
2315 825 2519 880 caelesti
2544 826 2880 892 heram/tia,
2914 826 3095 881 altero
3151 829 3220 880 De
3249 827 3652 894 ecclesiastica,

240 899 412 953 tertio
448 899 519 952 De
557 896 1112 969 divinisgnominibus
1143 896 1338 966 colligi
1368 896 1523 969 licet.
1558 897 1701 951 Nam
1734 897 1790 949 in
1819 897 2009 967 primo
2035 898 2271 966 quidem
2300 898 2506 951 horum
2533 898 2837 964 librorum,
2876 904 3184 968 postquam
3208 914 3386 969 super
3407 916 3474 954 ea
3494 916 3655 969 quaa-

244 973 434 1024 stione
469 985 482 1024 :
520 969 629 1022 Cur
659 967 840 1024 Isaias
869 969 1133 1040 propheta
1186 971 1455 1039 purgatus
1485 968 1706 1023 dicatur
1735 969 2088 1038 aserap/tim,
2121 986 2293 1023 suam
2339 969 2707 1039 exposuisset
2749 967 3127 1037 sententiam,
3157 967 3410 1040 ingenue
3459 967 3651 1025 fassus

240 1047 332 1097 est
362 1057 486 1095 eam
515 1057 576 1095 se
607 1043 678 1095 ab
714 1044 828 1094 alio
859 1041 1153 1106 didicisse,
1186 1049 1242 1094 et
1274 1041 1526 1094 libenter
1558 1040 1814 1110 quidem,
1848 1041 1894 1094 si
1933 1043 2136 1094 melior
2171 1041 2449 1094 efferatur
2489 1046 2854 1096 mutaturum
2880 1058 3029 1097 esse.
3063 1042 3158 1097 Sic
3213 1042 3369 1096 enim
3402 1043 3608 1097 scribit
3641 1057 3653 1096 :

249 1137 268 1163 ιι
295 1115 488 1183 Atque
524 1115 628 1167 hoc
659 1113 896 1183 quidem
929 1112 1025 1166 ille
1051 1128 1142 1167 me
1165 1113 1399 1166 docuit:
1432 1111 1550 1184 tibi
1572 1118 1766 1166 autem
1801 1112 1984 1184 trado.
2019 1117 2149 1166 Tuae
2175 1114 2284 1166 erit
2310 1114 2607 1183 sapientiae
2654 1120 2829 1184 atque
2865 1113 3231 1182 eruditionis,
3261 1120 3362 1168 aut
3409 1114 3656 1168 alteram

241 1208 268 1236 α
306 1201 621 1239 causarum
654 1184 965 1238 allatarum
997 1185 1155 1239 omni
1189 1185 1366 1256 dubio
1398 1183 1692 1238 exsolvere
1719 1189 1776 1238 et
1807 1183 1992 1256 alteri,
2027 1191 2090 1238 ut
2122 1201 2347 1254 aequam
2381 1191 2438 1239 et
2468 1186 2679 1240 rationi
2711 1183 3188 1256 censentaneam,
3217 1191 3274 1239 et
3325 1201 3518 1240 veram
3547 1186 3660 1238 for-

249 1279 276 1310 ι
308 1257 508 1321 tassis,
541 1262 915 1326 anteponere,
950 1262 1052 1311 aut
1087 1263 1278 1311 tecum
1307 1254 1529 1326 aliquid
1564 1257 1718 1328 quod
1753 1255 1992 1326 propius
2025 1258 2104 1310 sit
2135 1258 2365 1310 veritati
2390 1258 2738 1328 excogitare,
2773 1264 2875 1312 aut
2913 1259 2984 1311 ab
3035 1256 3148 1312 alio
3171 1254 3520 1326 addiscere,
3545 1257 3661 1312 Deo

246 1352 275 1380 ‹‹
310 1329 539 1411 scilicet
570 1344 902 1411 sermonem
936 1328 1385 1411 suppeditante,
1404 1332 1461 1382 et
1486 1327 2160 1411 angelis'dcferentibus,
2183 1336 2357 1411 atque
2379 1328 2459 1382 ita
2484 1327 2649 1411 nobis
2673 1330 2772 1411 qui
2797 1331 3137 1411 angelorum
3163 1329 3418 1411 studiosi
3438 1345 3660 1411 sumus

251 1424 277 1449 «ι
310 1400 642 1468 clariorem,
677 1401 726 1454 si
757 1401 878 1454 fieri
911 1399 1119 1471 possit,
1152 1405 1208 1454 et
1228 1399 1553 1471 chariorem
1588 1400 1908 1470 patefacere
1936 1400 2485 1470 contemplationem
2513 1423 2562 1454 ».
2596 1399 2790 1455 ltaille
2821 1399 3236 1456 SfTimotheo.
3269 1401 3489 1456 Deinde
3511 1402 3663 1470 ejus-

258 1493 286 1524 ιι
320 1473 454 1528 dem
487 1471 622 1526 libri
647 1470 1008 1542 postremam
1031 1477 1206 1542 caput
1227 1471 1306 1524 ita
1329 1470 1570 1541 pulchro
1596 1472 1709 1524 fine
1730 1471 2025 1544 concludit
2056 1489 2068 1525 :
2099 1497 2116 1519 ιι
2146 1473 2270 1526 llaec
2295 1473 2436 1526 mihi
2471 1473 2540 1526 de
2571 1474 2754 1528 sacris
2778 1475 2981 1544 figuris
3004 1474 3159 1528 dicta
3184 1479 3401 1528 sunto:
3433 1489 3559 1542 quze
3587 1473 3660 1526 ab

251 1567 278 1594 α
311 1548 520 1599 exacta
552 1544 1537 1616 quidemearuminterpretatione
1575 1542 1771 1613 procul
1807 1545 2062 1616 absunt,
2097 1546 2164 1597 ad
2206 1543 2312 1616 hoc
2343 1549 2561 1612 tamen,
2597 1551 2661 1599 ut
2693 1542 3212 1616 arbitrorhjuvant,
3251 1550 3316 1599 ut
3364 1560 3434 1598 ne
3485 1545 3661 1599 nimis

248 1638 277 1666 «
313 1616 547 1687 abjecte
570 1613 847 1686 'figuralis
879 1615 1237 1684 imaginibus
1268 1616 1760 1669 adhwrescamus.
1794 1613 1951 1677 Quod
1980 1616 2027 1668 si
2057 1615 2302 1683 objicias
2336 1633 2447 1670 non
2473 1619 2738 1672 omnium
2783 1613 3526 1687 angeliearum'virtutum,
3561 1620 3663 1670 aut

257 1711 278 1737 ε
317 1686 751 1758 operationum,
794 1691 895 1741 aut
927 1687 1252 1760 imaginum
1290 1687 1495 1760 fecisse
1520 1703 1626 1741 nos
1659 1687 2050 1760 mentionem;
2087 1688 2192 1740 tibi
2218 1689 2490 1758 equidem
2528 1706 2788 1759 prorsus,
2815 1686 3309 1760 quemadmodum
3341 1704 3434 1760 res
3464 1689 3659 1751 habet,

249 1783 278 1810 «
312 1757 679 1831 respondebo
707 1775 720 1813 :
757 1775 961 1829 nempe
995 1757 1099 1813 nos
1132 1757 1386 1832 scientiae
1421 1758 1578 1812 illius
1600 1759 2095 1832 supermundanaa
2126 1757 2302 1832 rudes
2333 1776 2484 1822 esse,
2512 1757 2686 1832 atque
2708 1757 3048 1832 alio'potius
3079 1761 3148 1814 ad
3181 1775 3249 1814 ea
3273 1759 3656 1830 perdiscenda

249 1856 276 1882 α
309 1830 550 1886 doctore
581 1835 758 1902 atque
791 1832 1108 1902 interprete
1138 1831 1438 1902 indigere;
1472 1836 1595 1883 tum
1629 1830 1957 1898 etiam,~illa
1985 1847 2112 1901 quae
2149 1831 2309 1900 prius
2359 1830 2640 1902 expositis
2689 1830 2909 1887 similia
2942 1838 3082 1887 sunt
3133 1833 3518 1902 eamdemque
3547 1833 3661 1887 vim

250 1927 278 1954 ιι
315 1903 560 1967 habent,
605 1920 710 1958 nos
743 1908 953 1974 sponte
986 1903 1450 1974 praetermisisse,
1483 1908 1601 1955 tam
1639 1903 1693 1955 in
1728 1903 1973 1956 dicendo
2007 1903 2245 1957 modum
2279 1911 2662 1972 aucupantes,
2689 1920 2859 1974 quam
2889 1921 2978 1958 res
3012 1904 3361 1971 reconditas,
3385 1910 3442 1957 et
3496 1905 3654 1973 inge-

247 1999 274 2027 ‹‹
307 1975 405 2030 nio
440 1981 637 2029 nostro
673 1973 922 2046 majores
953 1973 1182 2030 silentio
1205 1980 1570 2046 venerantes.
1598 1995 1624 2021 ››
1650 1974 1983 2029 Secundum
2005 1991 2141 2029 vero
2167 1974 2403 2042 librum,
2424 1975 2575 2030 510
2594 1976 2688 2045 qui
2708 1973 2796 2030 est
2818 1977 2890 2031 De
2910 1976 3115 2030 caelesti
3143 1974 3479 2041 hierarchia,
3505 1975 3660 2029 haud

251 2064 448 2103 minus
487 2045 945 2117 specioso’exitu
971 2049 1322 2101 terminavnt.
1355 2046 1445 2100 Sic
1468 2045 1624 2099 enim
1660 2046 1805 2099 dixit
1839 2062 1851 2100 :
1888 2068 1915 2095 «
1959 2047 2093 2114 Ista,
2125 2046 2226 2116 fili,
2261 2051 2376 2100 tam
2432 2047 2616 2101 multa
2640 2052 2696 2101 et
2729 2054 2845 2102 tam
2892 2046 3189 2117 praeclara,
3229 2056 3281 2101 et
3338 2047 3665 2117 singularia

250 2143 278 2171 ι(
314 2120 655 2174 bierarchiae
695 2125 907 2172 nostrae
940 2118 1274 2188 spectacula
1294 2119 1486 2172 videre
1521 2117 1884 2189 mibidatum
1919 2123 2006 2173 est
2039 2136 2050 2173 :
2078 2118 2211 2172 aliis
2241 2125 2437 2173 autem
2501 2119 3028 2189 perspicacioribus
3061 2120 3358 2173 mentibus
3392 2135 3506 2173 non
3555 2119 3662 2173 hoc

257 2214 276 2241 α
316 2192 512 2260 modo,
540 2191 636 2245 sed
665 2191 842 2244 etiam
881 2190 1065 2244 multo
1097 2190 1343 2262 clariora
1372 2196 1428 2244 et
1461 2188 1748 2262 diviniora
1781 2191 1923 2244 forte
1958 2196 2260 2260 perspecta
2291 2196 2471 2257 sunt;
2505 2188 2731 2261 tibique
2777 2191 2910 2262 ipsi,
2947 2197 3011 2244 ut
3053 2190 3277 2260 opinor,
3312 2189 3663 2244 illustriores

257 2287 279 2314 ι
317 2268 494 2334 atque
526 2262 842 2317 divinior-es
875 2261 1343 2334 pulchritudines
1369 2262 1438 2314 ad
1480 2260 1882 2334 sublimiorem
1913 2263 2143 2315 radium
2184 2264 2310 2332 jam
2343 2262 2514 2316 dictis
2536 2260 2817 2333 gradibus
2860 2264 3232 2317 contendenti
3265 2262 3663 2316 collucebunt.

255 2358 282 2385 ‹‹
315 2333 506 2398 Quare
557 2333 929 2389 communiCa
976 2339 1036 2389 tu
1090 2350 1326 2406 quoque
1369 2349 1705 2406 mecum,_o_
1732 2333 1961 2406 dilecte,
1996 2335 2397 2404 perl'cctiorem
2449 2334 2660 2403 lucem,
2694 2340 2749 2388 et
2780 2334 3212 2406 praestantiores
3246 2341 3419 2406 atque
3451 2334 3669 2388 unifor-

253 2432 273 2456 ι
315 2407 552 2469 miores,
586 2420 980 2477 quascunque
1013 2403 1272 2460 contueri
1308 2411 1522 2477 poteris
1556 2403 2044 2477 pulchritudines,
2077 2406 2261 2459 oculis
2285 2407 2430 2460 meis
2465 2403 2885 2462 commonstra.
2922 2406 3064 2461 Nam
3114 2422 3215 2477 per
3245 2403 3387 2473 haec,
3414 2421 3663 2477 quomo-

244 2501 271 2527 ‹‹
298 2479 372 2534 do
406 2497 439 2532 a
473 2494 563 2532 me
594 2475 745 2532 dicta
777 2475 938 2546 sunt,
972 2476 1177 2531 insitas
1209 2475 1320 2531 tibi
1346 2475 1498 2547 ignis
1531 2476 1711 2530 divini
1741 2476 2027 2531 scintillas
2058 2478 2370 2532 excitatum
2405 2478 2470 2531 iri
2505 2480 2754 2537 confido.
2792 2501 2817 2527 η
2850 2479 2977 2532 Jam
3014 2475 3207 2532 autem
3240 2478 3389 2532 libro
3424 2475 3500 2532 De
3527 2475 3668 2530 divi-

245 2552 338 2606 nis
370 2548 690 2605 nominibus
750 2548 899 2604 hanc
930 2565 1063 2604 vere
1110 2565 1344 2604 auream
1376 2547 1660 2619 imposuit
1688 2548 2019 2602 coronidem
2047 2572 2072 2598 «
2099 2549 2228 2602 Haec
2257 2566 2362 2603 nos
2394 2550 2590 2604 divina
2619 2552 2858 2604 nomina
2881 2552 2936 2604 in
2966 2567 3149 2604 unum
3175 2552 3471 2620 congesta,
3522 2565 3665 2619 qua-

247 2645 274 2671 ‹‹
311 2628 481 2676 tenus
512 2621 745 2690 assequi
781 2622 983 2676 datum
1018 2626 1107 2675 est
1136 2621 1548 2692 explicuimus,
1583 2637 1696 2674 non
1727 2621 1898 2675 modo
1931 2621 2187 2690 impares
2230 2625 2511 2675 accuratae
2561 2621 2793 2676 illorum
2845 2622 3190 2692 expositioni
3244 2621 3422 2691 (quod
3474 2625 3532 2674 et
3560 2637 3664 2692 anj

250 2717 277 2744 «
313 2694 425 2765 geli
468 2709 538 2747 ex
567 2709 698 2765 vero
731 2693 973 2765 dicant),
1007 2709 1110 2747 nec
1145 2691 1223 2747 iis
1249 2693 1447 2765 etiam,
1484 2709 1632 2763 quas
1658 2692 1856 2765 angeli
1886 2692 2172 2757 tribuunt,
2209 2692 2483 2748 laudibus
2518 2692 2820 2748 inferiores
2855 2691 3008 2765 (cum
3037 2700 3092 2748 et
3134 2692 3448 2765 postremis
3483 2691 3667 2747 nostri

251 2786 275 2816 ε
309 2764 524 2820 cedant
552 2764 1047 2836 theologi)neque
1080 2766 1216 2818 item
1254 2764 1534 2834 theologis
1557 2764 1723 2836 ipsis,
1747 2780 2068 2835 eorumque
2100 2765 2464 2819 auditoribus
2498 2769 2555 2819 et
2585 2764 3039 2820 assectatOribus
3063 2764 3418 2828 conferendi,
3443 2765 3543 2818 sed
3569 2780 3666 2818 eo-

247 2861 273 2886 «
301 2853 431 2892 rum
466 2853 718 2906 quoque,
754 2835 852 2906 qui
896 2837 1076 2908 nostri
1129 2842 1264 2890 sunt
1309 2836 1553 2905 ordinis,
1587 2835 1883 2907 postremi
1915 2841 1969 2891 et
2001 2837 2208 2890 intimi.
2244 2839 2430 2900 Quare
2461 2836 2510 2890 si
2552 2842 2702 2891 recte
2758 2839 2997 2908 quidem
3051 2837 3323 2904 habeant,
3356 2852 3483 2907 qua)
3516 2852 3549 2908 a
3575 2851 3668 2890 me

249 2931 276 2959 «
310 2909 464 2963 dicta
495 2914 654 2975 sunt,
687 2913 743 2960 et
773 2924 874 2978 pro
902 2907 1026 2962 loco
1064 2913 1264 2963 nostro
1294 2913 1351 2962 et
1381 2906 2127 2978 ordine,interpretationis
2160 2908 2488 2963 divinorum
2553 2906 2860 2963 nominum
2895 2913 3243 2964 sententiam
3292 2906 3541 2963 assecuti
3573 2923 3669 2960 su-

248 3004 274 3030 u
302 2997 459 3043 mus,
489 2980 546 3033 id
581 2981 867 3034 bonorum
901 2979 1166 3034 omnium
1202 2981 1424 3034 auctori
1461 2984 1763 3049 acceptum
1801 2980 2234 3050 referatur,-qui
2269 2981 2457 3050 primo
2491 2981 2726 3050 quidem
2758 2981 3012 3048 dicendi,
3047 2983 3253 3035 deinde
3283 2986 3341 3034 et
3400 2980 3546 3034 bene
3576 2979 3666 3032 di-

253 3077 280 3102 ‹‹
316 3052 486 3124 condi
509 3052 726 3124 tribuit
760 3051 1118 3106 facultatem.
1154 3052 1313 3116 Quod
1348 3052 1394 3105 si
1428 3067 1628 3124 eorum
1666 3051 2004 3124 nominum,
2027 3069 2152 3122 qua:
2185 3053 2449 3107 eamdem
2481 3053 2598 3106 vim
2661 3052 2896 3121 habent,
2934 3053 3170 3124 aliquod
3208 3051 3663 3124 praetermissum

258 3146 286 3173 ‹‹
322 3128 432 3191 est,
463 3122 520 3176 id
554 3124 754 3177 eadem
789 3124 880 3178 via
911 3129 966 3177 et
999 3124 1220 3177 ratione
1261 3123 1733 3177 subaudiendum
1768 3124 1898 3178 erit.
1952 3123 2052 3178 Sin
2111 3124 2307 3178 minus
2341 3131 2491 3178 recte
2523 3124 2790 3179 minusve
2823 3122 3070 3194 perfecte
3104 3122 3221 3178 haec
3251 3141 3281 3176 ει
3315 3123 3484 3178 nobis
3515 3128 3667 3176 trac-

264 3219 290 3246 ‹‹
326 3200 448 3250 tata
470 3199 631 3265 sunt,
665 3201 764 3249 aut
795 3194 843 3249 si
875 3195 1046 3248 etiam
1080 3195 1373 3250 averitate
1403 3194 1489 3248 vel
1522 3194 1760 3248 omnino
1788 3195 1874 3248 vel
1915 3211 1982 3249 ex
2014 3201 2176 3265 parte
2209 3197 2629 3258 aberravimus,
2666 3202 2777 3250 tute
2821 3193 2993 3251 fuerit
3042 3195 3427 3250 humanitatis
3476 3193 3663 3248 corri-

265 3290 292 3317 »
327 3283 464 3338 gere
498 3283 612 3320 non
646 3273 854 3336 sponte
882 3267 1271 3337 ignorantem,
1309 3273 1365 3320 et
1397 3266 1733 3320 addiscendi
1761 3267 2067 3338 cupidum
2112 3267 2382 3321 edocere:
2412 3274 2587 3337 atque
2618 3267 2794 3322 etiam
2840 3268 2994 3322 haud
3031 3268 3172 3322 satis
3211 3283 3310 3335 per
3342 3283 3417 3338 se
3451 3265 3666 3320 valenti

264 3364 289 3389 ‹‹
324 3337 494 3410 opem
531 3338 676 3392 ferre
708 3344 1080 3410 etiaegrotare
1117 3339 1334 3394 nolenti
1368 3339 1718 3410 medicinam
1752 3337 1974 3405 facere;
2009 3345 2064 3391 et
2095 3339 2207 3410 alia
2240 3340 2475 3408 quidem
2502 3357 2534 3393 a
2567 3343 2620 3392 te
2654 3339 2802 3410 ipso,
2839 3339 2954 3393 alia
2986 3356 3117 3393 vero
3150 3341 3221 3392 ab
3256 3337 3385 3391 aliis
3412 3337 3668 3410 inventa,

256 3433 283 3461 ιι
319 3409 422 3466 sed
446 3410 642 3464 omnia
673 3410 745 3464 ab
775 3409 903 3481 ipso
939 3412 1087 3464 bona
1106 3416 1373 3481 percepta
1404 3409 1463 3463 in
1498 3412 2052 3466 nostransfundere.
2086 3409 2284 3480 Neque
2318 3417 2371 3463 te
2402 3411 2593 3482 pigeat
2616 3409 2914 3465 hominem
2949 3412 3200 3465 amicum
3233 3411 3462 3482 afficere
3495 3409 3671 3482 bene-

255 3507 280 3534 ‹‹
309 3482 481 3536 licio:
514 3497 647 3535 cum
681 3488 738 3536 et
769 3480 872 3535 nos
904 3480 1350 3536 videas’nullam
1386 3482 1552 3536 nobis
1586 3482 1936 3536 traditarum
1975 3499 2278 3536 sacrarum
2330 3480 2768 3537 inStiiutionum
2806 3484 2958 3536 intra
3006 3500 3109 3537 nos
3143 3481 3525 3544 continuisse,
3561 3480 3660 3533 sed

255 3575 277 3605 α
311 3571 412 3610 eas
447 3554 895 3626 tecumicmteris
926 3555 1108 3608 sacris
1134 3553 1473 3608 hominibus
1506 3555 1875 3626 incorruptae
1907 3555 2394 3620 communicasse,
2423 3555 2503 3608 uti
2537 3555 2888 3626 etdcinceps
2917 3552 3666 3626 communicaturisumus,

264 3647 283 3674 ι
321 3630 497 3696 prout
525 3625 761 3697 quidem
794 3631 848 3680 et
871 3643 976 3680 nos
1011 3626 1081 3679 ad
1113 3625 1450 3692 dicendum,
1484 3632 1540 3679 et
1572 3643 1738 3696 pares
1770 3625 1864 3680 alli
1923 3626 2141 3680 fuerint
2172 3627 2242 3680 ad
2277 3627 2667 3680 audiendum:
2703 3624 2836 3680 nec'
2868 3626 3052 3697 iniqui
3100 3627 3256 3680 circa
3287 3624 3663 3697 traditionem

255 3721 282 3748 ‹‹
318 3695 562 3762 erimus,
604 3696 716 3752 nisi
749 3697 797 3751 si
830 3697 916 3750 vel
950 3699 1016 3752 ad
1054 3697 1498 3768 intelligendum
1535 3695 1619 3751 vel
1650 3698 1716 3751 ad
1753 3697 2146 3768 eloquendum
2195 3699 2484 3753 fuerimus
2518 3699 2821 3753 tardiores.
2846 3695 3108 3752 Sed—hac
3155 3697 3416 3768 quidem,
3445 3699 3510 3768 ut
3557 3695 3669 3768 Deo

255 3794 280 3819 ‹‹
312 3775 580 3844 gratum,
610 3769 690 3844 ita
719 3785 780 3844 se
814 3769 1090 3844 habeant,
1125 3775 1182 3844 et
1229 3766 1534 3844 dicantur:
1570 3769 1749 3844 ethic
1782 3766 1881 3823 sit
1917 3769 2248 3844 divinorum
2278 3769 2583 3844 nominum
2617 3788 2742 3841 quae
2801 3775 2996 3825 mente
3029 3766 3429 3843 percipiuntur
3483 3766 3662 3821 finis:

256 3865 283 3892 α
319 3857 481 3912 nunc
515 3841 582 3894 ad
609 3840 994 3912 theologicam
1027 3841 1435 3912 symbolicam,
1474 3845 1583 3894 Deo
1616 3841 1886 3908 ducente,
1919 3843 2328 3896 transibimus.

331 3913 418 3986 Ita
443 3911 660 3986 librum
693 3909 867 3986 illum»
891 3909 1537 3986 beato'linegconcludit
1558 3913 1896 3986 Dionysius.
1917 3913 2097 3986 Cujus
2132 3912 2416 3969 modestia
2446 3916 2502 3968 et
2535 3911 3053 3986 animisubmissio
3075 3928 3188 3966 non
3207 3927 3274 3966 ex
3300 3909 3390 3964 his
3414 3913 3668 3973 tantum,

254 3985 356 4039 sed
378 4001 462 4062 _cx
494 3983 625 4062 aliis
670 3984 1087 4062 compluribus
1115 3984 1276 4052 locis,
1311 4001 1562 4054 quorum
1593 3983 1792 4056 aliqua
1851 3983 2013 4062 alibi:
2044 3987 2368 4057 tetigimus,
2403 3986 2676 4062 cognosci
2708 3989 2938 4062 potest.
2977 3984 3397 4062 Verumtamen
3447 3997 3512 4062 ea
3544 3996 3669 4062 qua)

254 4057 635 4125 conjunctam
670 4056 888 4111 habent
918 4055 1106 4127 ipsius
1125 4073 1262 4126 erga
1290 4061 1671 4127 praeceptores
1699 4055 1842 4111 auos
1900 4055 2189 4124 insignem
2245 4058 2628 4112 reverentiam
2665 4061 2838 4126 atque
2872 4056 3128 4127 laudem,
3164 4055 3337 4127 tacite
3379 4055 3670 4123 praeterire

253 4128 355 4199 qui
397 4144 634 4198 possum
659 4127 687 4181 ‘?
717 4128 862 4181 Nam
894 4125 1097 4200 optimi
1131 4125 1491 4183 sane—animi
1516 4134 1573 4183 et
1606 4129 1983 4184 nobilissimae
2015 4129 2229 4185 indolis
2263 4130 2500 4200 signum
2536 4133 2624 4182 est
2659 4125 3078 4200 clarissimum,
3115 4132 3179 4180 ut
3210 4125 3504 4200 minorum
3535 4139 3671 4193 erga

257 4196 535 4268 majores,
570 4201 655 4254 sic
683 4196 1108 4269 discipulbrum
1141 4203 1422 4254 adversus
1457 4206 1834 4271 praeceptores
1867 4219 2006 4256 suos
2040 4201 2225 4256 honor
2254 4196 2682 4256 eti'reverentia.
2718 4199 2851 4261 Quae
2882 4197 2940 4252 in
2975 4203 3177 4252 sancto
3219 4196 3505 4271 Dionysio
3548 4200 3668 4249 tam

253 4271 594 4326 illustribus
629 4271 783 4326 notis
805 4272 1196 4338 emicuerunt,
1230 4289 1402 4342 quam
1439 4272 1494 4324 in
1532 4270 1655 4325 ullo
1682 4273 1792 4327 alio
1853 4271 2097 4327 antehae
2133 4273 2397 4328 fortassis
2430 4271 2684 4324 nemine.
2719 4271 3022 4341 Siquidem
3079 4270 3492 4342 magistrorum
3527 4283 3668 4321 suo-

253 4359 391 4398 rum
421 4342 512 4396 vix
554 4359 856 4414 unquam,
891 4360 955 4398 ac
1005 4360 1075 4398 ne
1108 4344 1200 4396 vix
1233 4340 1470 4414 quidem
1507 4342 1564 4396 in
1597 4345 1833 4412 scriptis
1866 4349 2012 4406 suis,
2050 4345 2161 4398 nisi
2215 4345 2337 4398 suis
2365 4343 2692 4413 gratissima
2741 4340 2921 4397 debiti
2953 4340 3198 4396 honoris
3224 4340 3578 4414 praefatione,
3612 4341 3670 4414 et

254 4415 350 4470 sui
387 4431 498 4485 prie
532 4412 649 4468 illis
676 4410 896 4486 magna
927 4410 1324 4470 submissione
1357 4410 1922 4486 atquedespicentia
1944 4410 2542 4470 commeminitham
2578 4415 2867 4470 Hierothei
2909 4415 3144 4486 quidem
3199 4411 3374 4486 unius
3423 4427 3453 4464 e
3487 4410 3669 4486 magi-

251 4487 363 4541 stis
387 4482 530 4540 'suis
561 4487 738 4540 verba
769 4482 809 4541 ὅ
832 4487 1174 4558 theologicis
1196 4482 1692 4552 institutionibus,
1719 4489 1790 4541 ad
1827 4486 2174 4540 firmandam
2208 4489 2333 4555 ejus
2366 4486 2711 4542 auctoritate
2747 4482 3116 4558 propositam,
3143 4502 3175 4538 a
3224 4501 3284 4540 se
3309 4482 3668 4558 doctrinam,

255 4574 375 4613 non
410 4558 536 4630 sine
555 4559 765 4612 eximia
795 4553 1056 4628 ejusdem
1093 4559 1266 4613 laude
1299 4575 1362 4612 ae
1396 4559 1764 4612 veneratione
1799 4559 2112 4628 aliquoties
2177 4553 2392 4630 profert
2425 4561 2479 4614 in
2517 4553 2796 4614 medium.
2832 4553 2976 4614 Cum
3030 4557 3182 4613 enim
3255 4553 3666 4630 admirandam

257 4629 487 4685 Domini
520 4633 660 4684 Jesu
687 4630 743 4684 in
779 4627 941 4685 utero
971 4631 1234 4702 virgineo
1265 4631 1733 4686 elformationem
1769 4647 1871 4684 nec
1902 4627 2322 4685 sermone'ullo
2355 4630 2628 4702 exprimi,
2663 4648 2765 4684 nec
2800 4632 2918 4685 ulla
2952 4636 3144 4686 mente
3175 4627 3422 4702 concipi,
3445 4643 3666 4702 neae-

250 4701 444 4772 gelica
474 4702 798 4774 quidemet
830 4697 1157 4774 seraphioa,
1192 4703 1508 4769 docuisset,
1541 4707 1664 4756 tum
1691 4704 1761 4757 de
1791 4704 1993 4774 eadem
2030 4703 2244 4758 Christi
2279 4697 2538 4757 humana
2586 4703 2960 4774 generatione
2995 4709 3169 4774 atque
3215 4698 3514 4756 miraculis
3548 4697 3667 4774 haec

251 4791 392 4850 cum
426 4774 688 4850 magistri
726 4773 944 4829 honore
973 4773 1224 4844 subjecit
1259 4792 1277 4850 :_
1308 4777 1436 4850 Haec
1462 4780 1669 4850 autem,
1695 4773 1903 4850 inquit,
1938 4779 1987 4829 et
2016 4775 2161 4850 alibi
2189 4775 2408 4850 (tuabi:
2437 4773 2815 4844 compluribus
2845 4777 2904 4850 in
2935 4773 3477 4850 locisdemonstrata
3507 4773 3666 4850 sunt,

251 4849 302 4901 et
337 4848 405 4899 ab
439 4840 643 4915 inclyte
671 4854 1006 4916 prmeeplore
1034 4840 1220 4901 nostra
1258 4846 1315 4900 in
1346 4846 1464 4899 suis
1491 4840 1858 4902 Theolonicis
1891 4847 2363 4902 institutionibus
2398 4869 2425 4897 ‹‹
2465 4840 2740 4917 perquam
2775 4845 2983 4900 eximie
3006 4844 3301 4917 celebrata
3331 4843 3481 4897 :sive
3504 4840 3605 4894 illa
3636 4857 3668 4894 a

257 4938 284 4969 ε
312 4917 496 5000 sacris
514 4915 795 4987 theologis
819 4919 1127 5000 acceperit,
1156 4919 1278 4973 sive
1303 4935 1371 5000 es
1389 4924 1657 5000 accurata
1679 4920 2112 5000 ‘_Scrip_tura_rum
2141 4915 2603 5000 perscrutatione
2627 4917 2810 5000 multa
2829 4919 2884 4971 in
2905 4915 3420 5000 eis‘exercitatione
3438 4927 3669 5000 usuque

260 5011 289 5037 ‹‹
326 4989 610 5066 diuturno
647 4985 1020 5066 perspeaerit,
1053 4991 1171 5045 sive
1200 5007 1268 5045 ex
1298 4991 1496 5060 aliqua
1519 4985 2214 5066 diviniora-inspiratione
2237 4993 2476 5066 edoclus
2500 4990 2692 5066 fuerit,
2728 5007 2840 5045 non
2884 4988 3078 5044 studio
3109 4985 3456 5066 solum,_s_ed
3492 4985 3666 5066 etiam

259 5081 280 5107 σ
319 5055 722 5134 experimento
753 5055 952 5134 divina
983 5055 1312 5130 assecutus,
1347 5055 1524 5132 atque
1555 5079 1625 5116 ex
1656 5055 2170 5134 quadamnaturae
2219 5056 2620 5116 convenientia
2654 5055 2827 5133 atque
2860 5059 3277 5134 consensione,
3298 5058 3346 5111 si
3379 5057 3462 5111 ita
3504 5055 3662 5126 loqui

263 5154 289 5185 α
325 5133 412 5187 fas
444 5138 552 5197 est,
588 5134 656 5186 ad
693 5133 1024 5207 mysticam,
1054 5141 1110 5189 et
1139 5151 1269 5206 quae
1293 5151 1406 5189 non
1440 5132 1700 5207 docetur,
1737 5137 1837 5190 sed
1872 5136 2212 5207 suspicitur,
2246 5132 2916 5205 conjunctionematque
2951 5132 3401 5207 ﬁdempcrfecte
3429 5143 3670 5207 provec-

257 5228 286 5253 ιι
321 5209 440 5282 tus.
466 5207 653 5282 Atque
679 5199 990 5282 ut'multas
1012 5199 1075 5261 ct
1095 5199 1293 5282 beatas
1321 5207 1552 5282 optima;
1577 5199 1736 5282 illius
1769 5199 2434 5282 mentis'speculationes
2461 5207 2515 5260 in
2543 5199 3272 5282 paucissimisostendam,
3297 5199 3513 5282 hqzecde
3535 5199 3672 5282 {esu

259 5299 280 5325 ι
318 5275 382 5349 ἰοί
412 5273 674 5349 collectis
706 5295 739 5331 a
767 5293 826 5332 se
850 5277 1328 5335 institutionibus
1358 5273 1442 5334 ait
1468 5295 1480 5334 :
1517 5279 1797 5334 Omnium
1830 5296 2009 5336 causa
2035 5273 2126 5336 est
2159 5284 2215 5333 et
2237 5273 2730 5349 complementum
2754 5279 2890 5333 Jesu
2917 5277 3192 5333 divinitas
3213 5296 3259 5344 ,ι
3293 5280 3403 5349 etc.
3430 5273 3516 5327 Ita
3542 5273 3668 5327 Dio-

253 5348 463 5423 nysius
496 5348 645 5423 libro
678 5350 749 5404 De
777 5349 984 5405 divinis
1012 5352 1354 5416 nominibus,
1379 5368 1506 5423 cap.
1539 5353 1592 5406 2.
1617 5352 1745 5407 Jam
1779 5357 1975 5407 autem
2011 5352 2276 5421 ejusdem
2309 5346 2443 5406 libri
2463 5368 2589 5421 cap.
2614 5351 2792 5423 3,7ubi
2820 5352 2889 5406 de
2913 5349 3291 5423 celeberrimo
3314 5346 3414 5402 illo
3438 5349 3671 5423 aposto-

257 5419 447 5475 lorum
481 5421 853 5495 aliorumque
887 5423 1231 5493 pontificum
1265 5425 1418 5494 apud
1453 5418 1892 5480 sanctissimam
1925 5418 2235 5495 Deiparam
2271 5418 2556 5479 conventu
2591 5422 2731 5493 agit,
2767 5439 2942 5494 quam
2992 5421 3284 5495 eumdem
3317 5418 3670 5495 magistrum

253 5515 286 5567 «_
309 5507 484 5567 suum
521 5490 802 5567 extollit'l
827 5490 1002 5567 quam
1037 5511 1098 5549 se
1128 5490 1406 5567 deprimit
1437 5496 1450 5550 !
1488 5496 1626 5560 Ejus
1659 5497 1833 5551 verba
1861 5498 1914 5550 S.
1943 5490 2318 5551 Timotheum
2354 5495 2564 5567 Ephesi
2600 5490 2938 5567 episcopum
2973 5491 3321 5567 alloquentis
3347 5490 3666 5567 hiecsunt:

251 5563 412 5634 Apud
442 5566 606 5638 ipsos,
641 5560 860 5637 inquit,
891 5566 1068 5638 «Deo
1102 5560 1330 5622 afﬂatos
1363 5568 1666 5638 pontifices
1698 5572 1950 5635 nostros,
1983 5585 2116 5624 cum
2148 5573 2207 5624 et
2239 5585 2363 5633 nos,
2399 5560 2461 5621 ut
2495 5560 2665 5633 nosti,
2699 5572 2755 5622 et
2787 5560 2882 5621 ille
2915 5587 2942 5613 η
2975 5560 3347 5638 (Hierotheus
3370 5560 3616 5638 scilicet)
3647 5582 3665 5606 ο

254 5659 281 5686 ‹‹
321 5652 389 5711 ac
417 5634 684 5711 plerique
713 5634 743 5691 ὁ
772 5637 988 5693 nostris
1021 5639 1243 5695 sanctis
1276 5634 1556 5694 fratribus
1589 5641 1657 5694 ad
1693 5634 2245 5711 contemplationem
2281 5640 2539 5710 corporis
2575 5638 2753 5706 illius,
2790 5639 2943 5708 quod
2978 5634 3106 5691 vitis
3150 5634 3505 5704 principium
3541 5647 3672 5684 exs-

259 5728 284 5759 α
339 5707 478 5774 titit,
510 5707 813 5784 Deumque
836 5712 1120 5784 suscepit,
1146 5711 1623 5784 convenissemus
1651 5712 1885 5784 (aderat
1909 5707 2104 5767 autem
2140 5719 2194 5767 et
2223 5707 2472 5768 Jacobus
2501 5713 2681 5784 frater
2710 5707 2960 5784 Domini,
2993 5714 3048 5762 et
3073 5713 3304 5784 Petrus
3325 5717 3671 5784 supremum

253 5802 281 5828 ‹‹
319 5795 386 5856 ac
418 5780 673 5856 maxime
695 5774 1537 5856 venerandum,theologorum
1573 5774 1868 5854 columen)
1900 5801 2153 5856 cumque
2184 5802 2249 5840 eo
2281 5789 2589 5854 conspecto
2632 5782 2966 5856 placuisset,
2993 5785 3055 5834 ut
3088 5774 3671 5856 potent‘issimamdi-
3701 5778 3712 5788 ‘

253 5851 916 5929 c_<__vinin_imbecillit_a_tis
947 5855 1271 5911 bonitatem
1291 5846 1594 5928 pontifices
1616 5873 1821 5912 omnes
1843 5846 1943 5929 pro
1965 5846 2071 5913 sud
2104 5858 2354 5929 quisque
2387 5846 3235 5929 idgenio'coliaudaredt,itum
3262 5847 3380 5913 ille,
3405 5851 3471 5902 ut
3501 5846 3617 5929 scis
3643 5866 3669 5892 ››

258 5923 661 5997 (Hierotheus)
693 5947 722 5975 ‹‹
755 5923 889 5981 aliis
948 5929 1224 5986 omnibus
1283 5919 1591 5984 sacrorum
1638 5919 1940 6002 magistris
1992 5919 2322 5986 secundum
2381 5919 2676 6001 apostolos
2744 5923 3132 6001 praecellebat,
3153 5926 3316 5978 totus
3357 5919 3670 5981 excedens,
