4084 6370
545 284 650 338 839
1786 279 1845 331 8.
1886 277 2158 333 DIONYS]

2308 279 2715 335 ἰΕΟΡΔΟῙΤΛΕ
3835 285 3921 340 840

541 433 569 461 ‹‹
596 413 753 465 totus
784 423 843 461 se
874 406 1171 469 dcserens,
1202 406 1375 477 atque
1407 401 1549 455 adeo
1578 400 1892 477 quamdam
1930 417 2150 477 eorum,
2186 418 2315 477 quae
2347 402 2822 477 praedicabantur
2847 401 3323 457 communionem
3358 402 3414 477 in
3448 420 3509 459 se
3530 404 3922 477 experiens,ab

543 506 570 532 «
606 484 647 538 5
668 484 699 535 l
723 483 751 534 I
780 479 1055 533 omnibus
1087 476 1187 547 qui
1219 476 1497 529 videbant
1527 478 1583 527 et
1604 473 1949 547 audiebant,
1986 473 2085 543 qui
2117 476 2435 547 noscebant
2465 475 2551 529 vel
2602 474 2971 546 ignorabant,
3000 490 3168 547 sacro
3221 476 3461 530 numine
3509 473 3842 547 correptus,
3869 492 3915 537 et

543 578 571 605 «
606 554 873 608 laudator
903 545 1140 604 divinus
1161 548 1562 617 judicabatur.
1597 545 1866 618 Sedquid
1892 562 1997 615 ego
2030 545 2146 618 tibi
2167 563 2232 600 ea
2263 564 2389 618 qua
2422 549 2490 601 de
2515 545 2730 601 divinis
2763 548 2938 601 rebus
2966 548 3043 600 ibi
3075 546 3230 601 dicta
3257 552 3417 613 sunt,
3442 545 3921 607 commemorem?

546 626 721 679 «Nisi
755 624 910 677 enim
946 616 1181 677 meimet
1214 619 1399 694 ipsius
1432 616 1851 694 plan_e_oblit_i_is
1883 634 2039 694 sum,
2065 616 2309 694 sciome
2329 636 2573 694 quoque
2598 620 2700 673 abs
2720 625 2771 673 te
2806 620 3054 694 istorum
3087 618 3416 674 divinorum
3441 621 3791 694 hymnorum
3816 641 3926 694 par-

545 724 571 749 (ι
601 705 687 752 tes
720 697 948 765 aliquas
971 687 1284 749 audivisse.
1318 687 1476 765 Adeo
1510 687 1616 742 tibi
1651 689 1810 742 cordi
1842 694 1932 765 est
1963 689 2158 743 divina
2190 687 2581 765 haud—leviter
2605 690 2895 762 persequi.
2934 694 3150 745 Verum
3186 697 3249 744 ut
3272 687 3517 764 mystica
3548 692 3675 759 illa,
3707 700 3762 748 et
3792 687 3921 751 sicut

544 794 571 821 ‹‹
606 772 660 823 in
695 760 903 840 vulgus
938 784 1050 821 non
1083 764 1397 827 elierenda,
1421 767 1477 815 et
1502 767 1790 840 tanquam
1825 760 1927 840 tibi
1964 768 2266 840 perspecta
2302 760 2837 840 prateriiiittamus,
2873 760 3351 840 quotiescunque
3376 772 3571 819 nostra
3615 782 3747 821 cum
3793 770 3920 821 mul-

549 864 575 895 σι
607 843 680 895 tis
706 832 1163 901 communicare,
1192 843 1248 890 et
1274 832 1745 905 quamplurimos
1779 833 1847 906 ad
1875 834 2196 888 doctrinam
2231 832 2455 889 sacram
2490 836 2702 890 adduci
2735 836 3012 904 oportuit,
3044 836 3138 888 ille
3161 832 3455 906 plerisque
3486 840 3709 891 sanctis
3760 838 3923 893 docto-

546 937 572 964 ‹‹
607 914 789 979 ribus,
823 926 879 967 et
910 928 1015 965 usu
1042 904 1344 979 temporis,
1373 912 1429 960 et
1451 906 1662 981 mentis
1699 904 1967 981 puritate,
2001 913 2057 958 et
2083 907 2648 981 demonstrationum
2684 908 3059 970 certitudine,
3084 914 3141 961 et
3162 904 3393 981 caeteris
3427 915 3642 962 sanctae
3674 908 3919 981 eloquen-

546 1010 572 1035 ‹‹
611 985 701 1040 tiae
737 975 1110 1038 facultatibus
1144 975 1296 1034 haud
1332 975 1842 1053 parvointervallo
1874 979 2191 1053 antestabit
2222 996 2233 1033 :
2273 979 2351 1033 ita
2385 987 2447 1033 ut
2476 981 2757 1053 adversus
2791 986 2906 1034 tam
2944 995 3223 1053 magnum
3258 978 3438 1033 solem
3491 988 3723 1035 nostros
3774 975 3919 1053 {igere

550 1082 575 1106 ‹‹
610 1060 852 1112 obtutus
885 1056 1012 1110 ausi
1047 1067 1349 1121 nunquam
1384 1049 1688 1103 fuerimus.
1729 1048 1813 1101 lta
1844 1050 1997 1102 enim
2034 1050 2203 1104 nobis
2235 1053 2451 1105 conscii
2486 1069 2713 1118 sumus,
2741 1052 2819 1106 ita
2850 1048 3139 1106 sentimus
3170 1068 3279 1105 non
3334 1066 3504 1121 posse
3556 1069 3683 1117 nos,
3720 1048 3919 1107 nec'di-

549 1153 571 1182 α
604 1130 757 1197 vina,
790 1145 916 1198 quae
946 1132 1137 1181 mente
1171 1121 1545 1198 percipienda
1576 1126 1735 1198 sunt,
1769 1121 1912 1198 satis
1954 1121 2305 1198 intelligere,
2340 1140 2443 1177 nec
2490 1142 2615 1198 quae
2651 1141 2829 1193 super
2876 1124 2976 1178 Dei
2995 1122 3329 1198 cognitione
3375 1123 3755 1198 exprimenda
3784 1134 3918 1194 sunt,

548 1226 568 1251 ι
601 1192 771 1269 digne
802 1192 961 1253 effari
991 1216 1001 1252 :
1036 1198 1134 1251 sed
1170 1192 1301 1249 cum
1338 1192 1538 1265 procul
1570 1192 1641 1269 ab
1670 1209 1735 1269 eo
1767 1192 2055 1269 absjmus,
2089 1195 2143 1247 id
2167 1195 2341 1248 etiam
2376 1192 2620 1260 accc—dit,
2650 1192 2805 1266 quod
2837 1198 2951 1250 ista
2979 1192 3308 1249 divinorum
3342 1192 3601 1249 virorum
3636 1202 3702 1251 ad
3736 1192 3919 1252 veritaé

548 1295 572 1325 α
606 1264 723 1327 tem
758 1270 1142 1341 theologicam
1173 1264 1472 1341 spectante
1501 1264 1753 1341 scientia
1782 1265 2108 1341 deficimur,
2142 1276 2315 1341 atque
2347 1283 2411 1321 eo
2446 1264 2684 1338 prorsus
2716 1286 2783 1322 ex
2816 1284 3028 1338 magno
3063 1278 3212 1341 metu
3246 1272 3303 1321 et
3345 1269 3669 1341 reverentia
3714 1271 3914 1324 deveni-

546 1369 575 1395 «
613 1362 764 1411 mus;
800 1350 863 1397 ut
895 1335 1041 1396 niuil
1075 1335 1316 1395 omnino
1344 1340 1413 1391 de
1446 1353 1614 1411 sacra
1637 1335 2141 1411 philosophiadnec
2166 1335 2527 1405 audiremus,
2561 1341 2669 1394 nisi
2707 1335 3023 1394 insedisset
3051 1339 3269 1403 animo,
3301 1356 3414 1393 non
3447 1356 3579 1393 esse
3609 1339 3913 1395 divinarum

552 1441 571 1465 ι
612 1409 804 1469 rerum
838 1413 1423 1485 quantulamcunque
1451 1409 1844 1479 cognitionem
1872 1409 2303 1480 negligendam.
2331 1413 2490 1476 Quod
2527 1412 2761 1481 quidem
2797 1412 2965 1466 nobis
2995 1411 3356 1485 persuadens
3379 1428 3493 1466 non
3521 1413 3695 1485 modo
3715 1422 3918 1467 natura-

544 1512 569 1537 ‹‹
606 1486 692 1542 les
725 1483 1011 1541 mentium
1047 1485 1438 1556 appetitiones
1470 1498 1593 1556 qua:
1617 1486 1880 1556 tantum,
1915 1490 2195 1556 quantam
2220 1499 2425 1553 capere
2459 1489 2724 1554 possunt,
2760 1500 2951 1537 rerum
2998 1483 3339 1556 sublimium
3391 1484 3917 1554 contemplationem

547 1583 567 1610 ι
606 1560 869 1614 studiose
888 1553 1443 1626 semper—all‘ectant,
1479 1553 1742 1632 sed-ipsa
1773 1570 2005 1632 quoque
2038 1554 2363 1632 divinarum
2402 1553 2597 1632 legum
2650 1556 2871 1632 optima
2903 1555 3377 1632 inslitutio,_quaa
3411 1572 3480 1610 ea
3534 1553 3787 1632 quidem,
3815 1574 3917 1627 quae

544 1656 569 1681 ‹‹
606 1648 787 1701 supra
818 1648 923 1685 nos
957 1636 1113 1695 sunt,
1150 1636 1430 1698 tanquam
1462 1628 1737 1701 meritum
1771 1630 1825 1679 et
1854 1628 2483 1701 captumexcedentia,
2518 1634 2669 1701 vetat
2704 1628 2996 1701 curiosius
3028 1628 3415 1701 investigare:
3451 1629 3653 1701 omnia
3676 1644 3798 1701 vero
3815 1644 3917 1698 quae

543 1728 569 1753 ‹‹
607 1697 895 1773 permissa
926 1708 982 1755 et
1003 1697 1287 1756 concessa
1312 1704 1470 1773 sunt,
1499 1697 1669 1767 jubet
1699 1703 1918 1751 attente
1950 1697 2371 1773 condiscereet
2406 1700 2816 1773 benignucum
2867 1699 2996 1753 aliis
3028 1700 3483 1773 communicare.
3524 1699 3623 1754 llis
3680 1697 3843 1771 igitur
3875 1708 3918 1755 ct

540 1800 567 1825 ‹‹
603 1771 708 1829 nos
732 1775 980 1839 inducti,
1016 1781 1191 1844 atque
1218 1773 1287 1826 ad
1322 1772 1682 1844 divinorum,
1705 1775 1998 1844 quatenus
2030 1771 2269 1844 assequi
2295 1771 2431 1825 licet
2462 1772 2888 1844 inventionem,
2911 1788 3014 1825 nec
3046 1771 3228 1825 labori
3269 1778 3602 1844 parcentes,
3637 1788 3738 1844 nec
3786 1774 3915 1826 iner-

543 1872 569 1897 ‹‹
606 1848 697 1900 tiae
732 1841 1135 1910 concedentes,
1181 1845 1299 1897 imo
1335 1859 1438 1897 nec
1459 1858 1557 1896 eos
1590 1841 1687 1912 qui
1734 1841 1949 1895 nostris
1987 1843 2195 1914 altiora
2225 1843 2607 1911 contemplari
2644 1861 2752 1899 non
2805 1843 3018 1907 valent,
3052 1845 3272 1912 absque
3303 1843 3573 1899 subsidio
3622 1843 3917 1914 relinquere

542 1943 569 1969 α
606 1919 989 1985 sustinentes,
1024 1919 1288 1972 animum
1315 1917 1383 1969 ad
1419 1914 1796 1969 scribendum
1830 1913 2207 1984 appulimus;
2244 1914 2387 1969 nihil
2420 1915 2654 1986 quidem
2698 1916 2825 1969 novi
2861 1917 3133 1970 inducere
3188 1919 3337 1982 ausi,
3372 1917 3473 1970 sed
3533 1913 3919 1971 minutioribus

540 2015 567 2042 «
604 1992 908 2054 duntaxat,
944 1995 1000 2044 et
1032 1987 1486 2058 particularibus
1517 1986 1875 2058 quibusdam
1902 1985 2417 2058 instructionibus,
2440 1985 2518 2042 ea
2549 2005 2674 2056 quae
2705 1990 3118 2058 compendiose
3149 2004 3181 2039 a
3213 1993 3410 2042 nostro
3450 2003 3589 2041 vere
3640 1987 3913 2041 Hierotheo

543 2086 570 2113 ‹‹
607 2063 762 2116 dicta
794 2068 954 2129 sunt,
982 2056 1315 2115 di‘stincturi
1348 2065 1523 2132 atque
1546 2056 1934 2126 explanaturi.
1963 2079 1990 2105 »
2020 2059 2309 2132 Hactenus
2334 2060 2505 2113 verba
2539 2060 2792 2132 Dionysii
2826 2056 2898 2114 de
2918 2076 2979 2115 se
3003 2068 3115 2114 tam
3141 2061 3392 2114 tenuiter
3417 2064 3601 2130 atque
3633 2060 3913 2129 submisse,

536 2150 713 2207 quam
748 2134 817 2187 de
851 2131 1539 2207 praeceptorellierotheo
1576 2136 1902 2207 reverenter
1932 2129 2346 2207 acrhonoriﬁce
2378 2132 2553 2207 dicta.

618 2211 691 2259 De
724 2201 1076 2275 quo‘rursu's
1098 2204 1339 2275 capitali
1369 2201 1635 2275 ejusdem
1670 2201 1802 2275 libri
1836 2202 1919 2254 sic
1951 2202 2031 2254 ait
2065 2219 2077 2255 :
2112 2225 2138 2249 ‹‹
2174 2207 2304 2275 Haec
2331 2202 2855 2275 etiainprreclarus
2881 2201 2974 2257 ille
3007 2207 3207 2256 noster
3250 2218 3556 2275 sacrorum
3611 2202 3910 2256 moderator

540 2272 925 2341 (Hieroiheus)
952 2301 978 2327 ‹‹
1015 2278 1071 2331 in
1106 2272 1341 2347 hymnis
1372 2272 1651 2328 amatoris
1684 2272 1877 2347 divine
1899 2275 2188 2347 exposuit.
2222 2273 2479 2347 Quorum
2511 2274 2604 2329 hic
2634 2275 2987 2333 meminisse,
3011 2280 3066 2328 et
3093 2279 3293 2347 nostro
3316 2274 3665 2347 nrDeamore
3687 2297 3711 2323 «
3733 2280 3912 2347 tracta-

537 2371 564 2397 ‹‹
596 2349 679 2403 tui
713 2349 1111 2403 velutsacrnm
1148 2345 1442 2417 quoddam
1468 2351 1645 2417 caput
1668 2346 1992 2413 adnectere,
2015 2345 2169 2399 haud
2202 2348 2310 2401 erit
2334 2346 2612 2401 alienum.
2642 2370 2668 2394 ››
2692 2347 2961 2401 Adnectit
2983 2346 3191 2400 deinde
3215 2345 3356 2399 illud
3378 2351 3578 2416 caput,
3600 2345 3748 2415 quod
3770 2346 3913 2416 adip-

537 2421 783 2475 siusmet
806 2421 1104 2475 Hierothei
1127 2420 1312 2473 Vitam
1338 2419 1559 2472 dill'ero.
1594 2418 1749 2471 Adeo
1781 2418 1865 2469 vir
1886 2417 1983 2470 ille
2014 2422 2253 2471 sanctus
2277 2426 2565 2488 quantum
2589 2419 3039 2488 praeceptoribus
3066 2424 3121 2472 et
3144 2435 3338 2471 rerum
3364 2417 3698 2471 divinarum
3726 2418 3912 2487 magis-

532 2493 639 2547 tris
659 2493 968 2547 deberetur
1002 2493 1235 2547 honoris
1258 2496 1309 2545 et
1333 2491 1738 2545 observantiae.
1761 2507 1873 2543 non
1900 2489 2263 2558 intelligehat
2294 2492 2486 2555 modo,
2511 2491 2611 2544 sed
2645 2492 2819 2544 etiam
2847 2490 3068 2561 absque
3091 2490 3249 2544 omni
3274 2490 3493 2543 invidia
3515 2507 3630 2559 prae
3650 2506 3709 2543 sc
3730 2499 3909 2559 gratis-

538 2564 688 2618 simo
723 2564 920 2619 animo
953 2566 1196 2629 terebat,
1221 2564 1589 2633 posterisque
1622 2562 1909 2615 tradebat.
1945 2560 2093 2623 Quin
2126 2561 2299 2615 etiam
2354 2580 2542 2633 neque
2573 2564 2861 2625 eamdem,
2896 2560 3070 2632 quam
3108 2579 3252 2616 suus
3311 2564 3518 2615 doctor
3580 2561 3912 2623 llierotheus,

535 2636 842 2691 materiam
877 2644 1009 2691 ante
1060 2654 1241 2690 ausus
1273 2642 1362 2689 est
1410 2642 1782 2705 pertractare,
1813 2650 1990 2703 quam
2034 2633 2254 2687 clarum
2294 2634 2546 2692 fecisset.
2585 2635 2639 2688 id
2670 2652 2731 2689 se
2780 2641 2930 2688 bona
2960 2636 3087 2701 ejus
3136 2634 3323 2699 venia,
3360 2634 3476 2687 imo
3532 2648 3711 2687 suasu
3759 2640 3908 2703 atque

526 2709 700 2777 jussu
738 2709 923 2763 facere
954 2726 966 2763 :
998 2725 1103 2763 nec
1137 2714 1252 2761 tam
1287 2724 1417 2776 quae
1448 2705 1542 2760 ille
1567 2706 1751 2759 ardua
1782 2712 1956 2774 atque
1988 2705 2252 2777 difﬁcilia
2278 2706 2721 2777 perscripsisset
2750 2708 3074 2775 majoribus
3106 2706 3319 2759 animis
3345 2711 3401 2758 et
3452 2705 3725 2775 perfectis
3754 2705 3913 2759 sensi-

534 2780 643 2835 bus
671 2783 1087 2836 accommoda:
1124 2796 1299 2849 quam
1334 2796 1459 2850 qua:
1493 2778 1644 2850 idem
1672 2784 1950 2850 tauquam
1982 2776 2213 2850 minora
2245 2777 2543 2833 omisisset
2574 2779 2645 2831 ab
2678 2776 2809 2831 aliis
2840 2778 3208 2847 explicanda,
3234 2784 3286 2831 et
3316 2777 3911 2850 tardioribusingeniis

528 2854 893 2923 exponenda,
918 2869 1046 2907 sese
1075 2848 1263 2907 alieno
1298 2848 1501 2923 rogatu
1534 2849 1767 2923 scriptis
1819 2848 2098 2902 mandare
2132 2851 2429 2923 professus
2480 2856 2652 2923 esset.
2688 2853 2749 2905 In
2784 2853 3011 2923 quibus,
3039 2855 3157 2903 tam
3197 2855 3428 2923 propter
3485 2848 3911 2923 exemplumju-

537 2920 818 2991 ve'ntutis,
854 2942 978 2994 qua:
1012 2923 1149 2977 olim
1184 2940 1319 2977 suos
1348 2922 1654 2994 magistros
1684 2920 1776 2974 his
1802 2925 1987 2973 tracta
2010 2921 2274 2991 vestigiis
2296 2922 2688 2981 venerabitur.
2712 2938 2889 2992 quam
2918 2922 3057 2992 quia
3083 2923 3268 2975 sancti
3296 2920 3550 2992 Dionysii
3579 2920 3912 2994 perillustris,

541 3001 599 3051 et
629 2992 903 3050 omnibus
934 2995 1265 3050 remulanda
1295 2993 1681 3062 scriptoribus
1711 2998 1827 3045 tam
1864 3009 1972 3046 sua
2002 2994 2393 3058 extenuantis,
2427 3011 2601 3063 quam
2635 2994 2825 3047 aliena
2845 2994 3177 3048 extollentis
3208 2994 3395 3047 elucet
3419 2994 3709 3047 modestia
3733 2992 3911 3046 animi-

543 3084 656 3137 que
686 3068 1018 3133 submissio,
1075 3084 1188 3120 non
1225 3065 1445 3136 pigebit
1501 3064 1925 3137 aliquantisper
1957 3065 2014 3117 in
2047 3067 2430 3119 monstranda
2490 3070 2662 3120 tantae
2693 3067 2927 3120 virtutis
2969 3065 3408 3137 pulchritudine
3457 3064 3778 3119 immorari.
3810 3064 3909 3117 Haec

542 3136 720 3207 igitur
743 3148 877 3192 sunt
896 3139 1088 3207 magni
1113 3138 1468 3209 AerOpagitaz
1486 3137 1662 3209 verba
1687 3136 1881 3209 :iurSed
1907 3137 2401 3209 aliquisrequiret
2421 3138 2818 3208 fortassequid
2847 3138 2923 3192 sit
2944 3136 3324 3209 quamobrem
3346 3142 3660 3207 postquam
3676 3151 3911 3209 venerant

547 3204 573 3260 ιέ
597 3211 709 3288 dus
730 3204 1681 3288 praaceptornoster’ﬂiErotheus'»
1703 3204 2085 3288 Theologic‘as
2133 3204 2533 3288 institutiones
2560 3204 3052 3288 sper—excellenter
3104 3204 3420 3288 collegerit.
3454 3204 3567 3288 nos
3593 3210 3742 3288 jam,
3774 3204 3909 3288 quasi

541 3304 567 3331 α
600 3282 711 3336 illa:
732 3280 939 3363 uininus
970 3285 1333 3363 sufﬁcerent,
1358 3297 1537 3335 novas
1569 3280 1713 3361 alias
1740 3288 1796 3363 et
1830 3280 2151 3363 praesertim
2177 3280 2327 3336 hanc
2350 3280 2700 3363 theologiam
2735 3280 3479 3363 conscripserinius._Atqui
3504 3282 3555 3335 si
3590 3280 3682 3334 ille
3712 3280 3907 3363 quidem

539 3377 566 3404 «
596 3355 794 3409 omnia
824 3372 953 3424 quae
984 3355 1053 3408 ad
1087 3354 1438 3425 theologiam
1467 3350 1778 3425 pertinent,
1812 3368 1879 3406 ex
1910 3352 2112 3406 ordine
2134 3354 2512 3407 commentari
2538 3350 2837 3416 voluisset,
2863 3371 2927 3409 ac
2952 3350 3132 3408 totius
3155 3350 3460 3423 theologiaa
3483 3367 3774 3425 summam
3801 3353 3905 3403 bre-

541 3449 561 3475 ι
599 3422 856 3480 vissimis
888 3422 1375 3496 eXplicationil‘ius
1408 3424 1699 3497 persequi,
1724 3440 1793 3497 eo
1824 3425 2066 3497 vesania)
2102 3430 2203 3479 aut
2232 3426 2579 3480 temeritatis
2603 3443 2906 3497 nunquam
2945 3422 3443 3496 prorupissemus,
3478 3430 3547 3478 ut
3580 3422 3802 3497 nos_illo
3830 3438 3904 3497 ar-

539 3522 564 3548 ‹‹
604 3494 1067 3553 δίιπατθωυιίνρι
1102 3494 1496 3568 perspicacius
1530 3513 1621 3549 res
1645 3495 1999 3566 theologicae
2030 3512 2157 3551 esse
2180 3504 2552 3553 assecuturos
2588 3498 2673 3552 vel
2706 3494 3001 3563 divinius,
3030 3497 3373 3567 nequeitem
3406 3494 3909 3551 animuminduxis-

540 3594 566 3620 ((
599 3587 797 3624 scmus
832 3571 888 3623 in
922 3570 1126 3624 iisdem
1165 3570 1362 3623 labore
1396 3584 1819 3636 superveeaneo
1854 3568 2183 3639 repetendis
2217 3586 2452 3639 operam
2488 3575 2747 3624 nostram
2781 3568 2982 3624 ludere
3011 3570 3182 3640 ;quid
3215 3569 3401 3623 dicam
3434 3573 3491 3621 et
3530 3572 3904 3640 prmeeptorem

541 3665 569 3692 ‹‹
601 3648 658 3696 et
689 3643 943 3696 amicum
979 3660 1044 3695 ex
1079 3642 1246 3709 cujus
1278 3642 1567 3711 praecipue
1590 3640 1957 3693 sermonibus
1991 3641 2314 3695 secundum
2342 3642 2607 3696 divinum
2630 3640 2877 3695 Paulum
2914 3641 3169 3695 instituti
3201 3658 3432 3705 sumus,
3459 3640 3679 3711 injuria
3696 3641 3909 3711 afﬁcere,

539 3737 564 3763 ‹‹
600 3718 655 3766 et
688 3708 1237 3783 praestantissimum
1270 3708 1397 3781 éjus
1429 3708 1868 3784 contemplandi
1902 3711 2195 3766 scientiam
2221 3719 2279 3766 et
2309 3714 2729 3784 expositionem
2766 3714 3037 3767 suffurari
3074 3714 3099 3766 ?
3129 3713 3238 3767 Sed
3275 3729 3407 3766 cum
3458 3708 3735 3767 is'divina
3760 3708 3909 3781 gravi-

540 3808 566 3834 ‹‹
602 3782 1063 3852 ίθτίθχρὶθηιιηε.
1097 3782 1747 3855 compendiosasnobis
1774 3784 2043 3855 etdmulta
2074 3786 2324 3839 breviter
2371 3782 2822 3855 complectentes
2854 3785 3223 3840 deﬁnitiones
3254 3785 3615 3854 exposuerit,
3652 3783 3906 3851 simulque

542 3876 564 3906 ι
605 3855 987 3918 mandaverit,
1014 3860 1077 3907 ut
1108 3861 1300 3927 etnos
1336 3872 1434 3925 pro
1464 3853 1637 3927 virili,
1672 3860 1727 3905 et
1758 3853 2095 3927 quicunque
2130 3856 2312 3910 nostri
2344 3853 2570 3912 similes
2602 3858 2905 3912 rudiorum
2938 3863 3076 3911 sunt
3124 3853 3455 3911 animarum
3492 3856 3773 3927 magistri,
3801 3857 3908 3927 apto

539 3950 566 3975 «ι
604 3943 872 3981 sermone
907 3926 1252 3980 brevcsillas
1284 3934 1341 3998 et
1372 3925 1701 3995 singulares
1749 3926 1959 3998 mentis
2001 3925 2160 3980 illius
2192 3930 2708 3998 perspicacissimaa
2759 3930 3079 3984 sententias
3128 3925 3785 3998 explicaremusftuque
3812 3926 3909 3993 ipse

541 4021 567 4048 ‹‹
603 4016 727 4065 nos,
771 4016 802 4053 ο
840 3998 1162 4059 Timothee.
1198 3998 1263 4050 ad
1299 3997 1451 4050 idem
1490 3996 1879 4068 praestandum
1916 3996 2311 4067 saepenumero
2331 3996 2682 4056 exhortatus
2715 4001 2815 4060 sis.
2845 4006 2899 4054 et
2924 4001 3088 4055 nobis
3118 3996 3247 4066 ejus
3280 4000 3497 4054 librum
3535 4005 3800 4068 tanquam
3830 4012 3908 4049 su-

537 4095 563 4119 ‹‹
599 4070 932 4125 lilimiorem
970 4068 1269 4124 remiseris
1303 4086 1315 4121 ε
1354 4069 1487 4142 hinc
1519 4072 1576 4121 et
1608 4084 1712 4121 nos
1743 4066 1909 4142 illum
1946 4066 2009 4122 ut
2033 4072 2419 4139 perfectorum
2455 4078 2628 4142 atque
2683 4075 3132 4127 exercitatorum
3166 4071 3536 4140 ingeniorum
3591 4066 3903 4139 magistrum

544 4164 563 4190 ι
601 4143 673 4196 iis
701 4144 798 4212 qui
834 4159 1013 4212 supra
1046 4142 1257 4211 vulgus
1289 4141 1545 4211 sapiunt,
1574 4140 1937 4214 secernimus
1965 4142 2209 4211 ejusque
2241 4144 2459 4213 scripta
2481 4140 2639 4199 velut
2660 4145 2841 4199 altera
2864 4146 3080 4214 scripta
3098 4143 3330 4205 divinis,
3365 4147 3421 4197 et
3451 4142 3779 4214 apostolicis
3799 4155 3908 4214 pro.

538 4238 564 4263 ‹‹
598 4209 757 4269 xima
790 4209 1129 4285 reputemus
1154 4209 1175 4267 ’ἐ
1211 4209 1397 4287 nostri
1432 4218 1625 4287 autem
1650 4211 1959 4287 similibus
1989 4209 2089 4282 pro
2114 4209 2312 4268 nostro
2346 4209 2400 4269 et
2433 4216 2687 4279 ipsorum
2712 4224 2881 4287 captu
2920 4209 3011 4271 res
3044 4216 3271 4270 divinas
3301 4209 3683 4287 exponemus.
3708 4213 3758 4267 Si
3781 4209 3908 4264 enim

538 4310 564 4335 ‹‹
602 4282 990 4355 perlecturum
1025 4296 1109 4339 est
1142 4284 1366 4340 solidus
1394 4286 1581 4347 cibus,
1612 4282 1756 4338 alios
1789 4301 1854 4338 eo
1876 4301 2111 4357 pascere
2142 4291 2369 4356 quantae
2396 4282 2936 4357 perfectionis-est?
2970 4289 3138 4343 Recte
3174 4288 3351 4357 igitur
3376 4282 3489 4341 hoc
3526 4301 3751 4357 quoque
3774 4298 3907 4357 agno.

539 4383 563 4407 ‹‹
600 4360 693 4413 his
725 4360 945 4413 dictum
980 4365 1089 4419 est,
1123 4361 1339 4411 claram
1374 4356 1531 4411 illam
1567 4362 1627 4430 et
1658 4374 1757 4425 per
1788 4373 1848 4430 se
1879 4355 2173 4430 oculatani
2200 4355 2596 4423 spiritualium
2629 4360 2994 4429 eloquiorum
3021 4355 3575 4430 contemplationem
3601 4355 3910 4430 etsuccinc-

536 4455 563 4479 ‹‹
598 4436 717 4485 tam
752 4448 951 4485 eorum
981 4430 1304 4485 doctrinam
1340 4428 1757 4502 exercitatioris
1793 4428 2054 4496 indigere
2088 4429 2419 4502 facultatis;
2456 4426 2795 4486 sermonum
2830 4438 3027 4487 autem
3070 4432 3168 4502 qui
3201 4426 3271 4485 eo
3302 4432 3617 4491 deducant.
3644 4426 3909 4483 scientiam

537 4526 562 4552 α
596 4509 771 4571 atque
795 4503 1160 4572 disciplinam
1186 4501 1556 4555 inferioribus
1576 4517 1875 4573 sacrorum
1905 4501 2299 4571 mysteriorum
2327 4504 2806 4573 magistrisjuxta
2832 4510 2886 4559 et
2914 4501 3221 4573 discipulis
3243 4506 3573 4557 convenire.
3599 4503 3910 4573 Quanquam

538 4597 563 4621 ‹‹
600 4580 654 4628 et
685 4574 828 4629 illud
864 4571 1099 4644 qucque
1132 4592 1163 4627 a
1200 4573 1365 4628 nobis
1390 4590 1670 4644 perquam
1706 4572 2020 4645 diligenter
2038 4578 2125 4627 est
2156 4575 2555 4639 observatum,
2590 4571 2658 4629 ut
2684 4594 2811 4645 quze
2844 4571 3078 4630 divinus
3113 4576 3262 4631 512
3298 4575 3390 4628 ille
3422 4571 3912 4645 praeceptorplana

538 4670 561 4694 α
599 4647 953 4715 expositione
982 4646 1366 4711 distinxisset,
1404 4645 1561 4699 nullo
1594 4646 1767 4718 modo
1800 4644 2242 4715 attingeremus,
2278 4664 2379 4701 nec
2414 4648 2484 4701 iis
2517 4665 2647 4717 quae
2676 4648 2800 4718 ipse
2830 4648 3233 4713 dilucidasset,
3270 4648 3460 4702 denuo
3496 4644 3910 4718 repete-odisse-

539 4740 561 4768 ‹ι
600 4713 724 4772 tum
758 4736 1087 4789 ageremus.
1120 4744 1140 4765 ιι
1178 4723 1467 4772 Hactenus
1502 4717 1759 4785 Dionysii
1794 4713 2175 4786 Areopagitae,
2209 4718 2312 4772 viri
2349 4719 2405 4773 in
2440 4713 3487 4776 maiimdetsnblimissimascientia
3520 4713 3684 4786 longe
3716 4713 3911 4768 modes-

536 4790 751 4845 tissimi
783 4792 959 4845 verba
993 4792 1162 4862 plane
1195 4809 1390 4849 aurea.
1425 4808 1551 4859 quae
1576 4789 1805 4864 cunctis
1838 4805 2015 4864 sacris
2050 4789 2351 4862 theologia:
2384 4793 2747 4857 doctoribus,
2784 4794 2880 4847 sed
2911 4798 2966 4846 et
2988 4791 3347 4862 quibuslibet
3372 4790 3909 4864 aliisquarumcun-

535 4880 644 4927 que
676 4864 891 4918 artium
928 4860 1244 4925 magistris.
1278 4864 1375 4917 sed
1412 4870 1607 4916 tamen
1636 4860 1751 4913 illis
1778 4860 2103 4927 potissima,
2129 4866 2191 4915 ut
2220 4860 2485 4925 ejusdem
2521 4866 2698 4919 studii
2728 4860 3133 4928 corrivalihus,
3168 4881 3298 4918 cum
3323 4863 3666 4919 Christianis
3689 4860 3911 4928 submis-

534 4936 737 4997 sionis.
773 4942 897 4990 tum
932 4937 1139 4989 debitae
1172 4935 1517 5003 majoribus.
1554 4939 1609 5007 et
1651 4933 1971 5000 praesertim
2009 4934 2306 5007 magistris
2340 4936 2461 4989 suis
2496 4938 2832 4992 reverentire
2864 4927 3127 5007 exemplo
3160 4953 3288 4991 esse
3331 4937 3601 4990 debeant.
3627 4932 3823 4985 Verum
3853 4927 3910 4978 de

536 5009 823 5063 modestia
856 5010 997 5063 satis
1024 5028 1041 5062 :
1075 5024 1229 5063 nunc
1262 5023 1543 5079 germana
1564 5006 1691 5074 ejus
1717 5007 2108 5059 mansuetudo
2139 5005 2347 5077 inspici
2384 5008 2566 5077 cupit.

1994 5103 2224 5159 CAPUT
2282 5104 2474 5162 XXIV.

1394 5182 1647 5253 Dionysii
1677 5183 2060 5249 mansuetudo,
2095 5193 2145 5239 et
2188 5186 2630 5243 mansuetudinis
2668 5186 3083 5242 commendatio.

604 5278 799 5333 Sancti
833 5274 1087 5343 Dionysii
1124 5272 1423 5328 modestia:
1456 5289 1651 5327 comes
1687 5274 2403 5348 mansuetudojungatur.
2429 5277 2654 5342 Quibus
2686 5277 2908 5332 scilicet
2935 5276 3269 5348 utgeminis
3296 5274 3708 5347 germanisque
3725 5263 3902 5348 sorori-

533 5348 665 5417 bus,
697 5367 830 5404 cum
868 5338 1089 5419 scripta
1118 5348 1245 5416 ejus
1279 5352 1507 5420 caetera,
1538 5350 1663 5420 tum
1692 5345 1948 5420 epistolae
1992 5338 2314 5416 praesertim
2351 5338 2612 5420 insignes
2646 5355 2809 5418 sunt,
2836 5338 3071 5420 tresque
3105 5338 3505 5419 potissimum,
3539 5338 3657 5420 una
3680 5342 3741 5397 ad
3774 5338 3901 5420 Pol;-

530 5409 774 5493 carpum
833 5409 1089 5493 Smyrnae
1140 5409 1507 5493 pontificem,
1544 5409 1741 5471 altera-
1783 5418 1851 5471 ad
1915 5409 2322 5488 Demophilum
2386 5409 2762 5481 mounachum.
2800 5409 3069 5475 tertia-ad
3108 5409 3427 5493 .Sopatrum
3463 5409 3895 5493 sacerdotem}?

532 5484 781 5565 quarum
820 5484 1006 5565 prima
1036 5484 1241 5548 leniter
1272 5491 1593 5565 admodum
1618 5494 1679 5565 et_
1707 5495 2011 5543 mansuete
2034 5484 2363 5560 conjectum
2397 5496 2456 5549 in
2491 5512 2551 5550 se
2581 5493 3002 5564 Apollophanis
3035 5484 3211 5561 grave
3243 5492 3563 5548 convicium
3598 5484 3897 5565 retorquet;

529 5552 849 5623 secundam
881 5583 1012 5620 vero
1046 5570 1228 5619 totam
1265 5564 1379 5617 fere
1415 5563 1471 5615 in
1509 5561 1721 5635 eximia
1748 5552 2221 5620 mansuetudiuis
2256 5566 2424 5622 laudo
2456 5552 2867 5621 consumitfln
2900 5552 3072 5621 terti-:i
3098 5583 3272 5635 quam
3309 5564 3562 5619 suaviter
3582 5576 3704 5616 cum
3726 5552 3901 5635 limbis

531 5640 669 5695 viris
730 5640 844 5693 alia
894 5655 1069 5707 quam
1124 5654 1228 5691 nos
1271 5634 1683 5709 sentientibus
1719 5635 2008 5709 agendum
2059 5638 2155 5698 sit.
2190 5620 2417 5709 ipsius'
2448 5620 2880 5707 suteﬂepistolaa
2938 5620 3203 5703 exemplo
3258 5637 3610 5709 docetr‘r;est
3654 5620 3899 5709 eni'milii1

526 5713 782 5783 graviter
804 5698 974 5780 juxta
1005 5717 1059 5763 et
1096 5706 1549 5783 perhumaniter.
1571 5698 1810 5783 scripta.
1852 5698 2257 5783 Dionysioho'c
2281 5712 2582 5781 proprium
2618 5698 2747 5773 fuit,
2775 5716 2837 5763 ut
2867 5727 2975 5763 sua
3005 5698 3313 5783 conaretur
3333 5698 3517 5783 solide
3537 5698 3895 5783 comprobet:-

523 5765 711 5840 aliena
746 5765 856 5839 no'n
886 5765 1238 5853 magnopere
1272 5784 1502 5855 curaret
1533 5779 1669 5855 (nisi
1697 5765 1751 5831 lsi
1782 5765 2033 5833 multum
2065 5765 2325 5855 religioni
2362 5765 2688 5852 officerent)
2713 5765 2984 5855 refutare.
3008 5781 3437 5855 Ostensaenim
3462 5783 3615 5855 certo
3634 5765 3893 5855 ciliquiiio

524 5860 739 5914 veritas
771 5842 1016 5913 omnem,
1040 5842 1395 5909 contrariam
1424 5842 1741 5906 falsitatem
1778 5869 1883 5906 suo
1921 5861 2103 5909 marte
2138 5842 2500 5928 supplantat.
2539 5842 2696 5922 Quod
2734 5856 2886 5909 idem
2922 5854 3047 5926 ipse
3081 5853 3139 5910 in
3177 5852 3436 5926 Epistola
3468 5852 3533 5907 ad
3583 5850 3639 5905 S.
3667 5842 3891 5912 Polycar-

593 5952 612 5975 ‘
647 5952 749 6009 Est
784 5949 941 6007 inter
972 5943 1256 6020 epistolas
1282 5942 1472 6003 sancti
1497 5942 1759 6015 Dionysii
1796 5944 1999 6003 ordine
2028 5951 2210 6005 sexta.
