4084 6370
430 293 537 348 863
1675 306 1734 359 S.
1776 304 2041 360 DIONYS

2239 302 2611 357 EOPOGITE
3746 302 3852 358 864

435 418 752 497 corrodens
781 419 1140 497 sollicitudo,
1166 431 1227 477 ut
1259 425 1421 480 nulla
1450 426 1718 481 videatur
1748 431 2084 481 sanctorum
2114 442 2231 496 prie
2256 424 2604 497 propinquis
2636 427 2856 480 restare
2883 423 3188 479 memoria.
3221 423 3436 479 Verum
3472 423 3586 479 hoc
3609 440 3861 496 agamus

434 495 493 545 et
524 490 640 565 alia
672 494 857 547 nostri
893 490 1167 565 martyris
1193 498 1455 552 beneﬁca
1485 500 1809 553 revisamus
1844 490 2145 552 miracula.

518 564 728 617 Auctor
751 570 1038 640 praeterea
1054 564 1157 622 est
1190 569 1553 624 Flodoardus
1583 571 1717 640 (32),
1752 585 1857 624 sua
1887 574 2075 635 aetate,
2110 569 2338 640 hocest
2369 569 2480 623 sub
2512 584 2732 640 annum
2756 565 2965 640 Christi
2988 567 3524 640 nongentesimum,
3573 567 3863 640 feminam

444 634 888 761 pJauperciulam,
921 638 1251 695 Gillaudem
1285 642 1545 707 nomine,
1578 634 1713 695 cum
1736 646 1919 696 totam
1954 657 2193 695 manum
2228 639 2480 710 impacto
2505 638 2675 694 molae
2706 639 3014 695 manubrio
3044 634 3296 710 graviter
3325 641 3679 707 sauciasset,
3701 641 3771 694 ad
3796 639 3859 695 Β.

506 723 713 761 lonvsn
747 724 943 761 sacras
976 710 1254 761 relinuias
1285 722 1437 761 (num
1468 714 1538 761 nh
1566 713 1968 761 infestationes
1994 728 2355 761 nanannrum
2383 711 2623 761 Rhemis
2643 716 2785 761 tunc
2803 712 3279 761 asservabanturl
3297 728 3509 761 magno
3531 728 3670 761 cum
3695 712 3859 761 timo-

506 706 713 785 ionysii
747 724 943 785 sacras
976 710 1254 785 reliquias
1285 722 1437 783 (quae
1468 706 1539 768 ob
1566 713 1968 767 infestationes
1994 706 2355 785 paganorum
2383 711 2623 766 Rhemis
2643 716 2785 785 tunc
2803 706 3279 785 asservabantur)
3297 728 3509 785 magno
3531 706 3671 785 cum
3695 712 3866 767 timo-

448 794 508 855 re
540 783 602 855 et
629 780 952 835 reverentia
982 780 1221 850 adiisse,
1256 780 1431 854 atque
1462 785 1519 838 in
1554 800 1753 855 preces
1785 785 1883 839 diu
1917 780 2211 855 noctuque
2235 789 2585 855 prostratam
2609 784 2735 854 ejus
2753 782 3005 853 denique
3029 782 3285 855 alloquio
3307 791 3361 837 et
3381 780 3593 839 s'olatio
3618 784 3678 837 in
3703 799 3863 838 som-

446 849 538 927 nis
572 850 1030 927 denatamesse,
1064 860 1120 908 et
1142 849 1493 927 simulviam
1513 849 1843 911 obtinendae
1863 849 2132 911 sanitatis
2156 849 2594 927 didicisse.Alia
2610 849 2871 926 ejusdem
2895 849 3478 927 martyris—miracula
3510 855 3863 927 perstringit

441 920 730 998 βῖκοι-ψη
762 924 895 998 (33),
927 926 1027 979 aevi
1063 926 1153 981 sui
1182 928 1435 998 scriptor
1466 945 1480 982 :
1516 944 1765 997 quorum
1802 929 1939 983 bina
1969 929 2026 983 in
2060 945 2279 983 annum
2315 920 2691 982 millesimum
2721 920 3108 982 centesimum
3132 920 3581 998 nonagesimum
3615 920 3862 982 tertilim

438 992 579 1069 bina
614 993 673 1047 in
706 992 969 1069 proxime
1000 992 1343 1068 sequentem
1376 992 1733 1054 inciderunt.
1768 1000 1969 1055 Priora
1999 1005 2137 1054 sunt
2167 1000 2287 1054 haec
2323 1015 2334 1053 :
2372 998 2657 1053 Puerulus
2689 1000 2927 1069 quidam
2960 999 3079 1053 vita
3118 992 3467 1064 functus,ad
3496 1000 3559 1054 Β.
3594 999 3863 1068 Dionysii

438 1064 620 1142 eadem
657 1082 690 1119 a
722 1064 1100 1135 parentibus;
1120 1071 1246 1142 ipso
1278 1072 1544 1140 ejusdem
1580 1072 1767 1127 sancti
1800 1073 1942 1127 testo
1972 1073 2063 1127 die
2095 1072 2456 1141 deportatus,
2482 1076 2537 1124 et
2556 1077 2689 1125 ante
2706 1064 3030 1141 martyrum
3054 1070 3485 1142 corporaaltari
3512 1064 3865 1142 impositus,

437 1140 749 1206 postquam
779 1145 1052 1215 parentes
1075 1142 1132 1195 S.
1154 1141 1414 1214 Dionysii
1440 1159 1609 1215 opem
1632 1143 1825 1198 mistis
1844 1160 2041 1215 preces
2064 1140 2338 1215 lacrymis
2362 1148 2534 1212 atque
2553 1140 3619 1215 suspiriisimpensiusimplorassent,
3645 1144 3719 1215 ad
3738 1142 3864 1195 vita:

440 1224 708 1277 usuram,
743 1210 1006 1266 universo
1039 1210 1409 1283 respectante
1440 1210 1677 1285 pbpulo,
1712 1210 2070 1287 remigravit.
2108 1210 2249 1269 Item
2282 1210 2620 1284 arreptitius
2660 1210 2885 1269 _uidam
2909 1210 2968 1268 in
3000 1216 3203 1269 eodem
3248 1210 3465 1285 templo
3517 1214 3704 1268 simili
3754 1230 3788 1267 o
3835 1230 3862 1267 e

441 1284 679 1333 curatus
710 1282 815 1336 est.
839 1282 1169 1339 Posteriora
1200 1291 1397 1339 autem
1432 1288 1490 1339 in
1514 1287 1784 1339 sequenti
1816 1304 1968 1339 anno
2000 1287 2122 1339 haec
2147 1289 2383 1339 tuerunt
2413 1302 2426 1339 :
2461 1232 2761 1339 TrimuIlus
2792 1302 2937 1339 nuer
2966 1286 3036 1339 de
3065 1286 3236 1339 Curte
3286 1302 3436 1339 nova
3486 1286 3665 1339 anuis
3718 1231 3860 1339 sub-

441 1284 679 1333 curatus
710 1282 815 1357 est.
839 1282 1169 1357 Posteriora
1200 1291 1397 1341 autem
1432 1282 1784 1357 insequenti
1816 1282 1968 1341 anno
2000 1287 2122 1341 haec
2147 1289 2383 1341 tuerunt
2413 1282 2431 1341 Ξ
2461 1282 2761 1341 Trimulus
2791 1302 2937 1356 puer
2966 1286 3036 1340 de
3065 1286 3236 1341 Curte
3286 1282 3436 1341 nova
3486 1286 3665 1357 aquis
3718 1282 3860 1340 sub-

440 1366 700 1428 mersu_s,.
727 1352 899 1428 vitam
928 1354 991 1408 B.
1020 1357 1314 1426 Dionysiis
1339 1358 1565 1413 meritis
1588 1352 1970 1428 recuperavit.
1995 1359 2214 1413 Deinde
2235 1359 2320 1412 vir
2340 1357 2581 1428 quidam
2606 1352 3003 1426 Misionensis,
3027 1358 3231 1413 eodem
3254 1358 3519 1413 invocato
3538 1352 3596 1413 et
3619 1374 3867 1413 succur-

438 1426 604 1510 renvte
633 1422 927 1510 Dionysio
950 1422 1225 1510 martyre,
1262 1431 1591 1510 ecustodia
1621 1422 1774 1502 apud
1807 1431 2233 1510 Rotbomagum
2263 1422 2565 1510 exeolntus
2591 1434 2698 1485 est.

508 1492 623 1548 Nec
651 1492 1041 1573 vero'tantum
1068 1492 1324 1573 Dionysii
1357 1492 1683 1557 cultoribus
1709 1520 1923 1573 magna
1944 1492 2245 1573 beneﬁcia,
2271 1502 2368 1557 sed
2395 1501 2568 1556 etiam
2592 1500 2842 1572 sepulcri
2868 1500 3250 1573 violatoribus
3271 1501 3471 1570 gravia
3496 1500 3552 1554 in
3584 1505 3864 1573 promptu

437 1564 1020 1645 lueruntsupplicia.
1053 1564 1275 1642 Quippe
1307 1574 1554 1627 duorum
1591 1564 2005 1645 sacrilegorum
2042 1564 2734 1645 accele'rataefmortesfet
2766 1574 2942 1627 unius
2965 1572 3201 1645 quidem
3227 1564 3439 1644 in'ipso
3470 1564 3700 1643 peccati
3724 1564 3869 1645 arti-

439 1636 591 1716 cu_lo,
622 1636 868 1716 alteri—us
899 1659 1031 1697 vero
1066 1636 1221 1698 intra
1252 1646 1518 1699 eumdem
1556 1636 1949 1716 annumiquo
1983 1646 2210 1700 facinus
2241 1644 2577 1709 admiserat,
2602 1636 2813 1699 idonea
2842 1636 3496 1715 sunt'testimonia-(Bé).
3526 1644 3697 1699 Prior
3724 1661 3755 1699 e
3777 1644 3872 1699 Si-

436 1710 655 1777 geberti
691 1711 1046 1788 Francorum
1082 1716 1234 1787 regis
1268 1718 1626 1787 primoribus
1661 1710 1799 1785 erat,
1834 1710 1929 1787 qui
1963 1719 2163 1773 eodem
2200 1732 2333 1788 rege
2367 1717 2622 1771 Parisios
2643 1716 2822 1788 armis
2844 1722 2900 1770 et
2923 1716 3177 1771 ﬂammis
3197 1710 3484 1779 vastante,
3509 1716 3569 1771 S.
3600 1716 3867 1786 Dionysii

445 1796 672 1861 sacram
706 1785 889 1839 aedem
926 1803 1040 1840 non
1067 1785 1300 1861 pie—tatis
1333 1790 1430 1843 sed
1467 1790 1718 1843 avaritiae
1751 1785 2011 1860 impulsu
2046 1785 2351 1861 ingressus
2385 1806 2416 1843 a
2450 1790 2632 1861 sancti
2662 1787 2932 1861 sepulcro
2967 1787 3178 1859 pallam
3212 1788 3599 1843 holosericam
3636 1785 3785 1861 auro
3811 1792 3865 1842 et

442 1853 694 1932 gemmis
717 1853 1137 1932 coruscantem
1172 1858 1373 1915 tollere
1404 1878 1519 1915 non
1552 1853 1861 1915 dubitavit.
1888 1861 2029 1915 Ecce
2051 1853 2209 1932 ergo,
2243 1861 2383 1915 dum
2420 1860 2633 1915 infelici
2666 1853 2853 1931 sp'olio
2877 1876 2939 1914 se
2962 1853 3192 1914 beatum
3220 1866 3405 1931 putat,
3431 1865 3489 1914 et
3513 1860 3867 1932 necessitate

444 1924 755 2003 navigandi
788 1934 1053 1999 urgente,
1090 1948 1205 1984 una
1229 1947 1359 2003 cum
1397 1933 1613 1987 credito
1647 1934 1759 1987 sibi
1794 1949 1991 2003 puero,
2024 1924 2427 1987 cuivducentos
2449 1950 2657 1988 aureos
2681 1924 3293 1987 nummostradidcrat
3318 1931 3732 2000 asservaudos,
3756 1931 3865 1986 iter

443 1998 839 2076 prosequitur,
868 1998 1182 2076 derepente
1213 2002 1427 2057 charus
1461 2003 1554 2058 ille
1588 2009 1645 2059 et
1676 1998 1965 2074 pretiosus
1998 2021 2143 2075 puer
2167 2022 2424 2076 praeceps
2456 2005 2610 2070 navi,
2636 2008 2829 2059 tactus
2861 2022 2892 2057 a
2924 2003 3240 2076 nemine,et
3267 2005 3552 2057 incertum
3574 1998 3867 2076 quocasu

447 2068 753 2147 celabitur,
776 2078 844 2147 et
874 2068 1042 2141 aquis
1075 2074 1346 2147 obrutus,
1379 2090 1483 2147 nec
1516 2076 1640 2146 ipse
1672 2068 1775 2131 nec
1807 2068 2015 2131 aurum
2047 2068 2308 2147 apparet.
2333 2068 2571 2147 Impulit
2599 2068 2835 2147 quidem
2860 2092 2926 2129 ea
2942 2068 3423 2146 duplexjactura,
3448 2080 3513 2129 ut
3539 2068 3866 2129 confestim

444 2139 625 2193 littori
660 2139 996 2217 applicaret,
1032 2150 1088 2199 et
1118 2139 1505 2216 sepulcralem
1537 2139 1773 2217 pallam,
1799 2150 1953 2202 unde
1972 2139 2315 2215 abstulerat,
2336 2139 2594 2212 referret,
2618 2139 2724 2203 sed
2750 2154 3000 2202 mortem
3026 2139 3314 2217 sacrilegii
3338 2147 3635 2201 vindicem
3671 2162 3748 2201 ne
3771 2164 3872 2201 an-

447 2228 589 2290 num
614 2213 1069 2290 quidemunum
1104 2213 1335 2290 amoliri
1370 2213 1577 2289 potuit.
1614 2220 1826 2274 Eodem
1860 2221 2017 2274 enim
2042 2221 2203 2275 obiit.
2228 2213 2390 2275 Alter
2406 2220 2607 2276 eadem
2632 2220 2954 2290 instigante
2975 2220 3104 2274 auri
3129 2213 3405 2290 cupidine
3426 2218 3626 2290 ipsum
3655 2235 3869 2274 ascen-

449 2283 607 2361 dere,
640 2288 695 2361 et
726 2287 977 2361 pedibus
1009 2289 1351 2361 conculcare
1369 2283 1601 2345 sacrum
1656 2292 1952 2346 tumulum
1976 2292 2131 2346 haud
2154 2294 2395 2360 veritus,
2419 2293 2557 2347 dum
2584 2294 2632 2346 ei
2651 2293 2729 2346 im
2744 2283 3087 2361 pandentem
3113 2283 3713 2346 columbamauream
3738 2290 3871 2345 lan-

445 2370 547 2434 cea
574 2359 759 2434 tentet
789 2358 1040 2434 elidere,_
1059 2360 1183 2431 ipse
1209 2363 1477 2432 pedibus,
1503 2363 1721 2433 quibus
1745 2365 2016 2417 turritum
2042 2363 2354 2419 insistebat
2374 2358 2673 2418 tumulum
2714 2358 2990 2434 utrinque
3012 2363 3279 2433 dilapsis,
3302 2363 3789 2434 compressisque
3818 2362 3876 2417 in

450 2380 547 2409 ceu
576 2380 759 2411 tentet
789 2380 1025 2421 enuere,
1059 2380 1183 2431 1pse
1209 2380 1477 2432 pedibus,
1503 2380 1721 2433 quibus
1745 2380 2016 2417 turritum
2042 2380 2354 2419 insistebat
2374 2380 2673 2418 tumulum
2714 2380 2868 2418 utrm
2920 2380 2990 2418 ue
3012 2380 3279 2433 dilapsis,
3302 2380 3789 2434 compressisque
3818 2380 3872 2417 1n

450 2426 595 2507 ipso
615 2427 781 2507 lapsu
817 2432 1122 2507 testiculis,
1159 2440 1216 2487 et
1247 2451 1353 2488 suo
1387 2435 1565 2489 inﬁxa
1597 2434 1764 2490 lateri
1792 2436 2016 2500 lancea,
2040 2440 2285 2491 mortem
2311 2453 2413 2507 pro
2434 2452 2575 2490 auro
2597 2436 2835 2491 invenit.
2862 2380 2976 2490 ἰθεῖα
2999 2452 3141 2490 sane
3158 2435 3402 2507 fortuito
3424 2435 3685 2507 ista,sed
3706 2435 3872 2504 justo

451 2499 546 2553 Dei
573 2499 799 2578 judicio
831 2501 949 2558 illis
980 2520 1219 2578 evenere
1245 2522 1267 2559 :-
1292 2511 1356 2578 ut
1386 2522 1558 2576 quam
1594 2507 1901 2577 aptissime
1933 2508 1990 2561 in
2024 2524 2122 2563 eos
2150 2499 2398 2578 quadret
2428 2507 2573 2562 illud
2608 2507 2999 2563 Ecclesiastici
3026 2505 3220 2563 :Multi
3238 2507 3367 2562 dati
3397 2515 3527 2562 sunt
3546 2499 3611 2561 in
3635 2499 3771 2561 au'ri
3788 2522 3879 2560 ca-

444 2586 555 2697 ἱιῖἒ,
572 2575 818 2700 ξέτςιέεία
834 2583 914 2700 est
943 2578 1004 2631 in
1023 2576 1201 2648 specie
1220 2575 1665 2650 ipsius’pcrditib
1690 2580 1916 2635 illorum
1939 2579 2042 2650 (ῃ),
2066 2581 2123 2635 id
2148 2575 2237 2635 est
2258 2579 2431 2636 multi
2455 2586 2691 2651 propter
2713 2596 2923 2635 aurum
2947 2578 3301 2649 ceciderunt,
3330 2584 3386 2634 et
3407 2580 3537 2650 ejus
3562 2578 3724 2650 capti
3745 2594 3877 2649 spe-

732 2662 839 2699 run
876 2686 886 2697 .

451 2659 537 2697 Ole
570 2659 886 2713 perierunt.

1916 2854 2388 2911 NOTATIONES.

669 2964 1107 3043 El_odoard.__l_ib.
1144 2985 1160 3021 ι
1193 2969 1328 3024 Hist.
1364 2969 1701 3043 Rhcmensis,
1734 2987 1785 3025 c.
1815 2971 1906 3025 2/4.
2198 2973 2310 3043 (34)
2346 2972 2508 3043 Greg.
2543 2972 2680 3027 Tur.
2713 2970 2819 3027 lib.
2855 2990 2871 3026 1
2904 2973 3089 3027 Mirac.
3122 2989 3171 3026 c.
3202 2973 3291 3027 7‘3.

528 3036 641 3106 (33)
673 3036 934 3107 Rigord.,
969 3038 1065 3091 lib.
1095 3044 1169 3094 De
1197 3043 1360 3111 gestis
1394 3042 1641 3113 Philippi
1672 3036 1920 3111 Augusti.

1832 3259 1984 3315 528
2025 3259 2256 3315 CAPUT
2298 3258 2479 3313 XXIX

1323 3360 1376 3413 S.
1414 3359 1663 3431 Dionysii
1692 3358 1960 3429 reliquiae,
1995 3368 2045 3415 et
2074 3376 2269 3415 earum
2296 3360 2473 3413 virtus
2498 3367 2669 3429 atque
2698 3359 3008 3414 aestimatio.

528 3470 977 3549 sanctissimum
1014 3476 1273 3547 Dionysii
1309 3494 1519 3548 corpus
1554 3477 1756 3531 habuit
1792 3478 1901 3549 (35)
1933 3478 2124 3545 initio,
2158 3478 2452 3547 habetque
2492 3476 2815 3531 etiamnum
2850 3477 3063 3532 invicta
3099 3477 3375 3543 Francia;
3411 3492 3516 3549 nec
3548 3479 3644 3549 est
3666 3491 3872 3549 verum

454 3541 600 3617 illud
638 3544 954 3616 aliquando
988 3565 1087 3603 seu
1123 3541 1297 3603 viseu
1330 3541 1460 3604 dolo
1483 3550 1550 3603 ad
1578 3556 1804 3615 gentem
1832 3541 2005 3604 aliam
2030 3541 2409 3617 translatum,
2435 3550 2574 3604 foris
2598 3550 2975 3616 remansisse,
3001 3554 3102 3603 aut
3125 3566 3238 3603 non
3262 3541 3409 3603 esse.
3434 3548 3581 3602 Nam
3612 3547 3875 3601 Rhemos

459 3615 698 3685 quidem
731 3615 843 3687 (36)
878 3620 965 3689 (ut
997 3637 1025 3675 e
1060 3620 1374 3676 Flodoardo
1402 3623 1675 3692 superius
1706 3621 2073 3677 insinuatum
2108 3625 2218 3693 est)
2250 3615 2484 3692 propter
2514 3615 3341 3693 int'estationem’paganorum
3376 3621 3559 3693 semel
3598 3618 3871 3693 delatum

457 3703 582 3765 esse
600 3694 848 3765 constat,
872 3693 969 3744 sed
994 3693 1071 3747 ibi
1097 3695 1166 3747 ad
1196 3693 1433 3747 meliora
1448 3690 1672 3747 tantum
1697 3699 2158 3765 usquetempora
2180 3690 2562 3748 reservatum.
2586 3694 2773 3748 Semel
2804 3693 2938 3747 item
2966 3690 3006 3765 ad
3023 3690 3223 3765 Carolo
3247 3692 3456 3765 Magno
3478 3691 3571 3761 (37
3596 3690 3654 3765 in
3678 3690 3870 3765 socie-

458 3763 637 3813 tatem
674 3760 891 3815 militize
925 3770 1319 3834 assumptum,
1351 3766 1447 3818 sed
1477 3771 1639 3834 parta
1663 3760 1903 3819 victoria
1934 3760 2066 3820 mox
2088 3766 2358 3820 relatum.
2383 3764 2528 3819 Nam
2555 3766 2833 3819 adversus
2858 3763 3205 3820 rebellantes
3228 3760 3625 3819 sibi'SaXOnes
3646 3762 3871 3817 bellum

466 3835 763 3908 moturus,
799 3849 932 3908 cum
1000 3836 1143 3908 satis
1178 3840 1388 3889 nosset.
1418 3852 1592 3908 quam
1619 3837 1747 3889 forti
1778 3843 1834 3889 et
1865 3839 2010 3891 dura
2033 3855 2161 3891 cum
2188 3844 2360 3907 gente
2382 3837 2493 3891 sibi
2520 3854 2610 3891 res
2632 3844 2807 3901 esset,
2831 3842 2888 3891 et
2911 3836 3037 3906 ipsa
3055 3837 3325 3908 ancipitis
3350 3835 3550 3889 Martis
3572 3834 3877 3888 discrimi-

465 3904 766 3978 uasagaei
799 3904 1141 3978 animojam
1177 3911 1312 3959 ante
1347 3904 1736 3978 prespiceret;
1773 3925 1888 3978 quo
1920 3914 2125 3978 praeter
2154 3904 2417 3963 humana
2447 3908 2662 3963 auxilia
2692 3914 2749 3963 et
2779 3904 3054 3962 mortales
3077 3904 3296 3978 copias,
3320 3908 3493 3961 etiam
3524 3912 3876 3960 sanctorum

462 3973 792 4051 habeeetin
824 3973 1039 4051 castris
1072 3978 1195 4051 suis
1229 3973 1841 4051 praesens-auxilium;
1875 3973 2058 4033 voluit
2087 3982 2390 4034 beatorum
2424 3986 2746 4049 martyrum
2784 3979 3037 4051 Dionysii
3069 3986 3124 4033 et
3150 3973 3440 4051 sociorum
3470 3978 3610 4051 ejus
3632 3993 3882 4048 corpora

464 4046 535 4099 ab
568 4045 877 4123 religionis
904 4048 1042 4123 viris
1075 4049 1131 4103 in
1157 4045 1284 4123 eam
1310 4050 1736 4123 expeditionem
1762 4045 2075 4123 deportari.
2102 4051 2471 4123 Fardulphus
2494 4045 2629 4123 ergo
2653 4045 2977 4122 S.Dionysii
3008 4051 3191 4105 abbas
3214 4050 3348 4123 (fuit
3372 4050 3462 4103 hic
3486 4045 3697 4123 ordine
3720 4045 3880 4103 octa-

459 4133 568 4193 vus
602 4118 885 4193 decimus)
918 4120 1104 4193 eidem
1132 4122 1251 4192 regi
1286 4139 1317 4175 a
1341 4118 1624 4187 consiliis,
1647 4129 1703 4175 et
1727 4118 1951 4177 cunctis
1980 4124 2037 4176 in
2062 4118 2531 4193 expeditionibus
2556 4118 2753 4177 comes
2774 4118 2962 4177 ﬁdelis
2989 4139 3053 4177 ac
3078 4121 3356 4192 providus
3380 4127 3559 4191 atque
3579 4120 3763 4193 gtiam
3789 4137 3881 4174 re-

464 4188 572 4265 bus
590 4188 737 4265 _f_ldei
762 4206 836 4265 ac
873 4192 1109 4265 pietatis
1135 4188 1544 4263 promovendis
1569 4194 1887 4248 admodum
1910 4188 2180 4260 idoneus,
2205 4196 2502 4263 negotium
2527 4194 2636 4248 hoc
2658 4195 2936 4265 suscepit,
2969 4200 3024 4249 et
3048 4188 3147 4264 q'ui
3168 4194 3426 4247 vicissim
3452 4188 3643 4249 sacris
3670 4196 3886 4263 depor-

468 4260 665 4337 tendis
696 4260 958 4337 reliquiis
990 4260 1397 4331 succollarent,
1435 4266 1642 4320 bonam
1678 4267 1792 4319 vim
1830 4266 2177 4321 clericorum
2210 4260 2478 4336 providit.
2513 4266 2609 4320 Bis
2642 4260 2963 4337 pugna-tum
2996 4260 3083 4319 est
3111 4266 3249 4319 totis
3272 4266 3479 4337 castris
3505 4282 3525 4337 :7
3548 4265 3651 4337 sed
3677 4260 3887 4319 eorum

470 4330 651 4409 altern
678 4334 948 4409 conﬂictu
975 4337 1354 4403 debellatum,
1386 4330 1442 4392 et
1473 4339 1712 4392 victoria
1749 4354 1926 4409 penes
1960 4330 2226 4392 Caroluni
2252 4338 2533 4409 Magnum
2558 4330 2873 4391 stetitTHic
2904 4342 3095 4391 autem
3130 4336 3350 4409 scelesti
3378 4336 3532 4409 haud
3566 4336 3893 4409 immemor

471 4405 757 4480 beneficii,
793 4406 898 4480 hoc
932 4409 1120 4479 primo
1153 4411 1377 4465 curavit
1408 4410 1585 4479 (quod
1621 4405 1852 4480 semper
1883 4427 1915 4463 a
1946 4408 2295 4465 Christianis
2330 4405 2565 4480 regibus
2588 4409 2910 4464 curandum
2932 4410 3043 4479 est)
3066 4414 3129 4462 ut
3154 4407 3404 4463 victoriae
3428 4408 3663 4461 fructus
3688 4407 3893 4480 praeci-

473 4492 580 4546 pue
613 4478 681 4551 ad
716 4478 815 4532 Dei
851 4478 1154 4550 honorem,
1187 4487 1242 4535 et
1275 4487 1487 4535 sancta:
1514 4481 1644 4535 fidei
1678 4478 2061 4551 augmentum
2092 4478 2431 4536 recurreret.
2469 4482 2672 4551 Itaque
2707 4481 3001 4534 mandavit
3028 4478 3097 4533 ut
3125 4485 3383 4534 Saxones
3405 4480 3622 4533 Christi
3661 4479 3892 4547 religio-

480 4550 1028 4623 neminstitutaque
1062 4554 1427 4621 susciperent
1463 4570 1475 4606 :
1510 4552 1718 4607 deinde
1744 4550 2082 4608 eorumdem
2113 4558 2405 4608 Saxonum
2440 4550 2663 4623 aliquot
2696 4551 3016 4621 millia,qui
3050 4552 3241 4605 varias
3273 4552 3329 4605 in
3365 4552 3524 4620 regni
3560 4551 3654 4604 sui
3694 4556 3893 4621 partes

470 4620 983 4694 distribuerentur,
1010 4631 1065 4678 et
1087 4620 1306 4679 sensim
1330 4624 1599 4678 Ecclesia:
1626 4625 1977 4679 rudimentis
2001 4630 2057 4680 et
2082 4626 2342 4680 moribus
2368 4620 2791 4688 imbuerenlur,
2816 4620 3160 4694 deportavit.
3188 4627 3309 4686 Quo
3336 4624 3484 4677 tacto
3507 4626 3596 4688 (ut
3617 4620 3783 4677 Deus
3804 4624 3895 4694 ip-

469 4708 599 4775 sum
638 4692 991 4775 honorantes
1026 4696 1190 4775 novis
1215 4705 1627 4775 semperaugel
1652 4696 1998 4775 honoribus)
2022 4697 2176 4775 baud
2201 4696 2386 4775 multo
2406 4701 2605 4775 postee
2628 4696 2817 4766 ipsius
2841 4692 3015 4766 regno
3038 4696 3251 4763 adjecit
3271 4695 3586 4775 imperium
3616 4711 3629 4747 :
3661 4692 3896 4764 fuitque

468 4762 740 4839 deinceps
772 4767 947 4821 simul
980 4784 1098 4831 rex,
1134 4766 1309 4821 simul
1344 4762 1704 4837 imperator;
1739 4774 1795 4823 et
1828 4762 2087 4839 regnavit
2118 4768 2353 4838 quidem
2388 4762 2871 4821 secundo—rerum
2906 4762 3232 4839 cursu,nec
3268 4762 3897 4839 irnterruptadunquam

467 4834 823 4911 valetudine,
860 4856 1044 4893 annus
1079 4834 1473 4909 quadraginta
1506 4834 1725 4909 septem
1757 4856 1770 4905 ;
1806 4834 2112 4911 imperavit
2135 4834 2272 4893 vero
2305 4839 2772 4910 quatuordecim.
2803 4843 2964 4911 Unus
2997 4837 3250 4911 denique
3282 4838 3337 4890 in
3373 4839 3533 4911 omni
3565 4837 3686 4892 vita
3732 4834 3901 4911 inor-

470 4909 601 4982 bus,
636 4924 737 4962 seu
776 4911 952 4966 febris
988 4928 1124 4977 una,
1158 4912 1286 4963 vitae
1320 4928 1447 4965 cum
1485 4912 1719 4964 mortali
1751 4909 1967 4982 eripuit
1991 4909 2333 4981 felicemque
2355 4916 2411 4964 et
2435 4910 2521 4963 bis
2543 4911 2903 4965 fortunatum
2928 4910 3245 4963 immortali
3273 4910 3566 4979 ascripsit,
3598 4926 3761 4965 anno
3785 4910 3901 4982 sci-

470 4978 603 5052 licet
634 4982 1118 5050 octingentesimo
1151 4982 1375 5035 decimo
1409 4982 1635 5046 quinto,
1670 4984 1738 5037 ad
1774 4978 2036 5052 quintam
2066 4978 2356 5037 Kalendas
2390 4982 2755 5037 Februarias.
2791 4984 2912 5047 Qua
2943 4983 3035 5035 die
3070 4987 3272 5035 saneta
3298 4978 3749 5048 ejus’memoria
3774 4981 3902 5052 qui-

467 5050 716 5104 husdam
742 5053 795 5104 in
816 5052 1080 5107 ecclesiis
1102 5053 1193 5124 pie
1219 5053 1492 5107 recolitur
1540 5059 1595 5107 et
1633 5050 1976 5109 solemniter
2020 5054 2367 5108 celebratur.
2400 5058 2543 5108 Tum
2579 5071 2714 5125 ergo
2756 5054 2889 5125 plus
2936 5052 3133 5125 ille_et
3172 5068 3304 5107 vere
3344 5059 3588 5125 sanctus
3636 5050 3903 5123 impera-

460 5127 550 5176 tor
567 5138 801 5196 sacrum
826 5125 1084 5196 Dionysii
1109 5123 1323 5195 Corpus
1342 5142 1409 5178 ex
1432 5127 1576 5179 urbe
1602 5131 1660 5178 et
1684 5127 1804 5179 :ede
1831 5126 1941 5179 sibi
1960 5125 2543 5195 cognomineextulit,
2560 5131 2615 5181 et
2632 5123 2877 5180 cum’illo
2893 5141 3008 5179 una
3028 5123 3327 5196 illustrem,
3351 5124 3657 5178 victoriam
3686 5142 3900 5196 repor-

474 5194 633 5267 tavit.
659 5195 763 5247 Sed
798 5195 942 5249 alias
970 5194 1270 5265 nunquam
1308 5197 1445 5261 (nisi
1478 5198 1610 5266 quis
1634 5198 1957 5251 audacibus
1986 5194 2221 5251 credere
2254 5197 2469 5252 fabulis
2499 5197 2658 5267 velit)
2691 5197 2761 5251 ab
2794 5197 3007 5251 urbes.
3035 5196 3294 5267 Dionysii
3321 5194 3556 5267 longius
3587 5194 3773 5265 quam
3794 5201 3901 5251 Pa-

468 5264 639 5319 risios
674 5268 834 5339 regni
870 5274 1069 5338 caput,
1104 5264 1247 5321 tanti
1287 5264 1557 5338 martyris
1617 5268 1970 5339 principales
2015 5268 2249 5337 reliquae
2300 5264 2649 5339 praesertim,
2694 5274 3080 5334 remanerent,
3128 5264 3900 5339 ulterique'locoipropriaa

468 5340 685 5397 essent,
721 5336 996 5407 leguntur
1026 5346 1358 5410 exportata).
1386 5336 2213 5410 Harum'porroireliquiarum
2238 5336 2443 5404 virtus,
2466 5358 2580 5394 non
2603 5347 2832 5394 tantum
2859 5349 2955 5394 aut
2976 5340 3031 5392 in
3060 5339 3279 5395 morbis
3303 5336 3660 5401 sanitatem;
3680 5336 3791 5395 aut
3817 5340 3900 5392 vi-

465 5409 707 5483 ctoriam
747 5409 1177 5483 indpraeliis,sed
1214 5413 1639 5467 incrementum
1676 5428 1906 5483 quoque
1928 5409 1983 5465 et
2006 5412 2448 5482 prosperitatem
2480 5415 2673 5482 regnis
2701 5412 3022 5482 etimperiis
3048 5411 3406 5482 importavit.
3442 5410 3605 5473 Quod
3638 5412 3896 5466 Henrico

468 5477 589 5553 regi
619 5477 879 5553 Senoniaa
912 5484 1092 5538 Caroli
1127 5484 1422 5553 Simplicis
1457 5477 1826 5539 Francorum
1848 5477 2262 5553 regis-legatus
2296 5484 2447 5537 haud
2483 5477 2727 5538 obscure
2759 5477 3054 5538 indicavit.
3088 5477 3231 5537 Nam
3267 5498 3399 5536 cum
3440 5485 3490 5535 ei
3547 5500 3799 5537 manum
3842 5484 3895 5537 S.

471 5550 730 5626 Dionysii
766 5554 875 5623 (38)
902 5573 1041 5609 auro
1074 5550 1444 5626 gemmisque
1481 5555 1794 5621 inclusam,
1830 5550 1959 5609 fidei
1994 5562 2051 5609 et
2082 5550 2353 5609 amicitia:
2385 5560 2590 5609 testem
2624 5556 2810 5610 Caroli
2847 5557 3082 5609 nomine
3114 5555 3366 5617 offerret,
3420 5553 3512 5607 his
3566 5572 3717 5609 usus
3768 5570 3902 5611 esse

471 5621 666 5699 verbis
702 5621 1207 5695 memoratur-139)
1236 5645 1247 5683 :
1288 5652 1311 5675 ‹‹
1352 5621 1467 5681 Hoc
1500 5627 1712 5682 habeto
1746 5630 1960 5699 pignus
1997 5628 2227 5682 foederis
2259 5629 2542 5698 perpetui,
2570 5632 2623 5680 et
2654 5627 3103 5699 amnrisvicarii.
3130 5626 3288 5680 Hanc
3312 5631 3538 5699 partem
3567 5627 3728 5680 unici
3754 5627 3903 5681 sola-

471 5694 529 5769 lii
570 5696 925 5752 Francorum
961 5694 1206 5755 Galliam
1246 5700 1698 5754 inhabitantium
1737 5694 2072 5769 (postquam
2108 5716 2206 5754 eos
2238 5694 2497 5753 deseruit
2531 5699 2781 5769 insignis
2814 5698 3212 5767 marteritus
3234 5694 3380 5769 etiad
3408 5704 3675 5751 nostram
3706 5699 3900 5768 perni-

469 5767 617 5822 ciem
653 5774 1027 5842 vestramque
1060 5779 1401 5846 perpetuam
1437 5788 1660 5843 pacem,
1692 5767 1998 5826 Sasoniam
2030 5772 2309 5842 visitavi!)
2342 5767 2779 5827 communicare
2811 5777 3001 5826 tecum
3034 5768 3261 5824 maluit.
3297 5768 3497 5838 Neque
3544 5767 3716 5823 enim
3739 5775 3898 5840 post.

536 5893 608 5964 (υ)
640 5893 819 5951 Eccli.
850 5912 1004 5969 xxxx,
1034 5899 1089 5953 6.
