4084 6370
290 250 388 303 877

1263 253 1324 302 Ρ.
1372 252 1702 306 HALLOIX
1740 251 1888 306 SOC.
1927 253 2100 306 JESU
2137 254 2602 316 QUESTIONES
2637 256 2732 307 IV.

3599 252 3707 309 878

291 391 422 455 cum
443 373 721 456 eumdem
735 373 1079 456 Dionysium
1097 375 1939 456 AreopagitametParisiorum
1971 381 2025 446 Α
2055 377 2224 456 tertio
2257 379 2521 434 Octobris
2547 381 2801 456 dicatur,
2836 379 3132 456 «Athenis
3164 380 3423 454 Dionysii
3452 383 3706 456 Areopa-

291 447 635 519 episcopum
692 445 782 500 bis
843 447 1098 517 positum
1161 445 1709 518 deprehendissent,
1761 451 1941 505 semel

290 522 717 590 expunxerunt,
751 522 807 573 et
841 524 1066 572 tantum
1098 519 1131 571 0
1161 519 1424 574 Octobris
1457 520 1841 590 reliquerunt.

359 591 650 663 Secundo,
684 590 740 644 S.
776 590 1082 661 Philippus
1114 590 1380 662 Gortyna:
1414 591 1471 644 in
1505 593 1671 647 Creta
1716 593 1940 663 episco-

293 680 424 735 pus,
449 662 541 716 bis
571 661 631 716 in
663 667 854 716 vetere
898 667 1162 717 Romano
1193 661 1599 735 Martyrologio
1633 661 1938 734 reperitur,

293 735 474 808 semel
509 736 571 808 ll
606 735 818 808 Aprilis
855 735 908 808 in
944 735 1100 808 hunc
1133 737 1370 790 modum
1401 752 1411 788 :
1451 757 1476 784 ‹‹
1505 735 1772 808 Gortyna:
1804 737 1941 808 Phi-

287 807 433 878 lippi
483 806 766 877 episcopi,
800 806 898 876 qui
943 805 1152 860 claruit
1200 807 1478 862 Antonini
1529 805 1665 863 Veri
1692 816 1747 862 et
1779 807 1940 862 Lucii

289 881 676 948 temporibus.
711 901 738 927 »
775 879 842 933 Et
871 878 1050 933 semel
1084 881 1115 932 8
1147 879 1348 934 Octob.
1383 879 1443 933 in
1477 879 1626 934 hanc
1658 881 1936 935 formam:

289 951 547 1021 Gortyna:
602 949 817 1020 Fitippi
866 951 1125 1075 episeogi.
1179 951 1272 1005 Bis
1331 950 1508 1004 habet
1555 968 1690 1006 eum
1743 953 1939 1022 ipsum

289 1023 464 1075 etiam
499 1022 653 1075 Beda
686 1022 894 1075 iisdem
944 1022 1036 1075 die
1086 1039 1176 1075 us.
1217 1023 1398 1075 semel
1448 1023 1530 1075 sic
1585 1022 1748 1075 tertio
1803 1024 1939 1075 ldus

286 1023 464 1077 etiam
499 1022 653 1075 Beda
686 1022 894 1076 iisdem
944 1022 1176 1086 diebus,
1217 1023 1398 1077 semel
1448 1023 1530 1076 sic
1585 1022 1748 1077 tertio
1803 1024 1939 1077 ldus

282 1094 463 1165 April.
493 1110 505 1146 :
544 1095 762 1164 «Apud
786 1094 1013 1148 Cretam
1048 1095 1251 1148 urbem
1285 1094 1572 1165 Gortyna),
1597 1095 1656 1149 B.
1684 1095 1938 1165 Philippi

289 1167 568 1237 episcopi.
599 1191 618 1214 ι
658 1167 760 1220 Ubi
788 1165 1119 1220 adhibenda
1150 1173 1239 1220 est
1271 1166 1403 1220 talis
1433 1166 1750 1221 correctio:
1788 1166 1940 1236 Apud

287 1240 512 1293 Cretam
540 1239 599 1290 in
630 1239 763 1291 urbe
802 1238 1080 1308 Gortynw.
1110 1237 1224 1292 Nec
1254 1239 1411 1291 enim
1445 1241 1610 1292 Creta
1660 1243 1747 1293 est
1797 1240 1938 1293 urbs

287 1309 705 1382 Gortyna:,_sed
730 1316 952 1364 contra.
977 1309 1134 1378 Apud
1167 1311 1382 1382 Cretam
1412 1316 1606 1364 autem
1641 1309 1934 1382 idemest,

287 1380 447 1454 quod
479 1382 536 1435 in
572 1380 726 1434 Creta
752 1383 903 1454 quod
941 1383 1215 1451 frequens
1237 1381 1401 1436 estin
1423 1381 1848 1452 Martyrologiis
1874 1389 1938 1438 ut

279 1452 427 1525 (ip-uit
460 1459 712 1524 ponatur
742 1471 844 1524 pro
869 1452 956 1525 Vin.
991 1454 1103 1507 Nec
1155 1459 1244 1509 est
1291 1454 1445 1523 quod
1491 1470 1804 1524 quisquam
1845 1454 1932 1508 di-

282 1524 478 1580 versos
515 1526 732 1595 lingat:
782 1524 1010 1579 nullum
1044 1525 1198 1578 enim
1235 1541 1485 1594 usquam
1519 1525 1766 1580 alterius
1798 1525 1932 1580 Phi-

282 1597 423 1668 lippi
447 1596 704 1668 episcopi
731 1596 995 1668 Gortynaa
1021 1597 1357 1668 vestigium,
1385 1613 1560 1666 quam
1588 1596 1765 1651 unius
1787 1597 1932 1651 scri-

283 1668 876 1740 ptorisecclesiastici
921 1669 1115 1740 (cujus
1165 1673 1222 1723 et
1270 1685 1375 1738 ego
1426 1668 1615 1723 Vitam
1666 1685 1933 1740 seorsum

282 1739 513 1812 scripsi)
548 1740 854 1811 reperitur.
882 1745 946 1821 Et
977 1740 1250 1822 eumdem
1295 1740 1607 1820 utrobique
1639 1739 1926 1806 denotari,
1963 1770 2008 1834 Β

282 1819 437 1866 natet
484 1829 551 1866 ex
597 1812 793 1866 Adone
844 1829 943 1866 oui
994 1813 1052 1864 ll
1099 1811 1281 1866 April.
1317 1828 1400 1866 Elc
1431 1811 1645 1866 habet:
1698 1835 1725 1861 «
1762 1812 1925 1866 Apud

277 1811 437 1883 patet
484 1829 551 1866 ex
597 1812 793 1866 Adone
844 1813 943 1882 qui
994 1813 1052 1864 ll
1099 1811 1281 1882 April.
1317 1812 1400 1866 sic
1431 1811 1645 1866 habet:
1698 1835 1725 1861 «
1762 1815 1882 1883 Apu

277 1889 526 1952 Cretam,
580 1885 720 1938 urbe
773 1887 1061 1954 Gortynis,
1098 1888 1157 1938 Β.
1199 1883 1446 1953 Philippi
1505 1883 1786 1954 episcopi,
1830 1884 1930 1954 qui

281 1958 403 2011 vita
452 1969 507 2010 et
557 1957 822 2010 doctrina
853 1955 1062 2010 claruit
1092 1957 1454 2026 temporibus
1484 1957 1760 2010 Antonini
1798 1954 1928 2010 Veri

275 2034 331 2083 et
367 2027 528 2083 Lucii
557 2028 774 2082 Aurelii
805 2028 1106 2082 Commodi
1138 2028 1317 2097 impp.
1350 2045 1362 2092 ;
1399 2049 1425 2074 »
1476 2034 1532 2082 et
1578 2029 1610 2080 8
1659 2027 1929 2083 Octobris

275 2101 390 2155 sic:
446 2122 472 2148 «
502 2100 666 2170 Apud
701 2099 928 2153 Cretam
965 2101 1106 2154 urbe
1146 2099 1434 2169 Gortynis,
1466 2098 1622 2154 beati
1676 2099 1928 2170 Philippi

273 2171 533 2242 episcopi
577 2172 804 2242 magnis
839 2171 1154 2226 virtutibus
1185 2177 1240 2226 et
1269 2170 1508 2240 optimis
1540 2170 1753 2226 studiis
1785 2188 1929 2242 pras-

278 2244 383 2299 diti
415 2243 540 2297 viri.
577 2265 604 2291 ››

346 2316 486 2379 Quis
512 2320 706 2369 autem
730 2313 978 2381 dubitat,
1006 2313 1146 2383 quin
1171 2313 1372 2368 eadem
1402 2312 1522 2367 sint
1544 2334 1570 2361 ‹‹
1606 2311 1721 2367 vita
1751 2316 1807 2367 et
1830 2313 1926 2367 do-

271 2389 462 2442 ctrina
491 2386 710 2441 clarere
741 2392 798 2440 et
829 2388 1059 2457 magnis
1081 2386 1399 2457 virtutibus
1425 2392 1478 2438 et
1510 2384 1925 2457 optimisprze-

269 2460 457 2514 ditum
485 2476 614 2514 esse
636 2458 662 2511 ?
698 2480 724 2506 »
755 2459 894 2521 Quis
930 2455 1065 2512 item
1101 2456 1385 2528 ambigat,
1418 2455 1565 2526 quin
1595 2457 1710 2510 ista
1736 2455 1811 2528 ide
1837 2472 1929 2512 e0-

269 2534 400 2586 dem
435 2532 731 2599 dicantur,
767 2546 898 2584 cum
950 2529 1055 2584 viri
1111 2527 1322 2584 nomen
1373 2535 1428 2582 et
1475 2527 1802 2599 dignitatis,
1836 2535 1923 2582 at-

268 2622 378 2674 que
411 2604 537 2674 ipsa
568 2618 801 2673 quoque
827 2601 1019 2656 insula
1036 2605 1091 2656 et
1111 2601 1250 2656 urbs
1281 2601 1410 2670 ejus
1444 2599 1652 2655 insulae
1685 2616 1924 2654 consen-

272 2677 420 2730 tiant
437 2675 463 2728 ‘t

348 2747 497 2801 llinc
551 2744 679 2799 novi
729 2745 896 2799 Rom.
931 2741 1328 2814 Martyrologii
1378 2758 1671 2811 censores,
1705 2747 1760 2798 et
1792 2746 1926 2798 ante

276 2819 407 2873 illos
442 2817 772 2880 Usuardus,
805 2833 938 2871 cum
970 2817 1200 2869 duobus
1232 2815 1479 2869 diversis
1511 2815 1718 2869 diebus
1749 2816 1810 2869 B.
1836 2815 1925 2869 Fi-

272 2890 417 2961 lippi
494 2889 771 2960 legerent,
833 2889 890 2961 in
967 2888 1288 2961 posteriore
1346 2887 1476 2961 loco
1535 2887 1924 2961 sustulerunt.

279 2958 580 3017 Usuardus
631 2961 785 3014 enim
836 2960 900 3014 11
954 2958 1136 3029 April.
1175 2959 1255 3013 ita
1305 2960 1432 3027 ejus
1487 2959 1660 3014 refert
1706 2975 1925 3013 memo-

280 3035 449 3112 riam,
502 3043 556 3087 ct
601 3032 750 3112 alibi
784 3046 1134 3112 nusquam:
1188 3031 1427 3112 «.Apad
1482 3034 1738 3112 Cretam,
1785 3032 1927 3112 urbe

275 3107 564 3178 Gortynis,
694 3101 945 3178 Philippi
976 3101 1256 3178 episcopi,
1291 3101 1398 3178 qui
1429 3101 1924 3178 magnisvirtuti-

278 3188 382 3234 bus
415 3173 471 3232 et
500 3176 736 3246 Optimis
768 3174 980 3229 studiis
1015 3174 1290 3246 praeditus
1320 3173 1450 3246 fuit.
1486 3173 1706 3246 Floruit
1732 3180 1926 3227 autem

280 3244 643 3320 temporibus
675 3247 948 3320 Antonini
986 3246 1114 3320 Veri
1147 3251 1205 3300 et
1233 3245 1391 3320 Lucii
1432 3244 1933 3320 Aurelii_impera-

283 3317 497 3377 torum.
533 3341 556 3371 ιι
595 3318 698 3373 Ubi
733 3319 916 3382 vides,
949 3317 1145 3371 omnia
1178 3334 1305 3388 quae
1355 3317 1412 3369 in
1444 3318 1609 3388 duos
1642 3317 1764 3371 dies
1813 3317 1933 3371 Ado

281 3395 656 3455 discreverat,
693 3408 807 3444 uno
856 3387 1257 3459 eodemquea
1301 3387 1639 3442 doctissimo
1673 3388 1934 3443 Usuardo

283 3463 721 3536 comprehendi.
757 3462 850 3517 Sic
875 3462 1097 3536 factum
1128 3466 1185 3536 et
1218 3463 1273 3514 in
1309 3476 1452 3536 novo
1489 3460 1937 3536 RomanoLMar-

286 3531 582 3609 tyroiogio
614 3536 819 3609 eadem
854 3533 1092 3609 die,_ubi
1123 3533 1244 3609 sic:
1291 3531 1620 3609 «Gortyna.-
1654 3532 1708 3609 in
1748 3533 1934 3609 Creta,

286 3550 570 3609 tyrologio
614 3550 819 3588 eadem
854 3550 967 3598 Ole,
996 3550 1092 3587 uni
1123 3550 1244 3586 sic:
1291 3554 1317 3580 «
1354 3550 1620 3656 Gortyna.-
1654 3550 1708 3585 in
1748 3550 1934 3599 Creta,

284 3610 340 3664 S.
379 3606 585 3681 Filippi
617 3606 899 3681 episcopi,
933 3605 1050 3681 vita
1076 3609 1136 3681 et
1165 3603 1936 3681 doctrinacuarissinii,qui

281 3674 770 3762 temporibusM.
807 3674 1086 3762 Antonini
1141 3680 1195 3729 et
1239 3674 1456 3762 Aurelii
1489 3676 1788 3762 Commodi
1822 3674 1934 3762 Ec:

285 3747 523 3808 clesiam
558 3751 668 3806 sibi
702 3750 983 3805 creditam
1018 3763 1223 3817 regens
1254 3765 1287 3801 a
1319 3749 1509 3802 furore
1543 3747 1850 3818 gentilium
1884 3753 1941 3802 et

285 3825 696 3880 haereticorum
732 3821 964 3876 insidiis
997 3820 1263 3874 eamdem
1299 3824 1520 3874 lutatus
1555 3824 1665 3875 est.
1703 3843 1730 3869 »
1781 3818 1938 3874 Nihil

292 3898 360 3952 de
395 3895 491 3950 illo
524 3893 684 3950 alibi.

359 3968 578 4033 Tertio,
603 3971 661 4021 S.
682 3964 1005 4019 Alexander
1037 3960 1568 4032 Hierosolymorum
1602 3961 1936 4034 episcopus,

289 4041 390 4111 qui
423 4041 533 4094 sub
567 4039 739 4111 Decio
777 4052 986 4108 passus
1006 4034 1229 4111 est,_bis
1256 4034 1475 4111 legit_ur_
1499 4034 1555 4086 in
1587 4034 1934 4111 Men-elogio,

290 4105 470 4167 semel
507 4112 572 4164 l6
606 4105 841 4173 Maii,et
871 4106 1050 4163 semel
1083 4108 1146 4160 12
1178 4105 1550 4161 Decembris:
1587 4106 1675 4160 bis
1707 4105 1845 4160 item
1879 4107 1937 4161 in

290 4181 657 4239 Venerabilis
691 4182 855 4235 Beda
907 4178 1335 4249 Martyrologio,
1369 4177 1547 4233 semel
1578 4178 1645 4232 30
1675 4179 1937 4233 Januarii

288 4255 466 4312 semel
506 4257 566 4307 l8
598 4253 786 4308 Martii
821 4251 1145 4320 reperitur:
1199 4251 1586 4320 similiterque
1635 4251 1694 4303 in
1741 4252 1938 4304 Adone

289 4335 344 4383 et
377 4328 434 4382 in
468 4331 658 4380 vetere
709 4326 988 4403 Romano
1025 4320 1435 4403 Martyrologio
1463 4338 1475 4385 ;
1502 4321 1631 4403 lsed
1682 4322 1740 4374 in
1792 4339 1938 4403 novo

291 4405 551 4455 Romano
585 4396 766 4452 semel
801 4393 1073 4450 sublatus
1103 4398 1213 4455 est,
1246 4398 1300 4446 et
1341 4393 1465 4461 jam
1498 4396 1724 4445 tantum
1760 4393 1938 4447 semel

291 4471 594 4543 reperitur,
616 4465 957 4543 itemquein
987 4463 1275 4543 _Usuardo.
1303 4463 1580 4543 Viderunt
1598 4465 1753 4517 enim
1780 4481 1939 4518 eum-

291 4537 420 4598 dein
453 4557 602 4605 esse,
638 4557 809 4611 quem
842 4537 943 4611 alii
971 4537 1118 4611 duos
1153 4541 1522 4611 putaverunt.

370 4613 628 4685 Duplicis
653 4605 851 4667 autem
900 4610 1051 4664 situs
1085 4605 1377 4663 in'eodem
1415 4605 1821 4732 Martyrologo
1854 4622 1949 4660 ea-

370 4705 422 4732 m
460 4686 689 4732 videtur
721 4699 917 4732 causa.
943 4698 1069 4732 quae
1106 4680 1261 4732 dicta
1291 4684 1380 4732 est
1407 4679 1465 4732 in
1498 4682 1701 4732 sancto
1788 4695 1949 4732 ionv-

291 4687 426 4742 dem
460 4680 689 4739 videtur
721 4699 917 4748 causa,
943 4698 1069 4751 quae
1106 4680 1261 4734 dicta
1291 4684 1380 4736 est
1407 4680 1465 4733 in
1498 4682 1701 4751 sancto
1735 4680 1949 4751 Diony-

294 4760 400 4814 sio.
427 4763 573 4812 Nam
605 4757 695 4810 bis
727 4749 1311 4824 quoque—episcopus,
1340 4752 1470 4816 luit,
1499 4749 1675 4804 semel
1709 4751 1766 4804 in
1801 4749 1950 4824 Cap-

296 4830 562 4902 padocia,
595 4822 774 4904 semel
824 4822 1580 4904 llieros'olymisLLongum_
1602 4829 1757 4904 esset
1786 4822 1952 4904 ‘ali'os

299 4893 622 4972 requirere,
672 4899 770 4970 qui
834 4897 1050 4972 saepius
1092 4893 1196 4972 'inr
1228 4893 1489 4972 diversis
1528 4893 1954 4972 Martyrologiis

302 4965 474 5040 positi
521 4965 1096 5042 reperiunturfN‘am
1151 4971 1227 5042 et,
1255 4968 1313 5021 S.
1347 4965 1731 5042 Euphrosyne
1761 4966 1851 5020 bis
1884 4967 1956 5021 ab

304 5038 568 5102 Usuardo
591 5038 846 5097 diversis
868 5046 923 5095 et
948 5039 1154 5094 diebus
1182 5041 1237 5092 et
1268 5038 1566 5093 mensibus
1598 5039 1952 5092 adnotatur:

301 5117 534 5174 semell
583 5112 871 5177 Januarii,
909 5111 1004 5166 ubi
1053 5115 1108 5165 et
1160 5111 1312 5165 Beda
1361 5115 1418 5165 et
1468 5109 1589 5163 Ado
1638 5113 1694 5164 et
1742 5126 1957 5164 novum

299 5197 632 5245 Romanum
665 5183 1160 5256 Martyrologium,
1181 5187 1235 5236 et
1266 5181 1380 5256 alia
1402 5201 1416 5250 ;
1437 5185 1505 5256 et
1535 5179 1718 5237 semel
1752 5198 1959 5256 rursus

300 5264 357 5317 ll
402 5260 726 5316 Februarii.
757 5253 1035 5312 Similiter
1065 5259 1121 5309 et
1154 5253 1405 5310 Basilius
1437 5254 1682 5324 Magnus
1716 5254 1897 5308 semel
1929 5255 1956 5308 1

300 5331 594 5397 Januarii,
627 5329 803 5386 semel
837 5329 902 5382 14
931 5327 1113 5383 Junii.
1145 5327 1238 5382 Sic
1273 5332 1328 5382 et
1359 5325 1480 5381 alii.

375 5405 482 5460 Sed
517 5396 636 5458 haec
671 5405 928 5474 possunt
959 5405 1017 5453 et
1066 5399 1279 5474 debent
1327 5398 1594 5474 sufﬁcere
1647 5396 1715 5449 ad
1769 5397 1962 5474 deela-

306 5478 580 5538 randum,
615 5470 728 5529 non
765 5471 931 5542 sequi
965 5470 1315 5542 necessario,
1351 5471 1610 5542 diversos
1643 5483 1770 5522 esse
1789 5470 1961 5542 pejus-

303 5552 439 5603 dem
476 5547 733 5602 nominis
764 5563 862 5600 eos

302 5620 545 5676 tametsi
577 5620 706 5688 ejus
738 5611 927 5672 causa
952 5614 1172 5669 ibidem
1222 5611 1577 5688 deprehendi
1610 5629 1723 5665 non
1759 5611 1964 5682 possit,

303 5711 441 5748 cum
479 5684 681 5760 aliqua
725 5690 839 5744 fere
872 5703 1103 5757 semper
1133 5700 1336 5740 earum
1367 5684 1579 5749 subsit,
1611 5699 1755 5753 quis
1787 5701 1970 5756 supra

318 5764 512 5838 posui

388 5838 503 5894 Nec
535 5831 691 5890 valet
723 5847 924 5887 eorum
957 5828 1388 5903 argumentatio
1433 5826 1532 5904 qui
1581 5843 1649 5883 ex
1697 5842 1762 5884 eo
1819 5829 1970 5900 quod

895 5543 993 5614 qui
1020 5541 1108 5595 bis
1134 5541 1507 5610 ponunturin
1529 5540 1966 5614 Martyrologio,

2055 450 2208 522 gitae,
2245 476 2264 501 υ
2304 461 2436 518 etc.,
2471 451 2756 524 colligunt
2799 454 3044 508 Athenis
3093 450 3380 524 passum;
3421 461 3477 510 et
3523 450 3704 511 ex'eo

2053 525 2206 599 quod
2267 539 2418 599 nono
2476 523 2744 599 Octobris
2802 525 3036 599 dicatur
3076 523 3109 599 σέ
3132 525 3396 599 Parisiis,
3444 528 3705 599 Dionysii

2053 595 2333 670 episcopi,
2370 617 2396 670 ξ)
2441 603 2575 670 ete.,
2609 597 2814 670 volunt
2855 596 3104 670 intelligi
3154 597 3393 670 Parisiis
3437 595 3703 670 passum.

2105 683 2176 720 on
2212 667 2320 721 hoc
2343 666 2677 738 significant
2708 669 2809 722 illa
2839 669 3079 723 nomina
3108 669 3363 736 urbium,
3384 666 3570 739 neque
3595 671 3704 726 hoc

2054 738 2303 808 intelligi
2340 739 2576 807 volunt;
2610 741 2710 795 sed
2762 741 2943 807 istud,
2977 739 3293 796 celebratur
3337 738 3566 810 natalis,
3599 749 3704 799 aut

2049 811 2362 866 celebratur
2393 814 2680 880 memoria,
2715 811 2834 868 sive
2873 811 2952 866 ibi
2986 812 3144 881 passi
3175 819 3277 868 aut
3308 814 3526 870 mortui
3559 815 3701 881 sint,

2051 881 2170 958 sive
2206 882 2365 958 alibi.
2398 882 2543 958 Nam
2594 884 2838 958 alioqui,
2867 881 3337 958 intelligerentur
3387 886 3466 941 ibi
3517 888 3699 958 passi,

2050 953 2252 1008 multi:
2279 962 2453 1025 atque
2480 953 2772 1026 imprimis
2804 955 2901 1012 ille
2935 956 3351 1027 inexcusabilis
3381 953 3569 1027 primo
3600 953 3702 1015 Feé

2050 1027 2292 1100 bruarii,
2329 1027 2428 1100 ubi
2461 1028 2675 1100 dicitur
2712 1031 2768 1082 in
2813 1034 3016 1100 vetere
3050 1026 3313 1100 Romano
3361 1026 3702 1100 Martyrolo-

2049 1098 2180 1168 gio:
2217 1119 2243 1171 ςι
2279 1098 2612 1171 Antiochiae,
2668 1099 2878 1170 Ignatii
2929 1099 3190 1170 episcopi
3234 1106 3290 1155 et
3341 1098 3638 1171 martyris,
3672 1125 3700 1150 ››

2049 1187 2181 1224 cum
2217 1168 2455 1243 lueersit
2486 1168 2722 1237 clarius,
2755 1187 2888 1226 eum
2921 1168 3408 1243 ltomie'passum,
3443 1168 3514 1227 et'
3542 1176 3698 1243 apud

2048 1243 2283 1306 Bedam,
2321 1242 2418 1314 ubi
2451 1243 2568 1297 sic:
2614 1265 2640 1292 (ι
2671 1243 2836 1312 Apud
2869 1241 3258 1314 Antiochiam,
3283 1246 3480 1314 passio
3510 1241 3699 1301 sancti

2047 1314 2254 1384 Ignatii
2289 1313 2548 1384 episcopi
2580 1320 2637 1367 et
2669 1313 2962 1385 martyris,
2999 1335 3026 1361 »
3076 1319 3132 1368 et
3181 1313 3334 1383 apud
3379 1316 3644 1371 Adonem
3680 1334 3694 1373 :

2047 1409 2073 1434 ε(
2107 1385 2323 1439 Eodem
2342 1386 2456 1460 die,
2480 1387 2633 1460 apud
2653 1386 3026 1460 Antiochiam
3051 1386 3202 1460 beati
3227 1388 3411 1455 [gnati
3434 1389 3696 1460 episcopi

2045 1463 2102 1511 et
2134 1457 2424 1528 martyris.
2460 1479 2487 1505 »
2520 1458 2744 1520 Quibus
2777 1457 3056 1513 omnibus
3091 1456 3147 1510 in
3176 1458 3322 1512 locis
3353 1460 3424 1513 ad
3460 1456 3694 1516 urbium

2046 1535 2147 1583 aut
2191 1528 2458 1602 locorum
2509 1531 2751 1584 nomina
2800 1528 3281 1602 intelligidebet,
3316 1535 3379 1585 ut
3411 1531 3692 1602 diximus,

2046 1599 2261 1655 natalis
2311 1600 2639 1655 celebratur
2687 1607 2784 1655 aut
2835 1600 3118 1655 memoria
3167 1602 3464 1658 recolitur.
3497 1602 3594 1658 Sic
3633 1599 3692 1658 in

2046 1673 2305 1744 Romano
2347 1672 2758 1744 Martyrologio
2807 1673 2879 1726 ad
2927 1673 2995 1744 3i
3046 1673 3328 1740 Augusti:
3383 1696 3411 1723 «
3443 1674 3693 1731 Treviris

2041 1743 2251 1800 natalis
2283 1744 2469 1798 sancti
2497 1743 3023 1814 Pauliniepiscopi,
3049 1768 3069 1792 ι
3094 1744 3317 1800 scilicet
3340 1744 3692 1814 celebratur;

2044 1824 2100 1872 et
2132 1829 2326 1869 tamen
2364 1815 2447 1889 ibi
2478 1833 2590 1889 non
2623 1821 2713 1870 est
2743 1816 3167 1889 mortuus,_gs_ed
3216 1817 3275 1870 in
3326 1817 3479 1873 588
3511 1817 3694 1889 Phry-

2042 1890 2137 1960 gia
2157 1892 2268 1960 aut
2301 1888 2454 1960 apud
2491 1887 2804 1957 Phrygiam
2836 1888 2894 1960 in
2926 1886 3148 1960 exsilio.

2112 1959 2201 2012 Sic
2233 1959 2292 2011 in
2335 1959 2537 2013 eodem
2600 1959 3006 2029 Martyrologio
3066 1958 3168 2030 ad,
3199 1957 3354 2013 diem
3411 1963 3690 2030 quartum

2040 2029 2401 2103 Septembris
2428 2046 2446 2103 7:
2501 2053 2528 2080 «
2561 2028 2834 2096 Arimini,
2877 2035 2932 2085 S.
2965 2028 3180 2103 Marini
3223 2028 3474 2097 diaconi,
3509 2053 3538 2103 ῃ
3589 2035 3691 2103 qui

2043 2120 2157 2158 non
2193 2101 2463 2165 Arimini,
2495 2103 2596 2157 sed
2645 2103 2800 2172 apud
2832 2106 3089 2157 montem
3119 2101 3394 2157 Titanum
3428 2101 3692 2170 obiitfut

2039 2176 2249 2297 inlejus
2269 2172 2399 2297 ﬁta
2425 2173 2668 2229 exsistit.
2697 2175 2898 2245 Itaque
2920 2173 3418 2242 subaudiendum,
3441 2175 3566 2230 dies
3587 2191 3690 2230 na-

2041 2256 2095 2297 la
2125 2263 2172 2297 l8
2204 2263 2267 2297 co
2297 2262 2310 2297 ι
2345 2262 2431 2297 ur.

2041 2247 2172 2302 talis
2204 2246 2431 2298 colitur.

2111 2318 2204 2372 Sic
2234 2317 2292 2370 in
2335 2323 2525 2371 viatere
2575 2316 2834 2388 Romano
2887 2314 3304 2388 Martyrologio
3352 2317 3423 2371 ad
3475 2317 3687 2388 vigesi-

2040 2406 2193 2444 mam
2229 2389 2538 2458 septimam
2570 2387 2837 2442 Januarii
2869 2404 3000 2442 cum
3033 2386 3284 2442 dicitur:
3337 2410 3365 2438 «
3401 2386 3686 2445 Constan-

2037 2459 2282 2531 tinopoli
2317 2459 2565 2515 Joannis
2592 2459 3014 2531 Chrysostomi,
3044 2480 3072 2507 »
3107 2475 3220 2513 non
3245 2460 3426 2531 debet
3455 2477 3560 2516 nec
3588 2477 3690 2530 po-

2039 2530 2183 2588 test,
2210 2532 2479 2602 intelligi,
2510 2532 2674 2597 obiit,
2707 2530 2807 2587 sed
2857 2531 3186 2602 celebratur
3235 2530 3538 2588 festivitas.
3572 2532 3688 2588 Nec

2036 2607 2193 2660 enim
2224 2601 2727 2676 Constantinopoli
2762 2603 2925 2676 obiit,
2946 2602 3047 2657 sed
3080 2602 3136 2656 in
3171 2601 3372 2676 Ponto.
3394 2605 3690 2676 Deiprimo

2038 2683 2382 2748 argumento
2423 2678 2568 2730 satis
2593 2675 2628 2748 εί
2659 2692 2817 2730 nunc
2860 2675 2932 2730 ad
2979 2675 3309 2729 secundum
3357 2675 3691 2742 veniamus,

2039 2746 2192 2820 quod
2226 2754 2315 2820 est
2345 2746 2654 2816 ejusmodi.

2108 2819 2320 2874 Scribit
2345 2815 2660 2889 Gregorius
2691 2816 3056 2872 Turonensis
3091 2815 3240 2870 libro
3273 2820 3463 2888 primo
3495 2817 3698 2872 Histo-

2039 2891 2136 2946 riae
2169 2892 2542 2959 Francorum,
2577 2907 2703 2960 cap.
2734 2891 2822 2958 30,
2853 2889 3322 2961 tempore‘Decii
3370 2889 3514 2961 imp.
3549 2889 3694 2945 mis-

2038 2981 2135 3018 sos
2165 2964 2222 3016 in
2252 2963 2498 3018 Galliam
2530 2958 2752 3033 septem
2786 2961 3113 3031 episcopos,
3135 2958 3288 3014 inter
3316 2958 3696 3030 quos'recen-

2039 3041 2128 3090 set
2177 3036 2235 3089 8.
2294 3033 2632 3106 Dionysium
2688 3033 3053 3106 Parisiorum
3107 3033 3520 3106 episcopumgA
3561 3049 3695 3106 ergo

2041 3107 2192 3161 alius
2216 3110 2388 3161 estab
2419 3103 2782 3176 Areopagita,
2813 3104 2912 3175 qui
2937 3103 3124 3158 multo
3147 3109 3284 3158 ante
3305 3104 3414 3159 sub
3438 3103 3695 3160 Adriano

2043 3186 2316 3233 mortuus
2350 3184 2457 3233 est.

2109 3249 2297 3304 Verba
2347 3250 2611 3318 ejusdem
2663 3246 2923 3318 Gregorii
2976 3251 3114 3300 sunt
3163 3245 3321 3318 haec:
3371 3269 3399 3295 «
3433 3246 3502 3300 Hi
3556 3261 3694 3318 ergo

2041 3322 2203 3375 missi
2227 3317 2394 3377 sunt}
2431 3319 2742 3375 'l‘uronicis
2775 3317 3092 3372 Gratianus
3118 3317 3465 3387 episcopus;
3502 3317 3697 3372 Arela-

2039 3394 2310 3447 tensibus
2356 3392 2711 3460 'l‘rophimus
2760 3389 3095 3459 episcopus,
3148 3389 3430 3444 Narbona;
3478 3389 3696 3442 Paulus

2039 3467 2388 3535 episcopus;
2439 3464 2661 3519 Tolosae
2707 3460 3071 3535 Saturninus
3118 3460 3478 3535 episcopus:
3527 3460 3696 3535 Pari-

2041 3533 2216 3591 siacis
2243 3533 2579 3608 'Dionysius
2627 3533 2977 3608 episcopus;
3020 3533 3295 3608 Arvernis
3323 3533 3700 3608 stremonius

2039 3610 2388 3679 episcopus;
2419 3603 2435 3608 ⁷
2470 3603 2854 3679 [λθωοννίοίηὶε
2910 3603 3209 3679 Martialis
3250 3610 3339 3659 est
3359 3603 3701 3679 destinatus

2041 3676 2374 3752 episcopus.
2440 3701 2459 3728 ι
2547 3678 2682 3749 Agit
2751 3682 2949 3732 autem
3021 3677 3100 3731 ibi
3179 3676 3250 3730 de
3325 3676 3699 3748 temporibus

2045 3752 2222 3808 Decii.

2122 3821 2482 3892 Respondeo,
2514 3819 2665 3874 hanc
2696 3819 3106 3874 auctoritatem
3158 3835 3268 3892 sua
3315 3822 3522 3890 sponte
3567 3835 3669 3892 cor

2044 3889 2539 3950 ruerefContinet
2567 3895 2725 3947 enim
2758 3899 2954 3962 aperte
2994 3895 3051 3946 et
3097 3889 3400 3947 evidenter
3451 3908 3544 3946 res
3597 3889 3706 3945 fal-

2043 3984 2163 4023 sas.
2195 3967 2340 4021 Nam
2396 3965 2450 4019 S.
2502 3961 2864 4034 ’l‘rophimus
2913 3963 3142 4034 primus
3192 3963 3555 4034 Arelatensis
3584 3961 3707 4032 epi-

2044 4056 2281 4109 scopus,
2316 4039 2385 4090 de
2420 4053 2533 4109 quo
2567 4033 2659 4090 hic
2701 4033 3076 4109 agitur;(ne_e
3125 4033 3282 4109 enim
3328 4035 3483 4109 alius
3533 4034 3591 4109 in
3640 4049 3708 4088 ea

2045 4105 2303 4165 Ecclesia
2354 4107 2583 4174 legitur)
2637 4107 2746 4160 fuit
2800 4107 2857 4161 S.
2912 4105 3072 4159 Pauli
3127 4105 3481 4174 discipulus,
3531 4106 3707 4173 idque

2043 4185 2245 4237 omnia
2295 4185 2588 4232 testantur
2618 4184 2676 4231 et
2719 4185 2915 4232 vetera
2964 4183 3019 4230 et
3073 4192 3221 4228 nova
3269 4175 3704 4248 Martyrologia.

2045 4256 2188 4310 Nam
2250 4251 2422 4303 Vetus
2474 4255 2804 4304 Romanum
2852 4249 2921 4300 29
2973 4248 3306 4302 Decembris
3366 4251 3452 4305 sic
3511 4249 3708 4316 habet,

2044 4350 2072 4377 «
2109 4322 2411 4392 'l‘rophimi
2443 4320 2722 4390 epiSCOpi,
2755 4318 3026 4392 discipuli
3058 4321 3322 4388 apostolo
3344 4337 3498 4376 rum.
3534 4343 3562 4370 »
3598 4319 3709 4375 No-

2041 4413 2178 4451 vum
2212 4391 2406 4448 autem
2439 4409 2555 4447 stve
2588 4392 2959 4446 Ordinarium
2995 4391 3322 4446 Romanum
3356 4395 3476 4448 sic:
3514 4414 3542 4440 «ι
3569 4397 3712 4444 Are-

2053 4469 2169 4521 late
2200 4465 2413 4520 natalis
2445 4465 2503 4518 S.
2532 4463 2858 4533 Trophimi,
2891 4463 3065 4530 cujus
3098 4465 3368 4519 meminit
3396 4470 3452 4519 S.
3493 4463 3714 4518 Paulus

1972 4515 2019 4578 Ι)
2053 4515 2564 4594 asinariam
2586 4515 2887 4598 gaesa,
2901 4515 3028 4602 λῃὖῖ
3044 4515 3153 4589 ἀὖ
3168 4515 3423 4590 stage“
3441 4515 3715 4607 tisana

2054 4613 2369 4680 episcopus
2392 4608 2720 4680 ordinatus.
2743 4608 2993 4680 praelatae
3027 4607 3152 4661 urbi
3187 4610 3417 4677 primus
3447 4609 3516 4662 ad
3553 4607 3720 4661 Chri-

2058 4679 2131 4737 sti
2164 4679 2545 4750 Evangelium
2584 4679 3022 4749 praedicandum
3053 4681 3311 4735 directus
3340 4685 3451 4735 est.
3487 4681 3568 4734 Ex
3609 4696 3717 4750 cu-

2047 4756 2152 4821 jus
2187 4752 2617 4824 praedicationis
2650 4752 2808 4805 fonte
2840 4751 2929 4824 (_ut
2961 4751 3020 4804 S.
3051 4753 3316 4824 Zosirnius
3367 4768 3520 4824 papa
3557 4749 3720 4824 scri-

2058 4827 2160 4888 bit)
2188 4820 2312 4879 tota
2341 4824 2528 4877 Gallia
2563 4824 2695 4877 fidei
2731 4820 2948 4876 rivulos
2997 4823 3241 4892 accepit.
3290 4845 3316 4871 ››
3364 4820 3507 4876 Ven.
3554 4821 3722 4876 Bedes

2057 4895 2536 4969 Martyrologium
2573 4897 2652 4969 ita
2682 4895 2754 4948 de
2786 4894 3020 4969 eodem:
3043 4917 3069 4943 ‹‹
3096 4894 3276 4969 Apud
3299 4892 3723 4969 Arelatemnac

2060 4970 2177 5024 tale
2207 4963 2394 5023 sancti
2428 4968 2729 5034 Trephimi
2761 4965 3020 5035 episcopi
3053 4972 3108 5019 et
3139 4967 3517 5030 confessoris,
3553 4963 3725 5020 disci-

2064 5041 2195 5114 puli
2217 5038 2614 5114 apostolorum
2651 5040 2802 5114 Petri
2834 5043 2890 5114 e_t
2915 5037 3165 5114 Pauli._»

2136 5105 2278 5166 Vide
2328 5112 2533 5164 eadem
2584 5109 2738 5178 apud
2788 5111 3054 5163 Adonem
3107 5107 3162 5161 in
3217 5106 3410 5161 libello
3460 5108 3531 5162 De
3573 5105 3726 5176 festi-

2065 5185 2346 5250 vitatibus,
2378 5188 2436 5236 et
2483 5182 2638 5251 apud
2689 5181 2834 5235 alios
2885 5186 3004 5234 tam
3059 5179 3485 5249 martyrologos
3541 5195 3722 5248 quam

2067 5255 2383 5310 historicos
2413 5271 2640 5309 sacros:
2686 5257 2742 5307 et
2766 5257 2961 5306 tamen
2998 5252 3052 5305 in
3087 5253 3206 5305 illis
3237 5251 3497 5320 Gregorii
3531 5251 3726 5306 verbis

2069 5328 2311 5398 ponitur
2369 5328 2489 5398 sub
2539 5324 2731 5380 Decio.
2775 5326 2856 5398 De
2893 5324 2956 5398 S.
3008 5321 3273 5398 Martiale
3327 5322 3726 5398 appetolorum

2069 5395 2212 5455 item
2246 5397 2557 5470 discipulo,
2588 5397 2826 5470 perinde
2855 5396 3146 5470 aberravit
3184 5395 3340 5470 idem
3388 5395 3725 5470 Gregorius,

2070 5489 2207 5526 cum
2244 5467 2415 5524 nemo
2447 5476 2654 5539 praeter
2685 5469 2849 5523 illum
2878 5467 3126 5522 senserit
3178 5467 3232 5520 S.
3269 5467 3590 5522 Martialem
3623 5468 3732 5521 sub

2071 5543 2247 5598 Decio
2279 5543 2507 5596 venisse
2538 5545 2594 5595 in
2634 5539 2871 5601 Gallias,
2905 5544 3250 5608 primusque
3298 5541 3377 5593 sit
3425 5540 3552 5607 ejus
3601 5539 3729 5608 opi-

2073 5617 2272 5670 nionis
2305 5618 2524 5669 auctor.
2561 5617 2704 5666 Nam
2738 5628 2941 5665 omnes
2989 5611 3106 5665 fere
3153 5615 3320 5664 autea
3369 5628 3500 5664 eum
3550 5611 3732 5664 fuisse

2075 5703 2260 5741 unum
2283 5703 2313 5740 e
2344 5686 2559 5739 Christi
2591 5688 2964 5753 septuaginta
2994 5681 3227 5738 duobus
3259 5681 3733 5753 discipullsicon-

2075 5762 2411 5814 senserunt.
2439 5756 2518 5811 De
2547 5752 2672 5825 quo
2695 5754 2823 5808 vide
2856 5753 3096 5810 Galliam
3153 5754 3537 5825 Christianam
3565 5752 3733 5825 Clau-

2076 5831 2161 5888 dii
2215 5828 2474 5898 Roberti,
2508 5824 2609 5884 ubi
2654 5827 3062 5885 Lemovieense
3119 5824 3592 5898 Martyrologium
3652 5824 3733 5884 ita
