4084 6370
467 262 569 319 891

1286 267 1383 320 ΒΕ
1419 267 1477 319 8.
1520 264 1832 321 DIONYSII
1878 265 2359 321 ABEOPAGITE
2397 265 2569 319 VITA
2604 265 2698 319 ΕΤ
2733 266 3052 321 SCRIP'I'IS

3781 267 3898 320 892

464 393 661 474 (cujus
688 392 889 474 verba,
919 396 986 474 ut
1012 392 1247 464 pietatis
1278 392 1643 474 plenissima,
1703 392 1856 447 infra
1877 398 2113 474 ponam)
2141 399 2195 465 Α
2226 392 2489 474 ordinem
2513 407 2728 474 sequar
2751 395 3105 474 temporum,
3131 398 3189 449 et
3217 393 3631 474 antiquissima
3655 394 3816 474 (qua:
3837 399 3901 449 et

466 464 525 521 et
559 465 850 520 innumeri
885 465 1003 529 alii,
1038 480 1185 536 quos
1208 467 1418 537 partim
1444 465 1793 536 exipsorum
1814 464 2114 537 operibus,

466 540 681 610 partim
734 554 804 591 ex
847 535 1267 592 citatis'Delrii
1309 535 1591 592 Vindiciis
1629 535 1899 609 cognosci
1955 535 2121 610 facile

468 608 574 667 est.
630 614 772 665 Nam
814 613 902 664 tot
943 610 1225 665 Romanis
1276 611 1675 680 pontiﬁcibus,
1712 608 1812 663 tot
1856 608 2122 663 conciliis

473 680 931 746 universalibus,
984 686 1070 734 tot
1124 682 1495 752 patriarchis,
1542 687 1627 734 tot
1675 681 1987 751 episcopis,
2037 686 2123 735 tot

470 754 830 817 doctoribus,
861 769 1007 823 quos
1036 754 1189 808 idem
1225 754 1425 808 laudat
1456 758 1655 808 noster
1690 753 1936 823 Delrius.
1979 752 2119 821 quid

471 825 689 881 habent
734 822 1049 880 adversarii
1103 826 1259 895 quod
1304 830 1603 896 opponant
1632 824 1658 877 ?
1704 822 1932 896 solidas
1976 824 2122 878 forte

472 897 774 968 inquirent
803 897 1060 952 rationes
1090 897 1248 951 omni
1274 895 1534 951 humana
1558 895 1901 950 auctoritate
1931 896 2123 968 fortio-

466 967 600 1036 res;
660 968 860 1039 itaque
906 968 1035 1022 illas
1086 969 1236 1022 infra
1285 970 1615 1023 videbimus
1664 975 1719 1022 et
1761 967 2122 1022 examinabi-

471 1057 642 1096 mus:
676 1047 734 1094 et
765 1040 848 1094 sic
893 1041 1149 1111 quidem,
1197 1045 1261 1094 ut
1302 1056 1436 1111 cum
1491 1040 1844 1094 fortissimas
1894 1055 2120 1107 earum,

472 1112 868 1183 nullarearum
897 1110 1022 1183 qua:
1055 1111 1329 1183 ponderis
1354 1110 1601 1177 alicujus
1624 1112 1701 1166 sit
1722 1111 2120 1175 dissimulata,

471 1182 909 1256 protulerimus,
936 1182 1164 1249 aliquas
1184 1185 1358 1238 etiam
1384 1202 1411 1236 ξι
1432 1184 1603 1256 nobis
1626 1200 1805 1237 novas
1832 1184 2121 1237 addamus

468 1255 543 1312 ab
584 1255 703 1309 illis
752 1256 1095 1326 praeteritas,
1148 1261 1204 1310 et
1251 1262 1446 1310 tamen
1498 1255 1572 1310 iis
1625 1272 1771 1326 quas
1819 1256 2122 1310 attulerint

464 1330 652 1384 evictu
676 1326 1059 1382 difﬁciliores.

541 1398 822 1463 Quintum
845 1398 1429 1471 argumentumrNon
1458 1404 1547 1453 est
1579 1399 1759 1453 divini
1782 1398 1984 1461 moris.
2018 1414 2123 1453 nec

468 1471 926 1543 aeternaarillius
985 1470 1387 1543 providentiae,
1426 1487 1601 1543 opera
1656 1487 1803 1524 vana
1864 1477 1919 1525 et
1971 1472 2123 1543 fictis

467 1542 792 1598 mendaciis
814 1542 984 1611 plena
1005 1543 1159 1598 veris
1181 1558 1388 1597 ornare
1417 1548 1476 1598 et
1519 1542 1903 1598 cohonestare
1950 1542 2127 1596 mira-

462 1614 630 1671 culis.
665 1614 841 1685 Atqui
874 1615 1231 1685 Areopagitae
1262 1616 1470 1686 Opera,
1504 1630 1636 1668 cum
1662 1614 1839 1668 variis
1871 1615 2124 1686 infirmi-

461 1686 684 1741 tatibus
716 1687 775 1741 in
808 1687 954 1741 tanti
994 1687 1104 1742 viri
1127 1685 1407 1741 honorem
1428 1688 1887 1758 applicarentur,
1923 1685 2125 1758 multis

467 1758 753 1813 divinitus
780 1759 1093 1814 honestata
1141 1762 1282 1812 sunt
1321 1757 1647 1821 miraculis,
1697 1761 1762 1812 ut
1812 1757 2123 1829 capitegBﬂ

463 1829 607 1884 Vitae
638 1830 825 1901 attigi.
861 1833 1049 1896 Quare
1084 1830 1322 1899 signum
1356 1836 1444 1884 est
1476 1830 1617 1885 satis
1650 1828 1895 1884 evidens
1921 1836 1979 1883 et
2025 1828 2115 1882 lu-

463 1902 790 1967 culentum,
823 1904 952 1973 ejus
985 1918 1113 1959 esse
1145 1902 1246 1956 illa
1281 1902 1488 1973 Opera,
1523 1904 1692 1973 cujus
1734 1902 1794 1955 in
1838 1903 2118 1956 honorem

464 1989 534 2030 ea
566 1979 797 2040 patrata
829 1978 989 2029 sunt.

537 2046 778 2100 Sextum
811 2046 1065 2114 denique
1096 2048 1152 2099 et
1184 2047 1385 2099 contra
1418 2043 1786 2099 adversarios
1819 2043 1991 2115 longe
2020 2060 2119 2096 va-

464 2116 824 2172 lidissimum
870 2121 1281 2183 argumentum
1324 2120 1412 2170 est
1460 2116 1786 2187 ejusmodi:
1832 2117 1887 2170 Si
1934 2116 2120 2186 Opera

467 2189 569 2269 illa
601 2206 718 2269 non
751 2188 1160 2269 sint-Di‘onysii
1183 2186 1815 2269 Areopogitaequinfuit
1848 2186 2009 2269 Pauli
2037 2188 2123 2269 _di-

469 2261 757 2331 scipulus,
789 2261 889 2315 sed
924 2260 1166 2315 alterius
1198 2259 1481 2330 Dionysii,
1516 2259 1637 2315 sive
1669 2260 1975 2325 Corinthii,
2001 2260 2122 2314 sive

468 2332 865 2397 Alexandrini,
891 2333 1013 2387 sive
1044 2331 1287 2387 alterius
1308 2332 1715 2402 cujuscunque
1738 2333 2079 2402 posterioris
2104 2347 2119 2397 ;

470 2404 1023 2487 fateri_necesse_est
1045 2403 1286 2487 illorum
1320 2409 1614 2487 auctorem
1642 2403 1920 2487 Operam,
1950 2404 2123 2487 lquis:

472 2477 874 2548 quisdemum
911 2477 1105 2548 fuerit,
1139 2475 1376 2548 plenum
1412 2475 1723 2542 mendacii,
1769 2476 2016 2532 fallaciae
2066 2479 2121 2529 et

471 2546 765 2615 sacrilegae
798 2546 1189 2603 simulationis
1221 2547 1533 2602 exstitisse.

544 2622 719 2691 Atqui
754 2620 861 2675 hoc
892 2620 1136 2675 minime
1167 2619 1281 2674 dici
1318 2624 1533 2689 potest,
1566 2618 1805 2691 minime
1836 2620 2121 2689 gentium.

464 2689 609 2747 Nam
637 2689 862 2761 scripta
907 2692 1006 2746 illa
1041 2707 1262 2746 meram
1296 2692 1533 2759 sapiunt
1573 2695 1630 2745 et
1672 2690 1899 2761 spirant
1943 2691 2123 2761 pieta-

465 2768 609 2832 tem,
644 2761 1021 2828 modestiam,
1047 2762 1412 2834 gravitatem,
1438 2761 1917 2829 sanctimoniam,
1937 2776 2127 2834 neque

472 2834 660 2890 ullum
698 2853 941 2907 prorsus
974 2833 1399 2907 velminimum
1435 2834 1805 2907 autlevitatis
1833 2840 1935 2888 aut
1960 2833 2127 2907 vani-

471 2908 610 2963 tatis
643 2905 791 2978 (quie
821 2908 1026 2963 abesse
1056 2923 1089 2961 a
1144 2905 1451 2960 fallacibus
1497 2906 1650 2961 haud
1701 2906 1974 2977 possunt)
2025 2922 2127 2978 seu

474 2975 702 3034 fumum
737 2995 837 3034 seu
875 2980 1077 3033 fimum
1106 2978 1385 3031 redolent.
1410 2980 1492 3033 Ita
1525 2993 1667 3031 sane
1696 2975 1941 3048 reperiet
1958 2975 2127 3048 quis-

475 3050 613 3122 quis
641 3050 741 3104 illa
771 3050 1099 3122 composito
1122 3049 1443 3121 sedatoque
1476 3050 1673 3122 animo
1705 3049 2001 3119 perlegere
2030 3066 2128 3122 vo-

473 3120 682 3188 luerit;
732 3127 829 3176 aut
864 3122 913 3176 si
953 3123 1055 3177 hoc
1084 3120 1325 3189 longum
1375 3120 1747 3193 est,isaltem
1781 3137 1848 3174 ea
1893 3138 2020 3193 qua:
2069 3120 2129 3193 in

475 3198 653 3265 caput
681 3195 754 3247 22
783 3198 839 3248 et
866 3194 936 3247 23
966 3193 1103 3249 Vitae
1134 3193 1263 3261 ejus
1291 3209 1471 3264 supra
1497 3192 1777 3265 immissi,
1830 3192 1943 3249 non
1976 3192 2132 3247 invi-

469 3263 961 3348 tuspercurrerit.
984 3265 1219 3348 Plenum
1247 3263 1439 3348 autem
1459 3263 1954 3348 alioquilfuturum
1970 3281 2132 3320 men-

470 3336 619 3393 dacii
647 3342 705 3393 et
734 3337 978 3394 fallaciis
1022 3342 1079 3393 et
1110 3336 1528 3400 simulationis,
1564 3338 1611 3392 si
1645 3337 1796 3392 alius
1829 3338 1905 3392 sit
1954 3353 2130 3408 quam

472 3408 746 3476 dicimus,
781 3416 839 3465 et
867 3425 1047 3479 quam
1099 3408 1317 3478 scripta
1360 3414 1799 3480 repraesentant,
1832 3409 1969 3465 inde
2008 3408 2131 3464 cla-

473 3499 606 3539 rum
626 3486 745 3566 est,
771 3483 936 3566 quod
971 3498 1033 3566 se
1064 3480 1917 3566 conyixisse.apostolis,‘quod
1957 3480 2126 3563 .Pauli

474 3554 723 3625 apostoli
755 3552 1123 3625 discipulum,
1158 3552 1339 3607 fuisse
1370 3553 1546 3615 dicat,
1590 3554 1841 3625 quodse
1872 3553 2130 3625 Deiparze

530 3624 943 3699 irginisfuneri
970 3624 1443 3699 adfuisse._quod
1475 3625 1724 3699 hymnos
1750 3624 1807 3678 in
1860 3626 1989 3695 ejus
2035 3624 2133 3699 ho-

476 3695 678 3753 norem
700 3698 981 3767 audiisse,
996 3699 1143 3768 quod
1166 3696 1511 3751 'I‘himotheo
1525 3697 1759 3768 eosdem
1778 3695 2126 3751 memoranti

477 3786 652 3825 aures
701 3770 937 3824 dedisse
1001 3767 1241 3832 scribat,
1289 3769 1440 3839 quod
1489 3767 1603 3822 alia
1661 3767 1827 3838 plura
1879 3770 2131 3838 denique

472 3840 665 3913 iisque
731 3841 791 3895 in
840 3840 1278 3913 librisatferat,
1331 3856 1460 3913 quis
1494 3839 1710 3908 alioqui
1736 3840 2128 3913 prodigiosam

477 3912 801 3968 mentiendi
827 3918 883 3967 et
913 3912 1639 3982 decipiendicontinerent
1668 3912 1995 3967 audaciam.

543 3987 614 4040 At
642 4000 777 4041 vero
828 3985 961 4056 quis
992 3981 1190 4039 credat
1210 3981 1398 4039 virum
1425 3984 1569 4056 adeo
1593 3984 1827 4056 doctum
1880 3990 1936 4056 et
1968 3983 2131 4054 pium

482 4060 542 4112 et
572 4054 999 4123 illuminatum,
1031 4055 1265 4122 qualem
1297 4072 1357 4110 se
1389 4055 1483 4111 hic
1514 4054 1795 4110 auctorin
1821 4055 2131 4110 scribendo

482 4132 745 4199 praestat,
776 4134 899 4185 tam
932 4128 1113 4195 impia
1137 4128 1377 4183 ﬁnxisse
1407 4129 1657 4185 somnia.
1689 4131 1807 4181 tam
1848 4128 2135 4182 inusitata

484 4198 849 4273 excogitasse
883 4200 1210 4273 mendacia,
1243 4200 1421 4271 idque
1448 4200 1765 4273 utnomini
1808 4198 2024 4273 alieno_
2047 4200 2132 4273 fa-

482 4271 855 4339 mam—daret,
888 4272 1221 4328 detraheret
1246 4289 1352 4328 suo
1377 4276 1400 4327 Ρ
1428 4272 1587 4329 Talis
1626 4275 1780 4327 certe
1825 4289 1940 4328 non
2000 4271 2131 4339 fuit,

481 4361 672 4417 neque
695 4347 753 4401 S.
775 4345 1084 4413 Dionysius
1102 4344 1534 4417 Corinthiorum
1555 4344 1868 4417 episcopus
1890 4342 2136 4399 secundi

482 4415 679 4474 saeculi
705 4419 957 4489 scriptor
986 4417 1209 4489 (horret
1246 4416 1301 4489 id
1336 4415 1901 4489 animusucogitare)
1946 4431 2136 4489 neque

476 4486 867 4546 doctissimus
931 4489 1029 4543 ille
1076 4487 1522 4542 illustrissimus
1567 4486 1783 4540 Christi
1834 4488 2136 4542 confessor

479 4543 830 4634 Dionysius—
850 4543 1283 4634 Alexandrinus
1328 4574 1443 4634 levo
1485 4557 1654 4612 tertio
1696 4556 2142 4634 clarus_(n_imis
2174 4543 2219 4607 ῐ)

471 4629 851 4689 temerarium
886 4637 973 4687 est
998 4630 1084 4685 vel
1121 4629 1436 4700 suspicari)
1459 4645 1648 4700 neque
1702 4629 1851 4683 alius
1883 4631 2139 4701 denique

475 4705 564 4761 vir
592 4707 785 4760 bonus
812 4709 869 4759 et
897 4704 1115 4757 timens
1146 4702 1354 4756 Deum.
1390 4702 1534 4756 Laevi
1567 4701 1745 4756 nimis
1767 4701 1989 4772 ingenii
2017 4703 2137 4757 fue-

480 4776 576 4841 rit,
608 4777 719 4833 hoc
749 4777 821 4831 de
853 4775 952 4829 tali
978 4774 1338 4829 existimare.

550 4849 827 4905 Tractant
884 4847 993 4901 hoc
1034 4846 1188 4900 idem
1240 4846 1654 4913 argumentum
1699 4842 1895 4898 fusius
1916 4844 2131 4913 partim

482 4921 678 4977 Graice
699 4920 752 4975 S.
793 4918 1105 4982 Maximus,
1138 4917 1389 4988 Operum
1415 4914 1659 4988 hujusce
1698 4916 1849 4972 beati
1873 4916 2135 4985 Dionysii

482 4993 793 5063 interpres,
856 4991 912 5044 in
955 4987 1497 5063 Prologoppartim
1560 4992 1877 5063 praeceptor
1925 4993 2137 5063 uoster

487 5058 822 5121 Leonardus
844 5061 1153 5119 Lessiusin
1182 5058 1427 5128 epistola
1441 5060 1703 5114 censoria
1725 5058 1903 5130 super
1922 5061 2132 5116 iisdem

481 5136 812 5207 Operibus',
845 5150 1020 5202 quam
1055 5136 1253 5207 noster
1274 5135 1479 5185 Petrus
1502 5132 1833 5186 Lansselius
1858 5132 1914 5207 in
1941 5133 2129 5207 lucem

482 5204 741 5277 protulit.
768 5206 883 5260 Nec
908 5220 1048 5261 sane
1073 5204 1255 5277 ullum
1282 5207 1695 5277 argumentum
1723 5205 1990 5259 estaliud
2020 5205 2131 5259 isto

478 5274 691 5334 fortius
714 5274 1295 5345 etinexpugnabilius
1318 5293 1329 5331 :
1356 5276 1438 5328 ita
1461 5279 1526 5328 ut
1548 5274 1690 5329 nihil
1714 5277 2127 5346 videam,quod

481 5348 687 5405 saltem
743 5347 1123 5417 probabiliter
1172 5348 1241 5401 ad
1294 5349 1425 5416 ejus
1476 5347 1882 5403 refutationem
1938 5348 2130 5403 afferri

485 5421 693 5487 possit.
722 5421 864 5474 Nam
892 5419 1354 5475 adversariorum
1391 5421 1759 5489 argumentis
1800 5422 2126 5487 ostendam,

482 5492 599 5548 Deo
632 5494 797 5555 duce,
834 5492 1163 5564 probabiles
1194 5491 1431 5546 omnino
1455 5491 1730 5555 rationes,
1777 5497 1835 5544 et
1878 5508 2007 5562 qure
2048 5494 2130 5548 lo-

487 5580 619 5618 cum
650 5580 801 5632 saepe
838 5563 907 5618 in
952 5563 1186 5620 scriotis
1235 5564 1634 5631 dijudicandis
1682 5564 1958 5630 habeant,
2012 5582 2127 5621 non

490 5650 705 5707 paucas
739 5636 975 5706 opponi,
999 5637 1151 5694 548
1184 5641 1240 5691 et
1270 5653 1367 5691 eas
1399 5636 1716 5691 moderatis
1758 5636 1990 5707 quidem
2039 5638 2127 5693 in-

486 5706 675 5775 geniis
710 5708 894 5763 facere
926 5710 1070 5763 satis
1104 5724 1270 5774 posse
1301 5713 1356 5761 et
1388 5708 1612 5763 debere.

481 5779 816 5851 Argumenta
844 5783 1023 5851 partis
1053 5781 1305 5836 adversae
1332 5797 1456 5835 cum
1503 5796 1691 5836 eorum
1737 5780 2125 5836 solutionibus.

554 5849 619 5907 In
638 5851 800 5910 hisce
821 5849 1184 5925 argumentis
1206 5868 1309 5908 seu
1328 5852 1644 5909 referendis
1664 5866 1767 5909 seu
1792 5852 2128 5909 refellendis

2228 466 2767 539 praecipuasuntﬁn
2785 466 2973 535 prima
2987 466 3476 521 acieconstituam
3491 467 3586 521 .Ea
3601 472 3835 539 suntqt.
3851 485 3899 520 aa

2224 537 2559 591 Theodorus
2593 540 2913 608 presbyter,
2943 539 3113 607 cujus
3142 540 3292 592 facta
3324 546 3455 592 ante
3488 540 3742 602 mentio,
3776 537 3896 593 sibi

2225 608 2553 681 proposuit,
2578 615 2680 681 aut
2710 609 2840 663 aliis
2872 612 3165 680 proposita
3186 611 3474 665 dissolvit.
3504 612 3573 665 Et
3594 610 3740 681 quia
3765 611 3896 665 dis-

2225 679 2415 747 solvit,
2448 685 2504 733 et
2557 679 2695 749 quia
2735 679 3154 737 dissolutiones
3184 682 3431 752 illaejam
3474 699 3588 736 non
3611 679 3897 750 exstant,

2224 754 2481 808 conabor
2509 766 2647 821 ergo
2678 752 2825 807 alias
2857 754 3114 823 (tametsi
3150 771 3209 807 re
3254 756 3381 825 ipsa
3431 755 3705 809 fortassis
3761 770 3894 810 eas-

2224 824 2382 895 dem)
2417 828 2608 877 tamen
2642 840 2913 880 sermone
2952 830 3010 881 et
3038 824 3287 881 tractatu
3340 828 3622 896 diversas,
3653 826 3713 881 in
3767 842 3895 881 me-

2226 898 2323 952 dio
2360 910 2592 966 ponere.

2296 969 2549 1021 Primum
2582 967 2762 1036 igitur
2792 972 3204 1038 argumentum
3239 973 3364 1023 est:
3399 968 3459 1023 Si
3505 968 3736 1038 scripta
3790 968 3896 1023 illa

2225 1040 2343 1094 sint
2374 1040 2752 1109 Areopagitaz,
2784 1056 2888 1094 cur
2920 1041 3114 1095 Patres
3147 1056 3212 1095 eo
3257 1042 3611 1112 posteriores
3642 1040 3892 1097 illorum

2227 1128 2341 1166 non
2384 1114 2829 1165 meminerunt?

2298 1184 2654 1237 Secundum.
2688 1182 2978 1237 Eusebius
3008 1184 3324 1254 Pamphili,
3351 1183 3449 1253 qui
3472 1183 3658 1238 libros
3693 1200 3725 1237 a
3760 1200 3895 1237 san-

2227 1254 2336 1308 ctis
2380 1255 2647 1308 Patrihus
2690 1255 3057 1324 conscriptos
3106 1256 3421 1322 recensuit,
3473 1255 3703 1310 nullam
3759 1258 3890 1326 ejus

2226 1326 2430 1392 Operis
2452 1343 2485 1380 a
2506 1327 2783 1397 Dionysio
2809 1328 3157 1399 Areopagita
3174 1327 3488 1399 conscripti
3511 1328 3887 1382 mentionem

2228 1399 2383 1452 facit.

2300 1468 2586 1524 Tertium.
2612 1469 2911 1533 Quomodo
2944 1469 3349 1533 traditionum,
3374 1484 3501 1539 quae
3525 1468 3586 1524 in
3620 1468 3890 1524 Ecclesia

2230 1556 2544 1613 progressu
2576 1542 2829 1603 quodam
2859 1546 2914 1594 et
2935 1543 3217 1611 temporis
3240 1540 3671 1611 longinquitate
3700 1543 3891 1595 incre-

2228 1612 2455 1677 verunt,
2482 1614 2852 1683 particularis
2878 1613 3194 1683 tenuisque
3217 1612 3532 1684 descriptio
3557 1614 3613 1667 in
3643 1614 3719 1666 iis
3738 1618 3884 1684 Ope-

2230 1685 2394 1740 ribus
2435 1684 2809 1739 continetur?
2840 1685 3085 1755 Magnus
3125 1685 3282 1739 enim
3325 1684 3672 1756 Dionysius,
3708 1690 3777 1739 ut
3820 1700 3891 1739 ex

2230 1759 2388 1811 Actis
2420 1762 2595 1826 patet,
2630 1756 3025 1827 apostolorum
3060 1757 3304 1828 aequalis
3337 1757 3483 1821 fuit;
3516 1773 3650 1827 quae
3684 1762 3887 1811 autem

2232 1829 2325 1883 hic
2350 1830 2496 1883 liber
2517 1828 2945 1900 complectitur,
2970 1828 3282 1900 descriptio
3304 1837 3435 1883 sunt
3462 1828 3889 1897 traditionum,

2226 1917 2351 1971 quea
2374 1900 2593 1954 sensim
2618 1900 2675 1954 in
2703 1899 2959 1955 Ecclesia
2984 1907 3114 1971 post
3137 1899 3192 1955 id
3217 1907 3454 1970 tempus
3478 1901 3884 1956 invaluerunt.

2226 1973 2578 2028 Incredibile
2600 1979 2689 2026 est
2719 1972 2917 2041 igitur,
2942 1973 3060 2027 imo
3084 1972 3234 2027 male
3257 1974 3590 2041 contictum,
3615 1989 3723 2027 eas
3758 1988 3888 2042 qua

2225 2045 2321 2098 diu
2358 2049 2488 2114 post
2522 2044 2716 2115 magni
2752 2045 3006 2114 Dionysii
3043 2050 3286 2099 mortem
3321 2050 3749 2100 succreverunt
3772 2051 3891 2099 tra-

2226 2116 2498 2198 ditiones,
2534 2116 2870 2198 existimare
2895 2131 2933 2198 ρ
2960 2117 3236 2198 Dionysio
3267 2116 3653 2198 conscriptas.

2299 2188 2605 2250 Quartum.
2649 2188 2949 2251 Quomodo
2996 2187 3287 2243 hic'liber
3336 2187 3694 2243 mentionem
3748 2187 3891 2241 facit

2227 2259 2485 2329 epistolae
2517 2261 2700 2313 sancti
2739 2259 2945 2329 Ignatii
2972 2260 3000 2313 ?
3030 2260 3175 2314 Nam
3218 2260 3534 2330 Dionysius
3585 2259 3892 2331 apostolo-

2229 2348 2357 2385 rum
2391 2332 2643 2386 efﬂoruit
2674 2338 2787 2385 tem
2803 2333 3080 2402 poribus;
3110 2332 3371 2403 Ignatius
3390 2339 3588 2387 autem
3616 2333 3730 2387 sub
3755 2332 3890 2385 Tra-

2222 2404 2365 2473 jano
2418 2403 2679 2473 martyrii
2730 2408 3022 2459 certamen
3076 2403 3411 2458 decertavit.
3443 2404 3552 2465 Qui
3604 2410 3664 2459 et
3716 2404 3894 2474 paulo

2230 2481 2366 2529 ante
2400 2480 2645 2529 mortem
2679 2475 2989 2545 epistolam
3020 2475 3199 2541 illam,
3234 2477 3404 2546 cujus
3435 2476 3530 2530 hic
3567 2475 3722 2530 liber
3768 2491 3895 2529 me-

2230 2547 2426 2615 minit,
2453 2547 2825 2619 conscripsit.
2850 2552 2980 2602 Haec
3012 2552 3153 2602 sunt
3182 2554 3435 2619 quatuor
3465 2547 3901 2618 antiquissima

2232 2623 2437 2673 contra
2470 2618 2653 2674 libros
2684 2619 2942 2691 Dionysii
2993 2625 3357 2689 argumenta.
3389 2619 3616 2683 Quibus
3668 2619 3755 2674 ita
3803 2635 3897 2673 re-

2232 2692 2510 2760 spondeo.

2302 2764 2384 2816 Ad
2420 2762 2677 2834 primum
2711 2761 2860 2829 dico,
2886 2767 3090 2817 Patres
3110 2762 3388 2834 Dionysio
3408 2760 3772 2833 posteriores
3798 2778 3901 2817 no-

2233 2836 2502 2890 minatim
2536 2833 2664 2901 ejus
2696 2834 3049 2904 scriptorum
3076 2851 3190 2889 non
3216 2833 3581 2899 meminisse,
3605 2834 3754 2901 quia.
3778 2834 3897 2889 illis

2230 2906 2319 2960 vel
2350 2923 2465 2961 non
2509 2905 2701 2977 libuit,
2731 2907 2817 2960 vel
2871 2923 2984 2962 non
3039 2906 3220 2961 licuit.
3254 2904 3398 2961 Nam
3432 2906 3653 2977 quibus
3708 2905 3898 2976 ignoti

2236 2979 2494 3043 fuerunt,
2526 2994 2641 3031 non
2674 2976 2840 3032 licuit
2872 2981 2999 3049 (nec
3048 2979 3203 3032 enim
3256 2979 3313 3032 in
3365 2976 3634 3033 omnium
3692 2978 3901 3032 venire

2238 3066 2450 3105 manus
2482 3049 2822 3119 potuerunt)
2848 3048 3115 3121 {quibus
3148 3050 3292 3114 noti,
3326 3066 3455 3121 non
3485 3048 3687 3104 libuit.
3742 3050 3898 3114 Quid

2244 3127 2438 3178 autem
2473 3122 2711 3175 causis?
2744 3120 2958 3191 Primo,
2994 3122 3133 3192 quia
3176 3121 3358 3176 libros
3402 3120 3532 3175 illos
3581 3122 3899 3191 (quemad-

2246 3195 2485 3249 modum
2520 3197 2725 3248 auctor
2752 3194 2878 3264 ipse
2907 3199 3205 3265 optaverat
3241 3199 3298 3248 et
3328 3192 3760 3263 postulaverat)
3795 3210 3901 3248 no-

2234 3266 2470 3322 luerunt
2499 3265 2672 3335 vulgo
2703 3281 2831 3320 esse
2863 3265 3156 3324 notos.sed
3178 3270 3403 3319 tantum
3438 3281 3615 3335 penes
3650 3266 3899 3336 pontifi-

2236 3354 2331 3393 ces
2350 3338 2611 3409 reperiri.
2636 3337 2923 3401 Secundo,
2945 3336 3083 3408 quia
3100 3337 3413 3406 scriptores
3431 3337 3660 3408 antiqui
3683 3342 3903 3407 praeter

2238 3408 2605 3480 Scripturam
2639 3425 2863 3464 sacram
2898 3411 2990 3464 vix
3030 3409 3179 3464 ullos
3230 3409 3492 3464 citabant
3528 3408 3899 3464 nominatim

2237 3488 2505 3536 auctores
2529 3501 2542 3547 ;
2565 3487 2668 3535 aut
2700 3482 2747 3535 si
2781 3480 3092 3544 faciebant,
3112 3480 3166 3535 id
3201 3481 3318 3536 fere
3350 3480 3711 3545 necessario,
3737 3487 3801 3535 et
3829 3482 3900 3536 ad

2237 3554 2619 3608 revincendos
2650 3553 2954 3610 haereticos
2986 3553 3295 3609 faciebant.
3329 3555 3408 3608 Ac
3457 3552 3729 3623 proinde,
3765 3569 3902 3609 cum

2237 3642 2337 3689 eaa,
2373 3642 2515 3695 quas
2545 3624 2865 3696 Dionysius
2898 3624 3184 3686 traclavit,
3220 3624 3500 3686 materiae.
3533 3629 3599 3679 ut
3650 3626 3726 3679 de
3784 3642 3905 3679 rce-

2237 3696 2393 3762 lesti,
2427 3698 2499 3751 de
2531 3696 2922 3751 ecclesiastica
2959 3696 3308 3763 hierarchia,
3342 3698 3412 3751 de
3443 3696 3661 3751 divinis
3707 3698 3902 3752 nomi-

2237 3769 2586 3835 nibus,etc.,
2604 3768 2747 3823 nihil
2781 3770 2895 3822 fere
2917 3774 3019 3823 aut
3039 3784 3246 3839 parum
3271 3769 3549 3823 adversus
3574 3774 3902 3838 regnantes

2236 3846 2360 3895 tum
2396 3840 2645 3895 haereses
2680 3842 2955 3909 facerent,
2978 3856 3042 3895 ac
3064 3845 3185 3895 tota
3218 3841 3336 3896 fere
3373 3840 3703 3895 certamina
3744 3841 3902 3895 circa

2238 3913 2575 3994 scripturas
2606 3928 2804 3994 sacras
2846 3920 3237 3994 versarentur,
3272 3916 3331 3967 et
3367 3928 3446 3966 eae
3495 3912 3799 3994 utrinque
3834 3913 3893 3994 in

2237 3985 2599 4040 adversarios
2641 3984 3004 4038 densissima}
3036 3984 3532 4051 intorquerentur,
3567 3983 3721 4037 nihil
3786 3984 3899 4039 loci

2237 4056 2614 4112 inferioribus
2646 4055 2984 4110 auctoribus
3028 4056 3491 4127 relinquebatur.
3527 4055 3678 4120 Quin
3724 4059 3788 4109 et
3838 4057 3896 4110 S.

2236 4128 2615 4191 Athanasius,
2649 4132 2858 4198 quarto
2890 4126 3085 4183 seculo
3117 4126 3390 4197 scriptor,
3422 4128 3671 4182 Arianos
3700 4143 3901 4197 repre-

2238 4200 2464 4267 hendit,
2492 4200 2647 4270 quod
2683 4204 2892 4269 printer
2922 4200 3330 4256 auctoritatem
3354 4201 3798 4270 Scripturarum
3824 4200 3893 4253 ad

2239 4271 2648 4354 alios_quoque
2681 4276 2948 4354 auctores
2982 4272 3238 4354 prmeidij
3272 4288 3452 4354 causa
3482 4276 3897 4354 converteren:

2237 4349 2353 4399 tur.
2384 4343 2499 4398 Nec
2548 4342 2674 4411 ipse
2724 4342 3158 4414 quidem’usus
3209 4344 3391 4398 fuisse
3439 4342 3752 4414 reperitur.
3787 4342 3901 4398 nisi

2239 4415 2387 4470 forte
2422 4417 2468 4470 si
2502 4414 2613 4485 ipsi
2646 4415 2964 4471 adversarii
2998 4415 3231 4486 aliquos
3264 4431 3493 4485 magnas
3521 4415 3904 4469 auctoritatis

2249 4487 2403 4542 viros
2436 4503 2539 4558 pro
2584 4502 2646 4541 se
2694 4497 3105 4557 usurpassent.
3141 4488 3225 4542 Ita
3274 4488 3427 4541 enim
3484 4486 3801 4557 Origenem
3832 4491 3905 4558 et

2251 4557 2595 4630 Dionysium
2626 4559 3085 4614 Alexandrinum
3120 4560 3189 4613 ab
3220 4558 3339 4613 illis
3394 4563 3459 4613 ut
3506 4575 3627 4613 suae
3663 4557 3900 4630 ropinis,

2247 4629 2569 4685 vindicatos
2598 4632 2836 4702 eripuit,
2870 4632 3185 4702 docuitque
3224 4647 3341 4686 non
3372 4630 3604 4685 Arianis
3635 4629 3771 4686 illos
3819 4630 3900 4685 fa-

2245 4720 2398 4768 vere,
2429 4704 2527 4757 sed
2562 4703 2883 4758 catholicis.

2317 4777 2399 4830 Ad
2432 4776 2768 4831 Secundum
2800 4776 2978 4901 Squod
3009 4774 3126 4829 fere
3155 4778 3245 4828 est
3274 4772 3489 4844 prioris
3547 4773 3897 4829 corrobora-

2317 4846 2351 4901 ι)
2375 4848 2783 4901 respondetur.
2830 4848 2985 4901 ibros
3004 4845 3138 4900 illos
3159 4846 3407 4901 latuisse
3424 4844 3775 4901 Eusebium.
3802 4849 3897 4900 aut

2246 4845 2351 4913 tio)
2375 4848 2783 4917 respondetur,
2808 4844 2985 4902 libros
3004 4845 3138 4900 illos
3159 4846 3407 4901 latuisse
3424 4844 3775 4917 Eusebium,
3802 4849 3902 4900 aut

2247 4916 2507 4990 noluisse
2539 4924 2776 4989 propter
2804 4918 3019 4973 dictam
3045 4918 3317 4990 superius
3339 4932 3577 4990 causam
3598 4916 3899 4987 evulgare.

2247 4989 2393 5043 Nam
2424 4992 2577 5060 quod
2612 4990 2793 5061 aliqui
2819 4989 3169 5045 dicanteum
3194 4990 3399 5045 fraude
3422 4989 3476 5042 id
3501 4989 3738 5061 fecisse,
3762 5005 3901 5044 con-

2245 5061 2452 5115 vitium
2489 5068 2650 5133 puto.
2686 5060 2884 5133 Neque
2908 5061 3367 5131 enim,quamvis
3397 5077 3496 5115 eos
3522 5060 3904 5133 habuissent,

2249 5134 2329 5187 uti
2365 5132 2782 5189 illis’catbolici
2815 5134 3160 5188 voluissent.
3181 5134 3326 5194 Quid
3350 5133 3505 5187 enim
3531 5132 3611 5186 ibi
3639 5137 3767 5187 tam
3795 5134 3905 5188 cla-

2246 5222 2376 5260 rum
2412 5223 2516 5276 pro
2548 5206 2763 5262 Christi
2793 5211 3008 5261 azterna
3036 5205 3365 5271 divinitate,
3390 5204 3539 5274 quod
3568 5220 3688 5258 non
3712 5206 3905 5260 multo

2246 5276 2462 5332 clarius
2494 5278 2548 5331 in
2596 5278 2917 5351 scripturis
2963 5278 3147 5351 sacris
3193 5281 3533 5332 contentum
3584 5276 3906 5351 sit?Certe

2244 5352 2302 5404 in
2336 5353 2499 5403 tanta
2531 5346 2858 5405 divinarum
2881 5350 3316 5421 Scripturarum
3344 5354 3659 5421 utramque
3682 5346 3745 5403 in
3775 5366 3905 5421 pare

2243 5426 2360 5494 tem
2404 5421 2571 5491 copia
2617 5421 2797 5476 nimis
2847 5420 3116 5494 putidum
3156 5421 3363 5494 visum
3414 5424 3521 5494 est,
3555 5420 3744 5494 etiam,
3778 5420 3904 5492 ipsi

2244 5493 2583 5556 Athanasio,
2618 5499 2682 5548 ut
2707 5491 2990 5561 jam'dixi
3034 5492 3320 5565 debiliora
3366 5491 3485 5546 tela
3536 5491 3900 5565 perquirere.

2243 5570 2385 5619 Nam
2430 5580 2535 5621 nec
2567 5566 2799 5620 beatum
2837 5568 3142 5629 Irenaeum,
3177 5564 3301 5619 Filii
3350 5580 3484 5619 cum
3535 5564 3708 5619 Patre
3740 5571 3906 5620 aster

2243 5654 2377 5692 nam
2431 5638 2908 5694 coexsistentiam
2957 5637 3289 5693 clarissime
3339 5636 3698 5701 professum,
3750 5636 3902 5692 libro

2242 5710 2508 5764 Adversus
2537 5709 2768 5765 Iasi-eses
2799 5728 2859 5765 ιι.
2894 5727 3020 5781 cap.
3053 5710 3144 5773 55,
3168 5714 3225 5781 et
3255 5708 3395 5763 alibi
3429 5709 3783 5781 citaverunt.

2313 5782 2470 5845 Quod
2507 5790 2698 5837 autem
2729 5780 3085 5853 respondent
3114 5780 3377 5850 quidam,
3412 5781 3688 5853 quamvis
3719 5780 3900 5836 Euse-

2239 5851 2375 5908 bius
2396 5870 2513 5911 non
2544 5851 3104 5921 meminerit,tamen
3127 5851 3442 5924 Origenem
3462 5858 3520 5910 et
3540 5852 3898 5926 Dionysium
