4084 6370
214 291 321 346 905

1193 289 1257 340 P.
1296 286 1615 342 HALLOIX
1652 288 1801 343 SOC.
1842 289 2021 344 JESU
2058 290 2528 352 QUIESTIONES
2563 294 2658 346 IV.

3526 296 3636 353 906

220 415 491 497 Gregorio
515 414 922 497 Magnopatet,
945 409 1087 482 quid
1100 409 1372 497 idipsum
1386 410 1522 467 fecit
1539 410 1785 497 homilia
1797 412 1866 467 34
1894 420 1948 485 Α
1977 412 2108 497 dunt
2143 417 2547 497 operatienern
2567 418 2829 497 potentiae
2858 416 3084 497 virtutis
3111 421 3247 493 ejus,
3288 435 3471 497 quam,
3502 438 3632 497 ope-

224 489 282 543 in
312 484 637 555 Evangelia:
669 506 697 535 «
734 486 951 542 Novem
980 498 1137 550 vero,
1160 484 1375 555 inquit,
1406 491 1749 555 angelorum
1782 501 1867 542 or-

221 564 387 616 dines
420 560 701 624 diximus,
737 558 876 629 quia
904 555 1172 612 videlicet
1202 571 1353 621 esse,
1406 562 1655 629 testante
1702 573 1866 611 sacro

221 632 482 704 Eloquio,
543 628 768 704 scimus
817 629 1077 704 angelos,
1124 628 1546 704 archangelos,
1598 628 1864 704 virtutes,

222 700 557 777 potestates,
574 702 962 777 principatus,
980 700 1431 777 dominationes,
1455 700 1719 777 thronos,
1740 700 1871 777 che-

221 771 418 832 rubim
452 771 628 846 atque
668 771 989 845 seraphim.
1032 776 1171 827 Esse
1201 788 1479 846 namque
1529 771 1764 845 angelos
1813 776 1870 827 et

219 843 622 919 archangelbs,
658 843 1038 917 pene'omnes
1066 843 1215 899 sacri
1248 845 1474 919 Eloquii
1510 843 1732 916 pagina
1778 848 1859 899 te-

218 917 472 989 stantur;
490 919 807 975 Cherubim
831 933 965 989 vero
984 922 1158 987 atque
1175 917 1464 989 seraphim
1496 933 1667 988 saepe,
1690 921 1752 971 ut
1772 933 1871 972 no-

218 1001 341 1049 tum
405 988 515 1056 εει,
576 989 712 1045 libri
772 988 1191 1061 prophetarum
1223 988 1564 1061 loquuntur.
1609 989 1871 1052 Quatuor

216 1080 442 1137 quoque
465 1060 1235 1137 ordinuminominai’aulus
1259 1060 1559 1137 apostolus
1582 1062 1654 1137 ad
1680 1060 1868 1131 Ephe-

214 1132 693 1203 sios—enumerat,
728 1134 965 1189 dicens:
999 1132 1176 1202 Supra
1206 1148 1424 1187 omnem
1455 1132 1870 1203 principatum,

209 1220 260 1265 et
287 1213 632 1279 potestatem,
664 1210 717 1279 et
746 1205 1028 1272 virtutem,
1058 1208 1132 1279 et”
1154 1203 1586 1279 dominationem
1616 1205 1713 1279 (ct).
1760 1204 1867 1279 Qui

216 1276 426 1336 rursus
456 1280 527 1334 ad
578 1278 954 1334 Colossenses
1002 1277 1265 1332 scribens
1312 1276 1429 1331 ait:
1480 1278 1607 1330 Sive
1654 1277 1864 1343 throni,

209 1353 322 1407 sive
350 1355 657 1419 potestates,
688 1350 801 1405 sive
823 1349 1130 1419 potestates,
1158 1347 1275 1403 sive
1296 1347 1701 1403 dominationes
1719 1347 1808 1417 (e).
1834 1368 1861 1401 ι

210 1426 435 1481 Deinde
467 1422 690 1493 colligit
737 1437 1054 1493 numerum
1106 1424 1212 1476 hoc
1256 1422 1467 1477 modo:
1519 1442 1539 1468 (ί
1594 1420 1867 1475 Domina-

208 1497 421 1561 tiones,
453 1492 668 1564 inquit,
714 1498 771 1547 et
819 1492 1206 1564 principatus,
1248 1509 1314 1547 ac
1362 1497 1702 1563 potestates,
1744 1497 1864 1547 tam

208 1571 279 1624 ad
316 1567 596 1640 Ephesios
629 1566 874 1637 loquens
906 1566 1333 1640 descripserat;
1369 1565 1469 1619 sed
1521 1580 1587 1640 ea
1632 1581 1866 1640 quoque

206 1635 660 1696 Colossensibus
677 1635 962 1703 dicturus,
984 1635 1265 1707 praemisit
1282 1635 1627 1708 thronos,de
1650 1637 1867 1708 quibus

205 1714 428 1792 nedum
451 1711 774 1792 quidquam
801 1708 1539 1792 fuerat‘Ephesii‘sloeu’tus.
1557 1707 1704 1792 Dum
1721 1724 1864 1792 ergo

204 1779 793 1866 illis_quatuor,_quae‘
812 1782 882 1836 ad
918 1779 1196 1866 Ephesios
1225 1779 1389 1866 dixit,
1421 1779 1478 1834 id
1520 1785 1607 1866 est
1646 1779 1863 1866 princi-
1893 1800 1941 1866 B

205 1852 469 1930 patib'us,
502 1852 1267 1930 potestatibus,_virtutibus
1304 1857 1480 1923 atque
1514 1852 1862 1930 dominatio-

203 1923 403 1998 nibus,
434 1923 875 1997 coh'unguntur
904 1925 1122 1993 throni,
1173 1924 1433 1995 quinque
1463 1928 1602 1978 sunt
1630 1923 1866 1980 ordines

203 2002 304 2051 oui
342 1943 674 2051 snecialliter
716 1997 1144 2051 exprimuntur.
1192 1995 1417 2051 Ouibus
1462 1996 1602 2050 dum
1670 1995 1860 2051 angeli

202 2002 305 2074 qui
342 1995 682 2074 specialiter
716 1997 1144 2074 exprimuntur.
1192 1995 1417 2059 Quibus
1462 1996 1602 2074 dum
1630 2067 1640 2074 _
1670 1995 1860 2074 angeli

201 2067 393 2145 atque
435 2067 1140 2145 archangeli,__cher_u_bim
1189 2074 1363 2137 atque
1409 2067 1707 2145 seraphim
1759 2069 1862 2124 ad-

193 2139 409 2216 juncta
434 2147 594 2209 sunt,
640 2139 840 2216 procul
890 2141 1066 2196 dubio
1106 2155 1309 2195 novem
1358 2155 1487 2196 esse
1518 2139 1861 2212 angelorum

206 2218 449 2274 ordines
483 2214 876 2269 inveniuntur.
908 2233 934 2261 υ

276 2291 356 2344 Ex
394 2288 486 2342 his
512 2287 785 2343 omnibus
818 2301 847 2339 e
878 2283 1154 2354 Gregorio
1178 2283 1388 2354 Magno
1431 2282 1626 2338 allatis
1675 2286 1856 2354 patet,

198 2378 342 2417 eum
367 2359 515 2415 nihil
547 2358 705 2413 aliud
726 2356 1008 2424 voluisse,
1032 2371 1207 2425 quam
1231 2355 1477 2426 probare
1499 2371 1702 2410 novem
1728 2371 1858 2411 esse

203 2434 470 2496 ordines,
503 2448 620 2486 non
644 2446 778 2485 vero
809 2430 961 2483 inter
993 2427 1125 2481 illos
1157 2427 1489 2482 describere
1536 2431 1593 2480 et
1638 2427 1854 2481 distin-

201 2520 390 2577 guere
447 2502 828 2577 hierarehias,
861 2517 927 2555 ac
959 2499 1203 2577 proinde
1225 2498 1371 2553 nihil
1392 2514 1519 2577 esse
1543 2498 1781 2577 mirum,
1804 2498 1855 2554 si

195 2571 471 2648 autipse,
506 2579 614 2648 aut,
641 2574 698 2630 S.
736 2572 1067 2648 Bernardus
1092 2587 1233 2648 eum
1257 2576 1513 2648 secutus,
1546 2571 1853 2648 etquidam

196 2642 366 2704 forte:
384 2648 485 2703 alii
517 2647 618 2717 qui
651 2645 889 2716 angelos
927 2661 1026 2714 per
1046 2642 1409 2717 hierarehias
1430 2658 1545 2697 non
1571 2642 1851 2698 distinxe-

201 2726 367 2789 runt,
403 2716 584 2773 alium
617 2721 738 2772 sint
759 2717 1048 2789 ordinem,
1083 2732 1143 2770 re
1176 2716 1372 2789 minus
1416 2720 1849 2789 accurateiexa-

200 2787 454 2861 minata,
487 2789 821 2860 amplexati.
846 2788 991 2861 Nam
1024 2789 1083 2841 in
1110 2788 1386 2861 confesso
1423 2793 1513 2841 est
1547 2787 1846 2861 omnibus,

197 2865 380 2936 longe
407 2859 501 2918 res
531 2859 769 2917 tractari
796 2859 1054 2936 exactius
1087 2860 1157 2914 ab
1188 2860 1259 2914 iis
1291 2859 1392 2930 qui
1424 2860 1750 2936 methodice
1794 2864 1851 2915 et

193 2931 613 3008 per'przecepta
638 2931 1220 3008 materiamaliquam
1244 2931 1845 3008 tractant,_deliniunt,

191 3003 475 3063 dividunt
506 3003 683 3079 (quod
711 3004 868 3079 fecit
908 3003 1232 3079 Dionysius
1256 3004 1631 3079 Areopagita)
1668 3020 1845 3074 quam

193 3086 270 3135 ab
313 3081 385 3134 iis
418 3075 521 3151 qui
546 3075 909 3150 populariter
937 3081 995 3130 et
1024 3075 1274 3151 oratorio
1293 3075 1545 3151 more‘ad
1570 3076 1844 3130 virtutem

1978 489 2245 566 ratusest
2273 489 2332 543 in
2364 487 2602 566 Christo,
2637 490 2911 545 suscitans
2941 492 3109 566 illum
3133 487 3204 566 ’να
3232 487 3239 490 ’
3263 487 3546 566 γήονιαίςς,”
3577 500 3635 552 et

1977 561 2421 639 constituensait
2462 561 2744 615 dexteram
2775 580 2937 618 suam
2976 565 3033 618 in
3073 565 3402 634 caelestibus,
3448 561 3627 639 supra

1978 634 2632 711 omnemprincipatum,
2678 643 2732 688 et
2789 638 3135 711 potestatem,
3177 644 3228 692 et
3278 634 3553 708 virtutem,
3582 642 3633 694 et

1977 701 2444 780 dominationem,
2468 713 2519 760 et
2547 720 2708 780 omne
2734 701 2952 780 nomen,
2986 701 3129 780 quod
3159 711 3483 766 nominatur
3520 701 3634 768 non

1976 774 2157 850 solum
2196 776 2255 830 in
2283 777 2380 831 hoc
2425 777 2652 850 saecuto,
2683 778 2779 832 sed
2810 774 3007 850 etiam'
3032 781 3093 834 in
3131 782 3347 850 futuro.
3397 784 3519 848 Quo
3570 783 3631 839 in

1977 844 2104 901 loco
2136 864 2269 926 cum
2295 844 2667 926 agat_Paulus
2699 851 2773 926 de
2793 849 3009 926 Christi
3032 844 3291 926 ascensu
3311 855 3369 907 in
3397 844 3631 926 cretum,

1979 933 2094 999 non
2138 920 2673 999 potest-quispiam,
2717 921 2835 999 nisi,
2862 927 3118 999 extreme
3161 924 3434 999 stolidus,
3482 920 3630 999 quin

1978 990 2465 1069 ab‘inferiorib’us
2491 990 2756 1069 incipiat,
2789 998 2845 1049 et
2865 994 3155 1069 grsdatim
3182 998 3252 1051 ad
3296 990 3630 1069 superiores

1977 1063 2214 1117 ordines
2254 1065 2557 1133 ascendat,
2581 1063 2890 1121 dubitare:
2928 1066 2993 1122 Et
3024 1075 3217 1123 tamen
3258 1063 3433 1123 audet
3462 1070 3628 1125 Scul-

1976 1137 2137 1212 tetus
2168 1135 2310 1212 (qua
2342 1140 2432 1191 est
2477 1136 2868 1212 impudentia)
2916 1155 3015 1212 ore
3058 1139 3327 1212 improbo
3379 1140 3627 1212 ell‘utire,

1976 1206 2320 1280 Dionysium
2353 1206 2696 1280 angelorum
2730 1206 3014 1265 subSellia
3044 1206 3162 1280 (sic
3186 1211 3282 1266 ille
3324 1218 3492 1269 vocat
3522 1206 3626 1269 an;

1976 1277 2241 1350 gelorum
2272 1277 2530 1353 ordines)
2561 1298 2678 1337 non
2714 1282 2884 1338 modo
2915 1277 3083 1353 vane,
3112 1285 3214 1339 sed
3248 1282 3424 1340 etiam
3475 1284 3623 1343 falso

1975 1366 2355 1408 enumerasse
2378 1352 2405 1407 ?

2046 1422 2235 1479 Aliam
2268 1425 2397 1498 ejus
2428 1424 2855 1498 impudentiam
2886 1424 2979 1498 (de
3011 1424 3109 1481 illa
3138 1425 3294 1481 enim
3336 1425 3503 1498 satis)
3533 1426 3625 1482 vi-

1975 1495 2241 1568 deamus.
2275 1496 2354 1552 Ea
2383 1496 2444 1551 in
2475 1495 2591 1552 illis
2624 1498 2812 1553 verbis
2840 1495 3103 1553 renidet:
3140 1519 3168 1547 ‹‹
3221 1495 3493 1568 lrenzeus,
3527 1498 3619 1554 in-

1973 1568 2122 1643 quit,
2155 1567 2254 1624 lib.
2279 1585 2360 1643 n,_
2372 1585 2501 1643 cap.
2525 1570 2613 1643 55.
2640 1568 3271 1643 ἱβφεβῇθτδτοὴίωιυηι
3303 1567 3620 1643 scriptores

1971 1639 2219 1696 delirare
2246 1639 2473 1713 scribit.
2502 1662 2530 1690 »
2562 1641 2711 1704 Quid
2740 1642 2811 1695 ad
2843 1639 2995 1697 hanc
3017 1639 3443 1713 impudentiam
3484 1642 3621 1699 addi

2013 1714 2210 1767 otest‘!
2241 1712 2520 1767 Mentitur
2539 1714 2694 1768 enim
2716 1712 3034 1783 Scultetus,
3067 1712 3124 1769 et
3151 1714 3357 1769 insane
3387 1713 3615 1770 delirat.

1974 1785 2119 1856 Nam
2152 1800 2223 1839 ne
2254 1785 2427 1839 verbo
2452 1785 2714 1855 quidem,
2760 1800 2866 1841 nec
2896 1786 2999 1856 ibi,
3049 1802 3153 1842 nec
3184 1786 3325 1841 alibi
3371 1786 3442 1842 de
3490 1785 3619 1843 hie-

1972 1854 2219 1943 rarchiis
2251 1854 2592 1943 angelorum
2624 1860 2902 1943 Irlenzeus,
2921 1854 3203 1943 tanquam
3235 1857 3366 1941 illas
3396 1858 3618 1943 impro-

1970 1922 2291 2002 bans,_agit
2315 1922 2479 2002 :"imo
2511 1928 2726 2002 directe
2758 1943 2856 2002 eos
2878 1922 3221 2002 impugnat,
3253 1929 3355 2002 qui
3395 1922 3615 1986 relictis

1969 1998 2642 2074 angelis,’a_rchangelis,
2674 2005 2731 2074 et
2759 2000 2891 2057 aliis
2925 1998 3290 2074 adgeloruin—
3306 2002 3615 2074 ordinibus

1966 2071 2208 2144 triginta
2237 2071 2449 2128 IEonas
2487 2071 2557 2127 in
2590 2071 2733 2128 coelo
2763 2071 3077 2144 ponebant,
3112 2078 3168 2130 et
3209 2073 3379 2144 quasi
3429 2091 3610 2131 novos

1964 2142 2124 2199 deos.
2158 2144 2307 2210 Quin
2329 2151 2384 2199 et
2404 2160 2677 2216 expresse
2697 2142 2955 2199 admittit
2984 2149 3041 2200 et
3074 2142 3329 2201 memora
3360 2144 3465 2201 tibi
3499 2145 3611 2201 ali-

1963 2220 2106 2290 quot
2127 2216 2363 2290 ordines
2386 2215 2749 2290 angelorum,
2777 2233 2987 2290 nempe
3009 2217 3400 2290 principatus,
3426 2216 3614 2273 domi-

1962 2287 2251 2360 nationes,
2281 2288 2547 2357 virtutes,
2581 2288 2837 2360 angelos,
2874 2287 3279 2360 archangelos.
3310 2290 3610 2347 Proferam

1958 2358 2087 2433 ipsa
2112 2361 2310 2433 Irenaei
2344 2362 2534 2428 verba,
2561 2358 2685 2431 quo
2706 2361 3032 2427 erubescat,
3066 2358 3123 2416 si
3150 2366 3361 2433 potest,
3394 2362 3605 2418 canina

1956 2431 2200 2504 Sculteti
2232 2432 2620 2503 impudentia.
2652 2434 2843 2503 Agens
2883 2433 3065 2504 igitur
3114 2431 3368 2489 Irenaaus
3400 2438 3606 2490 contra

1958 2503 2306 2577 Marcionem
2352 2509 2407 2559 et
2434 2504 2809 2561 Valentinum
2854 2505 2913 2561 in
2939 2504 3039 2560 illo
3079 2504 3207 2575 ipso
3255 2506 3443 2576 capite
3475 2507 3603 2577 jam

1955 2575 2152 2646 citato,
2185 2580 2243 2630 et
2275 2592 2542 2632 asserens
2587 2592 2767 2631 unum
2822 2593 2951 2632 esse
2984 2593 3185 2631 verum
3231 2575 3442 2643 Deum,
3479 2575 3607 2633 “non

1955 2648 2124 2721 duos,
2150 2664 2265 2702 non
2288 2648 2507 2719 plures,
2532 2649 2614 2703 sic
2636 2649 2718 2703 ait
2737 2648 2893 2703 inter
2914 2648 3065 2703 alia:
3103 2669 3130 2699 «
3155 2650 3285 2721 Ipse
3324 2649 3607 2705 Dominus

1955 2720 2218 2775 omnium
2231 2760 2244 2783 ,
2259 2726 2315 2775 et
2329 2737 2516 2791 neque
2531 2721 2969 2793 praeteripsum,
2990 2736 3179 2791 neque
3190 2720 3579 2793 Superipsum
3594 2763 3608 2789 ,

1954 2807 2145 2863 neque
2192 2798 2380 2848 mater
2420 2809 2596 2863 quam
2646 2791 2730 2846 illi
2778 2791 3424 2860 admenliuntur;nec_
3456 2793 3611 2849 Deus

1953 2862 2100 2937 aiter
2128 2880 2303 2934 quem
2334 2862 2587 2919 Marcion
2621 2865 2884 2932 afﬁnxit;
2921 2880 3027 2919 nec
3056 2863 3323 2921 Pleroma
3363 2864 3613 2937 triginta

1951 2935 2406 3008 onnum,‘quod
2428 2953 2644 2991 vanum
2668 2942 2971 3008 ostensum
2992 2942 3083 3008 est
3105 2954 3119 3006 ;
3144 2953 3348 3008 neque,
3364 2935 3608 3008 Bythus,

1951 3024 2142 3078 neque
2175 3006 2482 3078 Proarche,
2517 3024 2704 3079 neque
2736 3007 2888 3075 coeli,
2922 3025 3028 3065 nec
3058 3006 3259 3064 lumen
3301 3006 3610 3136 virginale,

1953 3095 2057 3134 nec
2087 3083 2231 3135 1E0n
2282 3080 2751 3136 innominabilis.
2798 3096 2903 3135 nec
2934 3079 2993 3134 in
3044 3084 3233 3135 totum
3280 3081 3381 3136 aui
3428 3096 3604 3136 quam

1953 3095 2057 3134 nec
2087 3083 2231 3135 1E0n
2282 3080 2751 3149 innominabilis,
2798 3096 2903 3135 nec
2934 3079 2993 3134 in
3044 3084 3233 3135 totum
3280 3079 3604 3152 quidquam

191 3154 351 3244 a‘lios
382 3148 765 3244 eiihortLantur
788 3148 1324 3244 :qq’uem'sdmod'um
1354 3148 1573 3244 ‘feooisse
1619 3151 1848 3244 eonjstat
1880 3177 1922 3244 α
1961 3167 2185 3244 eorum,
2219 3168 2347 3244 quis
2378 3153 2449 3244 ab
2482 3152 2574 3207 his
2606 3156 2663 3207 et
2683 3153 2780 3244 fab
2814 3152 3095 3244 omnibus
3125 3148 3415 3244 haereticis
3446 3148 3609 3208 ’deli-

190 3224 546 3294 Gregorium
572 3222 773 3277 homil.
805 3221 876 3275 34
905 3222 964 3275 in
985 3219 1451 3294 Evangelia,et_8_.
1487 3219 1848 3294 Bernardum

194 3314 252 3354 se
269 3289 386 3350 rm.
419 3296 487 3350 19
520 3299 579 3350 in
610 3294 893 3349 Canticum
937 3294 1300 3346 canticorum.
1340 3289 1514 3346 Aliud
1560 3296 1648 3346 est
1692 3292 1847 3346 enim

193 3384 510 3426 sermones
533 3371 589 3423 et
618 3365 917 3431 homilias,
951 3364 1111 3419 aliud
1142 3363 1323 3419 libros
1356 3359 1697 3424 διδακτικούς
1717 3363 1853 3418 scri-

195 3445 468 3578 begiiare
489 3508 588 3580 qui
605 3509 712 3564 hos
730 3507 1113 3578 scripserunt,
1138 3510 1203 3560 ut
1241 3504 1325 3560 illi
1366 3504 1853 3580 scholasticorum

196 3577 525 3657 principes,
556 3581 815 3657 Joannes
846 3580 1245 3657 Damascenus
1264 3579 1416 3657 apud
1438 3577 1688 3657 Graecos,
1711 3578 1856 3657 Tho-

197 3650 329 3712 mas
364 3650 631 3725 A'quinas
661 3653 815 3724 apud
851 3652 1110 3725 Latinos,
1142 3667 1257 3725 non
1290 3650 1470 3725 alium
1519 3654 1858 3725 statuerunt

195 3722 473 3785 ordinem
506 3722 840 3795 quamcum
876 3738 1047 3793 quem
1070 3723 1132 3795 in
1165 3722 1438 3793 Dionysio
1473 3722 1856 3795 nostroinve-

194 3805 436 3856 nerunt.
488 3793 888 3852 Damascenus
946 3794 1180 3865 quidem
1215 3796 1273 3848 in
1336 3795 1482 3848 libro
1516 3795 1587 3849 De
1612 3793 1717 3863 ﬁde
1764 3810 1857 3849 or-

192 3872 461 3935 thodoxa,
522 3886 650 3941 cap.
710 3872 765 3933 8,
826 3867 1084 3941 rlihomas
1145 3872 1341 3941 autem
1392 3882 1406 3918 ι
1462 3882 1517 3934 p.
1573 3881 1672 3941 qu.
1733 3866 1854 3932 108,

194 3951 306 4001 art.
343 3944 380 3996 5
411 3950 463 3997 et
496 3944 548 4005 6,
572 3937 628 3997 et
659 3945 792 4010 post
822 3937 969 3994 alios
1016 3938 1215 3993 cuncti
1248 3938 1336 4010 ad,
1362 3954 1546 3992 unum
1592 3939 1859 4010 doctores

195 4013 565 4072 scholastici.
601 4008 729 4081 Haec
762 4017 957 4066 autem
989 4011 1177 4065 tacuit
1207 4008 1504 4064 Scultetus
1535 4008 1730 4081 vel_ex
1769 4010 1860 4063 in—

198 4087 395 4151 scitia,
431 4085 517 4141 vel
549 4102 613 4139 ex
648 4079 907 4138 malitia:
943 4098 1047 4136 nec
1077 4081 1344 4147 dubium,
1379 4082 1520 4152 quin
1574 4079 1750 4136 etiam
1794 4098 1863 4137 ex

198 4156 759 4231 impudentia.__Jam
790 4171 922 4231 vero
947 4154 1005 4208 S.
1031 4154 1291 4225 Dionysii
1311 4153 1670 4231 Areopagitie
1703 4154 1863 4209 ordi-

198 4226 343 4288 nem
377 4228 538 4285 omni
570 4228 681 4283 alio
713 4229 1035 4293 meliorem,
1069 4243 1133 4280 ac
1166 4230 1473 4296 propterea
1504 4226 1710 4280 merito
1741 4231 1798 4280 et
1830 4242 1863 4280 a

204 4308 594 4365 Damasceno,
644 4304 699 4354 et
731 4300 802 4354 ab
833 4298 1122 4369 Aquinaté
1166 4300 1322 4351 etab
1378 4298 1656 4352 omnibus
1697 4297 1862 4351 scho-

200 4376 437 4433 lasticis
483 4376 831 4443 usurpatum
890 4387 961 4425 ex
993 4370 1199 4443 eodem
1243 4369 1499 4443 probabo
1549 4369 1805 4443 doctore,
1832 4385 1865 4422 a

199 4466 320 4521 quo
350 4447 523 4521 illum
548 4440 1030 4521 primus‘acﬁcepit
1062 4440 1400 4521 Dionysius,
1426 4456 1635 4521 nempe
1658 4457 1689 4493 a
1720 4441 1864 4521 doc-

198 4511 331 4577 t'ore
362 4511 629 4591 gentium
654 4515 834 4591 Paulo
864 4511 1284 4591 Dionysiisolim
1307 4511 1544 4591 gentilis
1579 4512 1861 4591 magistro

203 4595 272 4648 Et
303 4583 394 4647 sic
426 4591 634 4662 probo:
675 4590 748 4662 De
779 4583 1034 4662 quatuor
1066 4585 1272 4662 primis
1295 4583 1623 4662 ordinibus,
1648 4584 1755 4662 hoc
1776 4586 1865 4662 est

202 4668 275 4721 de
308 4655 634 4731 seraphim,
668 4661 737 4714 de
771 4655 1094 4727 cherubim,
1129 4658 1197 4731 de
1229 4655 1456 4731 thr-onis
1488 4659 1645 4731 etde
1675 4655 1865 4711 domi-

202 4728 573 4804 nationibus,
610 4732 763 4786 inter
793 4747 998 4804 omnes
1029 4730 1267 4804 omnino
1298 4728 1503 4804 liquet.
1528 4729 1681 4783 Nam
1730 4743 1866 4804 cum

203 4807 487 4876 Dionysio
513 4799 862 4875 Areopagita
889 4802 1065 4858 etiam
1082 4800 1415 4876 Gregorius,
1436 4805 1492 4854 et
1515 4799 1865 4876 Bernardus,

204 4888 263 4937 et
291 4871 396 4936 alii
429 4871 826 4943 consentiunt,
862 4891 1073 4945 nempe
1101 4871 1234 4928 illos
1256 4890 1385 4929 esse
1432 4872 1694 4927 omnium
1748 4871 1866 4945 pri:-

204 4970 375 5021 mos;
413 4952 485 5006 de
514 4950 748 5021 duobus
784 4947 958 5021 etiam
992 4943 1306 5021 postremis
1338 4944 1663 5021 ordinibus,
1715 4943 1866 5021 558

203 5028 320 5081 hoc
344 5016 455 5090 est,
492 5023 561 5077 de
586 5020 976 5088 archangelis,
992 5016 1066 5073 iet
1088 5017 1335 5088 angelis,
1356 5016 1595 5090 perinde
1616 5019 1866 5071 constat.

208 5099 418 5153 Restat
450 5094 631 5164 igitur
662 5093 733 5147 de
763 5091 950 5147 tribus
1009 5095 1235 5164 tantum
1269 5089 1568 5164 ordinibus
1633 5092 1869 5164 contro-

205 5170 425 5231 versia,
458 5160 568 5221 hoc
600 5170 711 5231 est,
742 5165 813 5218 de
844 5163 1181 5229 virtutibus,
1207 5162 1597 5233 potestatibus
1628 5165 1685 5215 et
1716 5160 1871 5229 prin-

207 5241 531 5312 cipatibus,
567 5238 760 5312 sintne
791 5236 846 5289 in
884 5234 1027 5312 emlo
1057 5236 1165 5312 hoc
1209 5233 1432 5299 ordine,
1484 5234 1869 5312 quemadmo-

209 5304 359 5369 dum
393 5310 701 5380 Dionysius
731 5307 1058 5380 constituit,
1093 5308 1232 5373 sive,
1278 5324 1351 5361 an
1399 5304 1871 5380 supra_archanf

208 5386 380 5458 gelos
402 5376 654 5452 proximi
689 5380 808 5437 sint
841 5379 1233 5458 principatus,
1265 5383 1322 5434 et
1365 5394 1554 5458 supra
1592 5377 1705 5458 hos.
1752 5376 1873 5458 sint

209 5450 560 5529 potestates,
592 5458 648 5529 et
680 5468 861 5529 supra
917 5454 1236 5529 potestates
1266 5451 1574 5529 emineant
1606 5450 1870 5529 virtutes,

210 5521 434 5585 deinde
482 5521 935 5591 dominationes,
970 5523 1123 5577 sicut
1150 5522 1211 5576 in
1261 5522 1481 5577 caelesti
1518 5521 1868 5576 hierarchia.

209 5604 366 5657 Ecce
408 5600 589 5671 igitur
616 5598 785 5671 locus
830 5594 990 5651 Pauli
1033 5593 1436 5671 adﬂEphesios
1480 5610 1612 5671 cap.
1650 5611 1688 5671 I_,
1728 5594 1791 5646 19
1820 5601 1875 5647 et

209 5690 410 5744 seqq,
432 5666 538 5727 ubi
570 5670 671 5744 tali
706 5669 893 5744 utitur
912 5667 1339 5744 gradationeAde
1353 5666 1590 5744 Christo
1614 5666 1683 5719 ad
1709 5680 1876 5718 sum-

210 5737 378 5802 mam
410 5746 466 5799 in
502 5742 645 5798 coelo
676 5737 938 5812 gloriam,
956 5739 1179 5795 elevato
1214 5738 1339 5806 :Qui
1367 5737 1648 5794 credimus
1681 5752 1875 5793 secun-

290 5888 372 5963 (d)
402 5886 616 5961 Ephes.
646 5901 686 5955 1,
717 5881 809 5937 21.
841 5880 911 5954 (e)
943 5881 1080 5953 Cap.
1114 5898 1154 5953 Ι,
1188 5882 1274 5938 16.

548 6013 812 6073 Pereat.
859 6009 969 6070 Gs.
1014 6008 1116 6070 IV.

1962 3227 2168 3278 rantur
2186 3240 2205 3285 ;
2224 3227 2324 3279 sed
2340 3223 2504 3296 solus
2516 3240 2669 3279 unus
2683 3224 2840 3279 Deus
2855 3223 3188 3296 fabricator,
3212 3224 3312 3295 qui
3330 3229 3419 3281 est
3431 3240 3611 3296 super

1956 3311 2192 3350 omnem
2222 3294 2741 3367 principalitatem,
2789 3303 2842 3350 et
2874 3294 3357 3367 dominationem,
3398 3300 3456 3352 et
3495 3294 3610 3351 vir-

1955 3371 2166 3423 tutem.
2202 3391 2229 3417 ››

2028 3440 2172 3494 Ecce
2199 3438 2379 3511 igitur
2412 3453 2511 3511 eos
2543 3455 2689 3509 quos
2718 3437 2995 3511 vanitatis
3025 3437 3283 3511 Irenzsus
3315 3438 3530 3511 arguit,
3553 3440 3612 3494 et

1958 3510 2097 3565 dicit
2128 3509 2395 3575 delirare,
2430 3510 2711 3565 nimirum
2742 3510 3093 3565 Marcionem
3125 3510 3273 3566 duos
3295 3509 3610 3580 fingentem

1960 3581 2539 3649 deos;Valentinum
2574 3582 2818 3653 triginta
2865 3581 3324 3653 constituentem
3372 3582 3609 3637 Eonas.

1960 3658 2015 3709 et
2046 3653 2302 3725 reliquos
2323 3670 2527 3709 omnes
2546 3652 2868 3720 haereticos,
2894 3652 3057 3708 nulla
3079 3653 3166 3709 vel
3208 3654 3456 3711 minima
3485 3653 3613 3710 Dio-

1960 3726 2110 3797 nysii
2142 3736 2239 3781 aut
2273 3725 2732 3781 hierarchiarum
2764 3727 2892 3795 ejus
2944 3726 3093 3781 facta
3135 3726 3451 3797 mentione,
3497 3725 3613 3781 nisi

1963 3798 2375 3871 quodordines
2398 3797 2627 3871 aliquos
2648 3797 2992 3871 nominavit,
3018 3798 3076 3852 in
3098 3799 3315 3870 quibus
3336 3816 3437 3871 per
3451 3798 3614 3869 prin-

1963 3870 2318 3941 cipalitatem
2363 3870 2639 3942 intelligit
2691 3870 3075 3943 principatus,
3134 3888 3263 3943 non
3305 3870 3503 3926 tamen
3551 3873 3616 3925 ut

1963 3944 2306 4014 reprobans,
2328 3943 2427 3997 sed
2452 3947 2516 3997 ut
2538 3942 2791 3999 maxime
2823 3943 3154 4014 approbans
3180 3968 3194 4008 ;
3221 3942 3373 3997 sicut
3392 3943 3612 4014 ibidem

1963 4012 2140 4085 paulo
2193 4014 2464 4083 inferius,
2519 4031 2654 4070 eum
2701 4012 2913 4068 dicitz’
2944 4036 2964 4063 υ
3017 4012 3116 4067 Hic
3168 4014 3337 4085 Pater
3384 4012 3613 4069 Domini

1964 4084 2298 4142 nostriJesu
2322 4086 2534 4140 Christi
2562 4103 2661 4156 per
2681 4086 2933 4140 Verbum
2959 4101 3134 4156 suum
3162 4086 3177 4156 (
3203 4084 3407 4156 quiest
3424 4085 3609 4141 Filius

1965 4160 2116 4229 ejus)
2140 4164 2429 4214 reveletur
2445 4162 2503 4212 et
2520 4155 2931 4212 manifestatur
2952 4155 3236 4229 omnibus
3271 4156 3487 4228 quibus
3520 4172 3610 4212 re-

1963 4227 2226 4286 veletur:
2263 4234 2622 4300 cognoscunt
2662 4229 2813 4283 enirn
2846 4244 2983 4283 eum
3011 4227 3092 4295 hi,
3126 4227 3342 4300 quibus
3388 4230 3611 4300 revelae

1965 4305 2113 4357 verit
2134 4299 2598 4373 Filius.’Se_mper
2628 4305 2820 4355 autem
2846 4299 3204 4373 coexsistens
3238 4299 3411 4355 Filius
3453 4299 3611 4373 Patri

1967 4373 2107 4428 olim
2136 4378 2191 4427 et
2216 4375 2287 4428 ab
2320 4371 2751 4443 initio'semper
2772 4371 2988 4427 revelat
3010 4372 3236 4427 Patrem
3268 4377 3325 4428 et
3368 4372 3615 4443 angelis,

1970 4450 2027 4500 et
2049 4444 2437 4515 archangelis,
2461 4450 2515 4517 et
2532 4446 2941 4517 potestatibus,
2966 4443 3383 4517 etvirtutibus,
3409 4451 3465 4499 et
3486 4461 3615 4517 om-

1891 4548 1939 4613 D
1972 4517 2147 4613 nibus
2179 4516 2585 4613 vultrevelare
2606 4518 2785 4613 .DCIJIB.
2830 4516 3104 4613 »‘_1Lta_ibi.
3143 4516 3457 4613 Sed-"idem
3490 4516 3617 4613 ire:

1973 4604 2133 4643 naeus
2159 4589 2334 4659 priori
2359 4588 2547 4658 capite
2567 4590 2831 4659 ejusdem
2855 4589 3012 4655 libri,
3031 4588 3151 4643 sive
3174 4605 3225 4643 c.
3248 4589 3338 4654 74,
3380 4589 3620 4644 eosdem

1972 4661 2235 4715 refutans
2269 4659 2706 4716 Valentinianos
2748 4661 3008 4715 insinuat
3046 4660 3236 4716 varios
3278 4660 3623 4732 angelorum

1971 4732 2228 4798 ordines,
2258 4737 2315 4786 et
2342 4731 2494 4787 inter
2539 4732 2772 4788 ordines
2823 4732 3088 4803 singulos
3131 4731 3497 4800 discrimina,
3530 4731 3625 4787 his

1972 4803 2199 4859 verbis:
2232 4826 2259 4853 «
2296 4804 2597 4866 Praeterea,
2630 4805 2679 4859 si
2715 4821 2813 4874 per
2842 4803 3003 4873 ipsos
3027 4821 3094 4859 ea
3119 4822 3245 4873 quae
3267 4808 3408 4860 sunt
3448 4818 3627 4874 super

1975 4875 2149 4931 ccelos
2172 4876 2322 4930 facta
2341 4883 2497 4941 sunt,
2532 4877 2731 4931 dicant
2752 4876 2917 4931 nobis
2946 4893 3075 4947 quze
3107 4877 3184 4931 sit
3234 4874 3625 4930 invisibilium

1976 4953 2209 5015 natura,
2242 4953 2841 5003 enarrentnumerum
2868 4946 3231 5019 angelorum,
3265 4952 3321 5003 et
3358 4946 3624 5002 ordinem

1978 5020 2489 5091 archangelorum,
2534 5022 2939 5075 demonstrent
3016 5020 3365 5073 thronorum
3427 5034 3624 5091 sacra-

1976 5100 2191 5159 menta,
2214 5090 2272 5146 et
2297 5092 2541 5147 doceant
2564 5092 2931 5146 diversitates
2954 5091 3446 5159 dominationum,
3474 5090 3629 5162 prin-

1977 5165 2303 5235 cipatuum,
2369 5169 2937 5235 potestatum,atque
2987 5163 3291 5219 virtutum.
3343 5164 3455 5218 Sed
3504 5179 3621 5217 non

1978 5237 2196 5292 habent
2227 5237 2439 5292 dicere.
2492 5237 2616 5292 Non
2658 5252 2794 5307 ergo
2841 5251 2940 5307 per
2969 5251 3070 5291 eos
3095 5235 3244 5291 facta
3293 5238 3451 5290 sunt.
3486 5256 3514 5284 »
3547 5238 3626 5289 De

1979 5310 2086 5365 hoc
2114 5307 2280 5362 satis.

2052 5380 2218 5435 Aliud
2242 5384 2651 5445 argumentum
2680 5378 2918 5435 Sculteti
2942 5377 3190 5434 esthoc:
3214 5400 3241 5429 «
3262 5377 3631 5451 Augustinus

1978 5452 2036 5505 in
2072 5451 2406 5506 Enchiridio
2431 5455 2499 5506 ad
2528 5452 2907 5506 Laurentium
2938 5467 3065 5521 cap.
3116 5451 3205 5515 58,
3262 5452 3536 5516 affirmat,
3571 5466 3633 5505 se

1978 5525 2206 5579 nescire
2229 5525 2465 5578 ordines
2511 5524 2852 5595 angelorum
2873 5528 2930 5579 et
2948 5539 3163 5595 eorum,
3189 5522 3572 5578 differentias.
3605 5542 3635 5595 ξι

1979 5597 2126 5660 Quid
2159 5595 2330 5651 tum?
2364 5613 2435 5650 an
2470 5597 2671 5650 omnia
2708 5594 2877 5650 scivit
2919 5594 3338 5665 Augustinus?
3364 5613 3433 5650 an
3472 5594 3627 5664 quod

1979 5668 2077 5722 ille
2110 5668 2372 5735 nescivit,
2407 5667 2602 5722 nullus
2643 5667 2855 5722 scivit?
2889 5666 3085 5738 Magni
3119 5667 3229 5721 fuit
3272 5665 3516 5737 ingenii,
3549 5665 3634 5738 fa-

1977 5743 2123 5809 teor,
2170 5740 2404 5811 rarique
2447 5739 2679 5811 judicii,
2720 5740 2839 5795 imo
2888 5743 2947 5795 et
2978 5736 3109 5811 ejus
3153 5736 3382 5810 quoque
3408 5736 3636 5793 sancti-

3244 6010 3318 6069 99
