4084 6370
519 316 625 369 907

498 445 677 512 vatis,
709 447 774 499 ut
797 443 981 499 multa
1002 458 1236 499 ceorum
1261 458 1389 513 quae
1412 442 1683 509 nesciret,
1707 440 1791 496 illi
1821 437 2169 513 crediderim
2200 444 2255 509 Α

516 510 783 573 revelata.
835 517 945 572 Sed
995 533 1067 571 an
1118 510 1407 572 Deus—unt
1456 514 1656 569 omnia
1688 515 1714 568 ‘2
1758 512 2012 584 Nunquid
2054 510 2158 565 alii

500 589 720 663 quidem
746 605 846 659 per
877 588 1151 663 Spiritum
1171 589 1336 643 datur
1366 602 1542 663 sermo
1564 587 1894 663 δαρίιξηῑίίιτ,⁵
1914 585 2017 663 ιιρἱ
2049 599 2160 637 au—

504 655 610 718 tem
665 655 847 717 sermo
913 655 1161 716 Iscz'entz’az
1208 659 1504 715 secundum
1564 655 1813 713 eumdem
1860 655 2157 727 Spiritum,

502 733 665 790 alteri
712 732 845 803 ﬁdes
893 734 952 787 in
1001 732 1187 787 eodem
1235 732 1448 803 Spiritu
1490 734 1675 803 ?retc.
1746 730 1825 784 An
1858 745 1976 803 non
2022 744 2162 803 nnus

504 810 670 878 atque
686 798 832 878 idem
850 798 1320 878 Spiritusrdiuidit
1335 802 1574 878 singulis
1590 805 1753 878 protlt
1768 798 1971 878 nultlf)
2002 799 2161 878 Quin

506 871 643 949 ergo
667 871 906 945 mirum,
931 876 981 930 si
1010 875 1235 949 dederit
1262 874 1532 945 Dionysio
1559 871 1729 949 Pauli
1765 871 2075 949 discipulo,
2109 875 2165 924 et

504 945 652 1005 fonti
685 964 967 1021 aquarum
1000 947 1317 1021 viventium
1360 951 1479 1001 tam
1521 945 1745 1021 vicino,_
1773 946 1927 1021 quod
1961 946 2164 1021 fingu-

504 1022 659 1077 stino
690 1013 896 1075 multis
926 1024 1057 1091 post
1085 1018 1313 1074 saeculis
1331 1021 1526 1072 exorto
1564 1034 1678 1072 non
1716 1013 1977 1091 dederit?
2018 1013 2165 1091 Quin

505 1098 562 1173 et
581 1093 690 1147 hoc
718 1093 846 1173 ipso
873 1088 1019 1159 loco,
1046 1093 1143 1173 qui
1176 1092 1392 1173 citatus
1423 1093 1530 1173 est,
1565 1089 1912 1173 ostendi-t‘se
1944 1088 2169 1173 nescire

502 1160 894 1236 Augustinus,
928 1180 1000 1219 an
1033 1160 1118 1217 sol
1152 1166 1208 1236 et
1224 1161 1377 1236 luna
1408 1166 1464 1215 et
1491 1166 1704 1236 cuncta
1736 1161 1949 1236 _sidera
1984 1160 2167 1236 vitam

502 1232 627 1292 non
654 1237 905 1291 habeant
948 1232 1337 1290 beatitudinis
1392 1239 1449 1287 et
1487 1232 1781 1288 societatis
1833 1235 2169 1287 sanctorum

502 1306 1152 1379 capacem,etignorare
1174 1305 1435 1377 insuper,
1465 1321 1538 1359 an
1569 1304 1768 1376 plures
1792 1305 1912 1358 sint
1942 1302 1998 1357 in
2032 1301 2171 1357 coelo

502 1378 846 1452 angelorum
868 1378 1101 1433 ordines
1118 1394 1294 1449 quam
1316 1380 1590 1452 quatuor,
1607 1393 1741 1431 cum
1760 1380 1959 1452 tamen
1996 1390 2172 1452 snpra

502 1462 531 1508 'e
562 1447 884 1522 Scripturis
907 1452 1091 1505 sacris
1115 1447 1347 1505 ostensi
1370 1448 1488 1522 sint
1506 1464 1733 1503 novem.
1760 1448 1825 1522 Et
1846 1447 1984 1519 quia
2016 1448 2173 1522 forte

501 1524 625 1579 haec
667 1516 973 1578 audientes
1006 1522 1340 1577 desiderent
1375 1521 1505 1593 ipsa
1551 1516 1881 1593 Augustini
1910 1521 2084 1593 verba
2114 1516 2173 1571 in

504 1595 696 1651 medio
729 1594 864 1667 poni
896 1594 1053 1665 (nam
1085 1610 1225 1667 sane
1254 1591 1414 1667 mira
1461 1596 1619 1667 sunt,
1653 1596 1710 1647 et
1761 1592 1831 1646 de
1882 1591 2175 1667 sideribus

505 1668 622 1724 alia
644 1663 814 1722 nobis
837 1663 994 1721 nunc
1016 1671 1171 1721 certa
1194 1665 1340 1721 ﬁdes
1372 1665 1483 1735 est)
1506 1664 1607 1719 illa
1630 1679 1863 1735 ponam.
1898 1663 1992 1717 Sic
2040 1678 2175 1731 ergo

506 1739 659 1797 559
693 1739 866 1794 habet
896 1739 956 1793 in
988 1736 1323 1793 Enchiridio
1372 1738 1444 1791 ad
1475 1737 1855 1791 Laurentium
1899 1752 2023 1805 cap.
2083 1735 2172 1788 58:

1337 315 1433 370 DE
1473 314 1533 366 S.
1574 312 1899 366 DIONYSII
1939 309 2422 364 AREOPAGITE
2467 306 2638 360 VlTA
2675 308 2768 360 ET
2806 306 3129 361 SCRIPTIS

3846 314 3946 369 908

2285 435 2800 507 adrudiumatque
2840 435 3214 492 inﬁrmorum
3237 436 3696 496 instructionem
3720 446 3779 497 et
3817 459 3949 499 con.

2285 508 2676 564 ﬁrmationem
2701 525 2816 587 non
2836 525 3041 587 panum
3066 508 3283 587 habeat
3307 510 3533 587 roboris
3551 530 3619 587 ac
3650 515 3950 587 ponderis)

2268 581 2460 637 locum
2484 580 2890 652 peregregiam
2912 581 2968 636 S.
3004 582 3155 636 Petri
3206 581 3615 641 Cluniacensis
3650 580 3947 644 adversus

2270 654 2752 730 Petrobrusiancs
2783 652 3104 730 ἱππ-011000,
3139 654 3293 730 idem
3355 656 3538 730 olim,
3570 660 3728 730 quod
3798 677 3949 715 nunc

2270 726 2584 802 Scultetus,
2611 725 2927 802 delirantes
2942 724 3132 781 valide
3152 726 3457 802 intortum,
3483 724 3951 802 hic'lubetipsis-

2273 803 2393 852 met
2421 799 2550 867 ejus
2582 796 2773 852 verbis
2804 803 3222 869 reprasentare
3244 800 3319 869 (is
3350 805 3547 855 autem
3594 808 3735 857 ante
3784 796 3945 858 Scul-

2272 874 2459 925 tetum
2493 869 2833 940 quingentis
2863 870 3036 925 annis
3069 871 3253 939 vixit).
3287 894 3313 920 «
3343 872 3493 937 Quid
3514 874 3715 929 enim?
3750 875 3836 929 ait
3868 877 3949 930 vir

2276 942 2668 1017 illesanntus,
2702 941 2970 1017 n_unquid
3019 957 3122 1013 per
3158 943 3363 1017 viginti
3391 945 3681 1017 quinque
3741 964 3949 1017 annos,

2277 1012 2502 1091 quibus
2524 1014 2716 1091 Rcmae
2730 1012 2937 1091 Petrus
2958 1012 3259 1091 apiostpluis
3278 1012 3451 1085 sedit,
3480 1012 3703 1091 absque
3740 1012 3950 1091 templo

2278 1086 2364 1141 vel
2389 1085 2654 1163 ecclesia,
2688 1086 2757 1163 id_
2780 1092 2875 1163 est
2898 1087 3179 1163 orationis
3211 1087 3406 1154 domo,
3459 1089 3546 1143 vel
3597 1085 3781 1163 parvo
3835 1085 3949 1146 sal-

2277 1163 2395 1213 tem
2431 1157 2679 1213 oratorio
2726 1157 2879 1231 fuit?
2911 1162 3137 1226 Nonne,
3171 1164 3237 1214 ut
3286 1157 3615 1231 gestorum'
3648 1163 3948 1219 veracium

2281 1230 2463 1285 series
2495 1233 2692 1302 narrat
2718 1228 2789 1299 (si
2842 1234 3035 1285 tamen
3082 1228 3316 1302 prastef
3341 1231 3606 1288 divinum
3658 1251 3948 1291 canonem

2282 1302 2463 1374 gestis
2495 1300 2794 1372 aliquibus
2817 1300 3126 1379 nssensuni
3160 1303 3336 1379 datis)
3365 1306 3593 1379 primus
3626 1306 3756 1378 ipse
3794 1308 3951 1379 prin-

2282 1390 2419 1451 ceps
2452 1380 2806 1451 apostorum
2827 1374 3033 1451 Petrus
3081 1374 3139 1429 in
3174 1374 3323 1431 urbe
3338 1374 3497 1451 orbis
3545 1374 3755 1451 cap—ite
3787 1374 3939 1435 tem-

2283 1444 2707 1523 plumChristo
2730 1445 2880 1523 inter
2904 1448 3212 1523 innumera
3235 1448 3543 1519 gentilium
3576 1444 3803 1523 templa
3826 1468 3953 1506 con-

2284 1518 2517 1595 stringit,
2546 1523 2601 1572 et
2623 1518 2797 1587 juxta
2828 1518 2983 1589 quod
3016 1520 3224 1595 beatus
3252 1518 3315 1574 et
3348 1536 3600 1595 magnus
3647 1518 3801 1595 papa
3843 1524 3949 1579 Leo

2284 1589 2467 1664 nobili
2490 1606 2763 1664 sermone
2794 1591 3137 1664 pronuntiat
3168 1589 3683 1663 tropazum'cruci's
3707 1589 3946 1664 Christi,

2286 1661 2566 1738 Romanis
2597 1661 2833 1738 arcibus
2864 1661 3346 1738 invexit?Non_ne
3377 1670 3433 1738 et
3462 1682 3569 1721 nos
3604 1668 3719 1738 ipsi
3754 1661 3947 1722 Romae

2287 1733 2462 1811 positi
2488 1734 2831 1811 frequenter
2857 1735 3119 1811 vidimus
3150 1735 3211 1790 in
3242 1737 3460 1808 cryptis
3508 1733 3945 1811 antiquissimis

508 1835 536 1862 ‹‹
557 1810 705 1889 Quid
722 1811 874 1867 inter
892 1827 955 1889 se
978 1811 1198 1866 distent
1228 1813 1484 1889 quatuor
1514 1807 1613 1862 illa
1636 1805 2178 1889 .vocahula,qni_bus
2210 1825 2256 1889 B
2287 1805 2541 1889 eratoria
2571 1805 2882 1889 et-altaria,
2917 1807 3114 1889 qualia
3133 1824 3199 1863 eo
3220 1805 3481 1889 tempore
3499 1809 3623 1889 ﬁeri
3647 1805 3948 1889 poterant,

508 1884 844 1939 universam
902 1883 1093 1955 ipsam
1167 1879 1458 1955 cmlestem
1500 1879 1867 1955 _societater_n
1922 1879 2172 1955 videtur,

507 1955 828 2028 Apostolus
895 1950 1022 2028 esse
1072 1953 1440 2028 complexus,
1484 1951 1729 2028 dicende
1759 1969 1770 2007 :
1806 1951 1935 2028 Sive
1983 1950 2172 2028 sedes,

504 2024 626 2084 sive
649 2027 1100 2092 dominationes,
1122 2027 1241 2080 sive
1260 2024 1642 2096 principatus,
1675 2024 1794 2079 sive
1834 2026 2175 2096 potestates,

506 2100 707 2155 dicant
724 2098 825 2170 qui
858 2103 1124 2170 possunt,
1151 2097 1197 2151 si
1222 2094 1419 2170 tamen
1450 2094 1696 2166 possunt
1734 2097 1978 2170 probans
2018 2094 2173 2170 quod

505 2165 759 2238 dicunt}
794 2165 895 2239 ego
956 2186 1047 2224 me
1097 2169 1211 2223 ista
1276 2165 1542 2240 ignorare
1592 2165 1889 2223 confiteor.
1925 2165 2035 2220 Sed
2073 2181 2175 2221 nec

505 2242 652 2297 illud
686 2242 925 2312 quidem
958 2245 1181 2297 certum
1204 2240 1637 2312 habeo,lutrum
1675 2240 1745 2295 ad
1777 2244 2042 2312 eamdem
2078 2254 2173 2293 so-

508 2310 781 2370 cietatem
824 2312 1285 2384 pertineantlsol
1318 2316 1373 2366 et
1421 2310 1561 2366 luna
1610 2323 1661 2365 et
1712 2316 1921 2365 cuncta
1960 2310 2172 2380 sidera,

509 2386 777 2459 quamvis
816 2383 1120 2459 nonnullis
1170 2383 1657 2459 lucidacorpora
1697 2399 2007 2459 esse,rnon_
2039 2398 2173 2436 cum

509 2454 686 2515 sensu
744 2457 832 2514 vel
902 2457 1292 2529 intelligentia
1348 2455 1675 2511 videantur.
1748 2478 1776 2505 »
1837 2458 1921 2510 Ita
1977 2454 2174 2525 Augu-

514 2531 728 2587 stinus.

583 2600 1091 2665 Quemadmodum
1108 2614 1243 2670 ergo
1264 2614 1374 2653 non
1394 2601 1698 2669 propterea
1717 2598 1870 2670 quod
1892 2596 2043 2652 dicat
2058 2600 2174 2651 Au-

511 2674 786 2746 gustinus
816 2689 878 2728 se
910 2676 1132 2746 certum
1157 2688 1270 2746 non
1289 2670 1534 2746 habere,
1553 2687 1632 2746 an
1666 2670 1859 2746 sidera
1897 2670 2089 2746 vivant
2120 2674 2175 2746 et

510 2740 841 2817 intelligant
870 2748 927 2799 et
956 2742 1335 2817 beatitudinis
1366 2742 1605 2817 capacin
1648 2742 1786 2810 sint,
1828 2740 2175 2817 reprehendi

512 2811 809 2890 quispiam
828 2815 1093 2890 potest,s_i
1112 2817 1312 2870 doceat
1323 2831 1392 2890 ea
1407 2811 1510 2868 nec
1538 2813 1860 2890 vivere,nec
1883 2811 2176 2890 intellige-

509 2885 593 2956 re,
609 2885 712 2945 nec
726 2885 1109 2944 beatitudini:
1140 2887 1537 2957 capaciaesse:
1566 2885 1649 2939 sic
1665 2889 2178 2957 nequeprOpterea

509 2955 667 3033 quod
700 2962 771 3016 de
802 2955 1494 3033 angelicorum—nrdinum
1517 2955 2030 3033 numerodubitet,
2072 2956 2175 3033 im-

509 3029 830 3105 prudenter
846 3029 1035 3105 facere
1050 3030 1278 3085 dicendi
1296 3029 1558 3105 sunt,qui
1574 3044 1773 3105 eorum
1795 3044 2100 3105 numerum
2117 3032 2174 3083 et

510 3101 949 3160 distinctionem
966 3103 1202 3168 docent;
1228 3101 1415 3156 multo
1444 3102 1639 3155 minus
1674 3101 2001 3172 autem,qui
2050 3104 2170 3155 tam

510 3177 615 3231 diu
640 3180 776 3231 ante
809 3174 1207 3247 Augustinum
1261 3174 1607 3247 docuerunt,
1661 3177 1719 3247 et
1740 3172 1827 3247 vel
1858 3190 1926 3227 ex
1975 3172 2170 3227 divina

508 3244 1000 3311 revelationeﬂel
1045 3263 1113 3301 ex
1151 3244 1551 3316 apostolorum
1602 3244 1887 3316 relatione
1930 3260 2165 3315 accepe-

507 3326 667 3377 runt.
700 3320 767 3374 Et
797 3319 845 3374 si
877 3315 1256 3374 temerarium
1288 3321 1443 3372 esset
1472 3318 1543 3371 de
1581 3315 1801 3371 caelesti
1840 3316 2169 3372 bierarchia

506 3397 565 3448 et
589 3391 933 3464 angelorum
975 3390 1281 3464 ordinibus
1312 3388 1529 3443 librum
1564 3405 1747 3464 unum
1780 3389 2166 3464 conscribere,

508 3470 575 3520 ut
598 3460 874 3521 de'rebus
908 3461 1257 3526 reconditis;
1291 3465 1510 3533 quanto
1554 3462 1741 3531 magis
1763 3532 1769 3533 γ
1794 3460 2166 3516 temerarium

509 3544 663 3593 esset
690 3537 759 3591 de
785 3536 911 3608 ipso
939 3533 1321 3608 sanctissimas
1344 3532 1886 3608 etabstrusissima)
1920 3533 2169 3608 Trinita-

508 3609 584 3665 tis
617 3604 1012 3680 mysteriolvel
1038 3606 1346 3680 duodecim
1378 3605 1559 3680 libras
1599 3621 1983 3680 componere,_
2010 3604 2164 3680 quod

508 3685 568 3735 S.
601 3676 856 3735 Hilarius
906 3678 1075 3742 fecit;
1112 3678 1291 3732 etiam
1343 3676 1700 3748 quindecim,
1752 3678 1906 3747 quod
1953 3678 2006 3730 S.
2060 3679 2166 3730 Au-

552 3752 785 3807 ustiuus
806 3752 833 3806 ?
858 3750 1026 3804 Addit
1054 3750 1369 3813 Scultetus,
1422 3748 1795 3803 Franciscum
1854 3748 2163 3803 Patricium

509 3768 1369 3877 gusuuusranuuacuitetus,
1422 3768 1795 3803 εει-00010000]
1856 3768 2163 3803 Patricium

533 3825 655 3879 1b.1
686 3840 804 3878 suae
848 3820 1191 3875 Panarchias
1238 3820 1576 3874 dubitanter
1624 3821 1910 3874 volentem
1965 3820 2166 3875 nolen-

508 3901 627 3951 tem
661 3895 731 3949 de
762 3898 997 3949 auctore
1022 3891 1483 3947 hierarchiarum
1531 3892 1978 3962 pronuntiasse:
2024 3892 2164 3960 quid

508 3973 707 4023 autem
730 3964 1213 4038 pronuntiaverit,
1240 3981 1354 4018 non
1378 3962 1625 4035 explicat
1653 3982 1664 4031 ;
1687 3964 1786 4038 sed
1813 3966 1954 4018 satis
1998 3964 2165 4038 intel-

504 4035 748 4112 ligitur;
782 4055 915 4112 eum
959 4038 1294 4112 secundum
1358 4053 1462 4091 nos
1513 4036 1943 4112 pronuntiasse.
2006 4035 2167 4112 [inde

508 4107 767 4184 quantus
812 4110 1070 4184 hominis
1118 4112 1341 4184 stupor,
1385 4125 1450 4184 ea
1498 4109 1754 4184 proferre
1802 4109 1855 4161 in
1907 4107 2164 4161 medium

506 4179 631 4256 quae
651 4186 936 4256 contrase
958 4182 1194 4236 faciant.
1224 4181 1375 4256 Natn
1412 4179 1546 4256 licet
1582 4180 1939 4247 dubitanter,
1968 4183 2163 4234 tamen

507 4251 711 4313 contra
742 4254 1069 4311 Scultetum
1102 4251 1516 4324 pronuntiavit.

574 4330 745 4383 Sexta
778 4327 923 4383 ratio
968 4322 1210 4380 Sculteti
1241 4329 1329 4380 est
1376 4324 1515 4378 haec:
1578 4323 1635 4377 In
1690 4322 1838 4377 libro
1894 4326 1973 4376 De
1993 4323 2164 4377 eccle-

502 4402 733 4456 uauica
764 4397 1085 4455 hierarrhia
1116 4396 1301 4451 multa
1332 4395 1534 4450 scribit
1565 4396 1636 4448 de
1668 4393 1925 4465 templis,
1979 4395 2051 4448 de
2082 4393 2163 4448 01-

501 4473 753 4537 taribus,
786 4472 857 4527 dc
887 4469 1031 4526 locis
1054 4468 1258 4533 sacris,
1296 4468 1365 4521 de
1392 4467 1589 4531 choro,
1620 4467 1688 4519 de
1712 4483 1952 4520 consecr
1974 4466 2165 4521 atione

505 4542 1042 4607 monachorum,de
1063 4546 1305 4595 tonsura
1351 4543 1407 4592 et
1450 4538 1671 4593 ratione
1720 4537 2001 4608 capitum;
2029 4555 2163 4594 cum

502 4632 703 4672 revera
726 4615 871 4668 nihil
894 4586 1102 4667 horum
1129 4610 1683 4680 fuerittcmporibus
1716 4586 2163 4679 DiSnysiiitreo-
2196 4586 2242 4650 D

546 4687 751 4761 agitas:
787 4686 843 4740 id
874 4685 1029 4761 quod
1062 4685 1549 4761 demonstratum
1584 4682 1859 4761 historice
1909 4682 2162 4761 repereie

529 4754 718 4817 ectore
738 4758 889 4829 apud
911 4755 1279 4829 Rodolphum
1295 4754 1735 4829 _I]ospinian_um_
1767 4754 2112 4829 Tigurinum
2134 4776 2160 4802 »

510 4834 599 4889 lta
632 4830 731 4885 ille
762 4825 869 4886 suo
898 4845 1076 4896 more,
1114 4827 1256 4880 nihil
1292 4825 1349 4879 in
1405 4825 1738 4898 particulari
1798 4826 2071 4897 probans,
2107 4830 2164 4881 et

519 4903 791 4975 nequiter
819 4903 887 4957 ad
921 4901 1066 4975 alios
1095 4900 1421 4975 remittens.

578 4969 793 5033 G'ontra
817 4973 1008 5029 simile
1032 4971 1362 5041 argumenti
1388 4986 1594 5041 genus,
1623 4969 1755 5024 talis
1781 4969 1889 5022 erit
1928 4970 2161 5040 proprie

522 5048 851 5103 etmaximc
901 5044 1279 5107 cnnveniens,
1313 5048 1377 5095 ut
1428 5042 1697 5110 equidem
1753 5042 2025 5107 arbitror,
2068 5060 2157 5095 ra-

509 5120 802 5191 sponsio:
856 5123 971 5172 lsta
1019 5116 1237 5191 nmnia,
1285 5131 1411 5184 quae
1464 5114 1761 5191 Scultetus
1808 5130 1838 5167 e
1884 5113 2157 5191 Dionysio

500 5185 769 5261 protulit,
801 5206 997 5245 revera
1032 5189 1265 5261 fuerunt
1298 5186 1660 5255 temporibus
1691 5185 1943 5261 Dionysii
1977 5187 2155 5261 Areo-

547 5266 715 5333 agitas
767 5262 861 5315 :id
911 5260 1060 5329 quod
1112 5261 1601 5333 demonstratum,
1630 5258 1880 5311 veridice
1913 5258 2159 5333 reperiet

547 5282 715 5333 agnae
767 5282 861 5315 :10
911 5282 1060 5329 quoa
1112 5282 1580 5314 uctutlttStrdtutu
1633 5282 1880 5311 V'Ul‘lUlUU
1915 5282 2154 5327 reperit-1.

504 5282 661 5391 recto
722 5335 877 5406 apud
910 5334 1193 5406 Cat-sarem
1224 5330 1881 5406 Baroni_um_Soranum,
1914 5334 1969 5383 et
2001 5330 2154 5401 apud

510 5402 829 5463 Robertu'm
864 5404 1284 5460 Bellarminum
1316 5402 1661 5457 cardinales.

577 5482 653 5535 De
694 5482 800 5535 hac
851 5479 1165 5543 solutione,
1221 5480 1311 5531 sat
1351 5475 1492 5541 scio,
1538 5492 1650 5529 non
1704 5476 2097 5543 conqueretur
2134 5491 2153 5527 :

504 5570 640 5609 cum
676 5570 779 5625 pro
814 5568 929 5606 uno
961 5565 1238 5625 reponam
1271 5549 1437 5625 duos,
1481 5545 1799 5625 etquidem
1838 5546 2153 5625 tales_con-

502 5633 595 5682 tra
627 5617 826 5691 talem,
861 5628 917 5678 01
948 5617 1152 5678 eodem
1201 5638 1315 5692 quo
1347 5620 1472 5691 ipse
1502 5624 1633 5674 utar
1684 5617 2013 5692 argumenti
2054 5633 2153 5692 ge-

502 5715 659 5755 nere.
696 5704 773 5754 De
796 5689 1031 5766 templis
1054 5689 1248 5749 tamen
1275 5697 1333 5766 et
1365 5689 1673 5766 altaribus,
1706 5696 1763 5745 et
1791 5690 1932 5745 locis
1963 5689 2150 5766 sacris

502 5773 643 5845 (non
660 5770 815 5846 quod
831 5762 979 5841 opus
994 5768 1070 5823 sit
1088 5768 1156 5822 ad
1174 5764 1412 5821 Sculteti
1435 5762 1863 5835 refutationem,
1879 5762 1980 5818 sed
1994 5762 2149 5833 quod

578 5922 595 5956 ί
649 5919 673 5974 Ι
703 5921 831 5974 Cor.
865 5928 965 5971 xu.
998 5912 1149 5967 8-11.

2290 1894 2417 1959 qua:
2449 1878 2521 1959 ab
2552 1878 2755 1935 eodem
2786 1878 3050 1959 apnstolo
3093 1878 3435 1959 constructa
3480 1888 3537 1959 et
3578 1878 3945 1959 sanctificata

2288 1951 2459 2020 (sicut
2496 1966 2596 2021 per
2626 1951 3064 2008 successionem
3087 1952 3244 2007 fama
3274 1954 3649 2010 consentiens
3684 1972 3753 2010 00
3798 1955 3941 2010 cele-

2289 2022 2543 2094 berrima
2600 2026 2975 2094 protestetur)
3035 2023 3093 2078 in
3125 2030 3578 2081 monumentum
3611 2026 3943 2082 sanctitatis

2286 2093 2557 2149 fidelibus
2590 2093 3001 2162 ostenduntur,
3036 2096 3183 2151 etab
3214 2096 3434 2153 eisdem
3487 2098 3766 2154 ﬁdelibus
3809 2099 3939 2153 dul-

2286 2166 2523 2243 cissime
2546 2166 2998 2243 acdevotissime
3016 2169 3763 2243 deosculantur?Nunquid
3786 2170 3934 2242 apud

2284 2237 2573 2313 Arelatem
2603 2240 2802 2309 (quam
2828 2239 3109 2313 necdum
3131 2256 3247 2313 per,
3297 2242 3391 2296 Dei
3449 2237 3703 2313 gratiam
3750 2237 3935 2298 vester

2287 2310 2560 2386 sprdid‘us
2618 2327 2779 2386 error
2826 2309 3050 2386 infecit)
3088 2309 3251 2367 Pauli
3303 2309 3551 2384 apostoli
3608 2314 3935 2386 discipulus

2286 2381 2639 2457 Trophimus
2656 2381 3215 2457 (decujusfontemt
3233 2381 3383 2457 papa
3400 2387 3667 2443 Zosimus
3712 2381 3933 2451 sc'ribit,

2286 2470 2489 2509 omnes
2522 2453 2717 2531 Gallias
2749 2454 2879 2531 fidei
2916 2454 3133 2531 rivulns
3183 2453 3553 2531 acceperunt)
3603 2475 3842 2531 semper
3874 2459 3929 2531 in

2285 2542 2490 2602 nampo
2525 2525 2718 2602 autin
2766 2526 2889 2581 foro
2940 2528 3299 2602 praedicavit,
3321 2525 3674 2602 baptizavit,
3711 2525 3937 2585 oravit?

2288 2598 2596 2673 Nunquam
2622 2598 2863 2673 domum
2887 2598 3165 2673 orationis
3186 2598 3668 2673 velipse'habuit,
3686 2602 3778 2658 vel
3798 2602 3935 2658 alios

2285 2669 2498 2725 habere
2547 2669 2850 2724 instituit?
2910 2672 2975 2725 Et
3006 2673 3157 2726 unde
3203 2669 3531 2728 tot-sancti
3564 2691 3933 2732 successores

2283 2743 2411 2812 ejus
2432 2742 2541 2797 hoc
2560 2758 2913 2813 praesumere
2936 2743 3060 2798 ausi
3086 2749 3241 2809 sunt,
3266 2747 3421 2855 quod
3441 2745 3538 2801 ille
3562 2765 3678 2802 non
3711 2748 3927 2813 docuit,

2285 2830 2311 2855 π
2348 2830 2462 2855 mm
2497 2814 2626 2855 ΠΑρί
2660 2814 2875 2855 rivnlnq
2911 2821 3258 2855 nnnnnnrnnf
3333 2818 3436 2855 Rari
3483 2822 3544 2855 nl-
3595 2820 3665 2855 ria
3717 2820 3924 2855 “nimia

2284 2830 2317 2868 a
2348 2830 2462 2939 quo
2497 2814 2628 2869 fidei
2660 2814 2875 2869 rivulos
2911 2814 3305 2887 acceperunt?
3333 2818 3439 2873 Sed
3483 2822 3548 2872 ut
3595 2820 3666 2874 de
3717 2820 3925 2889 primis

2284 2886 2367 2939 Ga
2394 2885 2482 2939 liae
2506 2890 2718 2939 nostrae
2748 2886 3049 2939 apostolis.
3084 2905 3234 2939 auos
3250 2894 3438 2939 vestra
3462 2889 3649 2939 imnia
3671 2891 3924 2939 fatuitas-

2284 2885 2482 2961 Galliae
2506 2890 2718 2961 nostra?
2748 2885 3065 2961 apostolis,
3084 2905 3234 2958 quos
3250 2894 3438 2944 vestra
3462 2889 3649 2961 impia
3671 2885 3924 2955 fatuitas,

2284 2962 2339 3036 et
2356 2959 2515 3036 fatua
2534 2957 2808 3036 impietas
2827 2957 3115 3036 hactenus
3138 2961 3287 3015 scire
3312 2978 3425 3016 non
3450 2957 3685 3036 meruit,
3712 2963 3929 3036 aliquid

2284 3028 2516 3105 plenius
2547 3028 2735 3105 dicam
2770 3030 3101 3105 (sicutipsa
3131 3036 3404 3105 testatur,
3438 3033 3783 3105 antiquitas,
3810 3028 3867 3091 et
3899 3051 3929 3089 a

2284 3101 2504 3177 sanctis
2535 3101 2674 3157 viris
2697 3101 2865 3157 nobis
2896 3101 3105 3177 relictae
3138 3101 3671 3177 tradnnthistorize)
3691 3101 3809 3161 non
3834 3124 3926 3162 so-

2283 3172 2405 3255 inm
2441 3190 2569 3243 nos,
2603 3190 2805 3255 verum
2837 3175 3011 3229 etiam
3042 3191 3249 3230 omnes
3266 3172 3803 3255 Christianipopuli
3827 3196 3927 3250 pu-

2283 3245 2399 3318 silli
2425 3262 2557 3301 cum
2580 3245 2922 3316 majoribus,
2949 3263 3117 3302 senes
3136 3264 3269 3303 cum
3293 3245 3654 3318 junioribus,
3675 3245 3927 3306 vestram

2281 3317 2573 3392 insaniam
2606 3319 2938 3392 irridentes,
2973 3317 3308 3392 certissime
3335 3326 3558 3390 tenent,
3606 3317 3763 3392 quod
3820 3325 3926 3377 Ire-

2280 3407 2440 3476 naaus
2474 3390 2766 3476 Lngd'uni,
2788 3390 3336 3476 thscensyien'nze,
3360 3390 3926 3476 Ursinus—Biturigis,

2280 3462 2498 3517 Paulus
2518 3462 2819 3532 Narbona,
2844 3464 3196 3517 Saturninus
3221 3463 3464 3529 Tolosa,
3484 3462 3927 3521 Anstremonius

2279 3534 2573 3609 Arvennis.
2596 3532 2895 3609 Martialis
2926 3535 3268 3609 Lemovicis,
3291 3536 3646 3609 Burdegalaz,
3670 3543 3729 3609 et
3755 3539 3929 3592 Picta-

2279 3606 2401 3679 v_is;
2438 3607 2645 3660 Fronto
2693 3605 3041 3679 Petragoris,
3079 3608 3391 3679 EutrOpius
3420 3605 3738 3675 Xrintonis,
3790 3613 3926 3664 Gra-

2280 3677 2475 3731 tianus
2505 3677 2775 3743 Turonis,
2807 3677 3079 3733 Julianus
3099 3677 3513 3745 Cenomannis,
3542 3681 3781 3736 Parisiis
3804 3681 3928 3736 Dio-

2282 3750 2509 3820 nysius,
2545 3749 2794 3803 Senonis
2814 3750 3200 3806 Potentianus
3232 3758 3287 3806 et
3312 3752 3687 3819 Savinianus,
3742 3752 3921 3808 Bello-

2279 3822 2399 3875 vaci
2434 3822 2980 3897 Lucianus,‘{Edum
3021 3823 3387 3897 Andochius,
3432 3824 3715 3897 Lingonis
3763 3824 3925 3879 Benio

2278 3909 2432 3963 gnus
2464 3896 2547 3963 (et
2576 3893 2708 3963 quis
2732 3894 2886 3950 560
2918 3910 3121 3966 omnes
3153 3893 3616 3966 gloriosissimos
3650 3896 3785 3950 fidei
3831 3913 3923 3950 no-

2280 3970 2411 4019 stra:
2444 3969 2639 4039 patres
2672 3970 2739 4039 et
2761 3965 3054 4036 apostolos
3086 3965 3433 4022 enumerare.
3467 3969 3729 4023 sufficiat
3748 3970 3811 4039 Ρ),
3836 3968 3922 4022 isti

2278 4042 2455 4104 certe,
2484 4037 2607 4103 isti,
2644 4036 2983 4108 ubicunque
3014 4055 3225 4093 nomen
3261 4040 3486 4094 Domini
3538 4036 3921 4095 annuntiave-

2276 4114 2435 4177 runt,
2465 4108 2664 4163 statim
2696 4108 2987 4164 idolorum
3019 4110 3280 4181 delubra,
3305 4116 3477 4182 prout
3501 4112 3588 4166 fas
3614 4113 3748 4175 fuit,
3771 4128 3920 4167 ever-

2276 4184 2485 4253 tentes,
2530 4185 2637 4253 aut
2682 4198 2860 4253 novas
2890 4181 3165 4238 ecclesias
3222 4181 3636 4251 fundaverunt,
3664 4188 3765 4239 aut
3802 4183 3921 4253 ipsa

2272 4251 2493 4323 templa
2524 4252 2583 4306 in
2614 4252 2891 4309 ecclesias
2932 4259 3375 4310 converterunt:
3413 4255 3557 4311 adeo
3605 4260 3673 4310 ut
3721 4251 3916 4310 hodie—

2275 4340 2387 4396 que
2416 4324 2474 4398 in
2510 4323 2803 4398 plerisque
2826 4325 2968 4379 locis
3000 4326 3177 4398 (sicut
3201 4326 3311 4398 ipsi
3346 4328 3562 4383 nostris
3600 4326 3789 4382 oculis
3833 4328 3923 4380 in-

2274 4396 2595 4466 speximds)
2627 4397 2885 4452 ecclesiae
2913 4396 3014 4451 vel
3036 4396 3291 4454 basilica:
3325 4400 3396 4453 ab
3427 4400 3513 4455 eis
3543 4404 3917 4465 constructzs,

2276 4468 2483 4523 altaria
2512 4469 2787 4524 munibus
2835 4485 3037 4524 eorum
3084 4471 3327 4526 fundata
3357 4474 3413 4525 et
3462 4477 3825 4533 consecrata,
3867 4472 3920 4523 in

2278 4540 2561 4623 rnemoria
2583 4540 3042 4623 antiquitatis‘et
3072 4543 3404 4623 sanctitatis
3429 4559 3660 4609 eorum,
3696 4560 3729 4598 a
3776 4543 3917 4623 tide-

2276 4612 2689 4686 libuspopnlis
2723 4612 3017 4686 reservata
3046 4618 3490 4683 monstrentur;
3523 4631 3825 4686 quamque
3846 4614 3921 4668 ri—

2272 4684 2444 4759 dendi
2477 4689 2535 4759 et
2566 4685 2889 4759 detestandi
2929 4685 3056 4740 sitis
3088 4687 3364 4741 omnibus
3396 4684 3759 4753 hominibus,
3784 4703 3918 4759 qua-

2272 4757 2402 4810 dam
2438 4756 2561 4810 viva
2618 4773 2753 4811 voce
2814 4757 3139 4828 loquantur.
3180 4760 3243 4813 Et
3290 4764 3355 4812 ut
3402 4760 3473 4813 ad
3533 4756 3831 4814 Orientem
3868 4761 3919 4811 et

2273 4832 2512 4902 caeteras
2556 4828 2762 4883 mundi
2795 4835 2990 4902 partes
3017 4831 3334 4902 transitum
3367 4830 3600 4896 faciam,
3636 4834 3773 4902 quis
3795 4829 3913 4902 lily:

2272 4899 2481 4973 ricam,
2505 4899 2806 4973 Graeciam,
2829 4901 3151 4973 Scythiam,
3175 4902 3287 4956 nisi
3314 4902 3527 4957 Paulus
3550 4911 3607 4959 et
3630 4899 3916 4957 Andreas?

2272 4971 2417 5045 Quis
2443 4972 2589 5026 Asize
2622 4971 3151 5043 maximaspartes,
3189 4974 3301 5029 nisi
3332 4977 3590 5030 Joannes
3623 4980 3681 5029 et
3715 4974 3916 5045 Philip-

2271 5044 2601 5127 pns‘nQuis
2635 5045 2859 5127 Persica
2892 5062 3236 5127 rngnarum
3271 5047 3574 5127 -proximis
3626 5044 3908 5127 gentibus,

2271 5116 2381 5169 nisi
2410 5118 2611 5191 Simon
2646 5121 2702 5171 et
2731 5117 2963 5171 Judas?
2995 5118 3138 5191 Quis
3188 5116 3416 5191 Indicas
3470 5116 3667 5191 partes
3701 5124 3757 5173 et
3787 5116 3908 5191 solis

2270 5188 2422 5242 ortui
2454 5188 2762 5259 contiguas
2796 5194 3033 5249 terrras.
3069 5189 3182 5243 nisi
3212 5188 3483 5245 Thomas
3505 5196 3562 5245 et
3613 5190 3903 5245 Bartholo-

2270 5261 2499 5333 minus?
2547 5261 2686 5323 Quis
2751 5265 2927 5315 totam
2986 5262 3362 5333 .«Ethiopiam,
3423 5262 3536 5317 nisi
3598 5262 3899 5319 Matthazus.

2269 5332 2440 5402 primi
2474 5336 2529 5387 et
2560 5333 2865 5387 novissimi
2899 5333 3144 5403 apostoli
3186 5332 3413 5389 Christi
3447 5339 3690 5389 vetusta:
3724 5348 3901 5403 super-

2268 5404 2526 5477 stitionis
2550 5404 2769 5475 templa
2802 5406 3198 5471 destruentes,
3231 5422 3394 5460 nova
3419 5406 3622 5477 gratiae
3662 5403 3903 5477 ecclesiis

2267 5474 2730 5547 implicuerunt?
2762 5480 2844 5531 lta
2887 5478 3141 5532 universi
3174 5477 3391 5532 veteris
3424 5474 3496 5532 'et
3546 5496 3707 5534 nove
3756 5474 3902 5543 Legis

2265 5553 2533 5603 auctores
2553 5548 2815 5604 unanimi
2852 5550 3049 5604 studio
3077 5549 3243 5605 vobis
3278 5552 3708 5621 adversantur;
3741 5553 3902 5621 utnee

2265 5638 2425 5675 crsse
2459 5622 2623 5693 vobis
2659 5622 2755 5689 sit,
2789 5626 2890 5675 aut
2922 5621 3105 5676 tantis
3137 5621 3387 5676 testibus
3410 5620 3793 5693 acquiescere,
3816 5620 3904 5672 aut

2264 5694 2389 5747 sine
2421 5692 2668 5759 Christo,
2732 5693 3057 5764 prophetis,
3093 5698 3151 5747 et
3209 5692 3517 5764 apostolis,
3552 5693 3898 5749 Christianos

2262 5765 2551 5821 fallaciter
2581 5780 2947 5837 permanere.
2992 5788 3021 5814 ››
3070 5764 3371 5821 Hactenus
3423 5766 3515 5822 vir
3551 5770 3808 5833 sanctus,
3849 5764 3897 5815 et
