4084 6370
419 297 517 351 911

1244 293 1340 344 DE
1377 291 1435 343 Β.
1475 288 1788 344 DIONYSII
1828 286 2312 341 AREOPAGITE
2352 282 2523 338 VITA
2563 286 2657 338 ET
2694 286 3016 340 SCRIPTIS

3735 286 3840 342 912

424 422 601 479 ratim
635 398 1723 497 similibusutendoAvocibus,theologi
1750 415 1948 497 nostri,
1976 428 2073 497 pa:
2103 418 2159 484 Α
2188 410 2300 497 sic)
2327 411 2661 497 manifeste,
2698 412 2853 497 quod
2884 413 3054 467 docet
3089 411 3229 497 ‘oleo
3262 412 3571 495 defunctos
3602 413 3845 497 perfun-

424 502 532 552 tres
566 494 755 562 nostri,
789 496 898 545 etc.
934 490 1212 562 lntelligit
1260 494 1454 544 autem
1504 505 1606 559 per
1656 488 1958 562 theologos
1990 487 2078 562 (ut

430 570 491 623 in
525 566 713 638 ipsius
742 558 995 638 scriptis
1026 558 1219 617 videre
1251 568 1355 638 est)
1409 558 1613 616 omnes
1646 562 1747 638 qui
1782 561 1853 614 de
1884 558 2001 613 Deo
2032 561 2089 612 et

435 631 613 696 rebus
640 635 854 692 divinis
880 631 1272 705 scripserunt,
1288 634 1397 689 hoc
1430 638 1538 703 est,
1573 631 1914 705 prophetas,
1949 645 2090 705 apo-

442 713 643 777 stolos,
676 714 733 763 et
764 707 907 763 alios
929 702 1238 779 Scripturae
1256 702 1449 761 sacrae
1486 702 1750 760 auctores
1778 721 1790 771 ;
1818 702 1902 757 illi
1932 702 2089 779 enim

444 801 576 841 vere
607 774 1023 851 theologi,vere
1056 774 1323 905 magistri
1355 782 1412 833 et.
1436 781 1821 848 praeceptores
1856 774 2040 830 nostri
2075 789 2087 827 :

451 873 566 905 mm
599 855 769 905 modo
802 858 858 905 et
887 856 1127 905 sanctus
1197 852 1427 905 ustinus
1459 850 1843 905 nhilosouhus
1867 862 1965 901 eos
1997 863 2087 905 ap-

451 873 566 928 quo
599 855 774 928 modo
802 850 1427 928 et_sanctus_.lusti_nus
1456 850 1843 928 philosophus
1867 862 1965 928 eos
1997 863 2093 916 ap-

451 920 631 1000 pellat
660 926 719 1000 in
741 923 1091 1000 Apologia‘ad
1113 922 1455 1000 Antoninum
1473 921 1640 1000 Pium
1660 927 1789 1000 post
1811 920 2092 1000 medium,

452 986 545 1055 itis
568 998 757 1054 verbis
783 986 796 1051 ξ
837 986 951 1067 ’Ἱκξα
1000 992 1056 1047 δὲ
1087 994 1176 1067 καὶ
1223 994 1369 1067 παρὰ
1392 996 1497 1067 uir!
1523 986 1801 1067 ἡμετὶρων
1840 986 2085 1067 diademati

453 1070 564 1155 λωέ
617 1067 869 1155 (λὶγομεν
901 1064 957 1120 δὲ
976 1070 1071 1155 ⁸ξοῦ
1104 1064 1275 1154 lci-{op
1304 1062 1418 1119 ’τοῦ
1476 1062 1578 1118 atat
1607 1062 1713 1155 «at
1774 1063 2093 1141 προφητῶν)

453 1137 830 1197 λαϐόνέαῆξψ
879 1138 1145 1195 Πλάτωνα
1189 1137 1423 1209 μάθητε,
1469 1143 1580 1193 etc.
1636 1140 1697 1194 Ut
1741 1137 1933 1192 autem
1980 1141 2034 1190 et
2064 1152 2096 1209 ᾳ

450 1218 656 1272 nostris
679 1214 956 1283 magistris
999 1214 1086 1283 (de
1106 1206 1355 1265 doctrina
1377 1211 1773 1283 prophetarum
1798 1206 2095 1283 loquimur)

456 1289 723 1358 accepisse
764 1279 1049 1340 Platonem
1075 1284 1454 1358 intelligatis,
1480 1279 1622 1358 'etc._
1648 1279 1966 1358 Probat—ibi
1994 1279 2095 1334 Ju-

452 1352 667 1425 stinus,
700 1361 933 1428 Moysen
968 1352 1359 1427 antiquiorem
1409 1372 1537 1411 esse
1572 1355 1825 1420 Platone,
1856 1358 1912 1407 et
1941 1352 2099 1406 hunc

455 1449 486 1488 e
513 1431 680 1486 libris
734 1432 861 1499 ejus
912 1428 1108 1499 aliqua
1152 1428 1573 1499 desumpsisse,
1617 1428 1875 1497 dicitque
1907 1441 1968 1499 se
2002 1439 2101 1499 per

456 1508 669 1559 nostros
702 1495 992 1569 magistros
1009 1495 1350 1571 intelligere
1365 1495 1688 1570 prophetas.
1723 1495 1881 1555 Idem
1912 1495 2099 1571 Justi-

458 1593 571 1632 nus
603 1577 662 1629 in
692 1568 957 1644 Apologia
987 1573 1055 1628 ad
1084 1568 1334 1626 senatum
1363 1568 1491 1644 Sub:
1510 1571 1790 1644 medium,
1823 1574 1992 1644 vocat
2012 1568 2101 1623 Je-

459 1664 617 1717 sum,
652 1640 1006 1717 magistrum
1054 1649 1343 1700 nostrum.
1396 1641 1499 1698 Καὶ
1533 1643 1742 1710 Ἰησοῦς
1773 1642 1799 1695 ὁ
1832 1640 2099 1713 ἡμέτερος

461 1713 786 1777 cissimis;
842 1713 1066 1785 ἐδίδαξε,
1116 1721 1225 1772 etc.
1284 1719 1349 1771 Et
1402 1718 1553 1772 Jesus
1610 1717 1867 1786 magister
1920 1717 2103 1768 noster

2192 484 2415 539 dendos
2432 488 2488 539 et
2510 487 2812 555 ungendos
2839 502 2852 542 :
2877 484 3292 540 monachatum
3318 485 3586 540 omnium
3609 484 3844 541 initian-

2194 557 2405 612 dorum
2437 557 2640 613 ordine
2688 561 2864 628 atque
2912 558 3090 613 etiam
3136 558 3463 613 ministerio
3493 573 3627 615 esse
3659 558 3847 614 excel-

2195 628 2544 704 lentiorem:
2606 634 2975 704 unguentum
3025 630 3324 704 baptismo
3373 628 3847 704 oporayéeesse,

2194 701 2500 757 inventum
2549 701 2770 757 scilicet
2816 701 3093 771 hominis,
3137 701 3506 759 sacramento
3536 701 3786 760 Christi.
3822 724 3849 751 ››

2197 777 2294 848 Ita
2312 774 2408 829 ille
2451 772 2810 848 Pythagoreo
2860 790 3017 830 more
3061 774 3285 846 dicens,
3318 780 3374 830 et
3413 792 3528 831 non
3563 777 3850 848 probans.

2196 845 2299 919 Cui
2329 862 2434 919 ego
2465 847 2667 919 eodem
2700 862 2860 901 more
2890 848 2939 901 si
2970 848 3417 917 respondero,et
3444 845 3692 903 tria'illa
3724 864 3849 919 quae

2197 916 2560 986 intulit,sola
2592 919 2899 990 negatione
2916 916 3191 991 rejecero,
3226 916 3366 991 quid
3398 920 3718 991 indignum
3746 916 3848 975 tali

2199 994 2676 1064 argumentatore
2734 991 2967 1064 fecero?
3010 992 3121 1046 Sed
3173 991 3234 1046 in
3282 992 3534 1048 aliorum
3564 992 3849 1064 gratiam

2200 1062 2332 1135 plus
2364 1062 2644 1133 dicemus,
2678 1067 2733 1117 et
2761 1062 2980 1119 ibimus
3007 1078 3111 1134 per
3140 1069 3359 1135 puncta
3388 1062 3639 1135 singula.

2271 1136 2465 1190 Primo
2499 1135 2698 1205 igitur,
2731 1151 2835 1206 pro
2862 1152 2928 1191 eo
2960 1136 3117 1207 quod
3146 1134 3309 1191 idicit
3355 1137 3426 1192 de
3469 1134 3850 1192 sanctissimo

2202 1210 2258 1261 et
2289 1207 2630 1264 doctissimo
2662 1207 2807 1279 viro,
2840 1214 2897 1265 et
2942 1206 3181 1279 quidem
3214 1210 3286 1264 de
3317 1209 3609 1264 scribente
3640 1206 3853 1264 certis-

2201 1280 2355 1334 sima
2384 1286 2538 1335 errat
2590 1278 2919 1351 manifeste,
2966 1278 3371 1351 reponendum
3420 1296 3655 1336 censeo.
3691 1284 3856 1334 Errat

2202 1351 2497 1407 Scultetus
2555 1357 2612 1407 et
2668 1350 2876 1407 delirat
2924 1350 3427 1409 manifestissime.
3460 1353 3657 1409 Liceat
3695 1351 3854 1408 enim

2204 1430 2542 1480 sanctorum
2582 1424 2831 1479 amatori
2854 1425 2913 1479 in
2947 1425 3364 1481 conviciatores
3395 1429 3743 1481 sanctorum
3776 1423 3856 1478 sic

2203 1496 2386 1567 loqui.
2419 1496 2567 1571 Nam
2615 1495 2851 1571 scripsit
2897 1502 3139 1553 sanctus
3184 1498 3521 1571 Dionysius,
3555 1499 3716 1569 quod
3750 1512 3855 1571 suo

2206 1574 2469 1641 tempore
2518 1568 2673 1624 circa
2717 1567 3025 1624 defunctos
3077 1575 3195 1625 tam
3229 1588 3262 1625 a
3289 1567 3356 1627 se
3384 1567 3591 1641 quami
3616 1571 3692 1625 ab
3724 1567 3856 1641 aliis

2205 1641 2329 1713 ﬁeri
2361 1640 2633 1713 videbat;
2674 1645 2731 1696 et
2761 1641 3002 1713 quidem
3034 1657 3137 1697 cur
3168 1643 3226 1697 id
3259 1639 3443 1709 fieret,
3476 1642 3628 1697 hanc
3656 1639 3859 1697 attulit

2206 1712 2487 1783 optimam
2524 1717 2581 1768 et
2625 1712 2796 1769 bonis
2846 1713 3120 1769 omnibus
3161 1714 3640 1785 acceptissimum
3672 1713 3855 1785 ratio-

455 1791 656 1868 doouit,
691 1795 821 1868 etc.‘
851 1790 940 1868 Sic
974 1783 1281 1868 Dionysius
1332 1788 1479 1868 libro
1507 1789 1612 1868 ‘De‘
1638 1783 1844 1868 cailesti
1886 1787 2098 1841 hierar-
2130 1804 2176 1868 Β
2210 1801 2360 1868 nem,
2394 1786 2673 1868 nimirum
2702 1785 3026 1868 significari
3069 1803 3227 1857 eum,
3252 1783 3360 1868 qui
3410 1787 3681 1868 ungitur,
3715 1783 3857 1856 legi-

454 1866 599 1929 chia,
635 1878 762 1934 cap.
793 1863 852 1931 2,
881 1859 1180 1930 theologos
1210 1865 1374 1934 vocat
1412 1859 1783 1934 Malachiam,
1813 1859 2098 1934 Joannem

455 1930 899 2008 evangelistam,
931 1934 1189 2008 Moysen,
1224 1931 1617 2008 Salomonem,
1669 1932 1906 2008 I_sai_arn_,
1931 1930 2101 2008 _Osee,

454 2001 755 2065 Davidem.
790 2006 932 2061 Nam
966 2001 1182 2061 docens
1214 2006 1508 2074 quomodo
1542 2003 1795 2075 theologi
1830 2001 2102 2075 divinita-

453 2088 573 2137 tem
596 2079 1021 2149 exprimant,ex
1052 2076 1125 2131 iis
1157 2077 1445 2149 omnibus
1466 2075 1732 2147 exempla
1752 2074 2027 2149 ’subjicit,
2048 2076 2105 2149 et

456 2152 618 2208 nulla
648 2146 715 2205 ex
745 2150 875 2205 aliis
921 2147 1316 2219 Scriptoribus
1345 2148 1758 2219 inferioribus.
1795 2146 1861 2219 Et
1881 2162 2020 2219 cap.
2049 2148 2103 2219 3,

456 2229 773 2296 postquam
835 2222 978 2296 dicit
1005 2238 1023 2296 κε
1052 2215 1297 2296 "Iudam;
1340 2216 1397 2272 δὲ
1445 2220 1539 2296 τὰς
1587 2217 1737 2296 λθείαις
1798 2215 2009 2296 ὁράᾳείς
2052 2217 2105 2296 oi

457 2287 946 2366 itXEWiJiATETtépEC
991 2293 1149 2364 ἡμῶν
1198 2292 1464 2364 ἐμυοῦντο
1519 2290 1607 2346 διὰ
1659 2292 1834 2366 μέᾳῳν
1879 2287 2110 2366 τῶνέοὐτ

460 2368 656 2441 potvin
692 2362 993 2441 δυνάμεων,
1038 2362 1380 2441 Ηαδίαᾶιιβτη
1416 2366 1647 2441 divinas
1682 2364 1928 2441 visiones
1963 2363 2111 2418 clari

462 2435 561 2497 illi
597 2444 784 2511 patres
812 2435 993 2495 nostri
1021 2456 1054 2494 a
1082 2439 1384 2495 caelestibus
1427 2437 1728 2511 virtutibus
1742 2435 1928 2511 _edocti
1956 2442 2109 2511 sunt,

466 2518 549 2568 Ne
579 2506 875 2568 Scultetus
908 2511 1061 2565 dicat
1091 2511 1284 2567 nullos
1317 2511 1498 2565 fuisse
1529 2510 1715 2566 claros
1739 2508 1938 2563 Patres
1964 2527 1979 2573 ;
2011 2506 2112 2577 qui

469 2586 591 2642 sint
621 2584 705 2639 illi
738 2601 884 2656 quos
914 2582 1259 2656 intelligat,e
1291 2582 1583 2656 subjectis
1603 2579 1886 2656 exemplis
1916 2585 2113 2656 osten:

470 2652 803 2729 dit,nempe
834 2656 976 2729 dum
1010 2652 1271 2729 Moysen,
1305 2655 1542 2729 Lucam,
1567 2652 1924 2729 Manlianum,
1954 2652 2113 2729 βίη

474 2724 1128 2800 Ιεᾶῖαω,’ριόὶ)θ.ιὶοοὶε’
1162 2744 1340 2800 causa
1378 2726 1666 2800 producit.
1707 2725 1853 2779 Vide
1904 2724 2116 2800 Diony-

473 2803 631 2858 sium
661 2796 881 2856 ibidem
915 2817 1041 2871 cap.
1072 2801 1107 2853 5
1137 2799 1324 2865 initio,
1357 2796 1413 2854 et
1442 2816 1568 2869 cap.
1602 2799 1633 2849 7
1661 2801 1791 2871 post
1824 2796 2114 2871 medium,

474 2875 576 2929 ubi
606 2875 663 2928 in
696 2869 1104 2942 theologorum
1140 2888 1384 2926 numero
1423 2869 1959 2942 Davidem,lsaiam,
1986 2872 2116 2942 Eze-

470 2946 719 3001 chielem
752 2940 1035 3011 recenset,
1066 2944 1325 3013 itemque
1374 2959 1498 3014 cap.
1529 2944 1581 2996 8.
1616 2945 1683 2995 Et
1713 2940 1851 3011 quia
1880 2945 1997 3014 tam
2032 2940 2115 2993 ef-

467 3020 629 3072 frons
660 3021 749 3072 est
776 3016 1090 3081 Scultetus,
1126 3020 1189 3069 ut
1226 3010 1303 3070 ea
1333 3031 1404 3069 ne
1445 3010 1545 3069 are
1595 3010 1800 3084 possit,
1853 3010 1967 3065 nisi
2017 3028 2114 3066 ex-

471 3105 670 3140 nresse
717 3088 875 3140 dicat
927 3092 1149 3140 auctor.
1184 3032 1445 3140 Ezechieg
1487 3086 1784 3140 theotoaus.
1832 3083 2114 3139 Zachariw

469 3105 670 3161 presse
717 3088 875 3142 dicat
895 3158 903 3161 _
927 3083 1437 3161 auctor,_Esechiel
1487 3083 1808 3161 theologush
1832 3083 2118 3161 Zachariae

475 3154 770 3231 theologus,
805 3164 860 3214 et
892 3158 971 3214 ita
1018 3160 1088 3214 de
1120 3158 1288 3227 aliis;
1322 3176 1445 3231 age,
1479 3162 1534 3213 et
1563 3157 1729 3231 illum
1762 3154 1845 3231 sic
1876 3157 2117 3231 convin-

475 3227 699 3288 camus.
722 3232 906 3301 Igitur
935 3246 1059 3302 cap.
1093 3232 1134 3302 8_
1157 3229 1401 3286 Caelestis
1432 3229 1763 3302 hierarchiae
1794 3228 1884 3302 ita
1904 3227 2116 3299 Diony-

476 3308 599 3377 sius
634 3322 646 3359 :
682 3297 811 3377 Ὁρᾷ
860 3306 968 3377 τῷν
1008 3297 1306 3377 Ὀεολόγων
1359 3302 1435 3377 *εἷς
1481 3301 1509 3377 ᾇ
1541 3298 1811 3377 Ζαχαρί-οξς
1861 3297 1953 3354 ἳνα

475 3369 754 3451 πρώτων,’
784 3369 856 3451 ὧς
887 3374 1062 3451 οἶμαι,
1112 3369 1216 3427 καῖ’
1252 3374 1373 3446 περὶ
1424 3374 1551 3427 Θεὸν
1602 3369 1900 3451 ’Ᾰγλίὲλιωκμ
1928 3372 2119 3451 _Vidit

477 3445 771 3505 Zacharias
798 3450 1174 3518 theologorum
1209 3445 1353 3502 unus
1383 3463 1558 3501 unum
1578 3462 1606 3501 e
1630 3447 1848 3516 primis,
1882 3445 1939 3501 ut
1960 3454 2114 3515 puto,

474 3528 524 3577 et
562 3523 731 3577 Deum
764 3517 1265 3589 ,circumstantibus
1316 3519 1553 3586 angelis.
1597 3520 1673 3589 ΔΕἰ
1720 3517 1893 3589 paulo
1938 3522 2112 3587 post:

472 3596 697 3668 ’Έτερος
758 3588 813 3668 δὲ
870 3596 976 3644 τῶν
1038 3588 1310 3668 θεολξχῳν
1348 3586 1650 3668 ,ἶΙεζεκιήλ
1713 3586 2116 3668 Ezechielvero

468 3660 614 3723 alius
642 3660 1312 3735 theologorum,etc.Vide
1344 3662 1425 3716 ibi
1457 3668 1512 3717 et
1543 3663 1925 3734 sequentibus
1956 3660 2116 3732 capi-

474 3741 634 3794 tibus
667 3738 856 3807 plura.
890 3737 979 3791 Sic
1008 3736 1285 3806 theologia
1314 3736 1385 3788 ab
1417 3736 1619 3807 eodem
1669 3736 1946 3805 Dionysio
1978 3750 2115 3805 pas-

474 3811 587 3892 s_i_m
621 3806 962 3892 usurpatur,
992 3826 1091 3877 pro
1119 3824 1297 3887 sacra
1327 3806 1644 3892 Scriptura,
1664 3807 1955 3892 utvcapite
1980 3810 2029 3892 2n
2043 3807 2117 3891 Qa

473 3882 679 3936 divinis
725 3874 1059 3947 nominibus,
1116 3878 1279 3949 initio
1316 3894 1327 3930 :
1365 3874 1460 3949 Koti
1507 3876 1687 3949 τίγὰρ
1736 3874 1875 3932 ἄλλό
1927 3878 2111 3949 μαθεῖν

476 3950 617 4006 ἔστιν
652 3949 711 4004 ἐκ
738 3954 839 4014 τῆς
887 3946 1372 4023 ἱερᾶςνοεφλογίας,
1418 3946 1615 4023 ὁπότχῇ
1651 3946 1783 4023 φηᾳί
1827 3946 2112 4023 τὴκίθεαρέ

466 4025 591 4099 χίαν
647 4010 831 4091 aena;
874 4010 1254 4111 ὑφήχορμὲγηῦ
1310 4010 1497 4111 εἷίπεῖγ
1532 4020 1605 4109 Τίὶ
1649 4010 1722 4092 με’
1754 4010 1957 4111 ἐρωπέέίς
1987 4010 2111 4096 napi

530 4102 555 4111 η
631 4095 643 4111 Ί
728 4097 750 4111 Λ
794 4098 816 4107 ει
1260 4092 1307 4111 ,ιλ
1728 4088 1737 4103 θ
1965 4100 1995 4111 Α
2045 4095 2055 4111 Ι

462 4088 559 4151 ’ἱδῦ
620 4088 869 4166 epotis;
919 4088 1099 4155 ὸῦδεὶξ
1146 4088 1369 4166 ἀγαθὸς,
1432 4092 1476 4145 εἰ
1539 4093 1611 4165 μὴ
1650 4088 1833 4164 -μόνὸς
1884 4093 1910 4146 ὁ
1961 4088 2110 4157 Θεὸς.

464 4166 675 4242 Ecquid
703 4170 848 4223 enim
880 4183 909 4223 e
935 4185 1094 4224 sacra
1123 4168 1390 4242 theologia
1414 4166 1620 4242 discere
1653 4167 1773 4221 licet
1801 4166 2113 4242 aliud,_cum

464 4238 559 4296 αἰί
575 4239 925 4294 divinitatem
952 4243 1136 4311 ipsam
1173 4240 1449 4295 docentem
1493 4239 1748 4294 dixisse:
1786 4262 1810 4287 ‹‹
1847 4238 1997 4310 Quid
2024 4255 2112 4296 me

465 4312 855 4383 interrogasrde
884 4312 1021 4367 bono
1041 4316 1065 4365 .9
1082 4327 1240 4366 nemo
1274 4312 1465 4383 bonus,
1488 4313 1601 4366 nisi
1624 4312 1772 4365 solus
1792 4313 1931 4365 Deus
1951 4311 2053 4383 (Ιι).
2079 4332 2109 4361 ››

461 4382 745 4451 Quamvis
776 4382 958 4455 igitur
1005 4383 1319 4454 Dionysius
1365 4382 1511 4438 alios
1561 4383 1755 4438 nullos
1805 4383 2112 4439 habuisset

462 4461 847 4529 praeceptores
898 4456 1011 4511 nisi
1066 4455 1536 4529 Hierotheum‘et
1590 4455 1831 4529 Paulum
1876 4460 2108 4529 aposto-

2209 1858 2349 1912 time
2382 1863 2635 1914 certasse
2665 1862 2721 1913 et
2748 1859 3025 1915 certando
3049 1860 3387 1916 excessisse.
3423 1859 3725 1915 Scultetus
3756 1873 3860 1913 au-

2205 1935 2460 2003 tempro
2509 1930 2717 1986 audaci
2747 1936 2961 2003 suaet
3006 1931 3337 2003 impudenti
3389 1928 3859 1987 contradictione

2207 2002 2347 2077 quid
2370 2002 2584 2077 rati‘ert;
2612 2019 2684 2077 ne
2705 2002 2764 2057 id
2787 2002 3046 2077 quidem,
3075 2002 3228 2075 quod
3264 2003 3428 2077 pueri
3457 2003 3771 2077 clamitant
3800 2017 3862 2077 se

2210 2076 2270 2128 in
2304 2074 2437 2129 faba
2467 2075 2773 2145 reperisse.
2809 2073 3029 2146 Legant
3054 2073 3282 2143 autem;
3304 2075 3505 2141 velim,
3537 2073 3862 2130 Christiani

2211 2147 2981 2220 caeremoniasaDionysio
3023 2148 3095 2203 de
3143 2149 3435 2220 exsequiis
3486 2151 3862 2220 mortuorum

2214 2218 2526 2292 productas
2558 2218 2659 2292 lib.
2693 2221 2764 2274 De
2786 2218 3153 2292 ecclesiastica
3183 2218 3527 2287 hierarchia,
3564 2236 3693 2292 cap.
3726 2219 3783 2285 7,
3810 2221 3867 2274 et

2213 2307 2415 2345 earum
2451 2290 3263 2365 mirabunturantiquitatem
3288 2294 3460 2365 juxta
3488 2298 3546 2348 et
3577 2290 3868 2348 sanctita-

2216 2370 2333 2419 tem
2366 2363 2665 2434 sapientiae
2698 2363 3129 2435 plenissimam.

2286 2436 2620 2490 Secundum
2652 2435 3128 2507 reprehensionis
3159 2436 3400 2492 Sculteti
3432 2439 3723 2507 punctum
3758 2436 3870 2501 est,

2213 2506 2560 2578 Dionysium
2593 2506 2798 2564 docere
2829 2508 3247 2564 munachatum
3265 2506 3532 2565 omnium
3555 2507 3870 2562 initiando-

2218 2595 2349 2633 rum
2372 2580 2577 2635 ordine
2626 2586 2801 2652 atque
2839 2580 3015 2636 etiam
3051 2581 3380 2637 ministerio
3419 2596 3549 2636 esse
3579 2579 3868 2652 excellenf

2219 2652 2448 2725 tiorem.
2476 2656 2684 2725 Contra
2702 2650 2904 2725 _quam
2929 2654 3257 2709 doctrinam
3283 2652 3429 2708 nihil
3463 2669 3675 2725 rursus
3704 2650 3869 2707 aliud

2221 2722 2590 2795 affert,quam
2612 2724 2713 2780 illa
2732 2722 2849 2781 duo
2871 2726 3104 2790 verba,«
3128 2727 3297 2781 Errat
3320 2724 3650 2795 manifeste,
3666 2745 3696 2774 ››
3731 2740 3868 2779 cum

2218 2795 2468 2865 ipsemet
2519 2796 2751 2853 interim
2784 2798 3102 2853 mentiatur
3141 2799 3329 2853 multo
3359 2796 3869 2854 manifestissime.

2219 2871 2366 2943 Nam
2399 2868 2457 2943 in
2490 2869 2696 2943 primis
2725 2886 2840 2925 non
2872 2870 3041 2943 docet
3084 2870 3403 2943 Dionysius
3452 2870 3871 2943 monachatum

2221 2939 2342 3013 ullo
2367 2940 2685 3013 ministerio
2708 2957 2837 2998 esse
2848 2939 3452 3013 excellentioremmec
3473 2947 3563 2997 est
3578 2941 3638 2996 in
3663 2958 3730 2996 eo
3745 2958 3871 2995 ver-

2224 3011 2361 3066 bum
2381 3011 2568 3087 ullum
2594 3015 2746 3084 quod
2771 3013 2881 3069 hoc
2903 3020 3096 3071 sonet:
3114 3015 3231 3070 imo
3258 3011 3424 3087 ponit
3449 3013 3874 3087 monachatum

2221 3088 2384 3138 extra
2403 3085 2667 3142 ordinem
2690 3087 2957 3143 omnium
2981 3085 3388 3143 ministrorum
3411 3090 3469 3142 et
3490 3086 3760 3142 omnium
3779 3102 3872 3141 sa-

2231 3172 2462 3230 crorum
2495 3158 2786 3214 ordinum.
2820 3160 2959 3215 Tres
2989 3160 3145 3214 enim
3178 3160 3346 3230 ponit
3382 3174 3581 3215 sacros
3613 3158 3876 3230 ordines,

2234 3228 2596 3300 pontiﬁcum,
2648 3232 3041 3301 sacerdotum,
3094 3228 3503 3297 diaconorum,
3533 3231 3634 3301 qui
3676 3235 3735 3285 et
3764 3228 3882 3284 ini-

2222 3300 2437 3385 tiantes
2468 3318 2570 3357 seu
2602 3318 2769 3385 sacra
2795 3300 3117 3385 tractantes
3140 3300 3696 3385 appellantur-inter
3724 3318 3876 3384 quos

2225 3372 2388 3448 nulla
2410 3374 2833 3448 monachorum
2858 3375 3077 3431 mentio
3104 3393 3116 3431 :
3141 3372 3357 3448 quippe
3385 3375 3483 3447 qui
3514 3374 3665 3448 nihil
3687 3372 3875 3448 sacris

2222 3445 2282 3499 in
2308 3445 2481 3501 rebus
2504 3447 2679 3519 ofﬁcii
2701 3448 2976 3519 habeant,
3002 3464 3065 3502 ac
3088 3444 3332 3518 proinde
3355 3444 3556 3503 earum
3578 3444 3873 3501 ministris

2221 3532 2322 3571 seu
2376 3518 2969 3576 administratoribus’
3013 3520 3291 3575 omnibus
3350 3520 3654 3574 inferiores
3710 3521 3870 3573 sunt.

2223 3590 2438 3663 Deinde
2469 3605 2567 3645 eos
2599 3592 2698 3655 qui
2731 3592 3040 3647 initiantur
3068 3597 3431 3663 tantum,neo
3464 3591 3725 3657 initiant,
3760 3589 3869 3645 hoc

2219 3661 2523 3736 est,laicos
2553 3679 2758 3736 omnes
2787 3666 2858 3719 ad
2892 3662 3212 3720 Ecclesiam
3246 3661 3871 3736 pertinentes,in_tres

2220 3733 2438 3789 classes
2472 3734 2757 3805 partitur:
2784 3738 2844 3791 in
2876 3753 2975 3793 eos
3006 3736 3107 3807 qui
3138 3753 3170 3792 a
3199 3733 3508 3792 sacriﬁciis
3537 3734 3868 3791 excludun-

2219 3810 2335 3875 tur,
2372 3807 2441 3879 in,
2461 3822 2560 3862 eos
2591 3809 2692 3878 qui
2723 3807 2959 3864 illorum
3008 3818 3144 3863 sunt
3174 3810 3487 3879 participes
3510 3812 3566 3863 et
3599 3822 3863 3861 commu-

2219 3894 2353 3933 nem
2394 3878 2574 3952 vitam
2604 3882 2845 3952 degunt,
2876 3882 2934 3936 in
2966 3897 3063 3936 eos
3108 3878 3206 3952 qui
3240 3878 3522 3951 majorem
3555 3879 3863 3952 perfectio-

2219 3967 2349 4005 nem
2385 3950 2751 4021 proﬁtentur,
2798 3953 2909 4008 hoc
2939 3956 3047 4020 est,
3083 3950 3424 4009 monachos.
3458 3950 3593 4016 Quae
3626 3950 3865 4022 partitio

2219 4024 2545 4093 reperietur
2574 4023 2633 4078 in
2665 4024 2815 4080 libro
2846 4026 2922 4080 De
2948 4024 3321 4081 ecclesiastica
3350 4024 3700 4092 hierarchia,
3734 4039 3862 4094 cap.

2215 4094 2377 4163 7,ubi
2409 4095 2584 4169 etiam
2618 4097 2786 4152 docet
2804 4096 3139 4169 Dionysius,
3157 4098 3406 4168 primam
3431 4095 3686 4152 classem
3709 4095 3866 4169 (qua

2218 4171 2306 4220 est
2336 4165 2639 4241 rudiorum
2689 4171 2747 4223 et
2795 4165 3317 4241 imperfectioi-um)
3349 4173 3613 4241 spectare
3654 4165 3730 4222 ad
3761 4165 3867 4241 cu-_

2216 4253 2342 4293 ram
2371 4238 2773 4312 __diaconorum
2807 4236 2909 4296 seu
2956 4236 3399 4309 ministrorum;
3420 4242 3519 4312 qui
3552 4236 3867 4312 λειτουργοί

2215 4308 2625 4384 appellantur;
2661 4328 2911 4384 quorum
2935 4318 3025 4369 est
3055 4313 3187 4369 illos
3218 4308 3455 4369 erudire
3481 4316 3539 4368 et
3569 4308 3865 4384 purgare;

2215 4383 2851 4457 secundam_vero,quae
2883 4391 2971 4441 est
3001 4385 3353 4452 mediorum,
3378 4389 3436 4441 et
3463 4383 3704 4457 tertiam
3738 4400 3866 4455 quin

2214 4460 2303 4510 est
2333 4455 2756 4513 monachorum
2788 4458 2909 4514 sive
2938 4458 3342 4526 cultorum,ad
3375 4456 3701 4514 sacerdotis
3734 4473 3865 4511 mu-

456 4526 603 4612 lum,
628 4526 825 4621 tamen
856 4529 929 4621 ge
952 4526 1581 4621 caeterislsc'riptoribus
1604 4528 1785 4611 sacris
1808 4526 2102 4621 seu’AVete-
2132 4556 2179 4621 Β
2213 4544 2327 4621 pus
2360 4528 2690 4621 pertinere}:
2725 4531 2853 4613 ejus
2897 4531 3059 4621 enim
3086 4535 3196 4621 est,
3229 4536 3286 4588 et
3333 4528 3865 4621 communem'ple:

456 4603 537 4657 ris
561 4619 664 4657 seu
688 4600 829 4655 Novi
856 4600 1213 4655 Testamenti
1238 4601 1430 4655 dicere
1453 4599 1673 4669 optimo
1691 4600 1825 4670 jure
1849 4605 2097 4671 poterat:

456 4675 821 4745 Pra'ceptores
878 4673 1075 4739 nostri,
1130 4678 1316 4735 patres
1373 4671 1571 4736 nostri,
1622 4674 1856 4743 majores
1903 4675 2098 4740 nostri,

452 4744 688 4818 theologi
714 4746 1048 4818 nos_tri,elc.
1101 4745 1180 4818 Ex
1228 4762 1344 4815 qua
1394 4744 1712 4818 vanissima
1746 4746 2097 4818 ostenditur

458 4816 658 4873 octava
690 4816 932 4871 Sculteti
959 4816 1231 4886 obiectio.
1266 4819 1339 4870 Ad
1375 4816 1520 4871 alias
1552 4817 1961 4887 procedamus.

522 4890 686 4945 Nona
716 4893 802 4944 est
834 4888 964 4942 talis
1000 4905 1011 4943 ε
1048 4911 1073 4937 α
1110 4890 1259 4959 (litat
1291 4888 1642 4959 sententiam
1680 4890 1887 4959 lgnatii
1916 4889 2096 4944 mori-

451 4962 567 5015 turi
599 4964 709 5017 sub
759 4962 1028 5030 'l‘rujano,
1061 4960 1121 5015 Ὁ
1154 4956 1282 5028 ἐμὸς
1335 4954 1470 5031 ἔρως
1502 4954 1852 5032 ἐσταῦρῶται.
1886 4964 1958 5016 At
1988 4964 2098 5017 Me-

450 5033 686 5089 thodius
736 5032 1080 5104 Dionysium
1133 5040 1414 5103 regnante
1456 5034 1783 5088 Domitiano
1836 5034 2096 5089 occisum

456 5121 585 5159 esse
617 5106 840 5160 scribit.
871 5128 897 5153 n

516 5178 608 5232 Sic
644 5178 755 5242 ille,
788 5176 877 5231 cui
913 5175 1180 5230 sufﬁcere
1210 5181 1405 5245 posset
1436 5176 1557 5230 haec
1590 5178 1935 5246 responsio:
1966 5199 1992 5225 ‹‹
2026 5181 2097 5233 At

445 5249 568 5303 Ado
604 5248 949 5303 Viennensis
994 5247 1470 5317 archiepiscopus
1519 5249 1758 5303 Adriani
1809 5250 2095 5318 tempori-

442 5320 553 5391 bus
586 5321 927 5391 Dionysium
956 5320 1229 5389 martyrio
1255 5320 1525 5375 atl‘ectum
1559 5321 1818 5375 scribit.»
1837 5326 1910 5376 Ut
1936 5321 2091 5376 enim

446 5390 541 5463 ille
576 5410 687 5447 uno
724 5390 864 5447 teste
916 5392 1141 5462 probat,
1178 5392 1260 5445 sic
1311 5408 1415 5463 ego
1467 5410 1581 5447 uno
1626 5398 1774 5447 teste
1824 5394 2090 5462 reprobo.

445 5462 574 5518 Jam
604 5482 812 5519 sumus
845 5481 979 5533 ergo
1012 5481 1201 5535 pares.
1238 5462 1451 5519 Verum
1485 5465 1824 5535 plenissime
1856 5464 1991 5519 huic
2023 5466 2094 5520 de

444 5537 656 5609 lgnatii
706 5536 997 5591 sententia
1044 5536 1357 5604 objectioni
1399 5539 1526 5608 jam
1574 5536 1991 5609 respondimus
2032 5538 2090 5593 in

441 5608 552 5663 hac
586 5608 713 5679 ipsa
746 5609 1066 5679 quaestione
1099 5625 1297 5679 supra.

504 5682 741 5736 Decima
792 5681 959 5749 ratio,
996 5681 1113 5735 sive
1145 5682 1473 5736 decumana
1514 5680 1881 5752 impudentia
1922 5679 2088 5735 Scul-

435 5754 559 5823 teti,
592 5758 681 5809 est
710 5752 1061 5823 ejusmodi.«
1091 5752 1258 5807 Errat
1289 5754 1505 5825 (inquit
1530 5754 1599 5810 de
1634 5758 1836 5809 sancto
1866 5752 2085 5825 Diony-

512 5896 591 5968 (h)
626 5898 762 5955 Luc.
795 5915 958 5967 xvm,
996 5899 1079 5955 19.

2212 4600 2343 4674 bem
2378 4617 2480 4656 seu
2529 4600 2729 4658 fideles
2749 4602 2873 4673 jam
2904 4603 3248 4674 baptizatos,
3296 4607 3353 4657 et
3394 4603 3551 4658 viam
3600 4600 3867 4673 conjugii

2203 4672 2328 4742 jam
2361 4678 2683 4741 currentes,
2736 4672 2938 4731 docere
2968 4672 3023 4731 et
3053 4674 3413 4742 illuminare,
3447 4678 3505 4731 et
3534 4672 3865 4729 monachos

2210 4745 2391 4799 vitam
2416 4744 2774 4814 singularem
2795 4753 2851 4802 et
2873 4752 3132 4802 exactam
3158 4747 3569 4804 castimoniam
3589 4746 3866 4817 proﬁten-

2206 4820 2295 4871 tes
2323 4822 2440 4891 Deo
2472 4817 2626 4891 563
2680 4834 3038 4875 consecrare.
3073 4820 3222 4882 Quid
3255 4820 3437 4891 igitur
3488 4818 3601 4874 sibi
3632 4818 3864 4874 Sculte-

2208 4894 2305 4944 tus
2338 4888 2543 4957 voluit,
2574 4906 2709 4945 cum
2760 4892 3043 4947 mentitus
3074 4896 3163 4947 est
3207 4888 3555 4957 Dionysium
3590 4891 3869 4947 docuisse

2211 4961 2627 5016 monachatum
2679 4979 2808 5017 esse
2857 4963 3184 5018 ministerio
3233 4961 3760 5019 excellentiorem?
3791 4979 3866 5018 an

2206 5034 2352 5087 forte
2382 5033 2602 5088 Calvini
2637 5035 2906 5090 minister
2937 5038 3005 5091 ad
3041 5053 3217 5091 suum
3238 5035 3637 5091 ministerium
3675 5051 3869 5104 respe-

2206 5105 2583 5179 xit,atque_ad
2609 5108 3037 5162 conciliandam
3060 5108 3337 5179 Dionysio
3360 5106 3669 5179 invidiam,
3696 5108 3866 5161 ﬁnxit

2205 5193 2339 5231 eum
2364 5177 2632 5248 prmferre
2668 5180 2985 5235 monachos
3014 5177 3301 5235 ministris
3320 5180 3347 5233 ‘l
3369 5180 3545 5250 Atqui
3571 5177 3724 5234 tales
3758 5179 3867 5233 mi-

2207 5250 2423 5304 nistros
2456 5252 2801 5322 Areopagita
2853 5254 3083 5317 penitus
3135 5252 3414 5319 nescivit;
3450 5256 3623 5320 atque
3657 5250 3862 5318 etiam,

2206 5322 2259 5396 si
2278 5322 2424 5376 tales
2450 5323 2713 5377 fortassis
2751 5323 2909 5379 mille
2934 5330 2988 5380 et
3011 5323 3461 5396 quadringentis
3504 5328 3639 5395 post
3670 5340 3737 5379 se
3769 5340 3865 5378 an—

2207 5393 2297 5448 nis
2319 5396 3001 5469 venturospraevidisset,
3029 5393 3191 5469 haud
3226 5393 3448 5469 grande
3493 5393 3695 5469 tamen
3730 5412 3863 5469 pec:

2204 5472 2399 5521 catum
2451 5468 2809 5533 admisisset,
2845 5469 2893 5523 si
2947 5467 3273 5537 monachis,
3309 5486 3423 5523 non
3476 5467 3606 5523 dico
3659 5468 3733 5523 iis
3766 5468 3865 5537 qui

2203 5555 2360 5593 nunc
2392 5544 2563 5612 sunt,
2587 5540 2687 5593 sed
2720 5539 2838 5594 illis
2871 5542 3046 5596 etiam
3080 5543 3182 5612 qui
3226 5547 3365 5595 tunc
3399 5547 3595 5606 erant,
3625 5546 3685 5596 et
3717 5538 3865 5612 nihil

2202 5612 2352 5684 sacri
2376 5610 2601 5684 ordinis
2624 5613 2919 5680 gerebant,
2957 5608 3408 5684 postposuisset.
3441 5612 3664 5668 Verum
3713 5608 3862 5665 nihil

2201 5682 2316 5757 tale
2334 5684 2409 5757 ide
2434 5682 2727 5757 ministris
2745 5682 2975 5741 locutus
2997 5682 3424 5757 estDionysius
3448 5700 3463 5739 :
3491 5686 3645 5757 apud
3681 5698 3856 5757 quem

2202 5754 2458 5811 ministri
2490 5755 2883 5828 appellantur,
2917 5759 3020 5827 qui
3051 5775 3206 5814 nunc
3236 5754 3414 5830 vulgo
3462 5754 3721 5825 diaconi,
3756 5755 3853 5811 sed
