4084 6370
253 294 361 350 917

1236 300 1294 349 Ρ.
1338 296 1663 352 HALLOIX
1699 296 1850 351 80C.
1891 297 2062 351 JRBU
2103 297 2573 360 QUESTIONES
2612 302 2706 355 IV.

3577 298 3684 355 918

262 437 441 503 quam
473 419 605 476 vilis
635 420 951 503 Scultetus‘,
1002 420 1395 503 ratiocinans;
1429 422 1601 503 longe
1651 420 1908 503 profecto
1938 425 1989 491 Α
2022 418 2253 503 ᾀρχαῖον
2281 423 2530 503 primum
2562 422 3012 503 signiﬁcatmon
3034 422 3208 478 modo
3240 424 3407 503 vetus
3437 426 3541 478 aut
3569 440 3675 479 an-

261 492 497 560 melius,
532 510 710 564 quam
745 493 1011 549 minister
1060 492 1396 560 Calvinista,
1450 493 1707 564 sapiens.
1759 492 1905 547 Nam

259 567 374 621 duo
396 566 625 637 probat,
650 583 776 637 qua:
802 565 1113 637 Dionysius
1138 565 1193 619 in
1219 567 1343 621 suis
1368 566 1533 620 libris
1554 566 1908 637 observavit;

256 636 462 707 unum,
494 656 565 693 ne
597 636 898 710 mysteria,
926 636 1225 707 evulgaret
1246 656 1257 704 ;
1281 709 1286 710 ί
1310 639 1464 695 566
1514 636 1786 706 alterum,
1848 642 1913 691 ut

252 711 386 781 styli
436 709 795 766 obscuritate
844 709 944 764 illa
992 709 1403 767 communiret.
1462 710 1587 765 Non
1645 726 1793 780 opus
1826 714 1911 763 est

256 780 498 853 quidem
530 782 596 854 in
622 799 682 837 re
714 788 831 837 tam
866 782 1166 851 clara,taln
1202 781 1710 854 testata,pluribus
1740 780 1909 854 testi-

255 854 471 909 moniis
494 870 518 925 7:
552 853 788 925 aliquod
824 858 1017 909 tamen
1051 870 1080 909 e
1116 853 1351 920 Latinis,
1381 853 1456 909 ne
1495 855 1636 909 forte
1686 853 1910 925 deside-

252 924 538 991 retur,hic
571 926 823 996 subjieio
857 944 869 981 :
906 942 1115 998 nempe
1147 926 1333 981 sancti
1365 924 1728 989 Ambrosii,e
1758 924 1906 980 libro

253 1002 335 1053 De
370 998 442 1051 iis
463 1000 560 1068 qui
588 1000 869 1070 mysteriis
902 1000 1220 1065 initiantur,
1256 998 1446 1070 capite
1480 1003 1501 1051 1
1542 1014 1554 1053 :
1589 1020 1616 1046 «
1650 999 1814 1053 Nunc
1836 998 1906 1052 de

254 1070 574 1141 mysteriis,
611 1071 823 1142 inquit,
859 1074 1093 1140 tempus
1143 1070 1333 1125 dicere
1383 1072 1678 1138 admonet,
1731 1075 1905 1141 atque

261 1142 529 1213 ipsorum
581 1148 1083 1198 sacramentorum
1134 1143 1414 1197 rationem
1473 1144 1642 1197 edere
1677 1158 1689 1195 :
1723 1160 1900 1213 quam

252 1218 386 1269 ante
418 1214 770 1286 baptismum
811 1216 858 1270 si
894 1218 1268 1286 putassemus
1294 1214 1719 1269 insinuandum
1755 1232 1901 1269 non-

247 1286 388 1340 dum
423 1284 1029 1365 initiatis,prodidisse
1052 1286 1247 1358 potius
1270 1303 1446 1359 quam
1470 1287 1726 1343 edidisse
1747 1287 1899 1342 acsti-

254 1374 471 1412 marem
484 1375 568 1411 ur.
606 1380 632 1407 ))

326 1428 448 1483 Huc
466 1430 643 1484 etiam
670 1428 806 1484 facit
828 1430 1004 1501 (quod
1031 1445 1177 1501 pene
1199 1430 1610 1501 praeterieram)
1644 1429 1897 1500 Septua-

251 1500 418 1573 ginta
440 1500 908 1573 interpretum'in
931 1500 1226 1557 vertendis
1248 1518 1317 1556 ex
1339 1502 1573 1557 Hebraeo
1600 1501 1897 1573 prophetis

249 1572 541 1639 atfectata,
577 1572 926 1644 Hieronymo
958 1578 1126 1641 teste,
1177 1574 1527 1629 obscuritas.
1579 1572 1722 1628 Nam
1772 1574 1896 1644 cpi--

250 1644 403 1699 stola
438 1648 537 1698 H7
572 1662 583 1699 :
623 1668 649 1694 ‹‹
684 1644 848 1700 Unde
880 1646 1151 1715 coniicio,
1187 1646 1399 1716 inquit,
1451 1644 1714 1701 noluisse
1757 1649 1898 1700 tunc

249 1717 532 1787 temporis
561 1717 945 1789 Septuaginta
974 1718 1328 1789 interpretes
1360 1718 1492 1772 ﬁdei
1528 1735 1645 1771 sua:
1697 1734 1897 1773 sacra-

2027 494 2287 563 tiquum.
2343 494 2537 549 Potest
2585 496 2743 549 enim
2791 495 3015 567 aliquid
3064 510 3193 550 esse
3242 494 3521 566 primum,
3580 512 3683 551 nec

2026 568 2225 619 tamen
2259 570 2438 649 vetus.
2458 571 2561 621 aut
2589 566 2936 650 antiquum;
2972 572 3027 650 et
3058 567 3209 650 item
3232 566 3590 650 antiquum,‘
3619 571 3676 623 et

2025 654 2141 711 non
2180 654 2307 693 esse
2352 638 2632 710 primum.
2688 638 2867 695 verba
2918 640 3099 709 igitur
3146 638 3406 711 Dionysii
3458 640 3529 711 de
3578 638 3678 711 ba-

2022 709 2244 785 ptismo
2277 709 2655 785 parvulorum
2684 712 2995 785 loquentis
3018 714 3160 785 sunt
3193 709 3354 785 ista;
3389 710 3521 785 Περὶ
3552 709 3680 785 τούτ

2019 778 2116 857 too
2148 778 2314 833 ταῦτᾶ
2340 802 2536 854 φαμεν,
2572 782 2704 855 ἅπερ
2740 778 2791 835 οἶ
2828 778 3080 843 Οεοειδεῖς
3116 783 3274 857 iuuth
3307 778 3678 857 ἱεροῖὲλεσταὶ

2020 852 2163 929 πρὸς.
2210 859 2307 921 τῆς
2349 831 2590 929 ἆριχαίας
2653 834 2945 926 ρίυηοὲντες
3000 831 3366 924 ’τιοίρτλίὲόσεωςΙ
3404 853 3481 915 εἷς
3525 856 3674 926 ἡμᾶς

2019 926 2365 999 προήγαγον.
2400 926 2472 984 Dé
2504 930 2602 984 illo
2635 929 2754 985 haec
2781 929 3034 995 dicimus,
3069 942 3193 999 quae
3244 929 3423 982 divini
3480 930 3675 983 initia-

2021 1006 2159 1053 tores
2190 1002 2367 1054 nostri
2395 1018 2425 1055 a
2475 1000 2663 1071 prima
2706 1000 2886 1056 edocti
2928 1000 3232 1056 traditione
3280 999 3349 1053 ad
3394 1015 3493 1055 nos
3536 1017 3671 1071 pro-

2016 1077 2315 1125 vexerunt.

2090 1146 2204 1197 Ista
2235 1160 2404 1215 porro
2434 1144 2629 1215 verba,
2663 1138 2914 1204 θεοειδεῖς
2944 1138 3667 1215 ispotslsnat,_deiforiiies

2017 1230 2119 1269 seu
2152 1212 2333 1286 divini
2363 1214 2718 1278 initiatores;
2752 1220 2808 1270 et
2837 1232 2959 1286 quae
2990 1212 3165 1286 paulo
3194 1212 3473 1282 inferius;
3526 1213 3660 1267 Θεῖοι

2015 1285 2385 1360 καθηγεμόνες
2415 1287 2595 1360 divini
2623 1288 2803 1357 duces,
2836 1285 3015 1342 nullis
3066 1286 3277 1360 melius
3325 1290 3667 1357 competunt

2014 1358 2192 1429 quam
2226 1359 2529 1430 apostolis,
2566 1376 2630 1415 ac
2664 1364 2968 1431 propterea
2999 1360 3069 1431 de
3100 1358 3216 1414 illis
3248 1359 3670 1431 interpretatus

2014 1434 2103 1485 est
2132 1436 2373 1485 sanctus
2403 1431 2697 1485 Maximus
2730 1430 2787 1486 in
2822 1430 3072 1487 Seholiis
3123 1432 3193 1485 ad
3246 1431 3402 1485 hunc
3453 1430 3665 1486 locum.

2011 1506 2258 1558 Possent
2291 1509 2484 1559 tamen
2520 1505 2698 1558 etiam
2731 1504 2977 1575 intelligi
3012 1505 3089 1575 de
3113 1508 3317 1558 sancto
3350 1502 3663 1575 Hierotheo

2013 1576 2136 1645 (qui
2170 1575 2344 1629 etiam
2372 1576 2630 1647 Dionysii
2665 1572 2985 1647 praeceptor
3015 1574 3144 1645 fuit)
3178 1580 3234 1628 et
3263 1576 3343 1647 de
3367 1572 3663 1647 al_iis_Hie-

2010 1646 2199 1701 rothci
2233 1645 2578 1719 aequalibus,
2611 1645 2711 1702 seu
2744 1645 2920 1703 etiam
2970 1649 3041 1702 de
3089 1645 3462 1717 evangelistis
3505 1645 3663 1702 Luca

2011 1722 2068 1773 et
2099 1719 2314 1786 Marco,
2350 1724 2451 1774 aut
2481 1721 2549 1774 de
2582 1718 2879 1791 aliquibus
2923 1735 2953 1773 e
2998 1735 3243 1791 numero
3287 1718 3664 1791 septuaginta

247 1781 446 1863 menta
478 1781 1320 1863 perspicuef'ethnicisordere,
1359 1806 1429 1845 ne
1477 1794 1755 1863 sanctum
1795 1806 1892 1845 ca-
1926 1781 1974 1846 Β
2007 1791 2258 1846 duorum
2303 1781 2758 1863 'discipuloru‘m,
2810 1808 2839 1846 e
2890 1791 3106 1863 quibus
3158 1790 3301 1846 citat
3348 1781 3663 1863 Dionysius

244 1860 516 1925 nibus,et
546 1861 900 1932 margaritas
930 1862 1122 1932 porcis
1154 1863 1379 1917 darent.
1414 1864 1547 1929 Quae
1580 1878 1710 1917 cum
1743 1861 1894 1917 hanc

241 1932 561 2014 editionem
592 1932 954 2014 legeritis,a-b
985 1933 1103 1990 illis
1134 1934 1613 1990 animadvertetis
1647 1934 1891 1989 abscon-

241 2003 384 2078 dita.
422 2026 451 2053 »
484 2003 1005 2078 Ita_Hieronymus.

309 2076 541 2148 Etiante
572 2076 679 2132 hos
709 2075 916 2133 omnes
949 2076 1182 2148 egregie
1213 2075 1489 2148 Origenes
1509 2075 1757 2131 homilia
1782 2078 1803 2131 1
1832 2076 1890 2131 in

235 2147 577 2220 Ezechielem
607 2166 626 2203 :
658 2171 678 2197 ι
711 2147 1019 2216 Confiteor,
1040 2147 1539 2219 inquit,libcnter,
1562 2166 1593 2203 a
1622 2148 1892 2220 sapiente

226 2218 391 2292 ﬁdeli
418 2219 541 2275 viro
565 2221 779 2276 dictam
808 2218 1183 2285 sententiam,
1207 2236 1385 2291 quam
1420 2237 1574 2292 saepe
1606 2218 1887 2292 suspicio:

224 2291 306 2346 De
328 2292 433 2346 Deo
457 2294 637 2348 etiam
658 2309 787 2348 vera
812 2294 1019 2359 dicere,
1048 2294 1364 2363 periculum
1387 2300 1482 2347 est.
1512 2291 1887 2364 Neque’enim

219 2378 293 2417 ea
324 2367 561 2419 tantum
595 2364 927 2435 periculosa
958 2368 1115 2432 sunt,
1153 2381 1280 2435 quas
1313 2364 1459 2419 falsa
1488 2365 1559 2419 de
1591 2380 1657 2419 eo
1688 2365 1893 2419 dicun-

222 2438 350 2501 tur,
386 2437 488 2490 sed
522 2437 699 2491 etiam
733 2454 859 2508 quis
890 2454 1025 2492 vera
1079 2441 1238 2505 sunt,
1289 2440 1347 2491 et
1395 2453 1511 2491 non
1560 2442 1888 2508 opportune

226 2508 636 2579 proteruntur,
669 2508 882 2565 dicenti
917 2508 1244 2581 periculum
1298 2514 1517 2563 creant.
1572 2508 1887 2581 Margarita

219 2595 359 2633 vera
400 2584 510 2649 est,
543 2602 570 2629 ››
604 2584 715 2635 etc.
750 2582 821 2636 Et
851 2581 988 2652 quia
1018 2581 1167 2635 ratio
1199 2580 1329 2652 ipsa
1359 2580 1647 2636 naturalis
1698 2580 1882 2649 docet,

224 2652 734 2724 quemadmodum
767 2670 881 2708 non
918 2669 1123 2709 omnes
1153 2652 1418 2707 omnium
1450 2657 1589 2708 sunt
1619 2670 1881 2724 capaces,

222 2722 307 2777 ita
339 2739 446 2778 nec
475 2724 752 2797 omnibus
781 2725 1034 2796 ingeniis
1056 2724 1254 2797 omnia
1284 2724 1637 2797 scriptorum
1672 2722 1883 2797 genera

222 2810 356 2849 esse
389 2795 816 2851 committenda
843 2795 943 2852 aut
975 2796 1372 2867 permittenda
1403 2795 1624 2867 (futura
1668 2795 1881 2866 alioqui

223 2883 340 2940 non
380 2867 585 2940 paucis
618 2868 830 2938 fraudi,
865 2886 978 2924 non
1011 2868 1426 2938 emolumento)
1459 2868 1593 2924 hinc
1635 2874 1691 2923 et
1741 2886 1877 2940 pro-

224 2938 736 3019 fani‘philosophi,
756 2940 1025 3019 interque
1056 2940 1187 3019 illos
1218 2940 1382 3019 Plato
1413 2944 1470 2995 et
1501 2938 1877 3019 Porphyrius,

221 3014 279 3065 et
313 3007 433 3084 alii,
468 3007 737 3081 dogmata
765 3007 1030 3068 veritatis
1062 3012 1444 3077 abstrusiora,
1479 3011 1568 3066 vel
1601 3007 1877 3084 mysteria

225 3082 422 3156 magis
462 3083 784 3153 recondita,
836 3085 893 3139 in
942 3084 1389 3156 vulgusoefferri
1444 3085 1597 3138 haud
1650 3082 1877 3156 impru-

2002 1867 2274 1918 sanctum
2296 1856 2533 1918 Justu'm
2554 1880 2681 1935 cap.
2716 1856 2775 1918 11
2802 1865 2875 1935 De
2897 1856 3101 1917 divinis
3114 1863 3457 1935 nominibus.
3494 1856 3661 1935 Unde

2004 1938 2060 1990 et
2086 1939 2325 1991 sanctus
2359 1933 2649 1991 Maximus
2680 1936 2829 1993 beati
2862 1934 3121 2007 Dionysii
3150 1933 3376 2007 colligit
3407 1934 3663 2005 antiqui-

2002 2010 2202 2062 tatem.

2072 2079 2127 2132 Si
2158 2077 2341 2149 igitur
2369 2094 2471 2149 per
2518 2076 2651 2133 illos
2700 2076 2931 2149 divinos
2978 2077 3156 2131 duces
3205 2080 3264 2132 et
3322 2076 3659 2149 initiatoch

2000 2148 2408 2222 intelligantur
2437 2150 2805 2217 Hierotheus,
2836 2148 3064 2222 Justus,
3098 2149 3367 2222 Antipas,
3402 2148 3657 2222 et_s_imi-

2000 2221 2105 2290 les,
2165 2219 2489 2277 rectissime
2543 2223 2809 2277 dicentur
2858 2220 2941 2275 illi
2995 2238 3029 2275 a
3085 2219 3274 2292 prima
3332 2219 3651 2275 traditione

1998 2295 2207 2360 edocti,
2241 2295 2351 2349 hoc
2384 2298 2491 2364 est,
2526 2312 2559 2349 a
2588 2294 2902 2349 traditione
2934 2293 3473 2364 apostolorumznec
3505 2308 3655 2363 opus

1997 2366 2107 2421 erit
2139 2367 2206 2420 ad
2241 2363 2539 2421 Christum
2576 2381 2761 2436 usque
2793 2380 3112 2420 recurrere.
3148 2366 3246 2419 Sin
3278 2363 3390 2436 ipsi
3437 2364 3655 2418 intelli-

1996 2440 2211 2509 gantur
2234 2437 2500 2509 apostoli,
2539 2435 2884 2493 tum’edocti
2919 2438 3189 2509 dicentur
3218 2454 3249 2491 a
3280 2435 3471 2507 prima
3520 2440 3652 2491 tra-

1996 2456 2211 2509 gantur
2234 2456 2264 2492 a
2309 2456 2500 2504 osmu,
2539 2456 2662 2493 tum
2698 2456 2884 2491 enecti
2919 2456 3189 2491 οιοθηιυι·
3218 2456 3249 2491 a
3280 2456 3471 2507 prima
3520 2456 3651 2491 tra-

1996 2510 2236 2580 ditione,
2270 2456 2379 2565 hoc
2409 2516 2517 2575 est,
2552 2528 2585 2566 a
2614 2509 2867 2574 Christo,
2909 2507 3010 2579 qui
3062 2509 3219 2580 ipsos
3273 2512 3402 2578 post
3453 2522 3651 2563 resur-

1996 2582 2313 2637 rectionem
2366 2598 2559 2649 suam,
2610 2586 2673 2636 ut
2707 2582 2774 2635 de
2818 2580 3023 2635 multis
3056 2580 3210 2645 aliis,
3243 2580 3326 2634 sic
3358 2584 3413 2633 et
3444 2580 3513 2633 de
3546 2580 3647 2634 ba-

1994 2654 2216 2725 ptismo
2249 2655 2419 2727 plene
2454 2652 2922 2727 edocuerit.Nam
2955 2652 3193 2727 traditio
3223 2668 3335 2706 non
3371 2651 3441 2727 de
3473 2651 3652 2727 rebus

1994 2723 2524 2798 tantum'antiquis
2556 2725 2793 2792 dicitur,
2825 2725 2923 2780 sed
2956 2724 3131 2779 etiam
3165 2725 3236 2777 dc
3287 2723 3451 2778 novis
3506 2740 3519 2776 :
3564 2724 3645 2798 ita

1994 2803 2060 2852 ut
2110 2815 2257 2853 nova
2290 2794 2519 2870 Christi
2574 2800 2859 2870 praecepta
2894 2799 2951 2852 et
2981 2794 3646 2870 documenta_apostolis

1992 2870 2231 2937 tradita,
2265 2869 2363 2925 illo
2394 2868 2731 2940 etiam—ipso
2766 2873 3024 2940 tempore
3066 2885 3181 2938 quo
3231 2868 3646 2940 tradebantur,

1988 2946 2142 2996 recte
2168 2946 2575 2997 revocarentur
2594 2937 3114 2997 traditiones.567
3142 2940 3307 2993 Unde
3337 2943 3391 2991 et
3421 2937 3655 2993 Paulus

1988 3013 2042 3068 II
2076 3014 2340 3070 Thessal.
2375 3032 2435 3083 ιι,
2470 3014 2536 3069 14
2569 3030 2581 3068 :
2616 3015 2813 3084 Itaque
2839 3016 3065 3083 fratres,
3102 3012 3460 3082 inquit,state
3488 3020 3540 3065 et
3582 3014 3654 3065 te-

1986 3090 2114 3141 nete
2143 3086 2472 3142 traditiones
2501 3102 2635 3157 quas
2664 3085 2960 3149 didicistis,
3008 3084 3126 3157 sive
3156 3099 3267 3157 per
3306 3099 3520 3157 semion
3543 3098 3651 3147 em,

221 3154 433 3229 denter
461 3158 815 3229 vetuerunt,
837 3158 1025 3229 Quare
1050 3153 1435 3223 Scultetusﬁn
1469 3171 1533 3210 eo
1566 3153 1881 3229 quod—Dio-
1913 3155 1953 3223 C
1991 3158 2103 3213 sine
2131 3175 2233 3228 per
2261 3153 2551 3229 epistolain
2580 3158 3004 3229 nostram.70uae
3032 3153 3653 3229 quidemtraditiones

220 3225 464 3297 nysium
499 3227 894 3298 reprehendit,
916 3228 1227 3283 manifeste
1248 3233 1304 3283 et
1335 3230 1537 3283 contra
1570 3225 1877 3299 rationem,

218 3302 281 3372 et
311 3302 517 3372 contra
548 3315 781 3355 omnem
817 3299 1288 3372 phylosophiam,
1322 3304 1378 3354 et
1408 3305 1609 3372 contra
1648 3317 1875 3355 sacram

220 3368 592 3440 Scripturam
644 3368 834 3427 facere
888 3368 1269 3427 convincitur.
1320 3376 1402 3427 Ac
1459 3371 1507 3425 si
1566 3389 1875 3441 argumen-

218 3445 353 3496 tum
376 3441 621 3517 quida_m_
639 3444 767 3517 ejus
788 3444 1003 3517 valeret
1024 3447 1388 3517 sequeretur,
1418 3444 1701 3517 nonnulla
1733 3462 1874 3517 quo-

217 3514 559 3585 quesancti
598 3515 755 3569 Pauli
792 3516 966 3585 dicta,
994 3530 1060 3572 ea
1091 3514 1367 3571 nimirum
1403 3531 1528 3585 quia
1561 3514 1875 3571 eidem—Ti-

216 3584 461 3640 motheo
493 3602 628 3640 cum
662 3588 805 3643 solis
836 3584 1022 3643 doctis
1073 3584 1566 3643 communicanda
1612 3589 1873 3658 tradidit,

218 3672 525 3731 nonesse,
557 3662 658 3731 aut
706 3676 913 3731 parum
969 3666 1123 3715 certe
1172 3676 1302 3715 esse
1350 3658 1690 3729 apostolica.
1745 3662 1874 3729 Quae

215 3729 451 3801 audisti,
472 3728 771 3801 Ainquitja
818 3748 904 3786 me
948 3748 1045 3801 per
1092 3733 1293 3787 multos
1344 3728 1519 3800 testes,
1570 3733 1683 3787 haec
1728 3728 1873 3787 cem-

217 3800 425 3929 zioenda
446 3798 708 3940 {igidibus
735 3798 1069 3871 hominibus,
1101 3804 1198 3875 qui
1228 3804 1419 3859 idonei
1448 3798 1612 3859 erant
1640 3809 1694 3860 et
1737 3807 1875 3860 alios

292 3888 417 3927 cere
470 3890 534 3926 2.

292 3888 417 3927 cere
448 3888 534 3927 (ἶ).

298 3942 667 4016 Βυοᾱθσίωαί
692 3948 749 3999 et
779 3949 1084 4016 postrema
1113 3946 1355 4003 Sculteti
1384 3945 1529 4001 ratio
1561 3950 1649 4002 est
1697 3948 1811 4003 ista
1858 3963 1870 4001 :

229 4039 250 4065 ε
289 4019 621 4081 Postremo,
656 4015 870 4088 inquit,
905 4019 1098 4089 prodit
1155 4035 1215 4074 se
1265 4018 1408 4073 satis
1455 4019 1764 4075 manifeste
1814 4018 1874 4074 in

222 4089 344 4143 fine
395 4089 735 4143 Hierarchz’ze
782 4090 1181 4159 ecclesiasticae,
1233 4090 1329 4145 ubi
1373 4090 1569 4162 inquit
1620 4109 1631 4147 :
1673 4092 1873 4146 Sancti

221 4163 615 4234 praeceptores
647 4163 832 4216 nostri
862 4179 930 4218 ex
962 4163 1211 4234 pristina
1238 4163 1550 4218 traditione
1583 4164 1769 4219 edocti
1804 4166 1873 4219 ad

222 4249 336 4287 nos
368 4231 725 4287 derivarunt.
764 4256 790 4282 ››

298 4304 366 4358 Et
396 4303 518 4357 haec
549 4320 783 4378 quoque
812 4304 959 4359 ratio
992 4303 1157 4378 valde
1184 4304 1503 4378 oscitanter
1531 4306 1603 4361 ab
1634 4323 1700 4360 eo
1750 4324 1877 4378 pro-

223 4376 405 4447 ducta
436 4378 542 4429 est.
574 4376 883 4431 Debuisset
913 4376 1068 4431 enim
1102 4375 1421 4445 Scultotus,
1455 4380 1511 4430 et
1542 4394 1655 4447 qua
1688 4375 1767 4432 de
1817 4395 1877 4433 re

225 4445 308 4521 ibi
341 4453 721 4521 sermoesset
747 4447 992 4519 aperire,
1027 4452 1082 4502 et
1104 4449 1393 4521 quomodo
1416 4445 1592 4502 verba
1616 4448 1875 4521 Dionysii

224 4517 397 4573 aliter
427 4518 701 4600 explicari
731 4517 845 4575 non
876 4517 1138 4600 possent,
1163 4520 1489 4600 ostendere;
1518 4536 1589 4574 ac
1623 4517 1877 4591 denique
1910 4537 1955 4600 D

227 4606 406 4662 quam
443 4595 598 4646 certo
626 4592 706 4658 id,
740 4594 892 4662 quod
944 4592 1140 4661 vellet,
1195 4592 1660 4659 concluderetur,
1718 4609 1879 4647 com-

221 4665 567 4735 monstrare
598 4679 610 4717 :
644 4680 896 4735 quorum
931 4663 1105 4718 homo
1137 4680 1335 4719 socors
1366 4663 1698 4735 nihilfecit.
1748 4665 1881 4735 Agit

220 4749 360 4803 ergo
396 4734 474 4788 ibi
506 4734 824 4807 Dionysius
872 4736 943 4789 de
990 4736 1286 4807 baptismo
1336 4734 1733 4805 parvulorum,
1786 4734 1883 4790 do-

224 4810 457 4879 cetque,
490 4808 803 4863 traditione
836 4808 1235 4879 apostolorum
1267 4807 1437 4862 licere
1468 4808 1743 4878 parvulos
1774 4809 1878 4863 ba-

224 4878 462 4949 ptizare.
490 4879 609 4934 Nec
640 4880 795 4934 enim
829 4878 1073 4935 dubium
1109 4879 1729 4949 quin.circumcisione
1754 4881 1878 4949 jam

224 4948 423 5025 ablata
468 4953 525 5004 et
553 4951 815 5025 _abolita,
856 4948 1178 5025 quaesitum
1234 4952 1524 5025 fueritoab
1575 4948 1879 5025 apostolis,

226 5021 598 5094 quidqpueris
638 5028 809 5094 atque
852 5021 1176 5078 infantibus
1224 5023 1311 5094 (ut
1357 5023 1547 5077 solent
1600 5021 1765 5079 multi
1820 5024 1879 5079 in

223 5093 438 5147 tenella
470 5092 572 5147 illa
614 5100 672 5150 et
716 5092 849 5151 rudi
906 5101 1072 5151 aetate
1121 5092 1451 5163 intermori)
1501 5096 1570 5149 ad
1625 5097 1876 5151 salutem

227 5164 379 5219 facto
412 5182 560 5235 opus
588 5172 763 5230 esset.
797 5168 1215 5238 baptismusne
1249 5167 1365 5221 illis
1398 5167 1789 5231 adhibendus,
1824 5176 1879 5223 et

226 5238 527 5360 quomodo
562 5254 574 5292 :
608 5240 979 5310 respondisse
1012 5245 1205 5294 autem
1241 5238 1558 5310 apostolos,
1605 5244 1661 5294 et
1698 5241 1876 5294 tradi-

272 5308 387 5360 isse
421 5309 526 5360 (uti
563 5310 728 5360 docnt
764 5311 1091 5360 Dinnvsiusl
1124 5311 1257 5360 illos
1299 5328 1425 5360 esse
1476 5313 1875 5360 bantizandns-

272 5308 387 5382 isse
421 5309 527 5382 (uti
563 5308 728 5365 docet
764 5311 1091 5381 Dionysius)
1124 5311 1257 5365 illos
1281 5308 1425 5365 'esse
1476 5313 1876 5382 baptizandus,

229 5380 483 5434 maxime
514 5381 571 5435 in
608 5383 815 5439 mortis
850 5380 1251 5454 periculo.lsta
1284 5389 1474 5438 autem
1513 5380 1748 5454 traditio
1780 5402 1877 5439 vo-

229 5456 354 5504 cata
389 5456 484 5528 est
515 5455 587 5507 ab
620 5453 861 5510 auctore
903 5458 1100 5508 nostro
1149 5453 1353 5527 ἀρχαίπ
1402 5453 1720 5528 παράδοσις,
1771 5458 1879 5512 hoc

227 5528 317 5601 est
344 5526 529 5601 prima
564 5544 661 5601 seu
692 5528 1028 5601 primigenia
1060 5526 1457 5601 troditioNam
1481 5526 1615 5583 eum
1648 5530 1877 5601 ἀρχαῖος

229 5592 401 5663 plura
426 5592 741 5671 significet,
776 5592 904 5669 ejus
946 5597 1409 5671 significationes
1464 5619 1564 5669 pro
1615 5592 1879 5671 subjecta

228 5667 477 5739 materia
508 5667 991 5737 capiendmwsunt.
1030 5671 1183 5723 inter
1215 5670 1325 5725 alia
1356 5667 1489 5726 vero
1522 5674 1696 5739 (quod
1724 5667 1813 5726 vel
1848 5690 1877 5726 e

235 5737 462 5793 Lexicis
495 5741 715 5795 addisci
748 5745 960 5811 potest)
992 5742 1143 5798 sicut
1188 5741 1330 5816 ἀρχή
1380 5737 1748 5817 principium,
1798 5746 1879 5800 ita

307 5880 372 5954 (i)
406 5884 458 5939 Π
487 5883 643 5942 Tim.
673 5899 736 5957 ιι,
761 5885 816 5940 2.

1992 3246 2106 3284 non
2132 3226 2410 3295 poterant
2440 3245 2568 3285 esse
2594 3234 2712 3283 tam
2742 3228 3014 3299 antiquae,
3048 3226 3225 3298 quam
3261 3226 3372 3281 illa:
3409 3227 3480 3282 de
3516 3226 3648 3296 qui-

1989 3302 2100 3355 bus
2133 3301 2487 3372 loquebatur
2519 3301 2857 3370 Dionysius.

2059 3368 2356 3428 Hactenus
2389 3374 2458 3427 dc
2488 3368 2727 3428 Sculteti
2762 3370 3402 3441 objectionibus.Nunc
3434 3370 3501 3424 ad
3538 3368 3655 3424 alia

1987 3446 2256 3515 quasdam
2291 3463 2416 3516 qua:
2451 3446 2521 3500 ab
2555 3445 2686 3499 aliis
2720 3447 3109 3516 Opponuntur
3139 3445 3240 3497 aut
3271 3442 3483 3513 apponi
3518 3458 3654 3513 pos-

1991 3523 2154 3584 sunt,
2188 3517 2453 3572 nonnihil
2490 3517 2891 3571 attendamus.

2056 3582 2270 3645 Dicunt
2315 3606 2462 3664 ergo
2497 3587 2765 3664 nonnulli
2821 3602 3028 3658 parum
3074 3583 3383 3664 probabile
3433 3582 3644 3664 videri,

1984 3664 2246 3732 tempore
2279 3655 2466 3716 sancti
2497 3659 2757 3731 Dionysii
2798 3655 3183 3732 Areopagitas,
3233 3656 3335 3732 qui
3386 3655 3645 3732 oonvixit

1985 3726 2289 3804 apostolis,
2308 3738 2529 3788 tantam
2561 3726 2743 3787 fuisse
2773 3726 3265 3804 caeremoniarum
3286 3726 3645 3804 in__Ecclesia

1984 3799 2450 3875 multitudinem,
2483 3810 2705 3877 quanta
2737 3804 2808 3858 ab
2840 3810 3075 3859 auctore
3104 3802 3313 3857 horum
3352 3799 3641 3855 librorum

1983 3877 2315 3933 adducitur.

2062 3950 2285 4015 Quibus
2316 3965 2421 4021 ego
2453 3947 2796 4019 respondeo,
2832 3962 2946 4000 non
2975 3944 3119 4000 satis
3165 3943 3345 3998 videri
3408 3943 3480 3998 ab
3529 3940 3648 3996 illis

1984 4022 2383 4076 examinatum
2416 4037 2543 4076 esse
2577 4026 2750 4097 atque
2780 4033 3159 4089 perpensum,
3193 4031 3383 4097 neque
3440 4029 3644 4094 nume-

1986 4110 2115 4148 rum
2148 4110 2350 4149 carum
2388 4087 3107 4158 caeremoniarum,'neque
3141 4087 3646 4157 qualitatem;imo

1985 4182 2088 4221 nec
2111 4165 2506 4228 apostolorum
2532 4164 2683 4217 circa
2705 4162 2840 4216 illas
2859 4159 3033 4214 ofﬁcii
3058 4159 3315 4213 debitum
3345 4161 3527 4228 atque
3548 4172 3643 4210 cu-

1986 4255 2132 4292 ram.
2154 4228 2301 4293 Nam
2333 4238 2399 4290 ad
2424 4253 2522 4291 eos
2550 4239 2703 4289 certe
2732 4231 3037 4304 spectavit,
3073 4228 3645 4304 abolitis__veteribus

1987 4310 2289 4364 sacriﬁciis
2317 4312 2490 4379 atque
2522 4307 2734 4379 ritibus
2765 4300 2821 4359 et
2848 4302 3235 4379 caeremoniis,
3271 4300 3385 4379 alia
3412 4300 3642 4379 sacrifi-

1987 4381 2096 4445 cia,
2129 4383 2278 4435 ritus
2301 4384 2359 4435 et
2381 4374 2758 4434 cmremonias
2776 4376 2915 4431 vela
2939 4376 3168 4430 Christo
3207 4374 3481 4428 instituta
3514 4387 3643 4442 pro-

1986 4444 2192 4526 curare
2225 4458 2289 4507 ut
2321 4449 2641 4526 ﬁerent,_vel
2676 4466 2795 4503 suae
2827 4446 3030 4526 relicta
3065 4444 3646 4526 dispositionitprag-

1987 4524 2187 4578 sertim
2224 4524 2377 4595 quod
2412 4525 2479 4578 ad
2511 4524 2660 4577 ritus
2691 4518 3451 4595 caeremoniasqueattipet,
3477 4518 3645 4595 iusti:

1989 4600 2173 4650 tuere.
2212 4587 2326 4651 Nec
2360 4598 2511 4671 enim
2544 4599 2658 4649 tam
2695 4594 2839 4649 bene
2872 4587 3160 4671 constare,
3195 4589 3467 4671 tantique
3517 4587 3644 4671 tieri

1990 4685 2081 4722 res
2115 4685 2311 4722 sacras
2343 4669 2566 4737 absque
2598 4659 3163 4734 czsremoniis,quam
3199 4659 3639 4737 cum‘illisLtam

1992 4755 2061 4813 ex
2092 4738 2453 4813 ipsoVetere
2474 4731 2880 4813 Testamento,
2901 4731 3075 4813 quam
3094 4752 3176 4813 _ex
3210 4732 3464 4813 Spiritus
3492 4731 3642 4813 _San-

1990 4812 2064 4866 cti
2088 4803 2363 4867 unctione
2384 4812 2503 4882 (qui
2531 4810 2692 4881 ipsos
2717 4803 3157 4883 omnia-docuit)
3188 4803 3366 4883 probe
3410 4803 3636 4883 didice-

1991 4888 2142 4938 rant.
2180 4885 2244 4937 Et
2274 4884 2345 4937 de
2376 4877 2574 4939 earum
2612 4879 2988 4935 multitudine
3019 4879 3159 4949 quid
3192 4881 3407 4949 frustra
3437 4877 3495 4929 et
3533 4877 3647 4927 im-

1992 4955 2197 5010 merito
2258 4955 2597 5027 arguimur?
2658 4969 2784 5007 cum
2852 4967 3097 5027 numero
3161 4950 3277 5003 fere
3332 4948 3640 5025 innumero

1992 5027 2188 5098 plures
2220 5028 2277 5080 in
2311 5025 2487 5082 veteri
2527 5026 2665 5098 Lege
2698 5042 2799 5094 per
2830 5039 3013 5098 unum
3048 5025 3312 5098 Moysen,
3356 5033 3533 5098 quam
3583 5032 3640 5069 in

1992 5094 2139 5154 nova
2170 5116 2272 5170 per
2301 5094 2617 5153 duodecim,
2643 5094 3119 5171 quaterdecimve
3153 5094 3453 5171 apostolos
3501 5103 3638 5171 con-

1992 5160 2208 5225 stituta:
2241 5171 2378 5226 sint.
2415 5172 2609 5238 Neque
2642 5160 2839 5223 tamen
2886 5166 3068 5238 illum;
3103 5160 3223 5238 tam
3275 5160 3645 5216 familiariter

1992 5260 2123 5297 cum
2181 5243 2383 5306 angelo
2431 5236 2722 5297 versatum
2758 5254 2886 5293 esse
2918 5236 3293 5313 crediderim,
3324 5248 3502 5304 quam
3534 5246 3643 5313 nos

1992 5332 2121 5370 cum
2157 5316 2387 5370 Christo
2422 5334 2432 5369 :
2470 5329 2657 5380 neque
2696 5316 2881 5374 tanta,
2934 5310 3071 5363 item
3124 5308 3407 5377 Spiritum
3453 5306 3641 5358 sancti

1990 5387 2196 5459 gratia,
2232 5404 2404 5459 quam
2442 5386 2699 5451 eosdem,
2734 5383 2915 5459 fuisse
2948 5381 3294 5459 perfusum;
3456 5447 3465 5456 _

2061 5446 2216 5513 Adde
2249 5446 2417 5531 porro
2450 5476 2550 5513 eas
2584 5446 2977 5517 cair'emonias‘,
3012 5469 3140 5521 quae
3166 5469 3199 5506 a
3231 5447 3507 5531 Dionysio
3540 5446 3641 5498 de-

1990 5531 2218 5599 scriptas
2253 5521 2548 5599 sunt,esse
2580 5544 2823 5582 numero
2857 5527 3266 5599 perpaucas,et
3297 5521 3639 5598 aliquorum

1990 5598 2272 5657 duntaxat
2304 5598 2830 5661 sacramentorum,
2852 5614 2965 5651 non
2995 5598 3281 5659 omnium,
3304 5600 3361 5649 et
3387 5609 3486 5646 eas
3520 5604 3645 5659 qut-

1993 5676 2145 5745 dem,
2182 5681 2243 5729 ut
2279 5675 2394 5731 illis
2428 5675 2633 5739 initiis,
2689 5672 2996 5743 perbreves
3044 5674 3100 5724 et
3148 5664 3452 5745 perfaciles
3501 5678 3514 5715 :
3572 5662 3639 5741 ut

1985 5739 2338 5805 venerabilis
2368 5739 2823 5815 eucharistiai,et
2852 5757 3153 5798 sacrorum
3188 5739 3482 5803 ordinum;
3510 5739 3641 5803 qui-
