4084 6370
227 343 338 399 9‘35

1194 346 1256 396 P.
1298 343 1615 400 HALLOIX
1651 344 1804 400 SOC.
1843 345 2526 408 JEBU,QUEST10NES
2565 349 2658 402 IV.

3550 347 3658 405 926

231 469 430 546 lorum
462 465 737 537 Epistolis
771 481 785 520 ε
819 465 1066 546 ubivitaa
1098 465 1734 546 Cbristianaeﬂperfectio
1756 482 1887 522 con-

2003 469 2194 546 Ῑτικοῖξι
2227 464 2509 546 κάλλεσι-ν,
2558 466 2685 546 ἀλλ’
2733 469 3094 546 ἕνιαίριςηκαὶ
3148 476 3417 546 μοναχοῖς
3467 470 3544 546 sic;
3589 473 3654 527 τὸ

231 541 457 595 tinetur
481 547 538 594 et
567 540 1035 604 commendatur,
1069 539 1210 601 sive,
1246 555 1381 592 cum
1429 539 1696 593 Christus
1727 555 1888 609 quar-

232 613 381 667 renti
416 611 487 666 de
516 611 634 665 vita
663 621 882 666 aeterna
924 609 1281 665 adolescenti
1336 611 1640 680 respondit
1674 627 1686 664 :
1721 612 1782 664 Si
1812 613 1893 666 vis

224 688 508 755 perfectus
537 699 676 755 esse,
712 682 862 755 vade,
915 683 1083 737 vende
1110 696 1236 755 quae
1283 682 1473 755 habes,
1505 691 1556 736 et
1584 682 1655 755 da
1678 699 1890 753 paupe-

237 752 756 834 ribus,_ct_habebis
783 754 1106 834 thesaurum
1134 752 1198 834 in
1218 753 1396 834 casto“:
1431 761 1482 808 et
1515 754 1657 819 veni,
1675 752 1894 834 sequere

235 844 319 882 me
345 827 465 899 (In).
504 827 573 880 Et
605 842 742 880 cum
774 825 1082 897 discipulis
1117 825 1262 879 dixit
1294 842 1306 878 :
1340 826 1478 880 Sunt
1506 825 1764 891 eunuchi,
1799 827 1894 899 qui

235 846 319 882 me
345 846 465 899 ψη).
505 846 573 880 [ιι
605 846 742 880 cum
774 846 1082 897 OlSClpUllS
1117 846 1262 879 (lleL
1294 846 1306 878 ζ
1340 846 1478 880 cum
1506 846 1764 891 eunuchi,
1815 846 1892 881 'ut

231 915 290 956 se
318 899 463 970 ipsos
495 901 870 970 castraverunt
913 900 1136 970 prOpter
1193 913 1426 970 regnum
1471 903 1753 954 caelorum.
1789 846 1893 965 aui

232 968 402 1043 potest
430 986 644 1041 capere,
676 969 860 1040 capiat
891 971 995 1039 (η).
1017 968 1168 1043 Βίνφ
1200 986 1328 1023 cum
1366 969 1582 1024 Paulus
1613 971 1684 1024 ad
1716 970 1890 1043 casti-

235 1041 492 1097 moniam
544 1043 862 1097 adhortans
906 1043 1032 1097 ait:
1073 1041 1194 1096 Volo
1242 1045 1434 1097 autem
1494 1058 1579 1096 vos
1627 1044 1748 1096 sine
1775 1042 1889 1096 sot-

235 1113 719 1186 licitudineqesse.
782 1113 888 1186 Qui
946 1129 1121 1168 uxore
1172 1116 1272 1178 est,
1318 1113 1602 1186 sollicitus
1646 1116 1720 1168 est
1768 1129 1894 1186 quac

233 1195 364 1241 sunt
395 1184 612 1254 mundi,
636 1185 898 1257 quomodo
919 1186 1131 1256 placeat
1152 1185 1344 1253 uxori,
1367 1195 1417 1257 et
1448 1185 1657 1240 divisus
1683 1184 1888 1257 est—(0).

234 1258 314 1312 Ex
364 1258 466 1312 illo
513 1256 670 1312 enim
732 1262 1011 1326 tempore,
1064 1257 1220 1312 velut
1277 1256 1478 1311 audito
1529 1256 1890 1328 perfectioris

233 1331 360 1384 vita:
395 1328 640 1384 classico
672 1332 728 1383 et
760 1327 1080 1400 apostolica
1133 1329 1421 1400 castitatis
1472 1327 1615 1383 tuba
1644 1335 1889 1384 cuncto-

240 1419 371 1456 rum
404 1401 644 1456 auribus
675 1399 1002 1473 iuso’nanle,
1031 1399 1269 1473 plurimi
1291 1401 1360 1454 ad
1397 1401 1800 1456 castimoniam
1836 1405 1892 1456 et

237 1474 363 1528 vitae
399 1474 713 1544 puritatem
746 1490 778 1527 a
809 1472 1177 1528 saecularium
1226 1473 1592 1544 negotiorum
1628 1476 1889 1528 tumultu

236 1543 522 1602 secretam
556 1545 908 1616 aspiravere.
964 1545 1116 1602 572
1150 1546 1334 1608 Quam
1387 1543 1485 1614 qui
1517 1549 1751 1600 externo
1785 1545 1890 1599 ha-

234 1619 359 1674 bitu
388 1623 444 1673 et
486 1615 849 1688 professione
882 1623 1102 1671 certam
1149 1616 1455 1684 faciebant,
1504 1615 1772 1672 monachi
1803 1616 1891 1671 vel

235 1689 488 1762 cultores
515 1689 1004 1762 appellabantur;
1039 1689 1134 1743 alii
1159 1693 1352 1762 autem
1382 1692 1609 1743 tantum
1638 1688 1888 1744 caelibes.

235 1762 302 1817 Et
336 1760 570 1817 horum‘
602 1761 839 1833 quidem
893 1760 1158 1815 caelibum
1207 1760 1267 1833 in
1317 1764 1564 1833 utroque
1598 1777 1734 1833 sexu
1771 1777 1886 1815 non

2003 536 2396 616 Oeoetaéa‘tatov
2437 540 2796 614 ἀναγομένην.
2856 536 3196 616 Capilloruin
3241 536 3424 602 autem
3460 545 3652 600 deton-

1999 613 2082 667 δίο
2110 629 2309 686 puram
2338 629 2439 668 nec
2482 613 2725 684 fucatam
2771 613 2945 670 vitam
2974 618 3235 684 declarat,
3280 634 3387 673 non
3420 617 3650 686 ﬁctitia-

2001 701 2128 737 rum
2158 685 2474 750 ﬁgurarum
2516 687 2823 756 adjectione
2868 688 3278 757 deformitatem
3320 685 3520 744 mentis
3549 689 3647 743 ad-

2000 767 2310 829 ornantem.
2341 759 2430 812 sed
2476 761 2653 828 ipsam
2700 761 2760 813 in
2805 775 2862 813 se
2907 759 3050 829 ipsa,
3101 777 3211 815 non
3262 763 3525 825 humana,
3558 761 3651 816 sed

1999 827 2280 906 singulari
2308 835 2359 883 et
2388 827 2554 906 unica
2582 827 3028 900 pulchritudine,
3060 831 3130 885 ad
3161 833 3216 886 id
3245 833 3384 903 quod
3413 833 3648 888 divinis.
3710 846 3713 848 '

1999 901 2205 952 simum
2234 907 2333 966 est,
2366 901 2740 957 adducentem.

2073 970 2219 1026 Nota
2248 971 2409 1037 item,
2441 974 2511 1028 de
2543 974 2796 1044 simplici
2820 973 3088 1029 tonsione
3117 973 3274 1044 loqui
3310 974 3405 1028 hic
3435 973 3648 1042 Diony-

2002 1041 2179 1107 sium,
2216 1061 2327 1098 non
2363 1047 2434 1099 de
2463 1041 2727 1112 tonsura,
2761 1051 2826 1100 ut
2858 1046 2984 1114 jam
3018 1041 3360 1115 loquuntur,
3393 1041 3649 1100 clericali

2003 1121 2115 1193 aut
2137 1117 2463 1193 inouachali
2489 1119 2546 1171 in
2566 1135 2788 1193 corona:
2808 1120 3072 1193 modum,
3093 1117 3323 1172 tametsi
3353 1117 3451 1193 illa
3473 1118 3648 1172 etiam

2001 1189 2243 1260 antiqua
2285 1189 2460 1258 (unde
2495 1198 2552 1243 et
2599 1190 2924 1259 antiquitas
2975 1192 3251 1260 horumce
3293 1189 3648 1260 scriptorum

2002 1257 2370 1333 intelligittJr)
2391 1266 2448 1333 et
2478 1277 2580 1333 per
2612 1257 2783 1316 verba
2813 1260 2933 1328 illa,
2974 1259 3328 1333 ἐπιπλάστοις
3373 1257 3645 1333 σχήμασι,

1999 1327 2218 1403 ﬁetitiis
2237 1331 2453 1400 ﬁguris,
2477 1327 2533 1386 et
2553 1330 2889 1400 ἐπιθετικῶς,
2911 1327 3188 1402 adjective,
3216 1327 3649 1403 prorsusvideri

2003 1402 2289 1471 respicere
2319 1406 2392 1458 ad
2442 1420 2641 1460 comas
2687 1406 3156 1470 Atheniensium,
3190 1402 3336 1474 quas
3379 1404 3646 1474 adjectis,

2003 1477 2065 1526 ut
2092 1475 2210 1546 dixi
2233 1477 2429 1530 aureis
2451 1477 2668 1531 cicadis
2690 1477 3073 1532 adornabant.
3099 1481 3172 1528 De
3193 1477 3410 1546 quibus
3430 1476 3650 1531 cicadis

2001 1559 2108 1613 ago
2143 1544 2408 1615 pluribus
2435 1548 2491 1600 in
2535 1549 2936 1603 notationibus
2967 1550 3037 1602 ad
3075 1544 3262 1602 Vitam
3295 1547 3479 1601 sancti
3512 1547 3646 1601 Hie-

2002 1617 2207 1691 rothei.
2238 1621 2320 1672 Ad
2351 1619 2530 1673 vestis
2582 1636 2752 1691 porro
2801 1623 3184 1674 mutationem
3232 1620 3387 1690 quod
3420 1620 3650 1684 attinet,

1999 1703 2068 1761 ex
2099 1689 2426 1744 imitatione
2457 1689 2757 1746 descendit
2807 1689 3279 1746 caeremoniarum
3311 1691 3652 1761 ibaptisma-

2001 1760 2100 1834 tis,
2128 1761 2208 1815 uti
2235 1764 2434 1834 eodem
2464 1763 2586 1834 loco
2615 1765 2872 1818 insinuat
2895 1770 3134 1834 sanctus
3155 1760 3651 1834 Dionysiae,_dum

234 1850 556 1921 paucorum
589 1827 992 1921 me‘mineriipt
1011 1831 1264 1921 secundi
1282 1903 1294 1921 ‘
1318 1827 1489 1921 saeui
1503 1831 1527 1921 ἰ.
1551 1832 1887 1921 scriptores,

2005 1831 2088 1920 sic
2138 1833 2341 1921 sqribi‘t
2419 1833 2480 1887 Ἡ
2532 1830 2734 1921 ιτῆς
2784 1833 3050 1921 περοτηέρςις
3100 1827 3326 1921 ἐρθῆτοξ
3371 1827 3647 1921 quoad-1‘},

235 1903 298 1961 ut
330 1909 542 1960 notant
577 1906 644 1959 ad
682 1904 878 1958 Vitam
912 1905 968 1960 S.
1002 1904 1214 1959 Justini
1243 1903 1595 1976 philosophi.
1630 1903 1893 1959 Priorum

236 1982 456 2047 autem,
489 1977 608 2032 sive
640 1976 1064 2032 monachorum
1098 1975 1260 2048 (quia
1284 1975 1504 2048 scilicet
1537 1976 1680 2031 nihil
1713 1976 1896 2048 genti-

234 2050 380 2105 lium
414 2051 710 2115 intererat,
746 2053 945 2103 contra
1001 2047 1153 2119 quos
1198 2047 1556 2114 scribebant,
1590 2065 1688 2102 eos
1722 2047 1894 2103 nosse

236 2122 326 2176 vel
360 2121 505 2175 tales
533 2124 678 2174 ritus
721 2120 888 2190 scire)
939 2137 1050 2174 non
1106 2119 1522 2174 meminerunt.
1571 2120 1714 2174 Nam
1751 2121 1894 2175 satis

244 2195 541 2248 habebant
574 2193 899 2254 ostendere,
931 2192 1289 2246 Christianos
1323 2208 1436 2246 non
1469 2207 1597 2246 esse
1629 2191 1894 2262 impuros

239 2271 295 2319 et
324 2265 600 2328 incestos,
626 2264 1122 2334 quemadmodum
1143 2264 1254 2334 ipsi
1279 2279 1376 2317 eos
1408 2263 1890 2318 criminabantur.

242 2337 408 2392 Ritus
441 2341 634 2392 autem
667 2337 1046 2390 consecrandi
1100 2337 1474 2403 monachum,
1511 2342 1573 2389 ut
1623 2335 1720 2390 illo
1751 2342 1895 2390 tem-

241 2425 398 2477 pore,
431 2409 524 2463 hic
559 2414 648 2462 est
680 2425 692 2461 :
725 2408 1006 2462 Sacerdos
1055 2412 1188 2460 ante
1219 2406 1400 2460 altare
1453 2412 1641 2461 certas
1689 2423 1893 2478 precn-

239 2482 433 2535 tiones
465 2497 566 2550 pro
599 2479 1012 2543 consecrando,
1038 2479 1136 2548 qui
1169 2484 1301 2548 post
1326 2477 1490 2532 illum
1526 2477 1719 2534 rectus
1750 2484 1890 2542 stat,

237 2553 308 2606 ad
343 2552 527 2606 Deum
561 2553 823 2621 spargit;
858 2551 1073 2622 quibus
1107 2550 1308 2618 finitis,
1339 2552 1406 2602 ad
1442 2567 1600 2614 eum,
1635 2551 1728 2618 qui
1755 2567 1890 2604 con~

240 2625 563 2678 sacrandus
593 2630 703 2691 est,
737 2639 1052 2677 conversus
1106 2622 1269 2690 petit,
1304 2638 1373 2675 an
1427 2623 1602 2675 rebus
1628 2628 1685 2674 et
1733 2623 1892 2677 curis

236 2695 622 2750 saecularibus
644 2696 917 2749 nuntium
935 2694 1219 2757 remittat;
1244 2697 1507 2764 oportere
1523 2695 1676 2747 enim
1695 2695 1892 2764 ipsum

232 2769 414 2822 vitam
450 2766 674 2838 reliquo
698 2766 911 2836 populo
937 2765 1333 2837 perfectiorem
1369 2765 1709 2838 instituere:
1735 2767 1889 2836 quod

241 2837 799 2911 professum't'orma
819 2840 1008 2893 crucis
1035 2837 1252 2911 signat,
1276 2839 1595 2907 tondetque
1626 2837 1892 2893 invocata

237 2909 616 2965 sanctissima
645 2910 948 2979 Trinitate,
977 2919 1032 2964 et
1061 2909 1237 2963 veteri
1269 2915 1506 2963 exutum
1535 2916 1713 2972 veste,
1744 2927 1890 2965 nova

237 2982 456 3045 induit,
489 2981 724 3047 salutat,
760 2987 816 3036 et
845 2999 977 3036 cum
1013 2981 1110 3035 illo
1142 2981 1239 3034 alii
1270 2981 1380 3034 viri
1415 2981 1587 3050 sacri,
1619 2998 1686 3037 ac
1728 2989 1888 3053 post-

239 3070 398 3110 remo
427 3070 592 3108 sacra
619 3054 1033 3108 communione
1064 3054 1261 3107 donat.

311 3126 379 3179 Et
413 3125 609 3179 omnis
642 3125 808 3192 ritus,
842 3129 1078 3196 propter
1107 3140 1305 3194 quem,
1349 3123 1514 3194 quasi
1549 3122 1649 3196 illo
1681 3124 1889 3196 singulo

235 3198 645 3262 recentiorem,
677 3195 854 3251 tanta?
896 3197 1114 3251 scilicet
1160 3197 1438 3250 adversus
1487 3195 1708 3264 scripta
1755 3195 1890 3250 Dio-

241 3269 391 3340 nysii
427 3270 610 3324 turbae
658 3269 1212 3340 concitandzesunt.
1265 3267 1410 3330 Quid
1459 3282 1586 3318 vero
1616 3282 1795 3340 unum
1831 3269 1888 3340 in

241 3339 355 3409 his,
389 3357 515 3412 quae
546 3342 702 3395 dicta
731 3345 888 3406 sunt,
926 3339 1222 3412 assignari
1246 3343 1457 3412 potest,
1491 3340 1639 3406 quod
1675 3339 1746 3393 ab
1779 3339 1890 3392 ini-

235 3412 315 3466 tio
339 3409 454 3467 non
480 3412 674 3478 fuerit,
700 3419 801 3467 aut
832 3428 958 3466 esse
990 3427 1102 3465 non
1136 3409 1438 3482 debuerit?
1463 3417 1544 3463 An
1573 3427 1686 3482 non
1722 3427 1890 3482 Opor-

239 3484 350 3556 tuit
384 3500 504 3556 eos,
531 3483 747 3556 quibus
782 3485 932 3539 inter
962 3498 1328 3556 congeneres
1349 3480 1775 3556 laicosvirtute
1797 3499 1892 3536 cx-

239 3555 483 3610 cellendi
520 3552 782 3610 studium
816 3557 946 3616 fuit,
978 3552 1094 3625 quo
1126 3559 1184 3609 et
1233 3553 1365 3608 aliis
1414 3552 1792 3622 praelucerent
1827 3569 1892 3608 ac

237 3627 396 3681 velut
427 3631 583 3681 faces
615 3628 683 3680 ad
716 3627 805 3681 sui
835 3627 1224 3680 imitationem
1256 3625 1658 3690 accenderent,
1694 3625 1890 3695 aliquo

236 3700 596 3754 extrinsecus
642 3699 842 3752 habitu
877 3705 932 3753 et
980 3698 1235 3752 instituti
1267 3699 1354 3751 sui
1391 3698 1890 3752 demonstratione

237 3770 521 3837 distingui
549 3774 570 3825 Ρ
600 3771 741 3824 Nam
777 3776 831 3824 et
879 3775 1184 3841 propterea
1232 3770 1526 3822 variorum
1557 3775 1886 3838 temporum

236 3844 302 3896 ad
331 3843 483 3896 hanc
516 3858 701 3912 usque
733 3848 962 3896 aetatem
990 3857 1288 3905 successu,
1309 3845 1393 3893 tot
1412 3857 1486 3912 ac
1516 3845 1633 3912 tam
1667 3841 1810 3912 varii
1834 3847 1891 3896 et

231 3914 459 3978 habitu,
496 3919 549 3966 et
599 3911 862 3967 moribus
913 3918 968 3967 et
1015 3914 1233 3984 regulis
1282 3911 1542 3966 distincti
1580 3911 1888 3984 hominum

229 3986 645 4055 religiosorum
681 3986 915 4039 ordines
948 4000 1060 4038 non
1091 3983 1262 4039 modo
1291 3986 1358 4038 ad
1395 3983 1664 4038 Ecclesiae
1695 3984 1888 4054 splen-

229 4062 436 4113 dorem
470 4063 646 4127 atque
691 4061 1126 4125 ornamentum,
1161 4057 1260 4110 sed
1314 4056 1382 4108 ad
1436 4057 1702 4124 ejusdem
1758 4073 1886 4125 per-

228 4145 505 4199 magnam
539 4145 771 4198 quoque
803 4127 1121 4182 utilitatem
1155 4127 1418 4199 suscitati
1451 4132 1609 4181 sunt.
1634 4129 1803 4199 Quod
1839 4128 1887 4182 si

227 4198 453 4256 bonum
488 4202 613 4262 fuit,
650 4201 846 4263 aliqua
871 4201 926 4254 in
952 4201 1163 4270 p0pul0
1182 4199 1336 4254 velut
1370 4198 1682 4253 luminaria
1714 4199 1888 4253 collu-

227 4290 383 4332 cere.
420 4277 594 4342 atque
627 4273 697 4326 ab
732 4272 865 4325 aliis
889 4273 1210 4341 distingui;
1244 4270 1455 4326 melius
1487 4271 1795 4340 magisque.
1827 4272 1882 4325 in

227 4351 507 4416 promptu
543 4344 776 4398 formari
810 4360 876 4396 ea
925 4343 1220 4416 distinctio
1271 4342 1482 4408 potuit,
1517 4359 1691 4416 quam
1736 4349 1793 4397 et
1825 4344 1882 4397 in

225 4413 562 4471 attonsione
609 4431 908 4470 comarum
963 4415 1042 4478 (in
1098 4413 1314 4483 quibus
1356 4415 1678 4484 praesertim
1729 4416 1881 4484 apud

225 4489 620 4542 Athenienses
651 4487 806 4557 apud
840 4503 985 4556 quos
1009 4482 1206 4557 prima!
1235 4489 1289 4538 et
1320 4482 1746 4557 antiquissimae
1771 4482 1878 4538 Vno-

2001 1900 2090 1980 icui
2149 1908 2247 1980 τῇς
2305 1902 2486 1980 ἑτέρας
2518 1900 2702 1980 ’λῆψις
2751 1900 2851 1980 rip;
2909 1900 3240 1980 direptam
3295 1907 3443 1980 ἱερᾶς
3505 1907 3649 1980 ζῳῆς

2145 1976 2243 2054 τίῆν
2301 1972 2635 2054 τελεωτέρακὶ
2704 1979 2984 2054 μιςτάταξιν
3041 1972 3286 2054 tutamini
3321 1972 3358 2032 .’
3395 1972 3648 2054 Κᾳθάτςερ

2004 2045 2236 2123 ᾇῖτῇτῆς
2289 2045 2843 2123 ’ἱερᾷςΑΘὲογενέσίας-
2983 2045 3082 2116 τῆξ
3126 2045 3368 2123 ’ἐσθῇτρς
3426 2045 3651 2123 ἄμειψές

2003 2115 2205 2195 ἐδήλου
2244 2115 2952 2195 τῆν’ᾇπὸὼκαὸᾳιρομὲνής
3003 2115 3148 2189 ζωῆς
3201 2115 3276 2181 ei:
3308 2115 3651 2195 Oswpntix'nv

2000 2192 2097 2267 nui
2137 2193 2468 2267 cmttninﬁv
2499 2189 2606 2261 ἕξιν
2655 2189 2964 2267 ἀνἀγωγήν.
3016 2195 3240 2267 Priori:
3277 2189 3464 2248 autem
3492 2192 3654 2267 vestis

2003 2264 2238 2337 obiectio
2267 2273 2320 2319 et
2349 2265 2580 2320 alterius
2610 2264 2914 2337 assumptio
2936 2266 3340 2321 traductionem
3367 2265 3657 2336 signiﬁcat

2002 2353 2036 2390 a
2062 2336 2245 2390 media
2273 2353 2430 2392 sacra
2459 2339 2574 2392 vita
2602 2339 2672 2391 ad
2713 2336 3129 2408 perfectionem.
3182 2337 3654 2406 Quemadmodum

2002 2410 2058 2462 in
2092 2423 2250 2462 sacra
2278 2409 2688 2478 regeneratione
2730 2410 2890 2466 vestis
2933 2413 3188 2476 mutatio,
3218 2413 3370 2466 vitae.
3403 2422 3527 2478 quae
3554 2424 3650 2462 ex-

1995 2478 2280 2549 piabatur,
2317 2480 2718 2535 subvectionem
2745 2481 2816 2536 ad
2861 2486 3071 2536 statum
3097 2479 3573 2547 contemplationis
3600 2482 3652 2533 et

2002 2550 2436 2606 illuminationis
2480 2552 2903 2608 demonstrabat.
2959 2555 3032 2608 De
3081 2553 3348 2607 tonsione
3396 2552 3649 2620 denique

2003 2625 2449 2687 monachorum,
2482 2623 2603 2678 sive
2632 2640 2857 2689 eorum,
2892 2626 2994 2695 qui
3035 2625 3349 2695 perfectius
3378 2639 3444 2678 ac
3475 2639 3647 2695 sanc-

2005 2695 2122 2766 tius
2153 2695 2378 2748 vivendi
2410 2712 2595 2766 genus
2620 2694 3222 2766 profiterenturiquod
3251 2695 3367 2750 dixi
3389 2713 3420 2750 θ
3443 2694 3650 2750 Vetere

1999 2765 2373 2838 Testamento
2405 2765 2753 2832 derivatum,
2791 2768 2974 2824 habeo
3005 2765 3150 2822 mihi
3187 2768 3646 2838 patrocinantem

2001 2836 2291 2892 Isidorum
2325 2838 2730 2908 Hispalensem
2765 2841 3128 2908 episcopum,
3162 2836 3310 2893 libro
3344 2841 3413 2894 De
3441 2837 3650 2893 divinis

1999 2909 2221 2977 o/ﬁciis,
2257 2909 2354 2962 ubi
2404 2913 2522 2965 haec
2570 2911 2776 2966 scribit
2809 2927 2822 2965 :
2858 2934 2886 2962 ‹‹
2917 2912 3196 2966 Tonsurae
3244 2910 3650 2965 ecclesiasticas

2001 2997 2204 3053 ususa
2251 2981 2542 3048 Nazareis,
2577 2983 2635 3036 ni
2667 2982 2853 3053 fallor,
2903 2990 3138 3037 exortus
3190 2987 3299 3048 est,
3351 2983 3450 3052 qui
3487 2981 3648 3049 prius

2000 3052 2158 3126 crine
2189 3057 2437 3117 servato,
2481 3056 2672 3110 denuo
2705 3052 2846 3123 post
2881 3071 3152 3126 magnam
3185 3055 3316 3108 vita:
3345 3055 3651 3109 continen-

1997 3124 2164 3198 tiam,
2199 3126 2502 3198 devotione
2555 3127 2864 3196 completa,
2897 3124 3073 3198 caput
3120 3126 3423 3193 radebant,
3457 3130 3650 3198 etca-

1922 3207 1964 3273 C
2005 3196 2177 3264 pillos
2212 3195 2266 3273 i_n
2289 3197 2482 3273 ignem
2510 3195 2780 3273 sacrificii
2806 3195 3416 3273 ponerejubebantur,
3436 3196 3658 3252 scilicet

2006 3274 2071 3320 ut
2103 3268 2515 3335 perfectionem
2561 3270 2889 3324 devotionis
2920 3287 3041 3324 suis
3070 3269 3315 3324 Domino
3347 3285 3654 3324 consecra-

2001 3344 2150 3393 rent.
2185 3339 2374 3407 Hujus
2408 3357 2512 3409 ego
2561 3340 2808 3410 exempli
2856 3358 3004 3397 usus
3040 3342 3111 3394 ab
3161 3340 3444 3410 apostolis
3474 3341 3655 3394 intro-

2001 3410 2214 3482 ductus
2246 3418 2335 3464 est
2366 3427 2378 3464 :
2416 3417 2478 3464 ut
2509 3413 2606 3480 qui
2650 3412 2864 3467 divinis
2911 3412 3167 3467 cultibus
3199 3412 3518 3482 mancipati
3552 3417 3655 3466 Do-

2001 3481 2159 3536 mino
2210 3491 2645 3548 consecrantur,
2697 3484 2862 3549 quasi
2911 3485 3185 3546 Nazarzei,
3219 3484 3274 3536 id
3327 3481 3418 3537 est
3465 3485 3654 3538 sancti

2002 3553 2101 3607 Dei
2134 3553 2294 3608 crine
2329 3555 2564 3622 praeciso
2598 3555 2971 3611 innoventur.
3000 3577 3026 3604 »
3057 3555 3201 3609 Vide
3230 3553 3309 3609 ibi
3337 3554 3524 3625 plura.
3549 3555 3653 3609 Ne-

2001 3641 2114 3695 que
2148 3625 2286 3680 viris
2319 3627 2470 3681 573
2507 3632 2732 3680 tantum
2769 3628 2878 3681 fuit
2927 3626 3024 3683 ille
3056 3627 3506 3682 resecandorum
3537 3625 3648 3681 cri-

2003 3697 2163 3750 nium
2202 3713 2329 3750 mos
2347 3698 2622 3765 usitatus,
2647 3700 2746 3752 sed
2771 3699 2943 3753 etiam
2966 3699 3222 3763 feminis,
3245 3698 3318 3752 iis
3350 3699 3655 3764 nimirum,

2000 3785 2130 3839 quae
2173 3768 2348 3824 rebus
2393 3769 2590 3823 saeculi
2641 3771 2912 3825 nuntium
2961 3771 3346 3838 remittentes,
3379 3787 3504 3825 sese
3538 3769 3654 3825 Deo

1999 3841 2363 3908 devoverent,
2396 3840 2574 3911 idque
2609 3843 2814 3912 primis
2836 3841 3089 3906 saeculis,
3113 3850 3170 3898 et
3199 3848 3332 3898 ante
3355 3841 3416 3896 B.
3451 3842 3652 3896 Hiero-

2000 3912 2158 3983 nymi
2191 3918 2472 3986 tempora.
2500 3915 2680 3986 Cujus
2711 3915 2894 3970 moris
2939 3914 2998 3969 in
3032 3914 3199 3986 Syria
3229 3919 3284 3970 et
3319 3913 3378 3968 in
3408 3913 3654 3984 {Egypto

1997 3985 2267 4058 usurpati
2301 3985 2570 4058 meminit
2606 3985 2774 4058 idem
2826 3985 3216 4058 Hieronymus
3266 3986 3434 4058 epist.
3470 3987 3537 4058 48
3582 3985 3654 4058 ad

1998 4055 2405 4112 Sabinianum.
2428 4080 2455 4106 ‹‹
2475 4057 2650 4112 Moris
2683 4064 2786 4120 est,
2815 4055 3106 4128 inquit,in
3132 4057 3355 4127 {Egypti
3390 4060 3447 4110 et
3477 4057 3653 4128 Syriis

1999 4129 2394 4197 monasteriis,
2424 4135 2488 4181 ut
2518 4136 2636 4199 tam
2668 4131 2830 4198 virgo
2863 4127 3038 4199 quam
3070 4130 3267 4191 vidua,
3300 4145 3427 4198 quae
3452 4143 3513 4182 se
3537 4127 3652 4181 Deo

1996 4201 2274 4264 voverinl,
2308 4205 2366 4253 et
2414 4198 2624 4254 saeculo
2677 4198 3104 4259 renuntiantes.
3157 4215 3362 4253 omnes
3416 4199 3654 4253 delicias

1997 4271 2194 4326 eteculi
2229 4270 2644 4335 conculcarint,
2674 4272 2892 4326 crinem
2928 4272 3420 4326 monasteriorum
3455 4271 3656 4326 matria

1997 4345 2103 4397 bus
2135 4344 2380 4396 otferant
2412 4343 2824 4397 desecaudum.
2866 4364 2892 4391 »

2066 4419 2258 4484 Atque
2293 4419 2355 4468 ut
2385 4415 2787 4475 ostendamus,
2832 4414 3097 4482 magistri
3128 4418 3184 4468 et
3213 4411 3509 4482 discipuli,
3544 4412 3652 4467 hoc

1995 4490 2086 4539 est
2109 4484 2266 4540 Pauli
2290 4490 2345 4540 et
2365 4484 2623 4556 Dionysii
2656 4488 3002 4541 documenta
3030 4492 3148 4540 tam
3181 4485 3334 4538 inter
3364 4501 3448 4548 se,
3472 4501 3651 4554 quam

228 4561 482 4632 bilitatis
517 4576 614 4624 per
640 4556 921 4632 implexae
953 4556 1214 4632 crinibus
1239 4572 1445 4632 aureas
1469 4556 1701 4632 cicadas
1725 4572 1885 4608 arro-
1917 4567 1963 4632 D
1996 4572 2128 4632 cum
2162 4556 2375 4632 Christi
2403 4557 2612 4632 ipsius,
2650 4563 2711 4612 ut
2760 4557 3030 4632 supremi
3056 4556 3324 4612 omnium
3357 4556 3651 4632 magistri,

227 4638 400 4702 gates,
438 4631 607 4702 signa
638 4626 826 4685 iutilia
858 4630 1210 4702 eminebantl
1244 4629 1388 4702 etin
1424 4644 1648 4702 pompae
1681 4626 1882 4680 luxus-

224 4699 341 4775 que
373 4701 620 4757 vestium
649 4702 1030 4772 depositione,
1059 4701 1154 4755 ubi
1192 4705 1306 4775 fere
1327 4699 1628 4775 hominum
1655 4704 1883 4775 terrena

223 4769 282 4830 et
313 4777 534 4830 caduca
585 4769 936 4830 sectantium
986 4789 1132 4828 vana
1182 4789 1243 4825 se
1285 4773 1472 4838 jactat
1521 4769 1882 4825 insolentia?

225 4848 399 4903 Ritus
429 4853 623 4901 autem
650 4852 706 4900 et
729 4846 1106 4910 caaremonizr,
1132 4860 1279 4914 quas
1303 4843 1615 4914 Dionysius
1639 4844 1881 4897 Athenis

224 4927 425 4986 natus,
460 4927 513 4973 et
548 4918 782 4972 Athenis
815 4919 986 4971 datus
1019 4917 1328 4986 episcopus
1360 4917 1552 4981 refert,
1588 4914 1664 4969 ibi
1700 4916 1883 4984 potis-

226 4993 445 5047 simum
481 4995 580 5044 aut
612 4996 758 5044 natae
783 4994 883 5042 aut
915 4989 1296 5043 corroboratis
1332 5003 1461 5040 mea
1484 4988 1718 5056 quidem
1745 5004 1844 5040 seu
1870 5018 1884 5028 -

222 5063 409 5118 tentia
440 5063 728 5114 videntur.
764 5060 1070 5131 Accepisse
1111 5059 1265 5112 enim
1302 5075 1334 5112 a
1367 5058 1544 5112 Paulo
1593 5063 1647 5111 et
1682 5059 1881 5131 Hiero-

223 5136 384 5194 theo.
429 5150 528 5204 qni
563 5133 639 5187 ibi
677 5129 1155 5204 praedicaverunt,
1190 5137 1246 5184 et
1285 5147 1432 5200 quos
1464 5129 1882 5204 καθηγεμόνας,

223 5207 278 5262 id
313 5211 404 5262 est
434 5201 611 5258 duces
643 5201 781 5260 suos
812 5214 865 5260 et
898 5211 1280 5274 praeceptores
1311 5201 1585 5272 appellat.
1615 5203 1879 5257 credide-

222 5279 359 5333 rim.
393 5279 552 5332 Adde
600 5275 1008 5332 caeremoniam
1060 5276 1346 5330 tonsionis
1397 5274 1515 5328 sive
1570 5274 1817 5327 rasionis
1851 5292 1881 5329 e

220 5349 432 5405 Vetere
475 5351 865 5417 Testamento,
921 5347 1072 5402 sicut
1119 5347 1262 5402 alias
1318 5344 1652 5413 nonnullas,
1699 5345 1879 5400 videri

221 5422 544 5478 derivatam
589 5437 602 5488 ;
656 5421 755 5475 sed
812 5435 1049 5474 causam
1107 5424 1162 5472 et
1211 5417 1697 5488 significationem
1753 5434 1880 5473 esse

221 5509 374 5561 eam,
412 5509 588 5564 quam
623 5492 714 5547 hic
743 5494 919 5564 refert
953 5492 1008 5545 in
1041 5489 1540 5564 Contemplatione
1566 5489 1879 5564 Dionysius

221 5558 381 5622 hisce
413 5558 604 5620 verbis
637 5581 649 5618 ἒ
682 5564 744 5618 Ἦ
780 5560 836 5617 δὲ
889 5564 994 5614 τῶν
1047 5566 1252 5634 τριχῶν
1290 5558 1598 5635 ’ἀπόκαρςξις
1631 5558 1876 5635 insitiva

220 5637 320 5705 τὴν
365 5636 601 5707 καθαρὰν
648 5637 737 5689 καὶ
791 5630 1201 5707 ἀσχημάτιάὶοῇ
1262 5635 1430 5707 gis-av,
1481 5630 1587 5707 ei»;
1645 5630 1876 5684 ἐπὶπλά-

223 5701 368 5772 στέοις
430 5701 677 5780 cxi/mam
732 5701 1004 5780 «aetolia
1062 5710 1180 5759 νοῦν
1259 5702 1497 5768 δυσειδὲς
1560 5701 1878 5764 ἐπιϐετικῶς

221 5776 695 5848 καλλωπῖζοῡσαψ
750 5776 877 5833 ἀλλ’
924 5779 1089 5847 αὐτὴν
1144 5777 1224 5853 ἐφ’
1284 5777 1476 5847 ἑαυτῆς
1526 5777 1624 5830 οὐκ
1664 5777 1875 5848 ἀνορω-

297 5925 396 5997 (m)
427 5923 632 5983 Matth.
669 5939 786 5990 xxx,
815 5924 904 5981 21.
986 5922 1062 5996 (η)
1092 5923 1263 5994 Ibid.,
1301 5924 1381 5978 l2.

1461 5922 1534 5995 (0)
1568 5922 1589 5978 Ι
1619 5924 1746 5978 Cor.
1779 5938 1880 5992 vu,
1914 5919 2008 5992 32,
2038 5919 2127 5976 33.

1995 4627 2262 4683 doctrina
2302 4631 2674 4691 concordare,
2711 4627 3142 4686 observandum
3194 4633 3378 4683 estex
3411 4627 3648 4682 illorum

1997 4699 2168 4754 dictis
2199 4700 2490 4769 duplicem
2543 4700 2735 4769 colligi
2780 4704 3102 4769 justorum,
3134 4701 3309 4755 etiam
3345 4699 3647 4765 laicorum,

1991 4771 2166 4825 vitam
2203 4788 2213 4824 :
2249 4790 2423 4826 uuam
2481 4773 2784 4826 indivisam
2837 4780 2894 4827 et
2927 4774 3028 4828 uni
3085 4772 3200 4827 Deo
3232 4772 3648 4838 adhaerentem,

1993 4842 2265 4897 alterram
2312 4844 2556 4898 divisam
2585 4851 2639 4899 et
2670 4845 2725 4896 in
2760 4845 2918 4898 varia
2949 4844 3285 4898 distractam
3309 4863 3322 4910 ;
3345 4848 3401 4898 et
3431 4842 3654 4898 utrius-

1993 4932 2105 4987 que
2136 4916 2456 4987 quamdam
2488 4915 2645 4970 velut
2676 4915 2990 4984 imaginem
3036 4914 3100 4987 iu
3130 4915 3248 4970 illis
3277 4914 3491 4987 Christi
3524 4931 3648 4969 ver-

1991 4986 2083 5041 bis
2117 4985 2592 5056 reprazsentatam
2629 5003 2640 5040 :
2675 4988 2909 5052 Martha,
2935 4985 3177 5051 Martha,
3202 4985 3453 5042 sollicita
3497 5002 3572 5046 es,
3602 4989 3653 5041 et

2003 5059 2250 5113 turbaris
2279 5076 2411 5124 erga
2441 5061 2559 5129 plu;
2575 5062 2710 5113 ima.
2743 5061 2916 5114 Porro
2948 5075 3123 5113 unum
3152 5063 3231 5113 est
3259 5059 3650 5112 necessarium.

1991 5132 2163 5185 Maria
2197 5131 2467 5202 optimam
2494 5139 2709 5201 partem
2739 5133 2924 5201 elegit,
2957 5144 3081 5200 quae
3120 5146 3230 5185 non
3260 5129 3555 5202 auferetur
3583 5132 3653 5185 ab

1992 5220 2057 5256 ea
2088 5205 2167 5271 (p)
2195 5200 2317 5270 {ita
2349 5208 2411 5256 ut
2444 5200 2501 5257 in
2547 5202 2778 5257 Mattha
2822 5200 3166 5270 designetur
3216 5201 3334 5255 vita
3383 5200 3568 5255 divisa
3597 5206 3654 5256 et

1992 5273 2244 5329 sollicita
2276 5275 2552 5344 curisque
2583 5274 2837 5329 externis
2868 5275 3190 5344 distracta,
3221 5289 3352 5341 qum
3383 5277 3440 5327 et
3469 5273 3656 5328 activa

1992 5345 2140 5402 solet
2165 5347 2443 5415 appellari
2461 5343 2478 5412 7;
2515 5346 2572 5399 in
2606 5346 2787 5400 Maria
2803 5352 3001 5400 autem
3022 5343 3270 5414 simplex
3291 5347 3349 5399 et
3374 5345 3652 5413 indivisa,

1990 5424 2047 5473 et
2081 5418 2175 5472 uni
2211 5418 2316 5485 illi,
2350 5419 2502 5488 quod
2549 5423 2636 5470 est
2683 5421 3101 5478 necessarium,
3146 5417 3407 5482 intenta;
3444 5422 3502 5471 et
3532 5417 3655 5472 haec

1989 5495 2098 5556 est,
2134 5508 2259 5561 qum
2293 5487 2450 5546 caret
2480 5489 2897 5555 sollicitudine,
2933 5495 2989 5544 et
3019 5487 3473 5561 contemplativa
3505 5489 3652 5543 dici-

1987 5567 2102 5616 tur.
2129 5560 2209 5616 Ad
2247 5563 2395 5617 hanc
2425 5562 2802 5633 posteriorem
2833 5561 3100 5616 hortatur
3123 5560 3364 5625 Paulus,
3387 5577 3520 5616 cum
3557 5561 3649 5614 di-

1988 5635 2067 5689 cit
2099 5651 2110 5688 :
2154 5635 2272 5688 Volo
2303 5639 2486 5689 autem
2531 5649 2619 5688 vos
2647 5633 2767 5687 sine
2809 5633 3200 5687 sollicitudine
3231 5650 3365 5686 esse.
3401 5633 3508 5698 Qui
3533 5633 3652 5686 sine

1987 5723 2162 5761 uxore
2192 5712 2292 5769 est,
2326 5706 2595 5761 sollicitus
2623 5711 2699 5758 est
2749 5720 2874 5773 qua?
2931 5704 3156 5759 Domini
3199 5712 3349 5770 sunt,
3385 5703 3646 5773 quomodo

1985 5779 2206 5848 placeat
2235 5780 2337 5833 Deo
2361 5780 2456 5850 (ᾳ).
2484 5778 2707 5844 Quibus
2742 5777 2797 5830 in
2836 5776 3027 5831 verbis
3053 5775 3213 5830 illam
3243 5774 3549 5830 denuntiat
3569 5775 3645 5829 vi-

2207 5921 2286 5993 (p)
2318 5922 2456 5978 Luc.
2489 5939 2544 5992 x,
2577 5923 2663 5980 41.
2748 5920 2822 5994 (q)
2859 5919 3036 5979 ICor.
3068 5936 3169 5986 vn,
3203 5917 3298 5991 32,
3329 5918 3425 5978 33.
